  <div class='ocr_page' id='page_1' title='image "/cluster/home/n/w/nwhite01/storage/ocr_20150623/116/nnc1.0046980156/463.png"; bbox 0 0 4242 6442; ppageno 0'>
   <div class='ocr_carea' id='block_1_1' title="bbox 804 393 918 459">
    <p class='ocr_par' dir='ltr' id='par_1_1' title="bbox 804 393 918 459">
     <span class='ocr_line' id='line_1_1' title="bbox 804 393 918 459; baseline -0.009 0"><span class='ocrx_word' id='word_1_1' title='bbox 804 393 918 459; x_wconf 72' lang='lat'><strong>803</strong></span> 
     </span>
    </p>
   </div>
   <div class='ocr_carea' id='block_1_2' title="bbox 1926 377 2910 442">
    <p class='ocr_par' dir='ltr' id='par_1_2' title="bbox 1926 377 2910 442">
     <span class='ocr_line' id='line_1_2' title="bbox 1926 377 2910 442; baseline 0.001 -2"><span class='ocrx_word' id='word_1_2' title='bbox 1926 380 2306 442; x_wconf 68' lang='lat' dir='ltr'><strong>ADDENDA.</strong></span> <span class='ocrx_word' id='word_1_3' title='bbox 2350 399 2418 413; x_wconf 79' lang='grc'><strong>-</strong></span> <span class='ocrx_word' id='word_1_4' title='bbox 2455 377 2910 441; x_wconf 76' lang='lat' dir='ltr'><strong>JANUARIUS.</strong></span> 
     </span>
    </p>
   </div>
   <div class='ocr_carea' id='block_1_3' title="bbox 3969 375 4082 440">
    <p class='ocr_par' dir='ltr' id='par_1_3' title="bbox 3969 375 4082 440">
     <span class='ocr_line' id='line_1_3' title="bbox 3969 375 4082 440; baseline 0 0"><span class='ocrx_word' id='word_1_5' title='bbox 3969 375 4082 440; x_wconf 64' lang='lat'><strong>804</strong></span> 
     </span>
    </p>
   </div>
   <div class='ocr_carea' id='block_1_4' title="bbox 808 487 2551 575">
    <p class='ocr_par' dir='ltr' id='par_1_4' title="bbox 808 489 2551 575">
     <span class='ocr_line' id='line_1_4' title="bbox 808 489 2551 575; baseline -0.009 -18"><span class='ocrx_word' id='word_1_6' title='bbox 808 505 1029 575; x_wconf 84' lang='lat' dir='ltr'><strong>gionem</strong></span> <span class='ocrx_word' id='word_1_7' title='bbox 1062 497 1417 556; x_wconf 66' lang='lat' dir='ltr'><strong>sectabantur</strong></span> <span class='ocrx_word' id='word_1_8' title='bbox 1439 490 2144 551; x_wconf 69' lang='lat' dir='ltr'><strong>Cbristianamarbitrabar</strong></span> <span class='ocrx_word' id='word_1_9' title='bbox 2167 490 2371 558; x_wconf 89' lang='lat' dir='ltr'><strong>decipi,</strong></span> <span class='ocrx_word' id='word_1_10' title='bbox 2400 496 2452 558; x_wconf 74' lang='grc' dir='ltr'><strong>Α</strong></span> <span class='ocrx_word' id='word_1_11' title='bbox 2473 489 2551 543; x_wconf 77' lang='grc' dir='ltr'><strong>πίε</strong></span> 
     </span>
    </p>
   </div>
   <div class='ocr_carea' id='block_1_5' title="bbox 2485 487 4070 575">
    <p class='ocr_par' dir='ltr' id='par_1_5' title="bbox 2485 487 4070 561">
     <span class='ocr_line' id='line_1_5' title="bbox 2485 487 4070 561; baseline 0.002 -18"><span class='ocrx_word' id='word_1_12' title='bbox 2485 489 2714 553; x_wconf 76' lang='grc' dir='ltr'><strong>πίστεως</strong></span> <span class='ocrx_word' id='word_1_13' title='bbox 2753 490 2928 558; x_wconf 81' lang='grc' dir='ltr'><strong>ιγνων</strong></span> <span class='ocrx_word' id='word_1_14' title='bbox 2955 488 3034 554; x_wconf 79' lang='grc' dir='ltr'><strong>ὦς</strong></span> <span class='ocrx_word' id='word_1_15' title='bbox 3081 489 3260 560; x_wconf 88' lang='grc' dir='ltr'><strong>σεμνά</strong></span> <span class='ocrx_word' id='word_1_16' title='bbox 3295 506 3421 545; x_wconf 84' lang='grc' dir='ltr'><strong>τινα</strong></span> <span class='ocrx_word' id='word_1_17' title='bbox 3473 491 3570 546; x_wconf 75' lang='grc' dir='ltr'><strong>καὶ</strong></span> <span class='ocrx_word' id='word_1_18' title='bbox 3599 491 3904 561; x_wconf 76' lang='grc' dir='ltr'><strong>σεδάσμια,</strong></span> <span class='ocrx_word' id='word_1_19' title='bbox 3942 487 4070 546; x_wconf 74' lang='lat' dir='ltr'><strong>m’</strong></span> 
     </span>
    </p>
   </div>
   <div class='ocr_carea' id='block_1_6' title="bbox 811 583 2380 655">
    <p class='ocr_par' dir='ltr' id='par_1_6' title="bbox 811 583 2380 655">
     <span class='ocr_line' id='line_1_6' title="bbox 811 583 2380 655; baseline -0.01 -6"><span class='ocrx_word' id='word_1_20' title='bbox 811 602 997 648; x_wconf 83' lang='lat' dir='ltr'><strong>etnon</strong></span> <span class='ocrx_word' id='word_1_21' title='bbox 1019 607 1143 648; x_wconf 88' lang='lat' dir='ltr'><strong>esse</strong></span> <span class='ocrx_word' id='word_1_22' title='bbox 1164 605 1308 645; x_wconf 65' lang='lat' dir='ltr'><strong>sane</strong></span> <span class='ocrx_word' id='word_1_23' title='bbox 1325 589 1546 644; x_wconf 89' lang='lat' dir='ltr'><strong>mentis.</strong></span> <span class='ocrx_word' id='word_1_24' title='bbox 1568 587 1862 655; x_wconf 73' lang='lat' dir='ltr'><strong>Postquam</strong></span> <span class='ocrx_word' id='word_1_25' title='bbox 1890 593 2074 639; x_wconf 90' lang='lat' dir='ltr'><strong>autem</strong></span> <span class='ocrx_word' id='word_1_26' title='bbox 2100 583 2380 654; x_wconf 87' lang='lat' dir='ltr'><strong>egregium</strong></span> 
     </span>
    </p>
   </div>
   <div class='ocr_carea' id='block_1_7' title="bbox 806 675 2380 746">
    <p class='ocr_par' dir='ltr' id='par_1_7' title="bbox 806 675 2380 746">
     <span class='ocr_line' id='line_1_7' title="bbox 806 675 2380 746; baseline -0.01 -5"><span class='ocrx_word' id='word_1_27' title='bbox 806 685 1050 741; x_wconf 83' lang='lat' dir='ltr'><strong>conveni</strong></span> <span class='ocrx_word' id='word_1_28' title='bbox 1085 681 1493 743; x_wconf 87' lang='lat' dir='ltr'><strong>Sebastianum,</strong></span> <span class='ocrx_word' id='word_1_29' title='bbox 1521 679 1701 732; x_wconf 89' lang='lat' dir='ltr'><strong>virum</strong></span> <span class='ocrx_word' id='word_1_30' title='bbox 1735 677 2028 746; x_wconf 72' lang='lat' dir='ltr'><strong>insignem,</strong></span> <span class='ocrx_word' id='word_1_31' title='bbox 2063 688 2120 731; x_wconf 92' lang='lat' dir='ltr'><strong>et</strong></span> <span class='ocrx_word' id='word_1_32' title='bbox 2144 675 2238 744; x_wconf 89' lang='lat' dir='ltr'><strong>qui</strong></span> <span class='ocrx_word' id='word_1_33' title='bbox 2271 681 2380 736; x_wconf 90' lang='lat' dir='ltr'><strong>est,</strong></span> 
     </span>
    </p>
   </div>
   <div class='ocr_carea' id='block_1_8' title="bbox 809 765 2382 845">
    <p class='ocr_par' dir='ltr' id='par_1_8' title="bbox 809 765 2382 845">
     <span class='ocr_line' id='line_1_8' title="bbox 809 765 2382 845; baseline -0.008 -13"><span class='ocrx_word' id='word_1_34' title='bbox 809 785 874 832; x_wconf 86' lang='lat' dir='ltr'><strong>ut</strong></span> <span class='ocrx_word' id='word_1_35' title='bbox 894 776 1022 839; x_wconf 90' lang='lat' dir='ltr'><strong>seis,</strong></span> <span class='ocrx_word' id='word_1_36' title='bbox 1039 789 1234 845; x_wconf 82' lang='lat' dir='ltr'><strong>magno</strong></span> <span class='ocrx_word' id='word_1_37' title='bbox 1247 770 1433 827; x_wconf 91' lang='lat' dir='ltr'><strong>studio</strong></span> <span class='ocrx_word' id='word_1_38' title='bbox 1451 769 1895 841; x_wconf 69' lang='lat' dir='ltr'><strong>imperatoribus,</strong></span> <span class='ocrx_word' id='word_1_39' title='bbox 1913 778 1967 822; x_wconf 90' lang='lat' dir='ltr'><strong>et</strong></span> <span class='ocrx_word' id='word_1_40' title='bbox 1990 767 2059 822; x_wconf 93' lang='lat' dir='ltr'><strong>ab</strong></span> <span class='ocrx_word' id='word_1_41' title='bbox 2082 767 2200 838; x_wconf 87' lang='lat' dir='ltr'><strong>ipso</strong></span> <span class='ocrx_word' id='word_1_42' title='bbox 2212 765 2382 821; x_wconf 83' lang='lat' dir='ltr'><strong>didici</strong></span> 
     </span>
    </p>
   </div>
   <div class='ocr_carea' id='block_1_9' title="bbox 809 859 2382 939">
    <p class='ocr_par' dir='ltr' id='par_1_9' title="bbox 809 859 2382 939">
     <span class='ocr_line' id='line_1_9' title="bbox 809 859 2382 939; baseline -0.008 -16"><span class='ocrx_word' id='word_1_43' title='bbox 809 882 982 939; x_wconf 71' lang='lat' dir='ltr'><strong>quam</strong></span> <span class='ocrx_word' id='word_1_44' title='bbox 1018 865 1094 922; x_wconf 84' lang='lat' dir='ltr'><strong>sit</strong></span> <span class='ocrx_word' id='word_1_45' title='bbox 1141 865 1374 919; x_wconf 86' lang='lat' dir='ltr'><strong>honesta</strong></span> <span class='ocrx_word' id='word_1_46' title='bbox 1423 871 1481 918; x_wconf 84' lang='lat' dir='ltr'><strong>et</strong></span> <span class='ocrx_word' id='word_1_47' title='bbox 1528 859 1839 916; x_wconf 87' lang='lat' dir='ltr'><strong>veneranda</strong></span> <span class='ocrx_word' id='word_1_48' title='bbox 1885 859 2040 916; x_wconf 82' lang='lat' dir='ltr'><strong>tides.</strong></span> <span class='ocrx_word' id='word_1_49' title='bbox 2084 869 2141 913; x_wconf 87' lang='lat' dir='ltr'><strong>et</strong></span> <span class='ocrx_word' id='word_1_50' title='bbox 2174 874 2285 912; x_wconf 90' lang='lat' dir='ltr'><strong>non</strong></span> <span class='ocrx_word' id='word_1_51' title='bbox 2320 866 2382 910; x_wconf 91' lang='lat' dir='ltr'><strong>ut</strong></span> 
     </span>
    </p>
   </div>
   <div class='ocr_carea' id='block_1_10' title="bbox 810 950 2385 1026">
    <p class='ocr_par' dir='ltr' id='par_1_10' title="bbox 810 950 2385 1026">
     <span class='ocr_line' id='line_1_10' title="bbox 810 950 2385 1026; baseline -0.007 -11"><span class='ocrx_word' id='word_1_52' title='bbox 810 970 1004 1015; x_wconf 82' lang='lat' dir='ltr'><strong>nostra</strong></span> <span class='ocrx_word' id='word_1_53' title='bbox 1040 955 1382 1026; x_wconf 85' lang='lat' dir='ltr'><strong>superstitio,</strong></span> <span class='ocrx_word' id='word_1_54' title='bbox 1421 954 1644 1011; x_wconf 88' lang='lat' dir='ltr'><strong>sordida</strong></span> <span class='ocrx_word' id='word_1_55' title='bbox 1671 962 1731 1007; x_wconf 82' lang='lat' dir='ltr'><strong>et</strong></span> <span class='ocrx_word' id='word_1_56' title='bbox 1772 952 1984 1018; x_wconf 86' lang='lat' dir='ltr'><strong>odiosa,</strong></span> <span class='ocrx_word' id='word_1_57' title='bbox 2017 950 2186 1006; x_wconf 78' lang='lat' dir='ltr'><strong>didici</strong></span> <span class='ocrx_word' id='word_1_58' title='bbox 2214 965 2385 1020; x_wconf 90' lang='lat' dir='ltr'><strong>expe-</strong></span> 
     </span>
    </p>
   </div>
   <div class='ocr_carea' id='block_1_11' title="bbox 2486 577 4076 655">
    <p class='ocr_par' dir='ltr' id='par_1_11' title="bbox 2486 577 4076 655">
     <span class='ocr_line' id='line_1_11' title="bbox 2486 577 4076 655; baseline 0 -19"><span class='ocrx_word' id='word_1_59' title='bbox 2486 583 2585 653; x_wconf 84' lang='grc' dir='ltr'><strong>οῠχ</strong></span> <span class='ocrx_word' id='word_1_60' title='bbox 2615 577 2702 635; x_wconf 77' lang='grc' dir='ltr'><strong>οἷα</strong></span> <span class='ocrx_word' id='word_1_61' title='bbox 2731 584 2798 638; x_wconf 87' lang='grc' dir='ltr'><strong>τά</strong></span> <span class='ocrx_word' id='word_1_62' title='bbox 2825 583 3090 653; x_wconf 70' lang='grc' dir='ltr'><strong>ὑμέτερα,</strong></span> <span class='ocrx_word' id='word_1_63' title='bbox 3130 583 3354 654; x_wconf 75' lang='grc' dir='ltr'><strong>ῥυπαρά</strong></span> <span class='ocrx_word' id='word_1_64' title='bbox 3383 599 3443 637; x_wconf 91' lang='grc' dir='ltr'><strong>τε</strong></span> <span class='ocrx_word' id='word_1_65' title='bbox 3469 585 3566 638; x_wconf 77' lang='grc' dir='ltr'><strong>καὶ</strong></span> <span class='ocrx_word' id='word_1_66' title='bbox 3599 584 3853 655; x_wconf 75' lang='grc' dir='ltr'><strong>Ιμμυσα,</strong></span> <span class='ocrx_word' id='word_1_67' title='bbox 3889 585 4076 655; x_wconf 50' lang='grc' dir='ltr'><strong>πείρα</strong></span> 
     </span>
    </p>
   </div>
   <div class='ocr_carea' id='block_1_12' title="bbox 2490 673 4081 745">
    <p class='ocr_par' dir='ltr' id='par_1_12' title="bbox 2490 673 4081 745">
     <span class='ocr_line' id='line_1_12' title="bbox 2490 673 4081 745; baseline 0.002 -19"><span class='ocrx_word' id='word_1_68' title='bbox 2490 673 2788 745; x_wconf 84' lang='grc' dir='ltr'><strong>μεμάθηκα</strong></span> <span class='ocrx_word' id='word_1_69' title='bbox 2811 675 2935 728; x_wconf 84' lang='grc' dir='ltr'><strong>τίνα</strong></span> <span class='ocrx_word' id='word_1_70' title='bbox 2965 675 3048 728; x_wconf 90' lang='grc' dir='ltr'><strong>δεῖ</strong></span> <span class='ocrx_word' id='word_1_71' title='bbox 3074 674 3257 728; x_wconf 74' lang='grc' dir='ltr'><strong>σίδειν</strong></span> <span class='ocrx_word' id='word_1_72' title='bbox 3284 676 3442 742; x_wconf 82' lang='grc' dir='ltr'><strong>Θεὸν,</strong></span> <span class='ocrx_word' id='word_1_73' title='bbox 3471 675 3533 728; x_wconf 85' lang='grc' dir='ltr'><strong>δν</strong></span> <span class='ocrx_word' id='word_1_74' title='bbox 3560 677 3612 727; x_wconf 89' lang='grc' dir='ltr'><strong>οί</strong></span> <span class='ocrx_word' id='word_1_75' title='bbox 3637 674 4003 744; x_wconf 79' lang='grc' dir='ltr'><strong>ἀγνοοῦντες,</strong></span> <span class='ocrx_word' id='word_1_76' title='bbox 4031 679 4081 729; x_wconf 85' lang='grc' dir='ltr'><strong>ει</strong></span> 
     </span>
    </p>
   </div>
   <div class='ocr_carea' id='block_1_13' title="bbox 2488 766 4084 839">
    <p class='ocr_par' dir='ltr' id='par_1_13' title="bbox 2488 766 4084 839">
     <span class='ocr_line' id='line_1_13' title="bbox 2488 766 4084 839; baseline 0.001 -20"><span class='ocrx_word' id='word_1_77' title='bbox 2488 767 2563 839; x_wconf 79' lang='grc' dir='ltr'><strong>μὴ</strong></span> <span class='ocrx_word' id='word_1_78' title='bbox 2587 766 2860 836; x_wconf 78' lang='grc' dir='ltr'><strong>τολμηρὸν</strong></span> <span class='ocrx_word' id='word_1_79' title='bbox 2883 769 3084 834; x_wconf 79' lang='grc' dir='ltr'><strong>είπεῖν,</strong></span> <span class='ocrx_word' id='word_1_80' title='bbox 3109 767 3335 821; x_wconf 77' lang='grc' dir='ltr'><strong>ιλεεινοὶ</strong></span> <span class='ocrx_word' id='word_1_81' title='bbox 3365 769 3465 838; x_wconf 85' lang='grc' dir='ltr'><strong>τῆς</strong></span> <span class='ocrx_word' id='word_1_82' title='bbox 3499 767 3730 834; x_wconf 77' lang='grc' dir='ltr'><strong>πλάνης,</strong></span> <span class='ocrx_word' id='word_1_83' title='bbox 3747 767 4084 837; x_wconf 72' lang='grc' dir='ltr'><strong>ὀιπαρχος</strong></span> 
     </span>
    </p>
   </div>
   <div class='ocr_carea' id='block_1_14' title="bbox 2482 856 4081 932">
    <p class='ocr_par' dir='ltr' id='par_1_14' title="bbox 2482 856 4081 932">
     <span class='ocr_line' id='line_1_14' title="bbox 2482 856 4081 932; baseline 0 -19"><span class='ocrx_word' id='word_1_84' title='bbox 2482 856 2604 914; x_wconf 82' lang='grc' dir='ltr'><strong>είπε</strong></span> <span class='ocrx_word' id='word_1_85' title='bbox 2628 877 2643 892; x_wconf 89' lang='grc'><strong>·</strong></span> <span class='ocrx_word' id='word_1_86' title='bbox 2699 862 2810 913; x_wconf 76' lang='grc' dir='ltr'><strong>Καὶ</strong></span> <span class='ocrx_word' id='word_1_87' title='bbox 2840 863 2952 914; x_wconf 87' lang='grc' dir='ltr'><strong>τίσι</strong></span> <span class='ocrx_word' id='word_1_88' title='bbox 2999 860 3181 930; x_wconf 78' lang='grc' dir='ltr'><strong>λόγοις</strong></span> <span class='ocrx_word' id='word_1_89' title='bbox 3229 860 3262 932; x_wconf 73' lang='grc' dir='ltr'>ἦ</span> <span class='ocrx_word' id='word_1_90' title='bbox 3309 860 3493 930; x_wconf 76' lang='grc' dir='ltr'><strong>ιργοις</strong></span> <span class='ocrx_word' id='word_1_91' title='bbox 3542 861 3874 930; x_wconf 77' lang='grc' dir='ltr'><strong>πειθόμενος</strong></span> <span class='ocrx_word' id='word_1_92' title='bbox 3928 860 4081 913; x_wconf 70' lang='grc' dir='ltr'><strong>οὕτω</strong></span> 
     </span>
    </p>
   </div>
   <div class='ocr_carea' id='block_1_15' title="bbox 2489 947 4080 1020">
    <p class='ocr_par' dir='ltr' id='par_1_15' title="bbox 2489 947 4080 1020">
     <span class='ocr_line' id='line_1_15' title="bbox 2489 947 4080 1020; baseline 0.003 -21"><span class='ocrx_word' id='word_1_93' title='bbox 2489 947 2826 1018; x_wconf 73' lang='grc' dir='ltr'><strong>μετεϐλήθης</strong></span> <span class='ocrx_word' id='word_1_94' title='bbox 2854 950 2932 1012; x_wconf 80' lang='grc' dir='ltr'><strong>ὡς</strong></span> <span class='ocrx_word' id='word_1_95' title='bbox 2979 951 3076 1003; x_wconf 82' lang='grc' dir='ltr'><strong>καὶ</strong></span> <span class='ocrx_word' id='word_1_96' title='bbox 3268 951 3631 1020; x_wconf 67' lang='grc' dir='ltr'><strong>προσανέχειν</strong></span> <span class='ocrx_word' id='word_1_97' title='bbox 3684 951 3791 1004; x_wconf 64' lang='lat' dir='ltr'><strong>sua</strong></span> <span class='ocrx_word' id='word_1_98' title='bbox 3825 951 4080 1020; x_wconf 68' lang='grc' dir='ltr'><strong>σταυρὸν</strong></span> 
     </span>
    </p>
   </div>
   <div class='ocr_carea' id='block_1_16' title="bbox 2485 1039 4079 1113">
    <p class='ocr_par' dir='ltr' id='par_1_16' title="bbox 2485 1039 4079 1113">
     <span class='ocr_line' id='line_1_16' title="bbox 2485 1039 4079 1113; baseline -0.001 -18"><span class='ocrx_word' id='word_1_99' title='bbox 2485 1039 2718 1104; x_wconf 74' lang='grc' dir='ltr'><strong>ιλθόντι,</strong></span> <span class='ocrx_word' id='word_1_100' title='bbox 2746 1042 2840 1094; x_wconf 76' lang='grc' dir='ltr'><strong>καὶ</strong></span> <span class='ocrx_word' id='word_1_101' title='bbox 2854 1041 3025 1095; x_wconf 78' lang='grc' dir='ltr'><strong>τάλλα</strong></span> <span class='ocrx_word' id='word_1_102' title='bbox 3043 1042 3268 1096; x_wconf 76' lang='grc' dir='ltr'><strong>παθόντι</strong></span> <span class='ocrx_word' id='word_1_103' title='bbox 3305 1045 3374 1096; x_wconf 87' lang='grc' dir='ltr'><strong>τά</strong></span> <span class='ocrx_word' id='word_1_104' title='bbox 3397 1043 3776 1109; x_wconf 63' lang='grc' dir='ltr'><strong>ἐπονείδιστας</strong></span> <span class='ocrx_word' id='word_1_105' title='bbox 3799 1041 4079 1113; x_wconf 75' lang='grc' dir='ltr'><strong>τραγκυ-</strong></span> 
     </span>
    </p>
   </div>
   <div class='ocr_carea' id='block_1_17' title="bbox 2485 1129 4079 1205">
    <p class='ocr_par' dir='ltr' id='par_1_17' title="bbox 2485 1129 4079 1205">
     <span class='ocr_line' id='line_1_17' title="bbox 2485 1129 4079 1205; baseline -0.001 -19"><span class='ocrx_word' id='word_1_106' title='bbox 2485 1133 2628 1194; x_wconf 86' lang='grc' dir='ltr'><strong>λῖνος</strong></span> <span class='ocrx_word' id='word_1_107' title='bbox 2651 1129 2824 1186; x_wconf 79' lang='grc' dir='ltr'><strong>εἶπεν·</strong></span> <span class='ocrx_word' id='word_1_108' title='bbox 2850 1132 2913 1186; x_wconf 77' lang='lat' dir='ltr'><strong>Ei</strong></span> <span class='ocrx_word' id='word_1_109' title='bbox 2934 1133 3274 1197; x_wconf 75' lang='grc' dir='ltr'><strong>ἀνεξικάκως</strong></span> <span class='ocrx_word' id='word_1_110' title='bbox 3295 1134 3516 1205; x_wconf 66' lang='grc' dir='ltr'><strong>ἢκουες,</strong></span> <span class='ocrx_word' id='word_1_111' title='bbox 3539 1130 3585 1186; x_wconf 78' lang='grc' dir='ltr'><strong>ὦ</strong></span> <span class='ocrx_word' id='word_1_112' title='bbox 3607 1135 3868 1198; x_wconf 89' lang='grc' dir='ltr'><strong>δικαστά,</strong></span> <span class='ocrx_word' id='word_1_113' title='bbox 3891 1134 4079 1195; x_wconf 68' lang='lat' dir='ltr'><strong>Iastia</strong></span> 
     </span>
    </p>
   </div>
   <div class='ocr_carea' id='block_1_18' title="bbox 2484 1223 4078 1295">
    <p class='ocr_par' dir='ltr' id='par_1_18' title="bbox 2484 1223 4078 1295">
     <span class='ocr_line' id='line_1_18' title="bbox 2484 1223 4078 1295; baseline -0.001 -17"><span class='ocrx_word' id='word_1_114' title='bbox 2484 1223 2550 1278; x_wconf 66' lang='grc' dir='ltr'><strong>ἄν</strong></span> <span class='ocrx_word' id='word_1_115' title='bbox 2581 1240 2663 1276; x_wconf 85' lang='grc' dir='ltr'><strong>σοι</strong></span> <span class='ocrx_word' id='word_1_116' title='bbox 2686 1224 2774 1275; x_wconf 79' lang='grc' dir='ltr'><strong>τὸν</strong></span> <span class='ocrx_word' id='word_1_117' title='bbox 2797 1224 3213 1295; x_wconf 66' lang='grc' dir='ltr'><strong>ἐσταυρωμένον</strong></span> <span class='ocrx_word' id='word_1_118' title='bbox 3238 1225 3427 1279; x_wconf 88' lang='grc' dir='ltr'><strong>τοῦτον</strong></span> <span class='ocrx_word' id='word_1_119' title='bbox 3445 1225 3538 1278; x_wconf 78' lang='grc' dir='ltr'><strong>τὸν</strong></span> <span class='ocrx_word' id='word_1_120' title='bbox 3558 1225 3691 1278; x_wconf 82' lang='grc' dir='ltr'><strong>Θεδν</strong></span> <span class='ocrx_word' id='word_1_121' title='bbox 3720 1227 3856 1278; x_wconf 82' lang='grc' dir='ltr'><strong>δντα</strong></span> <span class='ocrx_word' id='word_1_122' title='bbox 3881 1224 4078 1293; x_wconf 75' lang='grc' dir='ltr'><strong>ἀληθι-</strong></span> 
     </span>
    </p>
   </div>
   <div class='ocr_carea' id='block_1_19' title="bbox 2483 1315 4093 1387">
    <p class='ocr_par' dir='ltr' id='par_1_19' title="bbox 2483 1315 4093 1387">
     <span class='ocr_line' id='line_1_19' title="bbox 2483 1315 4093 1387; baseline -0.001 -20"><span class='ocrx_word' id='word_1_123' title='bbox 2483 1315 2574 1368; x_wconf 82' lang='grc' dir='ltr'><strong>νδν</strong></span> <span class='ocrx_word' id='word_1_124' title='bbox 2603 1317 2700 1368; x_wconf 82' lang='grc' dir='ltr'><strong>καὶ</strong></span> <span class='ocrx_word' id='word_1_125' title='bbox 2732 1315 2915 1385; x_wconf 81' lang='grc' dir='ltr'><strong>πάσης</strong></span> <span class='ocrx_word' id='word_1_126' title='bbox 2946 1317 3184 1385; x_wconf 80' lang='grc' dir='ltr'><strong>ἀοράτου</strong></span> <span class='ocrx_word' id='word_1_127' title='bbox 3219 1317 3316 1370; x_wconf 79' lang='grc' dir='ltr'><strong>καὶ</strong></span> <span class='ocrx_word' id='word_1_128' title='bbox 3342 1317 3543 1387; x_wconf 84' lang='grc' dir='ltr'><strong>ὁρατῆς</strong></span> <span class='ocrx_word' id='word_1_129' title='bbox 3577 1316 3922 1378; x_wconf 73' lang='grc' dir='ltr'><strong>δεσπόζοντα</strong></span> <span class='ocrx_word' id='word_1_130' title='bbox 3959 1316 4093 1387; x_wconf 25' lang='grc' dir='ltr'><strong>κτίο-</strong></span> 
     </span>
    </p>
   </div>
   <div class='ocr_carea' id='block_1_20' title="bbox 812 1042 2380 1119">
    <p class='ocr_par' dir='ltr' id='par_1_20' title="bbox 812 1042 2380 1119">
     <span class='ocr_line' id='line_1_20' title="bbox 812 1042 2380 1119; baseline -0.006 -14"><span class='ocrx_word' id='word_1_131' title='bbox 812 1051 1008 1105; x_wconf 86' lang='lat' dir='ltr'><strong>rientia</strong></span> <span class='ocrx_word' id='word_1_132' title='bbox 1053 1064 1217 1119; x_wconf 82' lang='lat' dir='ltr'><strong>quem</strong></span> <span class='ocrx_word' id='word_1_133' title='bbox 1263 1049 1434 1102; x_wconf 84' lang='lat' dir='ltr'><strong>Deum</strong></span> <span class='ocrx_word' id='word_1_134' title='bbox 1487 1045 1673 1102; x_wconf 81' lang='lat' dir='ltr'><strong>colere</strong></span> <span class='ocrx_word' id='word_1_135' title='bbox 1719 1052 1990 1114; x_wconf 72' lang='lat' dir='ltr'><strong>oporteat.</strong></span> <span class='ocrx_word' id='word_1_136' title='bbox 2050 1043 2223 1110; x_wconf 85' lang='lat' dir='ltr'><strong>Quem</strong></span> <span class='ocrx_word' id='word_1_137' title='bbox 2282 1042 2380 1112; x_wconf 86' lang='lat' dir='ltr'><strong>qui</strong></span> 
     </span>
    </p>
   </div>
   <div class='ocr_carea' id='block_1_21' title="bbox 812 1137 2378 1210">
    <p class='ocr_par' dir='ltr' id='par_1_21' title="bbox 812 1137 2378 1210">
     <span class='ocr_line' id='line_1_21' title="bbox 812 1137 2378 1210; baseline -0.004 -15"><span class='ocrx_word' id='word_1_138' title='bbox 812 1142 1086 1210; x_wconf 85' lang='lat' dir='ltr'><strong>ignorant.</strong></span> <span class='ocrx_word' id='word_1_139' title='bbox 1129 1140 1175 1194; x_wconf 86' lang='lat' dir='ltr'><strong>si</strong></span> <span class='ocrx_word' id='word_1_140' title='bbox 1217 1139 1299 1192; x_wconf 80' lang='lat' dir='ltr'><strong>las</strong></span> <span class='ocrx_word' id='word_1_141' title='bbox 1344 1137 1416 1192; x_wconf 91' lang='lat' dir='ltr'><strong>sit</strong></span> <span class='ocrx_word' id='word_1_142' title='bbox 1448 1137 1653 1202; x_wconf 80' lang='lat' dir='ltr'><strong>dicere,</strong></span> <span class='ocrx_word' id='word_1_143' title='bbox 1695 1145 1821 1192; x_wconf 91' lang='lat' dir='ltr'><strong>sunt</strong></span> <span class='ocrx_word' id='word_1_144' title='bbox 1851 1144 2079 1206; x_wconf 81' lang='lat' dir='ltr'><strong>propter</strong></span> <span class='ocrx_word' id='word_1_145' title='bbox 2126 1150 2378 1191; x_wconf 90' lang='lat' dir='ltr'><strong>errorem</strong></span> 
     </span>
    </p>
   </div>
   <div class='ocr_carea' id='block_1_22' title="bbox 812 1229 2378 1299">
    <p class='ocr_par' dir='ltr' id='par_1_22' title="bbox 812 1229 2378 1299">
     <span class='ocr_line' id='line_1_22' title="bbox 812 1229 2378 1299; baseline -0.003 -11"><span class='ocrx_word' id='word_1_146' title='bbox 812 1233 1157 1289; x_wconf 77' lang='lat' dir='ltr'><strong>miserabiles</strong></span> <span class='ocrx_word' id='word_1_147' title='bbox 1193 1272 1208 1297; x_wconf 88' lang='lat'><strong>,</strong></span> <span class='ocrx_word' id='word_1_148' title='bbox 1245 1238 1302 1284; x_wconf 87' lang='lat' dir='ltr'><strong>et</strong></span> <span class='ocrx_word' id='word_1_149' title='bbox 1335 1245 1404 1284; x_wconf 91' lang='lat' dir='ltr'><strong>eo</strong></span> <span class='ocrx_word' id='word_1_150' title='bbox 1433 1231 1605 1299; x_wconf 85' lang='lat' dir='ltr'><strong>magis</strong></span> <span class='ocrx_word' id='word_1_151' title='bbox 1630 1231 1773 1299; x_wconf 89' lang='lat' dir='ltr'><strong>quod</strong></span> <span class='ocrx_word' id='word_1_152' title='bbox 1807 1229 1910 1284; x_wconf 89' lang='lat' dir='ltr'><strong>sibi</strong></span> <span class='ocrx_word' id='word_1_153' title='bbox 1940 1230 2232 1282; x_wconf 80' lang='lat' dir='ltr'><strong>videantur</strong></span> <span class='ocrx_word' id='word_1_154' title='bbox 2259 1243 2378 1284; x_wconf 87' lang='lat' dir='ltr'><strong>esse</strong></span> 
     </span>
    </p>
   </div>
   <div class='ocr_carea' id='block_1_23' title="bbox 812 1319 2374 1388">
    <p class='ocr_par' dir='ltr' id='par_1_23' title="bbox 812 1319 2374 1388">
     <span class='ocr_line' id='line_1_23' title="bbox 812 1319 2374 1388; baseline -0.003 -10"><span class='ocrx_word' id='word_1_155' title='bbox 812 1324 952 1385; x_wconf 87' lang='lat' dir='ltr'><strong>sani,</strong></span> <span class='ocrx_word' id='word_1_156' title='bbox 979 1337 1104 1376; x_wconf 91' lang='lat' dir='ltr'><strong>cum</strong></span> <span class='ocrx_word' id='word_1_157' title='bbox 1127 1337 1239 1376; x_wconf 88' lang='lat' dir='ltr'><strong>non</strong></span> <span class='ocrx_word' id='word_1_158' title='bbox 1265 1321 1376 1375; x_wconf 91' lang='lat' dir='ltr'><strong>sint</strong></span> <span class='ocrx_word' id='word_1_159' title='bbox 1403 1321 1521 1375; x_wconf 91' lang='lat' dir='ltr'><strong>sani</strong></span> <span class='ocrx_word' id='word_1_160' title='bbox 1553 1319 1831 1375; x_wconf 88' lang='lat' dir='ltr'><strong>sensibus.</strong></span> <span class='ocrx_word' id='word_1_161' title='bbox 1884 1319 2028 1373; x_wconf 81' lang='lat' dir='ltr'><strong>Dixit</strong></span> <span class='ocrx_word' id='word_1_162' title='bbox 2054 1319 2204 1372; x_wconf 87' lang='lat' dir='ltr'><strong>urbis</strong></span> <span class='ocrx_word' id='word_1_163' title='bbox 2233 1334 2374 1388; x_wconf 74' lang='lat' dir='ltr'><strong>pra:-</strong></span> 
     </span>
    </p>
   </div>
   <div class='ocr_carea' id='block_1_24' title="bbox 813 1403 2551 1481">
    <p class='ocr_par' dir='ltr' id='par_1_24' title="bbox 813 1410 2546 1481">
     <span class='ocr_line' id='line_1_24' title="bbox 813 1410 2546 1481; baseline -0.002 -14"><span class='ocrx_word' id='word_1_164' title='bbox 813 1414 989 1468; x_wconf 79' lang='lat' dir='ltr'><strong>iectus</strong></span> <span class='ocrx_word' id='word_1_165' title='bbox 1015 1431 1026 1467; x_wconf 93' lang='lat'>:</span> <span class='ocrx_word' id='word_1_166' title='bbox 1058 1413 1518 1481; x_wconf 88' lang='lat' dir='ltr'><strong>Dic,&#39;quibusnam</strong></span> <span class='ocrx_word' id='word_1_167' title='bbox 1543 1411 1727 1466; x_wconf 85' lang='lat' dir='ltr'><strong>verbis</strong></span> <span class='ocrx_word' id='word_1_168' title='bbox 1759 1411 1988 1464; x_wconf 81' lang='lat' dir='ltr'><strong>credens</strong></span> <span class='ocrx_word' id='word_1_169' title='bbox 2019 1418 2114 1464; x_wconf 90' lang='lat' dir='ltr'><strong>aut</strong></span> <span class='ocrx_word' id='word_1_170' title='bbox 2132 1410 2294 1464; x_wconf 74' lang='lat' dir='ltr'><strong>{setis</strong></span> <span class='ocrx_word' id='word_1_171' title='bbox 2323 1423 2385 1463; x_wconf 86' lang='lat' dir='ltr'><strong>es</strong></span> <span class='ocrx_word' id='word_1_172' title='bbox 2489 1419 2546 1457; x_wconf 79' lang='grc' dir='ltr'><strong>σε</strong></span> 
     </span>
    </p>
   </div>
   <div class='ocr_carea' id='block_1_25' title="bbox 2485 1403 4078 1481">
    <p class='ocr_par' dir='ltr' id='par_1_25' title="bbox 2489 1403 4078 1478">
     <span class='ocr_line' id='line_1_25' title="bbox 2489 1403 4078 1478; baseline -0.001 -21"><span class='ocrx_word' id='word_1_173' title='bbox 2489 1419 2647 1469; x_wconf 80' lang='grc' dir='ltr'><strong>σεως.</strong></span> <span class='ocrx_word' id='word_1_174' title='bbox 2685 1406 2749 1462; x_wconf 86' lang='lat'><strong>&#39;0</strong></span> <span class='ocrx_word' id='word_1_175' title='bbox 2805 1406 3043 1477; x_wconf 79' lang='grc' dir='ltr'><strong>ιπσρχος</strong></span> <span class='ocrx_word' id='word_1_176' title='bbox 3095 1403 3255 1460; x_wconf 79' lang='grc' dir='ltr'><strong>εἷπε’</strong></span> <span class='ocrx_word' id='word_1_177' title='bbox 3308 1408 3464 1461; x_wconf 72' lang='grc' dir='ltr'><strong>Μετὰ</strong></span> <span class='ocrx_word' id='word_1_178' title='bbox 3519 1408 3860 1478; x_wconf 71' lang='grc' dir='ltr'><strong>παρρησίας,</strong></span> <span class='ocrx_word' id='word_1_179' title='bbox 3907 1407 4078 1476; x_wconf 72' lang='grc' dir='ltr'><strong>μηδὲν</strong></span> 
     </span>
    </p>
   </div>
   <div class='ocr_carea' id='block_1_26' title="bbox 809 1495 2551 1574">
    <p class='ocr_par' dir='ltr' id='par_1_26' title="bbox 809 1495 2551 1574">
     <span class='ocr_line' id='line_1_26' title="bbox 809 1495 2551 1574; baseline -0.005 -15"><span class='ocrx_word' id='word_1_180' title='bbox 809 1507 950 1559; x_wconf 85' lang='lat' dir='ltr'><strong>adeo</strong></span> <span class='ocrx_word' id='word_1_181' title='bbox 983 1514 1245 1567; x_wconf 80' lang='lat' dir='ltr'><strong>mutatus,</strong></span> <span class='ocrx_word' id='word_1_182' title='bbox 1288 1512 1349 1558; x_wconf 91' lang='lat' dir='ltr'><strong>nt</strong></span> <span class='ocrx_word' id='word_1_183' title='bbox 1379 1519 1506 1558; x_wconf 88' lang='lat' dir='ltr'><strong>eum</strong></span> <span class='ocrx_word' id='word_1_184' title='bbox 1548 1519 1648 1574; x_wconf 90' lang='lat' dir='ltr'><strong>pro</strong></span> <span class='ocrx_word' id='word_1_185' title='bbox 1694 1503 1808 1557; x_wconf 90' lang='lat' dir='ltr'><strong>Deo</strong></span> <span class='ocrx_word' id='word_1_186' title='bbox 1850 1503 2055 1557; x_wconf 88' lang='lat' dir='ltr'><strong>habeas</strong></span> <span class='ocrx_word' id='word_1_187' title='bbox 2094 1501 2187 1571; x_wconf 89' lang='lat' dir='ltr'><strong>qui</strong></span> <span class='ocrx_word' id='word_1_188' title='bbox 2220 1512 2376 1557; x_wconf 88' lang='lat' dir='ltr'><strong>actus</strong></span> <span class='ocrx_word' id='word_1_189' title='bbox 2490 1495 2551 1550; x_wconf 67' lang='grc' dir='ltr'><strong>ὑπ</strong></span> 
     </span>
    </p>
   </div>
   <div class='ocr_carea' id='block_1_27' title="bbox 2485 1495 4077 1574">
    <p class='ocr_par' dir='ltr' id='par_1_27' title="bbox 2490 1495 4077 1568">
     <span class='ocr_line' id='line_1_27' title="bbox 2490 1495 4077 1568; baseline 0 -18"><span class='ocrx_word' id='word_1_190' title='bbox 2490 1495 2948 1567; x_wconf 70' lang='grc' dir='ltr'><strong>ὑποστειλάμενος</strong></span> <span class='ocrx_word' id='word_1_191' title='bbox 2984 1498 3195 1568; x_wconf 82' lang='grc' dir='ltr'><strong>φράσον</strong></span> <span class='ocrx_word' id='word_1_192' title='bbox 3221 1501 3378 1568; x_wconf 74' lang='grc' dir='ltr'><strong>ἡμῖν,</strong></span> <span class='ocrx_word' id='word_1_193' title='bbox 3414 1499 3524 1562; x_wconf 89' lang='grc' dir='ltr'><strong>ῖνα,</strong></span> <span class='ocrx_word' id='word_1_194' title='bbox 3563 1500 3612 1550; x_wconf 84' lang='grc' dir='ltr'><strong>εί</strong></span> <span class='ocrx_word' id='word_1_195' title='bbox 3643 1499 3827 1560; x_wconf 76' lang='grc' dir='ltr'><strong>καλῶς</strong></span> <span class='ocrx_word' id='word_1_196' title='bbox 3861 1499 3982 1566; x_wconf 70' lang='grc' dir='ltr'><strong>ἔχει</strong></span> <span class='ocrx_word' id='word_1_197' title='bbox 4011 1500 4077 1550; x_wconf 75' lang='grc' dir='ltr'><strong>τά</strong></span> 
     </span>
    </p>
   </div>
   <div class='ocr_carea' id='block_1_28' title="bbox 808 1589 2551 1663">
    <p class='ocr_par' dir='ltr' id='par_1_28' title="bbox 808 1591 2550 1661">
     <span class='ocr_line' id='line_1_28' title="bbox 808 1591 2550 1661; baseline -0.003 -13"><span class='ocrx_word' id='word_1_198' title='bbox 808 1593 916 1649; x_wconf 73' lang='lat' dir='ltr'><strong>fuit</strong></span> <span class='ocrx_word' id='word_1_199' title='bbox 950 1596 1004 1647; x_wconf 91' lang='lat' dir='ltr'><strong>in</strong></span> <span class='ocrx_word' id='word_1_200' title='bbox 1032 1607 1280 1655; x_wconf 91' lang='lat' dir='ltr'><strong>crucem,</strong></span> <span class='ocrx_word' id='word_1_201' title='bbox 1316 1601 1374 1646; x_wconf 92' lang='lat' dir='ltr'><strong>et</strong></span> <span class='ocrx_word' id='word_1_202' title='bbox 1413 1594 1518 1647; x_wconf 87' lang='lat' dir='ltr'><strong>alia</strong></span> <span class='ocrx_word' id='word_1_203' title='bbox 1559 1606 1757 1661; x_wconf 88' lang='lat' dir='ltr'><strong>passus</strong></span> <span class='ocrx_word' id='word_1_204' title='bbox 1781 1602 1868 1645; x_wconf 90' lang='lat' dir='ltr'><strong>est</strong></span> <span class='ocrx_word' id='word_1_205' title='bbox 1909 1591 2070 1660; x_wconf 84' lang='lat' dir='ltr'><strong>plena</strong></span> <span class='ocrx_word' id='word_1_206' title='bbox 2102 1593 2306 1661; x_wconf 88' lang='lat' dir='ltr'><strong>probro</strong></span> <span class='ocrx_word' id='word_1_207' title='bbox 2325 1601 2382 1646; x_wconf 89' lang='lat' dir='ltr'><strong>et</strong></span> <span class='ocrx_word' id='word_1_208' title='bbox 2489 1607 2550 1643; x_wconf 86' lang='grc' dir='ltr'><strong>το</strong></span> 
     </span>
    </p>
   </div>
   <div class='ocr_carea' id='block_1_29' title="bbox 2485 1589 3952 1663">
    <p class='ocr_par' dir='ltr' id='par_1_29' title="bbox 2489 1589 3952 1663">
     <span class='ocr_line' id='line_1_29' title="bbox 2489 1589 3952 1663; baseline 0.001 -20"><span class='ocrx_word' id='word_1_209' title='bbox 2489 1589 2582 1643; x_wconf 87' lang='grc' dir='ltr'><strong>τοῦ</strong></span> <span class='ocrx_word' id='word_1_210' title='bbox 2613 1590 2749 1644; x_wconf 88' lang='grc' dir='ltr'><strong>Θεοῦ</strong></span> <span class='ocrx_word' id='word_1_211' title='bbox 2777 1607 2893 1657; x_wconf 89' lang='grc' dir='ltr'><strong>σου,</strong></span> <span class='ocrx_word' id='word_1_212' title='bbox 2924 1595 3348 1663; x_wconf 83' lang='grc' dir='ltr'><strong>κοινωνήσωμέν</strong></span> <span class='ocrx_word' id='word_1_213' title='bbox 3376 1611 3460 1647; x_wconf 89' lang='grc' dir='ltr'><strong>σοι</strong></span> <span class='ocrx_word' id='word_1_214' title='bbox 3494 1594 3593 1662; x_wconf 83' lang='grc' dir='ltr'><strong>τῆς</strong></span> <span class='ocrx_word' id='word_1_215' title='bbox 3616 1592 3952 1662; x_wconf 74' lang='grc' dir='ltr'><strong>θρησκείας.</strong></span> 
     </span>
    </p>
   </div>
   <div class='ocr_carea' id='block_1_30' title="bbox 812 1683 4069 1754">
    <p class='ocr_par' dir='ltr' id='par_1_30' title="bbox 812 1683 4069 1754">
     <span class='ocr_line' id='line_1_30' title="bbox 812 1683 4069 1754; baseline -0.001 -13"><span class='ocrx_word' id='word_1_216' title='bbox 812 1685 1136 1741; x_wconf 73' lang='lat' dir='ltr'><strong>dedecore?</strong></span> <span class='ocrx_word' id='word_1_217' title='bbox 1179 1685 1326 1740; x_wconf 89' lang='lat' dir='ltr'><strong>Dixit</strong></span> <span class='ocrx_word' id='word_1_218' title='bbox 1366 1685 1780 1753; x_wconf 77' lang='lat' dir='ltr'><strong>Tranquillinus</strong></span> <span class='ocrx_word' id='word_1_219' title='bbox 1807 1683 1900 1738; x_wconf 87' lang='lat' dir='ltr'><strong>:Si</strong></span> <span class='ocrx_word' id='word_1_220' title='bbox 1943 1699 2051 1739; x_wconf 93' lang='lat' dir='ltr'><strong>non</strong></span> <span class='ocrx_word' id='word_1_221' title='bbox 2100 1684 2384 1747; x_wconf 84' lang='lat' dir='ltr'><strong>iracunde,</strong></span> <span class='ocrx_word' id='word_1_222' title='bbox 2419 1683 2517 1738; x_wconf 88' lang='lat' dir='ltr'><strong>sed</strong></span> <span class='ocrx_word' id='word_1_223' title='bbox 2552 1685 2825 1753; x_wconf 81' lang='lat' dir='ltr'><strong>patienter</strong></span> <span class='ocrx_word' id='word_1_224' title='bbox 2852 1694 2908 1739; x_wconf 90' lang='lat' dir='ltr'><strong>et</strong></span> <span class='ocrx_word' id='word_1_225' title='bbox 2951 1686 3164 1754; x_wconf 91' lang='lat' dir='ltr'><strong>placide</strong></span> <span class='ocrx_word' id='word_1_226' title='bbox 3215 1701 3300 1742; x_wconf 89' lang='lat' dir='ltr'><strong>me</strong></span> <span class='ocrx_word' id='word_1_227' title='bbox 3369 1687 3704 1750; x_wconf 80' lang='lat' dir='ltr'><strong>&#39;audiveris,</strong></span> <span class='ocrx_word' id='word_1_228' title='bbox 3754 1699 3792 1738; x_wconf 92' lang='lat' dir='ltr'><strong>o</strong></span> <span class='ocrx_word' id='word_1_229' title='bbox 3877 1684 4069 1754; x_wconf 86' lang='lat' dir='ltr'><strong>judex,</strong></span> 
     </span>
    </p>
   </div>
   <div class='ocr_carea' id='block_1_31' title="bbox 812 1774 4067 1847">
    <p class='ocr_par' dir='ltr' id='par_1_31' title="bbox 812 1774 4067 1847">
     <span class='ocr_line' id='line_1_31' title="bbox 812 1774 4067 1847; baseline -0.002 -14"><span class='ocrx_word' id='word_1_230' title='bbox 812 1777 1094 1833; x_wconf 72' lang='lat' dir='ltr'><strong>osteMam</strong></span> <span class='ocrx_word' id='word_1_231' title='bbox 1127 1778 1222 1830; x_wconf 87' lang='lat' dir='ltr'><strong>tibi</strong></span> <span class='ocrx_word' id='word_1_232' title='bbox 1257 1777 1404 1830; x_wconf 90' lang='lat' dir='ltr'><strong>hunc</strong></span> <span class='ocrx_word' id='word_1_233' title='bbox 1425 1777 1746 1832; x_wconf 78' lang='lat' dir='ltr'><strong>cruciﬁxum</strong></span> <span class='ocrx_word' id='word_1_234' title='bbox 1787 1789 1982 1829; x_wconf 88' lang='lat' dir='ltr'><strong>verum</strong></span> <span class='ocrx_word' id='word_1_235' title='bbox 2016 1791 2139 1832; x_wconf 85' lang='lat' dir='ltr'><strong>esse</strong></span> <span class='ocrx_word' id='word_1_236' title='bbox 2204 1777 2397 1841; x_wconf 88' lang='lat' dir='ltr'><strong>Deum,</strong></span> <span class='ocrx_word' id='word_1_237' title='bbox 2477 1786 2535 1830; x_wconf 94' lang='lat' dir='ltr'><strong>et</strong></span> <span class='ocrx_word' id='word_1_238' title='bbox 2567 1777 2736 1830; x_wconf 87' lang='lat' dir='ltr'><strong>Deum</strong></span> <span class='ocrx_word' id='word_1_239' title='bbox 2771 1781 2940 1832; x_wconf 82' lang='lat' dir='ltr'><strong>totius</strong></span> <span class='ocrx_word' id='word_1_240' title='bbox 2981 1774 3213 1841; x_wconf 68' lang='lat' dir='ltr'><strong>naturae,</strong></span> <span class='ocrx_word' id='word_1_241' title='bbox 3247 1787 3356 1831; x_wconf 88' lang='lat' dir='ltr'><strong>tam</strong></span> <span class='ocrx_word' id='word_1_242' title='bbox 3401 1794 3524 1847; x_wconf 72' lang='lat' dir='ltr'><strong>quin</strong></span> <span class='ocrx_word' id='word_1_243' title='bbox 3573 1788 3658 1832; x_wconf 89' lang='lat' dir='ltr'><strong>est</strong></span> <span class='ocrx_word' id='word_1_244' title='bbox 3685 1779 4067 1847; x_wconf 86' lang='lat' dir='ltr'><strong>aspectabilis.</strong></span> 
     </span>
    </p>
   </div>
   <div class='ocr_carea' id='block_1_32' title="bbox 814 1867 4071 1939">
    <p class='ocr_par' dir='ltr' id='par_1_32' title="bbox 814 1867 4071 1939">
     <span class='ocr_line' id='line_1_32' title="bbox 814 1867 4071 1939; baseline -0.001 -16"><span class='ocrx_word' id='word_1_245' title='bbox 814 1885 976 1938; x_wconf 92' lang='lat' dir='ltr'><strong>quam</strong></span> <span class='ocrx_word' id='word_1_246' title='bbox 1000 1885 1121 1939; x_wconf 68' lang='lat' dir='ltr'><strong>quae</strong></span> <span class='ocrx_word' id='word_1_247' title='bbox 1138 1883 1246 1922; x_wconf 92' lang='lat' dir='ltr'><strong>non</strong></span> <span class='ocrx_word' id='word_1_248' title='bbox 1275 1868 1420 1922; x_wconf 88' lang='lat' dir='ltr'><strong>cadit</strong></span> <span class='ocrx_word' id='word_1_249' title='bbox 1440 1868 1541 1922; x_wconf 91' lang='lat' dir='ltr'><strong>sub</strong></span> <span class='ocrx_word' id='word_1_250' title='bbox 1562 1877 1865 1937; x_wconf 83' lang='lat' dir='ltr'><strong>aspectum.</strong></span> <span class='ocrx_word' id='word_1_251' title='bbox 1895 1867 2041 1921; x_wconf 82' lang='lat' dir='ltr'><strong>Dixit</strong></span> <span class='ocrx_word' id='word_1_252' title='bbox 2061 1868 2352 1938; x_wconf 68' lang='lat' dir='ltr'><strong>prafectus</strong></span> <span class='ocrx_word' id='word_1_253' title='bbox 2394 1887 2407 1923; x_wconf 90' lang='lat'><strong>:</strong></span> <span class='ocrx_word' id='word_1_254' title='bbox 2454 1869 2551 1923; x_wconf 91' lang='lat' dir='ltr'><strong>Dic</strong></span> <span class='ocrx_word' id='word_1_255' title='bbox 2585 1869 2747 1924; x_wconf 87' lang='lat' dir='ltr'><strong>nobis</strong></span> <span class='ocrx_word' id='word_1_256' title='bbox 2772 1869 2946 1925; x_wconf 88' lang='lat' dir='ltr'><strong>libere</strong></span> <span class='ocrx_word' id='word_1_257' title='bbox 2971 1880 3028 1926; x_wconf 93' lang='lat' dir='ltr'><strong>et</strong></span> <span class='ocrx_word' id='word_1_258' title='bbox 3056 1869 3194 1924; x_wconf 83' lang='lat' dir='ltr'><strong>nihil</strong></span> <span class='ocrx_word' id='word_1_259' title='bbox 3226 1871 3482 1936; x_wconf 85' lang='lat' dir='ltr'><strong>reticens,</strong></span> <span class='ocrx_word' id='word_1_260' title='bbox 3550 1878 3609 1925; x_wconf 94' lang='lat' dir='ltr'><strong>ut</strong></span> <span class='ocrx_word' id='word_1_261' title='bbox 3639 1871 3686 1925; x_wconf 90' lang='lat' dir='ltr'><strong>si</strong></span> <span class='ocrx_word' id='word_1_262' title='bbox 3719 1885 3810 1925; x_wconf 90' lang='lat' dir='ltr'><strong>res</strong></span> <span class='ocrx_word' id='word_1_263' title='bbox 3853 1871 3938 1924; x_wconf 93' lang='lat' dir='ltr'><strong>tui</strong></span> <span class='ocrx_word' id='word_1_264' title='bbox 3981 1869 4071 1923; x_wconf 87' lang='lat' dir='ltr'><strong>Dei</strong></span> 
     </span>
    </p>
   </div>
   <div class='ocr_carea' id='block_1_33' title="bbox 816 1960 2551 2032">
    <p class='ocr_par' dir='ltr' id='par_1_33' title="bbox 816 1960 2551 2032">
     <span class='ocr_line' id='line_1_33' title="bbox 816 1960 2551 2032; baseline -0.001 -16"><span class='ocrx_word' id='word_1_265' title='bbox 816 1960 957 2016; x_wconf 86' lang='lat' dir='ltr'><strong>bene</strong></span> <span class='ocrx_word' id='word_1_266' title='bbox 979 1977 1037 2016; x_wconf 90' lang='lat' dir='ltr'><strong>se</strong></span> <span class='ocrx_word' id='word_1_267' title='bbox 1072 1962 1328 2024; x_wconf 84' lang='lat' dir='ltr'><strong>habeant,</strong></span> <span class='ocrx_word' id='word_1_268' title='bbox 1358 1962 1530 2016; x_wconf 86' lang='lat' dir='ltr'><strong>simus</strong></span> <span class='ocrx_word' id='word_1_269' title='bbox 1557 1977 1659 2016; x_wconf 85' lang='lat' dir='ltr'><strong>nos</strong></span> <span class='ocrx_word' id='word_1_270' title='bbox 1685 1977 1904 2031; x_wconf 87' lang='lat' dir='ltr'><strong>quoque</strong></span> <span class='ocrx_word' id='word_1_271' title='bbox 1938 1963 2072 2016; x_wconf 84' lang='lat' dir='ltr'><strong>socii</strong></span> <span class='ocrx_word' id='word_1_272' title='bbox 2105 1971 2210 2018; x_wconf 64' lang='lat' dir='ltr'><strong>tua:</strong></span> <span class='ocrx_word' id='word_1_273' title='bbox 2250 1962 2551 2032; x_wconf 81' lang='lat' dir='ltr'><strong>religionis.</strong></span> 
     </span>
    </p>
   </div>
   <div class='ocr_carea' id='block_1_34' title="bbox 886 2048 2551 2127">
    <p class='ocr_par' dir='ltr' id='par_1_34' title="bbox 886 2052 2455 2124">
     <span class='ocr_line' id='line_1_34' title="bbox 886 2052 2455 2124; baseline 0.001 -18"><span class='ocrx_word' id='word_1_274' title='bbox 886 2052 955 2106; x_wconf 74' lang='grc' dir='ltr'><strong>Χ.</strong></span> <span class='ocrx_word' id='word_1_275' title='bbox 1005 2053 1151 2107; x_wconf 91' lang='lat' dir='ltr'><strong>Dixit</strong></span> <span class='ocrx_word' id='word_1_276' title='bbox 1188 2053 1601 2122; x_wconf 87' lang='lat' dir='ltr'><strong>Tranquillinus</strong></span> <span class='ocrx_word' id='word_1_277' title='bbox 1635 2070 1650 2106; x_wconf 90' lang='lat'><strong>:</strong></span> <span class='ocrx_word' id='word_1_278' title='bbox 1683 2053 1950 2118; x_wconf 84' lang='lat' dir='ltr'><strong>Quoniam</strong></span> <span class='ocrx_word' id='word_1_279' title='bbox 1985 2063 2067 2108; x_wconf 87' lang='lat' dir='ltr'><strong>est</strong></span> <span class='ocrx_word' id='word_1_280' title='bbox 2111 2055 2246 2108; x_wconf 85' lang='lat' dir='ltr'><strong>mihi</strong></span> <span class='ocrx_word' id='word_1_281' title='bbox 2295 2054 2378 2107; x_wconf 78' lang='lat' dir='ltr'><strong>fa-</strong></span> <span class='ocrx_word' id='word_1_282' title='bbox 2407 2065 2455 2124; x_wconf 75' lang='grc' dir='ltr'><strong>Β</strong></span> 
     </span>
    </p>
   </div>
   <div class='ocr_carea' id='block_1_35' title="bbox 2485 2048 4070 2127">
    <p class='ocr_par' dir='ltr' id='par_1_35' title="bbox 2553 2048 4070 2127">
     <span class='ocr_line' id='line_1_35' title="bbox 2553 2048 4070 2127; baseline -0.001 -19"><span class='ocrx_word' id='word_1_283' title='bbox 2553 2056 2610 2109; x_wconf 88' lang='lat' dir='ltr'><strong>l&#39;.</strong></span> <span class='ocrx_word' id='word_1_284' title='bbox 2637 2056 3011 2127; x_wconf 85' lang='grc' dir='ltr'><strong>Τραγκυλῖνος</strong></span> <span class='ocrx_word' id='word_1_285' title='bbox 3039 2051 3194 2110; x_wconf 72' lang='grc' dir='ltr'><strong>εἶπεν</strong></span> <span class='ocrx_word' id='word_1_286' title='bbox 3221 2073 3235 2087; x_wconf 91' lang='grc'><strong>·</strong></span> <span class='ocrx_word' id='word_1_287' title='bbox 3281 2057 3337 2110; x_wconf 87' lang='lat'><strong>&#39;0</strong></span> <span class='ocrx_word' id='word_1_288' title='bbox 3363 2056 3601 2126; x_wconf 77' lang='grc' dir='ltr'><strong>Χριστὸς</strong></span> <span class='ocrx_word' id='word_1_289' title='bbox 3620 2048 3799 2119; x_wconf 74' lang='grc' dir='ltr'><strong>οὗτος,</strong></span> <span class='ocrx_word' id='word_1_290' title='bbox 3835 2055 4070 2124; x_wconf 78' lang='grc' dir='ltr'><strong>επαρχε,</strong></span> 
     </span>
    </p>
   </div>
   <div class='ocr_carea' id='block_1_36' title="bbox 815 2144 2551 2218">
    <p class='ocr_par' dir='ltr' id='par_1_36' title="bbox 815 2144 2548 2213">
     <span class='ocr_line' id='line_1_36' title="bbox 815 2144 2548 2213; baseline 0.001 -15"><span class='ocrx_word' id='word_1_291' title='bbox 815 2153 906 2198; x_wconf 84' lang='lat' dir='ltr'><strong>cta</strong></span> <span class='ocrx_word' id='word_1_292' title='bbox 962 2144 1184 2198; x_wconf 88' lang='lat' dir='ltr'><strong>dicendi</strong></span> <span class='ocrx_word' id='word_1_293' title='bbox 1243 2152 1487 2213; x_wconf 85' lang='lat' dir='ltr'><strong>potestas</strong></span> <span class='ocrx_word' id='word_1_294' title='bbox 1546 2158 1576 2196; x_wconf 91' lang='lat' dir='ltr'><strong>a</strong></span> <span class='ocrx_word' id='word_1_295' title='bbox 1629 2154 1720 2198; x_wconf 91' lang='lat' dir='ltr'><strong>tua</strong></span> <span class='ocrx_word' id='word_1_296' title='bbox 1772 2145 2224 2206; x_wconf 86' lang='lat' dir='ltr'><strong>mansuetudine,</strong></span> <span class='ocrx_word' id='word_1_297' title='bbox 2255 2145 2385 2199; x_wconf 90' lang='lat' dir='ltr'><strong>andi</strong></span> <span class='ocrx_word' id='word_1_298' title='bbox 2487 2145 2548 2199; x_wconf 83' lang='grc' dir='ltr'><strong>δν</strong></span> 
     </span>
    </p>
   </div>
   <div class='ocr_carea' id='block_1_37' title="bbox 2485 2144 4071 2218">
    <p class='ocr_par' dir='ltr' id='par_1_37' title="bbox 2487 2145 4071 2218">
     <span class='ocr_line' id='line_1_37' title="bbox 2487 2145 4071 2218; baseline 0.001 -19"><span class='ocrx_word' id='word_1_299' title='bbox 2487 2145 2548 2199; x_wconf 84' lang='grc' dir='ltr'><strong>δν</strong></span> <span class='ocrx_word' id='word_1_300' title='bbox 2582 2147 2742 2216; x_wconf 82' lang='grc' dir='ltr'><strong>ὑμεῖς</strong></span> <span class='ocrx_word' id='word_1_301' title='bbox 2787 2148 3180 2218; x_wconf 77' lang='grc' dir='ltr'><strong>βλασφημεῖτε,</strong></span> <span class='ocrx_word' id='word_1_302' title='bbox 3199 2149 3328 2213; x_wconf 82' lang='grc' dir='ltr'><strong>Θεὸς</strong></span> <span class='ocrx_word' id='word_1_303' title='bbox 3359 2148 3435 2202; x_wconf 84' lang='grc' dir='ltr'><strong>ὢν</strong></span> <span class='ocrx_word' id='word_1_304' title='bbox 3465 2149 3558 2200; x_wconf 78' lang='grc' dir='ltr'><strong>ἀπ’</strong></span> <span class='ocrx_word' id='word_1_305' title='bbox 3586 2149 3759 2217; x_wconf 75' lang='grc' dir='ltr'><strong>ἀρχῆς</strong></span> <span class='ocrx_word' id='word_1_306' title='bbox 3788 2147 4071 2217; x_wconf 72' lang='grc' dir='ltr'><strong>ἄφθαρτός</strong></span> 
     </span>
    </p>
   </div>
   <div class='ocr_carea' id='block_1_38' title="bbox 816 2235 2387 2306">
    <p class='ocr_par' dir='ltr' id='par_1_38' title="bbox 816 2235 2387 2306">
     <span class='ocr_line' id='line_1_38' title="bbox 816 2235 2387 2306; baseline 0.001 -17"><span class='ocrx_word' id='word_1_307' title='bbox 816 2237 1011 2306; x_wconf 61' lang='lat' dir='ltr'><strong>paucis</strong></span> <span class='ocrx_word' id='word_1_308' title='bbox 1069 2235 1387 2305; x_wconf 85' lang='lat' dir='ltr'><strong>mysterium</strong></span> <span class='ocrx_word' id='word_1_309' title='bbox 1446 2235 1663 2289; x_wconf 88' lang='lat' dir='ltr'><strong>consilii</strong></span> <span class='ocrx_word' id='word_1_310' title='bbox 1718 2245 1774 2290; x_wconf 92' lang='lat' dir='ltr'><strong>et</strong></span> <span class='ocrx_word' id='word_1_311' title='bbox 1839 2237 2158 2291; x_wconf 71' lang='lat' dir='ltr'><strong>mconomiae</strong></span> <span class='ocrx_word' id='word_1_312' title='bbox 2207 2237 2387 2292; x_wconf 84' lang='lat' dir='ltr'><strong>carnis</strong></span> 
     </span>
    </p>
   </div>
   <div class='ocr_carea' id='block_1_39' title="bbox 817 2325 2384 2394">
    <p class='ocr_par' dir='ltr' id='par_1_39' title="bbox 817 2325 2384 2394">
     <span class='ocr_line' id='line_1_39' title="bbox 817 2325 2384 2394; baseline 0 -14"><span class='ocrx_word' id='word_1_313' title='bbox 817 2335 1086 2394; x_wconf 71' lang='lat' dir='ltr'><strong>suscepta</strong></span> <span class='ocrx_word' id='word_1_314' title='bbox 1124 2343 1137 2378; x_wconf 92' lang='lat'><strong>:</strong></span> <span class='ocrx_word' id='word_1_315' title='bbox 1168 2334 1226 2379; x_wconf 90' lang='lat' dir='ltr'><strong>et</strong></span> <span class='ocrx_word' id='word_1_316' title='bbox 1276 2327 1422 2379; x_wconf 88' lang='lat' dir='ltr'><strong>scies</strong></span> <span class='ocrx_word' id='word_1_317' title='bbox 1469 2327 1719 2387; x_wconf 86' lang='lat' dir='ltr'><strong>omnino,</strong></span> <span class='ocrx_word' id='word_1_318' title='bbox 1758 2325 1866 2378; x_wconf 89' lang='lat' dir='ltr'><strong>nisi</strong></span> <span class='ocrx_word' id='word_1_319' title='bbox 1901 2325 2040 2379; x_wconf 92' lang='lat' dir='ltr'><strong>velis</strong></span> <span class='ocrx_word' id='word_1_320' title='bbox 2069 2326 2248 2379; x_wconf 88' lang='lat' dir='ltr'><strong>libens</strong></span> <span class='ocrx_word' id='word_1_321' title='bbox 2276 2341 2384 2380; x_wconf 63' lang='lat' dir='ltr'><strong>cae-</strong></span> 
     </span>
    </p>
   </div>
   <div class='ocr_carea' id='block_1_40' title="bbox 822 2417 2384 2486">
    <p class='ocr_par' dir='ltr' id='par_1_40' title="bbox 822 2417 2384 2486">
     <span class='ocr_line' id='line_1_40' title="bbox 822 2417 2384 2486; baseline 0.001 -15"><span class='ocrx_word' id='word_1_322' title='bbox 822 2418 1002 2472; x_wconf 89' lang='lat' dir='ltr'><strong>cntire</strong></span> <span class='ocrx_word' id='word_1_323' title='bbox 1044 2417 1113 2471; x_wconf 90' lang='lat' dir='ltr'><strong>ad</strong></span> <span class='ocrx_word' id='word_1_324' title='bbox 1156 2419 1468 2481; x_wconf 87' lang='lat' dir='ltr'><strong>veritatem,</strong></span> <span class='ocrx_word' id='word_1_325' title='bbox 1503 2417 1707 2470; x_wconf 86' lang='lat' dir='ltr'><strong>nullam</strong></span> <span class='ocrx_word' id='word_1_326' title='bbox 1742 2417 1907 2471; x_wconf 89' lang='lat' dir='ltr'><strong>aliam</strong></span> <span class='ocrx_word' id='word_1_327' title='bbox 1945 2418 2263 2486; x_wconf 75' lang='lat' dir='ltr'><strong>religionem</strong></span> <span class='ocrx_word' id='word_1_328' title='bbox 2291 2433 2384 2472; x_wconf 89' lang='lat' dir='ltr'><strong>ca-</strong></span> 
     </span>
    </p>
   </div>
   <div class='ocr_carea' id='block_1_41' title="bbox 823 2508 2383 2581">
    <p class='ocr_par' dir='ltr' id='par_1_41' title="bbox 823 2508 2383 2581">
     <span class='ocr_line' id='line_1_41' title="bbox 823 2508 2383 2581; baseline 0.001 -21"><span class='ocrx_word' id='word_1_329' title='bbox 823 2523 946 2562; x_wconf 91' lang='lat' dir='ltr'><strong>rere</strong></span> <span class='ocrx_word' id='word_1_330' title='bbox 993 2524 1180 2562; x_wconf 90' lang='lat' dir='ltr'><strong>errore</strong></span> <span class='ocrx_word' id='word_1_331' title='bbox 1211 2518 1592 2581; x_wconf 72' lang='lat' dir='ltr'><strong>praeterquam</strong></span> <span class='ocrx_word' id='word_1_332' title='bbox 1625 2508 1871 2563; x_wconf 81' lang='lat' dir='ltr'><strong>solorum</strong></span> <span class='ocrx_word' id='word_1_333' title='bbox 1922 2508 2383 2563; x_wconf 85' lang='lat' dir='ltr'><strong>Christianorum.</strong></span> 
     </span>
    </p>
   </div>
   <div class='ocr_carea' id='block_1_42' title="bbox 825 2597 2384 2669">
    <p class='ocr_par' dir='ltr' id='par_1_42' title="bbox 825 2597 2384 2669">
     <span class='ocr_line' id='line_1_42' title="bbox 825 2597 2384 2669; baseline 0.001 -17"><span class='ocrx_word' id='word_1_334' title='bbox 825 2597 929 2652; x_wconf 86' lang='lat' dir='ltr'><strong>Hie</strong></span> <span class='ocrx_word' id='word_1_335' title='bbox 984 2598 1236 2654; x_wconf 87' lang='lat' dir='ltr'><strong>Christus</strong></span> <span class='ocrx_word' id='word_1_336' title='bbox 1279 2615 1444 2669; x_wconf 86' lang='lat' dir='ltr'><strong>quem</strong></span> <span class='ocrx_word' id='word_1_337' title='bbox 1501 2615 1599 2654; x_wconf 87' lang='lat' dir='ltr'><strong>vos</strong></span> <span class='ocrx_word' id='word_1_338' title='bbox 1656 2600 2002 2654; x_wconf 88' lang='lat' dir='ltr'><strong>insectamini</strong></span> <span class='ocrx_word' id='word_1_339' title='bbox 2055 2599 2384 2664; x_wconf 74' lang='lat' dir='ltr'><strong>maledictis,</strong></span> 
     </span>
    </p>
   </div>
   <div class='ocr_carea' id='block_1_43' title="bbox 833 2689 2388 2758">
    <p class='ocr_par' dir='ltr' id='par_1_43' title="bbox 833 2689 2388 2758">
     <span class='ocr_line' id='line_1_43' title="bbox 833 2689 2388 2758; baseline 0.001 -16"><span class='ocrx_word' id='word_1_340' title='bbox 833 2702 959 2742; x_wconf 91' lang='lat' dir='ltr'><strong>cum</strong></span> <span class='ocrx_word' id='word_1_341' title='bbox 988 2699 1135 2744; x_wconf 86' lang='lat' dir='ltr'><strong>esset</strong></span> <span class='ocrx_word' id='word_1_342' title='bbox 1160 2689 1304 2744; x_wconf 85' lang='lat' dir='ltr'><strong>Deus</strong></span> <span class='ocrx_word' id='word_1_343' title='bbox 1334 2691 1402 2744; x_wconf 87' lang='lat' dir='ltr'><strong>ab</strong></span> <span class='ocrx_word' id='word_1_344' title='bbox 1445 2689 1628 2753; x_wconf 85' lang='lat' dir='ltr'><strong>initio,</strong></span> <span class='ocrx_word' id='word_1_345' title='bbox 1677 2690 1730 2743; x_wconf 91' lang='lat' dir='ltr'><strong>in</strong></span> <span class='ocrx_word' id='word_1_346' title='bbox 1774 2705 1936 2758; x_wconf 88' lang='lat' dir='ltr'><strong>quem</strong></span> <span class='ocrx_word' id='word_1_347' title='bbox 1985 2705 2091 2743; x_wconf 92' lang='lat' dir='ltr'><strong>non</strong></span> <span class='ocrx_word' id='word_1_348' title='bbox 2126 2691 2272 2744; x_wconf 83' lang='lat' dir='ltr'><strong>cadit</strong></span> <span class='ocrx_word' id='word_1_349' title='bbox 2301 2691 2388 2744; x_wconf 89' lang='lat' dir='ltr'><strong>in-</strong></span> 
     </span>
    </p>
   </div>
   <div class='ocr_carea' id='block_1_44' title="bbox 826 2778 2390 2850">
    <p class='ocr_par' dir='ltr' id='par_1_44' title="bbox 826 2778 2390 2850">
     <span class='ocr_line' id='line_1_44' title="bbox 826 2778 2390 2850; baseline 0.002 -19"><span class='ocrx_word' id='word_1_350' title='bbox 826 2778 1046 2840; x_wconf 88' lang='lat' dir='ltr'><strong>teritus,</strong></span> <span class='ocrx_word' id='word_1_351' title='bbox 1094 2789 1151 2834; x_wconf 92' lang='lat' dir='ltr'><strong>et</strong></span> <span class='ocrx_word' id='word_1_352' title='bbox 1181 2780 1275 2847; x_wconf 91' lang='lat' dir='ltr'><strong>qui</strong></span> <span class='ocrx_word' id='word_1_353' title='bbox 1329 2779 1525 2833; x_wconf 88' lang='lat' dir='ltr'><strong>mutari</strong></span> <span class='ocrx_word' id='word_1_354' title='bbox 1559 2795 1668 2834; x_wconf 91' lang='lat' dir='ltr'><strong>non</strong></span> <span class='ocrx_word' id='word_1_355' title='bbox 1711 2788 1892 2850; x_wconf 88' lang='lat' dir='ltr'><strong>potest</strong></span> <span class='ocrx_word' id='word_1_356' title='bbox 1958 2789 2014 2834; x_wconf 93' lang='lat' dir='ltr'><strong>et</strong></span> <span class='ocrx_word' id='word_1_357' title='bbox 2057 2781 2300 2845; x_wconf 82' lang='lat' dir='ltr'><strong>alterari,</strong></span> <span class='ocrx_word' id='word_1_358' title='bbox 2334 2790 2390 2834; x_wconf 93' lang='lat' dir='ltr'><strong>et</strong></span> 
     </span>
    </p>
   </div>
   <div class='ocr_carea' id='block_1_45' title="bbox 824 2869 2384 2942">
    <p class='ocr_par' dir='ltr' id='par_1_45' title="bbox 824 2869 2384 2942">
     <span class='ocr_line' id='line_1_45' title="bbox 824 2869 2384 2942; baseline 0.003 -20"><span class='ocrx_word' id='word_1_359' title='bbox 824 2869 921 2937; x_wconf 89' lang='lat' dir='ltr'><strong>qui</strong></span> <span class='ocrx_word' id='word_1_360' title='bbox 955 2878 1040 2923; x_wconf 91' lang='lat' dir='ltr'><strong>est</strong></span> <span class='ocrx_word' id='word_1_361' title='bbox 1068 2885 1281 2939; x_wconf 87' lang='lat' dir='ltr'><strong>semper</strong></span> <span class='ocrx_word' id='word_1_362' title='bbox 1306 2886 1430 2924; x_wconf 91' lang='lat' dir='ltr'><strong>cum</strong></span> <span class='ocrx_word' id='word_1_363' title='bbox 1465 2871 1623 2926; x_wconf 87' lang='lat' dir='ltr'><strong>Patro</strong></span> <span class='ocrx_word' id='word_1_364' title='bbox 1651 2879 1705 2925; x_wconf 92' lang='lat' dir='ltr'><strong>et</strong></span> <span class='ocrx_word' id='word_1_365' title='bbox 1735 2871 1967 2940; x_wconf 88' lang='lat' dir='ltr'><strong>Spiritu,</strong></span> <span class='ocrx_word' id='word_1_366' title='bbox 2009 2882 2064 2927; x_wconf 92' lang='lat' dir='ltr'><strong>et</strong></span> <span class='ocrx_word' id='word_1_367' title='bbox 2093 2873 2209 2942; x_wconf 88' lang='lat' dir='ltr'><strong>ipse</strong></span> <span class='ocrx_word' id='word_1_368' title='bbox 2259 2888 2384 2926; x_wconf 79' lang='lat' dir='ltr'><strong>om-</strong></span> 
     </span>
    </p>
   </div>
   <div class='ocr_carea' id='block_1_46' title="bbox 826 2958 2387 3032">
    <p class='ocr_par' dir='ltr' id='par_1_46' title="bbox 826 2958 2387 3032">
     <span class='ocr_line' id='line_1_46' title="bbox 826 2958 2387 3032; baseline 0.004 -20"><span class='ocrx_word' id='word_1_369' title='bbox 826 2958 918 3013; x_wconf 88' lang='lat' dir='ltr'><strong>nia</strong></span> <span class='ocrx_word' id='word_1_370' title='bbox 963 2961 1242 3028; x_wconf 85' lang='lat' dir='ltr'><strong>produxit.</strong></span> <span class='ocrx_word' id='word_1_371' title='bbox 1278 2962 1523 3015; x_wconf 82' lang='lat' dir='ltr'><strong>Primum</strong></span> <span class='ocrx_word' id='word_1_372' title='bbox 1553 2961 1777 3027; x_wconf 83' lang='lat' dir='ltr'><strong>quidem</strong></span> <span class='ocrx_word' id='word_1_373' title='bbox 1816 2962 2110 3030; x_wconf 85' lang='lat' dir='ltr'><strong>‘angelicas</strong></span> <span class='ocrx_word' id='word_1_374' title='bbox 2143 2972 2387 3032; x_wconf 87' lang='lat' dir='ltr'><strong>potesta—</strong></span> 
     </span>
    </p>
   </div>
   <div class='ocr_carea' id='block_1_47' title="bbox 829 3051 2390 3120">
    <p class='ocr_par' dir='ltr' id='par_1_47' title="bbox 829 3051 2390 3120">
     <span class='ocr_line' id='line_1_47' title="bbox 829 3051 2390 3120; baseline 0.004 -16"><span class='ocrx_word' id='word_1_375' title='bbox 829 3060 914 3105; x_wconf 90' lang='lat' dir='ltr'><strong>tes</strong></span> <span class='ocrx_word' id='word_1_376' title='bbox 974 3051 1261 3115; x_wconf 68' lang='lat' dir='ltr'><strong>caelestes;</strong></span> <span class='ocrx_word' id='word_1_377' title='bbox 1314 3051 1515 3107; x_wconf 90' lang='lat' dir='ltr'><strong>deinde</strong></span> <span class='ocrx_word' id='word_1_378' title='bbox 1558 3062 1751 3106; x_wconf 91' lang='lat' dir='ltr'><strong>.autem</strong></span> <span class='ocrx_word' id='word_1_379' title='bbox 1799 3052 1949 3106; x_wconf 86' lang='lat' dir='ltr'><strong>hunc</strong></span> <span class='ocrx_word' id='word_1_380' title='bbox 2005 3054 2291 3120; x_wconf 87' lang='lat' dir='ltr'><strong>mundum,</strong></span> <span class='ocrx_word' id='word_1_381' title='bbox 2335 3064 2390 3110; x_wconf 93' lang='lat' dir='ltr'><strong>et</strong></span> 
     </span>
    </p>
   </div>
   <div class='ocr_carea' id='block_1_48' title="bbox 827 3166 2387 3235">
    <p class='ocr_par' dir='ltr' id='par_1_48' title="bbox 827 3166 2387 3235">
     <span class='ocr_line' id='line_1_48' title="bbox 827 3166 2387 3235; baseline 0.004 -18"><span class='ocrx_word' id='word_1_382' title='bbox 827 3175 1164 3233; x_wconf 83' lang='lat' dir='ltr'><strong>postremum</strong></span> <span class='ocrx_word' id='word_1_383' title='bbox 1202 3166 1472 3221; x_wconf 88' lang='lat' dir='ltr'><strong>inducens</strong></span> <span class='ocrx_word' id='word_1_384' title='bbox 1519 3166 1799 3220; x_wconf 85' lang='lat' dir='ltr'><strong>hominem</strong></span> <span class='ocrx_word' id='word_1_385' title='bbox 1837 3184 1849 3220; x_wconf 92' lang='lat'><strong>:</strong></span> <span class='ocrx_word' id='word_1_386' title='bbox 1885 3183 2046 3235; x_wconf 91' lang='lat' dir='ltr'><strong>quem</strong></span> <span class='ocrx_word' id='word_1_387' title='bbox 2090 3177 2145 3221; x_wconf 93' lang='lat' dir='ltr'><strong>et</strong></span> <span class='ocrx_word' id='word_1_388' title='bbox 2196 3184 2387 3224; x_wconf 89' lang='lat' dir='ltr'><strong>manus</strong></span> 
     </span>
    </p>
   </div>
   <div class='ocr_carea' id='block_1_49' title="bbox 829 3257 2388 3324">
    <p class='ocr_par' dir='ltr' id='par_1_49' title="bbox 829 3257 2388 3324">
     <span class='ocr_line' id='line_1_49' title="bbox 829 3257 2388 3324; baseline 0.002 -15"><span class='ocrx_word' id='word_1_389' title='bbox 829 3270 941 3310; x_wconf 67' lang='lat' dir='ltr'><strong>sua</strong></span> <span class='ocrx_word' id='word_1_390' title='bbox 971 3266 1133 3311; x_wconf 92' lang='lat' dir='ltr'><strong>ornat</strong></span> <span class='ocrx_word' id='word_1_391' title='bbox 1179 3257 1477 3322; x_wconf 77' lang='lat' dir='ltr'><strong>etﬁctione,</strong></span> <span class='ocrx_word' id='word_1_392' title='bbox 1524 3265 1578 3310; x_wconf 80' lang='lat' dir='ltr'><strong>et</strong></span> <span class='ocrx_word' id='word_1_393' title='bbox 1625 3272 1806 3324; x_wconf 82' lang='lat' dir='ltr'><strong>regem</strong></span> <span class='ocrx_word' id='word_1_394' title='bbox 1867 3259 2153 3312; x_wconf 85' lang='lat' dir='ltr'><strong>constituit</strong></span> <span class='ocrx_word' id='word_1_395' title='bbox 2196 3274 2388 3313; x_wconf 93' lang='lat' dir='ltr'><strong>eorum</strong></span> 
     </span>
    </p>
   </div>
   <div class='ocr_carea' id='block_1_50' title="bbox 828 3348 2387 3416">
    <p class='ocr_par' dir='ltr' id='par_1_50' title="bbox 828 3348 2387 3416">
     <span class='ocr_line' id='line_1_50' title="bbox 828 3348 2387 3416; baseline 0.001 -15"><span class='ocrx_word' id='word_1_396' title='bbox 828 3363 953 3416; x_wconf 73' lang='lat' dir='ltr'><strong>qua:</strong></span> <span class='ocrx_word' id='word_1_397' title='bbox 1003 3357 1131 3403; x_wconf 87' lang='lat' dir='ltr'><strong>sunt</strong></span> <span class='ocrx_word' id='word_1_398' title='bbox 1187 3349 1241 3403; x_wconf 90' lang='lat' dir='ltr'><strong>in</strong></span> <span class='ocrx_word' id='word_1_399' title='bbox 1290 3357 1436 3402; x_wconf 88' lang='lat' dir='ltr'><strong>terra</strong></span> <span class='ocrx_word' id='word_1_400' title='bbox 1466 3363 1479 3400; x_wconf 91' lang='lat'><strong>:</strong></span> <span class='ocrx_word' id='word_1_401' title='bbox 1513 3357 1568 3402; x_wconf 90' lang='lat' dir='ltr'><strong>et</strong></span> <span class='ocrx_word' id='word_1_402' title='bbox 1612 3363 1736 3402; x_wconf 90' lang='lat' dir='ltr'><strong>cum</strong></span> <span class='ocrx_word' id='word_1_403' title='bbox 1771 3363 1896 3402; x_wconf 89' lang='lat' dir='ltr'><strong>eum</strong></span> <span class='ocrx_word' id='word_1_404' title='bbox 1933 3348 1998 3402; x_wconf 89' lang='lat' dir='ltr'><strong>ad</strong></span> <span class='ocrx_word' id='word_1_405' title='bbox 2031 3348 2387 3403; x_wconf 86' lang='lat' dir='ltr'><strong>habitandum</strong></span> 
     </span>
    </p>
   </div>
   <div class='ocr_carea' id='block_1_51' title="bbox 2489 2237 4071 2309">
    <p class='ocr_par' dir='ltr' id='par_1_51' title="bbox 2489 2237 4071 2309">
     <span class='ocr_line' id='line_1_51' title="bbox 2489 2237 4071 2309; baseline -0.001 -19"><span class='ocrx_word' id='word_1_406' title='bbox 2489 2253 2551 2289; x_wconf 84' lang='grc' dir='ltr'><strong>τε</strong></span> <span class='ocrx_word' id='word_1_407' title='bbox 2601 2239 2695 2291; x_wconf 80' lang='grc' dir='ltr'><strong>καὶ</strong></span> <span class='ocrx_word' id='word_1_408' title='bbox 2740 2241 3101 2303; x_wconf 71' lang='grc' dir='ltr'><strong>ἀναλλοίωτος</strong></span> <span class='ocrx_word' id='word_1_409' title='bbox 3136 2242 3229 2293; x_wconf 80' lang='grc' dir='ltr'><strong>καὶ</strong></span> <span class='ocrx_word' id='word_1_410' title='bbox 3256 2240 3333 2309; x_wconf 82' lang='grc' dir='ltr'><strong>τῷ</strong></span> <span class='ocrx_word' id='word_1_411' title='bbox 3369 2241 3542 2309; x_wconf 76' lang='grc' dir='ltr'><strong>Πατρὶ</strong></span> <span class='ocrx_word' id='word_1_412' title='bbox 3572 2243 3955 2307; x_wconf 67' lang='grc' dir='ltr'><strong>συνυπάρχων</strong></span> <span class='ocrx_word' id='word_1_413' title='bbox 3979 2237 4071 2290; x_wconf 79' lang='grc' dir='ltr'><strong>καὶ</strong></span> 
     </span>
    </p>
   </div>
   <div class='ocr_carea' id='block_1_52' title="bbox 2488 2327 4069 2398">
    <p class='ocr_par' dir='ltr' id='par_1_52' title="bbox 2488 2327 4069 2398">
     <span class='ocr_line' id='line_1_52' title="bbox 2488 2327 4069 2398; baseline 0.001 -20"><span class='ocrx_word' id='word_1_414' title='bbox 2488 2327 2794 2396; x_wconf 79' lang='grc' dir='ltr'><strong>Πνεῦματι,</strong></span> <span class='ocrx_word' id='word_1_415' title='bbox 2829 2329 2899 2380; x_wconf 87' lang='grc' dir='ltr'><strong>τά</strong></span> <span class='ocrx_word' id='word_1_416' title='bbox 2944 2330 3126 2382; x_wconf 86' lang='grc' dir='ltr'><strong>πάντα</strong></span> <span class='ocrx_word' id='word_1_417' title='bbox 3184 2331 3529 2397; x_wconf 79' lang='grc' dir='ltr'><strong>παρήγαγεν,</strong></span> <span class='ocrx_word' id='word_1_418' title='bbox 3560 2329 3878 2398; x_wconf 76' lang='grc' dir='ltr'><strong>ὑποστήσας</strong></span> <span class='ocrx_word' id='word_1_419' title='bbox 3919 2329 4069 2397; x_wconf 78' lang='grc' dir='ltr'><strong>πρῶο</strong></span> 
     </span>
    </p>
   </div>
   <div class='ocr_carea' id='block_1_53' title="bbox 2487 2417 4070 2490">
    <p class='ocr_par' dir='ltr' id='par_1_53' title="bbox 2487 2417 4070 2490">
     <span class='ocr_line' id='line_1_53' title="bbox 2487 2417 4070 2490; baseline 0.001 -19"><span class='ocrx_word' id='word_1_420' title='bbox 2487 2435 2579 2471; x_wconf 91' lang='grc' dir='ltr'><strong>τον</strong></span> <span class='ocrx_word' id='word_1_421' title='bbox 2614 2421 2712 2487; x_wconf 77' lang='grc' dir='ltr'><strong>μὲν</strong></span> <span class='ocrx_word' id='word_1_422' title='bbox 2738 2421 2835 2482; x_wconf 83' lang='grc' dir='ltr'><strong>τὰς</strong></span> <span class='ocrx_word' id='word_1_423' title='bbox 2861 2421 3160 2488; x_wconf 81' lang='grc' dir='ltr'><strong>άγγελικάς</strong></span> <span class='ocrx_word' id='word_1_424' title='bbox 3198 2421 3456 2490; x_wconf 66' lang='grc' dir='ltr'><strong>δυνάμεις</strong></span> <span class='ocrx_word' id='word_1_425' title='bbox 3489 2420 3584 2474; x_wconf 83' lang='grc' dir='ltr'><strong>καὶ</strong></span> <span class='ocrx_word' id='word_1_426' title='bbox 3607 2421 3926 2486; x_wconf 72' lang='grc' dir='ltr'><strong>οὐρανίους,</strong></span> <span class='ocrx_word' id='word_1_427' title='bbox 3957 2417 4070 2473; x_wconf 75' lang='grc' dir='ltr'><strong>εἶτα</strong></span> 
     </span>
    </p>
   </div>
   <div class='ocr_carea' id='block_1_54' title="bbox 2487 2513 4071 2582">
    <p class='ocr_par' dir='ltr' id='par_1_54' title="bbox 2487 2513 4071 2582">
     <span class='ocr_line' id='line_1_54' title="bbox 2487 2513 4071 2582; baseline 0 -20"><span class='ocrx_word' id='word_1_428' title='bbox 2487 2513 2636 2564; x_wconf 79' lang='grc' dir='ltr'><strong>τόνδε</strong></span> <span class='ocrx_word' id='word_1_429' title='bbox 2677 2513 2767 2565; x_wconf 80' lang='grc' dir='ltr'><strong>τὸν</strong></span> <span class='ocrx_word' id='word_1_430' title='bbox 2793 2514 3069 2582; x_wconf 79' lang='grc' dir='ltr'><strong>ὁρώμενον</strong></span> <span class='ocrx_word' id='word_1_431' title='bbox 3095 2514 3320 2581; x_wconf 83' lang='grc' dir='ltr'><strong>κόσμον,</strong></span> <span class='ocrx_word' id='word_1_432' title='bbox 3359 2515 3454 2566; x_wconf 78' lang='grc' dir='ltr'><strong>καὶ</strong></span> <span class='ocrx_word' id='word_1_433' title='bbox 3487 2514 3802 2566; x_wconf 85' lang='grc' dir='ltr'><strong>τελευταῖον</strong></span> <span class='ocrx_word' id='word_1_434' title='bbox 3851 2517 3953 2566; x_wconf 77' lang='grc' dir='ltr'><strong>τὸν</strong></span> <span class='ocrx_word' id='word_1_435' title='bbox 3985 2515 4071 2567; x_wconf 76' lang='grc' dir='ltr'><strong>άν-</strong></span> 
     </span>
    </p>
   </div>
   <div class='ocr_carea' id='block_1_55' title="bbox 2489 2603 4069 2673">
    <p class='ocr_par' dir='ltr' id='par_1_55' title="bbox 2489 2603 4069 2673">
     <span class='ocr_line' id='line_1_55' title="bbox 2489 2603 4069 2673; baseline -0.001 -18"><span class='ocrx_word' id='word_1_436' title='bbox 2489 2603 2707 2673; x_wconf 83' lang='grc' dir='ltr'><strong>θρωπον</strong></span> <span class='ocrx_word' id='word_1_437' title='bbox 2735 2619 2748 2633; x_wconf 89' lang='grc'><strong>·</strong></span> <span class='ocrx_word' id='word_1_438' title='bbox 2781 2604 2839 2657; x_wconf 85' lang='grc' dir='ltr'><strong>δν</strong></span> <span class='ocrx_word' id='word_1_439' title='bbox 2869 2605 2961 2657; x_wconf 77' lang='grc' dir='ltr'><strong>καὶ</strong></span> <span class='ocrx_word' id='word_1_440' title='bbox 3000 2603 3159 2673; x_wconf 83' lang='grc' dir='ltr'><strong>χερσὶ</strong></span> <span class='ocrx_word' id='word_1_441' title='bbox 3210 2604 3533 2669; x_wconf 77' lang='grc' dir='ltr'><strong>διαπλάσας,</strong></span> <span class='ocrx_word' id='word_1_442' title='bbox 3567 2603 3796 2673; x_wconf 74' lang='grc' dir='ltr'><strong>βασιλέα</strong></span> <span class='ocrx_word' id='word_1_443' title='bbox 3822 2605 3937 2656; x_wconf 80' lang='grc' dir='ltr'><strong>τῶν</strong></span> <span class='ocrx_word' id='word_1_444' title='bbox 3982 2607 4069 2656; x_wconf 69' lang='grc' dir='ltr'><strong>ἐπὶ</strong></span> 
     </span>
    </p>
   </div>
   <div class='ocr_carea' id='block_1_56' title="bbox 2491 2697 4068 2767">
    <p class='ocr_par' dir='ltr' id='par_1_56' title="bbox 2491 2697 4068 2767">
     <span class='ocr_line' id='line_1_56' title="bbox 2491 2697 4068 2767; baseline 0.016 -21"><span class='ocrx_word' id='word_1_445' title='bbox 2491 2697 2592 2764; x_wconf 70' lang='grc' dir='ltr'><strong>γῆς</strong></span> <span class='ocrx_word' id='word_1_446' title='bbox 2655 2697 2947 2765; x_wconf 81' lang='grc' dir='ltr'><strong>καθίστησι</strong></span> <span class='ocrx_word' id='word_1_447' title='bbox 3001 2698 3096 2750; x_wconf 86' lang='grc' dir='ltr'><strong>καὶ</strong></span> <span class='ocrx_word' id='word_1_448' title='bbox 3163 2697 3242 2766; x_wconf 83' lang='grc' dir='ltr'><strong>τῷ</strong></span> <span class='ocrx_word' id='word_1_449' title='bbox 3300 2698 3617 2767; x_wconf 70' lang='grc' dir='ltr'><strong>παραδείσῳ</strong></span> <span class='ocrx_word' id='word_1_450' title='bbox 3669 2700 4068 2764; x_wconf 71' lang='grc' dir='ltr'><strong>ιγκατοικίσις</strong></span> 
     </span>
    </p>
   </div>
   <div class='ocr_carea' id='block_1_57' title="bbox 2491 2788 4064 2858">
    <p class='ocr_par' dir='ltr' id='par_1_57' title="bbox 2491 2788 4064 2858">
     <span class='ocr_line' id='line_1_57' title="bbox 2491 2788 4064 2858; baseline -0.001 -18"><span class='ocrx_word' id='word_1_451' title='bbox 2491 2788 2705 2840; x_wconf 82' lang='grc' dir='ltr'><strong>κελεύει</strong></span> <span class='ocrx_word' id='word_1_452' title='bbox 2755 2791 2971 2841; x_wconf 81' lang='grc' dir='ltr'><strong>πάντων</strong></span> <span class='ocrx_word' id='word_1_453' title='bbox 3020 2789 3116 2858; x_wconf 72' lang='grc' dir='ltr'><strong>μὲν</strong></span> <span class='ocrx_word' id='word_1_454' title='bbox 3155 2788 3449 2842; x_wconf 78' lang='grc' dir='ltr'><strong>ἀπολαύειν</strong></span> <span class='ocrx_word' id='word_1_455' title='bbox 3487 2788 3595 2840; x_wconf 83' lang='grc' dir='ltr'><strong>τῶν</strong></span> <span class='ocrx_word' id='word_1_456' title='bbox 3643 2790 3824 2840; x_wconf 73' lang='grc' dir='ltr'><strong>ἐκεῖσε</strong></span> <span class='ocrx_word' id='word_1_457' title='bbox 3859 2789 4064 2857; x_wconf 72' lang='grc' dir='ltr'><strong>φυτῶν,</strong></span> 
     </span>
    </p>
   </div>
   <div class='ocr_carea' id='block_1_58' title="bbox 2492 2879 4068 2950">
    <p class='ocr_par' dir='ltr' id='par_1_58' title="bbox 2492 2879 4068 2950">
     <span class='ocr_line' id='line_1_58' title="bbox 2492 2879 4068 2950; baseline -0.001 -18"><span class='ocrx_word' id='word_1_458' title='bbox 2492 2881 2609 2942; x_wconf 73' lang='grc' dir='ltr'><strong>ἑνὸς</strong></span> <span class='ocrx_word' id='word_1_459' title='bbox 2661 2880 2717 2932; x_wconf 68' lang='grc' dir='ltr'><strong>δὲ</strong></span> <span class='ocrx_word' id='word_1_460' title='bbox 2775 2881 2934 2948; x_wconf 63' lang='grc' dir='ltr'><strong>μόνου</strong></span> <span class='ocrx_word' id='word_1_461' title='bbox 2997 2881 3321 2948; x_wconf 79' lang='grc' dir='ltr'><strong>ἀπέχεσθαι,</strong></span> <span class='ocrx_word' id='word_1_462' title='bbox 3377 2880 3648 2932; x_wconf 74' lang='grc' dir='ltr'><strong>παιδεύων</strong></span> <span class='ocrx_word' id='word_1_463' title='bbox 3705 2881 3872 2932; x_wconf 75' lang='grc' dir='ltr'><strong>αὐτὸν</strong></span> <span class='ocrx_word' id='word_1_464' title='bbox 3932 2879 4068 2950; x_wconf 74' lang='grc' dir='ltr'><strong>πρὸς</strong></span> 
     </span>
    </p>
   </div>
   <div class='ocr_carea' id='block_1_59' title="bbox 2492 2965 4068 3041">
    <p class='ocr_par' dir='ltr' id='par_1_59' title="bbox 2492 2965 4068 3041">
     <span class='ocr_line' id='line_1_59' title="bbox 2492 2965 4068 3041; baseline 0.001 -18"><span class='ocrx_word' id='word_1_465' title='bbox 2492 2971 2757 3040; x_wconf 72' lang='grc' dir='ltr'><strong>ὑπακοήν.</strong></span> <span class='ocrx_word' id='word_1_466' title='bbox 2802 2971 2940 3023; x_wconf 80' lang='grc' dir='ltr'><strong>Ἀλλ’</strong></span> <span class='ocrx_word' id='word_1_467' title='bbox 2962 2965 3040 3034; x_wconf 82' lang='grc' dir='ltr'><strong>είς</strong></span> <span class='ocrx_word' id='word_1_468' title='bbox 3069 2972 3180 3024; x_wconf 80' lang='grc' dir='ltr'><strong>τῶν</strong></span> <span class='ocrx_word' id='word_1_469' title='bbox 3195 2973 3570 3041; x_wconf 78' lang='grc' dir='ltr'><strong>ἀρχαγγέλων,</strong></span> <span class='ocrx_word' id='word_1_470' title='bbox 3605 2972 3704 3040; x_wconf 76' lang='grc' dir='ltr'><strong>τῆς</strong></span> <span class='ocrx_word' id='word_1_471' title='bbox 3735 2973 3892 3034; x_wconf 92' lang='grc' dir='ltr'><strong>θείας</strong></span> <span class='ocrx_word' id='word_1_472' title='bbox 3912 2973 4068 3037; x_wconf 71' lang='grc' dir='ltr'><strong>δόξης</strong></span> 
     </span>
    </p>
   </div>
   <div class='ocr_carea' id='block_1_60' title="bbox 2490 3058 4063 3133">
    <p class='ocr_par' dir='ltr' id='par_1_60' title="bbox 2490 3058 4063 3133">
     <span class='ocr_line' id='line_1_60' title="bbox 2490 3058 4063 3133; baseline 0.001 -18"><span class='ocrx_word' id='word_1_473' title='bbox 2490 3063 2558 3116; x_wconf 78' lang='grc' dir='ltr'><strong>δι’</strong></span> <span class='ocrx_word' id='word_1_474' title='bbox 2592 3064 2858 3132; x_wconf 77' lang='grc' dir='ltr'><strong>ἔπαρσιν,</strong></span> <span class='ocrx_word' id='word_1_475' title='bbox 2885 3063 3003 3133; x_wconf 79' lang='grc' dir='ltr'><strong>μεθ’</strong></span> <span class='ocrx_word' id='word_1_476' title='bbox 3038 3058 3098 3116; x_wconf 73' lang='grc' dir='ltr'><strong>υῦ</strong></span> <span class='ocrx_word' id='word_1_477' title='bbox 3130 3065 3418 3117; x_wconf 65' lang='grc' dir='ltr'><strong>ἐπεστάτει</strong></span> <span class='ocrx_word' id='word_1_478' title='bbox 3449 3066 3730 3132; x_wconf 71' lang='grc' dir='ltr'><strong>τάγματος</strong></span> <span class='ocrx_word' id='word_1_479' title='bbox 3785 3065 4063 3129; x_wconf 61' lang='grc' dir='ltr'><strong>ἐκπεσὼν,</strong></span> 
     </span>
    </p>
   </div>
   <div class='ocr_carea' id='block_1_61' title="bbox 2491 3156 4060 3226">
    <p class='ocr_par' dir='ltr' id='par_1_61' title="bbox 2491 3156 4060 3226">
     <span class='ocr_line' id='line_1_61' title="bbox 2491 3156 4060 3226; baseline 0 -18"><span class='ocrx_word' id='word_1_480' title='bbox 2491 3156 2592 3208; x_wconf 77' lang='grc' dir='ltr'><strong>οὐκ</strong></span> <span class='ocrx_word' id='word_1_481' title='bbox 2641 3156 2837 3223; x_wconf 80' lang='grc' dir='ltr'><strong>ἔφερεν</strong></span> <span class='ocrx_word' id='word_1_482' title='bbox 2887 3158 3017 3226; x_wconf 72' lang='grc' dir='ltr'><strong>ίρᾷν</strong></span> <span class='ocrx_word' id='word_1_483' title='bbox 3061 3156 3150 3208; x_wconf 77' lang='grc' dir='ltr'><strong>τὸν</strong></span> <span class='ocrx_word' id='word_1_484' title='bbox 3207 3157 3491 3225; x_wconf 74' lang='grc' dir='ltr'><strong>ἄνθρωπον</strong></span> <span class='ocrx_word' id='word_1_485' title='bbox 3527 3157 3876 3225; x_wconf 66' lang='grc' dir='ltr'><strong>ᾡκειωτιένον</strong></span> <span class='ocrx_word' id='word_1_486' title='bbox 3922 3158 4060 3222; x_wconf 72' lang='grc' dir='ltr'><strong>θεῷ.</strong></span> 
     </span>
    </p>
   </div>
   <div class='ocr_carea' id='block_1_62' title="bbox 2495 3245 4061 3318">
    <p class='ocr_par' dir='ltr' id='par_1_62' title="bbox 2495 3245 4061 3318">
     <span class='ocr_line' id='line_1_62' title="bbox 2495 3245 4061 3318; baseline 0.003 -20"><span class='ocrx_word' id='word_1_487' title='bbox 2495 3246 2657 3300; x_wconf 84' lang='grc' dir='ltr'><strong>Ὅθεν</strong></span> <span class='ocrx_word' id='word_1_488' title='bbox 2691 3248 2901 3300; x_wconf 68' lang='grc' dir='ltr'><strong>ἐλπίσιν</strong></span> <span class='ocrx_word' id='word_1_489' title='bbox 2933 3250 3246 3318; x_wconf 85' lang='grc' dir='ltr'><strong>άπατηλαῖς</strong></span> <span class='ocrx_word' id='word_1_490' title='bbox 3295 3251 3389 3302; x_wconf 70' lang='grc' dir='ltr'><strong>καὶ</strong></span> <span class='ocrx_word' id='word_1_491' title='bbox 3434 3245 3478 3317; x_wconf 83' lang='grc' dir='ltr'>ᾧ</span> <span class='ocrx_word' id='word_1_492' title='bbox 3523 3251 3682 3312; x_wconf 78' lang='grc' dir='ltr'><strong>αὐτὸς</strong></span> <span class='ocrx_word' id='word_1_493' title='bbox 3728 3253 4061 3303; x_wconf 51' lang='grc' dir='ltr'><strong>ὲκπέπτωγε</strong></span> 
     </span>
    </p>
   </div>
   <div class='ocr_carea' id='block_1_63' title="bbox 2490 3337 4063 3410">
    <p class='ocr_par' dir='ltr' id='par_1_63' title="bbox 2490 3337 4063 3410">
     <span class='ocr_line' id='line_1_63' title="bbox 2490 3337 4063 3410; baseline 0.003 -23"><span class='ocrx_word' id='word_1_494' title='bbox 2490 3337 2678 3406; x_wconf 87' lang='grc' dir='ltr'><strong>τρόπῳ</strong></span> <span class='ocrx_word' id='word_1_495' title='bbox 2706 3337 2801 3401; x_wconf 84' lang='grc' dir='ltr'><strong>τῆς</strong></span> <span class='ocrx_word' id='word_1_496' title='bbox 2837 3338 2986 3400; x_wconf 88' lang='grc' dir='ltr'><strong>θείας</strong></span> <span class='ocrx_word' id='word_1_497' title='bbox 3012 3340 3169 3406; x_wconf 78' lang='grc' dir='ltr'><strong>δόξης</strong></span> <span class='ocrx_word' id='word_1_498' title='bbox 3200 3340 3530 3409; x_wconf 79' lang='grc' dir='ltr'><strong>ἀπογυμνοῖ,</strong></span> <span class='ocrx_word' id='word_1_499' title='bbox 3582 3342 3677 3392; x_wconf 79' lang='grc' dir='ltr'><strong>καὶ</strong></span> <span class='ocrx_word' id='word_1_500' title='bbox 3727 3342 3826 3392; x_wconf 82' lang='grc' dir='ltr'><strong>τοῦ</strong></span> <span class='ocrx_word' id='word_1_501' title='bbox 3883 3359 4063 3410; x_wconf 77' lang='grc' dir='ltr'><strong>παρα-</strong></span> 
     </span>
    </p>
   </div>
   <div class='ocr_carea' id='block_1_64' title="bbox 834 3427 2551 3504">
    <p class='ocr_par' dir='ltr' id='par_1_64' title="bbox 834 3427 2544 3504">
     <span class='ocr_line' id='line_1_64' title="bbox 834 3427 2544 3504; baseline 0.001 -14"><span class='ocrx_word' id='word_1_502' title='bbox 834 3435 1068 3490; x_wconf 83' lang='lat' dir='ltr'><strong>locasset</strong></span> <span class='ocrx_word' id='word_1_503' title='bbox 1101 3438 1155 3490; x_wconf 92' lang='lat' dir='ltr'><strong>in</strong></span> <span class='ocrx_word' id='word_1_504' title='bbox 1204 3437 1477 3504; x_wconf 84' lang='lat' dir='ltr'><strong>paradiso,</strong></span> <span class='ocrx_word' id='word_1_505' title='bbox 1509 3438 1604 3491; x_wconf 91' lang='lat' dir='ltr'><strong>dat</strong></span> <span class='ocrx_word' id='word_1_506' title='bbox 1635 3439 1688 3491; x_wconf 93' lang='lat' dir='ltr'><strong>ei</strong></span> <span class='ocrx_word' id='word_1_507' title='bbox 1721 3439 2055 3500; x_wconf 90' lang='lat' dir='ltr'><strong>mandatum,</strong></span> <span class='ocrx_word' id='word_1_508' title='bbox 2093 3449 2152 3493; x_wconf 92' lang='lat' dir='ltr'><strong>ut</strong></span> <span class='ocrx_word' id='word_1_509' title='bbox 2175 3440 2390 3493; x_wconf 80' lang='lat' dir='ltr'><strong>fruatur</strong></span> <span class='ocrx_word' id='word_1_510' title='bbox 2416 3428 2458 3484; x_wconf 83' lang='lat' dir='ltr'><strong><em>C</em></strong></span> <span class='ocrx_word' id='word_1_511' title='bbox 2490 3427 2544 3479; x_wconf 73' lang='grc' dir='ltr'><strong>δε</strong></span> 
     </span>
    </p>
   </div>
   <div class='ocr_carea' id='block_1_65' title="bbox 2485 3427 4060 3504">
    <p class='ocr_par' dir='ltr' id='par_1_65' title="bbox 2490 3427 4060 3500">
     <span class='ocr_line' id='line_1_65' title="bbox 2490 3427 4060 3500; baseline 0.003 -21"><span class='ocrx_word' id='word_1_512' title='bbox 2490 3427 2666 3480; x_wconf 82' lang='grc' dir='ltr'><strong>δείσου</strong></span> <span class='ocrx_word' id='word_1_513' title='bbox 2702 3429 2795 3480; x_wconf 76' lang='grc' dir='ltr'><strong>καὶ</strong></span> <span class='ocrx_word' id='word_1_514' title='bbox 2828 3429 2929 3497; x_wconf 82' lang='grc' dir='ltr'><strong>τῆς</strong></span> <span class='ocrx_word' id='word_1_515' title='bbox 2957 3430 3258 3492; x_wconf 72' lang='grc' dir='ltr'><strong>ἀθανασίας</strong></span> <span class='ocrx_word' id='word_1_516' title='bbox 3293 3431 3591 3500; x_wconf 80' lang='grc' dir='ltr'><strong>άλλοτριοῖ,</strong></span> <span class='ocrx_word' id='word_1_517' title='bbox 3630 3431 3935 3482; x_wconf 65' lang='grc' dir='ltr'><strong>κάντεῦθεν</strong></span> <span class='ocrx_word' id='word_1_518' title='bbox 4000 3433 4060 3483; x_wconf 74' lang='grc' dir='ltr'><strong>οὗ</strong></span> 
     </span>
    </p>
   </div>
   <div class='ocr_carea' id='block_1_66' title="bbox 829 3527 2391 3597">
    <p class='ocr_par' dir='ltr' id='par_1_66' title="bbox 829 3527 2391 3597">
     <span class='ocr_line' id='line_1_66' title="bbox 829 3527 2391 3597; baseline 0.003 -17"><span class='ocrx_word' id='word_1_519' title='bbox 829 3527 1051 3596; x_wconf 90' lang='lat' dir='ltr'><strong>quidem</strong></span> <span class='ocrx_word' id='word_1_520' title='bbox 1097 3528 1352 3582; x_wconf 87' lang='lat' dir='ltr'><strong>omnibus</strong></span> <span class='ocrx_word' id='word_1_521' title='bbox 1402 3543 1522 3597; x_wconf 70' lang='lat' dir='ltr'><strong>quae</strong></span> <span class='ocrx_word' id='word_1_522' title='bbox 1581 3530 1637 3583; x_wconf 93' lang='lat' dir='ltr'><strong>in</strong></span> <span class='ocrx_word' id='word_1_523' title='bbox 1686 3545 1754 3584; x_wconf 90' lang='lat' dir='ltr'><strong>eo</strong></span> <span class='ocrx_word' id='word_1_524' title='bbox 1811 3539 1937 3583; x_wconf 87' lang='lat' dir='ltr'><strong>sunt</strong></span> <span class='ocrx_word' id='word_1_525' title='bbox 1978 3530 2290 3594; x_wconf 85' lang='lat' dir='ltr'><strong>arboribus,</strong></span> <span class='ocrx_word' id='word_1_526' title='bbox 2321 3531 2391 3584; x_wconf 92' lang='lat' dir='ltr'><strong>ab</strong></span> 
     </span>
    </p>
   </div>
   <div class='ocr_carea' id='block_1_67' title="bbox 829 3617 2390 3679">
    <p class='ocr_par' dir='ltr' id='par_1_67' title="bbox 829 3617 2390 3679">
     <span class='ocr_line' id='line_1_67' title="bbox 829 3617 2390 3679; baseline 0.003 -10"><span class='ocrx_word' id='word_1_527' title='bbox 829 3631 940 3669; x_wconf 89' lang='lat' dir='ltr'><strong>una</strong></span> <span class='ocrx_word' id='word_1_528' title='bbox 973 3629 1159 3671; x_wconf 89' lang='lat' dir='ltr'><strong>autem</strong></span> <span class='ocrx_word' id='word_1_529' title='bbox 1192 3618 1306 3671; x_wconf 89' lang='lat' dir='ltr'><strong>sola</strong></span> <span class='ocrx_word' id='word_1_530' title='bbox 1339 3617 1634 3679; x_wconf 87' lang='lat' dir='ltr'><strong>abstineat,</strong></span> <span class='ocrx_word' id='word_1_531' title='bbox 1661 3633 1787 3672; x_wconf 87' lang='lat' dir='ltr'><strong>eum</strong></span> <span class='ocrx_word' id='word_1_532' title='bbox 1833 3621 2094 3673; x_wconf 87' lang='lat' dir='ltr'><strong>erudiens</strong></span> <span class='ocrx_word' id='word_1_533' title='bbox 2137 3620 2205 3673; x_wconf 90' lang='lat' dir='ltr'><strong>ad</strong></span> <span class='ocrx_word' id='word_1_534' title='bbox 2255 3619 2390 3673; x_wconf 81' lang='lat' dir='ltr'><strong>obe-</strong></span> 
     </span>
    </p>
   </div>
   <div class='ocr_carea' id='block_1_68' title="bbox 830 3703 2386 3778">
    <p class='ocr_par' dir='ltr' id='par_1_68' title="bbox 830 3703 2386 3778">
     <span class='ocr_line' id='line_1_68' title="bbox 830 3703 2386 3778; baseline 0 -16"><span class='ocrx_word' id='word_1_535' title='bbox 830 3707 1113 3769; x_wconf 90' lang='lat' dir='ltr'><strong>dientiam,</strong></span> <span class='ocrx_word' id='word_1_536' title='bbox 1143 3716 1198 3762; x_wconf 94' lang='lat' dir='ltr'><strong>et</strong></span> <span class='ocrx_word' id='word_1_537' title='bbox 1224 3708 1425 3777; x_wconf 85' lang='lat' dir='ltr'><strong>majora</strong></span> <span class='ocrx_word' id='word_1_538' title='bbox 1475 3721 1778 3778; x_wconf 86' lang='lat' dir='ltr'><strong>procurans</strong></span> <span class='ocrx_word' id='word_1_539' title='bbox 1807 3724 1902 3777; x_wconf 92' lang='lat' dir='ltr'><strong>per</strong></span> <span class='ocrx_word' id='word_1_540' title='bbox 1928 3703 2386 3763; x_wconf 83' lang='lat' dir='ltr'><strong>observationem.</strong></span> 
     </span>
    </p>
   </div>
   <div class='ocr_carea' id='block_1_69' title="bbox 833 3796 2390 3869">
    <p class='ocr_par' dir='ltr' id='par_1_69' title="bbox 833 3796 2390 3869">
     <span class='ocr_line' id='line_1_69' title="bbox 833 3796 2390 3869; baseline 0.001 -17"><span class='ocrx_word' id='word_1_541' title='bbox 833 3796 938 3852; x_wconf 88' lang='lat' dir='ltr'><strong>Sed</strong></span> <span class='ocrx_word' id='word_1_542' title='bbox 970 3813 1111 3852; x_wconf 88' lang='lat' dir='ltr'><strong>unus</strong></span> <span class='ocrx_word' id='word_1_543' title='bbox 1145 3799 1235 3852; x_wconf 88' lang='lat' dir='ltr'><strong>cui</strong></span> <span class='ocrx_word' id='word_1_544' title='bbox 1277 3798 1548 3869; x_wconf 86' lang='lat' dir='ltr'><strong>obtigerat</strong></span> <span class='ocrx_word' id='word_1_545' title='bbox 1581 3799 1869 3868; x_wconf 79' lang='lat' dir='ltr'><strong>imperium</strong></span> <span class='ocrx_word' id='word_1_546' title='bbox 1915 3800 1967 3851; x_wconf 94' lang='lat' dir='ltr'><strong>in</strong></span> <span class='ocrx_word' id='word_1_547' title='bbox 1998 3799 2270 3867; x_wconf 80' lang='lat' dir='ltr'><strong>angelicas</strong></span> <span class='ocrx_word' id='word_1_548' title='bbox 2296 3815 2390 3854; x_wconf 86' lang='lat' dir='ltr'><strong>or-</strong></span> 
     </span>
    </p>
   </div>
   <div class='ocr_carea' id='block_1_70' title="bbox 828 3888 2392 3959">
    <p class='ocr_par' dir='ltr' id='par_1_70' title="bbox 828 3888 2392 3959">
     <span class='ocr_line' id='line_1_70' title="bbox 828 3888 2392 3959; baseline 0.001 -16"><span class='ocrx_word' id='word_1_549' title='bbox 828 3888 989 3943; x_wconf 86' lang='lat' dir='ltr'><strong>dines</strong></span> <span class='ocrx_word' id='word_1_550' title='bbox 1012 3929 1026 3952; x_wconf 91' lang='lat'><strong>,</strong></span> <span class='ocrx_word' id='word_1_551' title='bbox 1061 3889 1128 3942; x_wconf 90' lang='lat' dir='ltr'><strong>ad</strong></span> <span class='ocrx_word' id='word_1_552' title='bbox 1161 3890 1355 3943; x_wconf 82' lang='lat' dir='ltr'><strong>vitium</strong></span> <span class='ocrx_word' id='word_1_553' title='bbox 1409 3889 1702 3958; x_wconf 90' lang='lat' dir='ltr'><strong>impulsus,</strong></span> <span class='ocrx_word' id='word_1_554' title='bbox 1741 3899 1795 3944; x_wconf 90' lang='lat' dir='ltr'><strong>et</strong></span> <span class='ocrx_word' id='word_1_555' title='bbox 1827 3890 2009 3943; x_wconf 86' lang='lat' dir='ltr'><strong>divina</strong></span> <span class='ocrx_word' id='word_1_556' title='bbox 2043 3890 2234 3958; x_wconf 90' lang='lat' dir='ltr'><strong>gloria,</strong></span> <span class='ocrx_word' id='word_1_557' title='bbox 2265 3905 2392 3959; x_wconf 89' lang='lat' dir='ltr'><strong>pro-</strong></span> 
     </span>
    </p>
   </div>
   <div class='ocr_carea' id='block_1_71' title="bbox 828 3978 2388 4048">
    <p class='ocr_par' dir='ltr' id='par_1_71' title="bbox 828 3978 2388 4048">
     <span class='ocr_line' id='line_1_71' title="bbox 828 3978 2388 4048; baseline 0.001 -18"><span class='ocrx_word' id='word_1_558' title='bbox 828 3986 954 4048; x_wconf 90' lang='lat' dir='ltr'><strong>pter</strong></span> <span class='ocrx_word' id='word_1_559' title='bbox 1008 3978 1328 4044; x_wconf 84' lang='lat' dir='ltr'><strong>elationem,</strong></span> <span class='ocrx_word' id='word_1_560' title='bbox 1388 3993 1512 4032; x_wconf 85' lang='lat' dir='ltr'><strong>cum</strong></span> <span class='ocrx_word' id='word_1_561' title='bbox 1567 3993 1636 4033; x_wconf 92' lang='lat' dir='ltr'><strong>eo</strong></span> <span class='ocrx_word' id='word_1_562' title='bbox 1689 3978 1884 4032; x_wconf 88' lang='lat' dir='ltr'><strong>ordine</strong></span> <span class='ocrx_word' id='word_1_563' title='bbox 1923 3979 2010 4032; x_wconf 89' lang='lat' dir='ltr'><strong>cui</strong></span> <span class='ocrx_word' id='word_1_564' title='bbox 2065 3979 2388 4047; x_wconf 76' lang='lat' dir='ltr'><strong>imperabat,</strong></span> 
     </span>
    </p>
   </div>
   <div class='ocr_carea' id='block_1_72' title="bbox 825 4068 2389 4137">
    <p class='ocr_par' dir='ltr' id='par_1_72' title="bbox 825 4068 2389 4137">
     <span class='ocr_line' id='line_1_72' title="bbox 825 4068 2389 4137; baseline 0.003 -17"><span class='ocrx_word' id='word_1_565' title='bbox 825 4069 1079 4137; x_wconf 86' lang='lat' dir='ltr'><strong>privatus</strong></span> <span class='ocrx_word' id='word_1_566' title='bbox 1115 4104 1132 4130; x_wconf 90' lang='lat'><strong>,</strong></span> <span class='ocrx_word' id='word_1_567' title='bbox 1189 4083 1298 4122; x_wconf 89' lang='lat' dir='ltr'><strong>non</strong></span> <span class='ocrx_word' id='word_1_568' title='bbox 1352 4068 1662 4136; x_wconf 89' lang='lat' dir='ltr'><strong>patiebatur</strong></span> <span class='ocrx_word' id='word_1_569' title='bbox 1705 4069 1983 4122; x_wconf 86' lang='lat' dir='ltr'><strong>hominem</strong></span> <span class='ocrx_word' id='word_1_570' title='bbox 2044 4069 2232 4122; x_wconf 83' lang='lat' dir='ltr'><strong>videre</strong></span> <span class='ocrx_word' id='word_1_571' title='bbox 2280 4071 2389 4125; x_wconf 88' lang='lat' dir='ltr'><strong>Deo</strong></span> 
     </span>
    </p>
   </div>
   <div class='ocr_carea' id='block_1_73' title="bbox 832 4159 2390 4229">
    <p class='ocr_par' dir='ltr' id='par_1_73' title="bbox 832 4159 2390 4229">
     <span class='ocr_line' id='line_1_73' title="bbox 832 4159 2390 4229; baseline -0.001 -13"><span class='ocrx_word' id='word_1_572' title='bbox 832 4174 957 4216; x_wconf 86' lang='lat' dir='ltr'><strong>esse</strong></span> <span class='ocrx_word' id='word_1_573' title='bbox 995 4161 1373 4228; x_wconf 77' lang='lat' dir='ltr'><strong>coniunctum,</strong></span> <span class='ocrx_word' id='word_1_574' title='bbox 1403 4167 1460 4214; x_wconf 93' lang='lat' dir='ltr'><strong>et</strong></span> <span class='ocrx_word' id='word_1_575' title='bbox 1504 4160 1570 4213; x_wconf 91' lang='lat' dir='ltr'><strong>ad</strong></span> <span class='ocrx_word' id='word_1_576' title='bbox 1615 4160 1815 4213; x_wconf 64' lang='lat' dir='ltr'><strong>calum</strong></span> <span class='ocrx_word' id='word_1_577' title='bbox 1853 4159 1994 4214; x_wconf 89' lang='lat' dir='ltr'><strong>unde</strong></span> <span class='ocrx_word' id='word_1_578' title='bbox 2032 4159 2146 4229; x_wconf 90' lang='lat' dir='ltr'><strong>ipse</strong></span> <span class='ocrx_word' id='word_1_579' title='bbox 2177 4161 2390 4215; x_wconf 88' lang='lat' dir='ltr'><strong>cecide-</strong></span> 
     </span>
    </p>
   </div>
   <div class='ocr_carea' id='block_1_74' title="bbox 833 4251 2390 4322">
    <p class='ocr_par' dir='ltr' id='par_1_74' title="bbox 833 4251 2390 4322">
     <span class='ocr_line' id='line_1_74' title="bbox 833 4251 2390 4322; baseline 0.002 -16"><span class='ocrx_word' id='word_1_580' title='bbox 833 4261 917 4306; x_wconf 87' lang='lat' dir='ltr'><strong>rat</strong></span> <span class='ocrx_word' id='word_1_581' title='bbox 964 4252 1147 4306; x_wconf 83' lang='lat' dir='ltr'><strong>evehi.</strong></span> <span class='ocrx_word' id='word_1_582' title='bbox 1185 4251 1339 4307; x_wconf 85' lang='lat' dir='ltr'><strong>Unde</strong></span> <span class='ocrx_word' id='word_1_583' title='bbox 1371 4252 1536 4307; x_wconf 88' lang='lat' dir='ltr'><strong>etiam</strong></span> <span class='ocrx_word' id='word_1_584' title='bbox 1564 4251 1778 4306; x_wconf 72' lang='lat' dir='ltr'><strong>invido</strong></span> <span class='ocrx_word' id='word_1_585' title='bbox 1841 4251 1896 4305; x_wconf 92' lang='lat' dir='ltr'><strong>in</strong></span> <span class='ocrx_word' id='word_1_586' title='bbox 1954 4266 2081 4305; x_wconf 88' lang='lat' dir='ltr'><strong>enm</strong></span> <span class='ocrx_word' id='word_1_587' title='bbox 2143 4254 2390 4322; x_wconf 84' lang='lat' dir='ltr'><strong>conjecto</strong></span> 
     </span>
    </p>
   </div>
   <div class='ocr_carea' id='block_1_75' title="bbox 833 4341 2385 4412">
    <p class='ocr_par' dir='ltr' id='par_1_75' title="bbox 833 4341 2385 4412">
     <span class='ocr_line' id='line_1_75' title="bbox 833 4341 2385 4412; baseline 0 -14"><span class='ocrx_word' id='word_1_588' title='bbox 833 4341 1021 4408; x_wconf 88' lang='lat' dir='ltr'><strong>oculo,</strong></span> <span class='ocrx_word' id='word_1_589' title='bbox 1047 4356 1144 4412; x_wconf 89' lang='lat' dir='ltr'><strong>spe</strong></span> <span class='ocrx_word' id='word_1_590' title='bbox 1178 4342 1359 4397; x_wconf 82' lang='lat' dir='ltr'><strong>fallaci</strong></span> <span class='ocrx_word' id='word_1_591' title='bbox 1407 4351 1464 4397; x_wconf 90' lang='lat' dir='ltr'><strong>et</strong></span> <span class='ocrx_word' id='word_1_592' title='bbox 1504 4357 1572 4398; x_wconf 90' lang='lat' dir='ltr'><strong>eo</strong></span> <span class='ocrx_word' id='word_1_593' title='bbox 1605 4342 1770 4397; x_wconf 87' lang='lat' dir='ltr'><strong>modo</strong></span> <span class='ocrx_word' id='word_1_594' title='bbox 1811 4358 1922 4412; x_wconf 84' lang='lat' dir='ltr'><strong>quo</strong></span> <span class='ocrx_word' id='word_1_595' title='bbox 1951 4343 2066 4412; x_wconf 89' lang='lat' dir='ltr'><strong>ipse</strong></span> <span class='ocrx_word' id='word_1_596' title='bbox 2094 4343 2385 4410; x_wconf 90' lang='lat' dir='ltr'><strong>ceciderat,</strong></span> 
     </span>
    </p>
   </div>
   <div class='ocr_carea' id='block_1_76' title="bbox 834 4434 2390 4504">
    <p class='ocr_par' dir='ltr' id='par_1_76' title="bbox 834 4434 2390 4504">
     <span class='ocr_line' id='line_1_76' title="bbox 834 4434 2390 4504; baseline 0.001 -16"><span class='ocrx_word' id='word_1_597' title='bbox 834 4434 1019 4488; x_wconf 83' lang='lat' dir='ltr'><strong>divina</strong></span> <span class='ocrx_word' id='word_1_598' title='bbox 1068 4448 1196 4488; x_wconf 90' lang='lat' dir='ltr'><strong>eum</strong></span> <span class='ocrx_word' id='word_1_599' title='bbox 1252 4435 1426 4504; x_wconf 89' lang='lat' dir='ltr'><strong>gloria</strong></span> <span class='ocrx_word' id='word_1_600' title='bbox 1458 4435 1679 4503; x_wconf 89' lang='lat' dir='ltr'><strong>spoliat,</strong></span> <span class='ocrx_word' id='word_1_601' title='bbox 1706 4445 1763 4488; x_wconf 90' lang='lat' dir='ltr'><strong>et</strong></span> <span class='ocrx_word' id='word_1_602' title='bbox 1793 4449 1824 4487; x_wconf 91' lang='lat' dir='ltr'><strong>a</strong></span> <span class='ocrx_word' id='word_1_603' title='bbox 1864 4435 1985 4488; x_wconf 90' lang='lat' dir='ltr'><strong>loco</strong></span> <span class='ocrx_word' id='word_1_604' title='bbox 2015 4434 2108 4502; x_wconf 91' lang='lat' dir='ltr'><strong>qui</strong></span> <span class='ocrx_word' id='word_1_605' title='bbox 2151 4435 2201 4488; x_wconf 91' lang='lat' dir='ltr'><strong>ei</strong></span> <span class='ocrx_word' id='word_1_606' title='bbox 2231 4434 2390 4489; x_wconf 84' lang='lat' dir='ltr'><strong>datus</strong></span> 
     </span>
    </p>
   </div>
   <div class='ocr_carea' id='block_1_77' title="bbox 832 4524 2389 4589">
    <p class='ocr_par' dir='ltr' id='par_1_77' title="bbox 832 4524 2389 4589">
     <span class='ocr_line' id='line_1_77' title="bbox 832 4524 2389 4589; baseline 0 -10"><span class='ocrx_word' id='word_1_607' title='bbox 832 4524 1013 4579; x_wconf 74' lang='lat' dir='ltr'><strong>fuerat</strong></span> <span class='ocrx_word' id='word_1_608' title='bbox 1055 4525 1122 4579; x_wconf 90' lang='lat' dir='ltr'><strong>ad</strong></span> <span class='ocrx_word' id='word_1_609' title='bbox 1168 4525 1560 4589; x_wconf 79' lang='lat' dir='ltr'><strong>habitandum,</strong></span> <span class='ocrx_word' id='word_1_610' title='bbox 1587 4534 1643 4578; x_wconf 91' lang='lat' dir='ltr'><strong>et</strong></span> <span class='ocrx_word' id='word_1_611' title='bbox 1671 4524 1740 4579; x_wconf 89' lang='lat' dir='ltr'><strong>ab</strong></span> <span class='ocrx_word' id='word_1_612' title='bbox 1789 4526 2196 4580; x_wconf 84' lang='lat' dir='ltr'><strong>immortalitate</strong></span> <span class='ocrx_word' id='word_1_613' title='bbox 2227 4524 2389 4579; x_wconf 75' lang='lat' dir='ltr'><strong>eﬂicit</strong></span> 
     </span>
    </p>
   </div>
   <div class='ocr_carea' id='block_1_78' title="bbox 833 4615 2388 4684">
    <p class='ocr_par' dir='ltr' id='par_1_78' title="bbox 833 4615 2388 4684">
     <span class='ocr_line' id='line_1_78' title="bbox 833 4615 2388 4684; baseline -0.001 -13"><span class='ocrx_word' id='word_1_614' title='bbox 833 4617 1093 4671; x_wconf 90' lang='lat' dir='ltr'><strong>alienum.</strong></span> <span class='ocrx_word' id='word_1_615' title='bbox 1131 4616 1318 4684; x_wconf 83' lang='lat' dir='ltr'><strong>Neque</strong></span> <span class='ocrx_word' id='word_1_616' title='bbox 1364 4631 1495 4670; x_wconf 89' lang='lat' dir='ltr'><strong>vero</strong></span> <span class='ocrx_word' id='word_1_617' title='bbox 1543 4618 1590 4669; x_wconf 90' lang='lat' dir='ltr'><strong>is</strong></span> <span class='ocrx_word' id='word_1_618' title='bbox 1639 4616 1836 4670; x_wconf 90' lang='lat' dir='ltr'><strong>deinde</strong></span> <span class='ocrx_word' id='word_1_619' title='bbox 1885 4617 2180 4670; x_wconf 90' lang='lat' dir='ltr'><strong>intermisit</strong></span> <span class='ocrx_word' id='word_1_620' title='bbox 2209 4615 2388 4669; x_wconf 86' lang='lat' dir='ltr'><strong>homi-</strong></span> 
     </span>
    </p>
   </div>
   <div class='ocr_carea' id='block_1_79' title="bbox 833 4705 2388 4761">
    <p class='ocr_par' dir='ltr' id='par_1_79' title="bbox 833 4705 2388 4761">
     <span class='ocr_line' id='line_1_79' title="bbox 833 4705 2388 4761; baseline -0.001 0"><span class='ocrx_word' id='word_1_621' title='bbox 833 4723 964 4761; x_wconf 90' lang='lat' dir='ltr'><strong>num</strong></span> <span class='ocrx_word' id='word_1_622' title='bbox 997 4715 1250 4761; x_wconf 89' lang='lat' dir='ltr'><strong>naturam</strong></span> <span class='ocrx_word' id='word_1_623' title='bbox 1303 4707 1356 4760; x_wconf 87' lang='lat' dir='ltr'><strong>in</strong></span> <span class='ocrx_word' id='word_1_624' title='bbox 1393 4708 1536 4761; x_wconf 89' lang='lat' dir='ltr'><strong>mala</strong></span> <span class='ocrx_word' id='word_1_625' title='bbox 1586 4706 1695 4761; x_wconf 90' lang='lat' dir='ltr'><strong>sibi</strong></span> <span class='ocrx_word' id='word_1_626' title='bbox 1745 4707 1982 4760; x_wconf 81' lang='lat' dir='ltr'><strong>invicem</strong></span> <span class='ocrx_word' id='word_1_627' title='bbox 2038 4705 2388 4761; x_wconf 84' lang='lat' dir='ltr'><strong>suecedentia</strong></span> 
     </span>
    </p>
   </div>
   <div class='ocr_carea' id='block_1_80' title="bbox 2492 3513 4061 3591">
    <p class='ocr_par' dir='ltr' id='par_1_80' title="bbox 2492 3513 4061 3591">
     <span class='ocr_line' id='line_1_80' title="bbox 2492 3513 4061 3591; baseline 0.002 -19"><span class='ocrx_word' id='word_1_628' title='bbox 2492 3518 2728 3573; x_wconf 68' lang='grc' dir='ltr'><strong>διέλιπεν</strong></span> <span class='ocrx_word' id='word_1_629' title='bbox 2752 3513 2904 3582; x_wconf 78' lang='grc' dir='ltr'><strong>οὗτος</strong></span> <span class='ocrx_word' id='word_1_630' title='bbox 2953 3523 3051 3589; x_wconf 77' lang='grc' dir='ltr'><strong>τὴν</strong></span> <span class='ocrx_word' id='word_1_631' title='bbox 3090 3523 3198 3574; x_wconf 83' lang='grc' dir='ltr'><strong>τῶν</strong></span> <span class='ocrx_word' id='word_1_632' title='bbox 3244 3521 3548 3591; x_wconf 69' lang='grc' dir='ltr'><strong>ἀνθρώπων</strong></span> <span class='ocrx_word' id='word_1_633' title='bbox 3593 3523 3757 3591; x_wconf 82' lang='grc' dir='ltr'><strong>φύσιν</strong></span> <span class='ocrx_word' id='word_1_634' title='bbox 3792 3524 4061 3585; x_wconf 72' lang='grc' dir='ltr'><strong>ποικίλως</strong></span> 
     </span>
    </p>
   </div>
   <div class='ocr_carea' id='block_1_81' title="bbox 2494 3613 4062 3684">
    <p class='ocr_par' dir='ltr' id='par_1_81' title="bbox 2494 3613 4062 3684">
     <span class='ocr_line' id='line_1_81' title="bbox 2494 3613 4062 3684; baseline 0.004 -22"><span class='ocrx_word' id='word_1_635' title='bbox 2494 3613 2836 3680; x_wconf 74' lang='grc' dir='ltr'><strong>περιϐάλλων</strong></span> <span class='ocrx_word' id='word_1_636' title='bbox 2867 3616 3077 3676; x_wconf 76' lang='grc' dir='ltr'><strong>κακοῖς,</strong></span> <span class='ocrx_word' id='word_1_637' title='bbox 3111 3613 3185 3674; x_wconf 82' lang='grc' dir='ltr'><strong>ὡς</strong></span> <span class='ocrx_word' id='word_1_638' title='bbox 3213 3616 3522 3684; x_wconf 78' lang='grc' dir='ltr'><strong>ἀποστῆσαι</strong></span> <span class='ocrx_word' id='word_1_639' title='bbox 3557 3615 3656 3683; x_wconf 69' lang='grc' dir='ltr'><strong>μὲν</strong></span> <span class='ocrx_word' id='word_1_640' title='bbox 3687 3615 3783 3667; x_wconf 90' lang='grc' dir='ltr'><strong>τοῦ</strong></span> <span class='ocrx_word' id='word_1_641' title='bbox 3825 3632 4062 3683; x_wconf 70' lang='grc' dir='ltr'><strong>πεποιη-</strong></span> 
     </span>
    </p>
   </div>
   <div class='ocr_carea' id='block_1_82' title="bbox 2492 3702 4060 3775">
    <p class='ocr_par' dir='ltr' id='par_1_82' title="bbox 2492 3702 4060 3775">
     <span class='ocr_line' id='line_1_82' title="bbox 2492 3702 4060 3775; baseline 0.003 -21"><span class='ocrx_word' id='word_1_642' title='bbox 2492 3702 2646 3764; x_wconf 82' lang='grc' dir='ltr'><strong>κότος</strong></span> <span class='ocrx_word' id='word_1_643' title='bbox 2677 3703 2835 3767; x_wconf 83' lang='grc' dir='ltr'><strong>Θεοῦ,</strong></span> <span class='ocrx_word' id='word_1_644' title='bbox 2883 3705 2959 3764; x_wconf 81' lang='grc' dir='ltr'><strong>είς</strong></span> <span class='ocrx_word' id='word_1_645' title='bbox 3001 3703 3193 3756; x_wconf 71' lang='grc' dir='ltr'><strong>εἴδωλα</strong></span> <span class='ocrx_word' id='word_1_646' title='bbox 3240 3705 3296 3756; x_wconf 70' lang='grc' dir='ltr'><strong>δὲ</strong></span> <span class='ocrx_word' id='word_1_647' title='bbox 3347 3709 3678 3772; x_wconf 74' lang='grc' dir='ltr'><strong>καταγαγεῖν</strong></span> <span class='ocrx_word' id='word_1_648' title='bbox 3725 3709 3822 3759; x_wconf 73' lang='grc' dir='ltr'><strong>καὶ</strong></span> <span class='ocrx_word' id='word_1_649' title='bbox 3854 3709 4060 3775; x_wconf 80' lang='grc' dir='ltr'><strong>χειρῶν</strong></span> 
     </span>
    </p>
   </div>
   <div class='ocr_carea' id='block_1_83' title="bbox 2493 3792 4055 3862">
    <p class='ocr_par' dir='ltr' id='par_1_83' title="bbox 2493 3792 4055 3862">
     <span class='ocr_line' id='line_1_83' title="bbox 2493 3792 4055 3862; baseline 0.004 -20"><span class='ocrx_word' id='word_1_650' title='bbox 2493 3792 2807 3860; x_wconf 82' lang='grc' dir='ltr'><strong>πλάσματα.</strong></span> <span class='ocrx_word' id='word_1_651' title='bbox 2840 3793 3000 3845; x_wconf 84' lang='grc' dir='ltr'><strong>Ὀθεν</strong></span> <span class='ocrx_word' id='word_1_652' title='bbox 3027 3794 3120 3844; x_wconf 78' lang='grc' dir='ltr'><strong>καὶ</strong></span> <span class='ocrx_word' id='word_1_653' title='bbox 3145 3792 3309 3861; x_wconf 74' lang='grc' dir='ltr'><strong>νόμος</strong></span> <span class='ocrx_word' id='word_1_654' title='bbox 3340 3795 3474 3861; x_wconf 74' lang='grc' dir='ltr'><strong>πρὸς</strong></span> <span class='ocrx_word' id='word_1_655' title='bbox 3506 3793 3797 3862; x_wconf 77' lang='grc' dir='ltr'><strong>διόρθωσιν</strong></span> <span class='ocrx_word' id='word_1_656' title='bbox 3824 3795 4055 3860; x_wconf 82' lang='grc' dir='ltr'><strong>δίδοται,</strong></span> 
     </span>
    </p>
   </div>
   <div class='ocr_carea' id='block_1_84' title="bbox 2491 3883 4059 3954">
    <p class='ocr_par' dir='ltr' id='par_1_84' title="bbox 2491 3883 4059 3954">
     <span class='ocr_line' id='line_1_84' title="bbox 2491 3883 4059 3954; baseline 0.002 -18"><span class='ocrx_word' id='word_1_657' title='bbox 2491 3887 2582 3936; x_wconf 70' lang='grc' dir='ltr'><strong>καὶ</strong></span> <span class='ocrx_word' id='word_1_658' title='bbox 2601 3883 2875 3951; x_wconf 75' lang='grc' dir='ltr'><strong>προερῆται</strong></span> <span class='ocrx_word' id='word_1_659' title='bbox 2905 3883 3156 3952; x_wconf 80' lang='grc' dir='ltr'><strong>βοηθοῦσι</strong></span> <span class='ocrx_word' id='word_1_660' title='bbox 3179 3883 3255 3951; x_wconf 83' lang='grc' dir='ltr'><strong>τῷ</strong></span> <span class='ocrx_word' id='word_1_661' title='bbox 3277 3884 3370 3936; x_wconf 82' lang='grc' dir='ltr'><strong>τοῦ</strong></span> <span class='ocrx_word' id='word_1_662' title='bbox 3397 3885 3533 3936; x_wconf 91' lang='grc' dir='ltr'><strong>Θεοῦ</strong></span> <span class='ocrx_word' id='word_1_663' title='bbox 3557 3887 3863 3954; x_wconf 83' lang='grc' dir='ltr'><strong>πλάσματι.</strong></span> <span class='ocrx_word' id='word_1_664' title='bbox 3900 3887 4059 3940; x_wconf 76' lang='grc' dir='ltr'><strong>Ἐπεὶ</strong></span> 
     </span>
    </p>
   </div>
   <div class='ocr_carea' id='block_1_85' title="bbox 2489 3974 4055 4048">
    <p class='ocr_par' dir='ltr' id='par_1_85' title="bbox 2489 3974 4055 4048">
     <span class='ocr_line' id='line_1_85' title="bbox 2489 3974 4055 4048; baseline 0.003 -21"><span class='ocrx_word' id='word_1_665' title='bbox 2489 3975 2546 4027; x_wconf 68' lang='grc' dir='ltr'><strong>δὲ</strong></span> <span class='ocrx_word' id='word_1_666' title='bbox 2601 3977 2710 4035; x_wconf 85' lang='grc' dir='ltr'><strong>τοῖς</strong></span> <span class='ocrx_word' id='word_1_667' title='bbox 2762 3974 3003 4043; x_wconf 75' lang='grc' dir='ltr'><strong>χείροσιν</strong></span> <span class='ocrx_word' id='word_1_668' title='bbox 3036 3975 3362 4040; x_wconf 66' lang='grc' dir='ltr'><strong>ἐπετείνετο,</strong></span> <span class='ocrx_word' id='word_1_669' title='bbox 3417 3976 3574 4036; x_wconf 78' lang='grc' dir='ltr'><strong>αὐτὸς</strong></span> <span class='ocrx_word' id='word_1_670' title='bbox 3619 3978 3648 4029; x_wconf 84' lang='grc' dir='ltr'><strong>δ</strong></span> <span class='ocrx_word' id='word_1_671' title='bbox 3685 3977 3781 4029; x_wconf 90' lang='grc' dir='ltr'><strong>τοῦ</strong></span> <span class='ocrx_word' id='word_1_672' title='bbox 3838 3979 4055 4048; x_wconf 80' lang='grc' dir='ltr'><strong>Πατρδς</strong></span> 
     </span>
    </p>
   </div>
   <div class='ocr_carea' id='block_1_86' title="bbox 2495 4067 4055 4136">
    <p class='ocr_par' dir='ltr' id='par_1_86' title="bbox 2495 4067 4055 4136">
     <span class='ocr_line' id='line_1_86' title="bbox 2495 4067 4055 4136; baseline 0.004 -18"><span class='ocrx_word' id='word_1_673' title='bbox 2495 4067 2788 4136; x_wconf 75' lang='grc' dir='ltr'><strong>μονογενὴς</strong></span> <span class='ocrx_word' id='word_1_674' title='bbox 2820 4067 2947 4130; x_wconf 83' lang='grc' dir='ltr'><strong>Υίὸς</strong></span> <span class='ocrx_word' id='word_1_675' title='bbox 2980 4069 3071 4119; x_wconf 71' lang='grc' dir='ltr'><strong>επὶ</strong></span> <span class='ocrx_word' id='word_1_676' title='bbox 3099 4071 3194 4136; x_wconf 71' lang='grc' dir='ltr'><strong>τῆς</strong></span> <span class='ocrx_word' id='word_1_677' title='bbox 3218 4068 3320 4135; x_wconf 81' lang='grc' dir='ltr'><strong>γῆς</strong></span> <span class='ocrx_word' id='word_1_678' title='bbox 3347 4067 3525 4136; x_wconf 71' lang='grc' dir='ltr'><strong>ὤφθη,</strong></span> <span class='ocrx_word' id='word_1_679' title='bbox 3558 4069 3656 4121; x_wconf 76' lang='grc' dir='ltr'><strong>καὶ</strong></span> <span class='ocrx_word' id='word_1_680' title='bbox 3693 4071 3839 4122; x_wconf 80' lang='grc' dir='ltr'><strong>κατά</strong></span> <span class='ocrx_word' id='word_1_681' title='bbox 3874 4072 4055 4123; x_wconf 77' lang='grc' dir='ltr'><strong>πάντα</strong></span> 
     </span>
    </p>
   </div>
   <div class='ocr_carea' id='block_1_87' title="bbox 2491 4158 4055 4232">
    <p class='ocr_par' dir='ltr' id='par_1_87' title="bbox 2491 4158 4055 4232">
     <span class='ocr_line' id='line_1_87' title="bbox 2491 4158 4055 4232; baseline 0.003 -24"><span class='ocrx_word' id='word_1_682' title='bbox 2491 4159 2624 4226; x_wconf 80' lang='grc' dir='ltr'><strong>ἡμῖν</strong></span> <span class='ocrx_word' id='word_1_683' title='bbox 2661 4158 2946 4225; x_wconf 72' lang='grc' dir='ltr'><strong>ὀμοιωθεὶς</strong></span> <span class='ocrx_word' id='word_1_684' title='bbox 2992 4159 3156 4229; x_wconf 85' lang='grc' dir='ltr'><strong>χωρὶς</strong></span> <span class='ocrx_word' id='word_1_685' title='bbox 3205 4159 3481 4227; x_wconf 82' lang='grc' dir='ltr'><strong>ἁμαρτίας</strong></span> <span class='ocrx_word' id='word_1_686' title='bbox 3507 4161 3598 4211; x_wconf 78' lang='grc' dir='ltr'><strong>τόν</strong></span> <span class='ocrx_word' id='word_1_687' title='bbox 3641 4175 3700 4211; x_wconf 91' lang='grc' dir='ltr'><strong>τε</strong></span> <span class='ocrx_word' id='word_1_688' title='bbox 3735 4161 4055 4232; x_wconf 74' lang='grc' dir='ltr'><strong>ἀποστάτην</strong></span> 
     </span>
    </p>
   </div>
   <div class='ocr_carea' id='block_1_88' title="bbox 2491 4249 4055 4323">
    <p class='ocr_par' dir='ltr' id='par_1_88' title="bbox 2491 4249 4055 4323">
     <span class='ocr_line' id='line_1_88' title="bbox 2491 4249 4055 4323; baseline 0.003 -22"><span class='ocrx_word' id='word_1_689' title='bbox 2491 4251 2584 4302; x_wconf 79' lang='grc' dir='ltr'><strong>καὶ</strong></span> <span class='ocrx_word' id='word_1_690' title='bbox 2609 4249 2732 4310; x_wconf 79' lang='grc' dir='ltr'><strong>τοὺς</strong></span> <span class='ocrx_word' id='word_1_691' title='bbox 2765 4249 2854 4301; x_wconf 81' lang='grc' dir='ltr'><strong>ὑπ’</strong></span> <span class='ocrx_word' id='word_1_692' title='bbox 2878 4250 3039 4302; x_wconf 75' lang='grc' dir='ltr'><strong>αὐτὸν</strong></span> <span class='ocrx_word' id='word_1_693' title='bbox 3063 4250 3198 4318; x_wconf 86' lang='grc' dir='ltr'><strong>μετά</strong></span> <span class='ocrx_word' id='word_1_694' title='bbox 3228 4251 3475 4318; x_wconf 83' lang='grc' dir='ltr'><strong>σώματος</strong></span> <span class='ocrx_word' id='word_1_695' title='bbox 3501 4255 3748 4320; x_wconf 74' lang='grc' dir='ltr'><strong>νικήσας,</strong></span> <span class='ocrx_word' id='word_1_696' title='bbox 3773 4252 3868 4316; x_wconf 82' lang='grc' dir='ltr'><strong>οῦς</strong></span> <span class='ocrx_word' id='word_1_697' title='bbox 3894 4255 4055 4323; x_wconf 77' lang='grc' dir='ltr'><strong>ὑμεῖς</strong></span> 
     </span>
    </p>
   </div>
   <div class='ocr_carea' id='block_1_89' title="bbox 2488 4341 4054 4412">
    <p class='ocr_par' dir='ltr' id='par_1_89' title="bbox 2488 4341 4054 4412">
     <span class='ocr_line' id='line_1_89' title="bbox 2488 4341 4054 4412; baseline 0.004 -20"><span class='ocrx_word' id='word_1_698' title='bbox 2488 4341 2708 4409; x_wconf 68' lang='grc' dir='ltr'><strong>ἡγεῖσθε</strong></span> <span class='ocrx_word' id='word_1_699' title='bbox 2772 4341 2944 4406; x_wconf 79' lang='grc' dir='ltr'><strong>θεοὺς,</strong></span> <span class='ocrx_word' id='word_1_700' title='bbox 2998 4343 3134 4410; x_wconf 82' lang='grc' dir='ltr'><strong>πρὸς</strong></span> <span class='ocrx_word' id='word_1_701' title='bbox 3179 4343 3277 4409; x_wconf 83' lang='grc' dir='ltr'><strong>τὴν</strong></span> <span class='ocrx_word' id='word_1_702' title='bbox 3323 4343 3555 4412; x_wconf 75' lang='grc' dir='ltr'><strong>ἀρχαίαν</strong></span> <span class='ocrx_word' id='word_1_703' title='bbox 3591 4345 3737 4412; x_wconf 76' lang='grc' dir='ltr'><strong>ἡμᾶς</strong></span> <span class='ocrx_word' id='word_1_704' title='bbox 3787 4345 4054 4412; x_wconf 57' lang='lat' dir='ltr'><strong>saeviret</strong></span> 
     </span>
    </p>
   </div>
   <div class='ocr_carea' id='block_1_90' title="bbox 2489 4431 4053 4503">
    <p class='ocr_par' dir='ltr' id='par_1_90' title="bbox 2489 4431 4053 4503">
     <span class='ocr_line' id='line_1_90' title="bbox 2489 4431 4053 4503; baseline 0.003 -19"><span class='ocrx_word' id='word_1_705' title='bbox 2489 4431 2787 4497; x_wconf 71' lang='grc' dir='ltr'><strong>εὐγένειαν,</strong></span> <span class='ocrx_word' id='word_1_706' title='bbox 2845 4431 2941 4484; x_wconf 79' lang='grc' dir='ltr'><strong>καὶ</strong></span> <span class='ocrx_word' id='word_1_707' title='bbox 2992 4433 3155 4484; x_wconf 85' lang='grc' dir='ltr'><strong>πάλιν</strong></span> <span class='ocrx_word' id='word_1_708' title='bbox 3201 4433 3336 4503; x_wconf 75' lang='grc' dir='ltr'><strong>πρὸς</strong></span> <span class='ocrx_word' id='word_1_709' title='bbox 3386 4435 3478 4484; x_wconf 79' lang='grc' dir='ltr'><strong>τὸν</strong></span> <span class='ocrx_word' id='word_1_710' title='bbox 3526 4433 3740 4502; x_wconf 71' lang='grc' dir='ltr'><strong>Πατέρα</strong></span> <span class='ocrx_word' id='word_1_711' title='bbox 3783 4435 3925 4503; x_wconf 80' lang='grc' dir='ltr'><strong>μετά</strong></span> <span class='ocrx_word' id='word_1_712' title='bbox 3959 4434 4053 4488; x_wconf 88' lang='grc' dir='ltr'><strong>τοῦ</strong></span> 
     </span>
    </p>
   </div>
   <div class='ocr_carea' id='block_1_91' title="bbox 2489 4517 4053 4592">
    <p class='ocr_par' dir='ltr' id='par_1_91' title="bbox 2489 4517 4053 4592">
     <span class='ocr_line' id='line_1_91' title="bbox 2489 4517 4053 4592; baseline 0.003 -19"><span class='ocrx_word' id='word_1_713' title='bbox 2489 4523 2916 4592; x_wconf 85' lang='grc' dir='ltr'><strong>προσλήμματος</strong></span> <span class='ocrx_word' id='word_1_714' title='bbox 2952 4522 3147 4592; x_wconf 73' lang='grc' dir='ltr'><strong>ἄνεισι,</strong></span> <span class='ocrx_word' id='word_1_715' title='bbox 3179 4523 3298 4592; x_wconf 78' lang='grc' dir='ltr'><strong>μεθ’</strong></span> <span class='ocrx_word' id='word_1_716' title='bbox 3323 4517 3387 4576; x_wconf 73' lang='grc' dir='ltr'><strong>οῦ</strong></span> <span class='ocrx_word' id='word_1_717' title='bbox 3430 4524 3525 4575; x_wconf 81' lang='grc' dir='ltr'><strong>καὶ</strong></span> <span class='ocrx_word' id='word_1_718' title='bbox 3574 4525 3697 4592; x_wconf 72' lang='grc' dir='ltr'><strong>ἥξει</strong></span> <span class='ocrx_word' id='word_1_719' title='bbox 3733 4525 3923 4588; x_wconf 83' lang='grc' dir='ltr'><strong>πάλιν,</strong></span> <span class='ocrx_word' id='word_1_720' title='bbox 3961 4527 4053 4578; x_wconf 76' lang='grc' dir='ltr'><strong>καὶ</strong></span> 
     </span>
    </p>
   </div>
   <div class='ocr_carea' id='block_1_92' title="bbox 2489 4607 4051 4684">
    <p class='ocr_par' dir='ltr' id='par_1_92' title="bbox 2489 4607 4051 4684">
     <span class='ocr_line' id='line_1_92' title="bbox 2489 4607 4051 4684; baseline 0.006 -22"><span class='ocrx_word' id='word_1_721' title='bbox 2489 4614 2598 4664; x_wconf 77' lang='grc' dir='ltr'><strong>πᾶν</strong></span> <span class='ocrx_word' id='word_1_722' title='bbox 2627 4611 2690 4664; x_wconf 83' lang='grc' dir='ltr'><strong>τδ</strong></span> <span class='ocrx_word' id='word_1_723' title='bbox 2723 4613 2947 4679; x_wconf 87' lang='grc' dir='ltr'><strong>πλάσμα</strong></span> <span class='ocrx_word' id='word_1_724' title='bbox 2974 4613 3211 4679; x_wconf 79' lang='grc' dir='ltr'><strong>συνάξει,</strong></span> <span class='ocrx_word' id='word_1_725' title='bbox 3239 4613 3395 4680; x_wconf 85' lang='grc' dir='ltr'><strong>λόγον</strong></span> <span class='ocrx_word' id='word_1_726' title='bbox 3417 4613 3588 4666; x_wconf 82' lang='grc' dir='ltr'><strong>δώσον</strong></span> <span class='ocrx_word' id='word_1_727' title='bbox 3617 4607 3691 4667; x_wconf 78' lang='grc' dir='ltr'><strong>ὧν</strong></span> <span class='ocrx_word' id='word_1_728' title='bbox 3712 4609 3771 4667; x_wconf 85' lang='grc' dir='ltr'><strong>εὖ</strong></span> <span class='ocrx_word' id='word_1_729' title='bbox 3802 4615 3836 4684; x_wconf 74' lang='grc' dir='ltr'>ἢ</span> <span class='ocrx_word' id='word_1_730' title='bbox 3862 4616 4051 4678; x_wconf 74' lang='grc' dir='ltr'><strong>κακῶς</strong></span> 
     </span>
    </p>
   </div>
   <div class='ocr_carea' id='block_1_93' title="bbox 2490 4704 2834 4772">
    <p class='ocr_par' dir='ltr' id='par_1_93' title="bbox 2490 4704 2834 4772">
     <span class='ocr_line' id='line_1_93' title="bbox 2490 4704 2834 4772; baseline 0.009 -17"><span class='ocrx_word' id='word_1_731' title='bbox 2490 4704 2834 4772; x_wconf 78' lang='grc' dir='ltr'><strong>διεπράξατο.</strong></span> 
     </span>
    </p>
   </div>
   <div class='ocr_carea' id='block_1_94' title="bbox 833 4796 4049 4869">
    <p class='ocr_par' dir='ltr' id='par_1_94' title="bbox 833 4796 4049 4869">
     <span class='ocr_line' id='line_1_94' title="bbox 833 4796 4049 4869; baseline 0.001 -16"><span class='ocrx_word' id='word_1_732' title='bbox 833 4797 1154 4861; x_wconf 88' lang='lat' dir='ltr'><strong>immittere,</strong></span> <span class='ocrx_word' id='word_1_733' title='bbox 1190 4809 1247 4852; x_wconf 76' lang='lat' dir='ltr'><strong>ut</strong></span> <span class='ocrx_word' id='word_1_734' title='bbox 1281 4813 1402 4866; x_wconf 69' lang='lat' dir='ltr'><strong>quae</strong></span> <span class='ocrx_word' id='word_1_735' title='bbox 1437 4813 1466 4851; x_wconf 91' lang='lat' dir='ltr'><strong>a</strong></span> <span class='ocrx_word' id='word_1_736' title='bbox 1496 4813 1736 4867; x_wconf 89' lang='lat' dir='ltr'><strong>superna</strong></span> <span class='ocrx_word' id='word_1_737' title='bbox 1771 4813 1874 4866; x_wconf 92' lang='lat' dir='ltr'><strong>ope</strong></span> <span class='ocrx_word' id='word_1_738' title='bbox 1912 4807 2059 4852; x_wconf 89' lang='lat' dir='ltr'><strong>esset</strong></span> <span class='ocrx_word' id='word_1_739' title='bbox 2092 4797 2378 4860; x_wconf 87' lang='lat' dir='ltr'><strong>destituta,</strong></span> <span class='ocrx_word' id='word_1_740' title='bbox 2419 4796 2558 4850; x_wconf 89' lang='lat' dir='ltr'><strong>adeo</strong></span> <span class='ocrx_word' id='word_1_741' title='bbox 2587 4806 2648 4856; x_wconf 89' lang='lat' dir='ltr'><strong>ut</strong></span> <span class='ocrx_word' id='word_1_742' title='bbox 2682 4797 2964 4852; x_wconf 87' lang='lat' dir='ltr'><strong>hominem</strong></span> <span class='ocrx_word' id='word_1_743' title='bbox 3013 4797 3305 4853; x_wconf 91' lang='lat' dir='ltr'><strong>abduxerit</strong></span> <span class='ocrx_word' id='word_1_744' title='bbox 3334 4814 3366 4852; x_wconf 91' lang='lat' dir='ltr'><strong>a</strong></span> <span class='ocrx_word' id='word_1_745' title='bbox 3392 4800 3502 4854; x_wconf 91' lang='lat' dir='ltr'><strong>Deo</strong></span> <span class='ocrx_word' id='word_1_746' title='bbox 3529 4802 3623 4869; x_wconf 92' lang='lat' dir='ltr'><strong>qui</strong></span> <span class='ocrx_word' id='word_1_747' title='bbox 3693 4816 3822 4855; x_wconf 90' lang='lat' dir='ltr'><strong>eum</strong></span> <span class='ocrx_word' id='word_1_748' title='bbox 3889 4816 4049 4856; x_wconf 85' lang='lat' dir='ltr'><strong>crea-</strong></span> 
     </span>
    </p>
   </div>
   <div class='ocr_carea' id='block_1_95' title="bbox 833 4888 4052 4957">
    <p class='ocr_par' dir='ltr' id='par_1_95' title="bbox 833 4888 4052 4957">
     <span class='ocr_line' id='line_1_95' title="bbox 833 4888 4052 4957; baseline 0.001 -14"><span class='ocrx_word' id='word_1_749' title='bbox 833 4896 921 4943; x_wconf 85' lang='lat' dir='ltr'><strong>rat</strong></span> <span class='ocrx_word' id='word_1_750' title='bbox 964 4897 1020 4941; x_wconf 92' lang='lat' dir='ltr'><strong>et</strong></span> <span class='ocrx_word' id='word_1_751' title='bbox 1065 4890 1392 4943; x_wconf 83' lang='lat' dir='ltr'><strong>formaverat</strong></span> <span class='ocrx_word' id='word_1_752' title='bbox 1425 4907 1438 4943; x_wconf 91' lang='lat'><strong>:</strong></span> <span class='ocrx_word' id='word_1_753' title='bbox 1472 4889 1757 4944; x_wconf 91' lang='lat' dir='ltr'><strong>deduxerit</strong></span> <span class='ocrx_word' id='word_1_754' title='bbox 1793 4905 1925 4943; x_wconf 92' lang='lat' dir='ltr'><strong>vero</strong></span> <span class='ocrx_word' id='word_1_755' title='bbox 1953 4890 2020 4942; x_wconf 92' lang='lat' dir='ltr'><strong>ad</strong></span> <span class='ocrx_word' id='word_1_756' title='bbox 2081 4889 2372 4943; x_wconf 85' lang='lat' dir='ltr'><strong>simulacra</strong></span> <span class='ocrx_word' id='word_1_757' title='bbox 2403 4895 2458 4942; x_wconf 92' lang='lat' dir='ltr'><strong>et</strong></span> <span class='ocrx_word' id='word_1_758' title='bbox 2496 4902 2752 4942; x_wconf 89' lang='lat' dir='ltr'><strong>manuum</strong></span> <span class='ocrx_word' id='word_1_759' title='bbox 2788 4888 3063 4957; x_wconf 73' lang='lat' dir='ltr'><strong>figmenta,</strong></span> <span class='ocrx_word' id='word_1_760' title='bbox 3090 4897 3144 4943; x_wconf 89' lang='lat' dir='ltr'><strong>et</strong></span> <span class='ocrx_word' id='word_1_761' title='bbox 3183 4889 3430 4944; x_wconf 63' lang='lat' dir='ltr'><strong>eiecerit</strong></span> <span class='ocrx_word' id='word_1_762' title='bbox 3459 4899 3517 4944; x_wconf 90' lang='lat' dir='ltr'><strong>ut</strong></span> <span class='ocrx_word' id='word_1_763' title='bbox 3540 4907 3630 4945; x_wconf 89' lang='lat' dir='ltr'><strong>res</strong></span> <span class='ocrx_word' id='word_1_764' title='bbox 3659 4899 3846 4946; x_wconf 85' lang='lat' dir='ltr'><strong>creata</strong></span> <span class='ocrx_word' id='word_1_765' title='bbox 3871 4894 4052 4948; x_wconf 81' lang='lat' dir='ltr'><strong>insur-</strong></span> 
     </span>
    </p>
   </div>
   <div class='ocr_carea' id='block_1_96' title="bbox 831 4979 4050 5061">
    <p class='ocr_par' dir='ltr' id='par_1_96' title="bbox 831 4979 4050 5061">
     <span class='ocr_line' id='line_1_96' title="bbox 831 4979 4050 5061; baseline 0.002 -27"><span class='ocrx_word' id='word_1_766' title='bbox 831 4987 987 5061; x_wconf 80' lang='lat' dir='ltr'><strong>geret</strong></span> <span class='ocrx_word' id='word_1_767' title='bbox 1025 4982 1288 5034; x_wconf 87' lang='lat' dir='ltr'><strong>adversus</strong></span> <span class='ocrx_word' id='word_1_768' title='bbox 1325 4989 1653 5034; x_wconf 87' lang='lat' dir='ltr'><strong>creatorem.</strong></span> <span class='ocrx_word' id='word_1_769' title='bbox 1701 4980 1840 5036; x_wconf 82' lang='lat' dir='ltr'><strong>Hinc</strong></span> <span class='ocrx_word' id='word_1_770' title='bbox 1891 4979 1979 5034; x_wconf 90' lang='lat' dir='ltr'><strong>lex</strong></span> <span class='ocrx_word' id='word_1_771' title='bbox 2023 4979 2149 5034; x_wconf 91' lang='lat' dir='ltr'><strong>data</strong></span> <span class='ocrx_word' id='word_1_772' title='bbox 2193 4989 2278 5034; x_wconf 88' lang='lat' dir='ltr'><strong>est</strong></span> <span class='ocrx_word' id='word_1_773' title='bbox 2321 4979 2389 5034; x_wconf 90' lang='lat' dir='ltr'><strong>ad</strong></span> <span class='ocrx_word' id='word_1_774' title='bbox 2429 4981 2829 5034; x_wconf 88' lang='lat' dir='ltr'><strong>correctionem</strong></span> <span class='ocrx_word' id='word_1_775' title='bbox 2864 4991 2963 5034; x_wconf 92' lang='lat' dir='ltr'><strong>:et</strong></span> <span class='ocrx_word' id='word_1_776' title='bbox 3022 4982 3306 5049; x_wconf 66' lang='lat' dir='ltr'><strong>prophetae</strong></span> <span class='ocrx_word' id='word_1_777' title='bbox 3347 4997 3506 5050; x_wconf 90' lang='lat' dir='ltr'><strong>opem</strong></span> <span class='ocrx_word' id='word_1_778' title='bbox 3579 4982 3766 5036; x_wconf 77' lang='lat' dir='ltr'><strong>ferunt</strong></span> <span class='ocrx_word' id='word_1_779' title='bbox 3808 4984 3906 5039; x_wconf 89' lang='lat' dir='ltr'><strong>Dei</strong></span> <span class='ocrx_word' id='word_1_780' title='bbox 3950 4985 4050 5056; x_wconf 78' lang='lat' dir='ltr'><strong>lig-</strong></span> 
     </span>
    </p>
   </div>
   <div class='ocr_carea' id='block_1_97' title="bbox 834 5071 4052 5146">
    <p class='ocr_par' dir='ltr' id='par_1_97' title="bbox 834 5071 4052 5146">
     <span class='ocr_line' id='line_1_97' title="bbox 834 5071 4052 5146; baseline 0.002 -23"><span class='ocrx_word' id='word_1_781' title='bbox 834 5079 1042 5133; x_wconf 90' lang='lat' dir='ltr'><strong>mento,</strong></span> <span class='ocrx_word' id='word_1_782' title='bbox 1076 5080 1131 5123; x_wconf 92' lang='lat' dir='ltr'><strong>et</strong></span> <span class='ocrx_word' id='word_1_783' title='bbox 1167 5085 1290 5124; x_wconf 89' lang='lat' dir='ltr'><strong>cum</strong></span> <span class='ocrx_word' id='word_1_784' title='bbox 1321 5079 1466 5126; x_wconf 86' lang='lat' dir='ltr'><strong>esset</strong></span> <span class='ocrx_word' id='word_1_785' title='bbox 1497 5072 1721 5126; x_wconf 92' lang='lat' dir='ltr'><strong>morbus</strong></span> <span class='ocrx_word' id='word_1_786' title='bbox 1751 5071 2194 5136; x_wconf 86' lang='lat' dir='ltr'><strong>immedicabilis,</strong></span> <span class='ocrx_word' id='word_1_787' title='bbox 2234 5081 2290 5126; x_wconf 91' lang='lat' dir='ltr'><strong>et</strong></span> <span class='ocrx_word' id='word_1_788' title='bbox 2318 5071 2384 5125; x_wconf 92' lang='lat' dir='ltr'><strong>ad</strong></span> <span class='ocrx_word' id='word_1_789' title='bbox 2424 5071 2697 5126; x_wconf 86' lang='lat' dir='ltr'><strong>deteriora</strong></span> <span class='ocrx_word' id='word_1_790' title='bbox 2768 5072 3176 5138; x_wconf 88' lang='lat' dir='ltr'><strong>extenderctur,</strong></span> <span class='ocrx_word' id='word_1_791' title='bbox 3225 5072 3340 5141; x_wconf 87' lang='lat' dir='ltr'><strong>ipse</strong></span> <span class='ocrx_word' id='word_1_792' title='bbox 3390 5072 3565 5127; x_wconf 83' lang='lat' dir='ltr'><strong>Patris</strong></span> <span class='ocrx_word' id='word_1_793' title='bbox 3612 5073 3782 5129; x_wconf 86' lang='lat' dir='ltr'><strong>l-‘ilius</strong></span> <span class='ocrx_word' id='word_1_794' title='bbox 3861 5077 4052 5146; x_wconf 77' lang='lat' dir='ltr'><strong>unige-</strong></span> 
     </span>
    </p>
   </div>
   <div class='ocr_carea' id='block_1_98' title="bbox 835 5161 4048 5238">
    <p class='ocr_par' dir='ltr' id='par_1_98' title="bbox 835 5161 4048 5238">
     <span class='ocr_line' id='line_1_98' title="bbox 835 5161 4048 5238; baseline 0.003 -25"><span class='ocrx_word' id='word_1_795' title='bbox 835 5161 1159 5215; x_wconf 67' lang='lat' dir='ltr'><strong>nitus‘visus</strong></span> <span class='ocrx_word' id='word_1_796' title='bbox 1177 5171 1262 5215; x_wconf 91' lang='lat' dir='ltr'><strong>est</strong></span> <span class='ocrx_word' id='word_1_797' title='bbox 1291 5162 1348 5216; x_wconf 88' lang='lat' dir='ltr'><strong>in</strong></span> <span class='ocrx_word' id='word_1_798' title='bbox 1377 5171 1542 5228; x_wconf 87' lang='lat' dir='ltr'><strong>terra,</strong></span> <span class='ocrx_word' id='word_1_799' title='bbox 1573 5164 1715 5217; x_wconf 91' lang='lat' dir='ltr'><strong>etin</strong></span> <span class='ocrx_word' id='word_1_800' title='bbox 1745 5163 2003 5217; x_wconf 87' lang='lat' dir='ltr'><strong>omnibus</strong></span> <span class='ocrx_word' id='word_1_801' title='bbox 2035 5172 2123 5218; x_wconf 85' lang='lat' dir='ltr'><strong>est</strong></span> <span class='ocrx_word' id='word_1_802' title='bbox 2181 5161 2414 5218; x_wconf 79' lang='lat' dir='ltr'><strong>en‘cctus</strong></span> <span class='ocrx_word' id='word_1_803' title='bbox 2487 5162 2686 5217; x_wconf 86' lang='lat' dir='ltr'><strong>similis</strong></span> <span class='ocrx_word' id='word_1_804' title='bbox 2743 5163 2904 5217; x_wconf 89' lang='lat' dir='ltr'><strong>nobis</strong></span> <span class='ocrx_word' id='word_1_805' title='bbox 2959 5165 3166 5233; x_wconf 90' lang='lat' dir='ltr'><strong>absque</strong></span> <span class='ocrx_word' id='word_1_806' title='bbox 3206 5174 3453 5234; x_wconf 89' lang='lat' dir='ltr'><strong>peccato,</strong></span> <span class='ocrx_word' id='word_1_807' title='bbox 3502 5173 3559 5220; x_wconf 90' lang='lat' dir='ltr'><strong>et</strong></span> <span class='ocrx_word' id='word_1_808' title='bbox 3607 5181 3734 5220; x_wconf 88' lang='lat' dir='ltr'><strong>cum</strong></span> <span class='ocrx_word' id='word_1_809' title='bbox 3780 5182 3911 5222; x_wconf 88' lang='lat' dir='ltr'><strong>em</strong></span> <span class='ocrx_word' id='word_1_810' title='bbox 3957 5172 4048 5238; x_wconf 90' lang='lat' dir='ltr'><strong>qni</strong></span> 
     </span>
    </p>
   </div>
   <div class='ocr_carea' id='block_1_99' title="bbox 835 5251 4049 5329">
    <p class='ocr_par' dir='ltr' id='par_1_99' title="bbox 835 5251 4049 5329">
     <span class='ocr_line' id='line_1_99' title="bbox 835 5251 4049 5329; baseline 0.003 -25"><span class='ocrx_word' id='word_1_811' title='bbox 835 5251 1127 5315; x_wconf 79' lang='lat' dir='ltr'><strong>defecerat,</strong></span> <span class='ocrx_word' id='word_1_812' title='bbox 1162 5263 1218 5307; x_wconf 94' lang='lat' dir='ltr'><strong>et</strong></span> <span class='ocrx_word' id='word_1_813' title='bbox 1262 5267 1356 5307; x_wconf 86' lang='lat' dir='ltr'><strong>eos</strong></span> <span class='ocrx_word' id='word_1_814' title='bbox 1383 5254 1475 5321; x_wconf 90' lang='lat' dir='ltr'><strong>qui</strong></span> <span class='ocrx_word' id='word_1_815' title='bbox 1521 5254 1644 5323; x_wconf 80' lang='lat' dir='ltr'><strong>ejus</strong></span> <span class='ocrx_word' id='word_1_816' title='bbox 1691 5264 1883 5322; x_wconf 86' lang='lat' dir='ltr'><strong>parent</strong></span> <span class='ocrx_word' id='word_1_817' title='bbox 1933 5254 2164 5322; x_wconf 92' lang='lat' dir='ltr'><strong>imperio</strong></span> <span class='ocrx_word' id='word_1_818' title='bbox 2191 5291 2206 5317; x_wconf 88' lang='lat'><strong>,</strong></span> <span class='ocrx_word' id='word_1_819' title='bbox 2260 5269 2384 5308; x_wconf 90' lang='lat' dir='ltr'><strong>cum</strong></span> <span class='ocrx_word' id='word_1_820' title='bbox 2425 5269 2660 5324; x_wconf 89' lang='lat' dir='ltr'><strong>corpore</strong></span> <span class='ocrx_word' id='word_1_821' title='bbox 2707 5253 2950 5318; x_wconf 83' lang='lat' dir='ltr'><strong>vicisse‘t,</strong></span> <span class='ocrx_word' id='word_1_822' title='bbox 3008 5270 3147 5324; x_wconf 92' lang='lat' dir='ltr'><strong>quos</strong></span> <span class='ocrx_word' id='word_1_823' title='bbox 3193 5271 3293 5310; x_wconf 93' lang='lat' dir='ltr'><strong>vos</strong></span> <span class='ocrx_word' id='word_1_824' title='bbox 3317 5256 3450 5311; x_wconf 90' lang='lat' dir='ltr'><strong>deos</strong></span> <span class='ocrx_word' id='word_1_825' title='bbox 3477 5271 3596 5312; x_wconf 85' lang='lat' dir='ltr'><strong>esse</strong></span> <span class='ocrx_word' id='word_1_826' title='bbox 3654 5261 3884 5329; x_wconf 88' lang='lat' dir='ltr'><strong>putatis,</strong></span> <span class='ocrx_word' id='word_1_827' title='bbox 3951 5275 4049 5315; x_wconf 88' lang='lat' dir='ltr'><strong>nos</strong></span> 
     </span>
    </p>
   </div>
   <div class='ocr_carea' id='block_1_100' title="bbox 834 5341 4049 5418">
    <p class='ocr_par' dir='ltr' id='par_1_100' title="bbox 834 5341 4049 5418">
     <span class='ocr_line' id='line_1_100' title="bbox 834 5341 4049 5418; baseline 0.003 -22"><span class='ocrx_word' id='word_1_828' title='bbox 834 5341 903 5396; x_wconf 92' lang='lat' dir='ltr'><strong>ad</strong></span> <span class='ocrx_word' id='word_1_829' title='bbox 931 5343 1206 5411; x_wconf 80' lang='lat' dir='ltr'><strong>antiquam</strong></span> <span class='ocrx_word' id='word_1_830' title='bbox 1247 5343 1463 5398; x_wconf 91' lang='lat' dir='ltr'><strong>reduxit</strong></span> <span class='ocrx_word' id='word_1_831' title='bbox 1494 5347 1873 5409; x_wconf 87' lang='lat' dir='ltr'><strong>nobilitatem,</strong></span> <span class='ocrx_word' id='word_1_832' title='bbox 1899 5355 1955 5400; x_wconf 91' lang='lat' dir='ltr'><strong>et</strong></span> <span class='ocrx_word' id='word_1_833' title='bbox 1993 5361 2186 5400; x_wconf 89' lang='lat' dir='ltr'><strong>rursus</strong></span> <span class='ocrx_word' id='word_1_834' title='bbox 2209 5345 2458 5400; x_wconf 89' lang='lat' dir='ltr'><strong>ascendit</strong></span> <span class='ocrx_word' id='word_1_835' title='bbox 2522 5345 2590 5400; x_wconf 88' lang='lat' dir='ltr'><strong>ad</strong></span> <span class='ocrx_word' id='word_1_836' title='bbox 2637 5345 2855 5400; x_wconf 89' lang='lat' dir='ltr'><strong>Patrem</strong></span> <span class='ocrx_word' id='word_1_837' title='bbox 2905 5360 3029 5400; x_wconf 89' lang='lat' dir='ltr'><strong>cum</strong></span> <span class='ocrx_word' id='word_1_838' title='bbox 3096 5360 3165 5400; x_wconf 90' lang='lat' dir='ltr'><strong>eo</strong></span> <span class='ocrx_word' id='word_1_839' title='bbox 3228 5346 3375 5416; x_wconf 91' lang='lat' dir='ltr'><strong>quod</strong></span> <span class='ocrx_word' id='word_1_840' title='bbox 3404 5359 3794 5418; x_wconf 87' lang='lat' dir='ltr'><strong>assumpserat.</strong></span> <span class='ocrx_word' id='word_1_841' title='bbox 3837 5359 3894 5406; x_wconf 90' lang='lat' dir='ltr'><strong>et</strong></span> <span class='ocrx_word' id='word_1_842' title='bbox 3956 5367 4049 5406; x_wconf 86' lang='lat' dir='ltr'><strong>ve-</strong></span> 
     </span>
    </p>
   </div>
   <div class='ocr_carea' id='block_1_101' title="bbox 836 5434 4046 5510">
    <p class='ocr_par' dir='ltr' id='par_1_101' title="bbox 836 5434 4046 5510">
     <span class='ocr_line' id='line_1_101' title="bbox 836 5434 4046 5510; baseline 0.003 -22"><span class='ocrx_word' id='word_1_843' title='bbox 836 5434 952 5489; x_wconf 92' lang='lat' dir='ltr'><strong>niet</strong></span> <span class='ocrx_word' id='word_1_844' title='bbox 997 5434 1101 5490; x_wconf 81' lang='lat' dir='ltr'><strong>hac</strong></span> <span class='ocrx_word' id='word_1_845' title='bbox 1146 5435 1254 5490; x_wconf 90' lang='lat' dir='ltr'><strong>vita</strong></span> <span class='ocrx_word' id='word_1_846' title='bbox 1280 5437 1568 5504; x_wconf 86' lang='lat' dir='ltr'><strong>dissoluta,</strong></span> <span class='ocrx_word' id='word_1_847' title='bbox 1599 5445 1654 5492; x_wconf 92' lang='lat' dir='ltr'><strong>et</strong></span> <span class='ocrx_word' id='word_1_848' title='bbox 1702 5438 2057 5508; x_wconf 89' lang='lat' dir='ltr'><strong>congregabit</strong></span> <span class='ocrx_word' id='word_1_849' title='bbox 2087 5451 2249 5492; x_wconf 90' lang='lat' dir='ltr'><strong>omne</strong></span> <span class='ocrx_word' id='word_1_850' title='bbox 2291 5437 2917 5508; x_wconf 84' lang='lat' dir='ltr'><strong>ilgmentum,daturum</strong></span> <span class='ocrx_word' id='word_1_851' title='bbox 2948 5438 3217 5492; x_wconf 88' lang='lat' dir='ltr'><strong>rationem</strong></span> <span class='ocrx_word' id='word_1_852' title='bbox 3282 5453 3476 5496; x_wconf 90' lang='lat' dir='ltr'><strong>eorum</strong></span> <span class='ocrx_word' id='word_1_853' title='bbox 3533 5455 3655 5510; x_wconf 71' lang='lat' dir='ltr'><strong>qua</strong></span> <span class='ocrx_word' id='word_1_854' title='bbox 3718 5440 3854 5498; x_wconf 78' lang='lat' dir='ltr'><strong>fecit</strong></span> <span class='ocrx_word' id='word_1_855' title='bbox 3906 5442 4046 5499; x_wconf 85' lang='lat' dir='ltr'><strong>bene</strong></span> 
     </span>
    </p>
   </div>
   <div class='ocr_carea' id='block_1_102' title="bbox 835 5525 1107 5582">
    <p class='ocr_par' dir='ltr' id='par_1_102' title="bbox 835 5525 1107 5582">
     <span class='ocr_line' id='line_1_102' title="bbox 835 5525 1107 5582; baseline 0.015 -4"><span class='ocrx_word' id='word_1_856' title='bbox 835 5525 920 5579; x_wconf 87' lang='lat' dir='ltr'><strong>vel</strong></span> <span class='ocrx_word' id='word_1_857' title='bbox 946 5526 1107 5582; x_wconf 92' lang='lat' dir='ltr'><strong>male.</strong></span> 
     </span>
    </p>
   </div>
   <div class='ocr_carea' id='block_1_103' title="bbox 907 5604 2551 5692">
    <p class='ocr_par' dir='ltr' id='par_1_103' title="bbox 907 5604 2462 5691">
     <span class='ocr_line' id='line_1_103' title="bbox 907 5604 2462 5691; baseline 0.003 -22"><span class='ocrx_word' id='word_1_858' title='bbox 907 5614 996 5670; x_wconf 79' lang='lat' dir='ltr'><strong>Xl.</strong></span> <span class='ocrx_word' id='word_1_859' title='bbox 1031 5615 1156 5672; x_wconf 66' lang='lat' dir='ltr'><strong>Haec</strong></span> <span class='ocrx_word' id='word_1_860' title='bbox 1182 5627 1329 5682; x_wconf 90' lang='lat' dir='ltr'><strong>sunt,</strong></span> <span class='ocrx_word' id='word_1_861' title='bbox 1359 5634 1391 5674; x_wconf 93' lang='grc' dir='ltr'><strong>ο</strong></span> <span class='ocrx_word' id='word_1_862' title='bbox 1415 5621 1600 5691; x_wconf 85' lang='lat' dir='ltr'><strong>judcx,</strong></span> <span class='ocrx_word' id='word_1_863' title='bbox 1636 5635 1833 5676; x_wconf 90' lang='lat' dir='ltr'><strong>arcana</strong></span> <span class='ocrx_word' id='word_1_864' title='bbox 1881 5604 2223 5676; x_wconf 70' lang='lat' dir='ltr'><strong>meonomiie.</strong></span> <span class='ocrx_word' id='word_1_865' title='bbox 2254 5621 2383 5675; x_wconf 87' lang='lat' dir='ltr'><strong>Pro-</strong></span> <span class='ocrx_word' id='word_1_866' title='bbox 2413 5632 2462 5688; x_wconf 85' lang='grc' dir='ltr'><strong>ο</strong></span> 
     </span>
    </p>
   </div>
   <div class='ocr_carea' id='block_1_104' title="bbox 2485 5604 4038 5692">
    <p class='ocr_par' dir='ltr' id='par_1_104' title="bbox 2559 5612 4038 5692">
     <span class='ocr_line' id='line_1_104' title="bbox 2559 5612 4038 5692; baseline 0.004 -22"><span class='ocrx_word' id='word_1_867' title='bbox 2559 5618 2661 5673; x_wconf 63' lang='lat' dir='ltr'><strong>IN.</strong></span> <span class='ocrx_word' id='word_1_868' title='bbox 2699 5617 2905 5685; x_wconf 80' lang='grc' dir='ltr'><strong>Ταῦτα,</strong></span> <span class='ocrx_word' id='word_1_869' title='bbox 2929 5612 2974 5672; x_wconf 82' lang='grc' dir='ltr'>ὧ</span> <span class='ocrx_word' id='word_1_870' title='bbox 3002 5618 3252 5684; x_wconf 79' lang='grc' dir='ltr'><strong>δικαστά,</strong></span> <span class='ocrx_word' id='word_1_871' title='bbox 3287 5619 3354 5673; x_wconf 77' lang='grc' dir='ltr'><strong>τά</strong></span> <span class='ocrx_word' id='word_1_872' title='bbox 3397 5618 3497 5688; x_wconf 82' lang='grc' dir='ltr'><strong>τῆς</strong></span> <span class='ocrx_word' id='word_1_873' title='bbox 3529 5620 3841 5691; x_wconf 80' lang='grc' dir='ltr'><strong>οίκονομίας</strong></span> <span class='ocrx_word' id='word_1_874' title='bbox 3869 5622 4038 5692; x_wconf 69' lang='grc' dir='ltr'><strong>ἀπόρ-</strong></span> 
     </span>
    </p>
   </div>
   <div class='ocr_carea' id='block_1_105' title="bbox 835 5710 2551 5783">
    <p class='ocr_par' dir='ltr' id='par_1_105' title="bbox 835 5711 2551 5781">
     <span class='ocr_line' id='line_1_105' title="bbox 835 5711 2551 5781; baseline 0.005 -23"><span class='ocrx_word' id='word_1_875' title='bbox 835 5714 1022 5774; x_wconf 90' lang='lat' dir='ltr'><strong>pterea</strong></span> <span class='ocrx_word' id='word_1_876' title='bbox 1055 5715 1218 5762; x_wconf 90' lang='lat' dir='ltr'><strong>estet</strong></span> <span class='ocrx_word' id='word_1_877' title='bbox 1245 5723 1402 5774; x_wconf 91' lang='lat' dir='ltr'><strong>crux,</strong></span> <span class='ocrx_word' id='word_1_878' title='bbox 1425 5720 1480 5765; x_wconf 93' lang='lat' dir='ltr'><strong>et</strong></span> <span class='ocrx_word' id='word_1_879' title='bbox 1508 5726 1675 5775; x_wconf 92' lang='lat' dir='ltr'><strong>mors,</strong></span> <span class='ocrx_word' id='word_1_880' title='bbox 1706 5720 1762 5766; x_wconf 91' lang='lat' dir='ltr'><strong>et</strong></span> <span class='ocrx_word' id='word_1_881' title='bbox 1809 5711 2109 5781; x_wconf 90' lang='lat' dir='ltr'><strong>sepultura,</strong></span> <span class='ocrx_word' id='word_1_882' title='bbox 2139 5726 2258 5780; x_wconf 62' lang='lat' dir='ltr'><strong>qua</strong></span> <span class='ocrx_word' id='word_1_883' title='bbox 2284 5727 2382 5766; x_wconf 89' lang='lat' dir='ltr'><strong>vos</strong></span> <span class='ocrx_word' id='word_1_884' title='bbox 2489 5712 2551 5779; x_wconf 63' lang='lat' dir='ltr'><strong>m</strong></span> 
     </span>
    </p>
   </div>
   <div class='ocr_carea' id='block_1_106' title="bbox 2485 5710 4034 5783">
    <p class='ocr_par' dir='ltr' id='par_1_106' title="bbox 2489 5710 4034 5783">
     <span class='ocr_line' id='line_1_106' title="bbox 2489 5710 4034 5783; baseline 0.003 -21"><span class='ocrx_word' id='word_1_885' title='bbox 2489 5712 2772 5783; x_wconf 57' lang='lat' dir='ltr'><strong>mea</strong></span> <span class='ocrx_word' id='word_1_886' title='bbox 2801 5710 2960 5763; x_wconf 87' lang='grc' dir='ltr'><strong>τοῦτο</strong></span> <span class='ocrx_word' id='word_1_887' title='bbox 2989 5711 3237 5778; x_wconf 70' lang='grc' dir='ltr'><strong>σταυρὸς,</strong></span> <span class='ocrx_word' id='word_1_888' title='bbox 3280 5711 3375 5764; x_wconf 81' lang='grc' dir='ltr'><strong>καὶ</strong></span> <span class='ocrx_word' id='word_1_889' title='bbox 3423 5710 3667 5778; x_wconf 77' lang='grc' dir='ltr'><strong>θάνατος,</strong></span> <span class='ocrx_word' id='word_1_890' title='bbox 3719 5714 3818 5766; x_wconf 79' lang='grc' dir='ltr'><strong>καὶ</strong></span> <span class='ocrx_word' id='word_1_891' title='bbox 3872 5729 4034 5782; x_wconf 73' lang='grc' dir='ltr'><strong>ταφη,</strong></span> 
     </span>
    </p>
   </div>
   <div class='ocr_carea' id='block_1_107' title="bbox 836 5796 2551 5874">
    <p class='ocr_par' dir='ltr' id='par_1_107' title="bbox 836 5796 2551 5872">
     <span class='ocr_line' id='line_1_107' title="bbox 836 5796 2551 5872; baseline 0 -18"><span class='ocrx_word' id='word_1_892' title='bbox 836 5812 961 5854; x_wconf 87' lang='lat' dir='ltr'><strong>cum</strong></span> <span class='ocrx_word' id='word_1_893' title='bbox 992 5796 1208 5855; x_wconf 87' lang='lat' dir='ltr'><strong>Christo</strong></span> <span class='ocrx_word' id='word_1_894' title='bbox 1250 5801 1512 5870; x_wconf 83' lang='lat' dir='ltr'><strong>objicitis,</strong></span> <span class='ocrx_word' id='word_1_895' title='bbox 1555 5818 1662 5858; x_wconf 90' lang='lat' dir='ltr'><strong>non</strong></span> <span class='ocrx_word' id='word_1_896' title='bbox 1693 5803 2124 5860; x_wconf 83' lang='lat' dir='ltr'><strong>animadvertitis</strong></span> <span class='ocrx_word' id='word_1_897' title='bbox 2157 5819 2252 5860; x_wconf 89' lang='lat' dir='ltr'><strong>vos</strong></span> <span class='ocrx_word' id='word_1_898' title='bbox 2284 5819 2381 5872; x_wconf 89' lang='lat' dir='ltr'><strong>per</strong></span> <span class='ocrx_word' id='word_1_899' title='bbox 2486 5803 2551 5854; x_wconf 37' lang='lat' dir='ltr'><strong>at</strong></span> 
     </span>
    </p>
   </div>
   <div class='ocr_carea' id='block_1_108' title="bbox 2485 5796 4034 5874">
    <p class='ocr_par' dir='ltr' id='par_1_108' title="bbox 2486 5801 4034 5874">
     <span class='ocr_line' id='line_1_108' title="bbox 2486 5801 4034 5874; baseline -0.009 -2"><span class='ocrx_word' id='word_1_900' title='bbox 2486 5803 2521 5854; x_wconf 68' lang='grc' dir='ltr'><strong>α</strong></span> <span class='ocrx_word' id='word_1_901' title='bbox 2547 5803 2701 5871; x_wconf 75' lang='grc' dir='ltr'><strong>ομιτς</strong></span> <span class='ocrx_word' id='word_1_902' title='bbox 2728 5801 2805 5870; x_wconf 75' lang='grc' dir='ltr'><strong>τῷ</strong></span> <span class='ocrx_word' id='word_1_903' title='bbox 2826 5803 3042 5873; x_wconf 76' lang='grc' dir='ltr'><strong>Χριστῷ</strong></span> <span class='ocrx_word' id='word_1_904' title='bbox 3069 5804 3152 5859; x_wconf 60' lang='grc' dir='ltr'><strong>ἐπ’</strong></span> <span class='ocrx_word' id='word_1_905' title='bbox 3187 5803 3389 5874; x_wconf 51' lang='grc' dir='ltr'><strong>ἀτιμίᾳ.</strong></span> <span class='ocrx_word' id='word_1_906' title='bbox 3421 5805 3780 5872; x_wconf 72' lang='grc' dir='ltr'><strong>προφέροντες</strong></span> <span class='ocrx_word' id='word_1_907' title='bbox 3813 5805 3898 5860; x_wconf 71' lang='grc' dir='ltr'><strong>διὰ</strong></span> <span class='ocrx_word' id='word_1_908' title='bbox 3921 5807 4034 5858; x_wconf 66' lang='grc' dir='ltr'><strong>τοῦ·</strong></span> 
     </span>
    </p>
   </div>
  </div>
