4242 6442
757 409 869 474 307
1917 395 2302 462 ADDENDA.
2337 422 2402 433 —
2442 384 2904 463 JANUARIUS.
3550 471 3557 474 _
3921 397 4036 465 sos

762 525 896 581 estis
927 524 1180 594 polliciti,
1213 537 1313 578 ero
1342 522 1464 592 ipse
1503 533 1728 590 quoque
1786 533 1955 575 verus
1990 515 2199 571 Christi
2251 513 2337 568 di—
2366 522 2409 575 Α

2371 522 2409 575 Α
2440 511 2592 576 νόσος
2610 511 2938 582 ἑπικρατοίη
2969 513 3035 582 τῇ
3057 510 3317 585 δρωμένῃ
3333 511 3506 588 ταύτῃ
3531 512 3658 584 δίκῃ
3679 514 3758 578 ὥς
3780 514 4046 567 ἀπατεῶ-

762 617 1052 687 scipulus,
1106 629 1338 670 excussa
1395 612 1745 668 dubitatione
1781 611 1909 666 :sin
1967 618 2153 664 autem
2216 608 2336 677 ejus

2437 621 2533 668 νας
2562 605 2709 673 ὑμᾶς
2740 603 2990 673 ἐμϐαλῶ.
3032 605 3092 659 '0
3125 606 3229 675 μὲν
3259 603 3362 658 οῦν
3390 605 3576 677 πατὴρ
3604 605 3907 660 διεκώλυεν
3938 606 4045 659 αὗ-

764 710 994 765 morbus
1016 707 1303 763 duraverit
1330 716 1620 777 postquam
1650 706 1704 760 id
1734 704 2026 763 interierit.
2087 717 2182 756 vos
2205 701 2337 754 huic
2435 715 2439 730 ε

2435 696 2528 749 τὸν
2558 697 2656 766 τῆς
2698 697 2961 765 τοιαύτης
2996 696 3199 769 πείρας
3247 696 3579 768 ἀπέχεσθαι.
3634 700 3699 752 Ol
3748 698 3808 752 δδ
3855 698 4040 766 ἀγιοι,

767 800 914 871 quod
969 800 1194 856 videtur
1253 797 1869 869 suppliciosuhjiciam
1939 805 2199 866 tanquam
2242 794 2340 848 de-
2439 813 2442 838 ι

2439 787 2536 843 ἀτε
2565 788 2686 859 Θεῷ
2721 789 3047 853 πεποιθότες
3067 830 3083 856 ,
3125 790 3227 853 τάς
3258 789 3540 861 συνθήκας
3568 790 3825 860 ἀσμένως
3874 790 4047 856 δεεά-

764 903 1038 963 ceptores.
1092 893 1191 948 His
1221 891 1408 946 verbis
1448 891 1632 954 dictis,
1676 898 1834 960 pater
1881 889 2106 958 quidem
2159 885 2342 956 prohi-

2443 896 2617 949 μενοι,
2666 881 2805 950 πρὸς
2833 880 2995 935 τοῦτο
3045 881 3402 935 κατάνευσαν.
3433 874 3510 935 Ob
3537 883 3858 952 γενομένου,
3914 884 4043 950 φῶς

767 986 935 1040 behat
986 999 1113 1040 eum
1163 984 1230 1038 ad
1288 985 1451 1039 talem
1504 984 1695 1038 venire
1757 981 2182 1052 experientiam,
2216 993 2342 1033 san-

2443 972 2607 1036 εὐθὺς
2641 973 2987 1044 περιέλαμψε
3017 973 3110 1027 τὸν
3141 973 3498 1044 Χρωμάτιον,
3539 975 3634 1026 καὶ
3672 973 3895 1035 νεανίας
3931 974 4041 1042 τὴν

769 1078 843 1132 cti
881 1093 1015 1131 vero
1035 1076 1276 1130 libenter
1309 1083 1531 1145 accepta
1558 1073 1880 1129 conditione
1926 1073 2058 1142 (non
2086 1071 2233 1124 enim
2267 1067 2344 1122 di-
2428 1059 2444 1111 ἰ

2428 1059 2591 1136 ’ὤραν
2624 1066 2878 1136 λαμπρὸς
2913 1065 3100 1136 ὀφθεὶς
3122 1059 3278 1118 εἶπεν
3314 1066 3487 1135 αὐτῷ·
3516 1066 3801 1132 Μακάριος
3843 1062 3918 1130 εί,
3944 1067 4030 1118 ὅτι

769 1170 910 1223 vinte
944 1169 1130 1222 virtuti
1170 1177 1420 1235 poterant
1477 1181 1589 1220 non
1641 1165 1914 1232 credere),
1962 1159 2344 1231 urgebantju-
2443 1194 2444 1199 η

2443 1158 2769 1218 ἐπίστευσας
2797 1155 2874 1224 τῷ
2905 1156 3148 1226 Χριστῷ,
3183 1157 3241 1220 ὃς
3293 1157 3389 1211 νῦν
3427 1158 3743 1211 ἀπέσταλκε
3790 1175 3862 1224 με
3896 1159 4045 1226 πρὸς

775 1274 966 1314 veneni
997 1259 1064 1312 ad
1109 1275 1246 1328 opus
1273 1256 1698 1312 conterendum.
1744 1253 1902 1319 Quod
1953 1266 2080 1306 cum
2139 1250 2343 1305 factum
2447 1275 2450 1299 ι

2447 1250 2508 1304 οε
2535 1250 2720 1303 δοῦναί
2745 1266 2828 1302 σοι
2848 1249 2948 1318 τῆς
2973 1250 3318 1320 κατεχούσης
3347 1250 3506 1303 νόσου
3539 1251 3893 1320 ἀπαλλαγήν.
3929 1252 4047 1303 Καὶ

770 1362 941 1416 esset,
993 1351 1087 1404 lus
1127 1351 1310 1404 statim
1365 1347 1734 1402 circumfulsit
1813 1343 2235 1404 Chromatium,
2291 1350 2346 1395 et

2445 1342 2561 1412 ἅμα
2592 1343 2668 1413 τῷ
2704 1343 2847 1413 λόγῳ
2874 1345 2908 1412 ἡ
2940 1342 3050 1395 τῶν
3088 1343 3270 1410 μελῶν
3311 1345 3546 1413 πάρεσις
3579 1343 3885 1407 διαλελυτο,
3943 1343 4065 1398 καί

772 1444 1002 1512 pulcher
1030 1457 1303 1511 apparens
1361 1440 1686 1495 adolescens
1721 1438 1861 1492 dixit
1896 1436 1948 1491 ei
1987 1453 2001 1489 :
2037 1435 2238 1489 Beatus
2282 1448 2347 1488 es
2444 1457 2447 1468 ε

2444 1431 2514 1505 ἦν
2545 1436 2672 1488 ιδεῖν
2705 1436 2798 1488 τὸν
2831 1439 2963 1505 πρὶν
2997 1436 3150 1505 μόλις
3180 1434 3466 1505 βαδίζοντα
3496 1435 3698 1501 ἐλάφου
3724 1435 3889 1504 δίκην
3916 1436 4047 1486 τότε

773 1535 919 1603 quod
951 1534 1171 1588 Christo
1200 1534 1510 1592 credidisti.
1540 1533 1635 1601 qui
1677 1547 1825 1585 nunc
1857 1530 2007 1584 misit
2037 1543 2122 1582 tne
2152 1527 2218 1581 ad
2254 1537 2306 1581 te
2331 1567 2344 1591 ,
2447 1562 2448 1575 χ

2447 1528 2769 1597 ἀλλόμενον.
2821 1528 2939 1596 Ἐφ’
2976 1522 3020 1596 ᾧ
3052 1528 3432 1597 καταπλαγεὶς
3489 1529 3518 1580 δ
3569 1527 3898 1596 Τιϐοὐρτιος
3930 1529 4050 1588 τοῖς

776 1637 835 1680 ut
863 1626 986 1679 dem
1008 1625 1106 1679 tibi
1129 1624 1514 1680 liberationem
1538 1639 1567 1678 a
1601 1624 1796 1677 morbo
1822 1638 1932 1692 quo
1964 1621 2188 1675 teneris.
2215 1619 2347 1685 Quae
2450 1655 2451 1668 η

2450 1623 2630 1691 ἁγίοις
2662 1626 3025 1691 προσπίπτει,
3085 1622 3222 1675 Θεὸν
3281 1622 3541 1690 ἀληθινὸν
3596 1621 3892 1691 ὁμολογῶν
3953 1620 4049 1671 τδν

774 1718 939 1772 simul
975 1728 1137 1786 atque
1169 1718 1315 1771 dicta
1354 1717 1528 1778 fuere,
1556 1716 1823 1771 dissoluta
1857 1722 1942 1770 est
1974 1713 2347 1767 membrorum
2447 1720 2449 1769 ἶ

2447 1714 2836 1786 Χριστὸνμιαὶ
2881 1712 3138 1782 δεόμενος
3187 1711 3282 1765 τοῦ
3317 1712 3465 1764 θείου
3499 1713 3684 1780 τυχεῖν
3727 1711 4051 1782 βαπτίσμα-

776 1809 1073 1872 mutilatio,
1121 1824 1175 1863 et
1216 1808 1419 1862 licebat
1450 1807 1639 1860 videre
1675 1821 1803 1860 eum
1831 1804 1924 1874 qui
1965 1805 2117 1873 prius
2144 1802 2234 1855 vix
2260 1802 2346 1854 in-
2450 1831 2451 1837 η

2450 1824 2559 1867 τος.
2594 1805 2662 1860 Oi
2694 1805 2845 1873 ἅγιοι
2881 1804 3063 1855 τοίνυν
3096 1804 3194 1856 σὺν
3227 1804 3389 1873 ἡδονῇ
3427 1805 3769 1870 τεταγμένον
3799 1802 3961 1868 αὐτῷ
3991 1817 4048 1852 τε

775 1901 1148 1972 grediebatur,
1171 1908 1428 1967 tanquam
1455 1913 1678 1952 cervum
1706 1908 1836 1951 tunc
1859 1897 2083 1950 saltare.
2115 1893 2346 1962 Propter
2376 1876 2420 1931 Β
2448 1914 2450 1920 ·

2376 1876 2420 1931 Β
2448 1896 2543 1947 καὶ
2573 1894 2652 1964 τῷ
2682 1895 2853 1963 πατρὶ
2883 1893 3069 1956 δόντες
3103 1893 3302 1961 καιρὸν
3330 1891 3475 1944 ὥστε
3507 1892 3599 1944 τιν
3624 1895 3687 1944 tat
3713 1891 3813 1944 τοῦ
3846 1893 4045 1960 προτὲο

773 1991 924 2061 quod
950 1991 1124 2044 fertur
1150 1989 1492 2057 stupefactus
1536 1987 1822 2041 Tiburtius
1867 1985 2123 2055 protinus
2159 1996 2353 2036 accur-

2453 2002 2548 2057 ρου
2580 1985 2694 2056 βίου
2733 1985 3016 2056 μολυσμὸν
3044 1984 3497 2048 ἀποπλύνασθαι,
3526 1984 3620 2036 τοῦ
3668 1984 3816 2037 θείου
3845 1982 4054 2044 αὐτοὺς

778 2084 940 2147 tisse,
973 2092 1028 2135 et
1066 2089 1382 2136 sanctorum
1415 2079 1579 2149 pedes
1608 2087 1943 2146 tangentem,
1971 2076 2142 2130 Deum
2161 2088 2354 2129 verum

2453 2075 2770 2141 καταξιοῦσι
2786 2073 3034 2142 λουτροῦ.
3065 2075 3178 2127 Καὶ
3204 2074 3342 2144 μετά
3365 2074 3540 2127 ταῦτα
3569 2077 3846 2143 προφάσει
3876 2076 4040 2127 νόσου

778 2174 1092 2229 confessum
1144 2186 1267 2227 esse
1309 2171 1633 2235 Christum,
1683 2179 1738 2223 et
1774 2183 1994 2238 rogasse
2041 2175 2100 2222 ut
2151 2168 2221 2220 ab
2271 2165 2353 2220 eis
2452 2197 2453 2202 η

2452 2168 2552 2239 τὴν
2571 2167 2666 2221 τοῦ
2688 2169 2932 2237 ἐπάρχου
2957 2167 3136 2236 ἀρχὴν
3190 2168 3633 2234 ἀποσεισάμενος
3655 2170 3684 2220 δ
3710 2168 4054 2236 Χρωμάτιος

779 2275 1172 2334 assequeretur
1204 2264 1559 2335 baptismum.
1612 2261 1816 2324 Laetati,
1832 2271 2016 2314 autem
2061 2257 2237 2313 sancti
2261 2258 2353 2329 ju-

2456 2261 2635 2332 (οῦπω
2653 2261 2760 2331 γὰρ
2781 2261 3035 2313 ἐϐούλετο
3059 2259 3373 2328 γνωσθῆναι
3398 2260 3565 2313 αὑτοῦ
3584 2262 3685 2330 τὴν
3707 2259 4051 2330 μετάθεσιν),

783 2357 942 2412 venis
1004 2357 1348 2419 mutatione,
1391 2355 1554 2423 eique
1609 2365 1666 2407 ct
1728 2353 1870 2424 patri
1928 2352 2058 2406 dato
2099 2361 2349 2421 tempore

2459 2355 2551 2406 καὶ
2591 2353 2777 2405 πᾶσαν
2809 2353 2910 2420 τὴν
2962 2351 3154 2420 κτῆσιν
3203 2351 3318 2413 τὸῖς
3370 2351 3649 2420 δεομένοις
3703 2352 4048 2421 σκορπίοις,

784 2451 1093 2518 ριευιὶιιιιο
1126 2457 1186 2501 ιιι
1237 2447 1430 2501 sordes
1457 2462 1524 2500 es
1564 2445 1746 2516 priore
1793 2445 1905 2498 vita
1937 2452 2220 2514 susceptas
2255 2443 2353 2497 ab-

2461 2444 2574 2505 τοῖς
2622 2457 2680 2494 τε
2733 2440 2942 2500 δούλοις
2998 2437 3318 2507 ὲλευθερίαν
3356 2439 3677 2511 παρασχὼν,
3732 2439 3796 2489 τὸ
3861 2437 4055 2490 λοιπὸν

785 2543 1027 2603 luerent,
1075 2540 1264 2594 divino
1297 2554 1394 2593 eos
1441 2539 1739 2604 dignantur
1776 2538 2073 2606 baptismo.
2111 2537 2181 2590 Et
2232 2541 2355 2604 post

2470 2535 2640 2604 συνῆν
2688 2537 2803 2599 τοῖς
2857 2531 3056 2600 ἁγίοις,
3097 2530 3266 2585 πλέον
3294 2532 3431 2603 πρὸς
3459 2531 3562 2601 τὴν
3594 2530 3884 2585 εὐσέϐειαν
3926 2529 4053 2598 ὁδη-

788 2632 904 2686 Ιιαευ
948 2631 1302 2685 Chromatius
1346 2640 1609 2699 praztextu
1660 2628 1879 2693 morbi,
1928 2628 2170 2698 praefecti
2213 2627 2367 2681 urbis
2476 2629 2761 2698 γούμενος.

789 2723 1040 2792 deposito
1086 2723 1403 2794 magistratu
1455 2722 1723 2791 (nondum
1757 2723 1903 2775 enim
1940 2721 2338 2782 voicbatsuam
2380 2721 2633 2791 cognosci
2665 2722 3050 2788 mutationem)
3089 2729 3147 2777 et
3214 2717 3592 2788 indigentibus
3658 2715 3774 2770 suis
3834 2715 4056 2785 disper-

789 2816 866 2870 sis
897 2816 1284 2879 facultatibus,
1314 2826 1371 2870 et
1415 2816 1481 2870 iis
1514 2816 1608 2884 qui
1657 2818 1848 2884 jugutn
1893 2816 2184 2868 trahebant
2230 2815 2511 2868 servitutis
2569 2815 2924 2868 manumissis
2985 2827 3044 2869 et
3109 2812 3383 2871 liberatis.
3432 2810 3610 2879 iisque
3683 2809 3859 2870 veluti
3924 2806 4054 2876 qui-

792 2907 1020 2963 busdam
1059 2908 1316 2977 primitiis
1339 2910 1448 2962 Deo
1478 2908 1699 2970 oblatis,
1727 2908 1988 2976 deinceps
2013 2907 2337 2961 versabatur
2377 2921 2501 2961 cum
2553 2909 2778 2972 sanctis,
2832 2907 3057 2962 discens
3106 2907 3239 2960 fidei
3265 2906 3563 2968 rationem,
3626 2911 3683 2957 ct
3740 2900 3810 2957 ad
3880 2900 4054 2972 picta-

796 3008 903 3056 tem
930 3001 1111 3055 adhuc
1138 3001 1309 3069 magis
1338 3001 1785 3054 confirmabatur.

863 3090 1002 3147 XIV.
1036 3093 1142 3148 Sed
1177 3095 1245 3149 iis
1276 3095 1500 3162 quidem
1530 3097 1618 3149 res
1666 3094 1739 3147 ita
1763 3110 1822 3149 se
1847 3093 2125 3149 habebant
2153 3108 2350 3162 quatn-
2383 3103 2426 3159 α
2531 3089 2538 3144 1

2383 3103 2426 3159 α
2531 3089 2632 3144 ΙΔθ.
2679 3089 2822 3142 Ἀλλ’
2868 3085 2982 3160 εἷχε
3027 3089 3126 3158 μὶν
3163 3088 3304 3142 οὕτω
3337 3087 3509 3154 ταῦτα
3533 3087 3640 3150 ἕως
3664 3085 3921 3154 Χαρῖνος
3950 3084 4047 3147 τὰς

796 3185 893 3240 ditt
947 3184 1182 3240 Carinas
1215 3186 1625 3240 administravit
1671 3186 1874 3241 Gallias
1903 3188 1997 3256 qui
2031 3185 2360 3239 Christianis
2463 3184 2471 3235 i

2463 3182 2696 3244 Γαλλίας
2725 3183 2954 3242 διεῖπεν,
3002 3181 3062 3244 ὃς
3123 3181 3514 3249 μαλακώτερον
3537 3182 3654 3242 τοῖς
3686 3179 4041 3248 Χριστιανοῖς

797 3276 1078 3331 mitiorem
1135 3277 1368 3332 faciebat
1413 3280 1881 3346 persecutionem,
1909 3292 2143 3346 parcens
2171 3277 2366 3329 amicis
2464 3278 2472 3326 ἰ

2464 3275 2638 3328 ἐποίει
2667 3275 2758 3326 τὸν
2778 3274 3037 3342 διωγμόν.
3076 3273 3233 3328 Ἐπεὶ
3252 3273 3308 3325 δὲ
3337 3265 3493 3345 οὗτος
3527 3271 3834 3340 ιτεθνήκει,
3870 3270 4046 3341 βαρύ·

796 3369 892 3438 qui
924 3379 1084 3422 erant
1112 3369 1259 3422 inter
1295 3369 1440 3422 illos.
1476 3368 1774 3437 Postquam
1809 3377 1992 3423 autent
2018 3368 2109 3422 ille
2137 3368 2362 3436 quidem
2466 3385 2471 3400 ε

2466 3383 2624 3436 τερος
2653 3367 2773 3420 κατ’
2815 3367 2994 3418 αὐτῶν
3025 3366 3237 3435 ὲρῤἀγη
3273 3365 3534 3433 διωγμὸς,
3565 3366 3660 3416 καὶ
3691 3364 3889 3434 στῆλαι
3917 3382 4056 3416 παν-

796 3462 966 3512 vitam
1004 3459 1167 3518 liniit,
1190 3458 1262 3527 pii
1299 3473 1432 3514 vero
1466 3459 1679 3513 nullum
1709 3458 1990 3512 habebant
2015 3459 2107 3527 qui
2151 3473 2246 3512 eos
2270 3456 2367 3512 de-
2464 3475 2471 3491 ι

2464 3458 2630 3526 ταχοῦ
2655 3456 2753 3524 τῆς
2784 3455 2994 3518 πόλεως
3034 3453 3252 3524 Ῥώμης
3283 3456 3662 3525 ἀνηγείροντο,
3712 3456 3772 3508 ιν
3801 3457 4053 3524 ἀγοραῖς,

801 3549 1071 3612 fenderet,
1147 3550 1329 3618 erupit
1394 3549 1449 3602 in
1507 3563 1603 3603 eos
1640 3551 1860 3618 gravior
1920 3549 2264 3618 persecutio.
2313 3555 2370 3602 et
2470 3550 2476 3601 ί

2470 3550 2527 3602 ὲν
2561 3550 2794 3618 πηγαῖς,
2833 3550 2890 3599 ὲν
2926 3548 3321 3618 πωλητηρίοις,
3359 3549 3496 3600 ἔνθα
3519 3549 3649 3612 τοὺς
3683 3549 3785 3617 μὲν
3829 3547 4057 3612 θύοντας

803 3639 1075 3693 columnas
1107 3641 1308 3708 ubique
1345 3640 1704 3708 erigebantur
1730 3654 1826 3708 per
1866 3647 2032 3692 totam
2061 3639 2364 3701 civitatem,
2467 3657 2478 3681 ε

2467 3643 2580 3703 τοῖς
2615 3644 2760 3702 θεοῖς
2798 3639 3140 3710 συνεχώρουν
3190 3643 3282 3691 καὶ
3338 3638 3534 3702 ῦδατος
3582 3640 3823 3692 καὶτῶν
3875 3640 4054 3694 ἀλλων

806 3730 865 3786 in
900 3731 1117 3801 plateis.
1146 3734 1198 3785 in
1230 3731 1498 3792 fontibus,
1532 3732 1587 3783 in
1625 3730 1780 3793 foris,
1817 3731 1870 3783 in
1905 3719 2108 3798 quibus
2133 3731 2215 3783 cis
2241 3729 2369 3798 qui-
2476 3749 2481 3799 ι

2476 3732 2944 3800 μεταλαμϐάνειν,
2972 3733 3100 3794 τοὺς
3117 3730 3172 3784 δὲ
3196 3729 3562 3792 ἀπειθοῦντας
3585 3734 3770 3794 κεναῖς
3794 3732 4054 3801 ἀπέπεμ-

803 3825 930 3880 dem
963 3826 1058 3894 qui
1092 3824 1200 3879 diis
1229 3823 1649 3883 sacrificabant,
1683 3822 2061 3877 concedebant
2096 3832 2149 3876 et
2171 3837 2370 3890 aquam
2473 3841 2478 3859 ι

2473 3839 2576 3875 πον
2610 3825 2733 3886 ταῖς
2759 3823 2938 3893 χερσί.
2975 3823 3109 3876 Τότε
3143 3817 3326 3875 τοίνυν
3371 3822 3703 3891 Χρωμάτιος
3751 3822 4056 3890 σύμϐουλον

803 3931 1027 3972 Intuere
1065 3926 1122 3971 et
1175 3917 1311 3971 alias
1355 3932 1444 3970 res
1470 3918 1730 3971 venales:
1766 3931 1863 3970 cos
1892 3928 2075 3970 autem
2111 3918 2203 3985 qui
2261 3933 2372 3975 non
2470 3915 2478 3965 ἰ

2470 3914 2653 3968 λἀϐὼν
2675 3916 2768 3969 τὸν
2803 3915 3065 3986 ίεράρχην
3099 3917 3197 3984 τῆς
3227 3915 3458 3976 πόλεως,
3497 3914 3654 3975 Γαῖος
3679 3913 3830 3983 αὐτῷ
3860 3916 4054 3981 δνομα,

808 4010 1097 4079 parebant,
1133 4017 1329 4078 praeter
1361 4017 1560 4061 cmtera
1591 4008 1752 4070 mala,
1780 4008 1944 4060 etiam
1978 4009 2167 4063 vacuis
2193 4009 2377 4062 dimit-
2475 4023 2483 4056 τ

2475 4006 2693 4076 πρῶτον
2726 4008 2823 4074 μὲν
2848 4009 3058 4068 πάντας
3084 4008 3444 4074 Χριστιανοὺς
3481 4009 3559 4066 εἰς
3587 4005 3686 4075 τὴν
3717 4007 3902 4058 οίκίαν
3923 4007 4057 4073 ἀγα-

811 4100 1004 4154 tebant
1029 4100 1306 4152 manibus.
1335 4097 1492 4151 Tunc
1514 4113 1646 4166 ergo
1671 4098 2052 4160 Chromatius,
2087 4113 2220 4151 usus
2240 4113 2378 4151 con-
2478 4114 2486 4129 ε

2478 4098 2590 4166 γὼν
2618 4099 2787 4150 πᾶσιν
2824 4097 3094 4162 ίδεξιοῦτο
3122 4101 3236 4160 τοῖς
3264 4100 3517 4165 ἀγαθοῖς.
3551 4099 3642 4149 καὶ
3679 4099 3780 4149 οὐκ
3805 4100 3895 4149 εῖα
3923 4115 4056 4166 προ-

809 4191 935 4245 silio
963 4190 1134 4253 illius,
1167 4190 1261 4259 qui
1324 4188 1626 4243 Romanam
1660 4188 1885 4258 regebat
1933 4189 2240 4257 ecclesiam,
2276 4206 2374 4244 no-
2477 4200 2484 4239 ι

2477 4191 2687 4244 ϐαίνειν
2715 4189 2814 4244 τοῦ
2848 4191 3145 4258 δωματίου,
3187 4192 3346 4244 τοῦτο
3374 4195 3485 4263 γὰρ
3526 4190 3941 4259 ἀσφαλέστερον
3968 4193 4053 4245 διά

811 4298 937 4336 men
960 4281 1014 4336 ei
1058 4280 1397 4342 cratCaius,
1446 4281 1683 4350 primum
1719 4281 1941 4350 quidem
1998 4281 2222 4334 domum
2279 4280 2380 4334 du-
2477 4300 2486 4317 ι

2374 4312 2380 4320 -
2477 4283 2604 4346 τοὺς
2632 4282 3058 4352 ἀσθενεστίρους
3091 4286 3410 4351 ἐγίνωσκεν
3447 4285 3572 4335 ἐπεὶ
3609 4283 3666 4335 δὲ
3708 4284 3807 4351 οὐχ
3833 4279 3952 4336 οἷόν
3993 4301 4049 4338 τε

813 4387 947 4428 cens
983 4385 1174 4426 omnes
1196 4370 1563 4436 Christianos,
1601 4371 1724 4426 illos
1746 4371 2052 4440 accipiebat
2081 4371 2240 4427 bonis
2265 4371 2381 4426 suis
2481 4371 2488 4424 ἒ

2378 4407 2381 4420 ι
2481 4370 2550 4444 ἦν
2596 4374 2883 4428 λανθάνειν
2912 4376 3004 4428 ἐπὶ
3036 4375 3170 4428 πολὺ
3201 4376 3290 4428 διά
3320 4377 3380 4429 τὸ
3408 4375 3637 4446 σφοδρὸν
3663 4374 3760 4428 τοῦ
3790 4376 4053 4445 διωγμοῦ,

811 4463 1074 4520 omnibus
1117 4463 1465 4532 impertiens,
1506 4477 1686 4532 neque
1736 4462 1952 4519 sinebat
1984 4477 2081 4518 eos
2128 4478 2160 4518 e
2211 4462 2378 4518 domo
2411 4451 2486 4515 οι

2411 4451 2454 4508 θ
2484 4467 2560 4530 εῖς
2590 4483 2643 4520 τι
2674 4465 2784 4519 τῶν
2838 4467 3181 4538 προαστείων
3217 4468 3359 4537 ἔγνω
3393 4464 3692 4537 ἀπαίρειν,
3722 4467 3864 4539 πρός
3911 4487 3971 4523 τε
4001 4472 4057 4522 τὸ

811 4554 1026 4626 egredi,
1067 4554 1161 4611 sed
1224 4569 1322 4610 eos
1355 4554 1573 4607 volebat
1627 4554 1774 4608 intus
1806 4555 1996 4608 sedere
2029 4571 2042 4608 :
2075 4554 2181 4609 hoc
2231 4556 2378 4610 enim

2487 4558 2670 4611 λαθεῖν
2727 4559 2823 4611 καὶ
2879 4536 3019 4629 πρὸς
3075 4536 3264 4612 πᾶσαν
3310 4536 3674 4630 καρωφοράν
3724 4536 4075 4627 ἀπιτὴδειον,ξ

815 4647 1026 4704 sciebat
1056 4660 1178 4701 esse
1201 4646 1377 4701 tutius
1405 4652 1630 4715 propter
1669 4643 2078 4700 imbecilliores.
2107 4644 2211 4699 Sed
2245 4660 2385 4715 quo-

2384 4679 2385 4684 η
2492 4647 2775 4720 μετὰτῶν
2805 4650 3211 4722 ἀσθενεστέρων
3240 4652 3612 4721 Χριστιανῶν,
3642 4653 3871 4705 κάκεῖσε
3895 4653 4059 4707 διαδι-

819 4736 964 4790 niam
995 4748 1106 4789 non
1130 4741 1347 4803 poterat
1370 4732 1486 4787 lieri
1509 4743 1576 4788 ut
1599 4732 1694 4787 diu
1735 4733 1992 4797 laterent,
2023 4733 2206 4787 omnia
2235 4735 2384 4788 enim
2485 4744 2494 4794 ε

2381 4761 2384 4785 ι
2485 4743 2745 4811 δράσκειν
2780 4745 2872 4798 τδν
2897 4744 3166 4800 κίνδυνον.
3216 4744 3370 4798 Ἐπεὶ
3402 4745 3459 4798 δὲ
3491 4749 3520 4799 ό
3543 4744 3644 4800 τοῦ
3667 4731 3910 4816 Χριστοῦ
3934 4746 4056 4810 λαὸς

817 4824 1266 4896 deprehendebat
1312 4823 1457 4878 acris
1500 4824 1814 4892 persecutio
1839 4863 1856 4888 ,
1883 4824 2078 4879 statuit
2107 4823 2386 4893 proficisci

823 4916 881 4970 in
912 4915 1203 4985 quemdam
1246 4924 1513 4979 montem,
1549 4915 1606 4968 in
1636 4931 1748 4984 quo
1787 4915 1864 4969 illi
1897 4924 2018 4970 erat
2063 4916 2386 4986 praediolum

822 5015 1010 5076 aptum
1033 5015 1092 5061 et
1122 5006 1189 5059 ad
1223 5005 1526 5071 latendum,
1555 5016 1612 5062 et
1647 5010 1714 5060 ad
1737 5006 1948 5061 fructus
1981 5007 2386 5077 percipiendas,

821 5114 948 5154 cum
993 5099 1322 5153 Christianis
1381 5099 1872 5153 imbecillioribus:
1907 5109 1962 5153 et
2006 5100 2114 5154 illic
2146 5102 2388 5173 effugere

822 5192 1155 5263 periculum.
1228 5191 1294 5245 Et
1329 5199 1617 5259 postquam
1665 5191 1769 5244 hoc
1825 5191 1929 5244 fuit
1979 5202 2240 5246 statutum
2273 5233 2287 5255 ,
2333 5203 2389 5248 et

821 5284 1028 5339 Christi
1056 5283 1293 5354 populus
1326 5282 1429 5336 fuit
1454 5281 1510 5335 in
1538 5281 1678 5334 duas
1710 5288 1894 5349 partes
1923 5282 2156 5343 divisus,
2187 5297 2384 5351 nempe

828 5379 885 5433 in
934 5393 1052 5433 eam
1087 5392 1208 5446 qua:
1238 5379 1512 5438 manebat,
1545 5381 1604 5429 et
1641 5390 1762 5428 eam
1795 5389 1918 5444 qua
1964 5375 2184 5428 volebat
2238 5389 2390 5429 rece-

827 5470 981 5534 dere,
1034 5467 1138 5521 fuit
1173 5469 1315 5522 inter
1356 5467 1576 5521 beatum
1620 5465 2002 5520 Sebastianum
2048 5475 2103 5518 et
2134 5465 2390 5535 Paigcar-

828 5576 957 5631 pum
988 5559 1281 5614 laudabilis
1314 5560 1707 5620 controversia,
1741 5572 1866 5626 qua:
1916 5556 2022 5611 tale
2060 5557 2251 5610 habuit
2281 5557 2390 5611 in‘i-

829 5655 988 5716 tium,
1010 5663 1155 5706 etes
1182 5650 1286 5704 hoc
1316 5659 1460 5704 mota
1491 5657 1604 5705 est.
1637 5649 1822 5704 Diviso
1854 5649 2000 5703 enim
2036 5650 2240 5718 populo
2281 5665 2382 5704 nc-

827 5758 980 5800 cesse
1014 5754 1132 5797 erat
1156 5757 1253 5797 eos
1277 5757 1519 5812 quoque,
1550 5752 1610 5797 ut
1644 5741 1738 5811 qui
1774 5742 1876 5796 soli
1910 5741 2032 5796 aliis
2065 5751 2384 5811 praeessent,

2488 4835 2568 4897 είς
2598 4835 2693 4888 δύο
2725 4835 2868 4905 μέρη
2908 4836 3157 4907 διῄρητο,
3197 4835 3280 4898 εῐς
3326 4853 3384 4888 τε
3428 4835 3491 4890 τδ
3547 4836 3708 4905 μένον
3748 4838 3848 4890 ιιαὶ
3888 4842 3969 4900 εἰς
3999 4839 4058 4891 τὸ

2490 4922 2714 4976 ἀπιέναι
2742 4920 3092 4990 βουλόμενον,
3121 4921 3340 4989 nam
3365 4939 3449 4984 τις
3501 4923 3703 4992 μεταξὺ
3733 4924 3845 4975 τῶν
3889 4940 4061 4993 μαπαο

2493 5014 2626 5085 ρίων
2688 5011 3053 5066 Σεϐαστιανοῦ
3116 5014 3210 5066 καὶ
3281 5013 3641 5081 Πολυκάρπου
3692 5015 4058 5084 ἀπαινουμινη

2490 5105 2743 5175 διαφορά·
2776 5105 2870 5159 τοῦ
2897 5106 3006 5174 γάρ
3031 5103 3161 5156 λαοῦ
3191 5103 3555 5176 διαιρεθέντος
3588 5104 3695 5157 ιδει
3720 5105 3816 5157 καὶ
3839 5105 4058 5169 τούτους

2492 5199 2587 5252 ἀτε
2620 5198 2729 5250 τῶν
2761 5197 2938 5252 ἀλλων
2966 5197 3312 5267 προῦχοντας
3359 5196 3621 5260 ἀλλήλους
3651 5198 4058 5268 διαζευχθῆναι,

2493 5289 2712 5343 καὶτὸν
2751 5289 2850 5360 μὲν
2895 5293 3010 5352 τοῖς
3059 5289 3433 5360 ἀποδημοῦσιν
3479 5289 3826 5355 ἀκολουθεῖν,
3867 5296 3960 5342 τὸν
4007 5289 4058 5341 δὲ

2499 5383 3038 5453 συγκαταλειφθῆναι
3064 5386 3177 5445 τοῖς
3201 5385 3480 5452 μένουσιν.
3521 5383 3854 5453 ’Δμφότεροι
3877 5383 3933 5436 δὲ
3966 5401 4055 5436 πο-

2497 5476 2716 5539 θοῦντες
2753 5475 2848 5528 τοῦ
2880 5474 3185 5545 μαρτυρίου
3222 5477 3538 5544 μετασχεῖν,
3574 5476 3838 5546 ἑκάτερος
3881 5477 4057 5542 μένειν

2498 5564 2770 5628 ιϐοὔλετο,
2800 5567 2894 5618 καὶ
2920 5563 3162 5617 κίνδυνον
3185 5555 3369 5636 ἠγεῖτο
3398 5565 3725 5635 διαμαρτεῖν
3768 5565 3867 5633 τῆς
3898 5567 4059 5632 ἀθλή-

2496 5673 2652 5719 σεως.
2695 5653 2856 5710 Ἀλλά
2889 5655 3093 5725 ταύτην
3145 5656 3358 5726 ἀγαθὴν
3391 5655 3506 5726 ἔριν
3540 5654 3656 5708 λύει
3686 5653 3848 5716 Γαῖος
3891 5655 4056 5717 οὕτως

2497 5745 2669 5800 είπὼν
2689 5759 2704 5775 ⁶

829 5798 950 5893 ἔω
988 5835 1224 5892 invicem
1271 5798 1537 5907 disiungi,
1581 5798 1923 5892 et'aiterum
1965 5798 2190 5906 quidem
2231 5798 2392 5907 sequi
2430 5853 2550 5895 eam
2597 5798 2808 5910 partem
2856 5853 2977 5912 qua
3043 5798 3373 5895 abscedebat
3433 5853 3463 5893 a
3524 5837 3771 5904 civitate,
3833 5837 4053 5891 alteram
