4242 6442
254 392 363 453 809

1066 387 1527 451 MARTYlllUM
1562 388 1620 447 S.
1666 381 2117 445 SEBASTIANI
2150 383 2242 441 ET
2286 381 2695 442 SOCIORUM.

3400 384 3501 444 810

257 514 441 559 autem
485 504 717 572 relinqui
765 517 889 559 eum
914 518 975 557 ea
1006 518 1129 573 quae
1158 502 1434 565 manebat.
1508 501 1572 555 Εἰ
1644 512 1775 553 vero
1840 497 2083 551 volentes
2133 496 2296 549 ambo
2348 495 2534 548 subire
2588 493 3183 564 martyrium,volebat
3267 507 3501 569 uterque

256 609 479 649 manere
514 604 611 651 :et
636 596 938 663 periculum
969 594 1317 650 existimabat
1352 608 1461 647 non
1484 593 1638 646 adire
1687 598 1987 645 certamen.
2062 586 2170 643 Sed
2214 588 2358 641 hanc
2430 587 2628 640 bonam
2696 588 2845 640 litem
2914 588 3194 655 componit
3240 588 3403 645 Gaius
3447 596 3503 646 in

255 687 500 741 medium
535 688 860 755 procedens,
885 696 941 741 et
990 686 1133 756 apud
1160 701 1257 741 eos
1285 686 1468 740 verbis
1496 694 1656 738 utens
1687 679 1955 757 ejusmodi
1986 696 2004 733 :

331 778 435 833 IE'.
484 780 547 832 Ei
583 779 684 848 μὲν
739 779 837 849 μία
865 776 934 850 ἦν
986 781 1020 849 ή
1072 780 1209 849 προς
1268 778 1551 850 σωτηρίαν
1584 778 1827 847 φέρουσα
1853 780 1904 838 Α
2001 772 2114 826 XV.
2150 771 2204 825 Si
2234 786 2342 824 una

1897 822 1904 837 _
2001 772 2114 826 XV.
2150 771 2204 825 Si
2234 786 2342 824 una
2369 770 2616 839 quidem,
2647 786 2679 824 ο
2706 770 2874 834 beati,
2909 769 2995 823 via
3023 784 3167 826 esset
3202 788 3319 841 qua:
3351 774 3509 828 ducit

250 870 397 933 ὁδὸς.
450 864 495 924 ὦ
554 872 851 942 μακάριοι,
898 872 1078 931 καλῶς
1110 872 1176 925 ἂν
1204 867 1352 940 εῖχεν
1393 872 1525 941 ήμῖν
1561 868 1703 924 οὕτω
1728 868 1822 934 τῆς

252 964 536 1033 ἀθλήσεως
583 964 990 1034 ἀντεχομένοις,
1051 966 1137 1019 ἵνα
1177 967 1251 1032 μὴ
1300 965 1399 1034 τῆς
1431 963 1706 1032 σωτηρίας
1736 963 1823 1013 έκ-

253 1057 483 1125 κέσητε.
503 1057 655 1110 Ἐπεὶ
682 1056 739 1109 δὲ
767 1059 858 1110 καὶ
899 1058 931 1127 ή
961 1059 1074 1118 τοῖς
1097 1057 1382 1125 ὁμολογίας
1403 1053 1562 1107 τοῦτο
1590 1053 1824 1117 δίδωσιν,

254 1145 325 1215 ἢν
364 1147 459 1198 καὶ
499 1146 702 1215 μᾶλλον
751 1146 1163 1217 ἀσφαλεστέραν
1210 1143 1328 1201 οἶδα
1376 1146 1472 1198 καὶ
1507 1144 1822 1209 ἀκίνδυνον,

254 1238 310 1289 τί
354 1237 429 1306 μὴ
462 1236 561 1306 τήν
608 1237 882 1307 διαμάχην
921 1238 1279 1301 ἀπολιπόντες
1316 1237 1702 1309 παραχωρεῖτε
1732 1235 1826 1288 ἀλ-

255 1325 440 1394 λήλοις
468 1327 563 1395 τῆς
591 1328 887 1395 έπαινετῆς
924 1328 1240 1396 διαιρέσεως
1268 1344 1284 1394 ;
1318 1327 1393 1381 Ού
1422 1327 1531 1397 γάρ
1558 1327 1706 1380 ὅσιον
1734 1324 1825 1389 οὒς

256 1416 335 1484 τῷ
360 1417 582 1487 Χριστῷ
619 1419 913 1487 συνήψατε,
940 1420 1165 1482 τούτους
1191 1420 1563 1489 ἀποιμάντους
1586 1418 1826 1486 ἀφεῖναι.

255 1511 418 1561 Δοκεῖ
445 1509 501 1561 δέ
531 1526 623 1577 μοι
657 1509 862 1578 μᾶλλον
894 1510 1259 1580 Πολύκαρπον
1288 1511 1403 1573 τοῖς
1438 1508 1663 1563 ἀπιοῦσι
1702 1526 1828 1562 συν-

255 1600 516 1655 απελθεῖν
569 1602 838 1672 ἱερωσύνῃ
868 1601 1272 1669 διαλάμποντα,
1324 1606 1422 1655 καὶ
1468 1603 1652 1654 ἱκανὸν
1698 1602 1830 1653 ὄντα

258 1693 440 1757 καλῶς
470 1694 628 1763 ἀγειν
681 1696 905 1759 αὐτούς.
961 1694 1146 1749 Ταῦτα
1191 1695 1287 1748 τοῦ
1341 1693 1613 1765 μακαρίου
1666 1692 1828 1744 Γαΐου

253 1786 527 1851 εἰπόντος,
560 1788 656 1841 καὶ
680 1788 900 1843 πάντων
922 1790 1036 1852 τοῖς
1057 1789 1377 1857 λεγομένοις
1399 1787 1828 1851 ἐπινευσάντων,

255 1878 421 1930 Τι6ού
432 1895 575 1948 ρτιος
594 1880 621 1932 ὁ
644 1879 757 1942 υίὸς
787 1880 1120 1951 Χρωματίου
1145 1880 1297 1950 ἠξίου
1326 1880 1404 1948 μή
1430 1881 1833 1952 συναποδημεῖν

256 1967 338 2038 τῷ
365 1970 553 2038 πατρὶ,
594 1968 730 2022 ἀλλά
759 1973 824 2039 τῇ
860 1971 1015 2024 πόλει
1048 1971 1466 2039 ὲγκαταμὲνειν,
1501 1970 1594 2023 καὶ
1619 1971 1711 2023 τὸν
1740 1968 1831 2024 τοῦ

262 2059 571 2127 μαρτυρίου
626 2059 948 2129 ἐκδέχεσθαι
978 2061 1261 2126 στέφανον,
1303 2060 1411 2109 Καὶ
1442 2061 1835 2127 συγχωρήσανσο

1931 863 1997 917 ad
2027 865 2280 926 salutem,
2306 878 2407 917 nec
2432 872 2617 932 posset
2665 864 2754 931 qui
2788 864 2857 917 ab
2888 879 2951 918 ea
2976 874 3214 920 errasset
3245 868 3508 937 consequi

1927 971 1992 1010 ea
2060 971 2182 1023 qua:
2244 956 2675 1017 desiderantur,
2732 966 2883 1010 recte
2953 956 3185 1012 haberet
3260 976 3357 1013 vos
3429 962 3504 1014 ita

1930 1056 2077 1101 arcte
2136 1058 2323 1102 tenere
2369 1046 2798 1101 deeertationem
2848 1062 2915 1101 ne
2975 1063 3005 1101 a
3048 1049 3225 1103 salute
3286 1051 3505 1105 excide-

1931 1138 2083 1192 retis.
2118 1137 2222 1192 Sed
2275 1153 2399 1191 cum
2446 1137 2553 1191 hoc
2611 1152 2830 1206 quoque
2866 1137 3126 1205 largiatur
3159 1141 3245 1194 via
3292 1141 3507 1195 confes-

1931 1229 2102 1283 sionis
2128 1270 2143 1291 ,
2183 1245 2348 1298 quam
2383 1230 2496 1284 scio
2533 1245 2655 1284 esse
2709 1231 2967 1284 tutiorem
3015 1238 3072 1284 et
3119 1232 3297 1285 minus
3337 1234 3507 1299 ,pcri-

1937 1320 2182 1374 culosam
2212 1360 2228 1383 ,
2257 1333 2358 1372 cur
2416 1335 2547 1383 non,
2577 1322 2779 1373 omissa
2827 1322 3177 1375 contentione
3202 1362 3216 1385 ,
3247 1322 3505 1377 laudabili

1931 1410 2205 1465 divisione
2252 1410 2449 1465 ceditis
2510 1411 2649 1465 alter
2684 1413 2883 1466 alteri?
2923 1416 3040 1469 Non
3091 1416 3239 1471 enim
3296 1415 3378 1469 fas
3422 1414 3507 1470 est

1932 1516 2071 1570 quos
2117 1500 2344 1556 Christo
2376 1502 2759 1571 conjunxistis,
2797 1518 2892 1558 eos
2922 1505 3231 1573 relinquere
3263 1508 3381 1560 sine
3409 1522 3505 1575 pa-

1933 1599 2078 1647 store
2120 1601 2176 1647 et
2221 1592 2427 1660 absque
2478 1604 2658 1647 vestra
2713 1595 3022 1649 curatione.
3056 1596 3279 1651 Videtur
3325 1609 3505 1653 autem

1934 1684 2070 1738 mihi
2123 1685 2307 1754 potius
2367 1686 2720 1755 Polyearpurn
2765 1704 2869 1740 una
2899 1688 2977 1743 ire
3007 1704 3131 1742 cum
3178 1691 3510 1746 abeuntibus

1936 1784 1995 1829 ut
2015 1778 2105 1845 qui
2134 1778 2205 1831 sit
2224 1788 2279 1832 et
2306 1780 2614 1833 sacerdotio
2641 1781 2891 1848 insignis.
2939 1791 2994 1835 et
3017 1784 3083 1836 ad
3111 1798 3206 1836 eos
3224 1784 3508 1839 ducendos

1933 1871 2007 1924 sit
2061 1870 2295 1924 idoneus
2326 1880 2379 1924 et
2412 1872 2775 1926 instituendos
2839 1874 2891 1926 in
2942 1874 3163 1941 pietate.
3208 1875 3329 1929 Haec
3383 1893 3506 1929 cum

1934 1961 2132 2016 beatus
2173 1961 2405 2016 dixisset
2428 1961 2592 2017 Gaius
2618 1974 2673 2017 et
2720 1979 2912 2018 omnes
2950 1978 3136 2020 essent
3184 1970 3395 2021 assensi
3443 1969 3509 2021 iis

1934 2070 2055 2125 qua:
2084 2055 2415 2109 dicebautur
2444 2095 2457 2117 ,
2488 2055 2777 2109 Tiburtius
2834 2056 2978 2110 ﬁlius
3022 2058 3323 2113 Chromatii
3360 2062 3514 2115 vole-

256 2164 352 2210 τος
385 2147 478 2200 τοῦ
511 2147 675 2200 Γαΐου
705 2147 795 2200 διὰ
827 2149 926 2216 τὴν
976 2147 1180 2217 πολλὴν
1208 2147 1301 2199 τοῦ
1334 2146 1526 2210 παιδὸς
1558 2146 1828 2207 ἔνστασιν,
1869 2146 1908 2199 Β
1938 2146 2085 2200 lebat
2109 2161 2219 2200 non
2247 2161 2349 2199 una

1897 2148 1908 2196 ι
1938 2146 2085 2200 lebat
2109 2161 2219 2200 non
2247 2161 2355 2199 una
2388 2161 2509 2198 cum
2556 2159 2710 2214 palre
2743 2148 3022 2209 recedere,
3052 2150 3147 2203 sed
3201 2166 3423 2206 manere
3457 2153 3508 2204 in

258 2241 290 2292 ὁ
319 2240 419 2307 μὲν
466 2239 527 2290 τὸ
574 2237 760 2291 λοιπὸν
811 2238 980 2307 συνῆν
1029 2240 1143 2299 τοῖς
1190 2237 1367 2303 ἀγίοις
1420 2236 1516 2291 καὶ
1554 2240 1694 2307 πρὸς
1739 2238 1838 2306 τὴν

260 2329 488 2399 ἄθλησιν
515 2329 862 2399 ἡτοιμάζετοο
899 2332 925 2383 ὁ
955 2330 1011 2381 δὲ
1045 2328 1317 2399 μακάριος
1339 2328 1499 2392 Γαῖος
1520 2330 1646 2392 τοὺς
1667 2346 1837 2382 κατα-

261 2421 586 2489 λειφθέντας
612 2424 851 2492 μακροῖς
872 2438 980 2475 τισι
1015 2421 1195 2484 λόγοις
1222 2420 1354 2487 πρὸς
1385 2422 1510 2484 τοὺς
1542 2420 1844 2489 προκειμέ-

263 2530 390 2576 νους
437 2514 811 2585 ἔπιθαρῤύνας
864 2514 1108 2581 ἀγῶνας,
1146 2514 1241 2565 καὶ
1290 2512 1674 2581 Μαρκελλῖνον
1737 2513 1840 2581 μὲν

263 2606 361 2659 καὶ
393 2607 624 2676 Μάρκον
650 2607 728 2678 τῷ
762 2607 870 2659 τῶν
903 2606 1169 2660 διακόνων
1200 2604 1464 2672 τάγματι,
1498 2603 1592 2657 τὸν
1629 2604 1687 2658 δὲ
1717 2605 1840 2658 τού-

262 2714 375 2750 των
406 2698 617 2767 πατέρα
645 2697 721 2769 τῷ
750 2698 859 2751 τῶν
887 2696 1275 2767 πρεσὸυτέρων
1318 2696 1710 2763 ἔγκαταλέξας,
1744 2698 1839 2751 Σεο

266 2789 555 2844 ύαστιανδν
606 2790 663 2843 δὲ
712 2789 805 2843 τὸν
864 2789 1107 2859 ἀοίδιμον
1154 2790 1253 2857 τῆς
1287 2788 1582 2859 ἐκκλησίας
1629 2789 1841 2844 εκδικον

265 2882 639 2949 καταστήσας,
671 2882 768 2935 σὺν
791 2883 973 2942 αὐτοῖς
1005 2881 1278 2949 ὁσημέραι
1300 2880 1536 2950 διέτριϐε
1564 2880 1840 2951 νηστείαις

269 2972 589 3042 σχολάζουσι
619 2973 714 3025 καὶ
747 2974 1103 3042 προσευχαῖς,
1152 2970 1249 3023 καὶ
1278 2970 1373 3023 τοῦ
1400 2969 1537 3023 Θεοῦ
1562 2970 1841 3039 δεομένοις

266 3064 359 3115 τὸν
392 3082 464 3133 μα
476 3064 735 3134 ρτυρικὸν
756 3062 1125 3132 ἀναδήσασθαι
1159 3065 1448 3131 στέφανον.
1483 3062 1639 3125 Τινὲς
1663 3063 1720 3115 δὲ
1752 3064 1839 3115 v6-

268 3171 383 3218 σοις
417 3155 762 3207 πολυειδέσιν
796 3152 1171 3221 ἐξεταζόμενοι
1230 3153 1405 3223 λάθρα
1458 3151 1594 3222 πρὸς
1642 3152 1838 3214 αὐτοὺς

266 3246 659 3315 ἀφικνούμενοι
716 3245 890 3311 ὑγιεῖς
946 3244 1369 3313 ἀπηλλάττοντο.
1434 3241 1531 3295 καὶ
1592 3242 1843 3309 θαύματα

270 3336 401 3407 παρ’
433 3336 614 3388 αὐτῶν
662 3335 896 3387 έτελεῐτο
948 3335 1248 3402 παράδοξα,
1305 3326 1381 3386 ὦν
1435 3332 1505 3385 τά
1562 3332 1659 3401 μὶν
1706 3332 1841 3386 ἄλλα

1953 2238 2089 2292 urbe
2147 2247 2202 2291 et
2237 2241 2488 2306 accipere
2540 2253 2800 2292 coronam
2859 2240 3149 2310 martyrii,
3181 2252 3236 2295 et
3282 2258 3404 2296 cum
3460 2245 3512 2297 id

1950 2330 2322 2383 concessisset
2350 2330 2517 2383 Gaius
2541 2339 2765 2397 prorter
2826 2347 3077 2401 magnam
3140 2337 3509 2390 constantiam

1941 2419 2329 2483 adolescentis,
2366 2420 2457 2474 ille
2487 2420 2709 2490 quidem
2769 2422 3025 2491 deinceps
3084 2436 3202 2480 erat
3249 2443 3354 2480 una
3389 2446 3512 2482 cum

1943 2511 2174 2572 sanctis,
2208 2512 2394 2566 divino
2414 2528 2679 2569 accensus
2705 2515 3002 2579 desiderio,
3036 2527 3089 2571 et
3117 2523 3513 2589 propemodum

1947 2618 2090 2671 aegre
2120 2602 2309 2657 ferens
2338 2604 2484 2672 quod
2512 2621 2617 2658 non
2650 2606 2814 2659 citius
2835 2609 3146 2662 mitteretur
3172 2614 3237 2664 ad
3281 2615 3517 2668 stadium

1942 2694 2362 2750 decertationis.
2396 2696 2595 2751 Beatus
2617 2710 2800 2752 autem
2844 2699 3033 2765 Gaius,
3094 2718 3216 2757 eum
3271 2722 3367 2759 eos
3421 2709 3514 2775 qui

1942 2796 2346 2852 remanserant,
2380 2788 2466 2857 5ad
2531 2792 2812 2859 proposita
2877 2792 3165 2849 subeunda
3215 2799 3518 2851 certamina

1943 2879 2151 2948 prolixa
2183 2880 2567 2936 confirmasset
2594 2885 2845 2937 oratione
2868 2926 2881 2948 ,
2918 2895 2973 2938 et
3026 2886 3347 2943 Marcellum
3392 2894 3519 2959 qui-

1946 2969 2067 3024 dem
2096 2981 2151 3026 et
2184 2971 2427 3027 Marcum
2467 2974 2520 3027 in
2574 2974 2829 3030 ordinem
2889 2977 3272 3045 diaconorum,
3328 2998 3518 3036 eorum

1944 3071 2127 3116 autem
2163 3073 2370 3132 patrem
2390 3065 2444 3118 in
2470 3067 2911 3135 presbyterorum
2942 3070 3519 3143 retulisset,inclytun:

1945 3166 2075 3206 vero
2098 3152 2483 3209 Sebastianum
2518 3157 2765 3211 ecclesiae
2796 3158 3146 3215 defensorem
3198 3167 3517 3218 constituis~

1944 3252 2047 3304 set,
2081 3258 2205 3297 cum
2252 3248 2332 3299 eis
2356 3248 2680 3301 versabatur
2704 3251 2958 3318 quotidie
3014 3256 3339 3309 vacantibus
3377 3260 3487 3327 jeju

1946 3334 2053 3386 niis
2087 3343 2144 3387 et
2169 3338 2538 3403 orationibus,
2576 3352 2630 3393 et
2660 3341 2830 3395 Deum
2858 3345 3177 3410 rogantibus
3220 3357 3277 3400 ut
3301 3350 3518 3403 fortiter

269 3430 526 3501 παρήσω,
578 3431 797 3499 φεύγων
844 3428 937 3479 τοῦ
1004 3427 1164 3494 λόγου
1216 3424 1521 3495 προσκορές
1548 3437 1594 3502 ’⁸
1628 3424 1744 3487 ἑνὸς
1784 3426 1838 3478 δὲ
1947 3441 2006 3481 se
2029 3431 2349 3496 gererentir

1947 3441 2006 3481 se
2029 3439 2285 3496 gererent
2311 3431 2362 3484 in
2404 3434 2803 3488 certaminibus
2826 3446 2880 3489 et
2914 3440 3223 3504 tormentis,
3262 3450 3318 3495 et
3373 3427 3521 3497 redi—

273 3519 436 3587 μόνου
466 3517 970 3587 έπιμνησθήσομαι.

1869 3504 1910 3562 C
1944 3519 2219 3573 mirentur
2265 3537 2467 3577 corona
2509 3528 2777 3594 martyrii.
2810 3528 2877 3581 Et
2929 3529 3004 3582 illi
3052 3535 3274 3599 quidem
3327 3536 3379 3591 in
3438 3538 3523 3589 his

268 3620 448 3665 erant.
479 3610 708 3677 Quidam
737 3619 919 3664 autem
959 3608 1204 3677 quicum
1259 3607 1425 3661 variis
1453 3606 1661 3661 morbis
1688 3607 2165 3677 conﬂictabantur,
2205 3615 2344 3668 clam
2411 3617 2475 3670 ad
2513 3632 2608 3671 eos
2674 3619 3018 3685 accedentes,
3088 3627 3202 3677 sani
3285 3641 3520 3685 revertc-

268 3702 491 3767 bantur,
519 3711 574 3756 et
626 3701 829 3756 fiebant
879 3701 949 3755 ab
1000 3701 1081 3754 eis
1125 3699 1429 3764 miracula;
1497 3714 1619 3769 quae
1672 3711 1828 3754 erant
1868 3712 2059 3758 contra
2079 3706 2415 3775 opinionem,
2452 3724 2693 3777 quorum
2736 3713 2840 3766 alia
2864 3716 3083 3782 quidem
3109 3722 3519 3786 praetermittam

268 3797 448 3849 vitans
480 3796 786 3850 satietatem
816 3792 1104 3850 orationis.
1141 3790 1312 3847 Unius
1336 3806 1469 3847 vero
1507 3794 1810 3846 meminero
1850 3810 2013 3865 quam
2046 3806 2240 3866 potero
2272 3798 2613 3856 brevissime.

340 3885 455 3954 ις’.
490 3885 709 3939 Κατιὼν
738 3886 868 3939 ποτὶ
900 3886 928 3938 ὁ
950 3884 1264 3954 Τιὸούρτιος
1284 3886 1348 3937 lx
1369 3884 1469 3953 τῆς
1489 3886 1691 3949 οἰκίας,
1717 3886 1846 3940 ἔνθα

269 3977 409 4052 ἦσαν
438 3982 487 4033 oi
517 3980 689 4049 ἅγιοι,
710 3981 930 4051 ὲνέτυχέ
962 3997 1064 4033 που
1093 3982 1230 4033 κατά
1270 3979 1368 4050 τὴν
1413 3981 1620 4049 ἀγορὰν
1652 3982 1763 4034 ἄνω
1791 3982 1847 4047 ἐξ

274 4077 443 4143 ὕψους
481 4077 725 4139 πεσόντι,
788 4076 884 4128 καὶ
934 4075 1077 4127 οὕτω
1130 4074 1318 4137 δεινῶς
1367 4074 1567 4143 έχοντι,
1616 4075 1692 4137 ὠς
1722 4076 1847 4137 τοὺς

274 4169 612 4238 επιτηδείους
653 4167 992 4232 ἀπογνόντας
1046 4165 1210 4218 αὑτοῦ
1258 4166 1358 4236 τὴν
1411 4165 1715 4234 σωτηρίαν,
1747 4166 1840 4218 τοῦ

273 4257 451 4327 τάφου
484 4258 647 4326 μόνου
687 4256 782 4309 καὶ
815 4256 914 4325 τῆς
946 4256 1104 4319 ὁσίας
1132 4257 1461 4325 φροντίζειν.
1513 4257 1838 4323 Πλησιάσας

270 4349 364 4403 οὖν
399 4348 476 4419 τῷ
504 4348 741 4418 κειμένῳ
777 4350 870 4400 καὶ
902 4347 1003 4416 τὴν
1054 4347 1259 4417 συνήθη
1301 4348 1387 4401 ὁπ’
1417 4346 1565 4416 αὐτῷ
1616 4347 1841 4411 τελέσας

273 4447 459 4515 εὐχήν,
510 4445 642 4512 ὑγιᾶ
690 4443 879 4496 τοῦτον
912 4444 1023 4505 τοῖς
1082 4444 1454 4511 προσήκουσιν
1509 4440 1838 4506 ἀποδίδωσι,

274 4539 414 4605 πρὸς
438 4536 527 4598 οὓς
553 4536 647 4589 καὶ
674 4535 858 4605 φησίνο
886 4534 948 4587 Et
980 4532 1234 4603 βούλεσθε
1269 4534 1361 4585 καὶ
1384 4532 1538 4602 ὑμεῖς
1564 4532 1843 4601 παράδοξα

274 4630 411 4697 ἔργα
446 4627 641 4691 τελεῖν,
681 4624 1011 4679 πιστεύσατε
1048 4624 1124 4693 τῷ
1156 4624 1397 4693 Χριστῷ,
1436 4623 1564 4692 παρ’
1593 4618 1653 4675 οὗ
1682 4623 1848 4691 κάμοὶ

274 4719 446 4781 τῶνδε
489 4719 595 4771 τῶν
636 4717 992 4786 θαυμάτωνή
1030 4715 1280 4783 δύναμις.
1330 4715 1482 4769 Ἐπεὶ
1508 4714 1562 4768 δὲ
1592 4715 1848 4785 πειθομέ-

274 4833 402 4877 νους
431 4808 569 4865 εἶδεν
602 4811 772 4879 αὐτῷ,
833 4809 973 4879 πρὸς
1045 4810 1208 4861 Γάἰον
1262 4808 1467 4877 ἢγαγεν
1526 4807 1714 4871 εἰπὼν,
1749 4810 1849 4861 Δέ-

274 4925 374 4978 χου
428 4905 672 4969 τούτους,
725 4903 897 4969 πάτερ
958 4901 1128 4969 τίμιε,
1177 4897 1269 4961 οὓς
1319 4900 1385 4952 δι’
1443 4899 1577 4969 ἐμοῦ
1612 4901 1848 4969 σήμερον

273 4999 564 5069 ἐκέρδανεν
598 4998 626 5047 ὁ
660 4995 917 5065 Χριστός.
964 4991 1023 5045 '0
1058 4992 1113 5044 δὲ
1158 4993 1476 5060 κατηχήσας
1512 4991 1708 5052 αὐτοὺς
1751 4992 1847 5043 καὶ

273 5094 351 5161 τῲ
381 5092 505 5159 θείῳ
529 5089 820 5150 τελειώσας
848 5086 1185 5154 βαπτίσματι
1217 5085 1329 5143 τοῖς
1353 5083 1559 5147 λοιποῖς
1583 5085 1844 5150 συγκατέο

278 5184 433 5255 μιξεν
463 5182 656 5250 ἁγίοις.
698 5178 836 5231 Ἀλλ’
873 5178 971 5247 ήδη
1008 5176 1198 5248 καιρὸς
1229 5176 1403 5228 εἰπεῖν
1425 5175 1572 5238 ὅπως
1602 5174 1661 5228 τὸ
1690 5175 1840 5237 τέλος

274 5273 553 5341 ἀπήντησε
587 5270 683 5337 τῆς
718 5267 996 5336 ἀθλήσεως
1026 5281 1039 5295 ο
1084 5265 1112 5316 ὁ
1145 5265 1209 5334 δὴ
1247 5265 1342 5317 καὶ
1370 5264 1581 5332 ποιήσω
1609 5262 1713 5318 τῶν
1748 5263 1840 5315 ἆλ-

275 5367 383 5418 λων
422 5362 709 5431 ἀφέμενος.

2020 3889 2157 3946 XVI.
2202 3893 2548 3949 Descendens
2586 3897 2880 3965 aliquando
2930 3900 3125 3955 beatus
3165 3903 3451 3961 Tiburtius
3492 3925 3523 3963 e

1926 3982 2112 4069 domo
2141 3986 2194 4038 in
2229 4002 2336 4055 qua
2366 3998 2523 4041 erant
2554 3991 2754 4053 sanati,
2790 3993 2986 4047 incidit
3018 3996 3071 4049 in
3102 3996 3223 4049 foro
3250 3998 3303 4051 in
3342 3999 3521 4053 homi-

1947 4090 2071 4128 nem
2113 4080 2205 4143 qui
2248 4093 2315 4131 ει
2360 4080 2467 4133 alto
2508 4082 2803 4145 ceciderat,
2849 4093 2903 4135 et
2928 4100 2957 4137 e
2988 4100 3117 4138 casu
3152 4095 3258 4139 tam
3293 4090 3431 4143 male
3462 4106 3522 4145 se

1948 4165 2207 4231 habebat,
2253 4177 2313 4222 ut
2355 4169 2475 4237 ejus
2506 4174 2801 4226 necessarii
2834 4174 3189 4241 desperantes
3229 4178 3296 4232 de
3326 4180 3521 4243 salute,

1949 4258 2263 4343 sepulcrum
2308 4261 2486 4314 solum
2547 4272 2601 4316 et
2640 4268 2785 4332 justa
2838 4266 2887 4318 ei
2934 4266 3187 4321 facienda
3239 4283 3518 4327 curarent.

1948 4346 2085 4402 Cum
2114 4350 2298 4419 itaque
2331 4353 2380 4406 ei
2414 4353 2507 4422 qui
2528 4357 2744 4421 jaccbat
2772 4359 3288 4427 appropinquasset,
3315 4372 3368 4415 et
3392 4381 3523 4418 con-

1949 4450 2135 4495 suetas
2165 4458 2329 4512 super
2351 4459 2476 4499 eum
2504 4463 2696 4517 preces
2714 4448 2955 4511 fecisset,
2984 4451 3220 4505 reddidit
3246 4453 3521 4509 hominem

1945 4545 2137 4586 unum
2180 4532 2247 4587 iis
2290 4535 2383 4603 qui
2416 4538 2481 4588 ad
2514 4552 2638 4590 eum
2670 4538 3003 4603 attinebant,
3031 4541 3169 4594 adeo
3199 4547 3523 4599 corrobora-

1948 4635 2065 4678 tum
2099 4628 2444 4681 invocatione
2473 4631 2711 4683 nominis
2742 4630 2965 4693 Christi,
3002 4642 3059 4686 ut
3088 4649 3188 4687 nec
3227 4636 3273 4687 ei
3303 4638 3522 4703 quidem

1948 4714 2228 4769 videretur
2284 4719 2389 4770 tale
2442 4717 2576 4786 quid
2628 4720 2853 4773 omnino
2886 4723 3170 4777 accidisse.
3209 4726 3339 4780 Post
3365 4743 3523 4781 cura-

1960 4802 2161 4858 tionem
2202 4816 2383 4860 autem
2432 4808 2551 4875 ejus
2589 4810 2681 4877 qui
2732 4812 3025 4875 ceciderat,
3080 4816 3364 4868 accersitis
3406 4819 3525 4886 ejus

1953 4896 2276 4950 necessariis
2320 4897 2609 4954 Tiburtius
2661 4900 2792 4954 dicit
2834 4904 2914 4955 eis
2950 4922 2961 4955 :
3006 4903 3060 4957 Si
3098 4907 3263 4959 vultis
3303 4922 3523 4976 quoque

1947 5002 2069 5042 esse
2122 4988 2415 5044 effectores
2460 5007 2640 5045 rerum
2676 4992 3106 5059 admirabilium,
3146 4998 3366 5053 Christo
3408 5015 3526 5053 cre-

1946 5078 2079 5141 dite,
2111 5095 2139 5135 a
2176 5097 2284 5148 quo
2312 5082 2377 5135 ad
2423 5097 2506 5135 me
2543 5098 2762 5152 quoque
2802 5086 3045 5153 profecta
3094 5097 3178 5141 est
3214 5091 3326 5143 haec
3351 5091 3528 5145 virtus

1945 5172 2357 5228 miraculorum.
2392 5176 2687 5244 Postquam
2725 5193 2855 5231 vero
2892 5180 3031 5233 vidit
3075 5170 3441 5238 assentientes
3476 5192 3528 5238 ct

1944 5274 2221 5332 parentes,
2272 5280 2367 5319 eos
2408 5264 2621 5321 ducens
2668 5267 2733 5320 ad
2786 5267 2977 5321 Gaium
3009 5269 3143 5323 dicit
3176 5271 3226 5325 ei
3254 5291 3266 5325 :
3298 5270 3524 5342 Suscipe

1949 5356 2073 5417 hos,
2102 5357 2415 5409 venerande
2449 5368 2622 5425 pater,
2660 5374 2798 5426 quos
2830 5360 2991 5415 hodie
3028 5378 3124 5430 per
3158 5378 3242 5416 n.e
3270 5362 3525 5419 Christus

276 5456 569 5512 lucrifecit.
611 5454 706 5507 llle
754 5460 935 5505 autem
980 5458 1285 5520 postquam
1320 5450 1354 5504 ii
1400 5449 1630 5505 verbum
1680 5445 1803 5499 fidei
1878 5445 2220 5511 didicissent,
2274 5449 2461 5503 divino
2537 5451 2861 5518 baptismate
2952 5455 3230 5519 initiatos,
3282 5458 3514 5510 commi-

278 5551 423 5607 seuit
451 5548 574 5602 aliis
602 5546 827 5607 sanctis,
863 5543 1238 5614 prepterhare
1320 5544 1431 5599 Deo
1501 5555 1665 5612 agens
1694 5538 1919 5608 gratias,
1960 5540 2053 5608 qui
2109 5540 2237 5595 facit
2288 5543 2634 5598 admirabilia
2693 5544 2748 5597 in
2809 5546 3067 5599 omnibus
3132 5547 3516 5604 invocantibus

284 5647 486 5714 ipsum.
548 5639 654 5694 Sed
709 5639 817 5707 jam
871 5646 1087 5706 tempus
1132 5648 1217 5691 cst
1277 5636 1536 5692 narrandi
1591 5634 2127 5697 decertationcm,et
2165 5636 2415 5704 quisnam
2482 5637 2605 5693 linis
2667 5636 2962 5708 unicuique
3030 5641 3307 5706 evenerit;
3374 5641 3521 5711 quod

279 5736 500 5807 quidem
529 5734 723 5787 faciam
753 5731 875 5785 aliis
909 5731 1155 5785 omissis.

350 5828 448 5884 η’.
491 5828 555 5881 Ἦ
590 5824 979 5895 μακαριωτάτη
1037 5823 1157 5892 Ζωή
1221 5827 1277 5875 ὲν
1327 5827 1391 5896 τῇ
1432 5822 1571 5895 σορῷ
1627 5836 1751 5874 ποτε
1775 5818 1865 5873 τοῦ

624 5920 893 5979 Parnm.
938 5916 1024 5977 Gn
1106 5917 1191 5975 CX
1206 5916 1307 5977 Vl.

2049 5814 2206 5871 Xlll.
2240 5818 2555 5874 Beatissimo
2590 5818 2699 5873 Zoe
2736 5835 2896 5874 orans
2923 5818 3217 5888 aliquando
3272 5817 3337 5872 ad
3375 5818 3525 5873 locu-

3098 5907 3173 5967 26
