4242 6442
752 391 856 456 811

1886 377 2144 439 ADDEN
2157 379 2267 438 DA.
2305 401 2372 413 ·-
2413 375 2880 438 JANUARIUS.

3912 374 4023 444 813

743 515 860 573 tum
890 507 1122 582 apostoli
1180 505 1325 563 Petri
1367 503 1437 559 ab
1485 500 1668 572 impiis
1708 497 2219 568 comprehenditur.
2263 495 2331 548 Et
2362 506 2406 561 Α

2435 497 2737 551 ἀποστόλου
2757 499 2964 568 Πέτρου
2986 501 3402 574 προσευχομένη
3430 503 3583 575 παρὰ
3602 503 3711 557 τῶν
3727 499 4020 556 δυσσεδῶν

745 609 989 679 primum
1018 602 1244 675 quidem
1290 597 1527 653 adducta
1555 595 1623 649 ad
1669 592 2051 663 magistratum
2083 588 2321 651 vicinia,

746 715 802 758 et
848 694 1230 755 tantummodo
1269 688 1490 764 jubenti
1535 687 1588 743 ei
1635 696 1695 741 ut
1741 683 2079 739 sacriﬁcaret
2130 688 2326 735 statua

747 792 937 849 Martis
973 803 1096 860 qua:
1121 787 1236 842 illic
1266 784 1466 845 stabat,
1499 793 1624 834 curn
1653 773 1968 831 verecunde
2005 769 2324 840 respondis-

746 895 832 943 set
872 902 885 940 :
924 883 1061 937 Eum
1114 880 1301 935 Venus
1353 873 1526 945 magis
1569 865 1930 926 delectaverit
1979 878 2143 935 quam
2198 876 2324 932 ego,

749 982 841 1036 illa
865 978 932 1034 de
959 986 1160 1032 caetero
1181 969 1407 1042 quidem
1433 965 1630 1021 mansit
1664 973 1855 1018 tacens
1879 969 1934 1014 et
1957 957 2151 1013 oculos
2168 953 2322 1009 humi

747 1071 1012 1142 deﬁgens.
1046 1067 1140 1122 Ille
1177 1072 1362 1119 autem
1394 1061 1501 1116 hoc
1530 1057 1681 1112 dicto
1705 1053 1970 1110 eﬂeratus
2001 1052 2164 1123 jussit
2202 1063 2323 1105 eam

747 1163 952 1223 servari
979 1163 1033 1216 in
1058 1172 1278 1216 carcere
1304 1156 1600 1216 tutissimo,
1623 1159 1678 1204 et
1715 1161 1895 1217 neque
1914 1146 2094 1200 lucem
2114 1142 2324 1206 videre,

745 1278 924 1332 neque
966 1259 1124 1316 cibos
1153 1266 1392 1311 sumere.
1437 1246 1644 1304 Deinde
1668 1259 1792 1300 cum
1841 1257 1936 1298 se:
1978 1241 2098 1296 dies
2151 1250 2326 1295 trans-

745 1329 949 1425 egisset
987 1352 1040 1405 in
1075 1352 1174 1403 hac
1197 1344 1514 1404 aﬁlictione,
1555 1338 1791 1407 septimo
1837 1332 2227 1389 transmittitur
2258 1329 2324 1384 ad

747 1423 1064 1516 praefectum
1097 1439 1439 1496 Flavianum.
1467 1433 1569 1499 Qui
1600 1445 1725 1487 cum
1756 1436 1880 1500 post
1907 1426 2109 1482 multas
2150 1423 2324 1478 inter-

749 1539 1062 1611 rogationes
1114 1533 1343 1589 vidisset
1393 1543 1515 1583 eam
1580 1541 1690 1579 non
1759 1535 1920 1591 posse
1981 1515 2322 1590 persuaderi,

741 1635 898 1704 jubet
941 1646 1058 1686 cam
1102 1629 1154 1682 in
1185 1627 1367 1695 aliqua
1414 1623 1518 1676 alta
1556 1618 1756 1673 arbore
1805 1630 1835 1668 a
1872 1613 2052 1683 capite
2091 1623 2328 1680 suspen-

745 1699 885 1790 sam,
943 1734 1000 1780 et
1039 1721 1214 1775 multo
1275 1717 1423 1771 fumo
1478 1711 1693 1766 inferne
1757 1706 2192 1775 suﬂumigatam,
2244 1699 2324 1756 sic

747 1819 904 1873 ﬁnire
929 1818 1120 1872 vitam.
1155 1811 1222 1866 Et
1247 1809 1339 1864 illa
1366 1806 1588 1877 quidem
1620 1801 1700 1858 sic
1726 1801 1923 1871 migrat
1948 1796 2015 1851 ad
2039 1795 2321 1851 Christum

745 1911 1143 1965 desideratum.
1213 1898 1479 1956 Crudeles
1524 1903 1710 1950 autem
1777 1888 2070 1959 parricidae
2120 1896 2327 1954 corpus

2431 588 2887 659 ωλλαμὸάνεται.
2918 589 3012 643 καὶ
3037 589 3113 659 τῷ
3136 592 3360 664 ἄρχοντι
3397 593 3501 662 τῆς
3539 593 3807 662 γειτονίας
3838 609 4018 662 προσ⁹

2430 681 2645 748 άγεται.
2690 678 2979 734 Κελεύοντι
3023 677 3117 736 οὖν
3143 682 3295 754 αὑτῷ
3331 684 3409 753 τῷ
3451 687 3636 740 ῑκεῐσε
3679 686 3774 740 τοῦ
3814 687 4018 751 ’Δρεος

2427 770 2704 841 ἀνδριάντι
2727 769 2890 825 θῦσαι
2921 772 3039 843 μετ’
3055 773 3236 838 αἰδοῦς
3257 775 3493 831 εἰποῦσα
3513 778 3591 839 ὡς
3617 775 3679 830 Ἦ
3716 777 4016 848 ’Δφροδὶτη

2432 863 2633 934 μᾶλλον
2680 863 2936 934 τέρψειεν
2987 865 3179 920 τοῦτον
3218 869 3250 939 ἢ
3301 868 3437 936 εγὼ,
3479 870 3513 940 ἡ
3559 870 3659 940 μιν
3712 871 3775 923 τὸ
3824 871 4020 924 λοιπὸν

2429 953 2662 1019 ὲσ;ὡπα,
2715 955 2784 1009 τὰ
2815 955 3042 1026 ὄμματα
3070 960 3150 1022 είς
3188 960 3294 1031 γῆν
3345 961 3651 1032 ἐρείδουσα·
3691 964 3720 1016 δ
3771 961 3832 1015 δὲ
3873 962 4019 1033 πρὸς

2427 1049 2521 1101 τὸν
2553 1047 2709 1116 λόγον
2744 1046 2934 1102 τοῦτον
2958 1049 3225 1121 άγριάνας
3251 1052 3508 1106 εκέλευσε
3538 1054 3713 1123 αὐτὴν
3746 1052 4015 1120 ἀσφαλῶς

2427 1140 2711 1210 τηρεῖσθαι
2749 1140 2842 1193 καὶ
2885 1142 3021 1211 μήτε
3059 1141 3175 1211 φῶς
3203 1144 3358 1214 δρᾷν,
3405 1146 3546 1215 μήτε
3596 1144 3789 1199 σιτίων
3838 1161 4018 1213 μεταο

2430 1231 2750 1303 λαμδάνειν.
2787 1232 2886 1299 Ἓξ
2931 1232 2987 1286 δὶ
3017 1232 3344 1288 διελθουσῶν
3388 1235 3616 1307 ἡμερῶν
3647 1238 3726 1304 τῷ
3778 1238 4019 1306 ἀπάρχῳ

2428 1323 2711 1395 ολαδιανῷ
2744 1326 3206 1396 παραπέμπεται·
3237 1328 3297 1391 ὃς
3321 1328 3657 1382 ἀπειθοῦσαν
3683 1330 3858 1403 αὐτὴν
3892 1329 4018 1383 ίδὼν

2427 1416 2717 1470 ἐκέλευσεν
2763 1417 2853 1469 ιπί
2901 1433 3048 1481 τινος
3081 1417 3290 1488 ὑψηλοῦ
3323 1420 3546 1489 δένδρου
3586 1421 3730 1474 κατά
3763 1419 4019 1488 κεφαλῆς

2429 1509 2832 1582 ἁναρτηθεῖσαν
2862 1510 2956 1564 καὶ
2997 1510 3180 1581 πολλῷ
3209 1509 3289 1579 τῷ
3318 1501 3514 1581 καπνῷ
3552 1512 3802 1566 κάτωθεν
3840 1527 4022 1564 κατα-

2430 1607 2756 1675 πνεομένην,
2800 1603 2972 1668 οὓτως
3021 1604 3339 1659 ἀποθανεῖν.
3382 1604 3586 1659 Τούτου
3618 1605 3677 1658 δὲ
3716 1605 4020 1671 γενομένω

2429 1696 2478 1750 cl
2516 1696 2791 1768 μιαιφόνοι
2824 1697 2902 1767 τῷ
2948 1696 3162 1766 σώματι
3195 1695 3399 1765 ταύτης
3427 1695 3576 1750 λίθον
3610 1695 4019 1766 προσδήσαντες

2429 1789 2571 1844 κατὰ
2599 1788 2694 1842 τοῦ
2717 1789 2974 1861 Τιϐέρεος
3000 1789 3343 1852 ἀκοντίζουσι
3374 1789 3644 1857 ποταμοῦ.
3676 1789 3742 1840 τά
3777 1789 4020 1857 μέγιστα

2429 1879 2753 1950 ζημιοῦντες
2782 1879 3166 1950 Χριστιανούς.

745 2006 863 2072 ejus
887 2004 1240 2072 acceperunt,
1284 2003 1340 2047 et
1389 1989 1564 2059 lapide
1592 1986 1643 2042 ei
1681 1997 1922 2054 appenso
1955 1981 2009 2035 in
2061 1977 2303 2034 Tiberim
2339 1974 2612 2045 injiciunt,
2643 1974 3021 2029 existimantes
3089 1971 3207 2028 fore
3288 1981 3345 2027 ut
3395 1972 3474 2028 sic
3526 1986 3634 2026 non
3698 1979 4018 2043 appareret,

746 2108 800 2152 ct
826 2111 934 2150 non
988 2103 1133 2149 esset
1187 2084 1521 2144 Christianis
1565 2079 1886 2135 morborum
1947 2072 2433 2127 medicamentum.

815 2187 1002 2245 XVIII.
1037 2187 1331 2251 Postquam
1361 2190 1490 2231 vero
1521 2175 1692 2227 beatae
1720 2171 1857 2225 Zoes
1879 2166 2197 2237 martyrium
2220 2163 2321 2217 fuit
2351 2175 2397 2234 Β

2499 2159 2606 2215 IH'.
2648 2162 2735 2224 Ὠς
2786 2161 2876 2214 οὗν
2928 2163 2987 2215 τὸ
3043 2165 3348 2233 μαρτύριον
3392 2162 3491 2232 τῆς
3540 2160 3825 2233 μακαρίας
3858 2160 4019 2227 Ζωῆς

747 2284 949 2337 sanctis
1005 2277 1306 2345 cognitum,
1373 2270 1425 2323 id
1501 2279 1692 2320 omnes
1753 2263 1888 2316 adeo
1947 2257 2192 2314 incitavit
2261 2255 2328 2310 ad

746 2377 978 2432 similem
1007 2369 1282 2428 zclum,ut
1306 2360 1720 2430 Tranquillinus
1746 2355 1948 2410 dixerit
1974 2354 2134 2407 beato
2163 2349 2332 2405 Seba-

747 2471 924 2524 stiano
954 2481 966 2517 :
1007 2461 1188 2525 Vides,
1223 2457 1442 2511 domine
1496 2453 1590 2517 Ini,
1619 2448 2077 2520 quemadmodum
2111 2444 2327 2499 femina

749 2575 912 2617 sexus
933 2553 1366 2611 imbecillitatem
1396 2553 1648 2617 prompto
1672 2551 1727 2596 et
1745 2540 1911 2595 alacri
1932 2539 2117 2593 animo
2136 2549 2329 2591 corro-

749 2650 1028 2707 horantes,
1049 2655 1281 2696 coronas
1306 2634 1643 2706 praeripiunt.
1663 2630 1816 2696 Quod
1853 2627 2014 2684 simul
2055 2634 2216 2696 atque
2238 2624 2324 2678 di-

749 2743 916 2795 xisset
942 2739 1105 2791 domo
1138 2744 1409 2802 egressus,
1447 2737 1501 2781 et
1528 2725 1754 2779 veniens
1789 2721 1856 2776 ad
1888 2719 2128 2775 loculum
2178 2714 2324 2771 beati

750 2831 981 2904 apostoli
1023 2827 1176 2883 Pauli
1209 2821 1398 2880 orandi
1431 2832 1619 2880 causa,
1658 2821 1886 2883 repente
1922 2810 2026 2865 fuit
2079 2824 2328 2878 compte-

753 2902 978 2986 liensus,
1007 2934 1060 2978 et
1081 2921 1356 2990 lapidibus
1416 2915 1648 2969 obrutus
1698 2908 1900 2980 jacitur
1947 2904 2002 2959 in
2058 2902 2322 2958 Tiberim.

751 3022 924 3089 Ili-jus
955 3029 1155 3084 corpus
1184 3011 1522 3066 Nicostratus
1550 3012 1605 3059 et
1656 3000 1920 3058 Claudius
1978 2996 2140 3052 simul
2202 3012 2323 3050 cum

751 3085 998 3168 Castorio
1017 3109 1082 3160 ad
1104 3103 1250 3172 ripas
1262 3105 1569 3168 quaerentes
1585 3103 1643 3146 ut
1657 3090 1980 3145 mandarent
2003 3085 2320 3155 sepulturae,

753 3205 984 3257 veniunt
1035 3199 1088 3251 in
1144 3207 1340 3249 manus
1395 3203 1586 3244 eorum
1638 3185 1732 3252 qui
1787 3181 2206 3242 insidiabantur,
2269 3188 2325 3232 et

752 3296 901 3350 ducti
932 3293 998 3345 ad
1031 3288 1369 3359 praefectum,
1423 3279 1560 3334 adeo
1585 3292 1685 3332 nec
1707 3273 1921 3330 blandis
1963 3272 2168 3336 verbis,
2220 3284 2324 3323 nec

756 3387 918 3443 minis
947 3397 1048 3438 nec
1101 3380 1226 3434 ullis
1279 3374 1576 3429 insultihus
1634 3367 1882 3424 converti
1959 3377 2212 3434 potuere,
2264 3370 2324 3414 ut

754 3481 1043 3551 prefectus
1085 3471 1384 3526 admiratus
1429 3462 1818 3535 signiﬁcaverit
1859 3458 1974 3511 hazc
2021 3458 2318 3525 imperato-

2433 2257 2545 2317 τοῖς
2594 2256 2771 2324 ἁγίοις
2823 2256 3096 2325 ἐγνώσθη,
3149 2254 3406 2308 τοσοῦτον
3446 2256 3698 2317 ἃπαντας
3755 2253 3894 2323 πρὸς
3928 2253 4021 2304 τὸν

2430 2349 2614 2419 ὅμοιον
2647 2348 2921 2418 παρέθηξε
2958 2349 3139 2415 ζῆλον,
3177 2348 3318 2402 ὥστε
3345 2347 3436 2401 τὸν
3469 2346 3849 2419 Τραγκυλῖνον
3876 2346 4020 2414 πρὸς

2430 2440 2521 2494 τὸν
2546 2440 2816 2510 μακάριον
2832 2439 3420 2511 Σε6αστιανδν,⁹ορᾷς,
3443 2433 3488 2492 ὧ
3516 2438 3674 2509 κύριέ
3707 2453 3835 2508 μου,
3865 2437 4018 2496 ὅπως

2432 2533 2488 2586 αἱ
2531 2536 2793 2601 γυναῖκες
2829 2533 2890 2585 τὸ
2935 2536 3035 2602 τῆς
3086 2534 3301 2601 φύσεως
3351 2531 3578 2594 ἀσθενὲς
3618 2531 3684 2600 τῇ
3729 2526 4018 2600 προθυμίᾳ

2429 2625 2811 2697 ὲπιρῤὡσασαι
2868 2627 2994 2688 τοὺς
3046 2626 3342 2694 στεφάνους
3401 2621 3843 2694 προαρπάζουσι.
3906 2620 4016 2671 Καὶ

2429 2715 2545 2786 ἅμα
2579 2715 2652 2786 τῷ
2682 2716 2825 2786 λόγῳ
2850 2716 2945 2769 τοῦ
2970 2717 3245 2785 δωματίου
3265 2714 3523 2780 ἐξελθὼν,
3557 2714 3654 2766 καὶ
3682 2713 3740 2765 ὲν
3773 2714 3842 2782 τῇ
3867 2708 4016 2779 σορῇ

2427 2807 2522 2859 τοῦ
2558 2808 2831 2877 μακαρίου
2877 2807 3180 2861 ἀποστόλου
3237 2806 3453 2859 [ιαύλου
3498 2804 3812 2877 προσευχῆς
3851 2803 4016 2872 χάριν

2427 2901 2740 2969 γενόμενος,
2771 2901 2932 2963 εὐθὺς
2975 2899 3443 2969 συλλαμϐάνεται,
3487 2899 3586 2953 καὶ
3633 2897 3804 2956 λίθοις
3837 2911 4014 2948 κατα-

2425 2990 2672 3054 λευσθεὶς
2722 2990 2799 3060 τῷ
2835 2991 3055 3061 ῥηθέντι
3082 2992 3350 3044 ἐκδίδοται
3404 2987 3660 3059 ποταμῷ.
3709 2987 3918 3040 Τούτου
3953 2987 4014 3038 τὸ

2429 3082 2587 3152 σῶμα
2620 3083 2991 3152 Νικόστρατος
3021 3084 3115 3136 sui
3143 3084 3408 3144 Κλαύδιος
3439 3081 3556 3152 ἅμα
3586 3081 3832 3148 Κάστορι
3857 3078 4013 3148 παρὰ

2425 3179 2521 3238 τὰς
2554 3176 2716 3246 ὖχθας
2741 3176 3029 3246 ζητοῦντες
3052 3177 3146 3230 τοῦ
3180 3176 3427 3248 ποταμοῦ
3452 3178 3591 3231 ὥστε
3616 3174 3804 3229 δοῦναι
3837 3176 4010 3243 ταφῇ,

2424 3270 2483 3322 ἐν
2512 3271 2666 3340 χερσὶ
2698 3269 2805 3322 τῶν
2834 3271 3049 3322 άσεῦὦν
3071 3270 3332 3337 γίνονται,
3360 3272 3456 3322 καὶ
3485 3269 3623 3338 πρὸς
3647 3269 3739 3320 τὸν
3765 3267 4013 3335 ἔπαρχον

2422 3361 2715 3432 ἀχθέντες,
2774 3361 2896 3413 ἐπεὶ
2952 3363 3154 3423 πάσαις
3213 3361 3536 3430 προσϐολαῖς
3592 3359 4015 3428 ἀπερίτρεπτοι-

2424 3452 2702 3522 ὤφθησαν,
2722 3451 2964 3504 κελεύσει
2988 3451 3262 3523 βασιλικῇ.
3294 3452 3430 3522 μετά
3459 3453 3518 3504 τδ
3549 3451 3747 3514 πολλάς
3769 3449 4013 3519 ὑποστῆ-

752 3535 930 3631 ribus,
958 3580 1012 3622 et
1035 3565 1100 3619 ah
1123 3564 1204 3618 eis
1236 3559 1508 3628 acceperit
1552 3552 1879 3609 sententiam
1923 3549 1977 3603 in
2034 3548 2157 3601 illos
2204 3559 2325 3613 quae
2354 3535 2394 3590 C
2430 3560 2433 3570 ·

2430 3559 2518 3594 ναι
2557 3541 2848 3610 μάστιγας,
2879 3541 3190 3606 θαλαττίοις
3217 3541 3517 3595 ὲκδίδονται
3545 3541 3771 3612 κύμασι.

751 3665 832 3719 sic
888 3660 1124 3716 habebat
1157 3673 1169 3709 :
1204 3654 1311 3708 Eos
1367 3651 1459 3721 qui
1496 3664 1606 3702 non
1640 3653 1832 3715 parent
1894 3642 2073 3696 edicto
2128 3648 2327 3693 nostra:
2362 3634 2685 3698 divinitatis,
2721 3644 2776 3689 et
2807 3635 3002 3689 nolunt
3038 3635 3145 3689 diis
3177 3635 3511 3701 sacriﬁcare,
3567 3633 3828 3704 iubemus
3884 3649 4011 3690 cum

756 3771 838 3812 ter
867 3754 1068 3809 iuerint
1096 3743 1392 3804 examinati
1444 3741 1754 3800 tormentis,
1809 3736 2037 3790 marinis
2101 3731 2319 3786 tandem
2367 3727 2508 3782 tradi
2554 3727 2837 3791 ﬂuctibus,
2863 3728 2968 3782 nisi
2996 3728 3242 3797 castigati
3315 3726 3614 3797 supplices,
3685 3728 3864 3782 nostri
3907 3730 4013 3782 im-

757 3841 1490 3920 periicesserintpotestati.
1528 3835 1639 3888 Hac
1700 3845 1831 3901 ergo
1901 3837 2122 3896 accepta
2174 3822 2468 3887 sententia,
2532 3819 2844 3891 prafectus,
2892 3830 3182 3891 postquam
3239 3819 3426 3874 multis
3491 3821 3573 3875 eis
3629 3821 3792 3874 illatis
3837 3821 4012 3892 plagis

754 3913 890 3996 vidit
920 3955 1013 3993 eos
1072 3952 1179 3990 non
1245 3932 1442 3987 cedere
1509 3942 1611 3982 nec
1662 3922 1932 3985 inclinari,
1999 3919 2244 3975 serviens
2298 3916 2538 3971 decretis
2594 3915 3006 3984 imperatorum,
3074 3929 3195 3984 quae
3246 3914 3314 3968 ab
3373 3913 3480 3968 illis
3537 3914 3646 3967 lata
3696 3913 3896 3979 fuerat,
3953 3913 4008 3968 in

753 4043 971 4088 sanctos
1026 4027 1338 4100 pronuntiat
1410 4021 1758 4078 sententiam.
1834 4017 1898 4070 Et
1958 4014 2033 4069 illi
2090 4011 2312 4083 quidem
2352 4007 2813 4065 sicconsummati
2835 4008 3118 4075 iaciuntur
3140 4007 3195 4060 in
3218 4021 3390 4061 mare.

829 4125 968 4180 XIX.
997 4124 1295 4178 Curtuatus
1314 4124 1494 4171 autem
1521 4115 1605 4168 vir
1627 4111 1848 4182 quidam
1872 4126 1929 4163 re
1950 4107 2169 4178 quidem
2193 4119 2324 4159 vera

753 4220 977 4286 impius,
1010 4212 1194 4283 Specie
1229 4225 1365 4263 vcro
1400 4208 1522 4277 pius
1549 4215 1607 4259 et
1645 4219 1701 4258 se
1737 4201 2112 4256 Christianum
2152 4197 2325 4251 simu-

755 4312 897 4372 lans,
928 4321 1053 4362 cum
1089 4320 1148 4357 sc
1191 4301 1474 4355 retulisset
1533 4296 1588 4349 in
1640 4307 1930 4349 numerum
1983 4299 2324 4350 sanctorum,

754 4401 912 4456 {actis
942 4397 1072 4468 ipsis
1101 4393 1337 4464 praebuit
1370 4387 1767 4458 suspicionem.
1806 4381 1939 4437 Nam
1981 4391 2037 4437 et
2073 4381 2325 4452 positura

759 4493 1082 4562 capillorum
1117 4502 1238 4557 quin
1283 4499 1379 4554 par
1428 4493 1548 4535 erat
1585 4477 1917 4533 elaboratior
1947 4484 2003 4530 et
2039 4474 2203 4528 nimis
2231 4487 2324 4526 ac-

758 4593 965 4645 curata,
1001 4582 1291 4646 victusque
1319 4573 1485 4628 nimis
1507 4569 1688 4624 mollis
1721 4575 1778 4622 et
1809 4566 2100 4627 delicatus,
2134 4573 2190 4619 et
2219 4562 2324 4618 alia

759 4676 985 4730 minime
1013 4672 1245 4725 honesta
1274 4663 1642 4726 conversatio,
1669 4661 1885 4715 induxit
1919 4675 2013 4714 eos
2041 4659 2133 4728 qui
2166 4656 2324 4711 vide-

761 4769 912 4825 bant,
943 4773 1002 4816 ut
1035 4761 1086 4816 id
1115 4759 1259 4829 quod
1290 4765 1438 4818 erat,
1468 4751 1881 4808 fraudulentum
1910 4751 2188 4804 hominem
2225 4762 2327 4817 pu-

761 4864 945 4912 tarent
994 4863 1050 4908 ct
1106 4851 1482 4917 deceptorem.
1544 4844 1662 4899 Non
1706 4841 1939 4897 multum
2013 4837 2326 4894 intercessit

761 4948 1045 5017 temporis,
1101 4953 1156 4999 ct
1186 4957 1308 4998 cum
1364 4938 1593 4992 vidisset
1649 4940 1873 4991 beatum
1911 4932 2224 4988 Tiburtium
2270 4932 2325 4985 in

766 5042 1002 5112 quidam
1030 5052 1184 5093 sacra
1216 5034 1329 5088 aede
1361 5040 1635 5095 orantem,
1660 5039 1716 5085 et
1745 5044 1870 5083 eum
1907 5027 2202 5082 indicasset
2230 5026 2330 5079 im-

766 5133 893 5203 piis,
936 5133 1051 5201 ipse
1083 5143 1302 5200 quoque
1353 5121 1842 5192 comprehenditur
1879 5119 2043 5174 simul
2076 5132 2198 5173 cum
2241 5115 2332 5170 Ti-

765 5225 975 5279 burtio.
1003 5222 1117 5276 Hoc
1149 5220 1295 5274 enim
1325 5218 1399 5272 ita
1438 5217 1676 5278 volebat,
1711 5222 1769 5268 ut
1793 5227 1971 5282 neque
2003 5209 2331 5266 Christianis

764 5317 1042 5373 videretur
1061 5329 1182 5370 esse
1214 5311 1482 5385 proditor,
1513 5319 1569 5366 ct
1601 5324 1726 5366 cum
1751 5309 1887 5363 satis
1911 5321 2008 5378 per
2033 5304 2220 5359 ludum
2250 5304 2328 5358 si-

767 5411 1051 5475 mulasset,
1106 5409 1186 5465 sic
1233 5406 1771 5478 deprehenderetur.
1802 5403 1941 5459 Cum
1991 5404 2176 5472 itaque
2213 5401 2334 5455 Fla-

765 5506 961 5558 vianus
995 5515 1286 5572 utrumque
1311 5510 1554 5557 curasset
1590 5499 1711 5554 sisti
1754 5497 1820 5552 ad
1849 5513 2008 5552 suum
2066 5493 2330 5560 tribunal,

763 5598 894 5652 dicit
917 5596 1204 5652 Curtuato:
1237 5593 1376 5648 Num
1408 5604 1463 5647 tu
1490 5607 1710 5662 quoque
1739 5604 1839 5660 pro
1865 5590 1975 5643 Deo
2005 5586 2175 5640 habes
2207 5599 2330 5638 cru-

762 5689 985 5743 ciﬁxum
1008 5689 1030 5742 ἵ
1054 5689 1189 5743 Cum
1225 5688 1270 5741 is
1307 5696 1488 5740 autem
1518 5682 1857 5739 subrideado
1883 5679 2137 5739 dixisset,
2179 5692 2234 5730 se
2269 5676 2335 5729 il-

770 5780 882 5833 lum
909 5780 1223 5834 existimare
1260 5778 1428 5831 Deum
1457 5790 1620 5845 quem
1659 5774 1748 5828 hic
1789 5774 2003 5834 beatus,
2033 5766 2336 5821 ostendens

773 5873 945 5946 digito
995 5873 1493 5942 Tiburtium,aegrc
1541 5869 1726 5924 terens
1767 5861 2104 5922 admirabilis
2149 5857 2335 5916 adole-

2502 4101 2604 4156 IO’.
2640 4101 3049 4170 Κουρτουνᾶτος
3077 4100 3193 4170 (sic)
3221 4099 3277 4152 δέ
3311 4117 3398 4162 τις
3429 4098 3569 4170 ἀνὴρ
3597 4097 3868 4168 δυσσεϐὴς
3914 4099 4012 4167 μὲν

2430 4196 2497 4265 τῇ
2531 4193 2782 4264 ἀληθείᾳ,
2836 4193 3077 4262 σχήματι
3116 4193 3170 4245 δὲ
3198 4191 3427 4261 εὐσεϐὴς
3479 4191 3576 4245 καὶ
3626 4193 3718 4244 τὸν
3751 4192 4011 4260 Χριστια-

2430 4283 2622 4352 νισμδν
2663 4283 3112 4353 ὑποκρινόμενος,
3164 4285 3273 4344 τοῖς
3309 4282 3486 4351 άγξοις
3529 4265 3729 4335 ,ἑαυτὸν
3774 4283 4012 4350 ιγκαταο

2430 4375 2822 4446 λέξας,εργοις
2881 4376 3064 4438 αὐτοῖς
3123 4377 3353 4447 παρεῖχε
3413 4374 3474 4428 τὸ
3531 4374 3774 4427 ὕποπτον
3826 4377 3893 4444 τῇ
3946 4390 4007 4426 τε

2433 4469 2711 4539 περιέργῳ
2761 4468 2873 4520 τῶν
2906 4468 3110 4539 τριχῶν
3147 4467 3296 4520 θέσει
3320 4507 3361 4531 ,μ
3387 4466 3464 4535 τῷ
3510 4484 3569 4520 τε
3608 4468 3870 4538 τρυγηλῷ
3913 4470 4013 4536 τῆς

2431 4559 2639 4630 διαίτης
2690 4561 2783 4613 καὶ
2825 4562 2891 4630 τῇ
2941 4559 3075 4630 άλλη
3120 4559 3348 4628 ἀκόσμῳ
3400 4559 3718 4628 ἀναστροφῇ
3765 4559 4013 4628 ὑπήγετο

2432 4652 2558 4715 τοὺς
2583 4650 2827 4722 δρῶντας
2857 4651 3158 4720 ἀπατηλὸν,
3194 4651 3330 4720 ὅπερ
3363 4645 3452 4719 ἦν,
3497 4650 3754 4718 ὴγεῐσθαι
3798 4651 3891 4704 τδν
3921 4652 4014 4704 άν-

2435 4744 2674 4815 θρωπον.
2730 4743 2805 4795 Οὐ
2838 4742 2972 4795 πολὺ
3009 4742 3068 4794 τὸ
3115 4741 3301 4811 μέσον,
3343 4741 3435 4794 καὶ
3475 4741 3568 4794 τὸν
3611 4742 3886 4812 μακάριον
3919 4743 4014 4794 τι-

2435 4835 2684 4904 δούρτιον
2736 4833 2790 4885 εν
2813 4849 2917 4886 τινι
2970 4832 3079 4886 τῶν
3133 4832 3296 4904 ίερῶν
3336 4833 3503 4885 οῐκων
3557 4833 3857 4902 εὐχόμενον
3902 4835 4016 4894 τοῖς

2434 4926 2718 4982 δυσσεϐέσι
2766 4925 3164 4994 καταμηνύσας
3215 4923 3660 4993 συλλαμσάνεται
3703 4925 3796 4977 καὶ
3850 4925 4014 4986 αὖτὶς

2437 5017 2576 5072 ἑκὼν
2635 5017 2774 5086 μετὰ
2809 5015 3149 5087 Τιὸούρτιον,
3209 5015 3297 5068 ῐνα
3349 5015 3487 5085 μήτε
3546 5013 3815 5085 προδότης
3871 5009 4013 5068 εἶναι

2435 5111 2560 5180 δόξῃ
2588 5110 2956 5180 Χριστιανοὶς,
2998 5109 3093 5160 καὶ
3120 5105 3218 5175 τὴν
3247 5107 3615 5176 προσποίησιν
3656 5106 3858 5168 ἱκανῶς
3897 5106 4015 5158 δια·

2438 5203 2639 5268 παίξας
2689 5202 2829 5255 οὕτω
2877 5197 3190 5271 φανερωθῇ.
3224 5197 3523 5262 Φλασιανδς
3569 5194 3664 5251 οὖν
3715 5199 4016 5267 ἑκατέρους

2438 5294 2516 5365 τῷ
2555 5295 2708 5365 οίκίῳ
2741 5294 3238 5364 παραστησάμενος
3269 5291 3494 5362 βήματι,
3534 5289 3684 5357 λέγει
3716 5290 3796 5360 τῷ
3831 5292 4014 5360 Κουρο

2440 5390 2706 5460 τουνάτῳ·
2743 5388 2834 5457 Μὴ
2871 5388 2962 5439 καὶ
2993 5386 3056 5438 σὺ
3095 5384 3173 5454 τῷ
3209 5382 3612 5453 ἑσταυρωμένῳ
3653 5383 4013 5450 προσανέχεις

2440 5480 2601 5548 Θεῷ;
2653 5479 2759 5533 Τοῦ
2811 5480 2867 5532 δὲ
2924 5477 3062 5549 μετά
3111 5475 3466 5546 μειδιάματος
3514 5476 3758 5535 εἰπόντος
3805 5473 4013 5527 ἐκεῖνον

2443 5574 2694 5643 ἡγεῖσθαι
2731 5573 2864 5626 Θεὸν
2910 5570 2969 5624 ὃν
3021 5573 3048 5624 ὁ
3100 5569 3369 5640 μακάριος
3415 5560 3570 5630 οὗτος
3603 5566 3890 5636 κηρύττει,
3921 5568 4014 5621 τὸν

2443 5666 2760 5736 Τισούρτιον
2794 5663 2872 5734 τῷ
2901 5662 3148 5731 δακτύλῳ
3176 5660 3379 5726 δείξας,
3423 5659 3757 5729 δυσχεράνας
3807 5659 3837 5710 ὸ
3883 5659 4014 5711 θαυ-

2448 5761 2648 5832 μαστὸς
2701 5757 2913 5820 νεανίας
2962 5757 3054 5809 ἐπὶ
3099 5757 3166 5826 τῇ
3220 5751 3459 5820 τοσαύτῃ
3508 5750 3813 5819 ὑποκρίσει,
3862 5750 4011 5815 λέγει

2445 5854 2612 5927 αὐτῷ·
2636 5853 2728 5926 Μὴ
2755 5849 3126 5924 παραλογίζου
3153 5847 3363 5917 σαυτὸν,
3392 5838 3862 5920 ὣβουρτουνᾶτε,
3893 5845 4014 5901 λαν-
