4242 6442
267 403 381 466 813
1070 391 1539 456 MARTYRIUM
1576 390 1633 452 s.
1679 386 2127 450 SEBAS’I‘IANI
2169 386 2266 447 ET
2308 384 2718 446 SOClORUM.
3412 386 3516 448 stt

273 517 456 569 θάνειν
484 514 543 567 ἐν
581 512 751 574 δόλοις
779 508 1140 580 πειρώμενος·
1170 506 1347 567 οὐδεὶς
1380 503 1677 566 συνεσθίων
1703 502 1835 574 πόρ-
1868 506 1912 565 Α
1938 516 1948 554 t

1868 506 1912 565 Α
1938 514 2099 555 seens
2132 506 2335 552 tantam
2368 495 2797 559 simulationem,
2826 501 2881 548 et
2926 493 3005 549 ira
3042 503 3221 548 motus
3257 494 3389 549 dicit
3423 512 3469 549 ει
3500 508 3511 550 :

269 626 395 673 ναις
426 608 520 661 καὶ
543 607 739 676 μέθαις
758 604 987 675 χαίρων,
1003 603 1099 655 καὶ
1117 601 1288 659 τάλλα
1308 598 1566 669 πράττων
1588 594 1837 663 ἀναίδην,

1947 592 2027 645 Ne
2080 590 2316 659 teipsum
2367 588 2632 658 desipias,
2665 603 2699 641 ο
2736 586 3001 642 Curtuate
3028 626 3045 652 ,
3082 596 3299 643 tentans
3349 593 3517 649 latere

263 693 345 752 ὦν
380 701 475 751 καὶ
510 698 609 766 τὴν
660 697 883 766 μνήμην
925 694 1092 764 μισῶ,
1140 691 1381 762 Χριστοῦ
1420 689 1672 759 μαθητὴς
1700 681 1867 767 εεῐναιΔ

268 790 518 844 δύναται.
552 790 623 841 Ἢ
657 789 874 855 ἀγνοεῖν
906 787 1058 855 ἡμᾶς
1094 786 1269 847 δοκεῖς
1308 779 1419 846 οἶος
1451 778 1523 845 εἴ,
1554 781 1651 833 καὶ
1694 780 1842 842 ὅπως

264 882 364 934 ’τὸν
408 882 530 951 ἐμοὶ
559 881 773 952 ἣδιστον
816 878 1140 940 ἐϐούλευσας
1174 876 1429 939 θάνατον,
1479 874 1537 936 ὅς
1589 889 1655 941 με
1705 872 1843 941 ταχὺ

268 973 368 1027 ⁶τοῦ
416 972 673 1027 ταπεινοῦ
716 973 909 1026 τούτου
966 970 1218 1039 σώματος
1272 966 1569 1032 διαζεύξει,
1620 963 1715 1018 καὶ
1768 962 1843 1032 τῷ

272 1064 596 1134 ποθουμένῳ
634 1065 861 1134 συνάψει
890 1061 1114 1133 Χριστῷ
1136 1078 1151 1128 ς

1951 685 2005 741 iu
2030 686 2192 740 dolis.
2225 683 2395 738 Nemo
2424 681 2519 751 qui
2548 681 2788 735 vescitur
2813 696 2919 735 una
2953 696 3075 733 cum
3109 684 3514 747 meretricibus,

1953 786 2011 831 et
2037 781 2360 846 perseverat
2386 772 2441 826 in
2474 772 2585 826 vini
2617 771 2842 840 potione
2867 786 3041 839 usque
3072 771 3139 824 ad
3168 773 3515 831 ebrietatem.

1958 875 2015 923 et
2038 867 2143 921 alia
2186 866 2318 922 facit
2360 863 2737 932 impudenter,
2783 879 3020 931 quorum
3054 864 3139 918 vel
3196 866 3369 919 solum
3409 882 3514 920 me-

1952 960 2179 1013 minisse
2201 957 2499 1019 abhorreo,
2531 963 2715 1027 potest
2744 970 2867 1011 esse
2890 954 3094 1010 Christi
3118 956 3442 1025 discipulus.
3468 958 3520 1011 et

1954 1051 2181 1123 gloriari
2212 1050 2361 1105 illius
2414 1064 2515 1120 pro
2546 1048 2708 1104 nobis
2758 1049 3235 1119 perpessionibus.
3288 1051 3521 1105 Putasne

269 1172 376 1211 nos
409 1159 659 1227 ignorare
708 1158 891 1228 qualis
948 1157 1046 1222 sis,
1090 1164 1146 1211 et
1184 1148 1649 1225 quemadmodum
1697 1147 1831 1201 mihi
1864 1144 2321 1217 iucundissimam
2357 1153 2595 1199 mortem
2652 1144 2731 1197 sis
2800 1142 3183 1205 machinatus,
3257 1159 3382 1212 quae
3438 1161 3522 1199 me

176 1300 181 1305 .
266 1252 562 1307 celerrime
586 1250 846 1306 liberabit
876 1249 942 1304 ad
969 1250 1075 1304 hoc
1104 1246 1299 1303 humili
1326 1258 1580 1314 corpore,
1611 1250 1666 1297 et
1688 1242 1984 1309 conjunget
2006 1237 2227 1293 Christo
2291 1253 2455 1308 quem
2524 1235 2969 1292 desiderolNam
3030 1235 3123 1305 qui
3198 1249 3521 1306 exspectan-

270 1354 364 1400 tur
394 1345 674 1399 cruciatus
703 1352 760 1399 et
780 1341 1108 1410 multiplicia
1142 1346 1485 1400 tormenta,a
1524 1350 1610 1389 me
1632 1332 1881 1388 ridentur
1906 1339 1962 1386 et
1991 1330 2267 1385 habentur
2296 1330 2559 1387 ludibrio.
2588 1330 2778 1398 Neque
2837 1329 2983 1383 enim
3020 1328 3186 1383 timeo
3245 1330 3523 1398 exsilium,

268 1438 495 1490 domum
528 1452 702 1491 meam
737 1443 932 1505 sponte
972 1434 1154 1488 dimisi
1183 1430 1500 1487 volentibus
1525 1444 1669 1493 ;non
1703 1429 1908 1498 ignem,
1940 1440 2052 1479 non
2074 1424 2304 1493 ﬂagella,
2335 1440 2445 1478 non
2470 1423 2671 1492 aliquid
2697 1421 2843 1477 aliud
2881 1437 2947 1477 ex
2970 1423 3183 1491 asperis
3210 1432 3265 1477 et
3306 1421 3519 1479 terribi-

268 1529 421 1583 libus
451 1544 685 1598 quorum
716 1528 849 1581 mihi
891 1527 1052 1581 mina:
1088 1526 1449 1580 intentantur.
1493 1520 1820 1575 Redduntur
1850 1517 1997 1572 enim
2035 1516 2151 1572 haec
2186 1516 2372 1571 omnia
2411 1515 2705 1571 imbecillia
2734 1524 2788 1568 et
2837 1515 3040 1571 debilia
3081 1515 3268 1570 divino
3300 1518 3525 1571 auxilio.

347 1620 409 1673 K'
442 1620 738 1681 Φλαδιανδς
759 1616 903 1671 εἶπε·
940 1619 1112 1671 Τοῦτο
1137 1618 1232 1686 μέν
1263 1617 1399 1684 ἄφες
1425 1614 1634 1691 ληρεῖν,
1674 1607 1718 1667 ὣ
1749 1612 1843 1665 τι-

276 1714 517 1782 εούρτιε·
561 1714 683 1781 ἐμοὶ
732 1712 789 1765 δὲ
836 1711 1155 1780 πειθόμενος
1203 1710 1387 1777 φεῖσαι
1434 1709 1532 1775 τῆς
1567 1704 1846 1773 εὐγενείας

2021 1608 2139 1662 XX.
2162 1609 2308 1664 Dixit
2339 1609 2650 1663 Flavianus:
2692 1604 2800 1661 Has
2824 1609 3045 1677 quidem
3074 1624 3246 1679 nugas
3281 1609 3461 1670 mitte.
3495 1625 3527 1663 ο

1951 1702 2167 1757 Tiburti
2198 1719 2215 1768 ;
2246 1702 2382 1756 mihi
2430 1710 2613 1756 autem
2647 1716 2864 1771 parens,
2892 1716 3057 1772 parce
3109 1710 3217 1756 tua:
3250 1704 3526 1758 nobilitati

280 1819 377 1855 σου
409 1803 499 1855 καὶ
524 1801 627 1869 τῆς
650 1802 926 1872 νεότητος,
967 1803 1061 1854 καὶ
1106 1802 1179 1871 μὴ
1214 1801 1306 1851 τὸν
1337 1797 1696 1853 ἐπονείδιστον
1720 1794 1847 1849 τοῦ·
1885 1837 1923 1891 Β
1949 1817 1955 1844 t

1885 1804 2007 1891 Bet
2045 1794 2323 1866 juvenluti
2369 1804 2426 1849 et
2476 1809 2544 1849 ne
2573 1796 3052 1865 probrosissimam
3100 1796 3244 1850 hanc
3288 1806 3522 1852 mortem

277 1910 374 1946 τον
400 1894 626 1965 άσπάσῃ
651 1893 901 1948 θάνατον.
949 1894 1010 1948 '0
1039 1894 1095 1946 δέ
1126 1893 1263 1961 πρὸς
1308 1890 1473 1945 αὐτόν
1501 1907 1515 1920 ·
1552 1888 1627 1943 Οὐ
1660 1886 1846 1954 τοῦτο,

278 1989 466 2055 φησιν,
494 1984 744 2056 αἰσχύνη,
769 1980 815 2039 ὦ
835 1985 1085 2049 δικαστά,
1111 1986 1191 2039 ἐνὶ
1209 1984 1374 2049 ζῶντι
1394 1981 1681 2053 λατρεύειν
1706 1980 1847 2051 Θεῷ,

279 2079 417 2132 ἀλλά
446 2079 668 2147 δαίμοσι
711 2078 806 2130 καὶ
844 2077 1057 2147 θνητοῖς
1088 2076 1400 2145 ἀνθρώποις
1439 2077 1503 2128 ἐκ
1542 2074 1727 2128 παθῶν
1766 2090 1849 2125 τι-

282 2170 577 2239 μωμένοις,
602 2168 695 2233 οὓς
725 2170 774 2221 οῖ
801 2169 1051 2232 σέϐοντες
1073 2167 1303 2221 ἐλεεινοὶ
1328 2168 1421 2220 καὶ
1448 2166 1663 2237 θρήνων
1681 2164 1847 2230 ἄξιος,

280 2262 339 2312 ἐν
373 2254 453 2323 οἷς
490 2258 890 2331 προσκυνοῦσιν
921 2259 1341 2329 ἀτιμαζόμενοι.
1385 2257 1518 2313 Τότε
1545 2257 1574 2309 6
1608 2256 1850 2327 ιπαρχος

276 2353 357 2423 τῷ
389 2351 542 2422 θυμῷ
571 2354 754 2417 ζέσας,
778 2353 1063 2405 ἐκέλευσεν
1092 2351 1370 2421 ἄνθρακας
1403 2350 1713 2420 ἐνεχθῆναι,
1754 2351 1850 2402 καὶ

279 2443 431 2512 λέγει
484 2443 633 2513 αὑτῷ
656 2460 671 2476 ο
732 2441 888 2497 Ἐλοῦ
925 2442 1161 2511 σεαυτῷ.
1201 2442 1349 2495 δυεῖν
1380 2440 1629 2511 θάτερον,
1660 2439 1693 2510 ἦ
1739 2441 1852 2503 τοῖς

282 2536 426 2598 θεοῖς
456 2534 638 2600 θῦσαι,
666 2534 699 2604 ἢ
726 2535 834 2587 τῶν
868 2532 1157 2603 ἀνθράκων
1196 2532 1425 2602 γυμνοῖς
1455 2530 1717 2599 ἐπιϐῆναι
1749 2545 1849 2582 πο-

284 2626 391 2679 σίν.
434 2626 493 2678 '0
526 2626 583 2678 δὲ
633 2628 909 2695 μακάριος
958 2623 1281 2692 Τιϐούρτιος
1332 2621 1565 2690 σταυρὸν
1607 2619 1851 2690 χαράξας

283 2718 413 2785 ῐστη
451 2718 637 2770 ἐπάνω
664 2716 866 2780 αὐτῶν,
899 2716 996 2769 καὶ
1019 2716 1169 2783 λέγει
1195 2715 1273 2781 τῷ
1304 2713 1552 2783 ἐπάρχῳ*
1584 2710 1732 2765 Μάθε
1759 2710 1854 2763 νῦν

280 2806 349 2860 δι’
388 2806 545 2877 ἐμοῦ,
577 2806 660 2858 ὅτι
709 2804 868 2875 μόνος
907 2796 1061 2868 οὗτος
1113 2804 1245 2868 Θεὸς
1301 2802 1578 2872 ἀληθινὸς,
1631 2801 1691 2854 ὃν
1742 2800 1853 2869 ἐγὼ

286 2899 452 2961 σέϐω,
477 2901 573 2953 καὶ
596 2899 755 2966 γενοῦ
782 2898 879 2967 ὀψὲ
911 2898 1041 2951 ποτέ
1062 2896 1415 2968 Χριστιανὸς,
1450 2895 1511 2948 τὸ
1539 2894 1728 2957 σκότος
1753 2894 1855 2962 τῆς

286 2994 539 3057 ἀσεϐείας
576 2991 769 3048 λιπών.
817 2992 953 3046 Ὀδέ
984 2991 1169 3055 δείσας
1203 2990 1279 3061 μὴ
1307 2991 1420 3050 τοῖς
1454 2987 1694 3059 θαύμασι
1730 2988 1857 3041 τού-

284 3104 397 3149 τοις
425 3086 779 3155 ὑπαγάγηται
806 3084 1041 3147 πολλοὺς
1075 3084 1211 3151 πρὸς
1248 3081 1347 3150 τὴν
1387 3081 1697 3143 εὐσέϐειαν.
1730 3080 1857 3133 ἐκέ-

1958 1884 2332 1954 amplectaris.
2366 1884 2461 1939 ille
2490 1899 2623 1939 vero
2660 1885 3001 1954 respondens
3042 1884 3179 1939 dixit
3219 1902 3231 1938 :
3268 1884 3384 1940 Non
3418 1896 3522 1949 est,

1954 1977 2154 2046 inquit,
2186 1978 2453 2046 probrum
2488 1992 2553 2031 ac
2585 1977 2831 2031 dedecus
2856 2017 2869 2041 ,
2901 1993 2933 2030 ο
2960 1978 3147 2047 judex,
3178 1982 3390 2034 servire
3428 1982 3521 2034 uni

1952 2068 2064 2123 Deo
2095 2068 2322 2130 viventi,
2374 2068 2470 2123 sed
2524 2068 2867 2123 daemonibus
2892 2078 2948 2124 et
2980 2072 3305 2127 mortalibus
3338 2074 3525 2128 homi-

1954 2161 2115 2215 nibus
2157 2160 2251 2230 qui
2305 2161 2648 2214 honorantur
2685 2175 2751 2215 ex
2792 2161 2975 2227 vitiis,
3012 2178 3151 2232 quos
3199 2165 3293 2233 qui
3335 2167 3524 2220 colunt

1954 2261 2086 2308 sunt
2122 2252 2463 2308 miserabiles
2485 2261 2540 2307 et
2565 2252 2717 2323 digni
2752 2254 2846 2323 qui
2868 2254 3194 2324 lugeantur;
3224 2266 3284 2310 ut
3314 2259 3410 2327 qui
3470 2260 3522 2314 in

1954 2346 2021 2400 iis
2062 2361 2185 2415 qua:
2208 2344 2440 2400 adorant
2470 2345 2768 2415 ignominia
2795 2346 3126 2411 alliciantur,
3164 2359 3219 2403 et
3244 2352 3326 2403 sui
3359 2366 3523 2405 erro-

1956 2436 2031 2490 ris
2066 2435 2377 2490 mercedem
2418 2435 2554 2491 hinc
2581 2437 2875 2505 accipiant.
2907 2438 3097 2493 Honor
3131 2442 3279 2495 enim
3326 2458 3519 2497 eorum

1954 2528 2046 2595 qui
2078 2526 2401 2591 adorantur,
2436 2535 2520 2581 est
2549 2528 2880 2583 contumelia
2906 2545 3098 2585 eorum
3123 2532 3214 2600 qui
3246 2532 3478 2588 adorant
3507 2553 3521 2591 :

1953 2629 2009 2673 et
2044 2632 2272 2687 peccare
2314 2617 2460 2687 apud
2487 2618 2633 2687 ipsos
2654 2628 2887 2674 vocatur
2911 2622 3117 2677 cultus.
3147 2621 3302 2679 Tunc
3336 2628 3529 2695 praste-

1956 2720 2078 2764 ctus
2130 2710 2209 2764 ira
2258 2709 2480 2766 fervens
2530 2712 2697 2782 jussit
2739 2712 2923 2767 all'erri
2976 2717 3264 2783 carbones,
3301 2726 3357 2773 et
3390 2720 3525 2776 dicit

1956 2801 2007 2856 ei
2047 2802 2239 2873 :Elige
2271 2802 2367 2856 tibi
2394 2802 2627 2857 alterum
2662 2818 2694 2859 e
2735 2803 2972 2868 duobus,
3007 2816 3067 2861 ut
3103 2808 3188 2862 vel
3219 2808 3326 2864 diis
3350 2812 3524 2865 sacri-

1958 2892 2107 2956 lices,
2142 2894 2228 2947 vel
2258 2908 2423 2963 super
2476 2894 2745 2950 carbones
2775 2896 2940 2952 nudis
2993 2898 3217 2955 incedas
3269 2903 3521 2971 pedibus.

1956 2983 2157 3039 Beatus
2211 2993 2395 3040 autem
2431 2984 2718 3041 Tiburtius
2751 3004 2875 3042 cum
2928 2991 3145 3059 signum
3192 2996 3374 3049 crucis
3419 2997 3525 3051 imo

1958 3076 2271 3145 pressisset,
2319 3078 2471 3133 stetit
2530 3094 2695 3149 supra
2744 3080 2891 3150 ipsos
2919 3093 2975 3137 et
3021 3082 3158 3139 dixit
3219 3088 3522 3156 praefecto:

285 3178 478 3228 λεδσεν
508 3174 823 3245 ἀπαχθέντα
856 3172 1045 3226 τοῦτον
1080 3172 1269 3242 πόρρω
1331 3171 1426 3224 τοῦ
1472 3172 1661 3231 ἄστεος
1714 3170 1858 3239 ξίφει
1889 3183 1929 3241 ο

1852 3189 1858 3222 ι
1889 3183 1929 3241 ο
1966 3168 2100 3223 Vide
2148 3183 2295 3223 nunc
2343 3169 2399 3223 in
2432 3185 2518 3226 me
2553 3180 2757 3239 quanta
2792 3174 2863 3227 sit
2888 3174 3012 3230 iidei
3050 3179 3312 3245 potentia,
3349 3191 3407 3235 et
3441 3182 3527 3237 di-

292 3267 566 3337 τμηθῆναι
622 3268 719 3334 τὴν
774 3263 1043 3334 κεφαλήν.
1094 3262 1203 3318 Καὶ
1259 3264 1288 3315 6
1329 3263 1427 3332 μὲν
1480 3261 1638 3315 τοῦτο
1686 3262 1859 3332 πέρας

290 3354 533 3427 εὑρίσκει
573 3354 668 3407 τοῦ
710 3353 848 3423 βίου.

1959 3275 2049 3315 sce
2102 3259 2246 3315 hunc
2264 3262 2440 3315 solum
2466 3278 2588 3319 esse
2610 3281 2796 3319 verum
2828 3267 2996 3321 Dcum
3032 3284 3195 3338 quem
3238 3286 3339 3341 ego
3367 3276 3522 3339 colo:

1955 3360 2012 3406 ct
2051 3349 2262 3406 eﬂlcere
2307 3354 2525 3410 tandem
2578 3356 2926 3413 Christianus
2981 3364 3227 3417 excussis
3286 3368 3526 3424 tenebris

292 3448 611 3517 impietatis.
641 3447 738 3501 llle
764 3460 895 3501 vero
926 3445 1125 3500 timens
1152 3460 1222 3499 ne
1251 3445 1339 3501 his
1375 3444 1659 3512 miraculis
1709 3444 1913 3498 multos
1984 3442 2271 3499 induceret
2338 3445 2405 3500 ad
2470 3448 2762 3517 pietatem,
2825 3451 2989 3519 jussit
3039 3462 3097 3507 ut
3158 3454 3525 3515 abduceretur

290 3540 482 3612 procul
518 3555 547 3593 a
584 3540 806 3594 civitate
834 3546 892 3593 et
937 3539 1015 3593 illi
1039 3551 1202 3607 caput
1239 3549 1636 3609 amputaretur.
1677 3539 1747 3594 Et
1769 3538 1859 3591 ille
1899 3536 2119 3606 quidem
2148 3536 2358 3591 invenit
2380 3539 2529 3594 hunc
2559 3541 2683 3595 vitae
2722 3542 2907 3597 ﬁnem.

366 3631 496 3686 ΚΝ.
528 3632 661 3686 Μετ’
702 3632 865 3685 αὑτὸν
911 3631 969 3684 δέ
1016 3634 1112 3685 καὶ
1157 3633 1469 3695 Κάστουλος
1506 3634 1534 3685 6
1561 3631 1857 3702 διαιτάριος

291 3723 626 3795 συλληφθεὶς
679 3728 819 3792 μετά
868 3722 1096 3787 πολλοὺς
1141 3740 1200 3777 τε
1252 3724 1525 3793 βασάνους
1574 3726 1632 3778 ἐν
1670 3724 1859 3793 λάκκῳ

292 3815 533 3886 βληθεὶς,
553 3818 673 3869 ἐκεῖ
698 3815 925 3886 τελευτᾷ
951 3815 1041 3869 τδν
1072 3814 1207 3885 βίον,
1231 3816 1325 3869 καὶ
1347 3815 1558 3884 μάρτυς
1572 3815 1649 3885 τῷ
1670 3816 1858 3884 Κυρίῳ

295 3908 650 3976 προσάγεται.
687 3906 808 3960 Ἔτι
852 3905 909 3957 δέ
956 3906 1051 3958 καὶ
1092 3904 1466 3973 Μαρκελλῖνος
1503 3902 1600 3955 καὶ
1630 3904 1855 3972 Μάρκος

293 3998 342 4050 oi
395 3998 631 4065 γενναῖοι
678 3995 777 4064 τῆς
810 3995 1090 4059 εὐσεϐείας
1128 3995 1429 4061 ἀγωνισταὶ
1479 3994 1854 4064 συσχεθέντες,

294 4085 393 4139 καὶ
445 4089 570 4147 τοὺς
620 4084 787 4146 πόδας
842 4084 992 4154 ἣλοις
1046 4083 1404 4151 διαπαρέντες
1459 4085 1549 4136 ἐπὶ
1606 4084 1856 4137 τοσοῦτον

294 4177 549 4230 ῑστασθαι
579 4177 731 4244 παρά
760 4174 853 4228 τοῦ
894 4174 1203 4238 δικάζοντος
1237 4173 1716 4245 προσετάχθησαν,
1751 4175 1855 4239 ἕως

291 4270 406 4328 τοῖς
433 4266 572 4327 θεοῖς
618 4264 876 4338 θύσωσιν.
915 4265 980 4318 Oi
1021 4263 1078 4315 δέ
1112 4265 1171 4316 ἐν
1199 4264 1369 4333 ταύτῃ
1401 4266 1463 4332 τῇ
1498 4263 1854 4335 χαλεπωτάτῃ

298 4356 517 4427 βασάνῳ
555 4356 638 4421 τὸ,
675 4374 694 4407 ε
732 4356 863 4409 Ἰδοὺ
901 4354 965 4426 δὴ
986 4355 1037 4408 τί
1074 4354 1295 4425 καλδνῆ
1334 4356 1386 4407 τί
1415 4355 1661 4426 τερπνὸν,
1698 4375 1715 4408 ι
1762 4360 1857 4409 καὶ

293 4447 364 4500 τά
419 4446 545 4514 ἑξῆς
596 4445 972 4512 ἐπιλέγοντες,
1025 4444 1252 4513 λόγχαις
1298 4444 1357 4498 τὸ
1409 4445 1716 4498 τελευταῖον
1760 4449 1861 4511 τὰς

293 4536 535 4605 πλευράς
591 4534 866 4603 νυγέντες,
918 4534 994 4597 ὡς
1040 4534 1068 4587 6
1115 4532 1369 4607 Χριστὸς,
1406 4533 1546 4605 ὺπέρ
1592 4529 1855 4605 οῦ-ταῦτα

294 4629 555 4697 ιπασχον,
588 4627 809 4695 ἀφῆκαν
837 4626 900 4679 τὸ
932 4624 1170 4693 πνεῦμα.

2027 3627 2168 3683 XXI.
2199 3629 2328 3684 Post
2351 3646 2475 3685 eum
2502 3641 2682 3687 autem
2724 3634 3003 3691 Castullus
3048 3640 3327 3699 ditetarius
3368 3662 3521 3702 com-

1957 3721 2289 3811 prehensus.
2351 3724 2496 3791 apud
2560 3741 2724 3795 quem
2771 3730 3070 3788 manebant
3140 3739 3314 3791 sancti
3400 3753 3522 3811 post

1956 3808 2260 3864 Chromatii
2300 3812 2717 3881 emigrationem
2765 3830 2796 3870 e
2827 3817 3071 3882 civitate,
3099 3831 3155 3877 et
3198 3835 3321 3894 post
3352 3808 3523 3886 multa

1963 3908 2233 3955 tormenta
2292 3904 2569 3973 projectus
2620 3904 2674 3959 in
2718 3906 2933 3972 lacum,
2994 3911 3106 3967 illic
3159 3915 3279 3971 linit
3330 3922 3522 3976 vitam.

1942 3992 2226 4078 Praeterea
2263 4010 2394 4049 vero
2434 3997 2783 4053 Marcellinus
2827 4010 2882 4055 et
2926 4001 3140 4060 Marcus
3176 4010 3380 4081 egregii
3428 4028 3518 4067 vc-

1960 4082 2142 4139 ritatis
2170 4084 2388 4140 athletae
2414 4128 2427 4149 ,
2464 4088 2846 4157 comprehensi
2888 4101 2942 4146 et
2982 4095 3148 4162 pedes
3186 4100 3355 4157 clavis
3386 4119 3522 4159 con-

1962 4174 2072 4239 fixi,
2102 4178 2238 4245 jussi
2287 4188 2415 4232 sunt
2443 4195 2473 4233 a
2499 4180 2685 4248 judice
2745 4184 2935 4238 tandiu
2993 4195 3160 4255 stare,
3193 4192 3369 4250 donec
3416 4200 3521 4255 diis

1961 4269 2258 4351 tribuerint
2300 4271 2562 4327 honorem
2592 4276 2684 4342 qui
2711 4278 2792 4329 eis
2824 4278 3079 4334 debetur.
3113 4282 3193 4338 Illi
3245 4300 3431 4345 autem
3464 4295 3517 4347 in

1964 4363 2069 4418 hoc
2100 4371 2370 4420 tormento
2410 4366 2547 4421 adeo
2583 4369 2914 4426 intolerabili
2944 4390 2960 4428 :
2990 4390 3009 4425 ε
3035 4375 3173 4431 Ecce
3220 4394 3382 4447 quam
3423 4385 3523 4439 bo-

1967 4470 2097 4509 num
2130 4465 2184 4512 et
2219 4472 2383 4546 quam
2409 4460 2712 4530 jucundum
2743 4464 2764 4495 ³
2790 4505 2805 4529 ,
2846 4483 2865 4516 ι
2899 4476 2954 4521 et
2983 4483 3105 4538 qua
3150 4471 3411 4546 deinceps
3434 4494 3521 4534 se-

1958 4552 2226 4612 quuntur,
2259 4544 2595 4612 dictitantes,
2638 4552 2719 4607 eis
2758 4561 3034 4621 postremo
3068 4556 3274 4616 lanceis
3299 4544 3520 4631 punctis

1960 4634 2249 4701 lateribus,
2288 4638 2434 4693 sicut
2459 4637 2709 4696 Christus
2737 4658 2837 4712 pro
2866 4659 2974 4713 quo
2998 4645 3114 4702 hac
3146 4651 3519 4726 patiebantur,

293 4719 890 4789 emiseruntspiritum.
952 4717 1128 4788 Atque
1174 4718 1252 4773 illi
1279 4719 1499 4790 quidem
1542 4734 1737 4777 omnes
1778 4739 1847 4779 eo
1918 4727 2080 4782 modo
2163 4745 2327 4800 quem
2401 4731 2643 4789 diximus
2723 4717 3380 4807 consummatiphostize
3449 4717 3519 4804 ab

184 4864 187 4865 ν
293 4812 446 4867 omni
500 4812 624 4867 labe
670 4820 728 4866 et
772 4811 1201 4881 reprehensione
1259 4813 1452 4868 aliena:
1506 4814 1679 4869 oblati
1729 4827 1857 4873 sunt
1896 4819 2148 4876 Domino.

368 4903 496 4957 ΚΒ.
535 4902 891 4965 Σεδαστιανὸς
921 4903 979 4956 δέ
1006 4904 1035 4956 6
1058 4904 1434 4972 γενναιότατος
1468 4910 1861 4978 μετάπεμπτος
1884 4916 1940 4983 υ
2038 4913 2043 4967 ἶ

1839 4928 1861 4973 ς
1884 4916 1940 4983 ,υ
2038 4913 2204 4970 XXII.
2242 4915 2603 4974 Sebastianus
2636 4928 2819 4976 autem
2854 4922 3013 4995 longe
3042 4929 3514 4995 generosissimus.

292 4994 659 5067 Διοκλητιανῷ
686 4994 762 5064 τῷ
799 4995 1010 5065 βασιλεῖ
1036 4994 1297 5064 γεγονὼς,
1340 4996 1462 5050 ἐπεὶ
1503 4999 1749 5071 παρέστη
1777 5001 1856 5071 τῷ
1890 5001 1897 5010 “

296 5087 523 5158 βήματι,
569 5087 704 5158 φησι
744 5087 879 5157 πρὸς
905 5087 1066 5139 αὐτὸν
1095 5088 1123 5142 6
1149 5088 1431 5158 τύραννος·
1462 5091 1574 5143 Οὐκ
1618 5089 1729 5159 ἐγώ
1763 5109 1854 5158 σε,

292 5173 339 5232 ὦ
368 5178 713 5240 Σεδαστιανέ,
742 5178 831 5231 διά
867 5178 1129 5248 μεγίστης
1171 5174 1306 5249 ἦγον
1331 5180 1516 5251 τιμῆς,
1546 5182 1639 5235 καί
1672 5199 1754 5237 σοι
1786 5184 1855 5239 τά

294 5270 394 5338 τῆς
447 5270 620 5339 ἀρχῆς
670 5271 867 5339 μᾶλλον
915 5270 1236 5335 ἐπίστευον;
1294 5272 1403 5324 Καὶ
1442 5273 1537 5325 νῦν
1579 5274 1630 5327 τί
1667 5275 1857 5329 παθὼν

298 5360 436 5430 πρὸς
464 5360 730 5428 τοσαύτην
753 5360 1098 5427 ἐξεκυλίσθης
1127 5360 1405 5425 ἀπόνοιαν,
1437 5361 1576 5415 ὥστε
1600 5367 1693 5417 καὶ
1716 5368 1854 5420 κατά

294 5453 397 5521 τῆς
426 5452 523 5520 σῆς
551 5454 717 5515 ζωῆς,
752 5453 846 5505 καὶ
874 5451 1015 5504 κατά
1045 5452 1135 5503 τοῦ
1182 5452 1317 5521 ἐμοῦ
1344 5454 1578 5522 κράτους
1608 5457 1855 5511 ἀπαυοα.

292 5542 612 5608 διάζεσθαις
642 5541 1004 5605 Σεϐαστιανὺς
1049 5538 1167 5594 εἶπε
1194 5559 1208 5572 ·
1235 5543 1365 5595 Τότε
1405 5543 1504 5611 μέν
1545 5546 1776 5612 ἀγνοῶν,
1810 5543 1854 5602 ὦ

289 5632 540 5705 βασιλεῦ,
586 5635 679 5686 τὸν
711 5635 878 5696 δντως
918 5633 1069 5698 Θεὸν,
1099 5635 1210 5697 τοῖς
1248 5636 1360 5695 σοῖς
1388 5635 1697 5690 ὑπέκυπτον
1732 5640 1855 5694 ἀλο-

288 5726 499 5794 γίστοις
523 5727 768 5797 τάγμασι
798 5742 811 5754 ·
862 5726 954 5779 νῦν
988 5724 1043 5779 δέ
1093 5725 1254 5779 αὐτὸν
1287 5726 1560 5795 ἐπιγνοὺς,
1599 5733 1848 5802 παρεῖδον

359 5843 379 5875 ³
407 5840 549 5903 Ρεει,
578 5858 807 5913 cxxsttt,
848 5842 895 5898 ί.

1953 5007 2193 5063 ultimus
2222 5010 2289 5065 ad
2315 5009 2581 5080 supplicia
2614 5023 2949 5078 reservatus,
2987 5017 3102 5085 ipse
3155 5034 3373 5090 quoque
3403 5025 3520 5094 glo-

1963 5097 2107 5153 riose
2131 5103 2371 5170 suscepit
2403 5115 2658 5156 coronam
2694 5107 2962 5177 martyrii.
3026 5108 3375 5184 Quem‘cum
3427 5132 3521 5171 ae-

1962 5191 2214 5247 cersisset
2236 5193 2622 5257 Diocletianus,
2651 5206 2706 5250 et
2725 5198 2974 5267 jussisset
2997 5201 3064 5255 ad
3088 5216 3243 5257 suum
3274 5207 3516 5265 tribunal

1961 5280 2101 5343 sisti,
2136 5281 2377 5337 dixitei:
2406 5283 2523 5339 Non
2548 5300 2650 5356 ego
2685 5296 2755 5349 te,
2787 5286 3171 5357 oSebastiane,
3197 5294 3251 5348 in
3286 5300 3521 5354 maximo

1960 5369 2169 5427 honore
2184 5372 2448 5429 habebam
2474 5395 2487 5430 :
2510 5386 2565 5430 et
2585 5377 2679 5431 tibi
2710 5379 2996 5447 imperium
3020 5384 3186 5453 magis
3216 5401 3376 5454 quam
3399 5390 3522 5444 aliis

1961 5464 2291 5518 credebam?
2318 5466 2386 5520 Et
2423 5484 2565 5521 nunc
2595 5472 2688 5537 qui
2720 5470 2921 5525 factum
2962 5483 3063 5537 est,
3098 5487 3157 5527 ut
3203 5479 3266 5530 ad
3314 5490 3517 5535 tantam

1961 5553 2037 5607 sls
2062 5554 2447 5623 pessumdatus
2477 5563 2795 5624 amentiam,
2835 5570 2892 5614 ut
2930 5574 3116 5619 contra
3150 5576 3296 5620 tuam
3352 5572 3518 5624 vitam

1962 5655 2020 5701 et
2081 5664 2255 5701 meam
2308 5652 2604 5719 potentiam
2654 5663 2702 5707 te
2751 5655 3060 5722 petulanter
3104 5666 3160 5712 et
3221 5661 3520 5717 insolenter

1956 5745 2150 5810 get-as?
2183 5745 2327 5799 Dixit
2360 5745 2745 5803 Sebastianus:
2786 5747 2938 5803 Tunc
2984 5752 3229 5820 quidem,
3272 5768 3303 5808 ο
3351 5755 3523 5826 impe-
