4242 6442
755 371 863 434 815
1910 367 2296 428 ADDENDA.
2334 392 2401 406 -
2439 369 2901 434 JANUARIUS.
3891 371 4000 438 816

753 494 925 544 ratur,
968 494 1091 534 cum
1123 493 1312 533 verum
1339 478 1511 533 Deum
1545 478 1853 551 ignorarem
1885 490 1941 536 et
1990 496 2166 537 essem
2218 481 2316 536 im-
2349 487 2393 546 Α
2426 503 2428 534 :

2349 487 2393 546 Α
2426 485 2519 538 καὶ
2570 485 2800 539 πλοῦτον
2858 486 2953 539 καὶ
3005 485 3165 551 δόξαν
3202 486 3297 541 καὶ
3347 487 3419 542 τά
3469 487 3559 541 ἐπὶ
3593 486 3700 558 γῆς
3749 488 4002 555 ἅπαντα,

751 577 990 647 plicatus
1035 586 1222 627 errore
1278 571 1720 638 simulacrorum,
1747 573 2147 630 inconsiderate
2207 575 2318 629 tuis
2423 595 2426 607 ι

2423 573 2667 644 ποθήσας
2699 575 2766 629 τά
2802 577 2881 639 είς
2928 575 3017 628 ἀεὶ
3056 575 3384 646 διαμένοντα
3413 577 3631 647 ἀγαθά,
3677 577 3714 633 ἀ
3747 580 3863 644 τοῖς
3908 580 4003 632 τὸν

746 667 919 737 jussis
941 663 1291 720 serviebam:
1328 677 1474 717 nunc
1506 678 1640 719 vero
1677 679 1803 720 cum
1855 665 2051 734 agnovi
2110 664 2317 719 verita-

2423 663 2660 736 Χριστὸν
2689 666 2976 733 ἀγαπῶσιν
2996 668 3348 738 ἡτοίμασται.
3375 669 3593 733 Μανίας
3619 671 3728 743 γάρ
3757 673 4001 740 ἐσχάτης

749 769 884 822 tem,
920 766 975 812 et
994 772 1157 828 quem
1190 771 1276 812 me
1304 755 1475 810 Deum
1506 756 1689 812 colere
1709 765 1983 827 oporteat,
2009 757 2234 827 despexi
2261 763 2318 812 et
2421 761 2424 793 ι

2421 751 2576 818 θεοὺς
2641 755 2885 825 ἡγεῖσθαι
2920 758 3119 828 χειρῶν
3165 759 3524 830 ἀνθρωπίνων
3568 762 3707 833 ἐργα
3742 764 3909 830 κωφά
3941 778 4000 815 τε

748 850 975 902 divitias
1003 857 1058 902 et
1088 847 1318 918 gloriam
1351 854 1408 900 et
1436 846 1538 899 alia
1583 846 1786 918 quibus
1815 849 1968 917 prius
2003 845 2317 914 rcsplende-
2413 862 2423 898 τ

2413 845 2512 898 καὶ
2557 846 2694 910 ὅλως
2728 847 3058 919 ἀναίσθητα.
3102 848 3328 914 Τούτοις
3356 855 3385 906 ό
3410 851 3676 922 τύραννος
3706 855 3787 916 είς
3821 852 4001 921 ὀργὴν

751 940 900 1003 ham,
927 938 1246 994 desiderans
1278 953 1340 992 ea
1366 953 1486 1007 qua:
1512 948 1738 993 manent
1763 947 1816 993 et
1859 954 1968 994 non
2014 938 2311 1009 perﬂuunt,
2419 953 2426 988 ι

2419 937 2683 1007 κινηθεὶς,
2723 940 3013 994 ἐκέλευσεν
3061 941 3224 996 αὑτὸν
3261 945 3318 998 ἐν
3373 945 3526 1014 μέσῳ
3562 945 3640 1014 τῷ
3680 946 3852 1014 πεδξῳ
3909 938 4002 996 οἷα

751 1051 873 1104 qua:
927 1042 1115 1103 parata
1144 1042 1273 1087 sunt
1321 1032 1388 1087 iis
1437 1032 1530 1100 qui
1579 1029 1860 1086 Christum
1913 1031 2171 1101 diligunt.
2219 1031 2315 1086 Est
2423 1054 2426 1075 ε

2423 1030 2626 1084 σκοπὸν
2657 1031 2884 1087 τεθέντα
2916 1033 3132 1099 πολλοῖς
3164 1039 3276 1100 τοῖς
3313 1035 3492 1106 βέλεσι
3527 1037 3818 1108 βάλλεσθαι
3847 1053 3862 1068 ·
3904 1037 4002 1089 καὶ

749 1128 899 1182 enim
959 1136 1218 1181 extremas
1287 1123 1538 1178 amentia:
1607 1123 1740 1178 deos
1805 1133 1999 1193 putare
2065 1139 2162 1180 eos
2220 1125 2314 1195 qui
2421 1144 2424 1157 ε

2421 1121 2612 1175 τούτου
2647 1125 2938 1194 γενομένου
2966 1126 3217 1193 δόξαντες
3240 1129 3290 1181 οί
3325 1129 3597 1201 ὑπηρέται
3627 1129 3998 1200 νενεκρῶσθαι

752 1219 879 1273 facti
909 1228 1039 1273 sunt
1067 1233 1134 1272 ex
1156 1216 1428 1287 lapidibus
1452 1225 1507 1270 et
1537 1216 1641 1270 alia
1677 1230 1797 1285 qua:
1827 1215 2018 1270 interit
2062 1217 2314 1280 materia,
2423 1234 2427 1250 ι

1576 1216 1641 1270 lia
1677 1230 1797 1285 qua:
1827 1215 2018 1270 interit
2062 1217 2314 1280 materia,
2423 1216 2514 1268 τὸν
2543 1215 2700 1285 ἀγιον
2727 1218 2957 1285 ἀφέντες
2987 1219 3251 1288 ἀπῆλθον.

749 1323 803 1365 et
843 1312 1115 1366 honorare
1166 1324 1332 1379 opera
1378 1324 1640 1363 manuum
1682 1307 1965 1361 hominum
2001 1323 2122 1378 qua:
2158 1309 2322 1378 paulo
2359 1318 2483 1377 post
2507 1324 2618 1364 non
2647 1318 2832 1364 erunt.
2868 1309 2966 1366 His
2997 1312 3185 1368 verbis
3207 1313 3276 1368 ad
3307 1313 3444 1368 iram
3516 1323 3700 1369 motus
3774 1312 4000 1368 Diocle-

752 1404 1125 1475 tianusjussit
1171 1418 1297 1457 eum
1352 1401 1402 1454 in
1458 1400 1639 1454 medio
1662 1415 1858 1470 eampo
1910 1409 2166 1470 tanquam
2223 1415 2453 1471 scopum
2489 1402 2838 1472 propositum
2901 1405 3091 1459 multis
3172 1407 3388 1477 sagittis
3441 1408 3575 1477 peti.
3649 1405 3807 1472 Quod
3867 1423 3998 1463 cum

745 1499 949 1550 factum
973 1505 1140 1559 esset,
1167 1493 1412 1548 arbitrati
1442 1493 1709 1548 satellites
1732 1504 1981 1547 sanctum
2008 1507 2127 1547 esse
2153 1501 2457 1559 mortuum,
2494 1508 2561 1549 eo
2588 1495 2821 1551 dimisso
2852 1507 3223 1553 recesserunt.
3321 1491 3324 1493 Α

822 1590 1012 1644 XXIII.
1060 1588 1197 1644 Cum
1251 1603 1356 1642 nox
1415 1598 1598 1640 autem
1657 1585 2015 1651 advenisset,
2064 1585 2310 1654 profecta
2493 1589 2497 1640 1

2493 1587 2619 1652 ΚΓ,
2670 1590 2884 1650 Νυκτὸς
2932 1591 2976 1644 δ’
3027 1591 3420 1664 ἐπιγενομένης
3471 1591 3799 1662 πορευθεῖσα
3839 1594 3872 1662 ή
3903 1593 4001 1646 τοῦ

750 1679 951 1747 ronjux
1019 1675 1250 1731 diaetarii
1323 1675 1376 1728 in
1445 1688 1734 1743 campum,
1799 1683 1860 1727 ut
1937 1673 2058 1742 ejus
2112 1688 2316 1744 corpus
2419 1684 2425 1730 ᾱ

2419 1680 2719 1752 διαιταρίου
2776 1682 3008 1751 σύζυγος
3057 1685 3149 1736 ἐπὶ
3189 1684 3248 1736 τὸ
3278 1685 3486 1750 πεδίον,
3522 1686 3662 1738 ὥστε
3722 1686 3894 1755 θάψαι
3939 1684 4001 1738 τὸ

750 1770 1039 1824 mandaret
1092 1767 1407 1837 sepulturae,
1438 1776 1496 1820 et
1540 1782 1663 1820 cum
1698 1781 1826 1820 eum
1873 1767 2178 1822 invenisset
2215 1768 2313 1821 ad-
2424 1803 2425 1812 η

2424 1773 2584 1843 σῶμα
2613 1774 2799 1841 αὑτοῦ,
2852 1777 2947 1829 καὶ
2998 1776 3177 1840 ζῶντα
3211 1776 3469 1847 εὑροῦσα,
3514 1779 3651 1847 πρὸς
3685 1779 3785 1846 τὴν
3817 1781 3998 1831 οἰκίαν

750 1863 859 1916 huc
886 1863 1096 1925 vivum,
1153 1859 1382 1914 deduxit
1415 1860 1662 1923 domum,
1701 1868 1758 1914 et
1817 1860 1962 1914 intra
1985 1859 2152 1916 breve
2182 1869 2315 1916 tem-
2346 1879 2389 1935 Β
2419 1885 2425 1916 ι

2346 1879 2389 1935 Β
2419 1865 2698 1935 ἀπήγαγε,
2756 1870 2850 1920 καὶ
2883 1868 2950 1921 δι’
2986 1871 3167 1939 ὀλίγου
3202 1872 3396 1942 χρόνου
3446 1872 3508 1925 τὸ
3554 1872 3821 1939 ὑγιαίνειν
3846 1871 3997 1937 αὑτῷ

750 1971 853 2024 pus
892 1952 1135 2007 reddidit
1161 1967 1380 2007 sanum.
1411 1951 1526 2006 Hoc
1552 1967 1676 2006 cum
1706 1951 2061 2007 rescivissent
2084 1951 2307 2021 quidam
2419 1957 2425 2008 ί

2419 1957 2733 2026 ἐχαρίσατο.
2761 1959 2918 2024 Τινές
2951 1961 3008 2014 δέ
3036 1962 3147 2015 τῶν
3176 1961 3519 2033 Χριστιανῶν
3540 1961 3699 2015 τοῦτο
3730 1962 3998 2031 μαθόντες

750 2061 815 2099 ex
844 2044 1175 2099 Christianis
1197 2055 1250 2098 ct
1277 2044 1342 2097 ad
1375 2059 1499 2097 eum
1526 2042 1914 2108 accessissent,
1943 2042 2312 2096 obsecrabant
2422 2050 2425 2095 1

2422 2047 2663 2101 ἱκέτευον
2689 2051 2900 2120 ἀπᾶραι
2932 2050 3024 2105 τοῦ
3059 2051 3272 2117 ἀστεος,
3308 2053 3394 2105 ῖνα
3431 2051 3507 2123 μὴ
3530 2052 3694 2105 πάλιν
3718 2051 3997 2121 φωραθεὶς

750 2149 813 2192 ut
837 2138 1014 2192 abiret
1036 2153 1064 2191 a
1094 2138 1337 2200 civitate,
1374 2150 1442 2189 ne
1481 2135 1528 2189 si
1561 2149 1758 2189 rursus
1786 2133 2160 2203 apparuisset,
2188 2133 2314 2204 plu-

2425 2137 2633 2190 πλείοσι
2666 2141 2783 2201 ταῖς
2841 2138 3094 2209 βασάνοις
3145 2143 3451 2213 παραδοθῇ.
3498 2142 3557 2194 '0
3612 2141 3667 2193 δέ
3716 2141 3776 2193 οὑ
3839 2142 3998 2209 μόνον

752 2232 905 2285 ribus
931 2230 1220 2285 tormentis
1239 2228 1569 2283 adiceretur.
1606 2227 1700 2281 Ille
1735 2236 1920 2280 autem
1937 2242 2046 2280 non
2071 2227 2233 2281 modo
2257 2241 2317 2282 se

754 2343 859 2378 nnn
894 2324 1126 2388 abdidit,
1153 2322 1246 2377 sed
1269 2322 1431 2376 etiam
1462 2329 1613 2375 stans
1653 2323 1708 2375 in
1740 2321 1846 2374 alta
1869 2319 2103 2389 quadam
2125 2319 2311 2384 domo,

751 2437 809 2476 se
847 2418 1309 2489 praetereuntibus
1366 2415 1614 2469 ostendit
1679 2413 2130 2484 imperatoribus.
2175 2414 2315 2468 Eum

751 2527 874 2566 cum
935 2510 1161 2564 vidisset
1197 2507 1569 2561 Diocletianus
1598 2515 1652 2560 et
1701 2507 1767 2560 ad
1815 2520 1872 2560 se
1908 2506 2312 2570 accersivisset,

753 2605 890 2658 dicit
921 2604 971 2657 ei
1004 2621 1017 2656 :
1053 2603 1170 2656 Non
1225 2617 1283 2655 es
1332 2611 1385 2655 tu
1416 2599 1794 2664 Sebastianus,
1825 2613 1988 2668 quem
2033 2613 2134 2654 nos
2159 2599 2313 2668 prius

749 2696 1014 2767 iussimus
1076 2694 1312 2748 interlici
1349 2692 1598 2763 sagittis?
1631 2691 1787 2755 Sum,
1837 2691 2038 2761 inquit,
2077 2707 2110 2745 ο
2138 2692 2314 2762 impe-

755 2798 952 2854 rator;
1005 2794 1060 2840 et
1100 2801 1187 2840 me
1241 2785 1525 2839 suscitavit
1551 2784 1814 2838 Dominus
1866 2799 1897 2837 a
1929 2784 2197 2850 mortuis,
2251 2791 2312 2837 ut

754 2894 1049 2949 cognoscas
1082 2893 1206 2932 eum
1239 2891 1357 2931 esse
1385 2877 1577 2941 Deum,
1612 2875 1702 2945 qui
1730 2877 1860 2931 fecit
1884 2877 2087 2940 omnia,
2117 2884 2170 2931 et
2200 2891 2311 2931 non

752 2973 989 3041 amplius
1043 2972 1190 3024 colas
1239 2971 1487 3039 impuros
1541 2969 1837 3031 daemones,
1899 2983 2135 3038 quorum
2187 2983 2314 3023 cum

753 3064 938 3118 sonitu
986 3062 1186 3131 peribit
1233 3060 1522 3115 memoria.
1559 3060 1714 3114 Tunc
1749 3060 1795 3114 is
1818 3061 1981 3128 jussit
2009 3071 2199 3114 sancto
2229 3069 2313 3113 to-

756 3165 869 3208 tum
907 3168 1106 3223 corpus
1140 3153 1312 3207 clavis
1339 3150 1606 3207 contundi
1633 3166 1696 3206 ac
1727 3149 1948 3220 conﬁgi,
1991 3161 2046 3205 ct
2075 3152 2154 3206 sic
2187 3166 2313 3206 eum

755 3261 784 3298 ο
816 3245 925 3298 vita
961 3243 1247 3298 excedere.

825 3334 1012 3390 XXIV.
1054 3335 1349 3402 Postquam
1382 3349 1514 3404 ergo
1547 3332 1635 3387 hic
1674 3332 1865 3387 beatus
1928 3330 2181 3400 migravit
2249 3330 2316 3384 ad

755 3429 1075 3491 Dominum,
1121 3425 1381 3480 satellites
1449 3425 1670 3494 quidem
1724 3425 1842 3492 ejus
1903 3437 2101 3492 corpus
2153 3433 2317 3477 noctu

756 3519 1124 3583 sustulerunt,
1151 3525 1199 3571 et
1242 3517 1294 3570 in
1328 3516 1616 3585 quamdam
1659 3517 1898 3569 cloacam
1946 3515 2317 3585 projecerunt,

753 3625 878 3664 cum
930 3610 1008 3662 sic
1047 3607 1300 3677 jussisset
1336 3615 1616 3676 tyrannus.
1665 3604 1915 3658 Timebat
1968 3605 2112 3658 enim
2156 3618 2224 3658 ne
2272 3603 2316 3656 si

754 3701 946 3756 fuisset
977 3699 1118 3768 apud
1144 3698 1485 3753 Christianos
1515 3709 1568 3752 et
1601 3696 1806 3752 Iaceret
1839 3695 2124 3759 miracula,
2150 3695 2317 3749 etiam

754 3805 879 3864 pust
920 3794 1200 3849 decessum
1252 3792 1455 3846 multos
1481 3790 1779 3846 abduceret
1831 3804 1861 3843 a
1921 3787 2233 3844 simulacris
2266 3795 2320 3841 et

753 3887 1110 3957 persuaderet
1165 3895 1224 3939 ut
1279 3885 1450 3938 Deum
1511 3883 1758 3938 colerent
1821 3879 2170 3936 Sebastiani.
2218 3877 2318 3932 Hic

751 3989 937 4034 autem
989 3977 1182 4032 beatus
1216 3977 1269 4030 in
1293 3985 1565 4031 nocturna
1621 3974 1838 4030 visione
1886 3984 2158 4043 apparens
2195 3983 2318 4024 mu-

751 4071 872 4125 lieri
901 4069 1114 4123 cuidam
1154 4070 1313 4121 clarae
1341 4077 1395 4120 et
1427 4066 1550 4135 piae,
1571 4065 1664 4120 cui
1701 4078 1907 4119 nomen
1941 4072 2062 4118 erat
2088 4061 2317 4128 Lucina,

753 4165 886 4217 dicit
934 4163 984 4216 ei
1020 4180 1031 4213 :
1069 4160 1216 4214 Vade
1265 4158 1332 4212 ad
1373 4158 1520 4212 hunc
1547 4157 1751 4220 locum,
1781 4163 1837 4210 et
1885 4155 2074 4223 accipe
2115 4166 2317 4223 corpus

758 4270 938 4308 meum
978 4260 1033 4306 et
1085 4251 1135 4304 id
1163 4249 1331 4319 sepeli
1363 4249 1416 4301 in
1472 4233 1541 4302 ea
1585 4262 1706 4316 quae
1743 4246 1946 4300 dicitur
1993 4243 2214 4314 Crypta,
2249 4241 2317 4296 ad

754 4346 922 4416 pedes
973 4345 1368 4414 apostolorum.
1409 4341 1508 4395 Illa
1566 4355 1698 4394 vero
1740 4354 1866 4393 cum
1910 4336 2240 4392 surrexisset
2264 4342 2320 4389 et

753 4440 992 4493 venisset
1042 4438 1099 4489 in
1130 4436 1308 4489 locum
1347 4435 1401 4488 in
1458 4448 1567 4502 quo
1600 4443 1718 4487 erat
1747 4432 1958 4494 cloaca,
1998 4427 2222 4485 sustulit
2253 4428 2318 4481 il-

2424 2230 2523 2282 οὑκ
2562 2229 2886 2298 ἐκρύπτετο,
2907 2232 3044 2286 ἀλλὰ
3072 2233 3167 2287 καὶ
3186 2235 3280 2287 ἐπί
3307 2252 3453 2298 τινος
3477 2232 3753 2297 δωματίου
3787 2231 3997 2302 ὑψηλοῦ

2426 2321 2584 2386 στὰς,
2618 2323 2874 2391 παριοῦσι
2929 2326 3042 2386 τοῖς
3089 2323 3400 2394 βασιλεῦσιν
3454 2325 3709 2395 ἐπίδηλος
3758 2327 3992 2394 γίνεται.

2424 2413 2622 2466 Τοῦτον
2677 2414 2798 2467 ίδὼν
2852 2417 3231 2487 Διοκλητιανδς
3301 2419 3394 2472 καὶ
3453 2419 3995 2491 μεταπεμψάμενος,

2421 2504 2566 2572 λέγει
2595 2505 2742 2576 αὑτῷ
2771 2523 2785 2539 ο
2835 2509 2910 2560 Οὑ
2966 2509 3030 2560 σὺ
3067 2505 3119 2562 εῐ
3165 2510 3546 2576 Σεϐαστιανδς,
3578 2512 3638 2565 δν
3673 2515 3835 2582 ἡμεῖς
3891 2515 3997 2584 ήδη

2421 2599 2682 2669 πρότερον
2723 2602 3130 2671 ἀποκτανθῆναι
3176 2604 3287 2665 τοῖς
3339 2602 3551 2670 βέλεσιν
3580 2605 3994 2671 ἐκελεύσαμεν;

2430 2689 2490 2741 ’0
2516 2690 2588 2755 δὲ,
2637 2690 2779 2757 Ἐγώ
2824 2695 2964 2760 είμι,
3001 2692 3248 2762 βασιλεῦ,
3301 2693 3429 2763 ἔφη,
3490 2696 3585 2746 καὶ
3629 2695 3817 2764 ήγειρέ
3855 2713 3923 2763 με
3970 2699 3999 2749 ό

2417 2781 2621 2851 Κύριός
2658 2801 2758 2850 μου
2782 2785 2844 2836 ἐκ
2871 2786 2980 2839 τῶν
3013 2787 3224 2856 νεκρῶν
3258 2787 3345 2839 ῖνα
3380 2786 3525 2856 γνῷς
3549 2789 3630 2841 ὄτι
3664 2783 3818 2850 οὗτός
3847 2791 3998 2843 εστιν

2417 2877 2446 2928 ό
2480 2875 2697 2929 πάντων
2720 2877 2874 2942 Θεὸς,
2908 2879 3009 2931 καὶ
3054 2881 3255 2950 μηκέτι
3289 2881 3564 2952 προσέχῃς
3607 2884 3720 2945 τοῖς
3750 2884 3999 2953 ἀκαθάρ-

2413 2981 2523 3028 τοις
2554 2966 2792 3034 δαίμοσι.
2829 2967 2962 3022 Τότε
3018 2970 3229 3023 κελεύει
3261 2972 3516 3041 ῥοπάλοις
3567 2971 3714 3025 ἀπαν
3746 2975 3808 3026 τὺ
3834 2975 3998 3042 σῶμα

2414 3057 2828 3124 καταξανθέντα
2849 3061 2940 3115 τὸν
2969 3061 3147 3130 ἅγιον,
3177 3062 3323 3116 οὓτω
3358 3062 3550 3134 βιαίως
3584 3064 3904 3121 ἀποθανεῖν.

2490 3327 2615 3378 KA'.
2642 3326 2750 3380 Καὶ
2801 3327 2940 3395 μετά
2989 3327 3087 3398 τὴν
3126 3329 3318 3382 τούτου
3355 3331 3614 3400 τελευτὴν
3647 3334 3693 3384 oi
3755 3333 3856 3402 μὲν
3888 3335 3988 3387 ύπ·

2421 3417 2634 3486 ηρέται,
2667 3417 2760 3470 τοῦ
2805 3419 3070 3487 τυράννου
3105 3421 3486 3486 κελεύσαντος,
3522 3425 3583 3476 τὸ
3632 3425 3790 3492 σῶμα
3825 3426 3996 3479 αὑτοῦ

2421 3509 2633 3579 νύκτωρ
2660 3509 2907 3578 ἄραντες,
2933 3507 3013 3574 εἷς
3039 3529 3162 3565 τινα
3208 3515 3316 3567 τῶν
3351 3515 3636 3585 ὑπονόμων
3678 3519 3995 3586 ῥίπτουσιν,

2419 3599 2507 3652 ἴνα
2540 3600 2614 3669 μὴ
2642 3600 2896 3670 θαύματα
2925 3603 3116 3657 τελοῦν
3141 3605 3234 3657 καὶ
3262 3608 3401 3675 μετά
3425 3608 3522 3677 τὴν
3545 3607 3830 3674 διάζευξιν
3853 3612 3988 3664 πολ-

2418 3693 2541 3756 λοὺς
2574 3694 2858 3767 ἀποστήσῃ
2891 3695 3001 3750 τῶν
3029 3697 3287 3755 είδώλων.
3344 3698 3405 3752 ὐ
3438 3699 3494 3752 δέ
3525 3701 3799 3768 μακάριος
3835 3697 3994 3766 οὗτος

2421 3784 2612 3848 νυκτδς
2644 3786 2860 3852 γυναικί
2886 3803 2992 3840 τινι
3013 3787 3120 3842 τῶν
3137 3788 3425 3858 ἐπισήμων
3449 3793 3539 3844 καὶ
3562 3790 3803 3844 εὐσεϐῶν
3833 3794 3999 3862 (Λου-

2421 3877 2544 3946 κίνη
2603 3876 2793 3948 δνομα)
2847 3880 3164 3950 ἐπιφανεὶς,
3215 3879 3365 3950 λέγει
3428 3883 3565 3953 αὑτῇ
3607 3898 3623 3913 ο
3686 3885 3999 3954 Πορεύθητι

2421 3971 2563 4024 κατά
2591 3971 2738 4025 τόνδε
2769 3972 2860 4026 τὸν
2888 3973 3084 4039 τόπον,
3129 3974 3226 4028 καὶ
3257 3973 3499 4028 λαϐοῦσα
3542 3975 3604 4028 τὸ
3651 3975 3815 4045 σῶμά
3865 3994 3996 4048 μου,

2421 4063 2587 4133 θάψον
2628 4063 2696 4134 τῇ
2752 4065 2984 4135 Κρυπτῇ
3017 4065 3284 4138 λεγομένῃ
3323 4067 3475 4138 παρά
3519 4067 3647 4131 τοὺς
3679 4069 3846 4131 πόδας
3881 4070 3996 4124 τῶν

2420 4154 2748 4210 ἀποστόλων.
2791 4155 2858 4208 Ἦ
2882 4155 2938 4209 δέ
2968 4156 3247 4210 ἀναστᾶσα
3295 4159 3391 4212 καὶ
3422 4153 3681 4229 γενομένη
3719 4162 3857 4230 πρὸς
3890 4163 3991 4215 τὸν

2422 4247 2708 4315 ὑπόνομον,
2759 4242 2894 4317 ἦρεν
2923 4247 3133 4301 ἐκεῖθεν
3193 4249 3255 4302 τὸ
3305 4248 3463 4318 σῶμα
3512 4250 3610 4303 τοῦ
3675 4253 3992 4322 μάρτυρος,

2422 4338 2514 4391 καὶ
2567 4338 2682 4391 καθ’
2717 4338 2774 4390 δν
2812 4339 3002 4409 εἴρηκε
3048 4341 3212 4393 τόπον
3259 4341 3287 4392 δ
3324 4341 3535 4411 μάρτυς
3567 4343 3842 4413 ἐπιμελῶς
3892 4347 3993 4397 καὶ

2422 4429 2663 4498 κοσμίως
2714 4431 3049 4499 κηδεύσασα,
3094 4430 3395 4501 παρέμεινε
3440 4432 3519 4501 τῷ
3566 4435 3724 4502 τάφῳ
3770 4435 3992 4505 ἡμέρας

752 4533 862 4585 line
892 4544 1094 4599 corpus
1125 4528 1400 4597 martyris,
1426 4536 1480 4580 ct
1503 4539 1626 4580 cum
1663 4526 1715 4578 iu
1739 4525 1862 4578 loco
1889 4538 2051 4592 quem
2078 4523 2314 4581 dixerat,
2350 4566 2393 4623 υ
2421 4537 2427 4552 ι

2350 4566 2393 4623 D
2421 4521 2732 4588 τριάκοντα.
2776 4523 2887 4573 Καί
2923 4538 3054 4573 ποτε
3088 4524 3207 4588 ταῖς
3247 4523 3568 4593 ἐκκλησίαις
3595 4527 3820 4595 είρήνης
3856 4526 3991 4595 βρα-

755 4625 867 4690 ipsa
909 4623 1199 4691 diligenter
1245 4632 1298 4674 et
1345 4617 1649 4672 honoriﬁce
1698 4632 1822 4672 eum
1889 4616 2216 4685 sepeliisset,
2248 4611 2315 4667 ad
2351 4611 2430 4664 ’ἐ

2314 4611 2389 4665 η’
2421 4613 2724 4682 σευοείσης,
2784 4614 2929 4681 ίερὸν
2982 4617 3398 4685 φροντιστήριον
3447 4617 3546 4687 τὴν
3591 4619 3767 4671 οὶκίαν
3815 4620 3989 4689 αὐτῆς

753 4714 1062 4782 sepulcrum
1101 4711 1402 4781 permansit
1438 4709 1659 4779 triginta
1687 4709 1808 4762 dies
1840 4722 1855 4773 ;
1890 4717 1944 4761 et
1977 4721 2101 4760 cum
2129 4705 2324 4759 luisset

752 4805 972 4861 tandem
1027 4821 1127 4874 pax
1161 4803 1374 4858 reddita
1415 4803 1688 4866 ecclesiis,
1766 4800 1856 4854 illa
1900 4798 2124 4853 domum
2165 4811 2318 4852 suam

751 4898 879 4952 fecit
926 4911 1144 4952 sacrum
1184 4896 1573 4950 monasterium
1605 4932 1620 4958 ,
1687 4902 1742 4949 et
1797 4891 2040 4963 quandiu
2092 4889 2312 4958 quidem

752 4989 857 5044 iuit
894 4991 941 5043 ei
971 4990 1081 5042 vita
1134 4985 1767 5057 superstes,largissima
1808 4999 1971 5038 manu
2027 4995 2316 5038 succurre-

753 5087 847 5135 bat
879 5080 1184 5150 egentibus.
1209 5079 1438 5144 Quando
1471 5087 1652 5131 autem
1706 5092 1735 5131 e
1762 5078 1872 5131 vita
1902 5076 2159 5139 excessit,
2195 5088 2315 5126 om-

755 5188 850 5226 nes
894 5187 1019 5227 suas
1075 5171 1354 5224 facultates
1389 5171 1444 5223 in
1504 5179 1829 5224 testamento
1873 5167 2101 5221 donavit
2153 5163 2314 5219 Chri-

755 5264 946 5318 SKianis
981 5263 1086 5316 :ad
1133 5263 1358 5332 gloriam
1411 5261 1718 5315 Servatoris
1762 5259 1936 5313 nostri
1989 5259 2116 5312 .Iesu
2155 5256 2314 5311 Chri-

753 5355 954 5420 sti,cui
982 5355 1150 5427 gloria
1200 5363 1255 5410 et
1294 5353 1535 5423 potentia
1587 5353 1640 5407 in
1706 5351 1902 5408 saecula
1958 5349 2309 5406 seculorum.

761 5452 951 5503 einen.

2422 4706 2789 4775 ποιησαμένη,
2818 4704 2921 4766 ἕως
2951 4705 3049 4773 μὲν
3076 4703 3169 4757 οὖν
3199 4704 3276 4775 τῷ
3306 4705 3404 4775 βίῳ
3429 4710 3624 4776 περιῆν
3651 4709 3765 4770 τοῖς
3793 4709 3989 4777 δεομέ-

2418 4813 2529 4860 νοις
2567 4795 2802 4866 ἐπήρκει
2835 4796 3188 4868 ἀφθονωτάτῃ
3219 4799 3384 4869 χειρί·
3424 4798 3732 4853 τελευτῶσα
3761 4801 3840 4865 δέ,
3875 4802 3988 4854 πᾶ-

2423 4904 2521 4940 σαν
2544 4886 2643 4957 τὴν
2682 4888 2873 4956 κτῆσιν
2901 4889 3070 4956 αὐτῆς
3095 4890 3439 4959 Χριστιανοῖς
3465 4891 3794 4960 ἐδωρήσατο,
3827 4892 3987 4956 δοξα-

2423 4976 2588 5040 ζουσα
2623 4977 2841 5047 Πατέρα
2875 4980 2968 5032 καὶ
3001 4979 3129 5033 Υίὸν
3152 4982 3244 5033 καὶ⁵
3273 4980 3425 5048 ἀγιον
3449 4982 3690 5050 Πνεῦμα,
3720 4983 3816 5054 τὴν
3853 4985 3988 5053 μίαν

2424 5069 2654 5140 θεότητά
2706 5088 2764 5124 τε
2821 5073 2916 5125 καὶ
2960 5073 3208 5143 δύναμιν,
3333 5074 3533 5143 πρέπει
3580 5075 3728 5138 δόξα,
3758 5077 3987 5145 κράτος,

2421 5163 2575 5233 τιμὴ,
2612 5163 2706 5216 νῦν
2739 5167 2832 5218 καὶ
2865 5163 2975 5232 ἀεὶ,
3009 5167 3100 5220 καὶ
3136 5167 3215 5230 είς
3235 5165 3362 5228 τοὺς
3382 5165 3585 5230 αἰῶνας
3610 5166 3720 5220 τῶν
3743 5168 3988 5222 αἰώνων.

2434 5254 2628 5326 Ἀμήν.
