4242 6442
799 383 906 444 819

1940 380 2324 441 ADDENDA.
2365 406 2431 417 —
2468 382 2984 448 FEBHUARIUS.

3917 374 4028 441 820

791 497 845 549 lu
878 511 985 563 quo
1020 495 1225 548 latebat
1258 505 1480 547 sanctus
1511 502 1566 546 et
1611 495 1951 547 venerandus
1990 492 2073 545 vir
2115 490 2347 545 Blasius.
2381 489 2426 547 Α

2381 489 2426 547 Α
2468 490 2700 562 Ἀργᾶν,
2749 497 2806 548 εν
2857 490 2901 562 ᾦ
2935 499 3290 566 ἐκρύπτετοό
3325 499 3473 559 ὅσιος
3525 497 3619 549 καὶ
3653 494 3836 562 τίμιος
3886 491 4029 558 ἀνὴρ

789 586 926 640 Cum
957 596 1138 638 autem
1175 584 1705 652 appropinquassent
1737 585 2035 652 speluncae,
2078 592 2131 637 et
2177 581 2338 636 vidis-

791 676 998 731 sent.in
1033 677 1151 745 ejus
1177 676 1424 744 ingressu
1463 675 1867 729 multitudinem
1897 674 2194 743 agrestium
2226 673 2345 726 ani-

797 768 1043 830 malium,
1084 783 1203 836 quae
1233 770 1478 822 astabant
1505 762 1561 820 et
1599 766 1944 828 exsiliebant,
1974 766 2229 819 dixerunt
2263 767 2347 818 in-

792 870 874 911 ter
892 874 970 913 se;
991 860 1129 924 Quid
1155 859 1255 912 hoc
1272 859 1374 912 sibi
1393 860 1550 913 vult?
1569 870 1622 913 et
1641 873 1762 913 cum
1783 860 2059 912 venissem
2097 858 2344 927 propius,

793 952 1123 1005 invenerunt
1151 951 1291 1004 intra
1318 951 1636 1019 speluncam
1678 958 1925 1003 sanctum
1957 949 2221 1014 Blasium,
2258 964 2347 1002 se-

793 1041 1012 1094 dentem
1046 1050 1306 1110 tanquam
1345 1041 1398 1094 in
1441 1041 1698 1102 thalamo.
1749 1048 1806 1094 et
1836 1039 2171 1094 dividentem
2223 1040 2345 1092 uni-

792 1135 990 1202 cuique
1025 1134 1075 1187 i-l
1128 1133 1272 1202 quod
1318 1141 1434 1186 erat
1459 1133 1510 1185 ei
1560 1148 1718 1202 opus,
1765 1149 1863 1202 per
1905 1133 2344 1187 benedictionem

792 1234 955 1293 atque
1000 1226 1330 1287 curationes,
1380 1235 1434 1278 et
1476 1225 1585 1279 Deo
1636 1226 1952 1279 fundentem
2001 1241 2210 1294 preces.
2243 1226 2346 1292 Qui

789 1319 969 1372 statim
1003 1320 1230 1382 reversi,
1263 1319 1650 1374 renuntiarunt
1675 1319 1890 1387 praesidi
1917 1319 2203 1387 Agricolao
2227 1333 2348 1386 qua:

788 1412 1060 1462 viderant.
1095 1409 1300 1465 Prases
1324 1424 1451 1463 vero
1479 1410 1640 1475 jussit
1666 1411 1849 1478 plures
1878 1411 2088 1464 milites
2113 1424 2237 1464 cum
2267 1409 2346 1462 eis

789 1494 1083 1568 proﬁcisci,
1119 1509 1172 1554 ut
1208 1517 1563 1569 quoscunque
1603 1502 1710 1555 illic
1744 1502 2083 1555 invenissent
2117 1502 2345 1554 latentes

786 1589 1150 1648 Christianos.
1184 1592 1249 1643 ad
1285 1606 1407 1644 eum
1441 1590 1795 1644 adducerent.
1838 1591 2042 1644 Euntes
2078 1599 2261 1644 autem
2292 1591 2343 1642 in

791 1689 1050 1742 montem,
1084 1681 1174 1748 qui
1213 1681 1354 1734 missi
1391 1682 1604 1734 fuerant
1635 1681 1855 1742 milites.
1882 1689 1936 1735 et
1965 1681 2190 1749 ingressi
2226 1697 2345 1749 spc-

788 1772 1030 1835 luncam,
1081 1773 1408 1827 invenerunt
1451 1773 1625 1826 solum
1675 1783 1944 1837 sanetum,
1998 1782 2244 1826 orantem
2293 1784 2344 1826 et

790 1865 1100 1918 laudantem
1157 1866 1464 1927 Dominum,
1508 1875 1563 1918 et
1609 1864 1865 1919 dixerunt
1903 1865 1987 1920 ei:
2026 1865 2335 1935 Egredere;

788 1967 946 2009 vocat
997 1965 1047 2010 te
1084 1970 1304 2025 praeses.
1353 1957 1488 2010 Cum
1525 1971 1618 2010 eos
1668 1971 1800 2009 vero
1846 1956 2068 2010 vidisset
2118 1969 2341 2013 sanctus

793 2049 1023 2113 lllasius,
1057 2049 1211 2103 valde
1243 2049 1454 2103 hetatus
1485 2059 1588 2113 est,
1618 2058 1672 2102 et
1701 2050 1872 2103 dixit:
1901 2050 2120 2114 Adeste,
2152 2065 2341 2105 eamus

788 2141 970 2202 simul,
1014 2155 1046 2192 ο
1078 2140 1194 2201 lilii,
1241 2140 1342 2192 mei
1380 2139 1526 2192 enim
1576 2139 1893 2192 recordatus
1930 2150 2013 2194 est
2055 2139 2336 2197 Dominus.

792 2228 846 2280 In
901 2228 1000 2282 hac
1053 2229 1198 2282 enim
1254 2237 1412 2282 nocte
1463 2238 1546 2282 ter
1593 2230 1724 2282 mihi
1778 2231 2051 2298 apparuit,
2109 2231 2335 2286 dicens:

790 2320 984 2387 Surge,
1012 2318 1149 2372 oﬂ'cr
1177 2319 1308 2372 mihi
1336 2319 1596 2371 sacriﬁcia
1627 2335 1723 2388 pro
1755 2335 1902 2374 more
1927 2322 2001 2374 tui
2027 2321 2340 2377 sacerdotii.

791 2408 946 2461 Nunc
968 2423 1120 2475 ergo,
1151 2407 1243 2460 lilii
1287 2406 1415 2469 mei,
1446 2407 1585 2459 bene
1619 2407 1864 2460 venistis.
1897 2407 2156 2463 Dominus
2188 2425 2340 2464 meus

788 2498 946 2552 Jesus
975 2498 1228 2553 Christus
1251 2499 1320 2552 sit
1345 2499 1650 2553 vobiscum.

2457 584 2548 635 καὶ
2609 588 2908 650 ἐπίσκοπος
2957 591 3204 653 Βλάσιος.
3263 591 3372 643 Kal
3433 589 3509 652 ὡς
3565 586 3915 655 ἐπλησίασαν
3977 584 4029 634 οι

2454 677 2717 747 θηρευταὶ
2747 682 2805 732 ἐν
2849 681 2924 750 τῷ
2962 684 3210 753 σπηλαίῳ
3249 685 3339 736 καὶ
3383 681 3527 735 εἶδον
3559 680 3694 749 πρὸς
3731 681 3800 748 τῇ
3829 675 4032 742 εισόδφ

2451 770 2618 823 αὑτοῦ
2672 773 2853 843 πλήθη
2887 775 3096 845 ἀγρίων
3137 776 3292 839 ξιξ-ων
3337 773 3705 844 παρεστώτων
3736 771 3832 823 καὶ
3869 783 4029 832 σκιρ-

2453 861 2691 924 τὼντων,
2735 860 2890 917 εἶπον
2937 867 3072 938 πρὸς
3112 868 3408 937 ἀλλήλους·
3443 867 3509 920 Τί
3558 865 3623 918 ἀν
3671 863 3817 917 θέλοι
3858 861 4028 912 τοῦτο

2448 951 2588 1008 εἶναι
2619 975 2632 1023 ;
2661 958 2754 1010 καὶ
2803 959 3048 1023 ἐλθόντες
3089 961 3477 1030 πλησιὲστερον
3505 964 3518 981 ⁸
3552 951 3710 1027 εὗρον
3742 955 3898 1008 ἔνδον
3926 951 4024 1004 τοῦ

2452 1047 2717 1116 σπηλαίου
2745 1050 2837 1103 τὸν
2880 1051 3035 1118 ἅγιον
3067 1052 3292 1106 Βλάσιον
3327 1053 3517 1122 ὥσπερ
3551 1054 3608 1104 ιν
3641 1050 3872 1117 θαλάμῳ
3915 1045 4028 1099 τινὶ

2449 1138 2761 1208 καθήμενον
2820 1145 2914 1196 καὶ
2953 1143 3014 1196 τδ
3063 1145 3318 1214 χρειῶδες
3374 1145 3588 1211 ἑκάστῳ
3623 1143 4026 1208 διανεμόμενον

2447 1227 2535 1281 διά
2566 1244 2624 1280 τε
2655 1230 2754 1298 τῆς
2786 1230 3037 1299 εὐλογίας
3073 1233 3166 1286 καὶ
3200 1232 3308 1285 τῶν
3339 1233 3557 1291 ιάσεων.
3588 1233 3682 1285 καὶ
3713 1233 3814 1292 τὰς
3852 1228 4025 1295 εὐχὰς

2451 1319 2614 1373 αὑτοῦ
2655 1321 2969 1374 ἀποδιδόντα
3027 1323 3104 1392 τῷ
3159 1324 3298 1393 Θεῷ.
3349 1326 3460 1378 Kal
3501 1323 3703 1384 εὐθέως
3749 1321 4027 1387 ὑποστρέ-

2448 1413 2649 1479 ψαντες
2680 1412 3022 1484 ἀπήγγειλαν
3058 1414 3136 1484 τῷ
3157 1416 3390 1483 ἡγεμόνε
3426 1413 3764 1482 Ἀγρικολάῳ
3852 1409 4020 1494 εἶδον.

2461 1502 2520 1552 Ὀ
2575 1498 2632 1553 δὲ
2682 1503 2906 1572 ήγεμὼν
2936 1500 3153 1556 ἐκέλευε
3193 1505 3533 1574 στρατιώτας
3579 1504 3830 1566 πλείονας
3884 1519 4023 1567 cuu-

2449 1595 2790 1665 πορευθῆναι
2823 1598 3031 1658 αὐτοῖς.
3081 1599 3168 1650 ἵνα
3208 1600 3367 1659 ὅσους
3407 1599 3502 1650 ἐὰν
3547 1596 3782 1664 εῦρωσιν
3833 1597 4021 1646 ἐκεῖσε

2449 1686 2809 1757 Χριστιανοὺς
2861 1691 3275 1759 κρυπτομένους
3333 1692 3581 1755 ἀγάγωσι
3636 1689 3770 1756 πρὸς
3827 1686 4017 1739 αὐτόν.

2448 1781 2557 1832 Kal
2585 1781 2914 1844 ἀπελθόντες
2959 1783 3009 1834 οι
3051 1782 3456 1850 ἀπεσταλμένοι
3486 1781 3818 1850 στρατιῶται
3850 1781 3912 1831 ιν
3943 1778 4021 1847 τῷ

2445 1870 2593 1938 ὄρει,
2653 1872 2747 1924 καὶ
2798 1872 3133 1935 εἰσελθόντες
3189 1874 3336 1927 ἔνδον
3386 1873 3479 1926 τοῦ
3536 1873 3807 1939 σπηλαεου
3855 1865 4021 1938 εὗρον

2451 1961 2613 2029 μόνον
2641 1963 2734 2014 τὸν
2785 1962 2940 2030 ἀγιον
2970 1965 3200 2016 Βλάσιον
3235 1964 3681 2033 προσευχόμενον
3719 1967 3815 2016 καὶ
3871 1961 4021 2023 δοξο-

2452 2052 2713 2118 λογοῦντα
2735 2053 2823 2105 τὸν
2855 2055 3070 2124 Κύριον,
3107 2056 3199 2108 καὶ
3231 2053 3383 2108 εἷπον
3411 2057 3548 2123 πρδς
3575 2055 3757 2107 αὐτόν·
3789 2053 4020 2118 Ἔξελθε

2450 2144 2505 2194 ἐν
2537 2145 2726 2211 τάχει*
2780 2143 2935 2197 καλεῖ
2984 2162 3043 2197 σε
3095 2149 3122 2198 ὀ
3175 2145 3419 2215 ἡγεμών.
3482 2146 3629 2200 Ἰδὼν
3675 2146 3731 2197 δὲ
3760 2143 4020 2206 αὐτοὺςό

2446 2231 2600 2300 ἅγιος
2634 2232 2858 2297 Βλάσιος
2889 2235 3059 2305 ἑχάρη
3083 2238 3248 2299 πάνυ,
3282 2237 3376 2289 καὶ
3421 2234 3540 2289 εἷπε
3567 2255 3580 2268 ·
3611 2236 3803 2298 Δεῦτε,
3826 2236 4016 2297 τέκνα,

2450 2323 2806 2392 πορευθῶμεν
2873 2325 3020 2392 ἆμα-
3078 2327 3322 2395 ἐμνήσθη
3376 2327 3481 2394 γὰρ
3542 2343 3642 2394 μου
3699 2328 3947 2394 σήμερον
3993 2325 4020 2376 ὀ

2451 2419 2654 2489 Κύριος
2677 2436 2689 2450 ⁸
2727 2421 2784 2473 ἑν
2815 2420 2923 2492 γὰρ
2957 2421 3126 2494 ταύτῃ
3156 2424 3223 2490 τῇ
3270 2426 3425 2474 νυκτὶ
3463 2422 3637 2489 ιφάνη
3695 2438 3784 2487 μοι
3833 2421 4019 2488 τρίτον

2439 2509 2635 2576 λέγων’
2678 2509 2948 2571 ’Δναστάς
3009 2511 3343 2580 προσένεγκέ
3406 2528 3494 2579 μοι
3542 2511 3731 2571 θυσίας
3780 2510 3925 2560 κατὰ
3958 2509 4018 2558 τὸ

789 2593 911 2653 ἔθος
935 2592 1028 2660 τῆς
1053 2594 1348 2662 ἱερωσύνης
1373 2609 1484 2645 σου.
1520 2592 1632 2644 Νῦν
1655 2587 1768 2656 οὖν,
1792 2593 1978 2646 τεκνία
2011 2612 2133 2662 μου,
2168 2597 2344 2660 καλῶς
2386 2599 2612 2668 ήλθετν
2673 2603 2700 2654 ὀ
2765 2603 2968 2672 Κύριός
3019 2619 3120 2672 μου
3184 2603 3388 2673 Ἰησοῦς
3433 2601 3669 2672 Χριστὸς
3738 2603 3826 2671 εἴη
3899 2599 4018 2668 μεθ’

793 2701 968 2753 υμων.

863 2777 952 2833 ΙΙΙ.
987 2779 1120 2833 Dum
1163 2788 1347 2834 autem
1396 2779 1497 2844 ipsi
1536 2780 1809 2842 venirent,
1846 2782 1899 2834 in
1932 2781 2016 2835 via
2057 2793 2343 2838 converte-

794 2872 996 2925 bantur
1027 2871 1254 2941 gentiles
1279 2870 1344 2923 ad
1379 2871 1470 2923 Dei
1508 2871 1870 2940 cognitionem
1903 2889 2001 2940 per
2030 2875 2148 2944 ejus
2189 2891 2344 2930 man-

2522 2784 2596 2837 Γ.
2639 2783 2724 2835 *Εν
2755 2782 2813 2836 δι
2838 2780 2913 2851 τῷ
2935 2781 3192 2850 ιρχεσθαι
3217 2781 3414 2844 αὐτοὺς
3438 2782 3497 2834 ιν
3527 2782 3591 2850 τῇ
3621 2779 3724 2847 ὀδῷ
3747 2779 4018 2845 ιπὲστρε-

2455 2893 2552 2937 φον
2591 2874 2862 2943 Ἑλλήνων
2892 2875 3079 2936 παῖδες
3111 2875 3193 2936 είς
3223 2873 3553 2941 θεογνωσίαν
3587 2873 3673 2924 διὰ
3704 2871 3804 2937 τῆς
3839 2871 4014 2937 πραό-

793 2963 1142 3018 suetudinem
1173 2972 1227 3015 et
1255 2962 1579 3015 doctrinam.
1617 2963 1832 3015 Etenim
1882 2979 1976 3031 per
2013 2965 2132 3034 ejus
2161 2980 2352 3034 preces
2446 2984 2468 3019 τ

2338 2984 2352 3022 t
2446 2983 2606 3036 τητος
2649 2966 2814 3020 αὐτοῦ
2877 2969 2968 3019 καὶ
3017 2966 3392 3026 διδασκαλίας.
3445 2965 3553 3017 Kal
3603 2964 3710 3030 γὰρ
3763 2963 3853 3015 διὰ
3905 2961 4013 3013 τῶν

796 3056 1026 3110 faciebat
1047 3054 1311 3108 Dominus
1335 3055 1646 3107 curationes
1672 3072 1684 3108 :
1710 3063 1764 3107 et
1798 3069 1916 3108 eum
1943 3056 2008 3109 ad
2043 3072 2166 3111 cum
2191 3057 2350 3112 all‘er-

2448 3059 2884 3110 ἀκαταπαύστων
2911 3059 3073 3121 αὐτοῦ
3103 3058 3420 3130 προσευχῶν
3445 3058 3541 3109 καὶ
3570 3056 3808 3124 δεήσεων
3843 3056 4013 3114 ἰάσεις

798 3156 986 3201 rentur
1032 3147 1260 3215 aegroti,
1315 3145 1397 3198 eis
1453 3145 1736 3212 imponens
1783 3160 1993 3208 manus.
2041 3147 2351 3203 dimittebat
2381 3148 2473 3228 Cl

2339 3158 2422 3228 lc
2453 3147 2695 3199 ἐπετέλει
2745 3150 2772 3200 ὀ
2805 3147 3032 3216 Κύριος,
3074 3150 3168 3201 καὶ
3221 3147 3690 3219 προσφερομένων
3737 3146 3889 3214 αὑτῷ
3917 3145 4014 3214 ἀρ-

796 3252 977 3292 sanos.
1022 3237 1136 3290 Non
1179 3236 1352 3289 solum
1413 3244 1596 3288 autem
1647 3237 1875 3289 curabat
1924 3236 2197 3300 homines,
2251 3241 2345 3294 sed

794 3329 960 3383 etiam
1005 3330 1248 3398 jumenta
1296 3336 1351 3379 et
1398 3327 1618 3380 bestias.
1648 3326 1782 3381 Cum
1825 3328 2007 3396 itaque
2034 3329 2349 3399 contigisset

797 3419 1033 3488 aliquem
1058 3433 1119 3472 os
1148 3417 1432 3478 devorare,
1469 3418 1550 3471 vel
1583 3417 1787 3485 aliquid
1809 3419 2098 3488 ejusmodi,
2127 3430 2348 3488 repente

797 3511 865 3564 ad
892 3525 1018 3564 eum
1045 3509 1346 3563 merebant
1380 3510 1698 3576 patientem,
1738 3517 1794 3561 et
1832 3523 1929 3576 per
1965 3518 2180 3563 sanctas
2222 3524 2349 3563 suas

797 3617 989 3670 preces
1021 3615 1146 3655 eum
1197 3601 1380 3656 statim
1421 3599 1679 3654 reddebat
1711 3614 1928 3653 sanum.
1963 3599 2202 3669 Contigit
2246 3600 2347 3655 ita-

795 3710 927 3764 que.
956 3702 1018 3748 ut
1048 3692 1191 3747 [ilius
1223 3691 1508 3760 cujusdam
1543 3691 1813 3756 mulieris,
1853 3706 1974 3760 qua
2011 3705 2137 3745 eum
2181 3691 2351 3746 babe-

797 3787 892 3841 bat
936 3786 1177 3848 unicum,
1213 3793 1418 3852 partem
1451 3782 1617 3850 piscis
1659 3781 1974 3847 comedens,
2022 3797 2085 3837 os
2125 3791 2350 3852 repente

797 3880 1104 3941 devoraret,
1148 3886 1202 3931 et
1255 3885 1439 3930 mutus
1490 3883 1756 3929 maneret.
1809 3874 1946 3928 Cum
1995 3889 2126 3944 ergo
2175 3885 2350 3930 mater

798 3971 954 4040 pueri
982 3969 1049 4024 de
1078 3977 1274 4022 sancto
1318 3966 1638 4031 audivisset,
1683 3981 1810 4019 eum
1839 3966 2064 4020 allatum
2121 3968 2350 4036 projecit

799 4063 865 4114 ad
891 4062 1010 4130 ejus
1045 4059 1212 4129 pedes
1246 4059 1684 4120 semimortuum.
1717 4071 1840 4110 cum
1871 4056 1998 4111 llctu
2026 4058 2268 4112 clamans
2295 4068 2350 4113 et

797 4153 990 4205 dicens
1021 4159 1210 4208 sancto
1238 4167 1250 4202 :
1285 4150 1543 4203 Miserere
1575 4147 1681 4200 mei
1709 4147 1825 4210 lilii,
1857 4161 2013 4201 serve
2047 4147 2352 4203 Servatoris

800 4244 972 4298 nostri
1012 4243 1143 4298 Jesu
1186 4239 1411 4304 Christi,
1441 4240 1705 4295 est‘enim
1757 4239 1888 4293 mihi
1922 4238 2187 4308 unigena;
2227 4255 2352 4292 nar-

802 4337 1048 4404 ravitque
1073 4343 1282 4392 sancto.
1320 4331 1451 4401 quid
1486 4330 1598 4384 lilio
1638 4346 1738 4384 suo
1774 4341 1998 4399 repente
2039 4331 2350 4385 accidisset.

801 4428 1033 4482 Sanctus
1081 4432 1262 4478 autem
1313 4421 1405 4476 Dei
1441 4431 1495 4475 et
1545 4435 1770 4489 magnus
1817 4420 2072 4475 sacerdos
2117 4421 2350 4484 Blasius,

2457 3237 2679 3306 ρώστων
2739 3239 3003 3302 ἐπιτιθεὶς
3060 3242 3146 3292 ἐπ’
3205 3241 3550 3309 αὑτοὺςιτάς
3606 3240 3792 3307 χεῖρας
3841 3238 4016 3301 ὑγιεῖς

2455 3327 2724 3380 ἀπέλυσεν
2752 3329 3036 3391 ἅπαντας·
3087 3331 3148 3381 οὐ
3203 3331 3361 3397 μόνον
3411 3331 3466 3382 δὲ
3518 3330 3645 3390 τοὺς
3689 3327 4014 3395 ἀνθρώπους

2458 3419 2589 3477 ίᾶτο.
2625 3419 2761 3472 ἀλλά
2812 3421 2907 3474 καὶ
2953 3421 3021 3472 τά
3074 3421 3246 3489 κτήνη
3297 3421 3389 3473 καὶ
3441 3423 3510 3473 τά
3559 3420 3750 3486 ἀλογα.
3793 3419 3884 3479 ’ος
3920 3418 4015 3470 οῦν

2455 3511 2676 3577 ἐγένετό
2699 3529 2818 3564 τινα
2845 3511 3041 3565 ὀστοῦν
3074 3515 3365 3566 καταπιεῖν
3395 3513 3426 3580 ἢ
3453 3514 3582 3566 ἄλλο
3607 3527 3661 3564 τι
3691 3511 3802 3564 τῶν
3831 3510 4016 3562 τοιούο

2455 3616 2563 3653 των
2615 3601 2894 3671 ἐξαίφνης,
2947 3602 3144 3673 ἔφερον
3193 3602 3329 3672 πρὸς
3374 3602 3535 3654 αὑτὸν
3573 3601 3668 3654 τὸν
3712 3602 4014 3668 πάσχοντα,

2460 3694 2551 3746 καὶ
2597 3692 2687 3746 διά
2740 3694 2838 3763 τῆς
2892 3694 3056 3759 ἁγίας
3110 3693 3279 3747 αὑτοῦ
3335 3695 3645 3764 προσευχῆς
3686 3694 3816 3761 ὑγιῆ
3854 3689 4017 3744 αὐτὸν

2458 3785 2798 3854 παραχρῆμα
2843 3784 3210 3839 ἀποκαθίστα.
3253 3784 3417 3836 Ὅθεν
3453 3783 3653 3852 συνέϐη
3688 3784 3784 3835 καὶ
3820 3799 4016 3849 γυναι·

2458 3877 2552 3938 κός
2590 3893 2732 3938 τινος
2767 3877 2881 3928 υίὸν
2922 3876 3184 3943 μονογενῆ
3227 3875 3390 3927 αὐτὸν
3435 3874 3666 3943 ἑκούσης
3703 3873 3884 3943 ἰχθύος
3919 3873 4015 3941 με-

2460 3985 2550 4038 ρος
2595 3967 2844 4020 ισθίοντα
2887 3966 3086 4036 ἀθρόον
3115 3965 3308 4018 ὀστοῦν
3350 3968 3642 4018 καταπιεῖν
3673 3966 3768 4018 καὶ
3802 3967 4017 4032 ἄφωνον

2460 4061 2661 4129 μεῖναι.
2713 4060 2775 4111 'll
2821 4053 2914 4111 οὖν
2973 4059 3154 4127 μήτηρ
3203 4057 3299 4110 τοῦ
3348 4058 3538 4121 παιδὸς
3573 4058 3854 4110 ἀκούσασα
3887 4057 4018 4126 περὶ

2457 4149 2552 4202 τοῦ
2585 4150 2740 4216 ἀγίου
2797 4150 3069 4215 ἐνέγκασα
3099 4148 3260 4202 αὑτὸν
3307 4149 3530 4219 ἔρριψεν
3578 4151 3636 4201 ιν
3694 4151 3805 4212 τοῖς
3857 4151 4017 4201 ποσὶν

2459 4242 2621 4294 αὑτοῦ
2647 4240 2913 4310 ήμιθανῆ,
2949 4241 3126 4308 βοῶσα
3177 4243 3314 4310 μετά
3365 4242 3619 4310 ὀδυρμῶν
3650 4243 3742 4295 καὶ
3783 4242 4015 4306 λέγουσα

2460 4333 2536 4402 τῷ
2561 4333 2722 4401 ἀγίῳ·
2760 4332 3015 4401 Ἐλέησόν
3048 4350 3149 4400 μου
3180 4333 3272 4386 τὸν
3296 4333 3432 4395 υἱὸν,
3457 4334 3613 4387 δοῦλε
3639 4333 3732 4386 τοῦ
3764 4334 4018 4401 Σωτῆρος

2459 4424 2614 4494 ήμῶν
2673 4423 2849 4495 Ἰησοῦ
2901 4425 3172 4493 Χριστοῦ·
3225 4427 3306 4478 ὅτι
3362 4428 3656 4495 μονογενής
3685 4425 3793 4492 ίμοί
3831 4425 4012 4477 ἐστιν·

803 4532 963 4570 manu
997 4515 1250 4584 imposita
1283 4514 1486 4582 gutturi
1517 4512 1693 4579 pueri,
1724 4511 1802 4565 sic
1831 4511 2027 4574 oravit,
2051 4513 2354 4566 extendens
2387 4515 2430 4570 υ
2459 4535 2478 4568 ι

2343 4515 2430 4570 ιο
2459 4517 2554 4570 καὶ
2584 4517 2886 4585 διηγήσατο
2927 4515 3003 4584 τῷ
3055 4515 3194 4585 ἀγίῳ
3245 4517 3308 4568 τὸ
3354 4511 3580 4586 συμϐὰν
3625 4517 3891 4584 ιεαίφνης
3941 4515 4018 4580 τῷ

802 4610 855 4660 in
907 4608 1106 4660 caelum
1156 4604 1364 4665 oculos,
1401 4611 1456 4656 et
1507 4603 1618 4656 Deo
1665 4603 1887 4657 dicens:
1917 4602 2019 4669 Qui
2053 4603 2140 4667 iis,
2175 4604 2267 4672 qui
2303 4612 2354 4657 tc

801 4697 1130 4753 invocabant
1172 4695 1228 4748 in
1279 4695 1530 4757 veritate,
1585 4703 1784 4763 prazsto
1831 4694 1981 4748 fuisti
2029 4694 2286 4763 adjutor,
2324 4711 2356 4749 o

799 4789 1080 4849 Servator.
1103 4785 1229 4840 audi
1259 4801 1406 4840 meas
1427 4800 1640 4854 preces,
1665 4793 1720 4838 et
1744 4785 1953 4854 spinam
1982 4785 2197 4839 inﬁxam
2231 4785 2358 4839 huic

802 4895 994 4949 puero,
1025 4889 1116 4933 tua
1148 4894 1267 4948 qum
1298 4877 1401 4932 sub
1454 4890 1733 4946 aspccwm
1781 4891 1887 4930 non
1921 4877 2088 4936 cadit.
2129 4878 2353 4938 virtute,

799 4974 847 5026 ei
893 4972 1093 5035 exime,
1130 4985 1255 5025 eum
1287 4985 1516 5033 curans;
1542 4980 1597 5024 et
1644 4973 1710 5024 de
1752 4979 1969 5031 extero.
2007 4984 2128 5022 cum
2159 4984 2254 5024 seu
2296 4969 2348 5023 in

801 5063 1140 5124 hominibus,
1182 5079 1277 5117 seu
1313 5063 1364 5114 in
1401 5061 1608 5129 pueris,
1643 5076 1736 5115 seu
1775 5062 1828 5114 in
1861 5061 2054 5114 bestiis
2092 5062 2194 5114 tale
2225 5060 2357 5129 quid

801 5155 1112 5224 contigerit,
1143 5155 1254 5208 illic
1281 5165 1462 5207 autem
1490 5155 1808 5208 recordatus
1831 5154 1998 5206 fuerit
2026 5153 2224 5220 aliquis
2255 5151 2359 5205 mei

803 5245 1062 5310 nominis,
1082 5245 1292 5299 dicens:
1316 5245 1478 5307 Deus,
1501 5243 1890 5299 intercessione
1908 5242 2048 5296 servi
2073 5243 2151 5295 tui
2175 5242 2362 5305 Blasii,

801 5338 1044 5393 accelera
1080 5348 1229 5392 tuum
1259 5337 1554 5390 auxilium:
1589 5336 1671 5390 fac
1709 5338 1818 5392 cito
1847 5337 1898 5390 in
1923 5351 1990 5390 eo
2020 5335 2360 5389 curationem

803 5433 868 5486 ad
891 5430 1118 5500 gloriam
1149 5439 1203 5482 et
1233 5429 1496 5482 honorem
1530 5427 1704 5482 sancti
1743 5428 1816 5480 tui
1851 5427 2088 5480 nominis
2114 5444 2127 5489 ;
2154 5436 2208 5479 et
2239 5442 2362 5479 cum

806 5521 922 5589 ipse
960 5519 1074 5573 haec
1103 5517 1349 5579 dixisset.
1396 5533 1624 5584 puerum
1668 5517 1850 5570 statim
1893 5531 2084 5570 sanum
2112 5516 2368 5569 restituit

805 5609 948 5662 sicut
990 5608 1162 5676 prius,
1189 5617 1245 5662 et
1277 5622 1400 5660 eum
1433 5606 1672 5660 reddidit
1713 5606 1868 5659 matri
1903 5620 2033 5667 suae,
2075 5621 2170 5660 ore
2220 5623 2364 5659 nun-

806 5715 970 5766 quam
1004 5701 1197 5754 silente
1225 5700 1390 5753 Deum
1420 5699 1730 5753 laudantem
1763 5708 1923 5765 atque
1950 5700 2050 5763 gloi
2071 5701 2362 5752 iticantem.

809 5787 1099 5845 Hominum
1136 5797 1318 5846 autem
1345 5805 1596 5851 sermone
1633 5788 2009 5846 celebrabatur
2042 5788 2134 5843 Dei
2165 5801 2368 5860 martyr

2456 4607 2630 4676 τέκνῳ
2662 4607 2852 4675 αὐτῆς.
2911 4605 2971 4659 '0
2999 4605 3054 4659 δὲ
3090 4606 3248 4673 ἀγιος
3280 4607 3375 4660 τοῦ
3422 4607 3560 4660 Θεοῦ
3596 4608 3692 4659 καὶ⁵
3738 4608 3910 4674 μέγας
3944 4607 4019 4657 lt-

2461 4698 2586 4765 ρεὶδς
2641 4694 2893 4759 Βλάσιος,
2952 4696 3158 4757 tmesis
3215 4695 3313 4763 τήν
3369 4697 3526 4764 χεῖρα
3575 4694 3742 4746 αὐτοῦ
3788 4695 3880 4746 ἐπὶ
3926 4693 4016 4745 τὸν

2460 4789 2654 4859 λαιμὸν
2701 4789 2794 4842 τοῦ
2849 4790 3062 4852 παιδὸς,
3113 4789 3460 4858 προσηύξατο
3497 4788 3694 4850 οὕτως,
3727 4787 4016 4848 ἀνατείνας

2461 4884 2537 4944 εἰς
2573 4880 2663 4932 τὸν
2693 4880 2919 4950 οὐρανὸν
2956 4881 3014 4932 τὸ
3042 4881 3198 4949 ὄμμα
3226 4879 3392 4932 αὑτοῦ
3431 4878 3527 4932 καὶ
3559 4878 3734 4942 λέγων
3762 4877 3899 4944 πρὸς
3928 4877 4017 4930 τὸν

2460 4973 2612 5026 θεόν’
2654 4971 2714 5024 '0
2744 4974 2854 5034 τοῖς
2889 4971 3344 5039 ιπικαλουμένοις
3380 4986 3438 5023 σε
3469 4971 3528 5022 ιν
3571 4967 3800 5037 ἀληθεία
3833 4966 4019 5020 σῦντο-

2464 5082 2562 5134 μος
2600 5064 2780 5132 ἰατρὸς
2833 5064 3120 5129 γενόμενος
3158 5062 3366 5130 σωτὴρ,
3407 5061 3710 5115 επάκουσόν
3765 5076 3869 5128 μου
3923 5061 4020 5126 τῆς

2460 5157 2696 5225 δεήσεως
2722 5156 2816 5206 καὶ
2842 5155 2936 5220 τὴν
2960 5155 3300 5221 ὲμπαγείσαν
3325 5151 3568 5205 ἄκανθαν
3582 5150 3659 5220 τῷ
3677 5150 3830 5202 παιδὶ
3849 5149 4022 5219 τούτῳ

2463 5243 2678 5314 ἀοράτῳ
2706 5261 2797 5295 σου
2814 5243 3042 5310 δυνάμει
3064 5242 3226 5310 ἄφελε
3252 5240 3310 5305 ἐξ
3327 5238 3492 5294 αὑτοῦ
3525 5241 3817 5308 ἰασάμενος
3835 5238 4019 5299 αὑτὸν,

2464 5336 2559 5386 xal
2605 5335 2700 5387 ὲάν
2747 5333 2855 5386 ἀπὸ
2905 5332 3000 5385 τοῦ
3060 5331 3152 5384 νῦν
3186 5333 3216 5402 ἢ
3245 5335 3304 5385 ὲν
3335 5330 3646 5398 ἀνθρώποις
3680 5329 3713 5398 ἢ
3748 5330 3805 5381 ὲν
3832 5328 4021 5397 βρέφε-

2468 5441 2572 5486 σιν,
2601 5424 2633 5493 ἢ
2670 5424 2726 5475 ἐν
2767 5423 2990 5492 κτήνεσι
3041 5425 3091 5476 τὶ
3140 5425 3382 5477 τοιοῦτον
3415 5423 3595 5491 συμϐῇ
3628 5437 3784 5486 ποτε,
3815 5437 4023 5489 μνημο-

2468 5513 2644 5566 νεύσει
2679 5513 2734 5565 δέ
2759 5529 2840 5575 τις
2872 5514 2991 5565 ἐκεί
3017 5513 3395 5584 τοῦζόνόματός
3430 5532 3528 5581 μου
3563 5512 3758 5579 λέγων·
3799 5512 3860 5562 '0
3893 5510 4020 5572 Θεδς

2469 5609 2534 5673 τῇ
2566 5605 2832 5674 πρεσόεία
2879 5605 2972 5658 τοῦ
3026 5606 3214 5659 δούλου
3265 5624 3356 5660 σου
3399 5606 3626 5659 Βλασίου
3660 5607 3893 5672 τάχυνον
3927 5603 4020 5671 τήν

2472 5696 2723 5765 βοήθειάν
2755 5713 2874 5757 σου,
2920 5697 3122 5761 εὐθέως
3173 5697 3392 5763 ποίησον
3424 5698 3509 5748 ἐπ’
3543 5695 3709 5748 αὐτὸν
3741 5694 3837 5761 τὴν
3884 5695 4019 5745 ἴασιν

2472 5792 2547 5853 εἰς
2585 5788 2744 5855 δόξαν
2785 5789 2873 5844 καὶ
2907 5790 3067 5858 τιμὴν
3109 5788 3196 5842 τοῦ
3235 5789 3494 5857 ὀνόματός
3547 5805 3660 5843 σου.
3711 5789 3821 5843 Kal
3856 5788 3911 5839 ly
3945 5785 4016 5853 τῷ
