4242 6442
275 405 381 470 821

1162 406 1574 467 CERTAMEN
1626 408 1685 467 S.
1732 407 1981 467 BLASII
2040 410 2135 469 ET
2173 408 2581 475 SOCIORUM.

3386 426 3489 491 8‘29.

272 516 452 570 αιπετν
476 513 639 567 αὐτὸν
661 512 760 567 ταῦ
771 531 833 567 τα
849 517 1100 583 παραυτά
1123 516 1532 588 ἀποκατέστησε
1549 516 1642 569 τὸν
1668 518 1833 570 παῖδα

1887 528 2000 581 λοι
2053 521 2342 587 episcopus
2401 521 2628 585 Blasius,
2676 540 2782 580 non
2836 529 3009 583 solum
3063 532 3354 596 Sebastem.
3410 547 3499 593 se!

272 607 407 678 ἣγιῆ
436 608 513 671 ὡς
540 606 601 660 τὸ
630 607 914 678 πρότερον,
942 608 1035 661 καὶ⁵
1066 608 1353 662 ἀπέδωκεν
1376 608 1542 661 αὐτὸν
1565 611 1629 678 τῇ
1667 611 1835 681 μητρὶ

271 699 441 754 αὑτοῦ
465 700 713 769 ἀσιγήτῳ
747 700 975 768 στόματι
1008 699 1265 753 αίνοίντα
1300 702 1393 754 καὶ
1424 699 1712 764 δοξάζοντα
1741 702 1832 754 τὸν

1945 610 2110 663 etiam
2135 612 2401 681 Nicopoli.
2430 614 2555 668 Erat
2589 617 2732 671 enim
2768 620 3019 676 eruditus
3043 624 3205 678 etiam
3242 627 3293 680 in
3327 646 3501 684 ειιιει-

1946 700 2018 755 tia
2059 705 2334 758 medendi.

276 796 431 849 θεόν.
461 794 788 862 Διεσεδόητο
815 793 873 847 δι
902 794 932 847 6
961 793 1055 847 τοῦ
1082 793 1216 847 Θεοῦ
1254 794 1467 862 μάρτυς
1491 796 1586 847 καὶ
1612 779 1910 855 ἐπίσκοπος
1942 794 2167 855 Βλάσιος
2202 800 2259 847 οὐ
2305 801 2464 865 μόνον
2494 802 2548 851 ἐν
2608 804 2669 870 τῇ
2740 804 3058 874 Σεϐαστείᾳ,
3122 809 3256 862 ἀλλὰ
3286 816 3375 864 καὶ
3447 817 3502 865 ἐν

273 889 343 957 τῇ
372 886 670 941 Νικοπόλει
692 901 707 915 '
743 887 1175 956 πεπαιδευμένος
1209 886 1315 957 γάρ
1342 882 1409 957 ἦν
1437 888 1464 940 6
1509 888 1718 957 μάρτυς
1739 889 1833 940 καὶ
1872 888 1967 958 τὴν
2001 889 2249 958 ἰατρικήν
2283 892 2619 961 ἐπιστήμην.

346 982 417 1034 Δ’.
454 981 610 1033 Κατά
638 980 694 1033 δὲ
721 980 819 1050 τὴν
846 981 963 1033 ὁδὸν
995 982 1295 1051 ἐρχομένου
1317 981 1411 1035 τοῦ
1448 981 1604 1048 ἀγίου
1633 981 1829 1051 συνέϐη

273 1075 539 1143 πενιχρᾶς
586 1089 732 1135 τινος
766 1072 1025 1139 γυναικὸς
1076 1073 1171 1126 ἕνα
1221 1075 1406 1143 χοῖρον
1454 1074 1684 1143 ἐχούσης
1737 1074 1833 1127 καὶ

274 1165 446 1233 μηδὲν
505 1164 691 1233 ἓτερον
744 1164 1093 1233 κεκτημένης
1141 1166 1310 1235 αὐτῆς
1363 1166 1683 1234 ἀρπαγῆναι
1731 1165 1834 1219 ὑπὸ

203 1304 211 1308 -
273 1256 443 1309 λύκου
465 1273 481 1289 ο
515 1256 548 1327 ἡ
581 1256 637 1309 δὲ
682 1255 819 1325 γυνὴ
867 1256 1030 1327 πιστὴ
1077 1252 1555 1326 οὖσαπροσῆλθεν
1584 1258 1661 1326 τῷ
1696 1259 1835 1326 ἁγίῳ

279 1349 519 1418 μάρτυρι
550 1350 693 1403 κατά
716 1348 809 1403 τοῦ
851 1349 1037 1419 θηρός.
1083 1350 1142 1403 '0
1186 1350 1243 1404 δὲ
1273 1350 1425 1417 άγιος
1471 1349 1565 1404 τοῦ
1599 1351 1834 1420 Χριστοῦ

272 1442 455 1510 ιεριὺς
483 1443 577 1495 καὶ
617 1442 828 1513 μάρτυς
858 1442 1086 1506 Βλάσιος
1117 1445 1505 1514 ὑπομειδιάσας
1534 1445 1636 1513 ἔφη
1665 1446 1825 1516 αὐτῇ·

267 1533 357 1603 Μὴ
388 1534 581 1597 λυποῦ,
616 1535 800 1602 γύναι,
834 1535 969 1606 μηδι
989 1537 1213 1603 δάκρυε⁶
1254 1538 1688 1593 ἀποκαθίσταται
1721 1538 1829 1608 γάρ

269 1641 358 1679 σοι
383 1625 413 1677 6
453 1628 634 1695 χοῖρος
665 1628 776 1690 ζῶν
806 1629 901 1681 καὶ
930 1628 1195 1697 ἀϐλαϐής.
1236 1629 1339 1684 Καὶ
1380 1632 1577 1701 ἤρχετο
1616 1635 1643 1685 6
1675 1634 1829 1699 ἅγιος

266 1718 361 1770 ἀπὶ
388 1718 487 1786 τῆς
514 1718 633 1771 ὀδοῦ
654 1734 669 1751 ο
700 1720 869 1772 αὑτοῦ
897 1719 954 1772 δὲ
987 1720 1077 1772 ἐπὶ
1106 1720 1205 1790 τὴν
1232 1722 1541 1791 ὁδοιπορίαν
1573 1725 1831 1777 σπεύδον-

266 1826 360 1870 τος
396 1810 424 1862 6
461 1809 624 1873 λύκος
655 1812 868 1880 ἀϐλασῆ
902 1812 1237 1880 διαφυλάξας
1266 1815 1355 1866 τὸν
1390 1817 1591 1885 χοῖρον,
1621 1818 1831 1871 ἀπέδω-

2008 981 2095 1035 ιν.
2133 983 2191 1035 In
2226 984 2421 1037 itinere
2456 1003 2583 1040 vero
2619 988 2960 1056 ingrediente
3011 1006 3222 1057 sancto,
3271 999 3501 1068 contigit

1936 1081 1996 1127 ut
2045 1076 2329 1144 cujusdam
2385 1082 2730 1147 pauperculae
2801 1084 3079 1148 mulieris,
3146 1102 3266 1156 quae
3335 1105 3499 1143 unum

1938 1166 2172 1221 habebat
2221 1184 2444 1238 porcum
2500 1182 2554 1227 et
2611 1175 2745 1228 nihil
2797 1176 2965 1241 aliud,
3026 1195 3225 1246 porcus
3291 1197 3320 1233 a
3375 1184 3502 1249 lupo

1939 1271 2249 1327 raperetur.
2280 1262 2475 1316 Mulier
2507 1277 2712 1331 autem,
2746 1283 2865 1335 qua:
2889 1279 3008 1322 erat
3042 1271 3236 1330 ﬁdelis,
3272 1273 3501 1329 accessit

1940 1352 2006 1405 ad
2039 1362 2287 1407 sanctum
2324 1365 2618 1424 martyrem
2662 1370 2852 1411 contra
2890 1360 3082 1413 feram.
3114 1363 3344 1416 Sanctus
3372 1380 3501 1417 vero

1929 1442 2127 1497 Christi
2204 1448 2459 1501 sacerdos
2515 1457 2569 1502 et
2641 1458 2845 1518 martyr
2906 1450 3120 1505 Blasius
3156 1448 3495 1519 subridens,

1930 1535 2068 1589 dixit
2098 1537 2146 1590 ei
2182 1554 2195 1589 :
2239 1537 2315 1591 Ne
2350 1540 2425 1591 sis
2459 1539 2648 1603 tristis,
2682 1555 2715 1593 ο
2753 1541 2973 1603 mulier,
3008 1558 3107 1596 nec
3151 1544 3489 1614 lacrymeris.

1933 1624 2055 1678 Tibi
2090 1627 2235 1679 enim
2271 1625 2535 1680 reddetur
2575 1642 2772 1695 porcus
2807 1631 2963 1681 vivus
2997 1638 3052 1682 et
3096 1630 3316 1683 illaesos.
3362 1630 3500 1684 San-

1933 1730 2059 1773 ctus
2106 1730 2287 1774 autem
2343 1721 2509 1788 ccepit
2574 1722 2679 1774 iter
2736 1723 2967 1789 ingredi.
3022 1724 3096 1775 Eo
3139 1740 3267 1776 vero
3316 1723 3498 1792 ingre-

1938 1811 2145 1875 diente,
2206 1813 2398 1881 lupus,
2454 1813 2547 1882 qui
2588 1827 2815 1881 porcum
2866 1815 3091 1869 illaesum
3136 1830 3494 1869 conservato-

268 1918 367 1953 κεν
409 1902 570 1956 αὑτὸν
619 1906 682 1974 τῇ
745 1906 891 1973 χήρᾳ
941 1907 1183 1972 γυναικί.
1234 1908 1581 1972 Είσε).θόντος
1632 1910 1688 1963 δὲ
1738 1910 1831 1962 τοῦ

1887 1902 1907 1960 3
1936 1914 2039 1966 rat,
2070 1919 2193 1957 eum
2227 1905 2464 1959 reddidit
2498 1906 2690 1959 viduas.
2732 1907 2978 1975 ingresso
3010 1917 3189 1961 autem
3223 1916 3407 1961 sancto
3441 1907 3492 1959 in

272 1993 429 2059 ἁγίου
464 1994 697 2047 Βλασίου
726 1996 785 2047 έν
809 1999 875 2065 τῇ
916 1998 1251 2066 μητροπόλει
1281 2001 1577 2069 Σεδαστείᾳ
1610 2001 1829 2055 ἐκέλευ-

274 2102 369 2137 σεν
420 2088 447 2138 6
502 2086 727 2154 ἡγεμὼν
768 2088 1121 2155 Ἀγρικόλαος
1164 2090 1429 2160 βληθῆναι
1473 2093 1639 2145 αὑτὸν
1666 2095 1723 2145 ὲν
1763 2096 1829 2163 τῇ

268 2178 510 2246 φυλακῇ.
549 2180 657 2231 Καὶ
703 2182 768 2248 τῇ
815 2178 939 2247 ἑξῆς
985 2181 1215 2244 καθίσας
1251 2185 1343 2235 ἐπὶ
1380 2185 1473 2235 τοῦ
1517 2184 1756 2253 βήματος
1805 2188 1832 2238 6

266 2272 480 2339 ἄρχων,
528 2273 816 2325 ἐκέλευσεν
863 2274 1094 2343 ἀχθῆναι
1123 2275 1214 2326 τὸν
1246 2275 1401 2341 ἀγιον
1434 2276 1680 2330 Βλάσιον.
1724 2275 1829 2329 Τοῦ

265 2364 323 2417 δὲ
358 2368 739 2434 παραστάντος
774 2367 897 2420 ίδὼν
926 2370 1090 2421 αὑτὸν
1118 2370 1144 2421 6
1175 2370 1399 2438 ἡγεμὼν
1439 2370 1643 2438 ἠρξατο
1684 2370 1832 2439 πρῶ-

267 2470 360 2511 τον
392 2458 653 2520 θωπείαις
697 2461 999 2529 κεχρῆσθαι
1044 2462 1179 2530 πρὸς
1209 2462 1392 2530 αὑτὸν,
1425 2461 1518 2513 καὶ
1550 2463 1831 2532 προτέρως

268 2549 429 2601 αὑτὸν
480 2548 784 2611 ἀσπάζεται
832 2550 1005 2614 λέγων
1035 2565 1047 2577 ·
1086 2550 1344 2621 Χαίροις,
1397 2550 1829 2619 προσφιλέστατε

271 2640 488 2701 Βλάσιε,
518 2642 639 2707 φίλε
694 2640 803 2693 τῶν
862 2642 1003 2693 θεῶν
1051 2642 1147 2693 καὶ
1182 2642 1438 2711 ἡμέτερε.
1486 2644 1543 2693 Ὀ
1581 2643 1636 2695 δὲ
1677 2643 1829 2709 άγιος

273 2733 501 2795 Βλάσιος
532 2734 679 2798 λέγει
709 2733 877 2800 αὐτῷ·
908 2734 1135 2803 Χαίροις
1162 2736 1255 2787 καὶ
1288 2737 1374 2798 σὺ,
1413 2736 1673 2805 κράτιστε
1703 2739 1831 2803 ἡγε-

274 2822 412 2892 μών·
441 2825 516 2893 μὴ
546 2824 673 2892 λέγε
701 2824 899 2886 αὐτοὺς
919 2826 1097 2891 θεοὺς,
1120 2826 1258 2879 ἀλλά
1278 2827 1528 2894 δαιμόνια
1550 2827 1831 2894 ἀκάθαρτα

271 2916 361 2969 καὶ
396 2916 631 2985 πονηρά.
668 2918 827 2971 άτινα
854 2918 933 2987 τῷ
956 2921 1159 2987 αίωνίῳ
1188 2919 1280 2971 καὶ
1321 2920 1662 2988 ἀτελευτήτῳ
1694 2920 1829 2987 πυρὶ

273 3008 746 3078 παραδοθήσονται
785 3011 921 3075 μετά
959 3011 1067 3063 τῶν
1096 3012 1402 3079 σεϐομένων
1432 3010 1591 3065 αύτά.
1635 3010 1829 3076 Θυμω-

270 3098 385 3161 θεὶς
437 3099 495 3153 δὲ
538 3102 567 3153 6
615 3098 838 3169 ἡγεμὼν
891 3102 981 3153 ὲπὶ
1033 3103 1243 3165 τούτοις
1294 3103 1548 3155 ἐκέλευσε
1614 3103 1831 3171 ﬁdunt;

1937 1997 2281 2064 metropolim
2334 1997 2673 2057 Sebasteam,
2714 2000 2878 2067 jussit
2930 2015 3130 2068 praeses
3179 2000 3498 2067 Agricolaus

1936 2104 2061 2143 eum
2091 2089 2287 2155 conjici
2324 2089 2376 2141 in
2410 2090 2735 2143 custodiam.
2778 2090 2870 2143 Die
2929 2106 3059 2144 vero
3113 2092 3362 2157 sequenti
3414 2106 3497 2143 se-

1938 2181 2075 2235 dens
2124 2196 2323 2249 praeses
2372 2183 2423 2234 in
2478 2183 2756 2245 tribunali,
2793 2184 2957 2251 jussit
3008 2182 3204 2235 adduci
3249 2191 3493 2236 sanctum

1937 2273 2193 2329 Blasium.
2224 2273 2359 2328 Cum
2415 2278 2461 2328 is
2511 2284 2692 2329 autem
2751 2276 3057 2337 astitisset,
3102 2273 3299 2328 videns
3369 2290 3492 2327 eum

1936 2379 2155 2434 praeses,
2188 2366 2355 2434 coepit
2382 2366 2619 2434 primum
2663 2381 2788 2421 cum
2820 2382 2885 2421 eo
2914 2380 3073 2435 agere
3106 2364 3405 2428 blanditiis,
3442 2377 3493 2420 et

1940 2457 2091 2525 prius
2142 2472 2266 2511 eum
2320 2460 2538 2521 salutat,
2592 2460 2784 2513 dicens
2847 2477 2859 2511 :
2930 2457 3109 2518 Salve,
3175 2456 3493 2511 charissime

1938 2549 2103 2612 Blasi,
2157 2549 2384 2603 deorum
2436 2553 2608 2606 amice
2661 2561 2715 2605 et
2767 2559 2971 2605 noster.
3021 2551 3256 2604 Sanctus
3312 2558 3492 2603 autem

1939 2643 2148 2696 Blasius
2180 2643 2312 2696 dicit
2346 2644 2395 2697 ei
2436 2662 2447 2696 :
2484 2644 2644 2698 Salve
2679 2650 2731 2697 tu
2769 2658 3009 2711 quoque,
3037 2656 3237 2709 prazses
3264 2642 3489 2709 optimc.

1937 2734 2013 2787 Ne
2049 2749 2141 2787 eos
2173 2749 2302 2787 vero
2346 2735 2497 2788 dicas
2542 2736 2694 2798 deos,
2739 2735 2831 2789 sed
2865 2735 3131 2789 dazmonia
3165 2752 3177 2787 :
3210 2749 3328 2801 qua!
3367 2734 3493 2803 qui-

1938 2822 2060 2875 dem
2094 2823 2379 2876 tradentur
2413 2823 2519 2892 igni
2549 2832 2753 2877 πίει·ηο
2789 2839 2913 2877 cum
2950 2824 3036 2882 iis,
3071 2823 3161 2892 qui
3195 2838 3257 2875 ea
3285 2824 3491 2877 colunt.

1939 2917 2032 2971 His
2083 2932 2282 2987 praeses
2343 2919 2421 2972 ira
2478 2917 2739 2985 percitus,
2794 2919 2954 2987 jussit
3009 2933 3133 2971 eum
3185 2920 3493 2987 agrestibus

1938 3008 2148 3063 baculis
2178 3008 2475 3062 verberari.
2519 3008 2704 3062 Multis
2740 3020 2920 3062 autem
2975 3010 3123 3061 horis
3168 3009 3490 3062 verberatus

1940 3106 2145 3169 martyr
2204 3099 2406 3153 Christi
2456 3099 2697 3161 ‘Blasius,
2747 3097 2881 3153 dicit
2938 3097 3152 3164 praesidi
3189 3097 3278 3152 :0
3341 3099 3491 3151 nullo

271 3190 487 3259 ἀγρίοις
517 3191 817 3245 τύπτεσθαι
866 3194 1051 3245 αὐτόν.
1111 3194 1233 3245 Ἐπὶ
1283 3195 1501 3254 πολλαῖς
1552 3194 1608 3245 δὲ
1659 3192 1831 3262 ὥραις

1887 3249 1899 3262 ι
1941 3207 2103 3245 sensu
2148 3190 2374 3259 praedite
2430 3197 2484 3245 et
2526 3190 2788 3258 deceptor
2828 3191 3158 3251 animarum,
3197 3198 3353 3257 putas
3404 3204 3489 3242 me

270 3282 611 3351 τυπτόμενος
640 3285 668 3335 6
712 3282 807 3335 τοῦ
864 3284 1098 3353 Χριστοῦ
1148 3287 1358 3353 μάρτυς
1406 3285 1636 3347 Βλάσιος
1683 3285 1831 3351 λέγει

1887 3288 1901 3308 ¹
1937 3299 2032 3351 per
2067 3292 2157 3337 tua
2190 3292 2458 3337 tormenta
2494 3284 2765 3336 abducere
2792 3298 2819 3335 a
2844 3283 2939 3337 Dei
2970 3282 3073 3336 mei
3109 3282 3492 3335 confessione?

271 3369 408 3438 πρὸς
439 3371 529 3421 τὸν
560 3370 823 3441 ἡγεμόνα·
860 3373 1182 3441 ’Δναίσθητε
1216 3375 1306 3426 καὶ
1336 3373 1522 3443 ψυχῶν
1556 3372 1830 3437 ἀπατεὼν,

269 3464 505 3531 άφιστᾷν
550 3480 616 3530 με
665 3465 905 3533 νομίζεις
953 3466 1041 3517 διὰ
1074 3468 1181 3519 τῶν
1225 3465 1471 3534 βασάνων
1504 3483 1615 3525 σου⁴
1641 3475 1703 3517 εκ
1734 3468 1833 3534 τῆς

1938 3373 2043 3428 Sed
2086 3390 2190 3428 non
2224 3385 2395 3443 potes.
2437 3373 2622 3428 Habeo
2652 3374 2799 3427 enim
2843 3374 3025 3428 Jesum
3058 3373 3357 3439 Christum,
3396 3376 3487 3442 qui

1939 3482 2023 3521 me
2059 3468 2401 3521 corroborat.
2435 3467 2510 3521 De
2556 3476 2754 3520 caetero
2788 3466 2873 3521 fac
2906 3466 3054 3536 quod
3088 3467 3347 3521 volueris.

268 3556 364 3608 τοῦ
403 3554 538 3608 Θεοῦ
574 3573 678 3624 μου
711 3556 1183 3626 ὁμολογίας.“Αλλ“
1214 3560 1274 3612 ού
1303 3560 1559 3613 δύνασαι·
1593 3560 1700 3628 ἔχω
1727 3558 1832 3628 γάρ
1872 3559 1963 3613 τὸν
2008 3560 2409 3628 ὲνδυναμοῦντά
2448 3577 2515 3628 με
2569 3559 2776 3629 Ἰησοῦν
2811 3561 3065 3629 Χριστόν.
3153 3560 3225 3612 Τὸ
3308 3559 3493 3611 λοιπον

270 3649 413 3701 ποίει
445 3649 472 3700 ὃ
504 3648 701 3705 βούλει.

343 3740 522 3805 82³ος
551 3741 608 3794 δὲ
641 3743 741 3796 ούκ
778 3744 995 3813 ίσχυσεν
1022 3750 1046 3797 ὁ
1084 3746 1440 3809 ἀσεϐέστατος
1476 3751 1697 3817 ἡγεμὼν
1734 3769 1825 3818 με-

268 3834 535 3901 ταστῆσαι
575 3834 737 3887 αὑτὸν
768 3835 873 3887 ἀπὸ
909 3836 1001 3903 τῆς
1028 3840 1085 3889 ὲν
1116 3836 1335 3907 Χριστῷ
1371 3840 1628 3907 πίστεως,
1665 3844 1825 3895 πάλιν

269 3928 561 3977 ἀκέλευσεν
598 3926 976 3996 ἀπενεχθῆναι
1023 3931 1183 3984 αὑτὸν
1227 3934 1285 3986 ὲν
1323 3933 1399 4001 τῷ
1445 3935 1826 4004 δεσμωτηρίῳ.

267 4018 541 4073 Μαθοῦσα
568 4019 624 4072 δὲ
673 4021 705 4089 ἡ
742 4021 968 4089 εὐσεϐὴς
1024 4021 1195 4091 γραῦς
1230 4025 1319 4076 καὶ
1367 4026 1511 4093 χήρα
1541 4027 1677 4093 γυνὴ
1733 4026 1828 4096 τὴν

273 4110 574 4179 καρτερίαν
616 4112 708 4161 καὶ
762 4111 1038 4180 ὑπομονὴν
1091 4112 1181 4164 τοῦ
1221 4114 1377 4180 άγίου
1435 4117 1828 4187 ίερομάρτυρος

271 4202 506 4253 Βλασίου
536 4202 629 4254 καὶ
664 4202 764 4271 τὴν
794 4203 1039 4271 ἑμμονὴν
1073 4206 1174 4271 τῆς
1211 4207 1442 4269 πίστεως
1475 4207 1664 4273 αὐτοῦ,
1699 4208 1833 4275 σφά-

272 4293 409 4358 ξασα
438 4294 530 4346 τὸν
558 4295 737 4363 χοῖρον
763 4294 822 4346 6v
853 4295 1097 4348 ἀπέλαϐε
1126 4298 1275 4365 παρά
1306 4298 1400 4350 τοῦ
1428 4298 1596 4367 θηρὸς
1623 4299 1710 4352 διὰ
1735 4300 1831 4367 τῆς

266 4386 369 4439 τοῦ
426 4386 584 4452 ἀγίου
637 4387 913 4456 μάρτυρος
969 4388 1257 4457 ἐπιταγῆς,
1308 4389 1400 4443 καὶ
1453 4390 1702 4459 ἑψήσασα
1734 4392 1832 4461 τὴν

269 4479 515 4548 κεφαλὴν
547 4479 637 4532 καὶ
673 4480 797 4541 τοὺς
834 4479 1023 4543 πόδας,
1065 4482 1159 4534 καὶ
1203 4481 1439 4551 βαλοῦσα
1474 4484 1533 4535 ὲν
1560 4486 1828 4553 κανισκίῳ

268 4573 339 4623 ἑκ
377 4570 484 4623 τῶν
532 4570 865 4641 σπερμάτων
910 4576 1007 4638 τῆς
1039 4574 1143 4641 γῆς
1188 4573 1281 4627 καὶ
1326 4574 1527 4645 ἑτέρων
1571 4576 1735 4629 τινῶν
1763 4579 1827 4630 ἐκ

266 4664 369 4730 τῆς
420 4663 611 4726 πενίας
660 4664 833 4734 αὐτῆς
866 4666 1003 4733 μετά
1050 4667 1145 4721 καὶ
1196 4666 1438 4738 ὀπώρας,
1495 4669 1702 4740 κηρούς
1763 4688 1823 4723 τε

268 4757 457 4823 ἅψασα
512 4758 853 4824 προσήνεγκε
899 4759 976 4827 τῷ
1026 4759 1165 4827 άγίῳ
1210 4760 1446 4830 μάρτυρι
1499 4765 1555 4815 ὲν
1600 4764 1666 4831 τῇ
1720 4781 1822 4832 φυ-

266 4848 434 4915 λακῇ,
465 4849 557 4898 καὶ
591 4848 932 4913 προσέπεσεν
958 4848 1106 4916 αὐτῷ
1127 4849 1358 4917 δεομένη
1390 4853 1480 4903 καὶ
1512 4853 1825 4906 ίκετεύουσα

275 4938 605 5006 μεταλαϐεῖν
645 4939 702 5003 ἐξ
729 4937 928 4991 αὐτῶν.
963 4939 1377 5010 Εὑχαριστήσας
1408 4942 1464 4993 δὲ
1495 4945 1522 4995 6
1551 4943 1704 5008 ᾶγιος
1733 4944 1826 4997 τοῦ

270 5029 508 5098 Χριστοῦ
569 5032 900 5099 ίερομάρτυς
941 5030 1171 5093 Βλάσιος
1229 5034 1322 5084 καὶ
1388 5033 1706 5101 μεταλαϐὼν
1769 5036 1827 5100 ἐξ

268 5119 451 5172 αὐτῶν
478 5118 773 5186 εὐλόγησεν
823 5119 995 5186 αὐτὴν
1041 5120 1132 5173 καὶ
1185 5120 1283 5174 εἷθ’
1323 5123 1494 5185 οὕτως
1528 5126 1828 5179 ἐνετείλατο

269 5214 411 5279 αὐτῇ
438 5212 639 5277 λέγων’
672 5210 855 5275 Γύναι,
886 5212 1059 5281 τούτῳ
1090 5212 1166 5282 τῷ
1198 5217 1434 5284 σχήματι
1463 5218 1699 5270 ἐπιτέλει
1731 5219 1828 5289 τὴν

277 5304 497 5372 μνήμην
540 5321 663 5371 μου,
698 5304 788 5356 καὶ
818 5304 874 5356 ού
927 5307 999 5373 μὴ
1038 5306 1262 5379 ἐκλείψῃ
1310 5310 1371 5362 ἐκ
1416 5309 1508 5362 τοῦ
1554 5314 1700 5366 οἴκου
1732 5330 1821 5365 σου

272 5395 604 5463 ἀγαθωσύνη
638 5398 787 5449 πᾶσα
820 5398 970 5464 παρά
1004 5399 1099 5450 τοῦ
1144 5400 1278 5452 Θεοῦ
1328 5418 1450 5466 μου,
1490 5402 1624 5455 ἀλλά
1657 5404 1750 5456 καὶ
1781 5404 1835 5455 εἴ

272 5503 357 5546 τις
399 5484 735 5553 μιμούμενός
784 5505 840 5539 σε
891 5489 1066 5558 τούτῳ
1098 5491 1172 5559 τῷ
1220 5492 1404 5559 τρόπῳ
1456 5493 1699 5546 ἐπιτελεῖ
1731 5493 1829 5562 τὴν

277 5578 501 5646 μνήμην
536 5594 658 5644 μου,
694 5577 1047 5632 ἀνέκλειπτον
1074 5566 1183 5646 ἔξει
1226 5582 1326 5652 τὴν
1359 5585 1508 5654 παρά
1555 5582 1647 5639 τοῦ
1693 5586 1827 5638 Θεοῦ

276 5681 378 5731 po;
413 5667 621 5732 δωρεὰν
662 5667 755 5717 καὶ
799 5670 1051 5736 εὐλογίαν
1085 5672 1263 5734 πάσας
1316 5675 1414 5735 τὰς
1467 5675 1680 5743 ἡμέρας
1730 5677 1828 5743 τῆς

274 5756 417 5822 ζωῆς
460 5757 643 5809 αὑτοῦ.
699 5759 803 5809 Καὶ
839 5762 868 5827 ἡ
906 5764 1001 5828 μὲν
1052 5764 1205 5833 τιμία
1240 5767 1331 5819 καὶ
1378 5766 1618 5837 μακαρία
1656 5770 1825 5837 γραῦς

350 5874 361 5902 ¹
408 5872 597 5929 Matth.
629 5892 769 5938 λιιι,
805 5877 865 5931 l3

2007 3745 2067 3798 V.
2107 3744 2241 3797 Cum
2270 3751 2448 3795 autem
2479 3756 2583 3795 non
2618 3741 2880 3809 potuisset
2912 3742 3109 3809 impius
3142 3756 3340 3810 ιιι-ωερε
3364 3757 3486 3795 eum

1934 3854 1962 3890 a
1998 3836 2099 3889 lide
2131 3835 2425 3897 abducere,
2460 3837 2621 3905 jussit
2650 3851 2774 3890 eum
2813 3853 3003 3891 rursus
3037 3838 3160 3891 duci
3220 3837 3270 3890 in
3303 3852 3487 3891 carce-

1936 3942 2069 3980 rem.
2100 3926 2235 3981 Cum
2262 3941 2392 3980 vero
2418 3927 2718 3994 accepisset
2748 3929 2835 3995 pia
2867 3944 3004 3981 anus
3033 3939 3087 3981 et
3122 3930 3281 3981 vidua
3312 3930 3485 3981 sancti

1936 4019 2187 4095 martyris
2236 4018 2396 4072 Blasii
2432 4018 2799 4081 tolerantiam,
2825 4029 2880 4073 et
2914 4020 3032 4088 ejus
3061 4018 3183 4072 lidei
3232 4028 3486 4071 constan-

1937 4112 2085 4176 tiam,
2124 4126 2246 4164 cum
2283 4111 2568 4163 occidisset
2625 4126 2872 4177 porcum,
2904 4125 3068 4179 quem
3116 4127 3143 4163 α
3185 4111 3295 4165 fera
3333 4126 3487 4164 ιιι-(τοο

1936 4210 2094 4272 perat
2139 4202 2291 4269 jussu
2321 4201 2495 4254 sancti
2545 4204 2821 4269 martyris,
2862 4211 2917 4257 et
2948 4202 3183 4257 coxisset
3229 4211 3392 4271 caput
3432 4212 3486 4257 et

1937 4294 2122 4362 pedes,
2148 4302 2200 4368 et
2230 4294 2281 4345 in
2315 4293 2612 4346 canistrum
2640 4294 2859 4361 jecisset
2880 4309 2945 4347 ex
2972 4295 3276 4349 seminibus
3304 4304 3482 4356 terrm,

1938 4396 1992 4439 et
2028 4385 2303 4452 aliquibus
2328 4383 2447 4436 aliis
2481 4399 2545 4436 ex
2572 4398 2669 4437 sua
2704 4393 3018 4452 paupertate
3044 4398 3165 4436 cum
3190 4384 3479 4446 fructibus,

1936 4491 2232 4545 cereosquc
2292 4477 2649 4539 accendisset,
2682 4476 2861 4530 attulit
2894 4477 2959 4529 ad
2990 4486 3234 4531 sanctum
3284 4486 3483 4548 marty-

1935 4586 2048 4624 rem
2082 4571 2135 4624 in
2176 4568 2502 4633 custodiam,
2553 4579 2607 4623 et
2648 4568 2879 4636 procidit
2927 4569 2991 4621 ad
3018 4570 3136 4637 ejus
3177 4569 3361 4637 pedes,
3395 4586 3481 4623 ro-

1930 4678 2061 4733 gans
2091 4673 2149 4717 ut
2171 4679 2235 4717 ex
2273 4664 2354 4716 eis
2381 4670 2639 4716 sumeret.
2676 4662 2809 4716 Cum
2847 4664 3047 4730 gratias
3076 4671 3255 4715 autem
3286 4663 3484 4732 egisset

1932 4766 2174 4815 smctus.
2204 4766 2258 4809 et
2287 4770 2351 4808 ex
2388 4756 2469 4808 eis
2500 4754 2840 4822 sumpsisset,
2900 4764 2951 4808 et
3004 4755 3305 4818 benedixit,
3340 4767 3394 4809 et
3432 4760 3482 4809 ei

1936 4849 2232 4911 mandavit,
2276 4849 2506 4902 dicens:
2544 4849 2761 4912 Mulier,
2803 4849 2857 4901 in
2896 4849 2996 4901 hoc
3049 4846 3233 4900 habitu
3284 4861 3481 4915 perage

1939 4943 2042 4995 mei
2073 4940 2672 5001 commemorationem,
2731 4948 2781 4993 et
2816 4939 2869 4991 in
2901 4940 3063 4991 domo
3097 4945 3187 4991 tua
3231 4955 3337 4991 non
3384 4939 3481 4993 dea

1887 5016 1895 5026 ’
1936 5033 2081 5089 ﬁciet
2112 5047 2271 5087 omne
2325 5032 2526 5085 bonum
2561 5047 2586 5083 τι
2622 5033 2729 5083 Deo
2767 5043 2905 5082 meo.
2950 5028 3054 5083 Sed
3095 5038 3149 5082 et
3184 5029 3228 5083 si
3264 5029 3389 5096 quis
3434 5038 3483 5082 te

1937 5124 2039 5178 hoc
2072 5122 2233 5176 modo
2267 5122 2504 5180 imitans,
2554 5121 2657 5173 mei
2703 5118 2973 5186 peregerit
3009 5117 3485 5169 commemoratio-

1937 5233 2083 5279 nem,
2138 5215 2356 5269 hahebit
2411 5230 2440 5267 a
2491 5215 2598 5266 Deo
2652 5227 2772 5266 meo
2802 5219 3126 5278 perpetuum
3177 5202 3391 5262 donum
3430 5221 3483 5263 et

1934 5305 2369 5360 benedictionem
2399 5304 2655 5357 omnibus
2683 5301 2875 5354 diebus
2902 5301 3027 5353 vitae
3060 5315 3188 5354 sum.
3229 5299 3293 5352 Et
3319 5314 3485 5353 vene-

1929 5399 2096 5452 randa
2135 5397 2355 5466 quidem
2386 5396 2472 5449 illa
2505 5405 2559 5447 et
2588 5396 2741 5447 beata
2792 5408 2947 5453 anus,
2977 5401 3201 5458 accepto
3230 5392 3481 5444 mandato

1931 5506 1957 5544 a
1990 5498 2174 5543 sancto
2200 5499 2438 5558 martyre
2477 5488 2669 5545 Blasio,
2708 5485 2874 5537 Deum
2908 5482 3155 5541 laudans,
3196 5483 3329 5535 abiit
3363 5483 3480 5537 laeta

1934 5586 1986 5637 in
2037 5585 2257 5637 domum
2308 5598 2479 5635 suam.
2541 5589 2592 5633 c-t
2656 5579 2873 5646 impleta
2925 5577 3024 5629 fuit
3078 5577 3126 5629 in
3174 5576 3274 5628 hac
3324 5577 3479 5628 beata

1931 5676 2093 5729 vidua
2128 5674 2428 5742 Scriptura,
2451 5688 2569 5740 qua:
2591 5672 2722 5724 dicit
2747 5685 2759 5723 :
2788 5688 2803 5718 ι
2835 5668 3056 5722 Dicetur
3085 5668 3306 5737 ubique,
3336 5666 3476 5735 quod

1929 5769 2056 5823 fet-it
2094 5770 2228 5839 ipsa,
2265 5768 2327 5821 ad
2359 5769 2474 5837 ejus
2521 5766 2833 5821 memoriam
2932 5783 2948 5813 ›
