4242 6442
799 360 904 429 823

1944 374 2324 438 ΑοῡὲοζΝῡΑ.
2354 406 2417 416 -
2458 384 2971 456 FEBRUARIUS.

3922 402 4039 466 εει

807 474 985 542 ’κείνη
1010 474 1254 589 λαϐοῦρα
1298 477 1397 589 τήν
1435 480 1656 588 ἐντολὴν
1696 486 1842 554 παρά
1877 487 1966 539 τοῦ
2005 489 2162 554 άγίου
2243 493 2638 566 ίερομάρτυρος
2701 503 2934 561 Βλασίου
2973 509 3274 576 δοξάζουσα
3329 512 3421 566 τὸν
3488 513 3623 567 θεὸν
3669 515 3836 586 ἀπῄει
3911 521 4041 589 χαί-

801 581 968 677 ρουσα
1007 567 1101 619 ἐπὶ
1145 567 1238 622 τὸν
1267 565 1416 676 οἶκον
1442 574 1635 677 αὐτῆς,
1673 580 1762 629 καὶ
1807 579 2101 650 ἀπληρώθη
2152 583 2244 634 καὶ
2271 585 2347 639 τάν
2389 565 2562 659 ταύτῂ
2591 596 2657 663 τῇ
2684 600 2849 669 πιστῇ
2881 601 3029 671 χήρᾳ
3045 565 3092 673 ⁷ή
3111 565 3316 676 ,Γραφή
3346 608 3380 677 ή
3406 565 3641 676 λέγουσα
3670 565 3836 664 '67:"
3860 628 3882 662 ε

798 655 1092 724 ληθήσεται
1132 664 1408 732 πανταχοῦ
1437 666 1464 718 ὃ
1491 667 1746 736 έποίησεν
1779 670 1917 741 αῦτη
1952 675 2030 736 είς
2067 676 2414 744 μνημόσυνον
2452 655 2656 750 αὑ·έῆςῖ
2681 705 2700 739 ι

864 750 953 805 Vl.
989 751 1278 823 Tyrannus
1321 767 1504 813 autem
1563 776 1688 815 cum
1735 765 1979 819 secundo
2030 782 2352 837 progressus
2381 775 2424 831 Α

798 841 1030 899 sedisset
1062 844 1116 898 in
1153 847 1438 913 tribunali,
1478 851 1640 919 jussit
1670 854 1866 910 adduci
1901 857 1994 912 Dei
2034 868 2352 930 martjrem.

799 934 918 1000 Quo
940 935 1200 1004 adducto,
1233 941 1364 996 dicit
1385 942 1435 996 ei
1465 958 1666 1014 praeses
1698 965 1711 1000 :
1748 947 1910 1012 Blasi,
1963 949 2144 1005 diisne
2184 951 2356 1006 sacri-

799 1025 954 1091 ﬂeas.
989 1047 1056 1085 an
1089 1033 1168 1088 vis
1203 1035 1340 1090 male
1371 1039 1593 1107 perire?
1637 1041 1781 1095 Dixit
1824 1055 2044 1099 sanctus
2095 1045 2306 1101 Blasius
2337 1063 2352 1100 :

801 1119 910 1186 Dii,
942 1124 1036 1192 qui
1081 1126 1281 1181 cmlum
1313 1138 1368 1184 et
1406 1141 1607 1186 terram
1644 1150 1752 1188 non
1790 1135 2060 1200 fecerunt,
2105 1147 2354 1207 pereant.

800 1214 972 1278 Quam
998 1225 1052 1271 tu
1079 1228 1260 1275 autem
1293 1223 1424 1278 mihi
1460 1226 1684 1281 minaris
1715 1238 1967 1291 mortem,
2009 1245 2071 1284 ea
2120 1231 2251 1284 mihi
2277 1231 2357 1285 vi-

803 1311 910 1357 tam
941 1314 1198 1363 aeternam
1230 1312 1566 1368 conciliabit.
1595 1316 1800 1371 Praeses
1826 1334 1953 1373 vero
1979 1335 2103 1374 cum
2131 1320 2358 1376 vidisset

797 1395 916 1464 ejus
948 1397 1106 1453 [idem
1140 1401 1556 1471 immutabilem,
1581 1410 1740 1478 jussit
1771 1425 1898 1464 eum
1947 1411 2002 1465 in
2047 1412 2191 1482 ligno
2235 1429 2357 1468 sns-

799 1504 1027 1556 pensum
1062 1493 1193 1548 caedi
1241 1497 1614 1554 vehementer.
1657 1501 1791 1557 Cum
1841 1504 1932 1558 diu
1968 1508 2148 1560 autem
2183 1506 2357 1561 cede-

803 1589 953 1634 retur
983 1595 1186 1654 martyr
1235 1587 1330 1642 Dei
1381 1589 1609 1654 Blasius,
1651 1593 1788 1647 dicit
1819 1594 1946 1649 duci
1978 1614 1992 1649 :
2023 1599 2066 1652 0
2104 1597 2270 1667 impie
2301 1609 2357 1655 et

804 1670 1014 1740 inique,
1047 1685 1279 1742 putasne
1317 1695 1400 1734 me
1449 1692 1654 1737 terrere
1685 1686 1900 1755 plagis?
1945 1687 2129 1744 Habeo
2168 1689 2353 1745 Jcsum

797 1763 1096 1830 Christum,
1138 1771 1232 1840 qui
1281 1787 1369 1828 me
1419 1775 1757 1839 corroborat.
1788 1787 1844 1832 et
1891 1794 1997 1834 non
2030 1781 2199 1838 timeo
2241 1796 2352 1848 tua,

803 1873 926 1925 qua
958 1860 1234 1928 videntur,
1270 1874 1559 1931 tormenta,
1593 1869 1866 1939 aspiciens
1914 1873 1980 1926 ad
2018 1873 2180 1938 bona,
2234 1891 2356 1944 qua

800 1962 1354 2026 evspectantur,quae
1410 1969 1537 2013 sunt
1585 1963 1854 2030 promissa
1907 1965 1994 2029 iis,
2041 1968 2133 2035 qui
2179 1967 2354 2036 ipsum

800 2054 1073 2106 quaerunt.
1109 2045 1442 2125 Tuncjussit
1467 2069 1664 2120 prcses
1689 2070 1814 2108 eum
1843 2055 1910 2110 de
1938 2056 2086 2125 ligno
2129 2058 2349 2127 deponi.

797 2131 936 2188 Cum
983 2136 1175 2194 fuisset
1232 2151 1412 2196 autem
1447 2144 1747 2212 depositus,
1775 2147 1936 2216 jussit
1982 2163 2106 2202 eum
2161 2166 2350 2206 rursus

799 2223 998 2292 conjici
1040 2226 1094 2280 in
1130 2231 1457 2286 custodiam.
1495 2233 1634 2288 Cum
1691 2251 1821 2290 vero
1879 2237 2246 2294 abduceretur
2293 2240 2349 2294 in

800 2317 1105 2371 custodiam
1159 2331 1381 2379 sanctus
1433 2336 1638 2396 martyr
1681 2327 1910 2392 Blasius,
1964 2344 2092 2385 ecce
2142 2340 2347 2399 septem

802 2404 1062 2462 mulieres
1087 2409 1187 2477 pia:
1217 2415 1552 2471 et.timentes
1579 2417 1771 2481 Deum,
1807 2435 1932 2474 eum
1957 2420 2348 2488 sequebantur.

799 2499 1132 2568 excipientes
1171 2506 1513 2575 sanguinem,
1550 2511 1641 2579 qui
1682 2526 1749 2565 ex
1793 2514 1913 2581 ipso
1939 2512 2261 2579 distillabat,
2296 2523 2352 2570 et

801 2591 1008 2660 seipsas
1053 2608 1340 2662 tingentes.
1382 2598 1527 2666 Quas
1555 2617 1679 2656 cum
1733 2602 2002 2659 vidissent
2048 2605 2272 2660 lictores
2295 2614 2352 2661 et

801 2683 1318 2751 appreltendissent,
1369 2689 1644 2745 duxerunt
1694 2692 1759 2747 ad
1811 2694 2123 2762 prasidem,
2172 2696 2224 2751 ei
2267 2696 2351 2752 di-

802 2783 991 2830 centes
1033 2793 1047 2831 :
1091 2777 1184 2832 He
1233 2795 1452 2850 quoque
1513 2793 1642 2839 sunt
1687 2786 2028 2844 Christianae.
2080 2789 2213 2845 Cum
2258 2805 2352 2846 eas

803 2877 987 2921 autem
1034 2884 1237 2938 praeses
1269 2872 1516 2936 vidisset,
1564 2875 1698 2931 dicit
1723 2877 1804 2932 eis
1837 2897 1851 2932 :
1884 2881 2350 2948 Persuadeamini,

806 2968 863 3012 et
894 2960 999 3016 diis
1025 2964 1352 3030 sacriﬁcate,
1387 2975 1448 3020 ut
1483 2983 1709 3038 magnos
1739 2971 1974 3029 honores
1993 2987 2022 3025 a
2050 2988 2135 3029 me
2163 2988 2354 3029 conse-

805 3053 1073 3119 quaminl.
1107 3056 1444 3113 Veneranda:
1479 3051 1613 3114 vero
1640 3071 1696 3116 et
1724 3072 1923 3118 sancta:
1964 3065 2222 3122 mulieres
2249 3067 2354 3122 illa

805 3145 1222 3214 respondentes,
1273 3150 1530 3205 dixerunt
1575 3153 1625 3207 ei
1664 3170 1678 3206 :
1715 3152 1771 3207 Si
1806 3155 1910 3218 vis,
1953 3170 1986 3209 ο
2025 3171 2247 3224 praeses,
2295 3166 2354 3213 ut

803 3236 912 3291 diis
947 3237 1056 3292 tuis
1086 3240 1476 3305 sacriﬁcemus.
1512 3258 1703 3298 eamus
1735 3260 1906 3314 prope
1936 3246 2111 3301 lacum
2151 3265 2163 3302 :
2210 3257 2265 3304 et
2296 3257 2351 3303 tu

803 3329 1024 3397 quidem
1049 3331 1280 3388 immitte
1304 3337 1435 3390 deos
1453 3344 1575 3391 tuos
1597 3336 1649 3389 in
1673 3351 1910 3401 saccum,
1936 3349 1991 3393 et
2010 3355 2106 3396 eos
2131 3341 2354 3408 plumbo

2525 777 2615 843 CT.
2664 780 2722 834 '0
2763 783 3108 856 διτύραννος
3158 789 3217 842 έν
3261 777 3504 862 δευτέρα
3530 793 3740 864 προόδῳ
3785 793 4038 858 καθίσας

2457 865 2551 921 ἐπὶ
2583 868 2692 934 ,τοῦ
2746 873 2994 945 βήματος
3035 880 3324 934 δκέλευσεν
3355 882 3590 953 ἀχθῆναι
3629 886 3720 938 τὸν
3753 881 3850 939 τοῦ
3882 883 4034 940 Θεοῦ

2457 960 2736 1033 μάρτυρα.
2780 966 3063 1037 Ἀχθέντος
3080 971 3134 1025 δδ
3157 972 3325 1027 αὐτοῦ
3355 973 3503 1042 λέγει
3534 977 3684 1047 αὐτῷ
3710 979 3737 1031 6
3769 979 4029 1049 ήγεμών·

2454 1053 2676 1121 Βλάσιε,
2733 1059 2886 1138 ¹θύεις
2940 1065 3054 1127 τοῖς
3089 1064 3233 1127 θεοῖς
3289 1067 3322 1137 ἢ
3367 1067 3543 1131 θέλεις
3596 1071 3789 1132 κακῶς
3820 1071 4032 1124 ἀπολέ-

2457 1146 2618 1215 σθαις
2666 1150 2726 1204 '0
2762 1151 2919 1221 ἀγιος
2951 1153 3181 1220 Βλάσιος
3195 1153 3351 1213 εἶπεν
3371 1176 3387 1191 ο
3431 1161 3553 1214 Θεοί
3585 1161 3635 1214 οἶ
3664 1162 3757 1214 τδν
3783 1165 4030 1229 οὐρανὸν

2455 1240 2548 1293 καὶ
2571 1242 2670 1313 τήν
2691 1244 2808 1313 ῖγῆν
2837 1246 2936 1300 οὐκ
2967 1247 3233 1318 δποίησαν
3275 1251 3798 1308 ἀπολέσθωταν.’ον
3833 1253 3897 1306 δὶ
3935 1255 4030 1318 σὺ,

2454 1331 2706 1401 τύραννε,
2739 1337 2984 1402 ἀπειλεῖς
3032 1357 3121 1408 μοι
3155 1341 3405 1408 θάνατον,
3456 1342 3601 1412 ζωῆς
3623 1345 3852 1396 αίωνίου
3891 1345 4030 1413 πρό-

2457 1421 2606 1488 ξενός
2649 1442 2740 1492 μοι
2766 1431 3078 1498 γενήσεται.
3120 1430 3177 1484 Ὀ
3205 1432 3262 1484 δὲ
3331 1433 3560 1504 ήγεμὼν
3589 1434 3937 1503 θεασάμενος
3965 1437 4030 1486 τὸ

2455 1513 2792 1582 ἀμετάθετον
2820 1519 2984 1573 αὐτοῦ
3025 1521 3126 1589 τῆς
3155 1522 3388 1586 πίστεως
3417 1524 3704 1580 ἀκέλευσεν
3725 1526 3896 1578 αὐτὸν
3931 1527 4028 1578 ιπι

2454 1606 2548 1659 τοῦ
2585 1605 2742 1671 ξύλου
2781 1613 3160 1680 ἀναρτηθέντα
3205 1614 3423 1680 emam
3459 1618 3711 1680 εὐτόνως.
3747 1618 4027 1687 Ξεόμενος

2456 1698 2512 1751 δὲ
2538 1703 2566 1753 6
2591 1701 2686 1754 τοῦ
2717 1703 2850 1756 Θεοῦ
2882 1705 3096 1775 μάρτυς
3140 1707 3368 1772 Βλάσιος
3405 1710 3498 1762 ἀπὶ
3549 1710 3711 1772 πολὺ,
3744 1711 3898 1777 λέγει
3947 1709 4027 1779 τῷ

2456 1792 2709 1861 ήγεμόνιο
2735 1790 2805 1848 Ὦ
2828 1798 3156 1852 ἀσεϐέστατε
3195 1802 3288 1854 καὶ
3319 1802 3630 1870 παράνομε.
3666 1801 3918 1868 νομίζεις
3957 1819 4025 1870 με

2456 1885 2693 1953 πληγαῖς
2715 1891 3083 1955 καταπτοεῖνς
3113 1891 3263 1960 Ἐχω
3298 1892 3508 1961 Ἰησοῦν
3537 1891 3772 1964 Χριστὸν
3799 1895 4027 1948 ένδυνα-

2460 1973 2664 2042 μοῦντά
2697 1993 2785 2045 με,
2833 1979 2925 2031 καὶ
2968 1978 3029 2032 οὐ
3083 1980 3358 2050 φοϐοῦμαι
3407 1999 3504 2035 σου
3531 1983 3634 2043 τάς
3677 1981 4028 2051 βλεπομένας

2382 2101 2428 2161 Β
2459 2065 2750 2134 βασάνους,
2782 2069 3108 2124 ἀποϐλέπων
3139 2073 3220 2134 είς
3265 2074 3332 2126 τά
3359 2074 3790 2144 προσδοκώμενα
3835 2074 4027 2141 ἀγαθά

2456 2159 2523 2212 τά
2555 2159 2944 2230 ἀπηγγελμένα
3002 2165 3115 2226 τοῖς
3148 2163 3310 2217 αὐτὸν
3343 2164 3686 2235 έκξητοῦσιν.
3733 2167 3869 2219 Τότε
3899 2167 4024 2219 ἐκέ-

2457 2253 2649 2305 λευσεν
2700 2254 2729 2306 6
2785 2253 3012 2321 ἡγεμὼν
3069 2257 3464 2326 κατενεχθῆναι
3528 2257 3692 2311 αὐτὸν
3754 2258 3866 2310 ἀπὸ
3925 2258 4023 2311 τοῦ

2454 2342 2636 2408 ξύλου.
2692 2345 3120 2414 Κατενεχθέντος
3171 2346 3226 2399 δὲ
3285 2349 3451 2402 αὐτοῦ
3533 2349 3697 2403 πάλιν
3767 2350 4026 2402 εκέλευεν

2457 2434 2620 2488 αὐτὸν
2651 2433 2916 2506 βληθῆναι
2945 2437 3001 2490 έν
3027 2440 3091 2508 τῇ
3135 2437 3374 2509 φυλακή.
3421 2440 3803 2509 ’Δπαγομένου
3827 2441 3887 2494 δι
3927 2438 4023 2494 τοῦ

2456 2526 2614 2594 ἀγίου
2672 2527 3062 2600 ίερομὰρτυρος
3111 2530 3339 2584 Βλασίου
3402 2533 3461 2584 ιν
3505 2533 3571 2600 τῇ
3631 2533 3869 2600 φυλακῇ,
3912 2531 4022 2584 ίδοὺ

2455 2619 2715 2684 γυναῖκες
2740 2619 2885 2672 ιπτά
2940 2618 3186 2684 εὐσεϐεῖς
3229 2623 3326 2675 καὶ
3374 2621 3706 2691 φοϐούμεναι
3756 2622 3853 2676 τὸν
3885 2624 4023 2676 θεὸν

2456 2708 2781 2776 ἠκολούθουν
2838 2712 3010 2781 αὐτῷ,
3057 2712 3346 2782 δεχόμεναι
3400 2714 3469 2768 τά
3517 2715 3901 2779 ἀποστάζοντα
3961 2716 4022 2782 ιε

2456 2801 2622 2855 αὑτοῦ
2666 2804 2878 2871 αἵματα
2928 2803 3022 2856 καὶ
3075 2804 3275 2868 ἑαυτὰς
3328 2805 3741 2874 ἀπαλείφουσαι.
3801 2806 4021 2872 ταύτας

2457 2893 2636 2946 τοίνυν
2668 2893 2866 2958 ίδόντες
2883 2896 2931 2947 oi
2961 2894 3147 2965 δήμιοι
3168 2895 3265 2959 τάς
3295 2899 3559 2964 γυναῖκας
3580 2899 3674 2951 καὶ
3706 2900 4021 2968 κρατήσαν-

2458 3001 2549 3048 τες
2573 2986 2743 3049 αὐτὰς
2763 2987 3054 3056 ἀπήγαγον
3097 2987 3177 3056 τῷ
3205 2988 3436 3058 ἡγεμόνι
3469 2989 3722 3056 λέγοντες
3753 2991 3908 3059 αὐτῷ
3939 2992 4019 3044 ὃτι

2460 3077 2568 3129 Καὶ
2599 3071 2760 3130 αῦται
2790 3079 3114 3147 Χριστιαναί
3144 3079 3301 3134 είσιν.
3340 3079 3490 3134 Ἰδὼν
3527 3081 3582 3133 δὲ
3613 3082 3783 3144 αὐτὰς
3827 3085 3855 3136 6
3885 3086 4018 3153 ήγε-

2463 3167 2578 3234 μὼν
2613 3166 2760 3236 λέγει
2803 3168 2940 3238 πρὸς
2965 3171 3137 3232 αὐτάς
3159 3185 3174 3201 ·
3206 3171 3495 3239 Πείσθητε.
3533 3172 3624 3226 καὶ
3654 3174 3857 3227 θύσατε
3904 3178 4016 3238 τοῖς

2459 3256 2620 3322 θεοῖς,
2651 3258 2736 3311 ἶνα
2761 3258 2873 3312 ’καὶ
2899 3257 3058 3328 δόξης
3100 3261 3195 3314 καὶ
3238 3259 3430 3328 τιμῶν.
3451 3263 3702 3329 μεγάλων
3746 3264 4016 3333 ἀξιωθῆτε

2462 3349 2588 3418 παρ’
2626 3349 2760 3418 έμοῦ
2800 3351 2920 3403 επεὶ
2952 3351 3172 3420 μέλλετε
3202 3353 3414 3422 πικρῶς
3436 3354 3822 3424 ἀποθνήσκειν.
3855 3357 3922 3410 Δί
3955 3359 4015 3412 ss

805 3423 1029 3491 obsigna
1075 3442 1088 3478 :
1137 3441 1236 3481 nos
1274 3438 1455 3484 autem
1504 3445 1626 3484 cum
1666 3429 2004 3486 abluerimus
2041 3433 2224 3489 vultus
2260 3451 2358 3489 no-
2385 3449 2427 3506 ο
2460 3458 2480 3492 -ι

2341 3449 2427 3506 -c
2460 3441 2638 3507 τίμιαι
2697 3443 2791 3494 καὶ
2841 3443 2998 3510 ἀγιαι
3057 3442 3262 3497 έκεῖναι
3318 3447 3575 3512 γυναῖκες
3632 3423 4016 3514 ἀποκριθεῖσαι

806 3523 950 3568 stros
1001 3515 1053 3568 in
1101 3516 1245 3581 lacu,
1291 3519 1633 3586 accedemus,
1676 3530 1731 3576 et
1777 3523 1858 3577 eis
1904 3523 2352 3580 sacriﬁcabimus.

809 3601 901 3656 llis
954 3603 1160 3660 lutatus
1215 3621 1437 3675 praeses,
1491 3609 1557 3663 ad
1603 3625 1695 3666 eas
1746 3612 1974 3667 adduxit
2023 3613 2156 3670 deos
2205 3631 2352 3671 suos.

807 3693 915 3747 Illae
948 3704 1130 3750 autem
1187 3713 1310 3754 cum
1366 3715 1461 3755 eos
1514 3701 1876 3772 accepissent,
1931 3703 2250 3775 dejecerunt
2299 3718 2354 3762 et

810 3785 1189 3845 clemerserunt
1229 3790 1282 3846 in
1316 3793 1589 3862 profundo
1614 3797 1784 3851 lacus.

2452 3527 2606 3583 εἷπον
2629 3531 2779 3600 αὐτῷ
2799 3548 2812 3564 ·
2845 3531 2906 3585 El
2935 3533 3128 3598 θέλεις,
3160 3527 3204 3587 ὦ
3232 3534 3476 3604 ἡγεμὼν,
3504 3537 3588 3588 ῖνα
3618 3537 3874 3608 θύσωμεν
3905 3543 4017 3604 τοῖς

2453 3621 2596 3684 θεοῖς
2638 3639 2752 3687 σου,
2803 3624 3156 3693 πορευθιῖψεν
3207 3626 3346 3695 ὁμοῦ
3398 3626 3626 3694 ἔγγιστα
3661 3629 3763 3696 τῆς
3796 3627 4013 3698 λίμνης,

2459 3713 2552 3765 καὶ
2599 3713 2662 3764 σὺ
2711 3712 2811 3781 μὶν
2849 3711 2973 3782 βάλε
3005 3715 3132 3776 τοὺς
3185 3713 3339 3777 θεούς
3388 3731 3482 3767 σου
3533 3719 3612 3779 είς
3665 3717 3872 3770 σάκκον
3921 3723 4015 3772 καὶ

2460 3804 2757 3874 σφράγισον
2791 3804 2988 3865 αὐτοὺς
3011 3805 3266 3875 μολίϐδῳ,
3301 3808 3462 3876 ήμεῖς
3492 3808 3552 3860 δὲ
3607 3807 3902 3877 νιψάμεναι
3947 3811 4013 3864 τά

807 3881 1074 3947 πρίσωπα
1101 3883 1256 3953 ήμῶν
1288 3886 1348 3940 ιν
1378 3890 1443 3958 τῇ
1502 3887 1667 3961 λίμνῃ
1713 3888 2097 3960 προσέλθωμεν
2140 3891 2234 3945 καὶ
2285 3891 2530 3964 θύσωμεν
2558 3897 2764 3957 αὐτοῖς.
2826 3896 3011 3951 Ταῦτα
3041 3897 3278 3961 ἀκούσας
3344 3901 3375 3953 6
3414 3899 3637 3968 ήγεμὼν
3703 3902 3800 3954 καὶ
3859 3919 4015 3970 περι-

809 3973 980 4043 χαρὴς
1025 3976 1315 4045 γενόμενος
1365 3982 1734 4050 προσήνεγκεν
1779 3982 1970 4045 αὑταῖς
2022 3985 2147 4047 τοὺς
2194 3983 2349 4050 θεοὺς
2388 3988 2576 4044 αὑτοῦ.
2617 3991 2682 4042 Δί
2710 3989 2767 4042 δι
2809 3989 3070 4043 λαϐοῦσαι
3099 3989 3298 4053 αὐτοὺς
3365 3991 3616 4045 ἀνέϐαλον
3681 3987 4012 4048 statumini-

809 4079 973 4118 σισαι
1007 4067 1088 4131 είς
1110 4068 1200 4121 τὸν
1230 4069 1388 4140 βυθὸν
1416 4072 1514 4139 τῆς
1543 4073 1758 4144 λίμνης.

878 4158 992 4214 Vll.
1043 4160 1177 4217 Cum
1212 4163 1326 4219 hinc
1351 4163 1580 4242 vidisset
1607 4182 1824 4235 prases,
1855 4175 1911 4223 et
1944 4166 2129 4223 furore
2167 4168 2357 4226 fuisset

809 4253 1076 4320 percitus,
1115 4254 1272 4309 valde
1306 4255 1527 4321 rugiens
1558 4258 1699 4312 sicut
1719 4258 1826 4322 leo,
1853 4268 1908 4313 et
1942 4258 2207 4328 plaudens
2238 4276 2355 4314 ma-

809 4345 991 4410 nibus,
1023 4344 1124 4400 fuit
1153 4347 1444 4402 admodum
1478 4349 1649 4403 iratus
1671 4350 1955 4412 militibus.
1986 4362 2042 4406 et
2068 4351 2205 4406 dixit
2232 4353 2312 4407 eis
2338 4371 2352 4406 :

805 4435 850 4491 Ο
875 4436 1096 4506 pessimi
1124 4438 1380 4501 ministri,
1417 4455 1514 4493 cur
1540 4455 1649 4495 non
1683 4441 1815 4496 deos
1850 4441 2178 4508 retinuistis,
2201 4460 2268 4499 ne
2299 4445 2352 4499 in

2529 4174 2609 4227 Z.’
2649 4171 2795 4226 Ἰδὼν
2844 4172 2900 4226 δὲ
2938 4172 3110 4227 ταῦτα
3167 4175 3195 4227 6
3242 4173 3472 4244 ἡγεμὼν
3502 4174 3800 4243 ἡλλοίωσεν
3847 4175 4011 4229 αὐτοῦ

2463 4263 2561 4332 τὴν
2603 4262 2749 4332 δψιν,
2790 4263 2883 4316 καὶ
2917 4262 3165 4332 εμμανής
3213 4263 3502 4332 γενόμενος
3557 4264 3764 4334 σφόδρα
3809 4264 4011 4333 βρύξας

2460 4355 2647 4422 ὥσπερ
2672 4353 2827 4418 λέων,
2851 4355 2944 4408 καὶ
2977 4358 3247 4424 κροτήσας
3271 4354 3368 4417 τάς
3391 4357 3578 4424 χεῖρας
3604 4352 3770 4408 αὐτοῦ
3804 4355 4014 4423 ιθυμώ-

2464 4444 2563 4514 θην
2592 4445 2713 4499 λίαν
2740 4444 2881 4498 κατά
2897 4444 3003 4498 τῶν
3031 4443 3395 4514 στρατιωτῶν,
3427 4444 3522 4497 καὶ
3543 4440 3696 4497 εἶπεν
3719 4461 3734 4476 ·
3758 4440 3830 4497 '0
3858 4446 4013 4498 κάκι-

809 4527 1138 4595 prol‘undum
1165 4529 1316 4585 lacus
1349 4530 1734 4600 injicerentnrl
1755 4531 2162 4603 Respondentes
2178 4543 2357 4589 autem
2393 4525 2435 4581 Β
2467 4555 2484 4591 ι

2337 4550 2357 4587 rt
2393 4525 2435 4581 Β
2467 4555 2582 4591 στοι
2615 4539 2708 4591 καὶ
2740 4536 2905 4592 δεινοὶ
2951 4537 3239 4606 ὑπηρέται,
3267 4536 3354 4590 διά
3387 4537 3440 4590 τί
3470 4537 3530 4590 ού
3558 4537 3856 4606 κατέσχετε
3887 4539 4012 4599 τοὺς

810 4623 1027 4687 milites.
1055 4623 1310 4678 dixerunt
1336 4623 1548 4692 praesidi
1586 4642 1598 4678 :
1627 4623 1670 4680 Ο
1693 4627 1894 4694 optime
1921 4641 2140 4696 praeses,
2174 4627 2358 4680 dolum

811 4715 908 4768 tibi
930 4713 1126 4767 locum
1155 4722 1280 4768 sunt
1309 4717 1387 4768 liae
1407 4715 1683 4779 mulieres,
1715 4717 1917 4771 etdeos
1947 4725 2068 4770 tuos
2090 4717 2359 4772 demerse-

808 4816 956 4860 runt.
975 4803 1083 4859 Nos
1108 4818 1238 4858 vero
1255 4805 1358 4859 hoc
1375 4807 1698 4870 nescientes,
1717 4823 1810 4862 eos
1825 4822 1932 4862 non
1959 4806 2249 4863 tenuimus.
2272 4807 2360 4862 Di-

815 4906 1010 4952 xerunt
1051 4906 1232 4952 autem
1259 4897 1364 4952 illa
1396 4907 1598 4953 sancta:
1629 4909 1683 4953 et
1715 4900 2035 4956 veneranda
2064 4901 2351 4955 mulieres:

813 4993 956 5045 Deus
973 5005 1136 5044 verus
1152 4988 1334 5044 dolum
1355 5004 1460 5044 non
1477 4990 1800 5059 patitur,sed
1817 4991 1978 5046 surda
1997 4992 2138 5061 ligna
2155 5005 2208 5046 et
2222 4991 2357 5060 lapi-

810 5081 928 5142 des.
959 5089 1015 5136 et
1037 5095 1233 5134 aurum
1258 5088 1312 5134 et
1331 5090 1928 5149 argentum,etomnes,
1959 5084 2050 5150 qui
2078 5081 2359 5136 conﬁdunt

812 5177 865 5230 in
897 5174 995 5230 eis.
1029 5172 1182 5227 Tunc
1199 5174 1380 5227 furore
1398 5173 1636 5242 percitus
1653 5188 1872 5244 praeses,
1893 5173 2055 5243 jussit
2081 5173 2355 5228 fornacem

808 5265 1032 5321 accendi
1061 5263 1612 5325 vehementissimam,
1637 5272 1689 5317 ct
1724 5262 1944 5318 dissolvi
1973 5261 2274 5332 plumbum,
2304 5268 2359 5314 et

808 5358 1013 5410 lt-rreos
1028 5353 1208 5409 aﬂ'erri
1225 5353 1551 5421 pectines,et
1573 5362 1778 5422 septem
1798 5369 1974 5410 aeneas
1994 5355 2218 5408 laminas
2231 5367 2358 5408 can-

808 5443 998 5500 dctleri
1019 5459 1032 5494 :
1057 5440 1401 5509 splendidum
1420 5441 1836 5495 autcmlinteum
1855 5443 2069 5497 extendi
2085 5443 2136 5496 in
2157 5441 2265 5497 alio
2281 5445 2359 5498 lo-

811 5552 896 5600 co,
927 5533 1175 5603 dixitque
1211 5531 1409 5585 sanctis
1432 5532 1753 5588 mulieribus
1793 5550 1806 5590 :
1856 5533 2046 5603 Eligite
2071 5550 2234 5591 unum
2289 5555 2356 5592 ex

808 5625 1046 5688 duobus,
1064 5636 1155 5679 aut
1172 5624 1400 5678 adorare
1422 5632 1477 5676 et
1497 5623 1602 5678 diis
1623 5624 1950 5691 sacriﬁcare,
1967 5636 2018 5680 et
2035 5643 2356 5685 conservare

809 5721 1017 5773 animas
1032 5723 1259 5780 vestras,
1278 5713 1613 5771 ambulantes
1654 5716 1707 5769 in
1735 5718 1926 5780 linteo,
1957 5727 2068 5782 aut,
2089 5719 2130 5772 si
2154 5719 2354 5783 nolitis,

807 5811 1042 5886 experiri
1067 5818 1331 5869 tormenta
1349 5824 1466 5870 quae
1479 5818 1604 5867 sunt
1620 5810 1770 5867 vobis
1786 5820 1988 5878 parata.
2017 5811 2130 5869 L’na
2153 5827 2276 5871 vero
2295 5829 2358 5872 cx

2463 4629 2618 4693 θεοὺς
2644 4631 2730 4684 ἵνα
2763 4629 2836 4700 μὴ
2871 4627 3214 4698 ἀμϐληθῶσιν
3253 4627 3312 4681 ιν
3352 4627 3431 4697 τῷ
3472 4627 3618 4699 βυθῷ
3650 4627 3749 4695 τῆς
3785 4629 4010 4696 λίμνηςς

2462 4722 2524 4774 Οί
2550 4721 2606 4775 δὶ
2635 4719 2967 4792 στρατιῶται
2994 4721 3382 4789 ἀποκριθέντες
3427 4715 3579 4772 εἷπον
3625 4719 3703 4787 τῷ
3733 4719 3964 4787 ἡγεμόνι
3994 4735 4008 4749 ·

2462 4809 2530 4866 Ὦ
2566 4815 2825 4882 κράτιστε
2851 4809 3096 4882 ήγεμὼν,
3128 4811 3276 4864 δόλον
3304 4827 3386 4864 σοι
3415 4811 3683 4880 ἐλάλησαν
3726 4813 3782 4862 al
3827 4811 4009 4876 γυναῖ-

2461 4921 2554 4966 κες
2585 4896 2775 4958 αὗταιο
2827 4903 3222 4957 κατεπόντισαν
3251 4903 3376 4963 τοὺς
3408 4901 3560 4963 θεούς
3590 4917 3705 4953 σου.
3740 4901 3930 4969 Ἡμεῖς
3955 4901 4008 4952 δι

2465 4992 2539 5062 μὴ
2569 4993 2928 5060 γινώσκοντες
2958 4992 3113 5045 τοῦτο
3152 4992 3251 5044 οὐκ
3282 4993 3666 5061 ἀκρατήσαμεν
3709 4991 3900 5052 αὑτάς.
3944 4992 4006 5042 Δί

2459 5084 2514 5137 δι
2545 5084 2722 5152 τίμιαι
2769 5085 2971 5136 έκεῖναι
3022 5083 3114 5135 καὶ
3159 5082 3310 5148 άγιαι
3361 5085 3617 5149 γυναῖκες
3666 5077 3842 5133 εἷπον·
3877 5082 4008 5144 θεδς

2460 5173 2709 5244 ἀληθινὸς
2730 5173 2876 5227 δόλον
2902 5175 2959 5226 οὺ
2980 5173 3200 5241 πάσχει,
3232 5173 3280 5224 εί
3310 5172 3383 5242 μή
3411 5171 3541 5235 ξύλα
3569 5172 3726 5238 κωφά
3755 5171 3850 5223 καὶ
3877 5171 4006 5223 λίθοι

2462 5262 2552 5314 καὶ
2586 5262 2781 5331 χρυσὸς
2815 5262 2911 5314 καὶ
2952 5261 3192 5330 ἄργυρος
3225 5262 3320 5312 καὶ
3364 5260 3563 5322 πάντες
3595 5261 3642 5310 οἱ
3689 5260 4004 5322 πεποιθότες

2461 5355 2547 5405 ἐπ’
2575 5355 2776 5416 αὐτοῖς.
2801 5353 2932 5406 Τότε
2974 5352 3223 5422 ἐμμανὴς
3254 5352 3542 5420 γενόμενος
3582 5352 3610 5403 6
3639 5351 3866 5418 ἡγεμὼν
3889 5350 4005 5404 ἱκέ-

2459 5447 2648 5498 λευσεν
2708 5444 2970 5514 ἑγκαῆναι
3016 5444 3245 5513 κάμινον
3276 5441 3659 5511 σφοδροτάτη-ι,
3701 5442 3797 5493 καὶ
3862 5442 4005 5508 μόλι-

2462 5540 2584 5592 ϐδον
2611 5537 2857 5605 λυθῆναι,
2881 5536 2973 5588 καὶ
2997 5536 3181 5589 κτένια
3202 5535 3395 5604 σιδηρᾶ
3422 5532 3730 5602 ἐνεχθῆναι,
3755 5533 3850 5584 καὶ
3873 5533 4004 5587 ἑπτὰ

2463 5625 2769 5695 συμψὲλλια
2803 5623 2976 5693 χαλκᾶ
3009 5623 3348 5693 πυρωθῆναι,
3369 5623 3682 5690 ἀπλωθῆναι
3704 5623 3798 5672 καὶ
3821 5622 4003 5690 όσὶόνην

2459 5718 2714 5787 λαμπρὰν
2746 5718 2801 5769 ὲν
2833 5715 3002 5784 ἑτέρῳ
3031 5715 3210 5784 τόπῳ·
3248 5714 3340 5767 καὶ
3365 5707 3484 5766 εἷπε
3517 5713 3649 5782 πρὸς
3679 5715 3774 5774 τὰς
3809 5714 3963 5779 ἁγίας
3984 5726 3998 5742 ο

2474 5807 2791 5876 Ἐκλέξασθε
2825 5807 2978 5862 ἓνὲκ
3003 5806 3110 5861 τῶν
3136 5805 3226 5861 δύο
3247 5821 3258 5832 ·
3281 5806 3311 5876 ἦ
3331 5807 3702 5876 προσκυνῆσαι
3734 5806 3827 5858 καὶ
3847 5805 3998 5859 θῦσαι
