4242 6442
239 392 354 457 825
1152 402 1560 465 CERTAMEN
1596 405 1656 466 S.
1689 406 1942 467 BLASII
1983 406 2080 467 ΕΤ
2110 406 2532 468 SOCIORUM.
2909 433 2916 440 '
3360 411 3465 474 8‘26

216 507 338 568 τοῖς
359 503 517 567 θεοῖς,
537 505 629 559 καὶ
652 505 822 559 σῶσαι
857 509 956 570 τάς
986 510 1162 577 ψυχάς
1194 513 1348 578 ὑμῶν
1378 516 1783 583 περιπατοῦσαι
1807 522 1857 583 Α

1908 519 1970 581 is,
1996 519 2203 574 babens
2218 520 2357 575 duos
2385 535 2606 589 pueros,
2635 524 2816 591 rapuit
2851 522 3084 579 linteum
3118 533 3174 579 et
3199 524 3384 594 injecit
3408 520 3461 579 is

220 597 281 648 ιν
300 600 364 668 τῇ
395 596 574 669 ὀθόνῃ,
599 599 631 667 ἢ
660 600 734 670 μὴ
759 599 1112 670 βουλομέναις
1142 606 1469 675 πειραθῆναι
1497 610 1606 670 τοῖς
1636 611 1784 677 ἡτοι-

1908 622 2162 665 ‘ornacem
2173 620 2230 667 et
2247 612 2300 666 id
2324 612 2811 667 combussit.Pueri
2832 623 3009 669 autem
3029 613 3282 669 dicebant
3302 618 3460 669 metri

227 689 531 782 μασμένοις
586 691 715 762 ὑμῖν
773 692 1179 764 κολαστηρίοις.
1230 698 1345 750 Μία
1385 699 1441 752 δὲ
1494 701 1552 765 ἐξ
1599 702 1780 754 αὐτῶν

1908 702 2343 756 ma:Veneranda
2358 711 2531 756 mater
2550 711 2830 765 nostra,ne
2849 705 2993 759 sinas
3010 720 3111 760 nos
3126 706 3177 758 in
3198 705 3299 759 hac
3316 718 3457 760 terra

225 780 424 850 ῑχουσα
454 784 640 837 παιδία
674 784 768 838 δύο
794 786 1091 855 ἁρπάσασα
1116 790 1215 861 τὴν
1242 789 1433 859 ὀθόνην
1467 793 1782 861 ἐμϐαλοῦσα
1849 780 1853 782 ’

1911 799 2137 851 nterire:
2157 797 2250 851 sed
2269 800 2545 867 quomodo
2570 814 2667 852 nos
2687 799 2980 867 implevisti
3010 801 3239 866 pulchro
3264 810 3317 855 et
3338 816 3459 855 sua-

224 872 431 979 6:;1‘hv
466 876 692 941 κάμινον
741 876 1080 931 κατέκαυσεν
1130 881 1321 947 αὑτήν.
1358 882 1438 935 Τά
1484 883 1541 935 δὲ
1593 884 1782 937 παιδία

1908 887 2112 941 rissimo
2134 900 2228 943 tuo
2247 891 2406 953 lacte,
2428 907 2524 946 nos
2541 907 2757 960 quoque
2781 894 2943 961 imple
2973 908 3141 961 regno
3165 894 3457 947 caelorum.

225 966 387 1015 εἷπον
418 966 552 1035 πρὸς
591 967 687 1037 τὴν
717 970 931 1041 μητέρα
964 970 1141 1026 αὐτῶν
1168 990 1182 1004 ·
1235 974 1405 1044 Τιμία
1436 976 1592 1044 ἡμῶν
1635 978 1832 1047 μῆτερ,
1877 980 1949 1049 μὴ
1990 982 2207 1051 άφήσῃς
2269 984 2416 1052 ἡμᾶς
2484 984 2576 1035 ἰπὶ
2624 985 2720 1054 τῆς
2742 986 2844 1051 γῆς
2882 986 3087 1054 ταύτης
3141 985 3458 1048 ἀπολέσθαι,

226 1057 347 1110 ἀλλ’
379 1060 453 1121 ὼς
487 1062 788 1130 ινέπλησας
814 1065 963 1133 ἡμᾶς
1002 1066 1094 1118 τοῦ
1143 1068 1309 1121 καλοῦ
1340 1070 1433 1121 καὶ
1460 1071 1651 1151 ἀδόλου
1726 1074 1819 1125 καὶ
1895 1074 2234 1140 γλυκυτάτου
2288 1092 2384 1129 σου
2432 1076 2722 1144 γάλακτος,
2765 1076 2940 1140 οὕτως
2990 1078 3267 1149 εμπλησον
3313 1080 3465 1151 ἡμᾶς

227 1152 323 1203 καὶ
356 1152 456 1221 τῆς
486 1154 766 1225 βασιλείας
801 1158 908 1212 τῶν
938 1160 1206 1229 οὐρανῶν.
1636 1148 1641 1151 ’

309 1287 391 1343 H'.
437 1290 493 1343 'O
529 1292 583 1345 δὲ
614 1294 836 1364 ἡγεμὼν
875 1296 1125 1353 ἐκέλευσε
1170 1300 1549 1371 κρεμασθῆναι
1597 1302 1787 1367 αὐτὰς,

1966 1305 2103 1361 VIII.
2141 1304 2345 1359 Praeses
2393 1314 2575 1359 autem
2618 1304 2782 1373 jussit
2825 1321 2921 1360 eas
2963 1304 3246 1373 suspendi,
3276 1315 3334 1360 et
3359 1319 3457 1359 ea-

235 1382 331 1482 καὶ
367 1379 581 1443 ξέεσθαι
615 1386 795 1438 αὐτῶν
828 1387 927 1450 τὰς
981 1390 1190 1459 σάρκας
1236 1394 1373 1460 μετὰ
1408 1394 1514 1446 τῶν
1561 1394 1789 1447 κτενίων

1908 1412 2012 1451 rum
2032 1411 2229 1450 carnes
2248 1395 2473 1450 lacerari
2493 1395 2802 1466 pectinibus
2824 1394 3316 1481 ferreis.Videbant
3335 1388 3464 1452 vero

228 1474 343 1522 τῶν
373 1474 641 1542 σηδηρῶν.
678 1479 737 1529 Οί
768 1481 822 1532 δὲ
866 1483 1195 1551 στρατιῶται
1242 1484 1510 1554 ἐθεώρουν
1554 1487 1633 1539 ὅτι
1669 1488 1789 1540 ἀντὶ

1908 1487 2092 1542 milites
2121 1503 2182 1542 es
2226 1502 2413 1541 earum
2438 1487 2696 1544 carnibus
2728 1503 2947 1542 manare
2983 1488 3067 1544 lac
3114 1475 3215 1558 pro
3244 1488 3465 1556 sangui-

228 1562 486 1662 αἵματος⁸
522 1568 660 1631 γάλα
726 1569 916 1639 ἔρρεον
949 1576 1002 1626 αἱ
1044 1576 1247 1642 σάρκες
1300 1578 1498 1631 αὐτῶν.
1554 1579 1628 1631 Ού
1684 1579 1788 1648 μὴν

1908 1595 1987 1634 [ιε.
2022 1579 2162 1645 Quin
2206 1580 2370 1634 etiam
2404 1593 2592 1634 earum
2624 1594 2818 1635 carnes
2872 1579 3241 1634 cernebantur
3281 1591 3339 1634 ut
3370 1579 3464 1633 nix

230 1652 369 1743 ἀλλὰ
402 1655 495 1706 καὶ
533 1657 587 1708 αι
634 1659 836 1725 σάρκες
866 1662 1049 1716 αὐτῶν
1091 1665 1343 1734 έωρῶντο
1377 1667 1630 1736 λαμπραὶ
1658 1668 1792 1720 ὡσεὶ

1908 1670 2161 1725 :andidae.
2206 1671 2395 1741 Angeli
2433 1672 2579 1727 enim
2628 1672 2880 1738 Domini,
2909 1674 3001 1743 qui
3037 1673 3462 1735 descenderant,

229 1742 388 1811 χιὼν,
421 1747 501 1798 ὅτι
530 1748 749 1814 ἄγγελοι
776 1753 978 1821 Κυρίου
1012 1756 1365 1821 κατελθόντες
1404 1759 1499 1812 καὶ
1525 1757 1795 1828 θεραπεύ-

1908 1777 2022 1815 cum
2063 1777 2157 1817 eas
2204 1772 2509 1826 curassent,
2562 1762 2819 1819 dicebant
2866 1742 2945 1818 eis
2994 1779 3007 1814 ε
3065 1763 3143 1819 Ne
3203 1763 3463 1818 timeatis.

235 1850 434 1900 σαντες
483 1838 668 1906 ἔλεγον
716 1843 908 1907 αὐταῖς
932 1860 946 1876 °
972 1844 1057 1915 Μὴ
1110 1848 1359 1915 φοϐεῖσθε
1380 1866 1394 1881 ο
1428 1850 1456 1902 ό
1483 1850 1645 1911 καλὸς
1689 1851 1796 1921 γάρ

1908 1853 2085 1909 Bonus
2132 1855 2281 1908 enim
2343 1855 2631 1924 operarius
2674 1872 2797 1911 cum
2856 1866 3043 1911 aestate
3096 1854 3363 1924 inceperit
3409 1862 3466 1909 et

235 1926 481 1997 ἐργάτης
514 1931 819 2002 ἀρξάμενος
851 1939 907 1991 ιν
929 1937 1081 2008 θέρει
1110 1942 1201 1993 καὶ
1232 1940 1479 2004 τελέσας,
1516 1943 1609 1996 καὶ
1649 1943 1802 1995 εύλο-
1836 1935 1860 1992 ις

1908 1946 2217 2015 perfecerit,
2248 1954 2305 2001 et
2334 1962 2363 2002 a
2399 1945 2621 2001 domino
2668 1948 2852 2015 operis
2899 1946 3066 2002 fuerit
3118 1946 3463 2009 benedictus,

236 2017 431 2111 γηθεξς
462 2024 610 2092 παρὰ
636 2025 730 2078 τοῦ
762 2027 1072 2097 έργοδότου,
1117 2032 1209 2086 καὶ
1259 2032 1439 2085 λαϐὼν
1481 2034 1572 2086 τὸν
1609 2034 1798 2103 μισθὸν

1908 2048 1954 2093 et
1986 2037 2291 2093 mercedem
2319 2040 2438 2111 ejus
2459 2038 2759 2108 acceperit,
2784 2037 2941 2092 laetus
2973 2038 3123 2092 vadit
3165 2037 3217 2091 in
3242 2037 3465 2091 domum

236 2108 424 2173 αὑτοῦ,
462 2116 671 2184 χαίρων
711 2120 1009 2188 πορεύεται
1044 2124 1122 2185 είς
1165 2124 1254 2176 τὸν
1284 2121 1433 2178 οἷκον
1471 2126 1653 2179 αὑτοῦ.
1693 2126 1799 2178 Οὓ-

236 2220 348 2266 τως
393 2201 487 2259 οὖν
538 2210 628 2263 καὶ
667 2211 827 2279 ὑμεῖς
876 2214 1241 2280 άγωνίσασθε,
1293 2217 1440 2277 ὅπως
1491 2216 1799 2285 ἀπολάϐητε

235 2297 392 2363 παρὰ
430 2299 522 2351 τοῦ
557 2302 808 2371 Σωτῆρος
841 2305 998 2373 ἡμῶν
1047 2305 1223 2373 Ἰησοῦ
1260 2308 1496 2375 Χριστοῦ
1542 2310 1641 2379 τὴν
1672 2312 1800 2363 αίώ-

236 2401 355 2437 νιον
387 2388 477 2439 καὶ
511 2390 867 2461 ἀτελεύτητον
901 2395 1071 2466 ζωήν.
1107 2398 1240 2450 Τότε
1278 2400 1306 2451 δ
1334 2398 1554 2468 ἡγεμὼν
1584 2401 1802 2454 ἐκέλευ-

242 2493 340 2529 σεν
390 2484 807 2553 κατενεχθείσας
838 2487 1007 2551 αὐτάς
1056 2488 1322 2559 βληθῆναι
1372 2492 1429 2543 εν
1460 2495 1525 2561 τῇ
1564 2493 1799 2562 καμίνῳ.

243 2570 355 2621 Καὶ
403 2570 706 2641 βληθέντων
735 2578 916 2631 αὐτῶν
949 2579 1152 2642 εὐθέως
1198 2580 1411 2650 έπαύθη
1439 2582 1499 2635 τὺ
1545 2582 1676 2653 πῦρ,
1710 2585 1803 2637 καὶ

241 2661 615 2731 ιξεϐλήθησαν
669 2669 735 2720 ἐκ
789 2668 891 2738 τῆς
940 2671 1175 2742 καμίνου
1224 2673 1281 2726 αι
1341 2674 1492 2742 άγιαι
1547 2677 1802 2743 γυναῖκες

239 2750 502 2815 ἀϐλαϐεῖς
530 2756 888 2826 φυλαχθεῖσαι
916 2765 982 2832 τῇ
1022 2762 1115 2816 τοῦ
1150 2766 1355 2835 Κυρίου
1402 2767 1606 2837 χάριτι.
1638 2768 1801 2837 Λέγει

241 2839 340 2893 οῦν
374 2845 505 2911 πρὸς
539 2847 711 2911 αὑτὰς
740 2851 768 2901 δ
800 2853 1047 2921 ἡγεμών·
1089 2856 1515 2927 Ἀπορρίψαντες
1545 2858 1644 2921 τὰς
1673 2876 1803 2929 γοη-

244 2933 398 2996 τείας
440 2938 595 3002 ύμῶν
641 2943 967 3011 προσέλθετε
1002 2947 1096 2999 καὶ
1127 2947 1326 3001 θύσατε
1357 2953 1466 3012 τοῖς
1498 2951 1639 3014 θεοῖς
1680 2970 1801 3021 μου.

243 3026 311 3077 Δί
366 3025 421 3078 δι
473 3026 627 3093 άγιαι
665 3031 805 3084 έπτά
854 3035 1113 3101 γυναῖκες
1160 3037 1234 3100 ὥς
1280 3036 1339 3101 ιε
1374 3040 1490 3101 ἑνὸς
1538 3041 1804 3109 στόματος

242 3112 398 3168 εἶπον
427 3119 598 3187 αὐτῷ·
626 3122 713 3189 Μή
741 3139 822 3175 σοι
862 3124 1085 3191 γένηται
1112 3125 1293 3190 τοῦτο,
1325 3131 1471 3180 κύων
1506 3131 1805 3200 αίμοπότα,

240 3208 330 3258 Iv:
366 3208 524 3275 ἡμεῖς
561 3210 976 3280 καταλείψωμεν
1020 3214 1112 3266 τὸν
1144 3215 1351 3286 Κύριον
1396 3218 1551 3288 ἡμῶν
1596 3221 1801 3291 Ἰησοῦν

240 3301 495 3367 Χριστὸν,
532 3301 626 3353 καὶ
648 3305 1121 3375 προσκυνήσωμεν
1147 3307 1331 3371 λίθους
1358 3309 1608 3376 καὶξύλα
1637 3312 1803 3380 δμοιά

244 3406 340 3442 σου
378 3390 536 3457 κωφὰ
566 3392 660 3444 καὶ
707 3393 1027 3464 ἀναίσθητα.
1075 3397 1145 3449 Τδ
1172 3398 1355 3450 λοιπὸν
1388 3399 1528 3452 ποίει
1564 3400 1590 3453 δ
1624 3401 1802 3470 βούλει

242 3482 327 3540 είς
364 3481 531 3549 ἡμᾶς·
562 3482 655 3534 καὶ
685 3483 792 3553 γάρ
836 3484 929 3538 καὶ
960 3487 1122 3554 ἡμεῖς
1151 3488 1486 3557 κεκλημέναι
1523 3492 1689 3561 ισμὶν
1746 3492 1803 3544 ιν

1899 2144 2073 2183 suam.
2101 2130 2192 2184 Sic
2219 2145 2348 2197 ergo
2374 2145 2470 2183 vos
2496 2143 2712 2198 quoque
2736 2127 3012 2183 decertate
3037 2136 3092 2182 et
3116 2143 3147 2182 a
3174 2127 3466 2182 Senators

1900 2229 2086 2275 nostro
2114 2219 2243 2275 Iesu
2273 2218 2496 2274 Christo
2525 2228 2784 2274 :eternam
2819 2227 2875 2273 et
2905 2234 3029 2287 qua:
3053 2232 3332 2287 nunquam
3366 2218 3466 2272 deo

1900 2314 2033 2368 sinit
2062 2313 2227 2366 vitam
2252 2311 2553 2381 accipiatis.
2585 2310 2739 2365 Tunc
2763 2326 2961 2380 prases
2984 2311 3149 2381 jussit
3180 2323 3273 2362 eas
3293 2308 3465 2377 depo-

1899 2402 2033 2455 sitas
2075 2401 2178 2469 jaci
2211 2400 2264 2454 in
2299 2400 2594 2455 caminum.
2631 2399 2766 2454 Cum
2801 2408 2981 2453 autem
3024 2399 3181 2469 jacta:
3211 2396 3465 2461 fuissent,

1901 2492 2152 2561 protinus
2178 2491 2411 2546 cessavit
2432 2491 2594 2557 ignis,
2619 2501 2675 2545 et
2700 2493 2889 2560 ejecta
2915 2500 3131 2544 suntex
3153 2488 3375 2544 fornace
3403 2488 3468 2543 il-

1901 2584 2039 2639 laesa:
2060 2592 2393 2638 conservata:
2411 2592 2609 2638 sancta
2632 2582 2908 2638 mulieres.
2923 2581 3207 2635 Dicitvero
3228 2581 3308 2635 eis
3333 2595 3470 2649 pre-

1900 2688 1986 2728 ses
2004 2672 2267 2742 :Abjectis
2290 2673 2487 2728 vestris
2513 2672 2825 2744 praestigiis,
2841 2672 3178 2735 accedite,et
3202 2668 3309 2724 diis
3330 2670 3467 2724 meis

1901 2763 2227 2821 sacriﬁcate.
2247 2763 2459 2819 Sanctae
2480 2772 2661 2819 autem
2680 2772 2888 2832 septem
2914 2762 3190 2824 mulieres.
3210 2770 3466 2830 tanquam

1903 2872 2013 2913 uno
2029 2871 2122 2910 ore
2145 2854 2401 2911 dixerunt
2417 2856 2466 2910 ei
2490 2854 2602 2909 :Ne
2627 2853 2722 2908 tibi
2740 2854 2877 2909 bene
2903 2853 2995 2917 sit,
3018 2868 3049 2906 ο
3071 2852 3144 2906 fili
3164 2850 3387 2914 diaboli,
3407 2859 3468 2907 ut

1903 2965 2003 3003 nos
2043 2948 2424 3017 relinquamus
2455 2947 2748 3002 Dominum
2794 2954 3048 2999 nostrum
3071 2944 3258 2999 Jesum
3306 2942 3467 2999 Chri-

1903 3050 2070 3105 stum,
2102 3050 2158 3095 et
2191 3039 2482 3095 adoremus
2525 3037 2738 3107 lapides
2770 3045 2826 3091 et
2873 3036 3043 3105 ligna,
3072 3049 3192 3104 qua:
3223 3041 3352 3088 sunt
3388 3033 3466 3088 si-

1904 3133 2109 3187 militer
2138 3141 2301 3201 atque
2334 3141 2413 3194 tu,
2439 3130 2604 3184 surda
2633 3136 2687 3183 et
2724 3127 2878 3182 nullo
2912 3141 3073 3180 sensu
3106 3125 3349 3196 praedita.
3387 3123 3463 3179 De

1905 3232 2104 3279 czetero
2143 3222 2224 3277 fac
2262 3223 2317 3276 in
2360 3237 2480 3287 nos,
2515 3219 2658 3290 quod
2712 3219 2872 3272 velis.
2921 3217 3054 3271 Nam
3102 3231 3202 3271 nos
3245 3229 3464 3284 quoque

1906 3319 2108 3365 vocata
2140 3322 2329 3363 sumus
2363 3307 2417 3359 in
2452 3320 2679 3374 regnum
2706 3304 2996 3360 caelorum.
3031 3301 3186 3355 Tunc
3223 3301 3301 3356 ira
3339 3315 3464 3369 per-

1907 3400 2047 3454 citus
2072 3412 2294 3467 prases,
2323 3395 2448 3450 tulit
2473 3396 2527 3449 in
2551 3410 2643 3450 eas
2665 3394 2995 3449 sententiam
3020 3402 3110 3447 :et
3130 3391 3463 3460 accipientes

1907 3505 1999 3545 cas
2019 3488 2260 3552 lictores,
2286 3488 2559 3542 duxerunt
2577 3501 2669 3541 eas
2695 3485 2761 3539 ad
2791 3486 2971 3540 locum
2994 3486 3076 3539 eis
3100 3484 3460 3552 propositum.

239 3576 308 3640 τῇ
339 3572 586 3644 βασιλείᾳ
646 3575 752 3627 τῶν
778 3576 1039 3646 ούρανῶν.
1078 3579 1208 3633 Τότε
1252 3582 1473 3651 χολέσας
1498 3586 1516 3605 ⁶
1545 3584 1573 3636 ό
1619 3582 1838 3653 ἡγεμὼν
1878 3584 2074 3635 ἔδωκεν
2104 3583 2202 3652 τὴν
2230 3580 2347 3634 κατ’
2375 3578 2554 3633 αὐτῶν
2603 3578 2893 3647 ἀπόφασιν,
2944 3578 3036 3630 atat
3063 3574 3315 3637 λαϐόντες
3370 3574 3466 3626 αύ-

242 3665 345 3725 τάς
367 3666 415 3717 οι
446 3665 629 3735 δήμιοι
661 3667 947 3737 ἀπήγαγον
980 3670 1071 3723 hri
1102 3671 1193 3723 τὸν
1224 3674 1581 3743 προκείμενον
1609 3676 1798 3738 αύταῖς
1840 3676 2026 3729 τόπον.

314 3801 391 3854 8'.
420 3802 482 3851 Δί
508 3801 562 3853 δὲ
596 3802 747 3869 ἆγιαι
778 3803 915 3855 ἑπτὰ
956 3805 1208 3869 γυναῖκες
1240 3804 1489 3857 ελθοῦσαι
1520 3807 1578 3857 έν
1604 3806 1680 3876 τῷ
1716 3808 1802 3857 τό-

241 3906 330 3958 πῳ
358 3883 401 3956 ᾧ
426 3890 647 3959 ἔμελλον
696 3892 1029 3946 τελειοῦσθαι
1063 3896 1404 3962 παρεκάλουν
1434 3898 1560 3959 τοὺς
1576 3897 1803 3968 δημίους

243 3981 541 4047 λέγουσαι·
604 3983 999 4054 Συγχωρήσατε
1064 3987 1196 4055 ἡμῖν
1257 3988 1654 4055 προσεύξασθαι
1712 3991 1802 4043 ἰπὶ

252 4074 448 4140 μικρόν
473 4090 488 4105 ·
526 4074 617 4126 καὶ
650 4074 896 4129 κλίνασαι
926 4076 995 4129 τά
1023 4078 1221 4144 γόνατα
1248 4078 1425 4132 αὐτῶν
1464 4080 1553 4131 ἰπὶ
1576 4082 1675 4148 τὴν
1704 4081 1805 4148 γῆν

243 4160 399 4215 εἶπον
432 4162 603 4228 οὓτως
633 4180 646 4193 ·
676 4165 812 4230 Δόξα
848 4182 930 4219 σοι
955 4167 1031 4237 τῷ
1066 4169 1285 4237 μεγάλῳ
1315 4172 1409 4223 καὶ
1440 4168 1807 4240 δεδοξασμένῳ

251 4254 409 4323 ἡμῶν
438 4254 577 4324 Θεῷ,
618 4257 745 4319 δόξα
787 4274 868 4309 σοι
896 4258 974 4324 τῷ
1011 4258 1341 4326 βασιλεύοντι
1379 4263 1457 4323 είς
1480 4260 1676 4323 αἰῶνας
1703 4263 1807 4328 ἰηο

249 4349 343 4401 σοῦ
375 4349 627 4416 Χριστοῦ,
662 4350 786 4415 δόξα
821 4367 903 4402 σοι
929 4350 1008 4419 τῷ
1029 4345 1170 4420 ἡμᾶς
1195 4352 1482 4405 καλέσαντι
1510 4353 1567 4404 ιν
1598 4354 1663 4422 τῇ
1703 4352 1808 4420 ὁδῷ

246 4440 346 4508 τῆς
373 4440 708 4509 άγαθότητός
745 4458 857 4496 σου.
914 4443 1007 4505 Τίς
1037 4444 1145 4512 γὰρ
1193 4442 1313 4507 θεὸς
1364 4443 1533 4511 μέγας
1569 4444 1643 4505 ὡς
1676 4444 1738 4497 σὺ
1778 4446 1805 4496 ό

244 4536 376 4595 Θεὸς
403 4532 579 4603 ἡμῶν,
625 4535 651 4585 ό
682 4533 1033 4603 άποχωρίσας
1055 4535 1199 4603 ἡμᾶς
1227 4534 1290 4587 ὲκ
1328 4534 1420 4587 τοῦ
1455 4535 1677 4595 σκότους
1712 4538 1802 4589 καὶ

254 4626 488 4687 καλέσας
523 4628 599 4688 εἰς
648 4625 707 4677 τδ
739 4626 850 4693 φῶς
899 4624 956 4678 τὸ
999 4626 1247 4694 ἀληθινὸν
1288 4627 1381 4679 καὶ
1437 4628 1804 4695 γλυκύτατον;

250 4718 344 4770 Διδ
370 4717 601 4785 δεόμεθά
636 4735 751 4781 σου,
787 4718 980 4786 Κύριε.
1013 4718 1415 4789 συναρίθμησον
1443 4720 1535 4772 καὶ
1567 4720 1716 4789 ἡμᾶς
1750 4724 1807 4774 έν

1978 3805 2071 3860 1X.
2110 3805 2322 3861 Sanctae
2356 3812 2539 3859 autem
2571 3815 2777 3873 septem
2826 3802 3087 3857 mulieres
3127 3815 3250 3856 cum
3280 3798 3462 3855 venls-

1907 3907 2029 3951 sent
2074 3897 2139 3950 ad
2176 3898 2380 3959 locum,
2418 3900 2471 3950 in
2510 3912 2619 3965 quo
2666 3905 2823 3949 erant
2858 3894 3321 3959 consummandc,
3375 3907 3464 3946 ro-

1906 3999 2105 4059 garunt
2162 3988 2404 4054 lictores,
2450 3989 2698 4043 dicentes
2756 3986 3099 4042 :Concedite
3158 3985 3337 4047 nobis.
3401 3991 3461 4038 ut

1906 4089 2202 4151 parumper
2248 4096 2530 4150 precemur
2560 4098 2574 4134 :
2609 4089 2663 4134 et
2713 4078 2866 4133 flexis
2901 4079 2953 4131 in
2984 4086 3184 4131 terram
3211 4075 3459 4143 genibus,

1905 4171 1985 4225 sic
2016 4171 2271 4225 dixerunt
2308 4189 2320 4224 :
2358 4169 2540 4224 Gloria
2567 4170 2686 4233 tibi,
2714 4183 2909 4237 magno
2941 4177 2999 4221 et
3029 4165 3331 4235 gloriﬁcato
3358 4179 3459 4218 no-

1907 4270 2020 4315 stro
2052 4261 2197 4325 Deo;
2224 4260 2393 4328 gloria
2423 4260 2521 4313 tibi
2550 4259 2788 4323 Christe,
2815 4259 2907 4327 qui
2942 4271 3134 4327 regnas
3165 4256 3219 4309 in
3240 4256 3455 4319 saecula,

1908 4352 2002 4420 qui
2041 4355 2142 4406 nos
2176 4352 2380 4405 vocasti
2421 4352 2473 4405 in
2524 4352 2665 4403 viam
2721 4349 2981 4403 bonitatis
3015 4356 3140 4401 tua.
3195 4346 3330 4411 Quis
3376 4356 3461 4401 est

1905 4442 2051 4496 enim
2082 4456 2332 4512 magnus,
2362 4441 2506 4495 sicut
2534 4450 2591 4495 tu
2622 4441 2765 4494 Deus
2796 4449 3002 4502 noster,
3034 4437 3128 4507 qui
3158 4451 3257 4491 nos
3283 4436 3459 4491 fecisti

1908 4532 2167 4588 recedere
2202 4547 2233 4586 a
2284 4531 2545 4595 tenebris,
2591 4541 2645 4585 et
2682 4530 2886 4583 vocasti
2923 4543 3023 4582 nos
3055 4527 3121 4581 ad
3156 4542 3336 4581 veram
3380 4526 3464 4580 lu-
3558 4580 3563 4587 ,

1906 4639 2023 4678 cem
2076 4633 2132 4679 et
2196 4622 2613 4678 suavissimam?
2674 4621 3037 4685 Quamobrem
3098 4632 3352 4687 rogamus
3384 4630 3459 4678 te.

1906 4719 2153 4783 Domine,
2192 4732 2292 4772 nos
2323 4731 2659 4771 connumera
2710 4732 2834 4769 cum
2876 4716 3048 4783 prima
3080 4725 3321 4781 martyre
3370 4722 3461 4765 tua

246 4811 314 4878 τῇ
357 4809 488 4876 ἁγίᾳ
520 4810 611 4861 καὶ
646 4809 1072 4877 πρωτομάρτυρί
1104 4826 1198 4861 σου
1227 4809 1403 4880 Θέκλῃ
1440 4810 1805 4879 προσδεχόμε-
1839 4815 1860 4865 Ι

1911 4814 2131 4874 Thecla,
2155 4812 2430 4880 accipiens
2454 4812 2904 4865 intercessionem
2939 4804 3263 4860 sanctissimi
3290 4805 3463 4872 patris

244 4915 335 4960 νος
362 4897 460 4965 τὴν
508 4898 799 4966 πρεσϐείαν
824 4898 917 4950 τοῦ
968 4900 1262 4953 όσιωτάτου
1300 4902 1503 4969 πατρὸς
1526 4900 1679 4968 ἡμῶν
1715 4901 1808 4953 καὶ

252 4992 507 5058 ποιμένος
546 4992 771 5042 Βλασίου
805 4990 900 5041 τοῦ
934 4989 1295 5057 ὁδηγήσαντος
1353 4994 1498 5061 ἡμᾶς
1545 4992 1681 5061 πρὸς
1710 4992 1805 5062 τὴν
1846 4996 1860 5027 λ

247 5082 474 5149 ἄθλησιν
538 5080 738 5150 ταύτην
788 5082 881 5134 καὶ
933 5082 1233 5135 ἀπόλαυσιν
1286 5084 1381 5153 τῆς
1434 5083 1650 5136 αἰωνίου
1712 5100 1801 5136 σου

248 5171 411 5239 ζωῆς.
446 5169 627 5224 Ταῦτα
681 5172 858 5224 τοίνυν
898 5172 1189 5240 εὐξάμεναι
1244 5173 1297 5226 αί
1353 5173 1503 5240 ἅγιαι
1553 5177 1805 5239 γυναῖκες

250 5265 343 5316 καὶ
369 5264 667 5316 ἀναστᾶσαι
721 5264 782 5316 ἐκ
812 5264 903 5315 τοῦ
936 5265 1181 5332 ἐδάφους,
1216 5264 1308 5317 καὶ
1349 5266 1657 5318 έκτείνασαι
1707 5266 1804 5327 τὰς

249 5359 437 5425 χεῖρας
469 5355 644 5408 αὐτῶν
700 5358 791 5408 καὶ
823 5357 1185 5409 άνανεύσασαι
1230 5359 1356 5419 τοὺς
1385 5358 1693 5425 ὀφθαλμοὺς
1724 5360 1802 5419 είς

247 5449 342 5500 τὸν
369 5446 596 5514 οὐρανὸν
625 5449 683 5498 ὲν
713 5447 926 5516 καθαρᾷ
952 5448 1147 5517 καρδίᾳ
1184 5449 1278 5501 καὶ
1310 5450 1406 5517 μιᾷ
1451 5448 1594 5518 ψυχῇ
1646 5446 1799 5501 εἷπον

248 5538 385 5607 πρὸς
420 5539 511 5590 τόν
548 5539 710 5591 Θεόν·
763 5540 899 5604 Δόξα
953 5556 1067 5605 σοι,
1110 5540 1281 5609 Κύριε
1313 5545 1340 5594 ό
1378 5541 1508 5604 Θεὸς
1556 5542 1733 5611 ήμῶν,
1772 5544 1799 5595 ό

247 5628 591 5692 καταξιώσας
651 5631 797 5698 ἡμᾶς
858 5632 935 5693 είς
974 5632 1033 5683 τὸ
1070 5632 1451 5701 θυσιαστήριόν
1507 5649 1599 5684 σου
1640 5632 1800 5684 τοῦτο

247 5723 591 5790 παραστῆναι
608 5723 682 5785 ὡς
713 5724 969 5787 άσπίλους
990 5725 1233 5793 άμνάδας
1253 5724 1344 5778 καὶ
1367 5723 1606 5792 λογικάς.
1631 5723 1802 5795 Πρόσ-

244 5810 393 5877 δεξαι
448 5811 559 5881 οὖν,
597 5811 860 5881 Δέσποτα,
912 5815 1004 5871 καὶ
1059 5814 1154 5877 τὰς
1190 5815 1365 5886 ψυχὰς
1418 5814 1575 5886 ἡμῶν
1631 5816 1685 5870 ιν
1720 5815 1793 5875 τοῖν

1904 4903 2077 4958 nostri
2112 4911 2166 4956 et
2189 4900 2423 4970 pastoris
2456 4899 2641 4963 Blasii,
2672 4898 2767 4967 qui
2812 4896 3039 4950 deduxit
3068 4910 3166 4948 nos
3219 4896 3286 4949 ad
3320 4894 3459 4946 banc

1902 4996 2186 5050 veritatem
2233 5001 2287 5046 et
2336 4990 2653 5046 iruitionem
2710 4992 2836 5042 vitae
2877 4997 3118 5041 eterna.
3172 4985 3294 5039 Hec
3334 4998 3459 5037 cum

1905 5095 2104 5140 sancte
2138 5084 2370 5139 fuissent
2414 5092 2645 5152 precata:
2681 5082 2958 5141 mulieres,
3003 5087 3059 5132 et
3104 5095 3134 5133 e
3187 5079 3302 5131 solo
3334 5092 3459 5130 sur-

1905 5177 2193 5237 rexissent,
2230 5184 2281 5227 et
2312 5186 2503 5227 manus
2531 5188 2659 5227 suas
2685 5172 3077 5233 extendissent,
3112 5181 3169 5225 et
3200 5172 3372 5225 oculis
3405 5175 3458 5226 in

1907 5270 2104 5323 cmlum
2155 5269 2547 5335 suspexissent.
2599 5267 2799 5319 mundo
2830 5265 2994 5317 corde
3042 5274 3098 5317 et
3137 5279 3246 5317 uno
3275 5263 3457 5318 animo

1908 5361 2019 5415 Deo
2066 5360 2369 5414 dixerunt:
2408 5357 2590 5412 Gloria
2643 5358 2764 5420 tibi,
2800 5357 3023 5410 Domine
3067 5354 3208 5409 Deus
3250 5363 3457 5416 noster,

1908 5452 2000 5519 qui
2035 5466 2135 5503 nos
2165 5450 2419 5518 dignatus
2451 5465 2510 5503 es
2538 5450 2730 5502 sistere
2777 5448 2841 5502 ad
2891 5449 3033 5500 banc
3087 5457 3232 5501 tuam
3282 5460 3454 5511 aram,

1909 5549 2163 5609 tanquam
2206 5554 2372 5606 agnas
2418 5538 2789 5592 immaculatas
2815 5546 2869 5591 et
2924 5538 3132 5590 ratione
3180 5536 3456 5604 reditas,

1911 5628 2126 5686 nostras
2153 5645 2371 5698 quoque
2406 5631 2616 5684 animas
2648 5629 2861 5696 suscipe
2896 5630 2949 5681 in
2977 5628 3186 5683 caelesti
3222 5636 3311 5681 tua
3342 5642 3455 5692 ara,

1908 5730 1969 5775 ut
2000 5722 2177 5775 bonus
2205 5728 2259 5773 et
2291 5719 2577 5788 benignus.
2617 5721 2777 5775 Pueri
2806 5729 2989 5774 autem
3029 5717 3351 5773 accedentes
3387 5717 3455 5772 ad

1902 5826 2148 5881 matrem,
2201 5813 2450 5869 dixerunt
2501 5812 2551 5868 ci
2585 5830 2595 5866 :
2636 5812 2824 5879 Mater,
2882 5826 3095 5869 coronae
3131 5808 3288 5867 nobis
3323 5818 3452 5866 sunt
