4242 6442
806 381 910 448 827
1885 381 2271 444 ADDENDA.
2315 406 2382 418 -
2423 386 2947 449 FEBRUARIUS.
3931 387 4040 450 828

831 509 997 554 arata
1042 496 1186 566 apud
1239 497 1409 552 Deum
1443 497 1745 553 calestem.
1797 497 1908 553 Nos
1955 513 2088 568 ergo
2111 509 2166 553 et
2200 514 2353 552 com-
2385 508 2425 564 Α
2455 503 2506 554 ιτ

2385 508 2425 564 Δ
2455 503 2762 572 δπουρανίῳ
2799 519 2893 556 σου
2927 503 3300 574 θυσιαστηρίῳ
3348 504 3423 566 ὡς
3458 500 3664 571 ἀγαθὸς
3715 502 3809 554 καὶ
3841 501 4042 568 φιλάν-

792 590 987 647 utenda
1020 589 1366 646 sanctissimo
1389 597 1445 645 et
1470 588 1598 644 forti
1629 589 1866 654 athletae,
1887 589 2146 660 episcopo
2165 599 2354 645 noszro
2459 598 2467 642 ι

2459 594 2694 664 θρωπος.
2725 597 2806 649 Τά
2848 596 2906 648 δι
2947 597 3138 649 παιδία
3171 595 3539 666 προσελθόντα
3567 599 3634 666 τῇ
3687 595 3796 664 ίδίᾳ
3830 595 4041 664 μητέρι

793 693 852 738 ει
890 684 1098 753 pastori
1129 683 1330 738 Blasio.
1383 682 1540 737 Tunc
1570 682 1870 752 spiculator
1897 682 2131 738 abscidit
2174 683 2352 752 capita
2457 701 2468 737 ι

2457 681 2608 738 εἷπον
2635 687 2770 755 αὐτῇ
2791 700 2804 716 °
2838 687 3049 756 Μῆτερ,
3075 688 3120 740 oi
3152 688 3403 754 στέφανοι
3455 686 3614 755 ἡμῶν
3656 683 3870 752 ῑτοιμοῑ
3925 687 4037 736 είσι

794 787 1003 843 septem
1057 783 1369 830 sanctarum
1407 776 1721 841 mulierum,
1754 788 1812 832 et
1865 775 2079 832 occulte
2129 776 2355 831 luerunt
2460 793 2469 827 ι

2460 777 2612 846 παρά
2661 777 2740 846 τῷ
2771 779 3083 849 ἐπουρανίῳ
3131 779 3290 844 Θεῷο
3343 778 3596 846 παράθου
3627 772 3722 830 οὖν
3755 776 3912 846 ἡμᾶς
3962 773 4044 840 τῷ

799 878 1207 923 consummata.
2466 888 2474 921 ι

2466 869 2752 939 ἁγιωτάτῳ
2780 871 2872 923 καὶ
2901 870 3135 940 γενναίῳ
3165 871 3366 941 ἀθλητῇ
3385 871 3480 924 τοῦ
3515 871 3557 923 Χ
3567 868 3775 940 ριστοῦ,
3813 865 3895 931 τῷ
3922 867 4048 916 ἑπι-

802 960 990 1030 σκόπῳ
1024 962 1178 1030 ἡμῶν
1212 961 1305 1014 καὶ
1329 961 1481 1031 καλῷ
1516 961 1726 1030 ποιμένι
1762 962 1975 1033 Βλασίῳ
2004 962 2080 1032 τῷ
2109 963 2356 1033 ἀοιδίμῳ.
2404 963 2538 1018 Τότε
2563 964 2992 1034 ὀσπεκουλάτωρ
3021 964 3262 1033 ἀπέτεμε
3295 965 3394 1028 τὰς
3425 963 3663 1033 κεφαλὰς
3720 960 3829 1014 τῶν
3904 958 4051 1012 ειττά

800 1054 975 1122 ἁγίων
1011 1054 1309 1121 γυναικῶν,
1360 1056 1450 1108 καὶ
1483 1056 1880 1126 ἐτελειώθησαν
1925 1059 1982 1109 ιν
2010 1056 2200 1126 Κυρίῳ
2238 1057 2369 1124 μηνὶ
2403 1057 2776 1128 Φεϐρουαρίῳ.

875 1147 940 1201 Χ.
980 1148 1108 1200 Post
1164 1151 1276 1202 hac
1321 1148 1681 1218 autemjubet
1723 1165 1925 1218 przescs
1965 1159 2212 1203 sanctum
2248 1149 2368 1202 Bla-

806 1241 948 1294 sium
982 1240 1136 1295 educi
1161 1258 1189 1294 e
1211 1241 1480 1296 custodia.
1512 1241 1864 1311 Quojeducto,
1896 1241 2030 1296 dicit
2059 1243 2109 1297 ei
2145 1242 2371 1296 :Diisnc

808 1331 971 1384 modo
1003 1331 1300 1397 sacrificas,
1331 1331 1556 1385 annon?
1587 1331 1728 1387 Dicit
1762 1332 1811 1386 ei
1846 1344 2069 1386 sanctus
2113 1333 2321 1386 Blasius
2354 1350 2367 1387 :

808 1423 989 1487 Miser,
1032 1439 1155 1477 eum
1204 1423 1282 1478 sis
1315 1439 1512 1486 caecus,
1559 1439 1671 1478 non
1721 1425 1878 1479 vides
1927 1439 2110 1479 veram
2169 1424 2367 1477 lucem.

807 1514 941 1580 Quis
967 1515 1109 1567 enim
1144 1516 1326 1577 homo,
1357 1515 1450 1584 qui
1486 1513 1655 1569 Deum
1689 1515 1872 1570 vivum
1905 1533 2140 1585 unquam
2174 1532 2373 1585 cogno-

809 1607 909 1667 vit,
949 1607 1186 1658 mortuis
1225 1606 1534 1660 simulacris
1585 1605 1876 1670 sacriﬁcat,
1909 1616 2001 1662 aut
2045 1623 2107 1662 ea
2148 1607 2374 1661 adorat?

812 1695 892 1749 Tu
925 1712 1053 1764 ergo
1077 1698 1320 1752 tenebris
1349 1700 1594 1754 involute
1618 1708 1675 1754 et
1707 1699 1916 1769 inique,
1954 1702 2094 1755 scias
2123 1710 2173 1754 te
2203 1701 2371 1754 Deum

813 1790 994 1843 vivum
1032 1790 1322 1853 dimisisse,
1354 1799 1409 1844 et
1463 1789 1695 1846 adorare
1747 1791 1958 1860 lapides
2006 1792 2158 1845 nullo
2211 1806 2372 1844 sensu

813 1881 1091 1950 praeditos.
1148 1881 1254 1935 Sed
1287 1897 1389 1951 ego
1424 1897 1531 1934 non
1561 1882 1768 1936 timebo
1799 1883 1975 1936 minas
2007 1890 2144 1937 tuas.
2198 1881 2264 1936 Ut
2298 1882 2378 1936 vis

816 1987 970 2042 ergo,
1029 1987 1114 2027 me
1164 1983 1377 2041 torque.
1413 1973 1594 2026 Trado
1630 1974 1727 2027 tibi
1765 1990 1958 2029 carnes
2001 1990 2148 2028 meas
2185 1994 2197 2028 :
2233 1976 2378 2029 Deus

818 2073 998 2117 autem
1031 2065 1195 2117 habet
1231 2066 1427 2118 animae
1461 2076 1804 2131 potestatem.
1844 2067 2052 2120 Prmses
2080 2066 2214 2121 dicit
2259 2082 2382 2119 san-

818 2164 908 2208 cto
940 2171 955 2205 :
987 2155 1042 2208 Si
1073 2165 1123 2209 te
1168 2158 1448 2225 Projecero
1479 2159 1531 2210 in
1569 2159 1768 2222 laettm,
1801 2159 1930 2227 quid
1985 2160 2080 2213 tibi
2115 2159 2380 2228 proderit,

819 2263 984 2316 quem
1021 2249 1177 2310 dicis,
1224 2249 1494 2309 Christus,
1535 2267 1696 2318 quem
1747 2252 1912 2304 etiam
1959 2252 2195 2304 adoras?
2239 2251 2382 2303 Dixit

821 2351 1043 2394 sanctus
1089 2341 1300 2394 Blasius
1354 2360 1366 2394 :
1412 2339 1566 2394 Caeee
1605 2351 1660 2394 et
1714 2342 1862 2395 nullo
1917 2358 2080 2395 sensu
2134 2340 2380 2410 prardite,

823 2433 1128 2485 adulterina
1181 2433 1395 2495 adoras,
1447 2443 1500 2486 et
1543 2443 1702 2500 putas
1750 2445 1800 2488 te.
1835 2450 1956 2488 esse
2003 2434 2234 2487 salvum.
2274 2435 2384 2501 Ego

824 2532 1005 2575 autem
1037 2522 1314 2575 Christum
1346 2523 1532 2576 vivum
1579 2527 1782 2583 colens,
1835 2541 1940 2577 non
1975 2526 2256 2577 ostendam
2290 2524 2383 2576 tibi

826 2611 880 2664 in
943 2627 1077 2680 aqua
1128 2613 1218 2664 Dei
1274 2613 1377 2664 mei
1429 2613 1696 2665 virtutes?
1765 2615 1918 2668 Tunc
1965 2615 2127 2684 jussit
2185 2630 2386 2683 przescs

827 2719 952 2758 eum
1002 2703 1106 2772 jaci
1173 2705 1223 2757 in
1288 2704 1486 2758 lacum.
1544 2703 1778 2759 Sanctus
1834 2723 1966 2760 vero
2025 2708 2386 2774 prwveniens,

828 2797 1135 2859 obsignavit
1165 2813 1360 2864 aquam
1397 2816 1409 2850 :
1447 2814 1566 2866 quae
1600 2800 1750 2852 stetit
1777 2797 2002 2866 perinde
2031 2812 2093 2850 ac
2119 2797 2165 2849 si
2194 2796 2389 2849 fuisset

833 2905 988 2956 pons.
1030 2887 1344 2957 Sedensque
1382 2889 1434 2941 iu
1486 2889 1664 2942 medio
1705 2890 1874 2951 lacus,
1899 2891 2034 2942 dixit
2061 2890 2386 2942 lictoribus:

832 2981 890 3035 Si
926 2981 1138 3034 habetis
1173 2983 1325 3040 deos.
1369 2982 1646 3034 ostendite
1700 2997 1892 3034 eorum
1924 2983 2175 3042 virtutes,
2211 2991 2264 3033 et
2297 2995 2390 3032 vos

831 3088 1052 3142 quoque
1105 3073 1474 3141 ingredimini.
1510 3074 1813 3140 Statimque
1861 3074 2088 3142 ingressi
2111 3073 2389 3142 sexaginta

833 3177 889 3217 et
933 3175 1057 3216 octo
1108 3165 1228 3223 viri,
1288 3164 1559 3217 submersi
1614 3173 1742 3218 sunt
1796 3165 1848 3217 in
1900 3165 2169 3232 profundo
2217 3180 2388 3232 aqua).

836 3255 991 3310 Tune
1016 3256 1239 3324 angelus
1262 3255 1471 3308 Domini
1495 3256 1839 3310 descendens
1856 3256 1921 3309 ad
1953 3267 2227 3319 sanetum,
2260 3255 2394 3309 dicit

2536 1152 2594 1203 l'.
2622 1152 2775 1204 Μιτά
2799 1151 2856 1204 δὲ
2901 1150 3070 1204 ταῦτα
3098 1150 3308 1205 κελεύει
3346 1153 3374 1205 6
3401 1148 3632 1221 ἡγεμὼν
3678 1148 3922 1217 ἀχθῆναι
3954 1147 4050 1195 τιν

2471 1243 2626 1311 ἅγιον
2650 1241 2876 1296 Βλόσιον
2904 1244 2967 1296 ικ
3008 1244 3106 1312 τῆς
3136 1244 3402 1313 φρουρᾶς.
3463 1240 3747 1311 ’Δχθέντος
3784 1240 3842 1292 δι
3877 1237 4054 1291 αὑτοῦ

2467 1328 2587 1384 εἷπε
2621 1332 2757 1401 πρὸς
2788 1332 2986 1385 αὐτόν’
3016 1333 3134 1386 Κᾶν
3167 1334 3292 1404 ἀρτι
3348 1331 3499 1396 θύεις
3546 1332 3658 1391 τοῖς
3701 1329 3844 1392 θεοῖς
3880 1329 3916 1396 ἢ
3954 1322 4058 1380 οῦδ

2467 1427 2626 1490 Λέγει
2669 1424 2803 1493 πρὸς
2851 1425 3012 1477 αὐτὸν
3045 1427 3072 1476 6
3103 1425 3258 1491 ἆγιος
3298 1423 3550 1485 Βλάσιοςο
3598 1421 3814 1481 Ἀθλιε,
3845 1421 4058 1484 τυφλος

2475 1512 2549 1566 ὢν
2571 1516 2669 1584 οὐχ
2705 1516 2836 1584 ὁρᾷς
2867 1517 2925 1567 τὸ
2965 1514 3079 1582 φῶς
3101 1513 3197 1567 τοῦ
3227 1513 3366 1567 Θεοῦ
3395 1515 3456 1566 τὸ
3504 1512 3780 1583 ἀληθινόν.
3808 1510 3909 1573 Τίς
3948 1512 4059 1578 γαρ

2475 1607 2783 1676 ἀνθρώπων
2816 1607 2947 1659 ποτὲ
2977 1606 3257 1676 γνωρίσας
3281 1604 3413 1658 Θεδν
3453 1604 3653 1669 ζῶντα,
3689 1604 3938 1663 εἰδώλοις
3973 1618 4058 1652 νε·

2477 1703 2629 1770 κροῖς
2676 1699 2794 1752 θύει
2829 1699 2860 1768 ἥ
2912 1700 3242 1767 προσκυνεῖς
3283 1698 3354 1750 Σὺ
3405 1693 3538 1760 οὖν,
3569 1697 3931 1763 ἀσκοτισμένε
3968 1694 4061 1744 καὶ

2478 1791 2669 1860 ἀνομε,
2724 1789 2889 1858 γνῶθι
2919 1790 3000 1842 ὅτι
3038 1789 3172 1842 Θεὸν
3206 1789 3386 1854 ζῶντα
3435 1789 3652 1856 ἀφῆκας
3680 1825 3696 1849 ,
3753 1786 3853 1838 καὶ
3890 1785 4061 1844 λίθοις

2481 1885 2831 1954 ἀναισθήτοις
2870 1884 3219 1953 προσκυνεῖς.
3266 1879 3408 1934 Ἀλλ’
3439 1879 3550 1947 εγὼ
3575 1880 3635 1931 ού
3662 1876 4061 1946 φοϐηθήσομαι

2485 1978 2579 2040 τάς
2609 1976 2838 2037 ἀπειλάς
2865 1993 2980 2028 σου.
3018 1975 3105 2037 Ὠς
3139 1972 3316 2034 θέλεις
3359 1970 3474 2034 οὖν,
3519 1970 3695 2030 οὓτως
3727 1985 3798 2038 με
3837 1967 4066 2033 βασανι-

2492 2087 2600 2123 σον.
2631 2069 2742 2131 Τὰς
2767 2068 2974 2136 σάρκας
3010 2084 3110 2133 μου
3149 2064 3498 2134 παραδίδωμί
3527 2080 3638 2116 σοι·
3670 2062 3771 2130 τῆς
3799 2059 3856 2111 δὲ
3881 2058 4063 2127 ψυχῆς

2489 2163 2516 2213 6
2541 2161 2666 2220 Θεὸς
2701 2159 3021 2224 ἐξουσιάζει.
3071 2159 3129 2212 Ὀ
3162 2155 3385 2227 ἡγεμὼν
3418 2156 3568 2222 λέγει
3589 2155 3724 2222 πρὸς
3751 2154 3845 2204 τὸν
3879 2153 4061 2210 ᾰγιον·

2504 2253 2628 2305 Ἐὰν
2670 2252 2809 2322 ῥίψω
2836 2268 2892 2303 σε
2924 2255 2981 2303 ἑν
3011 2253 3075 2319 τῇ
3105 2251 3306 2322 λίμνῃ,
3346 2251 3401 2303 τί
3434 2266 3494 2302 σε
3542 2247 3804 2317 ὠφελήσῃ
3853 2245 3951 2297 ἐπὶ
3974 2242 4064 2295 τοῦ

2494 2345 2684 2405 ὓδατος
2712 2345 2771 2396 6v
2817 2346 2993 2411 λέγεις
3037 2344 3292 2413 Χριστὸν,
3331 2342 3392 2395 6v
3437 2344 3530 2395 καὶ
3586 2342 3959 2409 προσκυνεῖςς
4011 2335 4066 2389 ’0

2494 2439 2647 2505 ἅγιος
2676 2439 2902 2498 mam;
2937 2436 3110 2490 εἶπεν
3140 2437 3322 2503 Τυφλὲ
3355 2437 3449 2487 καὶ
3481 2433 3798 2499 ἀναίσθητε,
3837 2431 4064 2496 κίϐδηλα

2496 2533 2818 2598 προσκυνεῖς
2867 2529 3051 2596 ἄψυχα
3073 2569 3087 2589 ,
3122 2528 3218 2580 καὶ
3250 2525 3492 2594 νομίζεις
3538 2524 3780 2589 σωθῆναι
3803 2537 3817 2551 ⁸
3865 2519 3980 2580 ἐγὼ
4012 2519 4065 2570 δι

2496 2622 2615 2689 Θεῷ
2648 2623 2805 2684 ζῶντι
2839 2621 3116 2689 λατρεύων
3147 2620 3205 2671 οὐ
3230 2619 3388 2682 δείξω
3423 2633 3505 2668 σοι
3537 2618 3634 2677 τὰς
3659 2615 3754 2667 τοῦ
3781 2613 3923 2667 Θεοῦ
3966 2629 4064 2680 μου

2495 2713 2749 2779 δυνάμεις
2776 2713 2831 2762 ὲν
2857 2710 2932 2778 τῷ
2955 2709 3143 2772 ὖδατι;
3176 2709 3310 2761 Τότε
3343 2703 3435 2759 οὖν
3469 2707 3756 2758 ἀκέλευσεν
3776 2706 3806 2755 6
3841 2702 4066 2771 ἡγεμὼν

2499 2803 2758 2870 βληθῆναι
2790 2803 2950 2855 αὑτὸν
2989 2803 3044 2853 ὲν
3094 2805 3159 2871 τῇ
3188 2800 3373 2871 λίμνῃ.
3414 2800 3472 2852 '0
3501 2799 3557 2851 δὲ
3587 2799 3740 2864 ἅγιος
3773 2795 4066 2863 προλαϐὼν

2499 2894 2935 2961 κατεσφράγισεν
2980 2894 3038 2945 τὸ
3074 2894 3235 2962 ὓδωρ.
3263 2892 3370 2944 Καὶ
3394 2889 3582 2942 τούτου
3619 2890 3913 2956 γενομένου
3939 2888 4063 2952 ἔστη

2498 2984 2685 3052 ὥσπερ
2710 2985 2945 3054 γέφυρα,
2975 2984 3069 3036 καὶ
3099 2985 3384 3044 καθεσθεὶς
3413 2983 3518 3035 ἀνά
3542 2981 3706 3048 μέσον
3739 2980 3840 3045 τῆς
3870 2977 4066 3043 λίμνης

2498 3080 2524 3131 6
2552 3078 2814 3147 μακάριος
2834 3079 3060 3140 Βλάσιος
3087 3073 3208 3129 εἶπε
3241 3078 3373 3146 πρὸς
3397 3077 3525 3137 τοὺς
3547 3074 3800 3143 δημίους·
3827 3073 3888 3124 ΕΞ
3913 3071 4064 3136 ἔχετε

2500 3171 2676 3234 θεοὺς,
2707 3170 2912 3233 δείξατε
2961 3171 3060 3232 τὰς
3101 3169 3364 3238 δυνάμεις
3409 3167 3615 3228 αὐτῶν,
3667 3166 3763 3217 καὶ
3795 3164 4066 3215 εἰσέλΟετε

2502 3264 2594 3313 καὶ
2631 3263 2786 3329 ὑμεῖς
2840 3254 2939 3313 ὦδε
2991 3261 3128 3328 πρός
3173 3278 3262 3330 με.
3312 3261 3424 3313 Καὶ
3467 3259 3675 3330 εὐθέως
3731 3255 4068 3312 εἰσελθόντες

835 3350 884 3403 ei
915 3365 929 3402 :
960 3347 1142 3402 Gratia
1175 3349 1331 3416 plena
1369 3358 1422 3401 et
1454 3349 1711 3416 prmelara
1741 3349 1946 3412 anima,
1981 3347 2075 3403 Dei
2125 3349 2388 3418 pontifex,
2419 3361 2462 3417 ο
2501 3356 2510 3406 l

2419 3361 2462 3417 C
2501 3353 2906 3422 ἑξηκονταοκτὼ
2936 3353 3124 3421 ἄνδρες
3152 3352 3548 3418 κατεποντίσθη
3560 3367 3656 3401 σαν
3683 3349 3764 3409 εἰς
3793 3349 3886 3400 τὸν
3914 3345 4069 3413 βυθὲν

837 3439 1098 3509 egredere
1146 3455 1210 3492 ex
1255 3454 1416 3508 aqua,
1456 3448 1513 3494 et
1561 3440 1750 3510 accipe
1778 3456 1808 3494 a
1852 3441 1961 3496 Deo
2013 3441 2110 3494 tibi
2152 3451 2395 3511 paratam

839 3539 1098 3584 aeternam
1127 3545 1404 3584 coronam.

2502 3442 2595 3495 τοῦ
2651 3442 2860 3501 ὓδατος.
2897 3442 3028 3492 Τότε
3082 3441 3308 3507 ἄγγελος
3364 3440 3569 3509 Κυρίου
3617 3438 3897 3491 κατελθὼν
3940 3437 4070 3505 πρὸς

2505 3536 2596 3584 τὸν
2631 3533 2784 3596 ἅγιον
2815 3533 2962 3598 λέγει
3014 3532 3198 3602 αὐτῷ·
3246 3530 3685 3599 Κεχαριτωμένη
3721 3533 3817 3581 καὶ
3841 3529 4073 3597 λαμπρά

840 3624 1007 3691 ψυχὴ,
1037 3623 1288 3692 ἀρχιερεῦ
1318 3623 1410 3675 τοῦ
1441 3621 1600 3687 Θεοῦ,
1623 3623 1803 3688 ἔξελθε
1836 3625 1899 3677 ἑκ
1925 3624 2017 3677 τοῦ
2047 3624 2260 3689 ὓδατος,
2298 3626 2394 3678 καὶ
2437 3626 2793 3694 ἀπολάμϐανε
2845 3625 2938 3676 τὸν
3004 3623 3157 3695 παρὰ
3207 3624 3299 3676 τοῦ
3341 3622 3477 3676 Θεοῦ
3527 3639 3610 3675 σοι
3672 3623 4074 3691 ἡτοιμασμένον

846 3717 1106 3781 στέφανον
1140 3717 1373 3767 αἰώνιον.

914 3805 1005 3860 XI.
1064 3807 1298 3861 Sanctus
1337 3817 1518 3863 autem
1565 3809 1779 3864 Blasius
1826 3824 1949 3862 eum
1991 3826 2058 3865 ex
2089 3825 2228 3879 aqua
2279 3826 2402 3864 sur-

847 3901 1096 3964 rexisset,
1160 3908 1416 3968 tanquam
1475 3915 1640 3968 super
1694 3909 1896 3954 terram
1949 3902 2257 3967 ambulans,
2320 3914 2404 3955 est

845 4005 1122 4059 egressus,
1153 4001 1208 4045 et
1238 3991 1578 4060 rcsplenduit
1610 3993 1780 4047 facies
1813 3994 1930 4062 ejus
1960 3993 2100 4046 sicut
2126 3994 2240 4055 lux,
2265 3992 2402 4046 adeo

848 4091 909 4133 ut
962 4082 1313 4146 mirarentur,
1352 4083 1445 4150 qui
1504 4097 1631 4136 eum
1683 4083 1960 4136 videbant.
2019 4081 2226 4137 Prmses
2274 4099 2403 4137 vero

850 4170 989 4223 dixit
1015 4171 1064 4224 ei
1097 4189 1109 4225 :
1145 4171 1385 4234 Adeone,
1412 4187 1446 4226 ο
1474 4173 1663 4237 miser,
1694 4173 1931 4227 statuisti
1965 4173 2070 4226 diis
2093 4187 2201 4226 non
2235 4174 2404 4227 sacri-

852 4261 1054 4315 ﬁcare?
1111 4262 1255 4315 Dixit
1319 4272 1544 4317 sanctus
1589 4263 1805 4318 Blasius
1852 4283 1864 4317 :
1929 4265 2105 4328 Scias,
2179 4274 2406 4335 tyranne

852 4355 1202 4422 sanguivore,
1251 4369 1336 4407 me
1362 4370 1482 4408 esse
1505 4371 1723 4409 servum
1766 4357 1994 4420 Christi,
2037 4365 2092 4411 et
2127 4372 2405 4425 nunquam

855 4446 1195 4500 daemonibus
1224 4461 1346 4500 esse
1378 4447 1838 4501 sacriﬁcaturum.
1868 4449 2023 4502 Tunc
2054 4448 2134 4501 ira
2168 4450 2411 4516 percitus

2579 3807 2678 3862 IA'.
2721 3809 2779 3860 ’0
2811 3807 2865 3859 δὲ
2902 3807 3052 3873 ἅγιος
3080 3805 3307 3867 Βλάσιος
3352 3804 3588 3865 ἀναστὰς
3618 3803 3725 3854 ἀπδ
3757 3800 3853 3852 τοῦ
3889 3801 4073 3861 ὕδατος

2510 3899 2826 3962 περιπατῶν
2855 3899 2928 3960 ὼς
2961 3901 3171 3965 ὲπὶγῆς
3201 3896 3423 3964 ἐξῆλθεν
3447 3897 3714 3965 ἀϐλαϐὴς,
3743 3895 3838 3946 καὶ
3865 3893 4074 3960 ἔλαμψε

2510 3993 2568 4043 τὸ
2609 3992 2894 4059 πρόσωπον
2949 3988 3112 4041 αὐτοῦ
3168 3987 3356 4057 ὥσπερ
3412 3988 3545 4054 φῶς,
3580 3986 3722 4038 ὥστε
3773 3984 4076 4051 θαυμάζειν

2510 4083 2632 4141 τοὺς
2660 4080 2899 4150 ὁρῶντας
2928 4081 3088 4132 αὖτὶν
3111 4079 3336 4139 πιὶντας.
3368 4077 3425 4128 'U
3459 4078 3511 4129 δὲ
3549 4076 3770 4145 ἡγεμὼν
3798 4072 3919 4126 εἷπε
3947 4077 4076 4142 προς

2511 4172 2711 4226 αὐτόν’
2743 4171 3010 4223 τοσοῦτον
3047 4173 3284 4237 ἔκρινας,
3314 4171 3485 4233 ἄθλιε,
3517 4168 3609 4220 τοῦ
3642 4168 3718 4237 μὴ
3748 4167 3910 4219 θῦσαι
3974 4168 4076 4225 τοϊς

2512 4261 2692 4327 θεοτςς
2737 4263 2793 4313 '0
2815 4263 2968 4330 ἅγιος
2995 4263 3217 4323 Βλάσιος
3257 4257 3398 4312 εἴπεο
3432 4260 3691 4322 Γίνωσκε,
3732 4259 3967 4326 τύραννε
3991 4262 4077 4311 καὶ

2514 4354 2806 4422 αίμοπότα,
2838 4356 2916 4406 ὅτι
2947 4353 3177 4421 Χριστοῦ
3209 4352 3392 4413 δοῦλός
3423 4354 3560 4420 εἰμι,
3604 4352 3696 4404 καὶ
3725 4352 3785 4403 ού
3817 4351 3934 4402 θύω
3967 4351 4077 4402 δαί-

2519 4444 2643 4511 μοσί
2674 4461 2825 4496 ποτε.
2862 4445 2992 4496 Τότε
3041 4445 3297 4511 χολέσσς⁹
3330 4446 3355 4494 6
3382 4441 3607 4509 ἡγεμὼν
3628 4442 3793 4494 ἔδωκε
3828 4444 3952 4493 κατ’
3988 4444 4080 4494 αύ-

855 4552 1078 4608 ιιηιιεε,
1106 4539 1230 4592 tulit
1270 4539 1324 4591 in
1353 4554 1480 4592 eum
1517 4541 1865 4603 sententiam,
1911 4541 2099 4596 dicens
2133 4558 2146 4593 :
2176 4541 2404 4604 Blasius,
2441 4553 2485 4608 ι)
2514 4553 2530 4587 '1

2402 4585 2404 4600 ,
2441 4553 2485 4608 ι)
2514 4536 2610 4589 τοῦ
2642 4537 2738 4605 τὴν
2764 4537 3037 4602 ἀπόφασιν
3059 4537 3230 4602 λέγων
3252 4551 3264 4563 ·
3300 4529 3526 4595 Βλάσιος
3554 4536 3581 4584 6
3617 4535 3739 4601 ἐμοὶ
3773 4534 4077 4602 ἀπειθήσας

855 4631 952 4701 qui
978 4629 1108 4683 mihi
1143 4646 1250 4684 non
1283 4630 1480 4698 paruit,
1530 4641 1586 4685 et
1635 4631 2022 4700 imperatorem
2067 4635 2412 4702 contempsit,

858 4729 916 4774 et
968 4720 1101 4774 deos
1150 4721 1368 4789 probris
1413 4721 1616 4781 aﬂ‘ecit.
1656 4733 1714 4776 et
1757 4724 2032 4793 sexaginta
2083 4737 2208 4778 octo
2268 4726 2416 4778 viros

860 4811 1122 4880 perdidit,
1159 4813 1342 4880 gladio
1373 4821 1661 4867 truncetur
1691 4815 1869 4883 capite
1914 4816 2076 4868 simul
2117 4829 2241 4869 eum
2281 4815 2419 4869 duo-

865 4903 967 4959 bus
993 4903 1200 4970 pueris.
1237 4903 1469 4972 Accepta
1493 4915 1670 4958 autem
1699 4905 1993 4971 sententia,
2026 4922 2149 4960 cum
2178 4907 2419 4960 venisset

865 4993 931 5046 ad
984 4995 1185 5056 locum,
1214 5003 1364 5046 stans
1415 5003 1654 5056 sanctus,
1695 5007 1949 5065 precatus
1984 5006 2066 5051 est
2104 4996 2417 5060 Dominum,

866 5085 1054 5137 dicens
1088 5101 1100 5135 :
1135 5083 1360 5136 Domine
1386 5085 1529 5138 Deus
1556 5087 1844 5152 virtutum,
1875 5088 1965 5156 qui
1995 5103 2078 5142 me
2102 5089 2346 5143 liberasti
2390 5103 2420 5141 a

866 5176 1194 5230 simulacris.
1226 5178 1316 5244 qui
1351 5176 1605 5230 tenebras
1636 5177 1811 5233 iecisti
1845 5179 2046 5245 lucem,
2077 5188 2133 5234 et
2174 5194 2419 5234 errorem

871 5271 1182 5331 veritatem,
1217 5268 1310 5337 qui
1362 5270 1517 5324 sedes
1563 5284 1728 5339 super
1773 5269 2092 5334 Cherubim,
2139 5281 2196 5325 et
2242 5272 2424 5340 aperis

873 5368 1177 5411 cataractas
1227 5357 1513 5421 caelorum,
1541 5357 1633 5429 qui
1661 5361 1910 5414 extendis
1944 5375 2130 5414 arcum
2171 5369 2325 5415 tuum
2370 5361 2424 5414 in

875 5463 1042 5503 manu
1070 5458 1184 5513 tua,
1204 5451 1295 5517 qui
1322 5450 1596 5505 diabolum
1629 5451 1889 5507 humilem
1909 5461 1965 5508 et
1993 5454 2265 5522 abiectum
2303 5453 2426 5506 red-

879 5537 1095 5602 didisti,
1143 5549 1200 5594 et
1247 5541 1538 5596 draconem
1589 5543 1879 5605 eonfixisti,
1914 5543 2038 5598 audi
2084 5558 2170 5596 me
2211 5557 2426 5596 servum

880 5639 1062 5694 tuum,
1087 5641 1141 5686 et
1169 5632 1482 5702 quicunque
1504 5642 1569 5687 ad
1595 5635 1735 5689 hanc
1764 5649 1912 5688 aram
1945 5644 2090 5688 tuam
2114 5631 2426 5695 accesserit,

881 5738 939 5780 ct
969 5741 1351 5795 quamcunque
1384 5728 1594 5796 spinam
1622 5739 1714 5781 aut
1737 5741 1797 5781 os
1829 5726 2190 5790 devoraverit,
2219 5734 2313 5780 aut
2340 5741 2429 5778 va-

879 5818 977 5874 riis
1008 5817 1176 5873 fuerit
1209 5827 1435 5874 vexatus
1463 5819 1685 5884 morbis;
1719 5829 1812 5873 aut
1848 5819 1898 5875 in
1929 5818 2216 5874 alliictiene
2243 5817 2426 5881 fuerit,

2517 4626 2608 4679 καὶ
2654 4627 2747 4679 τοῦ
2782 4629 3179 4696 αὐτοκράτορος
3226 4627 3487 4695 βασιλέως
3527 4625 3954 4695 καταφρονήσας
3996 4628 4078 4675 καὶ

2516 4717 2640 4777 τοὺς
2672 4717 2825 4778 θεοὺς
2860 4717 3080 4769 πλείστα
3106 4717 3375 4783 ἀτιμάσας
3402 4715 3498 4767 καὶ
3521 4715 3644 4774 τοὺς
3669 4713 4079 4779 ἑξηκονταοκτὼ

2518 4809 2714 4878 ἄνδρας
2775 4810 2831 4860 ὲν
2885 4809 2962 4877 τῷ
3015 4808 3159 4876 βυθῷ
3216 4811 3313 4874 τῆς
3353 4806 3546 4875 λίμνης
3592 4805 3892 4866 ἀπολέσας,
3944 4804 4078 4870 ξίφει

2520 4903 2896 4971 ἀποτμηθήτω
2925 4903 3025 4970 τὴν
3064 4902 3304 4969 κεφαλὴν
3350 4902 3466 4968 ἄμα
3518 4902 3628 4961 τοῖς
3666 4898 3788 4950 δυσὶ
3824 4899 4076 4957 παιδίοις.

2521 4993 2715 5047 Λαϐὼν
2753 4995 2806 5046 δὲ
2837 4993 2934 5063 τὴν
2979 4995 3250 5059 ἀπόφασιν
3274 4994 3302 5044 6
3339 4992 3629 5061 μακάριος,
3661 4991 3754 5042 καὶ
3786 4989 3964 5040 ἰλθὼν
3997 4989 4078 5038 ἐπὶ

2521 5083 2611 5135 τδν
2645 5084 2830 5146 τόπον,
2867 5087 2996 5145 στὰς
3045 5085 3072 5135 6
3103 5083 3256 5150 ἅγιος
3309 5083 3655 5150 προσηύξατο
3704 5081 3842 5148 πρὸς
3877 5079 4077 5142 Κύριον

2523 5175 2717 5241 λέγων·
2751 5175 2920 5244 Κύριε
2955 5177 2984 5228 6
3008 5175 3136 5236 85‘;
3157 5174 3263 5226 τῶν
3288 5175 3588 5241 δυνάμεων,
3623 5175 3650 5224 6
3688 5171 3993 5237 ρυσάμενός
4019 5185 4075 5236 με

2525 5268 2634 5320 ἀπὸ
2654 5266 2761 5319 τῶν
2791 5267 3043 5330 είδὼλων,
3067 5267 3093 5316 6
3124 5267 3183 5319 τὸ
3215 5265 3405 5326 σκότος
3429 5264 3543 5331 φῶς
3581 5266 3814 5330 ποιήσας
3845 5261 3940 5312 καὶ
3989 5262 4075 5327 τὴν

2527 5361 2736 5426 πλάνην
2763 5359 3041 5428 ἀλήθειαν,
3069 5362 3095 5410 6
3117 5359 3422 5426 καθήμενος
3450 5357 3633 5408 ἐπάνω
3662 5354 3773 5406 τῶν
3794 5354 4075 5422 χερουϐὶμ,

2529 5453 2621 5504 καὶ
2661 5451 2888 5518 ἀνοίγων
2923 5451 3306 5519 καταρράκτας
3325 5449 3587 5518 οὐρανῶν,
3642 5445 3671 5498 6
3723 5446 3972 5504 ξκτείνας
4024 5442 4075 5493 τὸ

2528 5542 2679 5604 τόξον
2707 5559 2796 5593 σου
2832 5545 2886 5594 ὲν
2916 5546 2979 5611 τῇ
3026 5541 3167 5609 χειρί
3199 5534 3312 5604 σου,
3343 5543 3370 5592 6
3415 5541 3505 5591 τόν
3533 5536 3782 5590 διάϐολον
3815 5531 4072 5587 ταπεινὼ-

2535 5649 2652 5697 σας,
2686 5634 2778 5686 καὶ
2799 5635 2889 5686 τὸν
2923 5634 3190 5702 δράκοντα
3243 5629 3834 5701 καθη).ὼσας,ὲπήκοός
3864 5644 3965 5695 μου
3995 5641 4072 5689 για

2534 5725 2622 5778 νοῦ
2655 5725 2744 5775 τοῦ
2768 5724 2950 5776 δούλου
2981 5741 3072 5775 σου
3103 5725 3192 5774 καὶ
3219 5724 3363 5783 ὅστις
3389 5722 3454 5773 ἂν
3505 5719 3773 5789 προσέλθῃ
3802 5717 3877 5786 τῷ
3897 5717 4067 5768 θυσια-

2538 5818 2738 5887 στηρίῃ
2778 5833 2902 5883 σῖυ,
2935 5815 3110 5883 τούτῳ
3163 5815 3251 5868 καὶ
3299 5812 3508 5865 aia-165v
3559 5811 3765 5866 ἄκανθα
3811 5810 3840 5876 ἦ
3898 5804 4069 5857 όδττιῧι
