4242 6442
225 393 333 458 829

1200 405 1607 466 CERTAMEN
1647 405 1708 463 S-
1738 405 1985 465 BLASII
2019 406 2116 467 ΕΤ
2155 406 2564 468 SOCIOllUM.

3355 404 3462 469 830

228 512 567 581 καταποίειή
603 514 873 577 ποικίλαις
902 514 1079 578 νόσοις
1121 520 1414 593 περιπέσοι
1458 517 1490 587 ἢ
1526 519 1581 570 ἐν
1610 516 1785 585 θλίψει
1814 520 1859 577 Α
1887 531 1903 568 t

1814 520 1859 577 Α
1887 526 1984 571 aut
2012 516 2069 570 in
2109 518 2433 572 necessitate
2502 518 2899 587 persecutionis
2934 557 2948 578 .
2982 517 3146 585 imple
3200 531 3461 571 uniuscu-

227 601 262 670 ἢ
296 604 351 653 ἐν
380 603 592 673 ἀνάγκη
641 604 884 673 διωγμοῦ
917 605 1171 677 ὑπάρχοι,
1227 608 1513 677 πλήρωσον
1557 610 1787 662 ἐκάστου

226 694 292 747 τδ
318 694 527 764 αἴτημα
557 697 655 766 τῆς
692 700 939 769 καρδίας,
992 702 1261 763 Δέσποτα,
1305 700 1380 761 ὠς
1435 702 1641 767 ἀγαθὸς
1689 701 1786 752 καὶ

228 787 649 858 φιλάνθρωπος,
701 791 793 843 καὶ
845 793 959 852 τοῖς
990 790 1111 845 κατ’
1155 791 1275 856 hoc
1327 791 1635 845 ἐπιτελοῦσι
1683 791 1783 859 τὴν
1837 783 1841 787 ’

234 879 456 948 μνήμην
488 897 588 949 μου
622 880 679 931 ἐν
712 880 944 949 ψαλμοῖς
984 880 1077 933 καὶ
1108 879 1299 949 ὕμνοις
1345 882 1441 933 καὶ
1486 879 1595 932 τῶν
1621 870 1811 949 πενήέ

229 983 341 1019 των
368 982 460 1019 σου
499 970 867 1037 μεμνημένοις
916 970 1104 1037 μισθὸν
1131 972 1382 1040 οὐράνιον
1411 970 1656 1039 δὼρησαι
1690 976 1784 1023 καὶ

230 1057 380 1127 ζωὴν
412 1059 510 1128 τὴν
555 1061 771 1112 αἰώνιον
791 1075 802 1088 ·
836 1061 917 1114 δτι
947 1061 1337 1132 δεδοξασμένος
1360 1064 1625 1133 ὑπάρχεις
1652 1062 1787 1115 πάν-

228 1166 351 1202 τοτε
397 1149 493 1203 νῦν
524 1152 615 1203 καὶ.
642 1154 721 1213 είς
754 1152 881 1215 τοὺς
914 1152 1114 1216 αίῶνας
1148 1154 1254 1206 τῶν
1302 1152 1531 1208 αἰώνων.
1591 1154 1784 1222 ’Δμήν.

228 1240 413 1292 Ταῦτα
442 1241 496 1294 δέ
537 1241 701 1294 αὑτοῦ
733 1242 1175 1317 προσευξαμένου.
1197 1243 1462 1313 κατῆλθεν
1491 1247 1519 1298 ό
1548 1244 1785 1314 Χριστὸς

228 1326 419 1395 ὥσπερ
465 1328 657 1399 νεφέλη
685 1332 747 1383 ἐκ
778 1330 873 1382 τοῦ
908 1331 1161 1401 οὐρανοῦ,
1210 1332 1303 1385 καὶ
1329 1334 1657 1386 ἐπεσκίασεν
1690 1334 1787 1387 αὑ-

223 1416 341 1481 τὸν,
374 1419 467 1470 καὶ
512 1418 661 1486 λέγει
710 1420 845 1489 πρὸς
874 1420 1035 1475 αὑτὸν
1085 1420 1114 1474 δ
1165 1422 1377 1491 Σωτήρ·
1419 1422 1652 1490 ’Δθλητά
1682 1440 1783 1493 μου

228 1508 548 1576 ὴγαπημένε
573 1510 790 1570 Βλάσιε,
822 1510 1001 1564 πάντα
1040 1511 1108 1564 τά
1138 1510 1415 1581 αίτήματα
1439 1510 1618 1564 αὐτῶν
1643 1512 1781 1580 πλη-

227 1598 389 1667 ρώσω
412 1599 496 1651 διὰ
526 1600 607 1663 si,
637 1602 728 1653 καὶ
756 1602 814 1653 οὐ
866 1601 1027 1668 μόνον
1064 1601 1260 1664 ταῦτα.
1290 1601 1427 1655 ἀλλὰ
1460 1602 1555 1656 καὶ
1601 1602 1783 1665 καθὼς

226 1690 448 1757 ἐπηύξω
476 1693 538 1759 τῇ
576 1693 719 1759 χήρα
751 1694 979 1761 ποιήσω,
1017 1695 1112 1747 καὶ
1152 1694 1433 1764 εὐλογήσω
1481 1693 1659 1747 πάντα
1690 1693 1782 1745 τὸν

226 1776 373 1831 οἷκον
400 1782 487 1833 τὸν
514 1782 767 1834 ποιοῦντα
798 1784 898 1852 τὴν
931 1785 1149 1852 μνήμην
1184 1798 1297 1847 σου,
1333 1786 1424 1837 καὶ
1457 1785 1525 1837 τὰ
1558 1786 1781 1853 ταμιεῖα

1890 608 2090 675 jusque
2146 610 2326 662 cordis
2380 609 2721 677 petitionem,
2765 608 3014 670 Domine,
3062 615 3118 660 ιιι
3168 607 3343 660 bonus
3403 616 3459 660 et

1893 697 2174 751 clemens:
2213 700 2474 766 quoniam
2519 712 2580 753 es
2617 713 2835 765 semper
2884 696 3272 765 gloriﬁcaudus
3307 709 3456 751 nunc

1890 795 1946 840 et
2005 788 2060 841 in
2108 788 2328 842 secula:
2390 786 2524 840 Cum
2574 788 2687 840 haec
2732 796 2914 840 autem
2979 797 3117 841 esset
3183 795 3455 854 precatus,

1888 876 2140 931 Christus
2182 877 2469 932 descendit
2524 877 2589 930 de
2641 877 2779 931 cmlo
2832 887 3085 944 tanquam
3140 877 3337 939 nubes,
3394 883 3448 927 et

1889 979 2014 1017 eum
2047 967 2419 1029 obumbravit,
2456 974 2512 1019 et
2551 966 2683 1019 dicit
2714 966 2763 1019 ei
2795 965 3049 1019 Servatur
3078 981 3095 1016 :
3124 964 3323 1017 Omnes
3356 979 3453 1032 pe-

1894 1057 2122 1113 titiones
2168 1073 2360 1112 eorum
2434 1057 2669 1126 implebo
2717 1068 2937 1126 propter
3002 1065 3075 1118 te,
3129 1055 3328 1108 athleta
3382 1053 3457 1107 mi

1890 1148 2115 1204 dilecte.
2156 1149 2270 1204 Non
2305 1150 2422 1204 haec
2457 1160 2641 1203 autem
2670 1150 2869 1213 solum,
2901 1150 2993 1202 sed
3021 1150 3185 1202 etiam
3236 1148 3453 1209 faciam,

1892 1249 1950 1293 ut
1991 1250 2247 1307 precatus
2288 1256 2347 1295 es
2396 1241 2593 1304 viduze,
2650 1250 2705 1295 et
2750 1240 3067 1295 benedicam
3108 1254 3326 1291 omnem
3362 1238 3460 1290 do-

1888 1348 2060 1396 mum,
2092 1349 2211 1401 qua:
2262 1334 2339 1387 tui
2369 1335 2610 1388 celebrat
2641 1334 2982 1396 memoriam,
3012 1342 3065 1386 et
3087 1327 3322 1400 penaria
3357 1346 3455 1383 eo-

1890 1438 2011 1477 rum
2067 1424 2293 1493 replebu
2343 1423 2599 1478 omnibus
2657 1424 2815 1478 bonis
2876 1433 3107 1493 propter
3172 1423 3452 1491 pulchram

1888 1523 2036 1568 tuam
2081 1516 2484 1570 confessionem
2530 1524 2585 1568 et
2621 1515 2805 1577 ﬁdem,
2836 1532 2999 1583 quam
3050 1517 3101 1569 in
3136 1531 3219 1568 me
3263 1517 3451 1568 habes.

1885 1606 2012 1661 Haec
2069 1622 2192 1661 cum
2249 1606 2511 1662 Dominus
2557 1608 2775 1660 locutus
2830 1614 2975 1660 esset
3024 1606 3273 1675 martyri,
3324 1621 3448 1659 cum

1886 1711 2010 1750 eum
2059 1709 2218 1751 antea
2261 1697 2542 1752 eduxisset
2591 1698 2888 1765 spiculator
2939 1713 2967 1750 e
3020 1698 3274 1765 praetorio
3327 1714 3451 1750 cum

1885 1786 2102 1841 duobus
2130 1789 2454 1849 infantibus,
2476 1789 2654 1856 capita
2682 1788 2767 1839 eis
2790 1789 3089 1854 amputavit
3121 1789 3172 1839 in
3200 1788 3454 1841 Sebastea

224 1868 406 1923 αὐτῶν
430 1870 691 1940 ἐμπλήσω
742 1872 918 1941 πάσης
954 1872 1312 1944 ἀγαθωσύνης
1353 1874 1442 1928 διὰ
1486 1873 1582 1945 τὴν
1612 1873 1781 1944 καλήν
1884 1892 1899 1928 ι

1777 1892 1781 1915 ι
1884 1875 2131 1939 civitate,
2194 1877 2336 1930 intra
2390 1877 2587 1930 mmnia
2649 1891 2814 1944 supra
2871 1886 3101 1942 petram,
3164 1876 3452 1929 undecimo

228 1970 323 2005 σου
371 1957 653 2035 ὁμολογίαν
702 1957 796 2009 καὶ
843 1959 1025 2012 πίστιν
1082 1961 1178 2029 τὴν
1214 1963 1293 2023 είς
1347 1961 1485 2028 ἐμά’
1543 1962 1639 2016 καὶ
1682 1964 1779 2025 τὰς
1892 1981 1903 2017 l

1777 1982 1779 1989 τ
1892 1968 2097 2020 mensis
2153 1966 2460 2020 Februarii.
2512 1965 2728 2024 Fideles
2773 1974 2951 2018 autem
2986 1975 3040 2018 et
3092 1967 3161 2034 pii
3210 1968 3307 2018 viri
3361 1983 3452 2035 po-

225 2046 502 2115 ἁμαρτίας
534 2048 710 2099 αὐτῶν
732 2052 1091 2119 συγχωρήσας
1130 2052 1274 2121 ζωὴν
1299 2052 1516 2105 αίῶνιον
1541 2054 1773 2123 δωρήσο-
1817 2086 1857 2140 Β
1884 2073 1900 2110 ε

1817 2066 2110 2140 Bsueruut
2151 2072 2275 2111 eum
2327 2059 2380 2110 in
2426 2058 2541 2125 ipso
2588 2057 2728 2121 loco,
2794 2056 2884 2109 tibi
2936 2057 3102 2109 etiam
3166 2073 3345 2124 usque
3399 2059 3451 2111 in

230 2154 331 2205 μαι
366 2138 565 2202 αὐτοῖς.
608 2140 791 2193 Ταῦτα
837 2144 1018 2194 τοίνυν
1054 2144 1389 2213 λαλὴσαντος
1441 2144 1535 2197 τοῦ
1583 2138 1828 2214 Κυρίου⁷
1892 2145 1905 2198 Ι

1777 2166 1787 2200 ι
1820 2138 1828 2140 ⁷
1892 2145 2218 2201 hodiernum
2253 2147 2396 2201 diem
2431 2146 2610 2199 multa:
2644 2146 2955 2199 curationes
3002 2156 3338 2215 peraguntur
3386 2147 3452 2200 ad

226 2230 367 2296 πρδς
396 2232 484 2281 τὸν
514 2230 666 2297 ἆγιον
693 2232 1060 2302 ίερομάρτυρα
1087 2233 1332 2296 Βλάσιον,
1361 2233 1652 2299 ἐξενέγκας
1695 2235 1792 2287 αὑ·
1892 2236 1901 2287 1

590 2249 666 2283 ιον
693 2232 1060 2302 ίερομάρτυρα
1087 2233 1332 2296 Βλάσιον,
1361 2233 1652 2299 ἐξενέγκας
1695 2235 1792 2287 αὑ·
1892 2236 1984 2291 Dei
2014 2238 2260 2305 gloriam.

225 2320 782 2394 τὸνόσπεκουλάτωρ
830 2329 928 2377 σὺν
976 2328 1087 2387 τοῖς
1118 2326 1237 2378 δυσὶ
1284 2326 1540 2395 βρέφεσιν
1575 2328 1638 2379 ἐκ
1693 2326 1787 2379 τοῦ
1826 2329 2186 2397 πραιτωρίου,
2218 2332 2619 2399 ἀπεκεφάλισεν
2652 2333 2846 2390 αὐτοὺς
2895 2335 2951 2384 ἐν
3014 2331 3309 2399 Σεϐαστεία
3382 2332 3447 2396 τῇ

228 2413 381 2464 πάλει
416 2414 521 2465 ἔσω
547 2414 640 2467 τοῦ
668 2418 878 2485 τείχους
906 2418 994 2469 ἐπὶ
1037 2416 1240 2487 πέτρας
1272 2419 1400 2487 μηνὶ
1432 2417 1782 2488 Φεϐρουαρίῳ
1817 2419 2094 2489 ἑνδεκάτῃ.
2132 2420 2318 2473 Πιστοὶ
2352 2423 2407 2475 δέ
2456 2424 2644 2492 ἄνδρες
2675 2425 2764 2475 καὶ
2836 2424 3081 2482 εὐλαδεῖς
3160 2423 3451 2473 κατέθεντο

224 2504 389 2556 αὐτὸν
440 2507 860 2572 ἐνταφιάσαντες
886 2510 940 2559 ἐν
981 2508 1128 2576 αὐτῷ
1162 2509 1237 2575 τῷ
1262 2510 1411 2579 τόπῳ
1439 2512 1557 2576 μετ’
1613 2511 1929 2578 ἐπιμελείας
1955 2512 2175 2581 πολλῆς,
2242 2513 2368 2566 ἔνθα
2399 2514 2492 2565 καὶ
2535 2518 2695 2583 μέχρι
2735 2515 2825 2566 τοῦ
2871 2514 2964 2567 νῦν
3032 2514 3222 2565 πολλαὶ
3288 2513 3452 2565 δυνά-

230 2612 350 2661 μεις
382 2598 476 2647 καὶ
509 2598 678 2660 ίάσεις
709 2598 1084 2652 ἐπιτελοῦνται
1114 2600 1193 2662 είς
1224 2598 1381 2665 δόξαν
1407 2599 1562 2654 Θεοῦ.

303 2685 397 2740 13'.
431 2689 688 2741 Μαθοῦσα
744 2691 798 2743 δὲ
831 2694 921 2742 καὶ
955 2692 985 2760 ἡ
1020 2691 1179 2760 τιμία
1228 2693 1322 2744 καὶ
1346 2691 1575 2759 εὐσεϐὴς
1607 2692 1781 2763 γραῦς
1969 2689 1978 2743 ἶ

1969 2689 2086 2743 XII.
2121 2689 2255 2743 Cum
2297 2705 2422 2743 vero
2454 2692 2749 2759 accepisset
2782 2692 3087 2745 veneranda
3116 2702 3169 2744 et
3201 2692 3285 2760 pia
3321 2705 3457 2747 anus

224 2776 327 2845 τὴν
362 2778 637 2831 τελείωσιν
676 2780 766 2833 τοῦ
799 2781 954 2847 ἁγίου
1000 2784 1095 2835 καὶ
1136 2780 1410 2851 μακαρίου
1452 2783 1782 2852 ίερομάρτυο

1781 2815 1782 2820 η
1899 2781 2429 2835 consummationem
2461 2782 2605 2835 beati
2645 2785 2898 2851 martyris
2934 2784 3118 2846 Dlasii,
3159 2783 3456 2837 celebravit

233 2884 323 2935 ρος
356 2869 583 2921 Βλασίου
617 2871 899 2925 ἐπετέλεσε
944 2873 1041 2944 τὴν
1078 2874 1297 2942 μνήμην
1343 2873 1505 2927 αὐτοῦ
1562 2875 1700 2928 κατὰ
1727 2874 1786 2927 τὸ
1896 2887 1908 2923 1

1780 2896 1786 2925 ι
1896 2871 2015 2940 ejus
2049 2871 2366 2924 memoriam
2402 2886 2467 2924 eo
2512 2871 2644 2934 ritu.
2680 2888 2789 2940 quo
2832 2874 3125 2927 celebravit
3180 2876 3230 2926 in
3273 2883 3455 2926 custo-

232 2960 417 3028 σχῆμα
444 2961 471 3012 δ
503 2963 753 3032 ἐποίησεν
785 2966 841 3015 ἐν
871 2968 933 3034 τῇ
970 2965 1183 3035 φυλακῇ
1210 2980 1224 2995 °
1256 2966 1348 3018 καὶ
1380 2965 1440 3018 οὐ
1475 2967 1636 3034 μόνον
1661 2983 1788 3031 συγο
1891 2978 1907 3016 ι

1784 2994 1788 3006 -
1891 2962 2023 3016 dia:
2058 2971 2113 3016 et
2162 2977 2268 3015 non
2312 2963 2485 3015 solum
2540 2964 2792 3031 cognatis
2844 2964 2993 3016 misit
3041 2980 3106 3017 ex
3158 2965 3459 3018 seminibus

228 3054 478 3120 γενεῦσιν
503 3055 757 3123 ἀπήγαγε
810 3058 908 3118 τὰς
943 3057 1006 3110 ἐκ
1045 3055 1150 3109 τῶν
1181 3055 1513 3126 σπερμάτων
1551 3056 1648 3124 τῆς
1677 3056 1784 3123 γῆς
1891 3063 1903 3107 1

1783 3078 1784 3082 η
1891 3063 2054 3108 terra
2096 3052 2510 3108 benedictiones
2565 3064 2621 3108 et
2688 3069 2753 3107 ex
2817 3055 3065 3121 reliquis,
3140 3055 3231 3108 sed
3294 3057 3458 3108 etiam

230 3144 477 3210 εὐλογίας
522 3148 614 3198 καὶ
646 3148 754 3198 τῶν
800 3145 1001 3199 λοιπῶν
1052 3147 1344 3215 ἐδωδίμων,
1388 3147 1521 3199 ἀλλά
1556 3148 1659 3214 γὰρ
1690 3148 1783 3199 καὶ
1887 3162 1905 3199 ε

1887 3145 2143 3199 omnibus
2171 3146 2376 3199 amicis.
2416 3145 2515 3209 Qui
2548 3144 2787 3198 vicissim
2836 3146 3133 3204 imitantes.
3174 3162 3367 3199 rursus
3405 3147 3458 3200 in

232 3235 366 3286 πᾶσι
406 3235 577 3302 φίλοις
636 3238 729 3288 καὶ
758 3240 1016 3305 γνωστοῖς
1068 3238 1262 3300 οἵτινες
1283 3238 1785 3306 ἁντιμιμησάμενοι
1897 3253 1907 3287 ι

1781 3275 1785 3289 .
1897 3236 2091 3289 eodem
2120 3246 2372 3304 tempore
2404 3236 2740 3289 remiserunt
2762 3251 2868 3288 non
2894 3237 3066 3289 solum
3093 3236 3234 3289 llchi
3264 3238 3456 3295 viduae.

232 3327 402 3377 πὶλαι
431 3327 488 3378 ἐν
510 3324 587 3395 τῷ
610 3327 784 3395 καιρῴ
814 3325 888 3394 τῷ
912 3327 1061 3395 αὑτῷ
1094 3326 1416 3396 ἀνέπεμψαν
1437 3327 1497 3378 οὐ
1535 3328 1692 3394 μόνον
1716 3328 1782 3395 τῇ
1890 3344 1907 3383 ε

1773 3329 1782 3395 i
1890 3329 1988 3383 sed
2015 3330 2178 3383 etiam
2214 3329 2469 3382 omnibus
2513 3329 2629 3382 suis
2662 3329 2874 3389 amicis,
2914 3338 2970 3381 et
2998 3330 3263 3395 cognatis.
3296 3327 3448 3383 Unde

232 3416 371 3483 αὐτῇ
398 3419 558 3485 metu
586 3418 745 3487 χήρᾳ,
775 3416 911 3469 ἀλλὰ
942 3417 1031 3469 καὶ
1058 3418 1188 3469 πᾶσι
1236 3418 1348 3478 τοῖς
1399 3417 1579 3470 αὐτῶν
1612 3417 1787 3484 φίλοις
1816 3399 1858 3454 C
1898 3436 1907 3472 ι

1785 3436 1787 3441 '
1816 3399 1858 3454 ο
1898 3421 2064 3473 etiam
2095 3419 2354 3471 traditum
2382 3429 2466 3471 est
2500 3418 2603 3472 hoc
2638 3418 2922 3485 pulchrum
2957 3427 3010 3470 et
3040 3420 3238 3470 bonum
3276 3433 3460 3470 caem-

234 3505 331 3558 καὶ
361 3507 700 3572 συγγενέσιν.
756 3505 922 3560 Ὀθεν
953 3506 1140 3559 ἔκτοτε
1174 3509 1333 3575 μέχρι
1366 3506 1459 3559 καὶ
1490 3505 1583 3559 νῦν
1614 3506 1784 3559 διεδόο
1894 3524 1909 3576 ι

1783 3540 1784 3543 η
1894 3510 2045 3576 plum
2079 3523 2248 3577 usque
2280 3508 2335 3561 in
2364 3507 2694 3560 hodiernum
2720 3506 2863 3559 diem
2894 3506 3167 3568 omnibus,
3202 3509 3293 3575 qui
3327 3505 3458 3559 lide-

235 3596 304 3666 θη
340 3594 496 3651 τοῦτο
524 3597 584 3651 τὸ
607 3598 768 3651 καλὸν
806 3600 898 3651 καὶ
927 3597 1132 3666 ἀγαθὸν
1164 3596 1464 3667 ὑπόδειγμα
1498 3597 1661 3667 μέχρι
1688 3600 1785 3668 τῆς
1889 3595 1905 3649 Ι

1889 3595 2015 3649 liter
2049 3604 2315 3664 peragunt
2351 3593 2718 3647 venerandam
2752 3593 3067 3645 memoriam
3112 3592 3288 3646 sancti
3317 3605 3461 3642 mar-

237 3688 477 3758 σήμερον
507 3689 564 3741 ἐν
617 3691 749 3741 πᾶσι
783 3691 895 3751 τοῖς
932 3705 1129 3750 πιστωι,
1156 3687 1462 3741 ἐπιτελοῦσι
1484 3688 1581 3757 τὴν
1604 3687 1788 3756 τιμίαν
1889 3695 1909 3740 t

1783 3707 1788 3731 ν
1889 3686 2024 3754 tyris
2063 3686 2246 3749 Blasii,
2293 3700 2416 3738 cum
2444 3682 2785 3752 lampadibus
2813 3691 2869 3735 et
2909 3683 3123 3752 hymnis
3171 3694 3224 3736 et
3265 3696 3458 3748 magno

237 3777 333 3829 καὶ
362 3777 560 3849 σεπτήν
591 3780 816 3848 μνήμην
842 3779 934 3831 τοῦ
969 3778 1125 3845 ἁγίου
1158 3778 1250 3830 καὶ
1272 3776 1483 3840 ἐνδόξου
1527 3775 1786 3845 ίερομὰρ-
1891 3793 1912 3831 ε

1781 3805 1786 3814 -
1891 3777 2055 3845 epulo
2090 3795 2102 3830 :
2134 3777 2200 3830 ad
2254 3777 2482 3846 gloriam
2532 3775 2925 3843 omnipotentis
2982 3774 3075 3827 Dei
3136 3783 3189 3826 et
3242 3773 3456 3826 Domini

234 3880 397 3936 τυρος
425 3865 653 3921 Βλασίου
684 3869 820 3937 μετὰ
848 3868 1143 3936 λαμπάδων
1175 3867 1269 3920 καὶ
1298 3864 1483 3935 ὓμνων
1510 3868 1604 3918 καὶ
1652 3867 1788 3919 εὑω-
1892 3882 1909 3920 ι

1778 3895 1788 3905 -
1892 3868 2065 3921 nostri
2092 3867 2220 3921 Jesu
2260 3866 2463 3921 Christi
2501 3884 2513 3920 :
2552 3867 2639 3919 cui
2689 3866 2856 3934 gloria
2900 3874 2953 3918 et
3004 3864 3245 3932 potentia
3293 3863 3453 3915 simul

239 3958 361 4026 χίας
393 3956 590 4028 πολλῆς
615 3959 693 4021 είς
736 3959 891 4024 δόξαν
916 3958 1049 4011 Θεοῦ
1084 3957 1521 4027 παντοκράτορος
1552 3958 1645 4009 καὶ
1674 3958 1787 4009 Ku-
1887 3970 1914 4009 c

1781 3986 1787 3998 -
1887 3970 2009 4009 cum
2037 3967 2227 4009 sancto
2260 3966 2313 4011 et
2339 3957 2559 4011 viviilco
2593 3955 2828 4024 Spiritu,
2868 3968 3014 4008 nunc
3050 3963 3104 4008 et
3149 3968 3365 4021 semper
3401 3960 3456 4007 et

241 4046 358 4116 ρίου
396 4045 552 4115 ήμῶν
602 4046 772 4114 Ἰησοῦ
811 4046 1046 4116 Χριστοῦ
1075 4044 1170 4098 τοῦ
1200 4044 1559 4112 δοξαζομένου
1590 4047 1646 4097 ἐν
1674 4048 1786 4107 τοίς
1893 4046 1910 4101 i

1087 4044 1170 4098 τοῦ
1200 4044 1559 4112 δοξαζομένου
1590 4047 1646 4097 ἐν
1674 4048 1786 4107 τοῖς
1893 4046 1949 4101 in
1978 4047 2174 4101 saecula
2202 4048 2547 4101 saculorum.
2570 4047 2762 4099 Amen.

241 4136 418 4203 ἁγίοις
438 4136 623 4190 αὐτοῦ’
654 4130 697 4203 ᾧ
731 4140 762 4208 ή
791 4138 913 4204 δόξα
945 4139 1122 4192 καὶτὸ
1152 4138 1349 4207 κράτος
1373 4136 1487 4206 ἅμα
1522 4138 1597 4207 τῷ
1649 4138 1787 4207 ἁγίῳ
1827 4137 2002 4208 Πατρὶ
2056 4141 2148 4192 σὺν
2180 4138 2255 4209 τῷ
2292 4138 2429 4208 ἁγίῳ
2459 4136 2754 4206 Πνεύματι,
2792 4134 2887 4189 νῦν
2930 4134 3021 4187 καὶ
3085 4132 3169 4186 ἀεὶ
3214 4133 3305 4187 καὶ
3372 4133 3454 4195 εἰς

235 4227 367 4291 τοὺς
392 4229 592 4292 αἰῶνας
620 4228 726 4282 τῶν
757 4230 983 4283 αίὼνων.
1018 4230 1213 4300 Ἀμήν.
