4242 6442
238 380 347 445 833

1064 379 1478 445 CERTAMEN
1521 380 1581 443 S.
1621 377 2025 442 ACEPSlM/E
2052 379 2148 441 ET
2180 379 2599 441 SOCIORUM.

3423 389 3528 454 834

242 519 259 570 ι
290 498 326 553 ά
356 516 473 557 σου.
514 497 671 554 Ἐπεὶ
689 497 749 553 δε
770 515 851 562 τις
883 495 1123 569 συνήθης
1158 498 1254 552 καὶ
1283 497 1439 568 φίλος
1469 495 1547 568 τῷ
1577 492 1834 566 μακαρίῳ

1898 518 1909 555 ι
1939 508 1973 548 ο
1999 493 2096 557 iiIi,
2130 496 2329 566 inquit.
2361 496 2665 551 secundum
2697 497 2923 552 verbum
2957 506 3134 553 tuum.
3172 499 3307 555 Cum
3344 515 3527 561 autem

250 594 528 666 ’Δκεψιμᾷ
580 592 900 663 λεγομένων
931 592 1143 646 τούτων
1192 594 1403 663 παρῆν,
1435 592 1740 655 ἐπίσκοπος
1771 592 1830 645 δὲ

238 686 339 740 καὶ
367 686 527 748 αὐτὸς
562 686 660 754 τῆς
688 688 746 739 εν
776 685 1035 755 γειτόνων
1069 685 1281 748 πόλεως
1311 680 1401 756 ἦν,
1424 686 1588 755 ήρετο
1616 686 1676 737 τὸ
1701 700 1832 761 παιέ

236 776 352 830 δίον
394 774 751 844 ὑπομειδιῶν,
801 774 940 828 Είπί
974 792 1091 844 μοι,
1125 774 1343 841 τέκνον,
1390 774 1533 838 εἰπὲ,
1566 774 1620 825 εί
1650 793 1702 828 τι
1738 773 1833 826 καὶ

239 866 376 936 παρ’
421 865 575 935 ἡμῶν
604 864 873 933 ἔγνωκας.
941 867 982 919 0
1013 865 1068 918 δέ
1097 883 1161 934 γε
1211 866 1647 935 θεοφορούμενος
1677 869 1827 931 παῖς,

240 960 353 1015 Καί
389 960 644 1035 σοκέςη,
680 961 815 1028 πρὸς
859 959 959 1030 τὴν
994 960 1149 1013 πόλιν
1180 960 1459 1014 ἐπανιόντι
1482 959 1580 1030 τὴν
1604 960 1704 1027 σὴν
1734 961 1833 1012 οὐκ

240 1050 459 1118 ιξέσται
487 1053 693 1122 ταύτην
724 1055 875 1115 ἰδεῖν,
922 1053 1059 1108 ἀλλά
1086 1054 1227 1108 κατὰ
1254 1054 1353 1125 τὴν
1384 1053 1579 1123 κώμην
1622 1054 1830 1124 ’Δθρω-

238 1146 415 1219 δαράν
462 1146 793 1210 καταλύσεις
827 1149 918 1200 τὸν
972 1146 1089 1217 βίον
1118 1164 1131 1177 °
1164 1146 1200 1201 ἀ
1237 1147 1304 1218 δὴ
1360 1148 1454 1199 καὶ
1497 1147 1833 1215 ἀμφοτέροις

240 1244 385 1294 κατὰ
408 1240 505 1311 τὴν
525 1242 619 1292 τοῦ
654 1238 843 1302 παιδὸς
872 1238 1117 1304 ὲξέὸαινε
1150 1239 1477 1311 πρόρρησιν.
1517 1238 1681 1291 Ἀλλά
1702 1236 1835 1291 ταῦ·

240 1350 309 1387 τα
337 1334 435 1405 μεν
464 1336 570 1405 πρὸ
596 1334 689 1388 τοῦ
708 1336 798 1387 τὸν
830 1334 1090 1405 μάρτυρι
1127 1333 1523 1404 συλληφθῆναι.

314 1517 391 1572 Γ.
434 1517 585 1571 Ἐπεὶ
625 1517 682 1570 δὲ
735 1517 829 1570 καὶ
885 1517 1028 1571 ἑάλω
1076 1517 1169 1571 καὶ
1206 1516 1296 1570 διά
1326 1515 1425 1586 τῆς
1447 1515 1614 1569 αὑτοῦ
1652 1514 1833 1577 οίκίας

240 1613 429 1685 ἧγετο,
453 1612 558 1664 τῶν
585 1610 832 1680 συνήθων
851 1628 934 1673 τις
968 1610 1196 1681 πλησίον
1228 1612 1542 1678 γινόμενος,
1572 1607 1833 1669 Διάταξαί

239 1721 296 1757 τι
321 1706 450 1773 περὶ
482 1704 573 1756 τοῦ
599 1704 748 1757 οίκου
781 1721 897 1767 σου,
925 1706 1062 1773 προς
1088 1706 1147 1757 τὸ
1172 1704 1264 1766 οῦς
1296 1702 1447 1771 αὺτῷ
1479 1703 1606 1772 ἔφη.
1668 1702 1724 1753 Ὀ
1751 1701 1829 1764 δὲ,

238 1798 393 1868 Δῦτη
435 1799 467 1867 ἡ
496 1799 665 1864 οίκία,
700 1801 766 1868 τῇ
804 1802 949 1867 χειρὶ
982 1798 1183 1863 δείξας,
1212 1798 1312 1850 οὐκ
1342 1797 1491 1849 ἔστιν
1513 1796 1660 1848 οίκία
1690 1812 1792 1864 μου
1815 1810 1827 1823 °

1938 585 2163 653 quidam
2208 587 2498 642 familiaris
2553 595 2607 643 et
2660 588 2868 643 amicus
2926 591 3231 659 Acepsimae
3282 594 3522 661 adesset,

1938 693 2064 731 cum
2102 679 2215 732 haec
2248 680 2566 734 dicerentur
2598 682 2762 748 (erat
2799 697 2928 736 vero
2968 686 3015 737 is
3072 700 3290 754 quoque
3337 690 3528 741 vicinae

1935 771 2176 825 civitatis
2219 774 2571 842 episcopus),
2628 776 2919 830 subridens
2976 780 3183 846 rOgavit
3240 794 3465 847 puerun.
3507 824 3521 841 ,

1940 862 2172 918 dicens:
2214 865 2308 919 Dic
2335 866 2490 928 mihi,
2520 881 2552 919 ο
2582 865 2680 928 liii,
2720 870 2902 923 scisne
2956 869 3024 924 de
3060 870 3217 924 nobis
3268 872 3474 940 aliquid

1937 953 2080 1010 Puer
2108 967 2288 1011 autem
2317 973 2346 1012 a
2381 959 2490 1014 Deo
2518 960 2815 1027 inspiratus
2848 977 2861 1012 :
2894 962 3013 1015 Tibi
3052 978 3296 1031 quoque,
3326 966 3525 1035 inquit,

1936 1047 2003 1102 ad
2031 1059 2175 1103 tuam
2210 1051 2459 1105 redeunti
2489 1051 2791 1117 civitatein,
2821 1069 2927 1107 non
2957 1055 3142 1108 licebit
3169 1071 3289 1109 eam
3315 1060 3516 1122 Videre,

1937 1142 2032 1197 sed
2063 1157 2093 1197 e
2124 1144 2233 1196 vita
2266 1143 2505 1199 excedes
2540 1145 2592 1198 in
2660 1161 2820 1215 pago.
2884 1145 2980 1215 qui
3036 1146 3242 1199 dicitur
3293 1147 3523 1202 Ain-ra-

1936 1232 2129 1287 daran.
2188 1236 2321 1300 Qu;e
2380 1237 2603 1305 quidem
2657 1239 2935 1292 ambobus
2991 1249 3319 1305 evenerunt,
3384 1242 3521 1294 Sil'lr.

1939 1342 2073 1395 puer
2101 1330 2454 1397 pradixerat.
2491 1329 2595 1384 Sed
2634 1332 2747 1385 ltzec
2772 1334 3016 1403 quidem,
3053 1344 3345 1403 antequam
3378 1350 3493 1388 utar

1937 1429 2026 1493 tyr
2054 1431 2196 1475 essvt
2230 1424 2685 1490 comprehensus.

2010 1514 2099 1567 Ill.
2129 1514 2263 1569 Cum
2301 1524 2481 1569 autem
2512 1529 2659 1572 esset
2709 1525 2927 1585 captus,
2986 1525 3057 1574 et.
3093 1520 3387 1574 duceretur
3429 1534 3515 1584 per

1934 1606 2157 1659 domum
2195 1622 2371 1669 suam,
2416 1624 2587 1677 prope
2617 1614 2886 1664 accedens
2920 1610 3141 1678 quidam
3177 1626 3239 1664 ex
3290 1612 3509 1662 ian-ilia-

1939 1698 2089 1752 ribus
2121 1715 2134 1751 :
2172 1698 2409 1767 Dispone
2466 1702 2673 1768 aliquid
2713 1703 2781 1755 de
2824 1702 2989 1756 duino
3042 1714 3155 1768 tua,
3186 1704 3231 1755 ei
3294 1703 3431 1754 dixit
3469 1706 3500 1754 i-

1936 1805 2146 1846 aurent.
2195 1791 2287 1846 ille
2320 1808 2489 1849 vero:
2521 1794 2667 1857 Hice,
2702 1795 2883 1861 inquit
2910 1800 2925 1863 (
2956 1796 3104 1849 illam
3134 1811 3298 1848 manu
3334 1803 3523 1847 osten—

241 1888 357 1958 ὶγὼ
521 1890 619 1960 ἠδη
654 1864 919 1959 πρό-ς
965 1892 1078 1944 ἀνω
1107 1891 1233 1943 ὅσον
1269 1888 1422 1943 οὗπω
1462 1890 1558 1942 καὶ
1591 1890 1831 1959 μετοικίι

1898 1868 2139 1949 ιιίειηε),
2173 1901 2281 1939 non
2337 1895 2420 1940 est
2455 1888 2693 1954 amplius
2752 1890 2949 1942 domus
3007 1904 3146 1942 mea.
3208 1889 3319 1955 ligo
3373 1891 3517 1943 enim

243 1982 435 2050 ζομαι.
468 1983 556 2034 Ἐν
592 1985 657 2051 τῇ
708 1983 867 2034 πόλει
910 1982 966 2035 δι
1004 1984 1175 2053 ’Δρσῇ
1210 1982 1453 2051 γεγονὼς
1490 1982 1585 2035 καὶ
1615 1980 1692 2051 τῷ
1723 1981 1833 2033 τῶν

247 2078 442 2148 μάγων
467 2074 696 2145 ἀρχηγῷ
718 2075 1010 2145 παραστάς
1044 2075 1237 2147 (ὄνομα
1259 2073 1407 2143 αὐτῷ
1441 2074 1699 2144 ’Δδραχὸς
1725 2073 1834 2142 γὰρ

242 2166 362 2241 ἧν).
402 2168 799 2238 είΧριστιανὸς
831 2168 917 2237 εἴη
951 2169 1294 2237 ἐπηρωτᾶτο.
1318 2166 1403 2229 Ὡς
1434 2165 1490 2217 δὲ
1526 2164 1738 2236 μεγάλῃ
1768 2166 1832 2234 τῇ

243 2270 397 2335 φωνῇ
418 2265 578 2318 τοῦτο
612 2261 751 2318 εἶναι
782 2265 1210 2333 διωμολόγησεν,
1236 2261 1447 2315 Οὐκοῦν
1476 2261 1677 2327 ἀληθῆ,
1703 2261 1831 2331 ἔφη,

240 2360 313 2412 τά
340 2358 468 2427 περὶ
491 2357 583 2410 σοῦ
604 2357 978 2425 φημιζόμενα,
1006 2356 1079 2417 ὼς
1095 2354 1392 2423 βασιλικῶν
1418 2372 1476 2407 τε
1498 2355 1618 2422 εἴης
1664 2368 1836 2422 προσ-

241 2448 453 2511 τάξεων
518 2447 881 2515 καταφρονῶν
910 2486 924 2511 ,
970 2448 1063 2501 καὶ
1104 2447 1179 2509 ὡς
1210 2447 1304 2499 ἕνα
1364 2445 1661 2515 κηρύττεις
1692 2444 1832 2496 Θεὸν

244 2538 580 2599 ἀπεναντίας
619 2537 695 2605 τῷ
729 2535 997 2605 βασιλικῷ
1044 2536 1300 2604 δόγματι.
1340 2536 1413 2587 Τὸ
1443 2535 1500 2587 δὲ
1560 2534 1835 2603 μακάριον

245 2629 425 2681 ἐκεῖνο
450 2631 625 2698 γῆρας
655 2628 810 2681 οὐδὲν
857 2628 1264 2690 ὖποδειλιάσαν,
1306 2629 1490 2682 Πάντα
1518 2628 1641 2691 ὅσα,
1673 2628 1832 2697 φησὶ,

243 2720 471 2774 τοιαῦτα
498 2720 626 2789 περὶ
658 2718 816 2787 ἡμῶν
831 2722 1077 2791 ἀκήκοας
1104 2718 1279 2789 ἀληθῆ
1300 2718 1662 2788 τυγχάνουσιν
1679 2716 1830 2771 ὄντα.

246 2813 389 2867 Ἐνα
424 2814 533 2885 γὰρ
567 2813 833 2882 κηρύσσω
864 2812 1001 2865 Θεὸν
1030 2813 1173 2865 κατά
1200 2814 1298 2875 τὰς
1334 2813 1465 2882 παρ’
1497 2812 1654 2881 ἡμῶν
1684 2811 1837 2873 θείας

246 2910 477 2981 Γραφάς
511 2912 605 2964 καὶ
632 2913 744 2970 τοῖς
770 2910 845 2973 ὡς
869 2908 969 2978 ἐμὲ
1003 2924 1232 2976 φοιτῶσι
1260 2908 1456 2961 τούτου
1490 2906 1836 2974 πρεσϐευτάς

247 2997 391 3056 εἶναι
431 3001 527 3055 τοῦ
558 3003 832 3071 δόγματος
862 3000 1191 3069 ὑποτίθημι.
1234 3000 1344 3053 Καὶ
1383 3001 1411 3052 ό
1450 3000 1626 3069 μάγος
1652 3010 1668 3025 ⁸
1698 2999 1834 3066 Φροο

248 3095 407 3162 νήσει
427 3109 485 3146 σε
514 3093 800 3162 διαφέρειν
837 3091 949 3144 τῶν
984 3091 1195 3145 πολλῶν
1220 3092 1569 3160 ἀκηκόαμεν,
1592 3090 1625 3158 ἦ
1646 3106 1728 3151 τις
1758 3086 1838 3157 τῷ

253 3184 454 3254 μακρῷ
474 3184 652 3254 χρόνῳ
679 3185 773 3235 καὶ
804 3185 867 3252 τῇ
913 3184 1081 3253 πείρᾳ
1105 3181 1456 3251 ὼκιμωτὲρα
1482 3182 1832 3233 καθίσταται.
1865 3202 1907 3258 C

249 3276 369 3331 Νῦν
393 3277 448 3329 δὲ
498 3276 599 3345 οὐχ
626 3276 797 3338 οὓτως
836 3274 1029 3343 ὥσπερ
1063 3274 1382 3343 ἠκούσαμεν
1414 3274 1508 3325 καὶ
1536 3274 1669 3341 όρᾷν
1695 3272 1836 3339 πάρ-

251 3385 369 3423 εστι
394 3386 408 3401 ·
444 3367 716 3421 διάκεισαι
751 3367 858 3435 γάρ
900 3366 1087 3427 παιδὸς
1120 3365 1483 3433 ἀφραίνοντος
1524 3362 1645 3417 κατ’
1677 3364 1832 3416 οὐδὲν

251 3462 476 3529 ἄμεινον
502 3476 518 3491 ο
549 3460 669 3511 ἐπεί
696 3476 799 3512 που
843 3456 1003 3509 τοῦτο
1025 3456 1295 3519 συνέσεως
1332 3458 1364 3529 ἢ
1395 3457 1573 3519 καλῶς
1604 3454 1836 3526 εχούσης

253 3554 475 3623 φρενὸς,
524 3551 602 3621 τῷ
640 3551 937 3621 βασιλικῶν
982 3551 1268 3619 δογμάτων
1326 3554 1693 3617 καταφρονεῖν
1740 3552 1838 3602 καὶ

256 3647 333 3717 μὴ
364 3648 691 3716 προσκυνεῖν
729 3644 939 3697 ἐθέλειν
970 3642 1046 3711 τῷ
1068 3660 1127 3695 τε
1160 3644 1294 3713 ἡλίῳ
1325 3644 1420 3696 καὶ
1452 3642 1529 3711 τῷ
1565 3643 1724 3710 πυρὶ,
1755 3639 1837 3705 οἷς

251 3741 391 3811 δῆτα
424 3742 519 3794 καὶ.
544 3739 803 3810 βασιλεὺς
825 3737 987 3798 αὐτὸς
1024 3736 1342 3807 προσκυνεῖ.
1387 3734 1446 3788 '0
1477 3734 1570 3788 τοῦ
1598 3733 1836 3804 Χριστοῦ

250 3832 551 3905 ἀρχιερεὺς
574 3831 933 3901 ἀπεκρίνατο.
972 3829 1154 3881 Πολλά
1188 3844 1279 3896 μοι
1318 3828 1525 3897 δοκεῖή
1555 3827 1664 3881 τῶν
1700 3830 1841 3897 Περι

255 3922 367 3978 σῶν
420 3921 763 3990 ἀνοηταίνειν
798 3917 965 3988 ἀρχὴ,
1013 3918 1097 3972 ὅτι
1144 3916 1239 3970 τοῦ
1274 3916 1561 3980 κτίσαντος
1589 3917 1838 3988 ἀφεμένη

251 4013 543 4084 λατρεύειν
594 4011 737 4079 ἔγνω
780 4012 895 4074 τοῖς
932 4008 1223 4080 κτίσμασι.
1264 4010 1363 4072 Τίς
1413 4010 1523 4079 γὰρ
1557 4007 1837 4079 εὐφρονῶν

251 4107 316 4161 sit
342 4104 438 4159 τοῦ
476 4102 613 4158 Θεοῦ
665 4103 831 4167 σίδας
888 4104 1002 4165 τοῖς
1044 4102 1151 4155 ὑπὸ
1206 4099 1347 4153 Θεοῦ
1393 4101 1704 4171 περιθεῖναι
1738 4116 1836 4153 πε-

254 4198 576 4269 ποιημένοις
605 4197 869 4261 ἀνέξοιτο,
924 4193 1117 4265 ὥσπερ
1172 4194 1333 4264 ὑμεῖς
1372 4195 1599 4258 ποιεῖτε,
1646 4192 1837 4247 ἀνόσια

250 4290 512 4361 δρῶντες,
544 4290 637 4341 καὶ
681 4288 846 4351 αὑτός
877 4304 943 4355 γε
982 4277 1138 4350 οὗτος
1165 4287 1194 4339 ό
1244 4286 1512 4357 ὑμέτερος
1544 4285 1833 4353 βασιλεύςς

264 4384 327 4437 'D
352 4382 432 4445 δὲ,
473 4381 687 4433 ’Δνόσια
720 4380 856 4451 δρᾷν
909 4380 1057 4448 ἡμᾶς
1096 4378 1282 4445 λέγειν
1308 4379 1538 4449 τολμᾷς,
1572 4376 1699 4447 ἔφη,
1734 4394 1838 4446 τη-

252 4474 492 4543 λικούτῳ
532 4470 973 4544 προσκυνοῦντας
1007 4472 1257 4542 στοιχείῳ
1288 4472 1383 4524 καὶ
1424 4470 1677 4538 ζωογόνῳ
1698 4470 1834 4540 ἡλίῳ

254 4568 642 4638 λατρεύοντας,
679 4565 861 4618 ἀνόσιε
892 4563 1123 4632 τάληθὲς
1157 4564 1221 4616 σὺ
1281 4563 1376 4617 καὶ
1409 4563 1545 4633 λῆρε
1578 4566 1674 4617 καὶ
1728 4580 1836 4632 μα-

252 4662 414 4716 ταίου
450 4660 732 4730 προστάτα
770 4656 1223 4727 θρησκεύματος;
1265 4654 1410 4709 Ἀλλ’
1440 4658 1489 4707 εί
1534 4656 1609 4725 μὴ
1639 4653 1717 4723 τῷ
1743 4655 1835 4707 τοῦ

258 4753 528 4825 βασιλέως
582 4750 748 4813 εἴξεις
800 4750 1213 4819 προστάγματι,
1286 4749 1379 4800 καὶ
1435 4749 1841 4818 προσκυνήσεις

255 4840 335 4905 οἷς
372 4844 479 4912 ἄρα
510 4841 605 4894 καὶ
641 4839 802 4903 αὐτὸς
838 4840 1156 4906 προσκυνεῖ,
1190 4836 1316 4891 οὕτε
1346 4838 1404 4889 τὸ
1434 4839 1610 4907 γῆράς
1643 4854 1704 4889 σε
1745 4836 1838 4890 τοῦ

260 4938 337 5007 μὴ
378 4933 655 5003 ἀνήκεστά
686 4947 745 4983 σε
807 4928 1003 4983 παθεῖν
1052 4929 1428 5000 ἐξαιρήσεται,
1492 4928 1608 4982 οὗθ’
1656 4930 1714 4982 δν
1741 4930 1854 5004 λα-η,

258 5028 478 5099 τρεύεις
507 5022 929 5094 εσταυρωμένον
960 5022 1112 5076 Θεόν.

330 5122 404 5173 Δ’.
445 5115 579 5172 Εἶτα
611 5118 641 5169 ό
672 5116 817 5179 θεῖος
861 5115 1196 5186 πρεσϐύτης,
1257 5115 1637 5188 Ἐμφραχθείη
1660 5134 1753 5169 σου
1783 5117 1843 5170 τδ

264 5211 463 5281 μιαρὸν
523 5207 719 5276 στόμα,
755 5204 1051 5275 κατάρατε,
1093 5202 1234 5273 ἔφη,
1284 5204 1337 5255 εί
1376 5221 1442 5271 με
1478 5204 1656 5265 δοκεῖς
1721 5206 1840 5266 ταῖς

261 5302 515 5363 ἀπειλαῖς
550 5315 643 5351 σου
679 5296 1055 5368 μεταπείθειν,
1096 5294 1239 5347 ὥστε
1272 5294 1531 5364 πατρῴου
1566 5295 1839 5364 δόγματος

261 5395 586 5461 ἀποστῆναι,
638 5390 666 5441 ὁ
723 5385 979 5441 παιδόθεν
1024 5384 1364 5455 μεμαθηκὼς
1416 5386 1512 5438 καὶ⁵
1559 5388 1640 5448 είς
1676 5387 1836 5456 τήνδε

261 5487 362 5555 τὴν
388 5482 578 5536 πολιάν
608 5481 808 5533 ἔσωσα.
846 5478 910 5531 Εἰ
933 5478 990 5531 δέ
1025 5476 1258 5551 μειοῦτε
1288 5479 1348 5529 τὸ
1386 5478 1566 5549 γῆρας
1611 5478 1836 5549 ἐξαιρή-

262 5594 435 5639 σεται,
463 5576 538 5639 ὼς
566 5577 629 5628 σὺ
648 5574 805 5644 ἔφης,
831 5572 945 5627 οὗθ’
971 5572 1032 5625 δν
1069 5570 1213 5624 σέϐω
1237 5570 1391 5636 Θεὸν,
1420 5571 1530 5623 τῶν
1556 5571 1838 5643 ὑμετέρων

262 5668 486 5740 χειρῶν,
527 5667 588 5719 οὐ
624 5668 776 5735 παρά
824 5665 983 5719 τοῦτο
1008 5666 1188 5735 χεῖρον
1221 5665 1331 5733 εγὼ
1379 5664 1473 5718 τοῦ
1526 5666 1838 5737 κρείττονος

263 5760 692 5829 ἀνταλλάξομαι.
724 5758 789 5811 Τί
826 5759 933 5828 γάρ
969 5774 1061 5828 μοι
1109 5759 1203 5812 καὶ
1229 5760 1349 5820 ταῖς
1381 5758 1590 5827 ὀλίγαις
1614 5758 1709 5812 τοῦ
1737 5760 1838 5831 ζῇν

264 5852 532 5925 ὴμέραις;
574 5852 725 5905 Ἐπεὶ
752 5850 873 5922 μετ’
894 5850 1073 5919 ὀλίγον
1102 5850 1161 5904 τὸ
1195 5849 1375 5906 κοινὸν
1414 5850 1571 5905 τοῦτο
1598 5852 1696 5921 τῆς
1736 5852 1833 5921 φύ-

1941 1991 2063 2028 mox
2096 1976 2268 2045 tnigro
2312 1978 2364 2030 in
2396 1978 2618 2032 domum
2653 1994 2969 2049 Supernatn.
3000 1979 3133 2035 Cum
3167 1991 3346 2035 autem
3383 1984 3518 2036 luis-

1940 2074 2024 2117 set
2053 2065 2107 2118 in
2133 2066 2354 2119 civitate
2377 2068 2563 2131 Arbel,
2603 2078 2658 2123 et
2685 2072 2986 2139 productus
3009 2086 3155 2125 esset
3176 2084 3300 2125 ante
3321 2075 3523 2140 princi-

1941 2170 2060 2224 pem
2130 2172 2412 2226 magorutn
2449 2162 2611 2229 (erat
2650 2178 2776 2216 vero
2826 2165 2875 2217 ei
2931 2180 3128 2217 nomen
3162 2164 3451 2219 Adracltus
3479 2168 3519 2233 ),

1939 2252 2152 2321 rogavit
2191 2268 2341 2317 eum,
2375 2268 2443 2307 an
2485 2265 2631 2309 esset
2664 2254 3034 2311 Christianus.
3084 2256 3377 2327 Postquam
3414 2274 3519 2312 au-

1941 2352 2046 2395 tem
2087 2359 2280 2411 magna
2336 2358 2467 2398 voce
2521 2346 2624 2397 boc
2685 2345 2879 2400 luisset
2923 2346 3248 2401 confessus:
3313 2347 3524 2402 Suntne

1938 2446 2090 2499 ergo,
2124 2434 2322 2503 inquit,
2356 2451 2484 2489 vera
2546 2453 2668 2505 qua
2729 2437 2870 2492 fama
2940 2441 3308 2504 celebrantur,
3372 2441 3518 2503 quod

1937 2536 2261 2581 contemnas
2287 2526 2445 2596 jussa
2507 2531 2678 2598 regia,
2728 2540 2780 2584 et
2836 2531 2981 2599 quod
3024 2547 3193 2585 unum
3255 2534 3521 2600 pradicas

1939 2616 2108 2671 Deum
2196 2629 2383 2674 contra
2457 2620 2696 2675 edictum
2784 2623 3041 2692 regium?
3122 2624 3285 2678 Beata
3338 2635 3520 2679 autem

1940 2710 2031 2763 illa
2101 2721 2354 2767 senectus
2437 2714 2589 2768 nullo
2670 2716 2862 2771 timore
2938 2718 3181 2783 all‘ecta,
3252 2719 3526 2785 Quacun-

1938 2816 2063 2870 que,
2094 2802 2296 2872 inquit,
2329 2805 2568 2869 talia,de
2619 2807 2778 2862 nobis
2831 2809 3112 2873 audivisti,
3178 2822 3309 2866 sunt
3371 2827 3523 2867 vera.

1942 2892 2122 2949 Unum
2157 2897 2302 2950 enim
2358 2897 2525 2953 Detttn
2564 2899 2802 2970 praedico
2863 2904 3258 2959 convenienter
3287 2904 3354 2960 iis
3403 2919 3525 2973 qua

1940 2995 2070 3040 aunt
2103 2991 2244 3055 apud
2282 3004 2383 3043 nos
2417 3029 2434 3054 ,
2465 2989 2792 3059 Scripturis,
2824 3003 2877 3047 et
2903 2994 2983 3048 eis
3018 2996 3112 3064 qui
3157 2998 3222 3049 ad
3252 3013 3337 3051 tne
3391 3013 3523 3050 ven-

1940 3080 2125 3143 litant,
2152 3083 2383 3136 consulo
2419 3091 2477 3135 ut
2507 3085 2612 3137 hoc
2637 3084 2833 3155 dogma
2864 3095 3087 3141 teneant
3138 3097 3191 3143 et
3242 3097 3522 3144 tueantur.

1942 3174 2128 3243 Magus
2158 3185 2380 3230 autem:
2443 3178 2787 3243 Audivitnus,
2838 3181 3034 3248 inquit,
3092 3192 3141 3235 te
3182 3183 3305 3238 aliis
3381 3199 3525 3250 prae-

1937 3274 2083 3321 stare
2124 3270 2433 3335 prudentia,
2461 3286 2583 3339 quze
2618 3272 2777 3340 longo
2824 3280 3066 3342 tempore
3090 3282 3141 3327 et
3176 3275 3514 3341 experientia

1938 3363 2329 3427 comprobatur
2362 3378 2377 3424 ;
2408 3378 2553 3415 nunc
2609 3377 2738 3415 vero
2802 3378 2934 3425 non,
2994 3366 3138 3417 sicut
3185 3366 3523 3431 audivimus,

1928 3452 2072 3506 licet
2101 3456 2263 3509 nobis
2293 3458 2511 3509 intueri.
2549 3454 2728 3510 Nihilo
2758 3458 2901 3511 enini
2934 3458 3129 3513 melius
3161 3473 3219 3512 es
3264 3458 3520 3521 allectus,

1938 3559 2101 3613 quam
2139 3562 2275 3615 puer
2314 3550 2605 3618 insipiens.
2661 3551 2833 3618 Cujus
2892 3562 2974 3605 est
3029 3555 3173 3607 enim
3238 3556 3523 3625 sapientis

1936 3648 2031 3691 aut
2059 3653 2207 3692 sana:
2259 3643 2481 3708 mentis,
2538 3643 2759 3697 decreta
2793 3644 2943 3713 regia
2994 3644 3296 3710 despicere,
3331 3657 3383 3701 et
3419 3664 3523 3700 so-

1956 3730 2062 3785 lent
2104 3734 2610 3802 splendidissimum
2639 3744 2692 3789 et
2725 3738 2904 3805 ignem
2935 3740 3080 3793 nolle
3116 3738 3372 3800 adorare.
3401 3754 3523 3808 quas

1938 3825 2158 3893 quidem
2196 3824 2310 3893 ipse
2336 3841 2555 3896 quoque
2590 3843 2681 3881 rex
2718 3828 2957 3882 adorat?
2991 3829 3297 3898 Respondit
3319 3830 3521 3887 Christi

1940 3916 2225 3985 pontifex:
2268 3916 2439 3973 Valde
2478 3920 2610 3973 mihi
2652 3920 2872 3975 videtur
2931 3921 3189 3991 desipere
3228 3924 3519 3993 imperium

1898 4068 1903 4073 _
1938 4005 2251 4074 Persarum,
2291 4010 2435 4079 quod
2465 4011 2700 4066 ditnisso
2728 4012 3008 4076 Creatore,
3036 4016 3291 4070 statuerit
3342 4018 3523 4073 colere

1935 4114 2026 4154 res
2053 4108 2289 4156 creatas.
2314 4101 2450 4167 Quis
2480 4104 2625 4158 enim
2652 4120 2803 4160 sana:
2839 4108 3041 4162 mentis
3075 4108 3127 4161 in
3154 4108 3397 4162 animum
3436 4110 3523 4164 in-

1938 4188 2176 4254 duxerit,
2214 4190 2303 4245 Dei
2338 4191 2602 4247 honorem
2666 4193 2912 4250 tribuere
2944 4196 3013 4251 iis
3050 4212 3173 4266 quas
3205 4196 3348 4252 facta
3391 4211 3522 4254 sunt

1938 4295 1966 4334 a
1998 4279 2130 4345 Deo,
2162 4282 2306 4336 sicut
2334 4298 2429 4338 vos
2462 4283 2668 4348 facitis,
2699 4302 2797 4343 vos
2836 4288 3004 4357 impie
3031 4298 3304 4358 gerentes,
3343 4298 3399 4345 et
3426 4292 3515 4347 bic

1936 4372 2054 4442 ipse
2087 4388 2181 4427 rex
2215 4375 2437 4429 vester?
2475 4375 2569 4431 llle
2608 4385 2794 4433 autem
2826 4396 2839 4432 :
2906 4377 3020 4435 Nos
3070 4380 3263 4451 impia,
3320 4383 3517 4453 inquit,

1938 4464 2119 4520 facere
2147 4465 2316 4522 audes
2348 4468 2553 4533 dicere,
2579 4470 2675 4539 qui
2711 4471 2819 4525 tale
2847 4471 3180 4527 elementum
3222 4476 3519 4533 adoramus

1870 4541 1913 4597 D
1943 4566 1997 4612 et
2025 4560 2193 4613 solem
2231 4558 2506 4615 viviﬁcttm
2544 4564 2797 4627 colimus,
2829 4579 2863 4619 ο
2902 4574 2954 4619 tu
2985 4581 3110 4620 vere
3136 4566 3300 4636 impie
3332 4580 3385 4623 et
3418 4586 3519 4623 nu-

1937 4662 2114 4720 gator,
2141 4663 2196 4708 et
2228 4669 2375 4707 vanas
2404 4654 2662 4709 defensor
2690 4656 3014 4723 religionis?
3037 4658 3140 4712 Sed
3172 4659 3275 4713 nisi
3314 4670 3369 4713 tu
3403 4676 3521 4715 ces-

1940 4745 2077 4800 seris
2107 4746 2283 4813 jussui
2324 4747 2704 4815 imperatoris,
2749 4758 2803 4803 et
2856 4751 3169 4806 adoraveris
3228 4770 3324 4808 eos
3380 4769 3520 4821 quos

1941 4836 2055 4906 ipse
2087 4840 2297 4902 adorat,
2330 4854 2398 4894 ne
2437 4850 2693 4896 senectus
2722 4841 2939 4909 quidem
2970 4854 3021 4899 te
3055 4844 3328 4911 liberabit,
3381 4862 3521 4914 quo-

1939 4930 2120 4981 minus
2185 4929 2412 4998 patiaris
2471 4933 2843 4999 gravissima,
2930 4949 3110 5002 neque
3168 4951 3331 5005 quem
3379 4938 3519 4993 colis

1948 5019 2116 5075 Deum
2153 5021 2497 5075 cruciﬁxum.

2016 5112 2105 5167 IV.
2139 5113 2340 5169 Deinde
2370 5114 2591 5170 divinus
2640 5131 2853 5171 senex:
2915 5114 3038 5171 Tibi
3090 5117 3412 5179 obstruatur
3457 5133 3520 5173 os

1939 5206 2253 5269 scelestum,
2298 5220 2330 5261 ο
2365 5209 2726 5271 exsecrande,
2785 5209 2830 5263 si
2863 5219 3024 5278 putas
3087 5218 3139 5263 te
3192 5215 3301 5264 tuis
3355 5215 3519 5266 minis

1937 5299 2069 5353 mihi
2102 5313 2266 5368 posse
2309 5300 2661 5369 persuadere,
2710 5310 2767 5355 ut
2796 5301 3046 5355 deliciam
3107 5316 3136 5355 a
3187 5307 3363 5368 patrio
3422 5306 3519 5358 do-

1944 5404 2149 5463 gmate,
2187 5396 2329 5462 quod
2379 5394 2547 5450 didici
2584 5398 2653 5451 ab
2681 5399 2900 5454 ineunte
2940 5410 3120 5462 aetate,
3156 5412 3208 5455 et
3265 5401 3330 5453 ad
3380 5403 3519 5457 banc

1944 5486 2266 5540 conservavi
2302 5487 2582 5545 canitiem.
2620 5490 2677 5544 Si
2707 5500 2888 5545 autem
2914 5507 3090 5560 neque
3127 5506 3234 5557 me,
3272 5502 3332 5545 ut
3359 5493 3518 5556 dicis,

1940 5578 2138 5647 eripiet
2171 5592 2446 5646 senectus,
2482 5596 2656 5651 neque
2680 5582 2846 5648 Deus,
2880 5598 3041 5654 quem
3075 5585 3218 5649 colo,
3255 5598 3285 5637 a
3319 5586 3518 5638 vestris

1945 5672 2199 5727 manibus
2226 5712 2241 5735 ,
2279 5689 2385 5729 non
2417 5675 2537 5728 ideo
2571 5675 2623 5729 id
2651 5676 2799 5745 quod
2830 5687 2913 5730 est
2966 5678 3317 5746 praestantius
3338 5714 3354 5741 ,
3404 5693 3516 5731 mu-

1942 5763 2073 5818 tabo
2097 5763 2380 5821 deteriori.
2414 5766 2557 5832 Quid
2587 5768 2734 5823 enim
2769 5784 2890 5825 mea
2926 5770 3155 5825 interest
3206 5769 3389 5824 vivere
3419 5769 3519 5824 bos

1942 5868 2148 5925 paucos
2174 5856 2337 5915 dies?
2366 5857 2501 5915 Nam
2535 5861 2696 5931 paulo
2735 5872 2853 5932 post
2885 5862 3051 5919 etiam
3114 5862 3324 5932 absque
3361 5862 3519 5918 vobis
