4242 6442
751 375 863 443 835

1937 380 2326 446 ADDENDA.
2369 405 2440 419 -
2463 381 2616 447 APR
2628 385 2809 448 ILIS.

3934 395 4040 458 836

751 507 784 551 ε.
822 507 909 549 me
935 490 1186 562 exigetur
1213 505 1510 550 commune
1536 491 1642 549 boe
1666 502 1879 551 natura
1904 493 2171 552 debitum.
2205 493 2325 551 Non
2351 494 2406 555 Δ

2442 515 2571 563 reet;
2595 501 2756 571 χρέος
2779 501 2875 558 καὶ
2901 501 3056 574 ὑμῶν
3070 504 3205 561 ἀνευ
3231 504 3718 580 ἀπιτηθήσομαι.
3754 508 3837 563 Οὐ
3865 525 4043 581 προσ·

752 582 1001 639 adorabo
1025 582 1218 651 solem,
1245 598 1358 641 non
1415 587 1596 643 cola
1657 585 1864 659 ignem.
1921 587 2100 647 Nemo
2151 605 2328 646 meam

755 673 1011 729 irridebit
1037 685 1379 733 senectutem
1405 695 1423 745 ;
1449 693 1614 735 nemo
1643 681 1781 736 mihi
1819 681 1974 738 dabit
2003 683 2160 749 vitio,
2182 684 2332 754 quod

756 767 859 822 sim
891 766 1014 821 vita
1054 767 1309 837 cupidus,
1370 776 1433 824 ut
1475 770 1572 841 qui
1623 771 1778 827 brevi
1832 772 1942 827 vita
1997 773 2333 829 vendiderint

758 867 1042 915 tantorum
1072 862 1342 916 bonorum
1377 863 1793 921 beatitudinem.
1838 863 2071 936 Propter
2106 866 2223 922 hac
2253 867 2333 921 ira

758 951 1000 1021 repletur
1030 952 1351 1017 sceleratus,
1380 961 1434 1008 et
1463 963 1816 1010 sacrosancta
1846 965 2105 1012 senectus
2150 957 2334 1012 statim

757 1042 944 1114 ﬂagris
974 1041 1202 1098 caeditur
1235 1044 1373 1100 adeo
1401 1046 1660 1115 graviter,
1712 1054 1770 1101 ut
1803 1047 2071 1117 sanguine
2115 1048 2334 1118 quidem

759 1147 935 1193 totum
968 1140 1148 1195 solum
1195 1149 1564 1212 restagnaret,
1617 1143 1806 1199 nullus
1869 1152 2051 1198 autem
2105 1142 2335 1197 relictus

761 1241 912 1287 esset
946 1233 1101 1286 locus
1128 1231 1380 1301 corporis
1418 1231 1646 1288 illaesos.
1682 1233 1820 1288 Cum
1857 1248 1988 1288 vero
2014 1247 2208 1304 parum
2247 1247 2338 1289 es-

761 1333 845 1379 set
887 1325 1164 1378 relaxatus
1190 1340 1221 1378 a
1254 1325 1628 1395 plagis,jubet
1665 1342 1791 1382 eum
1850 1342 2043 1383 rursus
2095 1327 2338 1382 vinctum

765 1417 976 1470 catenis
1005 1416 1124 1470 sisti
1157 1425 1284 1470 ante
1314 1417 1579 1472 tribunal.
1617 1417 1839 1474 Dicebat
1869 1427 2087 1474 autem:
2126 1418 2228 1475 Ubi
2253 1423 2342 1472 est

763 1506 907 1560 Deus
941 1514 1090 1568 tuus,
1123 1519 1284 1574 quem
1319 1506 1480 1571 colis,
1516 1521 1549 1562 ο
1595 1507 1923 1576 Acepsima?
1955 1507 2169 1573 Veniat,
2205 1515 2259 1563 et
2287 1517 2342 1563 te

761 1616 792 1652 e
828 1599 966 1651 meis
1001 1597 1260 1652 manibus
1295 1598 1515 1668 eripiat.
1548 1599 1687 1653 Deus
1717 1615 1894 1664 meus,
1955 1599 2137 1669 inquit
2165 1601 2277 1667 ille,
2307 1617 2340 1655 ο

761 1690 1213 1756 sceleratissime,
1246 1690 1341 1760 qui
1391 1691 1594 1745 cmlum
1650 1690 1838 1761 implet
1872 1703 1926 1747 et
1962 1701 2188 1761 terram,
2244 1708 2338 1764 po-

765 1792 872 1838 test
909 1799 994 1838 me
1027 1800 1058 1838 e
1088 1785 1196 1839 tuis
1234 1782 1486 1839 manibus
1509 1783 1742 1854 eripere.
1784 1785 1864 1840 Tu
1894 1795 2079 1842 autem
2118 1801 2242 1840 cum
2265 1787 2342 1840 sis

763 1881 908 1928 terra
934 1883 988 1928 et
1025 1874 1188 1937 cinis,
1222 1875 1274 1927 in
1308 1890 1470 1944 quem
1502 1875 1676 1932 audes
1702 1876 1990 1946 superbire
2019 1877 2043 1930 ?
2093 1878 2197 1934 sub
2223 1893 2333 1948 quo
2365 1863 2412 1918 Β

764 1979 1042 2022 sternetur
1087 1968 1442 2038 putrefactio,
1479 1969 1564 2023 cui
1600 1970 1708 2023 vita
1751 1978 1837 2024 est
1890 1979 2070 2026 morte
2101 1971 2341 2041 gravior,

767 2064 858 2131 qui
913 2063 1181 2116 viventem
1246 2060 1414 2115 Deum
1468 2076 1578 2116 non
1633 2063 1978 2132 cognoveris.
2042 2062 2342 2134 Propterea

770 2165 1030 2223 tanquam
1055 2154 1157 2207 ilus
1186 2154 1301 2221 agri
1323 2153 1717 2219 exsiccaberis,
1744 2163 1799 2211 et
1823 2157 1933 2210 vita
1957 2155 2346 2211 miserabiliter

765 2259 982 2306 eversa,
1009 2244 1246 2299 traderis
1273 2246 1409 2316 igni,
1435 2245 1531 2313 qui
1563 2260 1674 2299 non
1701 2257 1885 2316 potest
1933 2248 2245 2317 exstingui:
2284 2255 2345 2302 ut

767 2355 927 2407 quem
966 2353 1111 2392 nunc
1169 2337 1390 2401 adoras,
1426 2337 1537 2393 illic
1582 2352 1643 2393 re
1673 2337 1790 2407 ipsa
1840 2339 2066 2410 punitus
2114 2340 2345 2405 sentias,

765 2447 875 2486 non
917 2445 1038 2485 esse
1070 2432 1246 2500 ignem
1281 2431 1475 2494 Deum,
1525 2431 1622 2487 sed
1671 2432 1850 2504 ipsum
1901 2447 2120 2503 quoque
2174 2434 2343 2489 alium

764 2541 924 2579 nosse
952 2524 1231 2595 opiﬁcem,
1258 2524 1459 2594 quiest
1496 2525 1659 2579 etiam
1716 2523 1866 2581 Deus
1895 2528 2162 2593 omnium,
2223 2541 2346 2598 qua

763 2617 968 2672 cadunt
996 2616 1099 2671 sub
1123 2625 1426 2684 aspectum.

842 2705 903 2760 V.
943 2705 1039 2760 llis
1089 2707 1298 2777 majore
1330 2706 1408 2760 ira
1445 2706 1673 2763 incenso
1701 2720 1881 2777 mago,
1941 2705 2220 2777 graviores
2251 2721 2348 2763 ca-

765 2811 904 2856 ten:e
933 2810 1179 2854 sanctum
1208 2800 1664 2868 circumligarunt
1693 2808 1749 2854 et
1798 2814 1925 2855 eum
1957 2807 2087 2855 tunc
2118 2800 2348 2856 interior

764 2895 983 2963 accepit
1020 2895 1295 2948 custodia.
1338 2892 1435 2948 Die
1462 2903 1649 2950 autem
1678 2893 1932 2964 sequenti
1977 2894 2347 2964 comprehen-

768 3003 865 3044 sus
894 2989 1058 3041 etiam
1099 2985 1200 3041 fuit
1241 2987 1476 3042 maxime
1525 2984 1876 3042 venerandus
1917 2986 2200 3057 presbyter
2247 2984 2346 3042 Jo-

2435 595 2660 666 κυνήσω
2691 596 2850 669 ἡλίῳ,
2887 598 2952 652 οὗ
2983 598 3272 674 λατρεύσω
3297 603 3454 674 πυρί.
3505 604 3701 670 οὐδείς
3738 620 3837 676 μοι
3869 621 4048 660 tum

2436 687 2659 758 γελάσαι
2686 692 2789 763 τῆς
2829 692 3061 762 πολιάς,
3111 696 3291 762 οὐδεὶς
3318 697 3615 767 έγκαλέσει
3656 716 3751 770 μοι
3789 699 3857 754 τδ
3887 699 4046 768 φιλύ-

2437 781 2599 847 ζωον,
2619 783 2881 855 βραχείας
2897 785 3069 856 ζωῆς,
3091 789 3317 858 ἀγαθῶν
3341 791 3621 846 τοσούτων
3646 792 4045 864 ἀποδιδομένη)

2440 878 2844 946 μακαριότητα.
2877 877 3067 949 Θυμοῦ
3119 881 3213 934 ἀπὶ
3240 883 3457 946 τούτοις
3489 881 3520 935 δ
3547 884 3748 954 μιαρὸς
3786 885 4042 956 ὑποπίμ-

2437 967 2666 1030 πλαται.
2700 969 2798 1022 καὶ
2823 971 3044 1040 μάστιξι
3065 972 3128 1027 τδ
3159 974 3310 1046 ίερδν
3342 974 3526 1045 γῆρας
3561 977 3728 1040 εὐθὺς
3768 978 4040 1032 καταικί-

2438 1057 2592 1122 ζεται
2623 1058 2768 1115 οὕτω
2807 1061 3022 1134 βαρέως
3058 1063 3200 1119 ὥστε
3245 1065 3324 1136 τῷ
3359 1067 3554 1138 αίματι
3607 1067 3709 1138 μιν
3747 1068 3909 1124 ἀπαν
3943 1086 4042 1122 πε-

2443 1148 2871 1222 ριλιμνασθῆναι
2895 1152 2958 1207 τδ
2982 1154 3204 1225 ιδαφος,
3241 1159 3316 1228 μὴ
3347 1158 3786 1231 καταλειφθῆναι
3827 1160 3886 1214 Si
3927 1177 4038 1231 μηο

2438 1242 2564 1298 δένα
2588 1244 2755 1299 τόπον
2787 1246 2884 1301 τοῦ
2913 1246 3169 1318 σώματος
3197 1251 3406 1322 ἀπαθῆ.
3430 1254 3614 1325 Βραχὺ
3656 1253 3714 1308 δδ
3743 1254 3860 1308 τῶν
3900 1254 4036 1324 πλη-

2441 1338 2555 1406 γῶν
2576 1339 2838 1395 ἀνεθέντα
2876 1341 3103 1396 ἁλύσεσι
3135 1344 3259 1399 δυσὶ
3285 1346 3643 1416 περιδεθέντα
3671 1347 3895 1402 κελεύει
3931 1349 4039 1403 πά-

2441 1431 2524 1484 λιν
2556 1432 2635 1501 τῷ
2694 1433 2901 1505 βήματι
2941 1438 3330 1507 παραστῆναι,
3365 1439 3460 1492 καὶ
3481 1479 3496 1504 ,
3531 1440 3639 1494 Ποῦ
3671 1443 3700 1495 δ
3733 1441 3873 1505 Θεός
3921 1459 4040 1507 σου,

2441 1524 2501 1578 δν
2529 1523 2686 1598 σέϐῃ.
2728 1526 3045 1599 Ἀκεψιμᾶς
3091 1529 3304 1598 ἔλεγεν.
3344 1528 3581 1585 Ἐλθέτω
3611 1532 3708 1586 καὶ
3751 1533 3870 1588 τῶν
3891 1535 4045 1605 igni»

2441 1616 2640 1687 χειρῶν
2664 1619 2932 1683 δξελέσθω
2957 1637 3038 1675 σε.
3074 1621 3133 1676 '0
3161 1623 3319 1693 έμδς,
3357 1624 3487 1694 εφη,
3517 1624 3671 1688 Θεὸς,
3694 1626 4041 1697 μιαρώτατε,

2443 1708 2536 1761 τὸν
2559 1709 2792 1780 ούρανδν
2819 1711 3049 1784 πληρῶν
3083 1713 3182 1768 καὶ
3220 1714 3323 1785 τὴν
3362 1716 3489 1786 γῆν,
3516 1715 3744 1775 δυνατός
3781 1719 3906 1772 ἐστι
3945 1718 4042 1771 καὶ

2444 1801 2555 1855 τῶν
2583 1803 2698 1855 σῶν
2736 1805 2940 1876 χειρῶν
2968 1805 3251 1871 ἐξελέσθαι
3287 1823 3376 1878 με.
3414 1809 3487 1863 Σὺ
3516 1809 3575 1863 δι
3608 1809 3681 1880 γῆ
3711 1811 3807 1864 καὶ
3843 1810 4040 1872 σποξδς

2442 1892 2518 1948 ῶν
2534 1897 2674 1950 κατὰ
2689 1897 2832 1959 τίνος
2861 1897 2970 1968 ἀρα
2995 1899 3091 1951 καὶ
3115 1898 3325 1969 τολμᾷς
3352 1899 3948 1969 ύπερηφανεύσεσθαι,
3978 1893 4040 1953 οὗ

2444 1989 2707 2044 ὑποκάτω
2744 1992 3126 2061 στρωθήσεται
3180 1991 3366 2062 σῆψις,
3429 1986 3475 2061 ᾧ
3535 1995 3568 2062 ἡ
3603 1993 3718 2064 ζωὴ
3752 1993 4040 2064 βαρυτέρα

2445 2081 2684 2135 θανάτου
2728 2081 2820 2136 τὸν
2858 2081 3040 2145 ζῶντα
3082 2080 3158 2152 μὴ
3211 2081 3475 2150 ἐγνωκότι
3531 2081 3687 2137 Θεόν.
3737 2083 3840 2135 At!
3881 2081 4041 2136 τοῦτο

2443 2170 2576 2224 diost
2619 2171 2781 2233 ἀνθος
2817 2169 2914 2224 τοῦ
2947 2170 3120 2238 ἀγροῦ
3171 2169 3350 2234 οὕτως
3405 2169 3758 2243 ζηρανθήσῃ,
3798 2170 3872 2224 ιν*
3896 2173 4040 2240 ὅπερ

2445 2259 2542 2314 νῦν
2565 2262 2911 2331 προσκυνεῖς,
2929 2259 3090 2314 τοῦτο
3118 2260 3236 2313 tusi
3266 2259 3637 2332 κολαζόμενος
3664 2261 3818 2332 εργῳ
3855 2262 4039 2334 μάθῃς

2445 2352 2506 2407 ού
2533 2352 2595 2406 τὸ
2634 2352 2748 2423 πῦρ
2776 2351 2917 2408 εἶναι
2958 2353 3116 2420 Θεὸν,
3155 2355 3294 2409 ἀλλά
3331 2355 3428 2410 καὶ
3458 2356 3594 2410 αύτδ
3614 2356 3806 2427 ιτερον
3834 2356 4040 2410 ειδέναι

2444 2446 2820 2518 δημιουργὸν,
2879 2447 2940 2510 δς
2979 2449 3074 2501 καὶ
3114 2449 3334 2503 πάντων
3383 2450 3507 2503 lost
3558 2449 3672 2503 τῶν
3733 2450 4042 2521 δρωμένων

2446 2537 2580 2602 Θεός
2590 2574 2607 2593 .

2518 2715 2593 2769 E'.
2627 2714 2854 2777 Τούτοις
2875 2715 3035 2788 θυμῷ
3053 2717 3262 2772 πλείονι
3289 2717 3383 2772 τοῦ
3408 2719 3586 2790 μάγου
3615 2719 4036 2784 διακαυθέντος,

2450 2807 2751 2880 βαρύτεραι
2787 2809 2880 2862 τὸν
2907 2811 3066 2879 ἀγιον
3105 2811 3506 2883 περιεδέσμουν
3557 2811 3806 2878 ἀλύσεις,
3854 2814 3952 2866 καὶ
4006 2815 4040 2886 η

2448 2898 2699 2966 έσωτέρα
2747 2898 2885 2961 τέως
2932 2899 3153 2972 φυλακὴ
3201 2900 3522 2970 ὑπεδέχετο.
3555 2901 3636 2973 Τῇ
3662 2902 3720 2956 δὲ
3773 2902 3904 2974 ιεῆς
3940 2905 4043 2958 καὶ

2457 2992 2486 3044 δ
2518 2990 2856 3060 τιμιώτατος
2903 2991 3214 3063 κατεσχέθη
3259 2992 3640 3064 πρεσϐύτερος
3682 2992 3882 3064 Ἰωσὴφ
3929 2995 4043 3047 ἀπο

767 3080 926 3150 seph,
958 3086 1114 3132 ortus
1141 3093 1204 3131 ex
1233 3091 1393 3147 pago,
1428 3077 1518 3144 qui
1552 3085 1779 3131 vocatur
1814 3073 2171 3142 Betblabuca,
2196 3073 2343 3145 quod
2373 3113 2412 3173 ε

2451 3081 2648 3153 κώμης
2704 3083 3066 3153 Βηθλαϐουκά
3111 3085 3465 3157 καλουμένης
3515 3087 3901 3157 δρμώμενοςδ
3927 3088 4031 3141 τοῦ

764 3173 1079 3240 exponitur,
1107 3179 1245 3223 recte
1271 3169 1592 3236 scribentis;
1654 3169 1773 3238 ipse
1835 3184 2057 3240 quoque
2089 3183 2255 3224 senex
2290 3176 2348 3222 et
2384 3169 2412 3173 '

2449 3178 2759 3248 γράφοντος
2792 3176 2974 3240 καλῶς
3032 3178 3442 3249 ἑρμηνεύεταν
3497 3180 3817 3249 γηραιδςδδ
3867 3180 4040 3245 αὐτὸς

763 3261 875 3329 iam
933 3263 1073 3316 intra
1110 3261 1374 3316 terminos
1425 3257 1740 3324 Davidicos,
1797 3265 1860 3313 ut
1893 3258 1990 3328 qui
2051 3263 2203 3313 esset
2257 3271 2348 3314 so-

778 3351 1061 3422 ptnaginta
1097 3364 1273 3404 annos
1303 3358 1484 3402 natus.
1512 3347 1788 3402 Senectuti
1811 3355 1992 3402 autem
2019 3346 2203 3402 decori
2227 3356 2349 3403 erat

770 3443 1015 3513 quadam
1054 3441 1255 3512 gratia,
1281 3447 1336 3496 et
1367 3439 1582 3511 speCies
1611 3438 1958 3494 venerandos
2006 3452 2182 3494 canos
2214 3438 2348 3494 red-

770 3531 932 3587 debat
954 3532 1214 3593 lastiores,
1237 3529 1395 3599 cuius
1425 3528 1604 3584 anima
1624 3527 1846 3598 quidem
1869 3528 2048 3585 selum
2075 3529 2346 3599 spirabat,

769 3635 824 3679 et
855 3624 1049 3694 dogma
1083 3622 1524 3679 Christianorum
1553 3620 1867 3677 mirandum
1911 3621 1966 3676 in
1991 3621 2214 3678 modum
2248 3621 2347 3678 de-

771 3714 1046 3771 fendebat.
1077 3711 1303 3767 Summe
1324 3726 1453 3767 vero
1484 3712 1532 3769 is
1559 3711 1782 3768 deditus
1803 3718 1923 3767 erat
1946 3713 2345 3782 temperantiae,

769 3817 828 3866 ot
862 3806 1255 3863 continebatur
1277 3819 1374 3859 cor
1403 3803 1524 3876 ejus
1554 3815 1701 3861 metu
1730 3805 1935 3861 divino.
1962 3804 2230 3860 Prcterea
2250 3821 2342 3860 au-

776 3911 887 3953 tem
924 3895 1406 3966 comprehenditur
1435 3896 1599 3949 etiam
1637 3895 1692 3948 in
1721 3893 1915 3964 primis
1939 3895 2202 3952 colendus
2227 3895 2349 3951 dia-

773 4004 950 4046 conus
989 3987 1283 4043 Eithaias.
1351 3985 1485 4041 Eum
1541 4000 1718 4057 pagus
1746 3985 1887 4041 aluit
1939 3985 2345 4056 Betbnoadara,

777 4083 858 4137 vir
888 4093 941 4137 et
969 4080 1165 4151 spiritu
1197 4079 1434 4142 fervens,
1457 4088 1511 4133 et
1540 4079 1632 4149 qui
1665 4076 1872 4133 Christi
1895 4076 2166 4135 cbaritate
2190 4079 2347 4136 valde

775 4173 1209 4231 accendebatur.
1242 4170 1412 4227 Erant
1459 4181 1640 4226 autem
1672 4171 1723 4226 ei
1751 4185 1935 4227 mores
1988 4170 2250 4242 propensi
2278 4169 2347 4226 ad

777 4267 1138 4334 urguendum,
1173 4271 1227 4317 et
1259 4263 1403 4332 pleni
1436 4263 1652 4318 dicendi
1681 4263 1936 4319 libertate
1958 4263 2137 4319 instar
2158 4262 2343 4333 magni

777 4353 928 4418 Elim,
963 4353 1140 4425 utqui
1180 4352 1324 4416 vita,
1354 4362 1412 4406 ut
1439 4354 1657 4424 opinor,
1707 4364 2069 4423 sequerentur
2122 4353 2346 4410 liberta-

2447 3269 2547 3324 καὶ
2580 3268 2691 3323 τῶν
2713 3269 3020 3322 Δαυῖδικῶν
3050 3270 3200 3334 me;
3228 3271 3374 3339 δρων
3408 3270 3784 3342 έϐδομήκοντα
3816 3275 4043 3339 τούτοις

2446 3357 2732 3430 ὑπάρχων.
2765 3361 3016 3430 Ἔπρεπε
3047 3361 3104 3416 δέ
3123 3379 3209 3426 τις
3236 3363 3315 3432 τῷ
3342 3363 3491 3432 γήρᾳ
3519 3363 3617 3417 καὶ
3645 3367 3809 3434 χάρις
3828 3365 4042 3434 ὡραιό-

2446 3466 2550 3520 της
2579 3466 2638 3504 τε
2673 3452 2774 3525 τὴν
2808 3453 2999 3523 τιμίαν
3025 3451 3220 3508 πολιάν
3274 3454 3578 3525 ιπιμᾶλλον
3611 3455 3964 3527 ιφαίδρυνεν,
3994 3450 4042 3525 ᾧ

2447 3539 2619 3610 ζήλου
2650 3540 2752 3612 μὲν
2770 3541 2963 3596 ιπνεεν
2991 3544 3026 3613 η
3056 3541 3204 3615 ψυχὴ
3237 3543 3334 3599 καὶ
3365 3545 3461 3598 τοῦ
3493 3546 3848 3616 Χριστιανῶν
3879 3548 4043 3602 tuto-

2447 3650 2570 3698 πως
2610 3636 2911 3706 προΐστατο
2936 3633 3213 3707 δόγματος
3259 3639 3622 3710 σωφροσύνης
3652 3655 3714 3692 τε
3761 3640 4039 3711 ἀκριϐοῦς

2447 3728 2649 3798 ειχετο.
2679 3728 2824 3801 Πρὸς
2851 3727 3012 3784 τοῦτο
3043 3731 3139 3784 καὶ
3195 3733 3225 3784 δ
3277 3731 3736 3802 σεϐασμιώτατος
3775 3732 4039 3800 διάκονος

2464 3821 2745 3884 ’Δειθαλᾶς
2804 3821 3271 3892 συλλαμϐάνεται,
3308 3823 3475 3896 κώμη
3511 3824 3707 3879 τοῦτον
3756 3826 4040 3898 ιθρέψατο

2449 3909 2835 3980 Βηθροαδαρᾶ,
2890 3912 3029 3983 ἀνὴρ
3065 3913 3188 3968 τότε
3229 3914 3506 3986 πνεύματι
3544 3916 3683 3981 ζέων
3711 3919 3807 3973 καὶ
3833 3923 3902 3990 τῇ
3931 3920 4038 3974 τοῦ

2448 4001 2687 4074 Χριστοῦ
2726 4003 2918 4076 ἀγάπῃ
2946 4004 3194 4075 σφοδρῶς
3222 4006 3635 4077 ικπυρούμενος
3656 4025 3672 4042 ’
3711 4010 4040 4078 umnam

2447 4093 2506 4149 δδ
2539 4092 2689 4165 αὐτῷ
2719 4093 2782 4146 τδ
2809 4090 2942 4164 ἦθος
2973 4096 3069 4150 καὶ
3115 4098 3437 4168 παρρησίας
3472 4099 3676 4168 μεστὸν
3703 4100 3796 4154 τὸν
3842 4101 4036 4157 Ἠλιοῦ

2446 4184 2545 4240 τοῦ
2571 4185 2814 4257 μεγάλου
2864 4186 3070 4256 τρόπον
3099 4187 3180 4259 τῷ
3226 4189 3546 4261 ελευθερίῳ,
3579 4187 3761 4261 οἶμαι,
3787 4191 3886 4248 τοῦ
3911 4194 4035 4264 βίου

2451 4280 2546 4330 καὶ
2571 4279 2674 4348 τὴν
2704 4277 2804 4348 τῆς
2838 4276 3020 4348 ψυχῆς
3051 4279 3321 4352 ἑπόμενον
3361 4280 3723 4352 καθαρότητι.
3768 4283 4037 4355 Ἐπήνθει

2450 4361 2508 4417 δέ
2530 4378 2616 4426 τις
2665 4362 2814 4431 αύτῷ
2845 4365 2941 4417 καὶ
2994 4366 3263 4436 σεμνότης
3295 4365 3364 4420 ικ
3395 4367 3614 4421 πάντων
3655 4372 4036 4440 περιποιοῦσι

776 4457 885 4501 tem
913 4455 967 4499 et
1006 4447 1203 4501 animae
1232 4446 1547 4515 puritatem.
1573 4445 1830 4502 Florebat
1862 4461 1995 4502 vero
2025 4448 2078 4503 in
2109 4462 2176 4503 eo
2198 4461 2346 4519 quae-
2381 4514 2412 4533 _

2449 4454 2530 4526 τῷ
2562 4453 2719 4526 ἀνδρὶ
2751 4455 2813 4509 τδ
2854 4456 3159 4526 αἰδέσιμον.
3186 4459 3340 4512 Ἐπεὶ
3367 4458 3426 4513 δὲ
3455 4460 3626 4531 άμφω
3669 4463 4037 4533 παρέστησαν

776 4539 904 4594 dam
940 4553 1161 4608 quoque
1194 4514 1465 4608 gravitas,
1499 4552 1620 4608 qua
1659 4536 1707 4592 ei
1750 4537 2081 4596 conciliabat
2127 4539 2198 4594 ab
2215 4514 2351 4594 ⁷οιιι-
2379 4514 2412 4574 Π

2449 4514 2530 4619 τῶ
2555 4514 2828 4612 δικάζοντι
2866 4514 3113 4620 βλοσυρῷ
3153 4514 3525 4621 ϐμματιπρδς
3551 4514 3765 4612 αὐτοὺςΙ

778 4633 943 4686 nibus
990 4631 1416 4686 venerationem.
1452 4629 1587 4685 Cum
1636 4639 1819 4686 autem
1867 4629 2031 4686 ambo
2095 4630 2346 4703 producti

780 4725 1016 4780 fuissent
1043 4734 1169 4778 ante
1189 4721 1454 4793 iudicem,
1491 4721 1538 4778 is
1572 4731 1730 4777 torvo
1761 4722 1922 4779 oculo
1958 4737 2055 4780 eos
2084 4723 2344 4782 intuens:

778 4816 824 4868 0
850 4829 1044 4882 genus,
1080 4814 1276 4884 inquit,
1332 4813 1769 4882 perditissimam
1813 4813 1827 4866 l
1865 4828 1966 4869 cur
2027 4814 2084 4869 in
2139 4813 2350 4885 simpli-

775 4906 956 4957 ciores
987 4903 1235 4956 homines
1261 4901 1588 4972 irrepentes,
1625 4909 1680 4954 et
1712 4904 1913 4958 vestris
1954 4901 2224 4958 doctrinis
2248 4917 2347 4958 eo-

775 5009 898 5050 rum
925 4993 1113 5048 oculos
1175 4993 1653 5063 praestringentes,
1713 4991 1984 5048 deducitis
2025 4992 2094 5048 ad
2151 4993 2346 5050 falsam

780 5085 1220 5141 Christianorum
1248 5082 1612 5153 religionem?
1649 5080 1851 5138 Beatus
1882 5090 2062 5139 autem
2091 5084 2229 5140 dixit
2257 5083 2348 5141 Jo-

781 5177 950 5247 seph:
985 5173 1096 5231 Nos
1121 5191 1217 5230 nec
1241 5177 1316 5231 uti
1346 5175 1661 5246 prastigiis,
1695 5189 1795 5231 nec
1823 5173 2011 5230 fallere
2033 5175 2345 5233 didicimus.

783 5267 980 5324 Verum
1006 5276 1186 5320 autem
1223 5274 1277 5322 et
1328 5267 1524 5322 stabile
1579 5267 1774 5339 dogma
1823 5267 2198 5332 defendentes,
2252 5284 2348 5325 eos

779 5357 876 5428 qui
901 5369 1060 5414 erant
1083 5359 1229 5412 circa
1259 5359 1576 5427 religionem
1601 5360 1920 5416 deducimus
1948 5359 2016 5416 ad
2042 5362 2347 5429 veritatem,

778 5450 1038 5505 docentes
1059 5451 1286 5506 adorare
1321 5467 1488 5507 unum
1515 5452 1705 5519 Deum,
1767 5453 1861 5524 qui
1911 5461 1997 5508 est
2051 5467 2178 5507 cum
2223 5453 2346 5513 aliis

777 5543 944 5600 rebus
977 5541 1240 5599 Dominus
1268 5546 1401 5600 solis
1431 5554 1483 5600 et
1526 5546 1688 5616 ignis.
1731 5545 1877 5600 Dixit
1912 5560 2042 5600 vero
2069 5561 2300 5616 magnus
2327 5562 2342 5600 :

781 5633 1067 5701 Quo.lnam
1089 5646 1268 5690 autem
1299 5637 1494 5708 dogma
1520 5651 1602 5692 est
1642 5639 1853 5693 veritati
1884 5639 2347 5694 consentaneum?

780 5727 930 5794 idne,
963 5728 1106 5798 quod
1139 5745 1231 5783 rex
1256 5730 1423 5784 torius
1460 5741 1617 5785 terra:
1651 5733 1766 5801 ipse
1797 5741 1850 5788 ct
1917 5733 2035 5801 ejus
2087 5747 2343 5802 proceres

774 5818 1095 5884 defendunt,
1123 5836 1188 5874 an
1217 5820 1363 5890 quod
1394 5821 1526 5874 viles
1558 5831 1608 5875 et
1641 5825 1839 5893 abjrcti
1891 5825 2165 5892 homines,
2197 5825 2341 5881 sicut

778 5925 896 5975 vos,
935 5912 1028 5978 qui
1058 5913 1268 5979 decepti
1296 5913 1429 5970 estis
1462 5954 1474 5977 ,
1507 5914 1849 5978 praedicant?

2449 4633 2676 4712 ψας,Ὦ
2707 4639 3141 4710 δυσθανάτωτον,
3172 4640 3300 4711 έφη,
3335 4643 3512 4712 γένος,
3547 4641 3634 4698 ῐνα
3682 4643 3739 4696 τί
3765 4645 3894 4708 τοὺς
3919 4646 4036 4700 τῶν

2451 4730 2757 4801 ἀνθρώπιον
2788 4730 3188 4804 ἀφελεσιέρους
3233 4732 3490 4797 ὑπιόντες
3519 4736 3586 4804 τῇ
3613 4734 3723 4787 τῶν
3756 4735 4033 4805 Χριστια-

2449 4824 2558 4879 νῶν
2585 4824 2827 4893 ύπάγετε
2878 4823 3181 4896 θρησκείας
3234 4824 3296 4880 '0
3350 4825 3624 4897 μακάριος
3667 4825 3877 4898 ιφησεν
3917 4829 4038 4883 ἰω-

2451 4915 2595 4986 σηφο
2636 4915 2831 4985 Ἥμεῐς
2861 4912 2988 4968 οὕτε
3027 4915 3311 4986 γοητεύειν
3348 4914 3474 4970 οὗτε
3507 4917 3732 4988 ἀπατᾷν
3767 4919 4032 4989 μεμαθέγ-

2450 5024 2662 5078 καμεν⁹
2689 5005 2923 5078 ἀληθοῦς
2953 5007 3012 5060 δι
3043 5007 3137 5062 καὶ
3169 5007 3391 5078 βεϐαίου
3408 5009 3802 5081 προϊστάμενοι
3822 5011 4034 5082 δόγμαο

2447 5115 2541 5162 τος
2565 5097 2693 5163 τοὺς
2717 5096 3104 5165 πλανωμένους
3129 5098 3258 5170 περὶ
3286 5099 3349 5153 τὸ
3371 5100 3540 5164 σέϐας
3564 5101 4029 5174 χειραγωγοῦμεν

2449 5189 2588 5261 πρὸς
2621 5189 2721 5263 τὴν
2751 5188 3039 5260 ἀλήθειαν,
3083 5189 3217 5245 Θεὸν
3249 5191 3348 5244 ινα
3381 5191 3728 5257 διδάσκοντες
3779 5211 4030 5265 προσκυ-

2449 5284 2562 5338 νεῖν
2592 5281 2862 5353 δεσπότην
2905 5280 3046 5354 μετά
3072 5283 3182 5336 τῶν
3209 5283 3388 5339 ἀλλων
3425 5283 3575 5354 ἡλίου
3606 5300 3665 5339 τε
3697 5284 3793 5339 καὶ
3823 5288 4023 5356 πυρός.

2450 5373 2562 5428 Καὶ
2585 5375 2614 5428 δ
2649 5374 2824 5444 μάγος
2858 5376 3061 5444 φησίνο
3098 5375 3258 5429 Ποτον
3301 5376 3358 5429 δι
3388 5376 3567 5447 δόγμα
3598 5377 3862 5450 ἀληθείας
3903 5379 4027 5448 i16-

2454 5467 2615 5538 μενόν
2639 5470 2786 5522 ἔστιν
2810 5469 2950 5540 ὅπερ
2977 5471 3004 5522 ὁ
3053 5469 3236 5540 πάσης
3269 5473 3373 5540 γῆς
3402 5468 3706 5540 βασιλεύων
3746 5469 3913 5532 αὐτός
3961 5488 4025 5524 τε

2450 5561 2545 5611 καὶ
2577 5560 2905 5629 μεγιστᾶνες
2926 5559 3090 5614 αὑτοῦ
3115 5561 3516 5630 πρεσϐεύουσιν
3545 5561 3577 5636 η
3612 5562 3751 5632 ὅπερ
3780 5563 4024 5627 εὐτελεῖς

2453 5653 2542 5703 καὶ
2573 5651 2911 5723 ἠμελημένοι
2942 5652 3065 5708 καθ’
3093 5655 3243 5726 ἡμᾶς
3264 5655 3391 5720 τοὺς
3415 5655 3804 5727 ἠπατημένους
3822 5655 4029 5728 κηρύτ-

2449 5757 2636 5796 τουσιν
2661 5759 2674 5811 ;
