4242 6442
212 410 319 478 831

1059 404 1472 475 CERTAMEN
1508 410 1568 471 S.
1601 405 2000 468 ACEPSIME
2060 405 2157 466 ET
2192 404 2606 468 SOCIORUM.

3361 405 3469 469 838

279 526 370 590 ς’.
409 519 665 588 Εὐτελιῖς
722 524 824 595 μὲν
871 526 1054 595 ἡμεῖς,
1100 528 1131 579 6
1177 525 1276 580 τοῦ
1323 525 1565 597 Χριστοῦ
1605 524 1868 596 ίερεὺςΛ

1815 526 1868 584 Λ
1962 522 2051 578 Vl.
2089 521 2235 582 Viles
2257 523 2479 593 quidem
2509 530 2562 577 et
2586 522 2784 592 abiecti
2819 523 3067 579 homines
3111 537 3304 579 sumus
3345 539 3468 589 nos.

205 620 567 690 ἀπικρίνατο,
596 618 760 674 τοῦτο
777 623 875 692 τῆς
900 620 1120 691 ιντολῆς
1147 620 1386 689 Χριστοῦ
1420 618 1748 687 κελευούσης
1774 631 1789 647 ·

206 714 333 765 hui
376 713 477 766 οὐκ
519 715 577 766 δν
605 712 821 782 πλούτῳ
877 713 972 766 καὶ
1028 711 1386 781 ὑπερηφανίᾳ
1432 710 1729 779 εὐδόκησεν
1765 710 1792 761 6

205 805 341 868 Θεὸς
375 804 536 875 ἡμῶν
558 805 675 857 όδδν
707 804 1001 870 ἀνθρώπου
1036 801 1467 856 κατευθύνεσθαι
1494 817 1510 833 ο
1542 801 1631 853 διὰ
1664 798 1790 852 τοῦ-

206 917 272 953 το
301 899 393 952 καὶ
421 898 683 961 πολλάκις
715 898 850 966 γοῦν
877 898 1097 959 ἑκόντες
1132 897 1362 959 ἑαυτοὺς
1391 894 1787 961 ταπεινοῦμεν,

207 994 281 1046 τὰ
335 992 463 1045 δντα
514 994 711 1061 πένησι
755 992 1119 1061 προϊέμενοι,
1183 987 1411 1042 πλοῦτον
1476 985 1790 1040 ἀντιλαβεῖν

210 1088 433 1141 αἰώνιον
480 1086 830 1155 ἐκδεχόμενοι
876 1084 1169 1149 καὶδόξαν
1220 1082 1319 1152 τὴν
1372 1081 1628 1134 οὐδέποτε
1677 1080 1791 1133 δια-

211 1185 543 1237 πίπτουσαν.
586 1182 656 1233 Σὺ
687 1181 743 1233 δὲ
768 1182 795 1231 6
820 1180 909 1232 επὶ
951 1178 1168 1247 πλούτῳ
1202 1176 1528 1247 προσκαίρῳ
1558 1174 1655 1228 καὶ
1689 1191 1791 1243 μα-

209 1276 341 1345 ταία
368 1276 492 1345 δόξῃ
525 1274 592 1327 τὰ
636 1272 851 1343 μεγάλα
884 1271 1073 1337 φυσῶν
1107 1270 1181 1333 ὡς
1214 1270 1419 1332 καπνὸς
1454 1266 1789 1337 πσρελεύσῃ,

214 1370 311 1421 καὶ
341 1368 416 1429 ὡς
446 1369 572 1437 χοῦς
603 1367 707 1419 ὑπὸ
734 1364 1047 1432 πνεύματος
1078 1362 1460 1432 ὲκφυσηθήσῃ.
1500 1362 1559 1413 Ὀ
1599 1362 1793 1429 μάγος,

224 1462 438 1530 Ὑμεῖς,
485 1457 665 1521 εἶπεν,
721 1459 867 1527 δκνῳ
924 1457 1279 1525 δουλούμενοι
1317 1457 1515 1523 ἀργίαν
1572 1471 1631 1508 τε
1662 1452 1794 1522 περὶ

217 1555 464 1616 πλείονος
512 1554 675 1622 ἔργου
716 1551 1034 1621 ποιούμενοι
1085 1550 1444 1619 περιέρχεσθε
1476 1549 1576 1611 τὰς
1610 1549 1792 1608 οἰκίας

219 1647 513 1717 προσαῖταί
537 1663 683 1707 τινες
708 1645 883 1699 ἄθλιοι
927 1644 1023 1697 καὶ
1053 1645 1210 1713 χερσὶ
1245 1644 1605 1710 προσέχοντες
1636 1639 1795 1692 ἀλλο-

213 1741 416 1808 τρίαις.
464 1739 578 1807 Ἐφ’
609 1731 651 1805 ᾧ
677 1738 732 1790 δὲ
760 1736 929 1805 ἐχρῆν
959 1734 1413 1803 έπαισχύνεσθαι,
1447 1734 1625 1801 τούτῳ
1656 1733 1794 1801 μᾶλ-

1892 614 2181 684 respondit
2241 615 2444 669 Christi
2480 616 2763 677 sacerdos,
2814 617 2917 668 hoc
2977 616 3202 683 iubente
3263 610 3471 671 Christi

1892 717 2184 778 praecepto.
2228 710 2487 778 quoniam
2519 709 2718 762 nonin
2749 710 2956 763 divitiis
2987 717 3039 762 et
3084 708 3337 777 superbia
3388 710 3469 761 vi-

1891 816 2012 856 sum
2046 810 2129 856 est
2166 802 2277 855 Deo
2303 809 2494 856 nostro
2520 803 2662 854 viam
2696 801 2935 857 hominis
2966 802 3227 870 dirigere.
3250 804 3316 857 Et
3351 804 3471 856 ideo

1892 906 1990 945 nos
2018 906 2162 959 s:epe
2195 902 2378 946 nostra
2428 903 2623 961 sponte
2655 907 2755 947 nos
2776 894 3009 949 humiles
3050 895 3358 959 reddimus,
3391 893 3474 949 l‘a-

1891 988 2123 1040 cultates
2147 996 2365 1041 nostras
2419 986 2776 1055 prodigeiites
2842 991 3188 1058 pauperibus,
3256 1006 3356 1058 pro
3402 991 3470 1044 iis

1893 1090 1995 1132 nos
2031 1086 2357 1147 accepturos
2387 1087 2622 1133 aeternas
2649 1093 3030 1149 exspectantes
3059 1082 3298 1138 divitias.
3336 1084 3469 1138 Nam

1892 1171 1937 1226 si
1979 1176 2029 1226 in
2087 1172 2488 1241 congregandis
2551 1174 2757 1230 divitiis
2816 1177 3062 1230 studium
3118 1193 3469 1245 poneremus,

1894 1273 2099 1317 tantum
2125 1280 2191 1317 ex
2238 1266 2441 1320 nostris
2492 1268 2743 1320 maiiihiis
2803 1271 3074 1323 commodi
3135 1272 3471 1339 percepisse-

1895 1372 2037 1417 mus.
2070 1364 2124 1410 et
2152 1367 2333 1411 tantas
2391 1374 2525 1429 opes
2585 1361 3015 1427 collegissemus,
3077 1373 3313 1429 quantas
3372 1378 3471 1419 nec

1895 1449 1991 1501 tibi
2025 1448 2244 1515 quidem
2281 1450 2425 1512 licet,
2460 1452 2551 1519 qui
2586 1469 2677 1507 eas
2742 1456 2956 1522 colligis
3012 1468 3089 1508 ex‘
3112 1433 3468 1522 pauperibus,

1895 1551 1946 1593 et
1981 1542 2141 1595 metis
2178 1543 2387 1596 alienos
2419 1543 2663 1598 labores.
2699 1544 2809 1598 Nos
2837 1550 2980 1599 enim
3020 1550 3255 1615 propriis
3292 1550 3471 1603 mani-

1895 1634 1997 1686 bus
2034 1634 2369 1695 laborantes,
2428 1637 2577 1703 juste
2612 1639 2859 1705 quaesitis
2913 1655 3183 1708 pauperes
3233 1646 3473 1710 ilanl'ii-

1900 1742 2042 1779 nius.
2082 1725 2188 1780 Vos
2224 1737 2404 1782 autem
2460 1730 2560 1781 soli
2595 1731 2838 1785 avaritiae
2877 1734 3045 1786 dediti
3088 1742 3141 1786 et
3182 1739 3335 1802 plura
3372 1738 3469 1790 lia-

212 1797 307 1883 λον
340 1797 493 1898 ὑμεῖς
524 1797 903 1895 ἐγκαυχᾶσθεί
936 1828 963 1877 6
991 1826 1100 1892 γὰρ
1128 1797 1358 1884 πλοῦτος
1394 1824 1560 1875 πᾶσιν
1595 1797 1793 1887 ανθρςτμ
1828 1797 1870 1857 Β

1828 1797 1870 1857 Β
1904 1820 2057 1873 bendi
2090 1820 2399 1888 cupiditati,
2430 1838 2536 1875 non
2588 1824 2764 1877 solum
2815 1827 2946 1879 nihil
2980 1826 3077 1889 ipsi
3144 1828 3469 1896 operamini,

215 1940 342 1984 ποις
366 1922 667 1991 ἐπέραστος
699 1936 756 1972 τε
786 1918 973 1981 δεινῶς
1008 1917 1102 1969 καὶ
1122 1914 1607 1979 ἁξιοσπούδαστος,
1630 1908 1689 1967 οῦ
1715 1912 1797 1973 τίς

218 2018 348 2085 δμῖν
374 2015 654 2068 πιστεύσει
690 2013 763 2083 μὴ
794 2013 960 2081 Epist;
994 2010 1055 2062 Ὀ
1089 2010 1383 2080 μακάριος,
1424 2007 1662 2069 Ἐπειδὴ,
1697 2023 1800 2075 φη-

218 2110 329 2170 σὶν,
363 2109 563 2179 ἀργίαν
596 2110 728 2176 ἡμῖν
772 2105 1085 2168 ὠνείδισας,
1144 2105 1235 2155 καὶ
1274 2102 1577 2169 προσαίτας
1609 2100 1801 2153 ἐκάλε-

218 2216 343 2263 σας,
393 2199 616 2270 ἐρωτῶν
661 2197 898 2266 μάνθανε
958 2195 1109 2266 παρὰ
1161 2195 1269 2247 τῶν
1300 2195 1521 2247 εἰδότων
1554 2194 1631 2255 ὡς
1682 2194 1798 2257 είγε

218 2293 454 2346 πλοῦτον
482 2294 733 2362 ἀθροῖσαι
764 2291 853 2344 διὰ
877 2290 1113 2357 σπουδῆς
1141 2291 1276 2357 ἡμῖν
1297 2289 1511 2354 γέγονε,
1548 2286 1799 2338 τοσοῦτον

220 2388 292 2443 ἂν
314 2388 423 2439 τῶν
474 2386 761 2457 ἡμετέρων
797 2383 1136 2451 ἁπωνάμεθα
1168 2380 1371 2451 χειρῶν
1403 2383 1525 2441 ὅσος
1555 2380 1677 2431 οὐδέ
1714 2396 1796 2431 σοι

222 2482 412 2549 σχεδον
435 2481 729 2548 πρόσεστιν
763 2477 870 2529 ἀπὸ
906 2476 1011 2528 τῶν
1058 2477 1310 2542 πενήτων
1357 2474 1522 2525 αὑτὸν
1555 2473 1801 2539 ἑρανιζο-

225 2577 396 2646 μένῳ,
451 2574 645 2635 πόνους
700 2588 757 2624 τε
791 2569 1109 2635 ἀλλοτρίους
1153 2565 1565 2633 καλαμωμένῳ.
1609 2564 1802 2633 Ἡμεῖς

224 2671 327 2741 μὲν
358 2668 466 2737 γὰρ
498 2667 654 2729 ίδίαις
682 2665 839 2734 χερσὶ
872 2662 1221 2731 πονούμενοι,
1261 2660 1536 2729 πορισμοῦ
1582 2660 1799 2712 δικαίου

221 2759 597 2829 κοινωνοῦμεν
658 2760 769 2819 τοῖς
826 2755 1142 2823 δεομένοιςο
1185 2754 1343 2822 ὑμεῖς
1397 2752 1453 2804 δὲ
1510 2749 1797 2819 πλεονεξίᾳ

222 2852 613 2923 προσκείμενοι
644 2849 703 2900 ού
743 2848 907 2915 μόνον
939 2848 1048 2899 οὐδ’
1076 2845 1254 2897 ὁτιοῦν
1289 2843 1444 2897 αὐτοὶ
1473 2840 1797 2910 ἐργάζεσθε,

224 2946 365 2999 ἀλλὰ
389 2938 857 3009 προσαφαιρεῖσθε
888 2941 981 2991 καὶ
1010 2940 1079 2991 τὰ
1108 2938 1385 3007 ἀλλότρια.
1420 2936 1543 2987 Ὅτι
1570 2935 1625 2986 δὲ
1658 2936 1803 3002 ἡμᾶς

230 3036 465 3089 πλούτου
514 3037 650 3103 ἔφης
687 3035 841 3102 ἐρᾷν,
874 3032 925 3083 τί
962 3032 1022 3083 τὸ
1051 3032 1253 3097 προσὸν
1303 3029 1496 3097 εκείνῳ
1538 3028 1807 3094 κατανοή-

231 3145 425 3189 σαντες
455 3126 678 3193 ἀγαθὸν,
716 3123 1102 3193 προσδεδέσθαι
1126 3122 1192 3174 ἂν
1214 3119 1361 3188 αὺτῷ
1387 3121 1638 3187 εῐχομενς
1671 3117 1804 3187 Οὐχὶ

223 3222 507 3293 δραπέτης
538 3222 688 3271 ἐστὶν
718 3219 811 3270 καὶ
862 3216 1061 3285 κομιδῆ
1115 3216 1378 3276 ἄπιστος;
1438 3212 1577 3280 Οὐχὶ
1623 3211 1801 3277 τούτῳ

1896 1915 1988 1969 sed
2026 1926 2287 1983 praeterea
2316 1917 2479 1971 etiam
2522 1917 2751 1973 adfertis
2781 1921 2982 1973 alium.
3018 1924 3289 1983 Quoniam
3342 1939 3470 1977 vero

1898 2022 1997 2061 nos
2034 2024 2251 2076 quoque
2285 2008 2422 2062 dicis
2454 2025 2639 2066 amare
2672 2011 2891 2065 divitias
2922 2033 2932 2065 :
2972 2018 3248 2081 quodnam
3304 2022 3356 2069 in
3392 2021 3474 2073 eis

1900 2099 2105 2153 bonum
2139 2107 2321 2155 inesse
2358 2102 2874 2164 aniinadvertenlcs,
2918 2123 3014 2159 nos
3044 2108 3105 2159 ad
3153 2124 3245 2161 eas
3278 2126 3472 2176 paran-

1897 2192 2426 2259 dasileﬁgeremus?
2463 2191 2577 2246 Non
2630 2205 2758 2247 sunt
2812 2212 2886 2248 eis
2939 2196 3176 2265 fugitiva:
3212 2209 3264 2251 et
3319 2201 3477 2254 valde

1898 2283 2184 2337 inﬁdeles?
2238 2282 2356 2337 Non
2423 2286 2581 2340 hodie
2642 2288 2863 2355 quidem
2928 2290 3050 2343 huic
3099 2292 3318 2353 adsunt,
3354 2307 3475 2346 cras

1899 2391 2030 2430 vero
2059 2377 2293 2445 migrant
2316 2377 2379 2429 ad
2414 2378 2604 2436 alium.
2627 2380 2789 2446 priori
2820 2381 3041 2433 domino
3067 2383 3476 2451 quodammodo

1901 2468 2212 2535 abnegaio?
2280 2468 2395 2521 [Non
2458 2484 2709 2536 magnam
2746 2473 2797 2525 iii
2859 2491 3006 2533 eum.
3067 2477 3159 2542 qui
3210 2478 3473 2543 possidet,

1902 2565 2182 2616 concitant
2216 2563 2521 2616 invidiam?
2550 2564 2673 2618 Non
2701 2581 2775 2618 eae
2802 2567 3014 2619 labores
3040 2578 3091 2619 et
3123 2571 3257 2621 bella
3289 2580 3477 2638 aperte.

1903 2656 2379 2709 arcliitectaiitur?
2417 2653 2535 2709 Non
2580 2658 2855 2711 latronum
2887 2669 2938 2711 et
2975 2663 3155 2713 luruin
3191 2665 3476 2717 attrahunt

1898 2747 2127 2801 oculos?
2178 2749 2330 2811 Quod
2364 2750 2405 2801 si
2462 2750 2599 2803 dicis
2633 2766 2696 2803 ex
2759 2752 2823 2805 iis
2859 2754 3118 2818 aliquam.
3158 2755 3287 2808 oriri
3330 2758 3480 2810 volu-

1899 2853 2125 2908 ptatem,
2162 2849 2254 2893 aut
2286 2842 2539 2909 gloriam,
2580 2859 2835 2913 magnum
2866 2848 2995 2913 quid
3037 2864 3163 2902 esse
3216 2852 3482 2918 reputas?

1903 2932 2159 2999 quidnam
2194 2946 2255 2984 ea
2284 2932 2500 2986 dill'eret
2548 2948 2577 2985 a
2619 2937 2850 2988 somniis
2882 2947 2935 2989 et
2990 2940 3248 2993 umbris?
3308 2944 3480 2997 Patva

1907 3022 2085 3075 aﬂ‘ccit
2122 3025 2436 3092 voluptate;
2467 3026 2667 3082 deinde.
2696 3044 2820 3083 cum
2864 3033 3169 3087 adveiitarit
3231 3052 3477 3103 vespera,

1914 3115 2182 3167 exstincta
2225 3124 2306 3169 est
2340 3126 2394 3170 et
2430 3119 2644 3173 redacta
2679 3123 2729 3173 iii
2760 3122 3011 3175 nihilum.
3051 3125 3204 3189 Quod
3236 3130 3276 3179 si
3315 3131 3479 3183 etiam

1913 3209 1967 3262 in
2006 3211 2260 3275 praesenti
2296 3210 2402 3262 vita
2438 3225 2631 3278 parum
2670 3218 2955 3277 manserit,
2983 3232 3128 3269 mors
3164 3228 3338 3271 tamen
3366 3220 3479 3286 jam

232 3317 333 3387 μὲν
359 3316 620 3384 πρόσεστι
664 3310 776 3373 νῦν,
810 3307 1001 3376 αὔριον
1034 3308 1091 3359 δὲ
1145 3307 1280 3375 πρὸς
1311 3304 1470 3357 ἄλλον
1500 3303 1803 3372 μεταφοιτᾴ

1801 3341 1803 3348 ,
1911 3301 2227 3363 adveniens,
2272 3317 2390 3355 eam
2438 3318 2656 3371 quoque
2715 3305 2875 3360 habet
2912 3309 3074 3361 simul
3138 3312 3476 3375 abeuntem;

226 3409 322 3462 τὸν
352 3406 456 3476 πρὸ
505 3405 599 3456 τοῦ
650 3404 917 3470 δεσπότην
968 3400 1157 3467 ῶσπερ
1217 3398 1691 3466 ἐξαρνησάμενοςς
1728 3396 1801 3445 υύ

1913 3393 2110 3445 ai-erba
2144 3405 2326 3446 autem
2362 3398 2623 3461 supplicia
2650 3413 2794 3462 cuin,
2830 3402 2923 3465 qui
2955 3416 3012 3454 se
3042 3404 3125 3455 hic
3152 3404 3359 3457 dedidit
3394 3422 3482 3459 vo—

229 3502 405 3553 πόνων
427 3494 579 3558 οὗτος
604 3495 697 3548 καὶ
720 3495 968 3561 πολέμων
984 3492 1315 3559 δημιουργὸς
1344 3490 1608 3555 ἄντικρυς
1628 3504 1641 3551 ς
1671 3487 1805 3553 Οὐχὶ

1188 3492 1315 3559 ργὸς
1344 3490 1641 3555 ἄντικρυςς
1671 3487 1805 3553 Οὐχὶ
1915 3485 2236 3553 luptatibus,
2270 3489 2531 3540 tenebunt
2564 3500 2854 3558 perpetuo.

230 3593 449 3667 λῃστῶν
498 3589 596 3642 καὶ
643 3585 897 3640 κλεπτῶν
916 3586 1201 3653 ἐφέλκεται
1232 3581 1578 3651 όφθαλμούς;
1622 3580 1681 3631 Εἰ
1713 3580 1767 3630 δὲ
1802 3577 1900 3647 τὴν
1932 3581 1995 3629 ἐκ
2023 3578 2216 3629 τούτου
2254 3580 2353 3649 φῂς
2384 3581 2646 3649 ἢδόξανῆ
2682 3585 2825 3651 μέγα
2859 3603 2909 3638 τι
2954 3588 3053 3658 τὴν
3082 3590 3234 3655 δόξαν
3272 3594 3480 3666 λογίζῃ,

231 3689 287 3741 τί
316 3686 422 3738 τῶν
451 3681 675 3755 ὀνειρφν
705 3678 846 3745 αὕτη
875 3677 1121 3745 διαφέρει
1154 3677 1248 3728 καὶ
1284 3675 1392 3727 τῶν
1427 3675 1632 3725 σκιῶν;
1675 3671 1882 3738 Ὀλίγον
1913 3669 2206 3739 εῦφρανεν,
2282 3669 2384 3725 εἷθ’
2446 3676 2692 3743 ἑσπέρας
2758 3680 3209 3750 καταλαϐούσης,
3260 3690 3476 3761 ἀπέσϐη

229 3780 327 3834 καὶ
372 3777 507 3846 πρὸς
547 3774 607 3827 τδ
676 3774 749 3842 μὴ
783 3772 839 3824 ὃν
872 3770 1063 3841 ᾤχετο.
1103 3770 1166 3821 Εί
1200 3769 1255 3823 δὲ
1304 3770 1399 3821 καὶ
1430 3764 1628 3836 μικρόν
1668 3782 1721 3815 τι
1755 3764 1831 3831 τῷ
1873 3765 2103 3833 παρόντι
2146 3764 2246 3834 βίῳ
2324 3771 2812 3837 συμπαραμείνοι,
2857 3773 2972 3826 ἀλλ’
3031 3776 3059 3827 6
3113 3778 3339 3842 θάνατος
3376 3783 3476 3853 ήδη

228 3867 559 3926 καταλαϐὼν
603 3866 697 3919 καὶ
734 3864 905 3940 αὐτὴν
937 3862 1052 3932 ἔχει
1077 3860 1479 3915 συναπιοῦσανο
1514 3857 1709 3927 πικραὶ
1742 3856 1799 3908 δὲ
1835 3856 2084 3919 κολάσεις
2110 3860 2198 3910 τὸν
2232 3860 2471 3912 ἐνταῦθα
2494 3866 2613 3924 ταῖς
2643 3864 2863 3933 ἡδοναῖς
2932 3869 3135 3934 ἔφέντα
3185 3871 3271 3924 διὸ.
3343 3891 3479 3927 παν-

225 3966 321 4027 τὸς
349 3964 582 4028 ἕξουσιν.

304 4061 377 4112 Ζ’.
425 4056 580 4107 Οῦτω
627 4050 941 4118 λεγομένων
1006 4046 1247 4114 ὲγκόψας
1289 4047 1316 4097 ό
1358 4044 1551 4113 μάγος,
1614 4043 1809 4105 Ἑάσας

1801 4060 1809 4103 ς
1984 4040 2094 4094 νιι.
2132 4039 2255 4095 Hac
2287 4058 2407 4095 cum
2460 4045 2540 4097 sic
2577 4045 2913 4113 dicerentur,
2956 4050 3311 4120 interpellans
3363 4072 3476 4109 iiia-

228 4152 357 4213 τοίδς
398 4149 624 4217 μικροὺς
652 4145 873 4212 λήρους,
909 4142 1093 4210 φησιν,
1123 4141 1199 4207 τῷ
1228 4138 1471 4207 μεγίστῳ
1487 4137 1606 4207 Θιῷ
1645 4135 1810 4205 Ἡλίῳ

1804 4158 1810 4183 ι
1910 4152 2049 4207 gus:
2083 4136 2210 4197 Has,
2249 4140 2442 4206 inquit,
2478 4141 2715 4207 prolixas
2749 4148 2968 4200 mittens
3017 4166 3208 4219 nugas,
3244 4155 3479 4209 maximo

232 4244 329 4295 καὶ
374 4239 452 4308 τῷ
514 4234 799 4304 φανοτάτῳ
837 4234 971 4301 πυρὶ
1003 4233 1101 4298 τὴν
1136 4229 1510 4298 προσκύνησιν
1544 4227 1619 4288 ὡς
1650 4228 1811 4293 θέμις

1805 4245 1811 4283 Γ
1909 4233 2012 4284 deo
2042 4232 2142 4285 soli
2176 4242 2227 4285 et
2270 4233 2376 4300 igni
2411 4237 2643 4287 cultuiii.
2673 4248 2728 4289 ut
2763 4252 2857 4306 par
2881 4253 2986 4302 est,
3017 4244 3237 4297 exhibe.
3263 4249 3340 4299 Ad
3366 4250 3480 4301 hac

231 4334 449 4393 ἀπόδος.
488 4332 630 4399 Πρὸς
662 4327 834 4381 ταῦτα
876 4326 965 4393 Μὴ
1014 4323 1225 4385 πλανῶ,
1260 4320 1410 4375 εἶπεν
1439 4323 1466 4373 6
1494 4337 1809 4388 προσκυνη-

1804 4349 1809 4358 -
1910 4322 2045 4375 dixit
2077 4321 2284 4375 Christi
2346 4325 2642 4380 adorator:
2700 4328 2777 4383 Ne
2828 4347 3001 4397 erres,
3039 4351 3213 4405 neque
3244 4350 3401 4407 putes
3429 4354 3479 4391 te

228 4429 331 4498 τὴς
372 4424 467 4478 τοῦ
501 4421 760 4493 Χριστοῦ,
813 4408 946 4487 μηδέ
977 4416 1136 4469 τοῦτο
1184 4416 1296 4467 οῐου
1347 4412 1647 4467 θεάσασθαί
1675 4429 1804 4465 ποτε

1802 4434 1804 4461 ;
1913 4414 2013 4468 hoc
2043 4430 2279 4482 unquam
2315 4418 2423 4470 tiiis
2443 4433 2563 4471 esse
2589 4424 3088 4491 contemplaturum
3114 4430 3288 4483 oculis
3319 4447 3335 4486 :
3371 4449 3441 4486 mi
3463 4474 3477 4493 .

229 4523 345 4581 τοῖς
383 4521 493 4577 σοῖς
547 4514 846 4581 ὀφθαλμοῖς
905 4508 1274 4562 καταλιπόντα
1326 4524 1393 4575 με
1447 4508 1540 4558 τὸν
1574 4503 1804 4574 ποιητὴν
1837 4584 1870 4592 ,4

1793 4521 1804 4553 i
1837 4584 1855 4592 Δ
1914 4504 2158 4573 inquam,
2191 4508 2379 4561 relicto
2402 4507 2651 4565 eﬂectorc
2686 4514 2819 4567 solis
2864 4524 2916 4569 et
2947 4516 3105 4586 ignis,
3142 4522 3289 4576 illius
3313 4539 3468 4592 oper.

232 4612 387 4684 ἡλίου
421 4608 512 4662 καὶ
540 4605 631 4658 τοῦ
668 4604 837 4672 πυρὸς
868 4604 981 4663 τοῖς
1009 4599 1217 4652 ἐκείνου
1257 4598 1529 4667 ποιήμασι
1561 4611 1804 4663 προσκυ-
1837 4584 1880 4641 υ

1786 4623 1804 4633 -
1837 4584 1880 4641 υ
1912 4597 2161 4661 adorare,
2189 4612 2241 4652 et
2278 4602 2410 4654 adeo
2472 4618 2773 4671 repugnare
2839 4610 2974 4664 meis
3026 4614 3209 4668 verbis
3270 4627 3319 4668 et
3376 4625 3461 4671 do—

233 4706 396 4773 νῆσαι
420 4703 529 4760 τοῖς
567 4716 625 4749 τι
651 4699 830 4764 λόγοις
860 4697 953 4745 καὶ
980 4695 1046 4761 τῇ
1084 4689 1326 4760 ἐμαυτοῦ
1350 4688 1535 4757 διδαχῇ
1567 4689 1807 4738 ἀπεναν-

232 4796 357 4857 τίας
383 4793 526 4847 οὕτω
560 4791 867 4857 γινόμενον.
907 4787 967 4837 Ὀ
995 4783 1049 4835 δὲ
1082 4782 1247 4842 πολὺς
1279 4782 1378 4850 τὴν
1409 4779 1671 4848 ὠμότητα
1701 4778 1807 4846 μά-

237 4906 355 4958 γος,
396 4888 515 4939 ἐπεὶ
549 4884 752 4937 τούτων
775 4882 974 4951 ἢκουσε
1022 4876 1131 4931 τῶν
1172 4874 1459 4944 ῥημάτων,
1491 4872 1809 4933 διακαυθεὶς

237 4979 319 5049 τῷ
351 4974 508 5045 θυμῷ
559 4974 770 5025 κελεύει
839 4967 1181 5037 παραχρῆμα
1234 4961 1560 5016 διαταθέντα
1591 4960 1809 5031 ῥάϐδοις

240 5068 383 5139 ῥοῶν
425 5066 671 5134 θαμινοῖς
718 5062 858 5127 δζοις
901 5055 1317 5127 ἡκανθωμέναις
1342 5054 1506 5107 αὑτὸν
1550 5052 1811 5122 μαστίζε-

239 5161 392 5215 σθαι.
427 5157 517 5220 Ὦς
558 5156 613 5209 δὲ
641 5156 735 5216 τὰς
768 5153 914 5220 ἱερὰς
950 5152 1162 5211 ὲκείνας
1195 5150 1409 5218 σάρκας
1435 5145 1483 5197 οί
1522 5144 1623 5211 τῆς
1651 5145 1805 5195 ἀπω-

236 5252 390 5315 λείας
414 5250 519 5302 υίοὶ
550 5247 887 5313 κατέξαινον,
915 5240 1236 5312 Εὑχαριστῶ
1270 5255 1372 5301 σοι,
1402 5234 1555 5289 εἶπεν
1585 5236 1613 5287 6
1636 5234 1806 5301 ἀθλη-

1908 4691 2115 4743 ctrinm.
2170 4690 2595 4749 Crudelissimiis
2646 4707 2826 4750 autem
2903 4716 3136 4770 magus,
3188 4717 3478 4775 postquam

1910 4781 2118 4834 audivit
2153 4785 2264 4837 hinc
2294 4786 2475 4847 verba,
2516 4788 2595 4840 ira
2623 4802 2910 4853 accensus,
2932 4792 3087 4859 jubet
3135 4801 3319 4850 statim
3352 4815 3478 4855 eum

1908 4883 2190 4927 extensum
2218 4878 2491 4930 verberari
2527 4880 2691 4949 virgis
2724 4883 2849 4935 mali
2888 4887 3120 4952 punica,
3146 4890 3302 4958 cujus
3340 4894 3477 4946 rami

1909 4979 2065 5019 erant
2092 4968 2323 5034 spinosi.
2364 4970 2500 5023 Cum
2536 4988 2663 5025 vero
2698 4990 2883 5029 sacras
2915 4978 3035 5030 illas
3069 4994 3265 5036 carnes
3307 4985 3449 5036 lania

1908 5065 2030 5109 rent
2061 5057 2151 5109 lilii
2182 5060 2466 5114 interitus:
2496 5064 2609 5131 Ago
2633 5066 2725 5117 tibi
2761 5068 2988 5132 gratias,
3014 5070 3227 5124 dicebat
3251 5076 3474 5141 athleta,

1910 5150 1964 5201 in
1996 5152 2194 5203 cmluiii
2231 5154 2533 5207 extendens
2570 5157 2781 5222 oculos,
2813 5162 2959 5227 quod
2990 5163 3350 5230 dignatus-sis
3390 5183 3474 5221 me

1908 5255 2031 5294 meo
2055 5244 2319 5311 sanguine
2348 5246 2603 5311 tinctum,
2633 5252 2836 5317 peccati
2860 5254 3051 5307 sordes
3078 5270 3210 5323 pure
3228 5258 3467 5313 abluere.

235 5346 359 5414 τὴς,
396 5342 475 5403 είς
504 5339 729 5407 οὐρανὸν
758 5335 1042 5395 ἀνατείνας
1072 5332 1197 5393 τοὺς
1243 5328 1579 5399 ὀφθαλμοὺς,
1622 5328 1703 5379 ὅτι
1738 5342 1805 5395 με

235 5434 319 5505 τῷ
358 5433 475 5502 ὲμῷ
524 5428 865 5497 κατηξίωσας
916 5426 1111 5493 αἵματι
1173 5422 1540 5493 βαπτισθέντα
1579 5419 1669 5473 τὸν
1707 5419 1802 5488 τῆς

237 5523 515 5596 ἁμαρτίας
549 5522 715 5590 ῥύπον
771 5518 1027 5586 καθαρῶς
1066 5514 1498 5571 ἀπολούσασθαι.
1538 5514 1601 5566 Ol
1634 5512 1689 5565 δὲ
1712 5512 1807 5581 δή·

242 5637 358 5690 μιοι
391 5617 476 5685 ἐφ’
503 5610 584 5676 οἷς
614 5615 830 5682 είρηκεν
862 5610 1028 5680 ὀργῆς
1064 5609 1261 5678 μᾶλλον
1296 5610 1384 5659 ἐπ’
1409 5605 1557 5675 αὐτῷ
1583 5606 1805 5673 πληρω·

236 5712 421 5771 θέντες
449 5707 589 5759 οὕτω
637 5706 942 5767 κατέκοψαν
978 5703 1095 5761 ταῖς
1126 5700 1359 5767 πληγαῖς
1401 5699 1474 5760 ὡς
1504 5698 1804 5765 ὶκκοπήναι

234 5802 413 5867 τούτῳ
440 5798 535 5850 καὶ
564 5797 661 5865 τὴν
694 5792 895 5862 φωνήν.
932 5788 1063 5843 Εἶτα
1090 5794 1208 5842 δυσὶ
1241 5790 1627 5858 περιϐαλόντες
1675 5788 1803 5841 ἁλύ-

1907 5327 2154 5385 Lictores
2187 5342 2369 5386 autem
2403 5349 2623 5404 propter
2655 5352 2738 5400 ea,
2769 5355 2891 5407 qure
2915 5340 3151 5402 dixerat,
3187 5343 3239 5395 in
3291 5346 3471 5411 ipsum

1908 5422 2080 5488 magis
2116 5424 2192 5474 ira
2236 5427 2442 5492 repleti,
2480 5437 2591 5481 tum
2627 5429 2796 5499 plagis
2829 5433 2897 5484 ita
2953 5434 3356 5495 conscidcruiii,
3417 5446 3473 5489 ut

1911 5528 2009 5566 vox
2041 5531 2259 5585 quoque
2280 5519 2325 5570 ei
2352 5521 2857 5590 interrumperetiir.
2896 5523 3095 5577 Deinde
3130 5532 3336 5579 iiuahus
3388 5542 3473 5577 i-a-

1911 5615 2051 5662 tenis
2101 5610 2515 5672 circumdatum,
2550 5618 2830 5670 includunt
2868 5619 2919 5669 in
2972 5634 3205 5680 carcere,
3258 5621 3303 5670 ei
3353 5619 3467 5681 ivul-

1910 5699 2100 5751 cliiuni
2135 5703 2214 5753 vel
2247 5702 2399 5754 inviti
2432 5705 2689 5757 solatium
2724 5705 2914 5760 dantes
2943 5708 3301 5775 Acepsiiiiain.
3356 5706 3467 5759 lllic

1914 5793 2061 5845 enim
2097 5794 2271 5845 luerat
2305 5796 2453 5861 prius
2491 5796 2753 5850 iiii-lusus.

237 5911 356 5947 σεσι
416 5889 775 5960 δεσμωτηρίῳ
834 5885 1218 5939 κατακλείουσι
1268 5883 1433 5935 καλδν
1488 5881 1638 5951 αὑτῷ
1706 5885 1799 5935 καὶ
1839 5882 2066 5947 ἄκοντες
2118 5886 2465 5955 παραμύθιον
2535 5890 2626 5941 τὸν
2682 5889 2824 5943 θεῖον
2879 5892 3168 5954 δεδωκότες
3244 5891 3459 5960 Ἀκεῷι-

248 5989 357 6060 μᾶν
382 6001 395 6015 ·
434 5985 551 6039 ἐκεῖ
584 5982 688 6052 γὰρ
718 5980 871 6051 ἔτυχε
899 5974 1441 6050 προκατακλεισθείς.
