4242 6442
757 401 868 470 839

1941 387 2328 451 ADDENDA.
2360 408 2430 422 ·-
2457 384 2795 447 APRILIS.

3926 360 4035 427 840

827 515 964 572 VIII.
1000 511 1083 569 Ad
1109 509 1480 568 venerandum
1504 514 1688 563 autem
1716 503 1994 574 aspiciens
2024 501 2324 558 Eitlialam
2359 505 2402 562 Α

2359 505 2402 562 Α
2504 499 2586 554 Η’.
2619 500 2765 569 Πρὸς
2795 498 2852 552 δὲ
2873 497 2964 552 τδν
2997 498 3330 570 τιμιώτατον
3359 485 3677 557 ἀποϐλέψας
3709 477 4031 574 ’Δειθαλᾶν.

751 609 919 685 inde:
940 643 958 672 ,
987 604 1082 676 qui
1123 610 1246 658 erat
1273 603 1458 657 animo
1482 597 1878 667 implacabilis:
1923 595 2007 652 Tu
2044 610 2177 651 vero
2201 595 2333 664 quid

756 701 918 765 dicis,
954 694 1176 768 inquit?
1206 693 1536 764 Implebisne
1564 690 1781 761 jussum
1803 689 1971 760 regis,
1991 696 2046 743 et
2079 685 2336 742 adorabis

761 792 1062 848 maximum
1097 786 1292 850 solem,
1322 791 1378 838 et
1407 781 1658 852 gustabis
1705 779 2055 849 sanguinein,
2101 787 2158 832 et
2206 791 2334 830 cum

761 885 995 940 muliere
1026 879 1253 935 habebis
1288 873 1772 938 consuetudinem,
1807 879 1862 927 et
1906 868 2233 926 liberaberis
2268 868 2338 925 ab

764 977 835 1032 iis
868 991 989 1046 qua:
1026 974 1120 1027 tibi
1151 971 1491 1040 impendent,
1524 967 1715 1020 malis:
1747 981 1816 1020 an
1844 965 1956 1020 eris
1976 963 2165 1026 etiam,
2191 961 2337 1016 sicut

764 1072 878 1132 alii,
945 1075 1242 1122 contumax
1308 1071 1362 1118 et
1436 1059 1800 1115 inobediensf
1877 1057 2085 1114 Christi
2155 1065 2335 1110 autem

765 1169 973 1232 martyr
1002 1158 1294 1217 Eitbalas,
1327 1168 1454 1208 vere
1504 1166 1727 1222 semper
1760 1151 1964 1206 florens
1996 1157 2053 1204 et
2093 1145 2338 1203 caelestis

767 1257 951 1327 planta
989 1253 1240 1320 pietatis:
1272 1247 1428 1311 Tuae,
1469 1247 1667 1317 inquit,
1703 1245 2000 1299 immunda
2026 1250 2080 1297 et
2127 1241 2340 1297 canina

767 1346 1121 1417 appetitionis
1154 1354 1237 1397 est
1265 1344 1367 1397 hoc
1405 1355 1628 1402 munus,
1661 1337 1982 1409 sanguinem
2010 1341 2254 1405 gustare,
2285 1342 2340 1387 et

769 1452 872 1508 pro
905 1437 1036 1498 Deo,
1066 1450 1188 1504 qua
1229 1432 1321 1486 Dei
1354 1439 1506 1493 sunt,
1555 1429 1757 1484 colere.
1813 1425 1974 1481 Absit
2023 1432 2230 1486 autem,
2282 1432 2343 1476 ut

773 1547 877 1600 ego
905 1532 1041 1583 adeo
1094 1527 1380 1580 caecutiam
1436 1522 1687 1593 corporis
1714 1528 1770 1574 et
1798 1519 1997 1573 anima:
2029 1515 2228 1578 oculis.
2279 1522 2340 1569 nt

776 1625 920 1676 hunc
952 1621 1146 1674 videns
1171 1619 1365 1682 solem,
1402 1617 1470 1672 ad
1519 1631 1644 1670 eum
1696 1626 1873 1681 usque
1925 1610 2251 1674 consistam,
2287 1616 2345 1662 et

772 1715 942 1770 Deum
977 1713 1206 1768 omnino
1228 1721 1412 1780 putem
1444 1709 1498 1763 id
1529 1705 1676 1778 quod
1706 1715 1957 1776 apparet,
1986 1711 2044 1758 et
2066 1715 2175 1757 non
2202 1702 2346 1757 ulte.

2438 595 2468 646 ό
2500 596 2601 665 τὴν
2651 592 2833 663 ψυχὴν
2879 591 3205 663 ἀμείλικτος
3247 582 3552 653 δικαστής·
3594 577 3669 632 Σὺ
3704 575 3759 630 τί
3816 571 4032 638 λέγεις.

2437 687 2562 758 ἔφη.
2596 687 2825 758 πληροῖς
2853 686 2916 740 τὸ
2939 685 3033 739 τοῦ
3063 682 3329 755 βασιλέως
3356 677 3713 748 πρόσταγμα,
3737 667 3833 722 καὶ
3858 680 4036 758 προσ-

2437 756 2620 845 κυνεῖς
2650 756 2730 850 τῷ
2757 779 3001 851 μεγίστῳ
3031 777 3190 848 ἡλίῳ,
3239 771 3542 840 ἀπογεύσει
3572 784 3635 820 τε
3666 764 3907 830 αῐματος
3933 756 4033 809 καὶ

2438 875 2659 945 γυναικὶ
2688 872 2898 944 ὁμιλεῖς
2929 874 3025 926 καὶ
3049 869 3152 941 ῥύη
3185 866 3296 921 τῶν
3318 858 3724 936 ἀπηρτημένων
3746 871 3832 908 σοι
3858 853 4035 945 dua-1‘-

2441 940 2634 1039 κῶν,ἦ
2675 940 2770 1020 καὶ
2808 965 2970 1027 αύτδς
2998 940 3246 1020 ἀπειθεῖς
3285 959 3400 1019 τοῖς
3455 953 3636 1012 ἄλλοις
3676 945 3930 1039 ὁμοίως)
3974 940 4034 992 ὀ

2438 1052 2499 1106 δὲ
2523 1034 2888 1125 τοῦ-Χριστοῦ
2925 1054 3137 1124 μάρτυς
3167 1045 3479 1109 ’Δειθαλᾶς,
3511 1043 3572 1096 τὸ
3600 1041 3701 1108 τῆς
3735 1034 4035 1093 εύσεσείας

2438 1145 2608 1209 δντως
2621 1146 2872 1210 ἀειθαλὲς
2894 1145 3061 1216 φυτὸν
3083 1145 3179 1199 καλ⁵
3203 1141 3456 1213 οὐράνιον
3473 1137 3658 1208 ἔργον,
3676 1131 3873 1191 Τοῦτο,
3899 1127 4034 1196 εφη,

2440 1241 2540 1311 τῆς
2565 1242 2667 1310 σῆς
2695 1239 3008 1308 ἀκαθάρτου
3036 1236 3132 1292 καὶ
3155 1233 3428 1295 κυνώδους
3461 1228 3721 1297 ὀρέξεως,
3761 1222 3828 1276 rb
3854 1217 4034 1289 αἱμά-

2441 1351 2552 1388 των
2575 1331 2942 1401 ἀπογεύεσθαι
2964 1328 3062 1384 καὶ
3091 1329 3215 1381 ἀντὶ
3249 1326 3345 1380 τοῦ
3371 1321 3507 1377 Θεοῦ
3541 1319 3611 1373 τά
3640 1317 3736 1370 τοῦ
3769 1313 3908 1369 Θεοῦ
3946 1311 4038 1364 σέ-

2443 1427 2656 1480 ϐεσθαι.
2691 1423 2847 1493 Ἐμοὶ
2861 1422 2920 1476 δὲ
2953 1420 3028 1492 μὴ
3060 1419 3276 1489 γίνοιτο
3313 1413 3568 1484 χαλεπῶς
3612 1409 3755 1463 οὕτω
3776 1403 4035 1473 τυφλώτο

2442 1536 2560 1573 τειν
2584 1517 2677 1570 καὶ
2709 1516 2837 1579 τοὺς
2853 1513 2946 1568 τοῦ
2965 1513 3220 1582 σώματος
3240 1508 3335 1561 καὶ
3356 1504 3489 1567 ’τοὺς
3512 1504 3610 1571 τῆς
3630 1498 3807 1570 ψυχῆς
3832 1493 4040 1564 ὀφθαλ-

2449 1611 2584 1681 μοὺς
2604 1608 2682 1672 ὡς
2715 1606 2916 1678 δρῶντι
2951 1605 3102 1658 τόνδε
3138 1603 3234 1656 τὸν
3265 1601 3420 1671 ἥλιον
3455 1594 3649 1666 μέχρις
3688 1589 3862 1646 αὐτοῦ
3898 1585 4040 1652 στῆ-

2447 1720 2557 1770 ναι,
2585 1703 2684 1756 καὶ
2718 1699 2851 1754 Θεὺν
2872 1698 3061 1765 ἁπλῶς
3098 1693 3416 1766 ἡγήσασθαι
3455 1689 3516 1742 τὸ
3554 1683 3914 1757 φαινόμενον,
3940 1681 4040 1732 καὶ

773 1810 891 1864 rius
927 1807 1244 1877 progredior
1283 1801 1587 1858 sinceriore
1643 1772 1803 1855 oculo
1856 1794 2228 1866 cogitationis,
2290 1805 2345 1848 et
2383 1841 2426 1896 Β

2383 1841 2426 1896 Β
2458 1796 2533 1868 μὴ
2563 1793 2897 1864 προσωτέρω
2917 1790 3191 1863 χωρῆσαι,
3211 1777 3741 1896 διἀνοίαςιόφθαλμιξι
3765 1772 4039 1896 τρανοὶέ-

778 1902 944 1955 Deum
969 1897 1188 1968 quidem
1214 1897 1289 1958 id,
1307 1895 1453 1966 quod
1480 1899 1693 1947 movet:
1721 1905 1833 1945 rem
1856 1901 1986 1944 vero
2001 1894 2242 1942 creatam
2264 1899 2355 1940 re-

776 2003 961 2064 putem
993 1993 1066 2055 id,
1123 1990 1268 2059 quod
1318 1995 1586 2041 movetur.
1640 1984 1699 2039 Si
1755 1992 1938 2037 autem
1966 1980 2101 2036 mihi
2134 1978 2214 2034 sic
2269 1977 2356 2048 iu-

778 2084 986 2140 dicanti
1030 2091 1086 2137 et
1139 2086 1326 2151 plagas
1369 2087 1423 2133 et
1473 2085 1704 2132 mortem
1751 2072 2024 2136 minaris,
2077 2086 2186 2125 non
2232 2069 2354 2124 ideo

776 2175 911 2230 milii
947 2171 1319 2244 persuadebis,
1350 2180 1409 2224 ut
1439 2169 1648 2224 discam
1699 2175 1854 2221 tuum
1908 2165 2127 2235 dogma,
2175 2169 2231 2216 et
2259 2177 2354 2216 ne-

775 2281 893 2336 gem
935 2281 1114 2320 veram
1158 2265 1497 2330 religionem.
1551 2260 1779 2330 Propter
1831 2260 1947 2314 lucc
2014 2260 2188 2312 iratus
2251 2257 2354 2310 im-

789 2362 946 2429 pius:
1009 2357 1114 2411 Sed
1177 2357 1384 2417 nullus,
1445 2351 1643 2422 inquit,
1687 2365 1836 2407 sana:
1886 2351 2090 2406 mentis
2122 2357 2351 2404 mortem

779 2464 904 2508 Vita:
945 2453 1268 2523 praetulerit,
1316 2449 1478 2518 idque
1509 2455 1733 2516 propter
1795 2445 2018 2499 stultam
2053 2451 2106 2498 et
2131 2442 2357 2496 minime

783 2547 1189 2601 consideratam
1246 2541 1629 2595 constantiam.
1665 2539 2033 2604 Quamobrem
2087 2550 2191 2590 nec
2256 2533 2356 2588 tibi

783 2637 1115 2691 credendum
1145 2641 1227 2688 est
1279 2631 1481 2685 dicenti
1513 2638 1567 2684 te
1608 2636 1857 2699 paratum
1905 2641 2033 2682 esse
2082 2623 2222 2680 mori
2255 2639 2356 2695 pro

785 2742 880 2783 tuo
914 2729 1166 2797 dogmate
1195 2735 1250 2780 et
1277 2724 1561 2791 religione.
1601 2720 1908 2792 Respondit
1947 2719 2218 2774 Sanctus:
2250 2717 2355 2774 Ve-

794 2820 918 2886 stri,
961 2821 1110 2889 quia
1152 2832 1292 2871 vana
1361 2832 1458 2887 spe
1513 2814 1770 2885 pendent,
1799 2820 1849 2869 et
1909 2811 2114 2866 nullam
2144 2819 2360 2866 arteriis

793 2914 919 2968 vitae
961 2912 1162 2965 habent
1189 2911 1677 2978 exspectationem,
1704 2916 1992 2976 postquam
2021 2904 2149 2958 hinc
2171 2919 2361 2958 exces-

791 3007 981 3066 serint,
1005 3005 1129 3074 jure
1151 3003 1453 3057 existimari
1476 3002 1754 3071 potuerint
1772 3012 1896 3054 esse
1919 3007 1977 3054 et
2002 2998 2124 3052 vita
2149 2997 2358 3066 cupidi,

791 3106 846 3153 et
872 3106 1121 3152 amantes
1189 3094 1458 3164 corporis.
1513 3080 1758 3159 Quorum
1787 3102 1968 3148 autem
1999 3107 2098 3161 spe
2149 3103 2276 3145 vera
2306 3096 2362 3144 et

2459 1907 2537 1960 ρῳ
2557 1929 2574 1952 ,
2610 1891 2704 1942 καὶ
2737 1887 2872 1940 Θεὸν
2904 1885 3003 1956 μὲν
3028 1887 3088 1938 rb
3132 1880 3347 1945 κινοῦν,
3385 1877 3593 1943 κτίσμα
3621 1873 3678 1927 δὲ
3707 1868 4040 1940 λογίσασθαι

2451 1986 2513 2037 τὸ
2540 1982 2884 2049 κινούμενον.
2920 1979 2982 2032 Εἰ
3026 1979 3082 2030 δέ
3116 1994 3205 2046 μοι
3240 1973 3385 2027 οὕτω
3435 1970 3673 2039 κρίσεως
3716 1966 3902 2036 ἔχοντι
3947 1961 4042 2014 καὶ

2453 2075 2674 2146 πληγὰς
2715 2075 2808 2128 καὶ
2851 2071 3082 2126 θάνατον
3129 2067 3396 2128 ἀπειλεῖς,
3453 2064 3514 2116 οὐ
3561 2062 3709 2132 παρὰ
3752 2057 3918 2112 τοῦτό
3971 2072 4040 2124 με

2451 2170 2661 2233 πείσεις
2703 2168 2767 2222 rb
2791 2168 2882 2222 σὺν
2902 2166 3084 2235 δόγμα
3114 2160 3457 2232 μεταμαθεῖν
3478 2158 3572 2211 καί
3609 2156 3706 2225 τὴν
3743 2151 4042 2206 εὑσέὁειαν

2452 2260 2902 2333 ἀπαρνήσασθαι.
2941 2254 3251 2328 Ὀργισθεὶς
3287 2252 3382 2304 ἐπὶ
3424 2249 3636 2308 τούτοις
3679 2243 4040 2312 όέδυσσεσὴς.

2466 2355 2606 2410 Ἀλλ’
2633 2355 2809 2416 οὐδεὶς
2838 2349 3146 2419 ἀνθρώπων
3179 2343 3479 2414 εύφρονῶν,
3528 2341 3657 2409 ἔφη,
3691 2337 3930 2390 θάνατον
3974 2333 4041 2384 ἂν

2452 2448 2561 2519 πρὸ
2583 2446 2685 2517 τῆς
2707 2445 2853 2514 ζωῆς
2892 2442 3089 2507 ἓλοιτο,
3121 2440 3217 2493 καὶ
3263 2436 3436 2491 ταῦτα
3477 2433 3714 2502 ματαίας
3750 2429 3916 2499 χάριν
3946 2425 4044 2477 καὶ

2452 2541 2515 2594 ού
2552 2539 2862 2608 λεγομένης
2912 2534 3217 2592 ὲνστάσεως
3247 2545 3260 2558 ’
3292 2526 3414 2580 ὅθεν
3441 2525 3564 2577 οὐδὲ
3598 2521 3921 2575 πιστευτέον
3959 2533 4046 2568 σοι

2453 2634 2688 2702 λέγοντι,
2742 2627 3038 2700 προθύμως
3091 2623 3236 2692 ἔχειν
3293 2621 3435 2688 ὑπὲρ
3474 2616 3566 2670 τοῦ
3622 2611 3899 2682 δόγματός
3943 2625 4044 2662 σου

2452 2731 2545 2781 καὶ
2580 2725 2680 2796 τῆς
2712 2720 3009 2795 θρησκείας
3043 2716 3360 2771 ἀποθανεῖν.
3405 2713 3465 2766 '0
3489 2711 3645 2778 ἅγιος
3675 2704 4045 2773 ἀπεκρίνατο.

2454 2823 2516 2875 Οί
2547 2819 2671 2873 καθ’
2714 2817 2860 2887 ὑμᾶς
2909 2813 3005 2867 ἐπὶ
3039 2813 3228 2873 κεναῖς
3273 2805 3644 2877 αἰωρούμενοι
3681 2804 3805 2862 ταῖς
3855 2796 4048 2850 ἐλπίσι

2455 2915 2552 2968 καὶ
2589 2911 2662 2981 μή
2696 2926 2819 2962 τινα
2844 2905 3177 2976 προσδοκίαν
3223 2901 3360 2972 μετά
3393 2899 3492 2967 τὴν
3546 2894 3793 2950 εντεῦθεν
3834 2891 4052 2960 ἀποδη-

2463 3003 2592 3074 μίαν
2624 3002 2840 3070 ῑχοντες
2871 2995 3233 3064 ἀτελευτήτου
3265 2992 3433 3061 ζωῆς,
3467 2989 3696 3046 είκότως
3738 2986 3806 3039 ἀν
3831 2985 3927 3074 και
3955 3001 4052 3052 φι-

2469 3069 2692 3159 λοζωεῖν
2721 3087 2864 3147 οὗτοι
2897 3090 2993 3144 καὶ
3043 3085 3449 3156 φιλοσωματείν
3494 3080 3822 3149 νομίζοιντο.
3856 3069 3953 3138 Οἷς
3991 3075 4053 3127 δὲ

797 3191 956 3244 iirma
983 3189 1147 3243 alitur
1180 3189 1384 3253 anima,
1417 3186 1561 3256 quod
1591 3194 1648 3240 et
1684 3200 1747 3241 ea
1781 3185 1852 3240 sit
1909 3182 2258 3247 immortalis,
2310 3182 2436 3238 etC
2466 3214 2472 3240 ι

2392 3182 2436 3238 C
2466 3186 2684 3257 ἀληθείς
2716 3185 2932 3247 ἑλπίδες
2958 3182 3055 3236 καὶ
3077 3180 3287 3251 βίὸαιοι
3312 3176 3410 3247 τὴν
3433 3174 3612 3245 ψυχὴν
3636 3173 4053 3242 ὑποτρέφουσιν

799 3283 874 3338 sit
908 3297 1104 3335 rursus
1133 3295 1258 3334 cum
1292 3293 1396 3334 suo
1447 3292 1680 3348 corpore
1728 3275 1945 3331 coitura
2002 3282 2128 3343 post
2175 3274 2366 3328 mortis
2463 3300 2474 3333 ι

2463 3281 2538 3342 ὡς
2572 3280 2713 3346 αὐτή
2740 3294 2799 3331 τε
2827 3276 3098 3338 ἀθάνατος
3125 3273 3211 3341 εῐη
3265 3273 3359 3324 καὶ
3376 3271 3459 3340 τῷ
3491 3268 3608 3337 ίδίῳ
3638 3265 3800 3319 πάλιν
3823 3262 4055 3330 σώματι

800 3374 1247 3437 dissolutionem,
1273 3383 1328 3427 et
1355 3380 1577 3426 aeternae
1609 3370 1736 3424 vita:
1757 3368 1940 3423 futura
1963 3368 2262 3439 particeps,
2298 3366 2367 3420 iis
2466 3391 2475 3422 t

2466 3368 2799 3424 συνελθοῦσα
2834 3367 2974 3436 μετά
2993 3365 3094 3434 τὴν
3134 3361 3229 3416 τοῦ
3262 3361 3499 3415 θανάτου
3520 3358 3767 3413 διάλυσιν
3815 3356 4052 3409 αἰωνίου

800 3482 1048 3542 praesens
1078 3467 1187 3521 vlta
1239 3481 1326 3520 res
1381 3475 1467 3519 est
1522 3477 1685 3534 parva
1730 3472 1787 3518 et
1839 3460 2263 3524 contemnenda,
2316 3467 2370 3515 et

801 3574 953 3613 mors
981 3558 1208 3613 minime
1261 3555 1550 3611 terribilis.
1592 3554 1769 3611 Verax
1793 3561 1877 3608 est
1915 3553 2062 3609 enim
2093 3551 2239 3606 Deus
2272 3565 2367 3607 no-

796 3659 909 3705 ster
934 3658 988 3705 ct
1012 3650 1290 3717 magister,
1345 3648 1438 3717 qui
1481 3644 1653 3701 dicit:
1708 3663 1727 3698 ι
1771 3644 1947 3701 Nolite
1975 3646 2171 3699 timere
2197 3641 2266 3697 ab
2299 3643 2369 3698 iis

796 3743 891 3813 qui
924 3741 1182 3796 occidunt
1213 3753 1433 3810 corpus,
1464 3737 1707 3795 animam
1747 3746 1936 3794 autem
1995 3751 2108 3792 non
2135 3742 2370 3806 possunt

798 3834 1055 3891 occidere
1077 3835 1118 3887 ⁸.
1133 3851 1154 3887 ι

871 4011 964 4068 IX.
998 4011 1151 4067 Tunc
1177 4009 1336 4081 jubet
1359 4008 1444 4065 vir
1473 4008 1566 4066 ille
1593 4009 1744 4064 ferus
1771 4006 1894 4078 ejus
1917 4006 2139 4079 quidem
2174 4021 2374 4064 manus

802 4101 1017 4173 alligari
1066 4102 1385 4171 poplitibus,
1427 4108 1485 4155 et
1540 4099 1767 4170 longum
1816 4098 2024 4168 lignum
2079 4098 2136 4155 in
2193 4098 2377 4155 medio

804 4197 1094 4264 utriusque
1123 4192 1447 4261 transadigi,
1473 4207 1578 4270 sea.
1596 4199 1779 4245 autem
1807 4192 1959 4246 viros
2013 4191 2274 4247 robustos
2301 4193 2371 4247 ab

807 4287 1099 4355 utriusque
1141 4283 1273 4354 ligni
1338 4281 1603 4337 extremis
1652 4283 2108 4347 conscendentes,
2162 4280 2377 4338 fortiter

809 4393 1058 4450 premere
1087 4385 1504 4433 sacrosanctum
1547 4375 1680 4429 Illud
1736 4389 1958 4445 corpus,
1983 4373 2054 4432 de
2105 4374 2378 4432 industria

813 4467 975 4523 factis
1004 4466 1258 4530 saltibus,
1295 4472 1350 4519 et
1375 4478 1505 4521 ossa
1550 4463 1671 4534 ejus
1724 4463 2072 4534 confringere
2098 4473 2153 4519 ct
2182 4461 2380 4520 dissol-

2469 3460 2656 3530 μέλλοι
2683 3457 2826 3528 ζωῆς
2865 3455 3167 3517 κοινωνεῖν,
3192 3493 3207 3517 ,
3237 3449 3448 3511 τούτοις
3472 3448 3583 3517 ἀρα
3605 3446 3701 3499 καὶ
3731 3446 3763 3513 ἡ
3791 3443 4058 3512 παροῦσα

2468 3551 2582 3620 ζωὴ
2612 3552 2802 3620 χρῆμα
2828 3545 3064 3617 σμικρὸν
3094 3544 3187 3596 καὶ
3210 3539 3686 3608 εὐκαταφρόνητον
3704 3536 3799 3589 καὶ
3827 3537 3856 3588 ό
3881 3537 4060 3588 θάνα-

2474 3659 2567 3708 τος
2599 3643 2800 3714 ἥκιστα
2831 3637 3080 3708 φοδερός.
3121 3634 3382 3703 Ἀψευδὴς
3401 3630 3512 3701 γὰρ
3545 3632 3572 3683 ό
3613 3629 3886 3700 ἡμέτερος
3914 3627 4060 3690 Θεὸς

2476 3738 2571 3792 καὶ
2594 3735 2941 3798 διδάσκαλος,
2977 3749 2998 3785 ι
3035 3729 3126 3797 Μὴ
3153 3724 3417 3796 φοϐηθῇς,
3441 3742 3461 3776 ι
3500 3721 3695 3790 λέγων,
3751 3737 3770 3769 ι
3803 3720 3916 3773 ἀπὸ
3942 3718 4062 3771 τῶν

2474 3826 2911 3884 ἀποκτεινόντων
2958 3821 3019 3874 τὸ
3059 3820 3243 3888 σῶμα,
3274 3817 3373 3884 την
3404 3812 3461 3868 bl
3492 3810 3672 3883 ψυχὴν
3723 3809 4061 3863 ἀποκτείναι

2475 3918 2551 3990 μὴ
2581 3916 2924 3986 δυναμινων.
2959 3929 2979 3964 ι

2541 4009 2619 4065 Θ’.
2660 4008 2792 4064 Τότε
2816 4005 3028 4061 κελεύει
3055 4003 3086 4056 ό
3110 3998 3383 4072 θηριώδης
3431 3996 3641 4059 ἐκεῖνος
3675 3991 3776 4055 τάς
3809 3990 3910 4061 μιν
3939 3993 4066 4061 χεί-

2475 4121 2579 4179 ρας
2619 4102 2786 4157 αὐτοῦ
2836 4100 2956 4161 ταις
2993 4094 3202 4164 ίγνύαις
3236 4090 3625 4160 προσδεθῖμμαι,
3658 4085 3816 4152 ξύλον
3839 4101 3901 4138 τε
3950 4102 4068 4153 μα-

2475 4201 2608 4272 κρδν
2628 4198 2794 4270 μέσον
2813 4191 3220 4265 ἀμφωτίρωθεν
3240 4186 3575 4255 διελαθῆναι,
3604 4183 3664 4248 ιε
3681 4181 3741 4236 δι
3769 4182 3976 4252 ἀνδρας
4001 4180 4067 4245 ιε

2468 4270 2755 4361 ἑκατέρων
2798 4287 2985 4355 ἄκρων
3029 4281 3124 4335 τοῦ
3156 4279 3316 4346 ξύλου
3369 4275 3765 4345 ἀπιϐεὸηκότας
3800 4270 4069 4341 ἀτεχνῶς

2479 4383 2738 4454 ίσχυροὺς
2775 4376 3109 4450 ιρῤωμινως
3140 4372 3354 4437 πιέζειν
3382 4371 3493 4432 τοῖς
3545 4367 3799 4437 ιπίτηδες
3839 4367 4067 4434 ἀλμασι

2476 4476 2538 4528 rb
2581 4473 2723 4543 ιερδν
2756 4473 2935 4524 ικεῐνο
2966 4466 3127 4535 σῶμα
3169 4463 3265 4517 καὶ
3294 4461 3532 4528 τάόστᾶ
3574 4457 3917 4520 συνθλῶντας
3960 4462 4070 4511 καὶ

810 4572 960 4612 vere.
996 4556 1198 4612 Deinde
1229 4555 1396 4611 etiam
1457 4555 1586 4609 mali
1646 4569 1869 4626 quoque
1921 4553 2157 4611 Persica:
2205 4554 2379 4625 virgis
2411 4552 2485 4610 D.

2411 4552 2456 4608 Ῑ)
2483 4565 2820 4626 διαλύοντας,
2851 4559 2946 4614 επὶ
2975 4557 3187 4619 τούτοις
3227 4554 3324 4608 καὶ
3373 4552 3591 4624 ῥάϐδοις
3625 4550 3766 4622 ῥοῶν
3803 4550 4068 4620 ἀνηλεῶς

814 4665 940 4706 eum
972 4648 1276 4704 verberari.
1312 4644 1617 4702 Indomitos
1660 4653 1840 4701 autem
1893 4645 1984 4701 ille
2044 4646 2267 4710 atbleta,
2329 4656 2384 4701 et
2481 4681 2489 4715 ε

2481 4662 2643 4715 αὐτὸν
2681 4653 3006 4711 τύπτεσθαι.
3047 4650 3108 4704 '0
3133 4649 3189 4702 δὲ
3212 4646 3426 4716 ἀδάμας
3450 4644 3693 4716 ἀθλητὴς
3716 4645 3923 4708 ἰκτῖνος
3963 4649 4071 4698 καὶ

817 4741 978 4809 cujus
1010 4741 1156 4795 nulla
1201 4755 1260 4794 re
1293 4739 1644 4810 frangebatur
1687 4738 1935 4807 spiritus,
1962 4738 2188 4809 perinde
2221 4754 2286 4794 ac
2335 4739 2382 4796 si
2482 4770 2492 4789 .

2482 4753 2543 4806 rb
2591 4750 2846 4820 φρόνημα
2877 4744 2969 4797 ὑπ’
3009 4737 3222 4802 οὐδενὸς
3250 4735 3680 4804 ταπεινούμενος
3699 4734 3890 4806 ὥσπερ
3914 4734 4070 4787 ἀπὸ-

815 4837 1027 4892 nullum
1058 4834 1300 4890 dolorem
1319 4832 1720 4887 sentiretatam
1755 4831 1952 4901 insigni
1975 4830 2240 4896 cruciatu,
2267 4845 2385 4886 ma-
2484 4863 2490 4880 .

2484 4861 2587 4907 νως
2632 4842 2724 4895 καὶ
2760 4836 3081 4904 ἀναλγήτως
3132 4831 3266 4903 πρὸς
3314 4827 3550 4899 βασάνου
3602 4825 3856 4895 τοιαύτην
3887 4824 4073 4897 ὑπερ-

815 4943 924 5001 gno
953 4937 1008 4983 et
1038 4926 1258 4982 excelso
1307 4926 1491 4981 animo
1557 4924 1834 4994 aspiciens
1874 4924 1941 4979 ad
1968 4921 2256 4992 indicem:
2310 4922 2384 4980 Ut
2486 4953 2490 4981 ι

2486 4937 2648 5002 ϐολὴν
2671 4931 3036 4999 διακείμενος,
3081 4924 3300 4990 εὐγενές
3321 4939 3375 4976 τι
3405 4920 3499 4976 καὶ
3527 4919 3872 4991 μεγαλόφρον
3918 4920 4069 4988 πρὸς

815 5021 1055 5085 videt'ttr,
1112 5019 1314 5090 inquit,
1350 5031 1582 5088 corpora
1632 5016 1944 5082 hominum,
1991 5032 2114 5087 qua
2170 5016 2384 5072 discer-
2481 5048 2490 5067 .

2481 5031 2574 5084 rbv
2605 5024 2866 5093 δικαστὴν
2898 5019 3237 5089 ἀποϐλέψας,
3269 5017 3359 5080 Ὦς
3382 5015 3579 5076 ἔοικεν,
3605 5013 3802 5083 ἡδονήν
3828 5028 3912 5065 σοι
3934 5017 4071 5068 ru.)

819 5123 1046 5185 puntur,
1081 5111 1179 5166 tibi
1242 5112 1477 5181 aliquam
1513 5109 1746 5165 all‘ernnt
1799 5109 2152 5179 voluptatem,
2212 5109 2387 5164 instar
2482 5136 2494 5166 ε

2482 5119 2551 5171 τὰ
2573 5115 2682 5170 τῶν
2721 5109 3048 5181 ἀνθρώπων,
3083 5107 3211 5176 ἔφη,
3247 5103 3479 5174 σώματα
3529 5102 4070 5172 διασπαρασσόμενα

818 5218 1019 5260 canum
1050 5213 1148 5256 aut
1199 5215 1486 5257 corvorum
1537 5201 1618 5257 eis
1670 5200 1883 5272 impleri
1926 5201 2190 5270 cupienti.
2234 5199 2389 5256 Scias
2487 5213 2493 5262 ί

2487 5207 2707 5278 ιμποιεί
2729 5205 2822 5258 τὸν
2868 5201 3047 5258 κυνῶν
3077 5199 3111 5269 ἢ
3167 5198 3428 5268 κοράκων
3477 5194 3701 5265 τρόπον,
3771 5195 4064 5262 ἐμπίπλη.-

822 5311 953 5363 ergo
997 5311 1084 5350 me
1140 5294 1342 5348 nullam
1376 5293 1579 5348 ducere
1611 5295 1880 5348 rationem
1918 5292 2112 5347 borum
2147 5300 2390 5347 tormen-

819 5397 1028 5453 torum,
1057 5401 1174 5457 qnm
1199 5401 1230 5440 a
1267 5397 1317 5440 te
1351 5384 1683 5440 inferuntur.
1734 5387 1842 5440 Aut
1873 5399 2004 5453 ergo
2058 5399 2198 5439 nova
2226 5397 2390 5438 exco-

821 5483 930 5550 gita
969 5480 1258 5550 supplicia,
1299 5487 1390 5534 aut
1424 5484 1564 5534 scito
1596 5494 1679 5534 me
1704 5494 1766 5533 ea
1796 5477 1932 5532 nihil
1961 5477 2163 5534 facere.
2199 5475 2390 5547 Magos

821 5584 1005 5627 autem
1039 5571 1223 5627 statim
1255 5585 1552 5626 conversus
1585 5568 1650 5623 ad
1683 5571 1936 5624 lictores:
1989 5568 2140 5634 Cur,’
2189 5568 2387 5637 inquit,

823 5661 1251 5719 misericorditer
1267 5659 1456 5730 ﬂagris
1479 5661 1688 5718 ceditis
1711 5659 1979 5731 impium?
2002 5657 2193 5717 Videte
2216 5659 2385 5723 enim,

899 5850 916 5882 ³
957 5849 1092 5907 Luc.
1120 5867 1215 5916 sti,
1250 5850 1298 5904 7.

2489 5298 2615 5350 σθαι
2634 5294 2842 5348 τούτων
2879 5289 3176 5360 ἱφιεμίνῳ.
3229 5285 3403 5340 Γνῶθι
3435 5284 3724 5352 τοιγαροῦν
3766 5287 3955 5351 σαφῶς
3985 5287 4067 5349 ὡς

2489 5386 2666 5448 οὐδείς
2708 5402 2797 5456 μοι
2826 5383 2981 5451 λόγος
3008 5381 3116 5434 τῶν
3150 5379 3303 5447 παρά
3341 5376 3436 5429 σοῦ
3470 5378 3676 5428 τούτων
3705 5377 4070 5444 ἀπαγομένων

2489 5476 2836 5548 βασάνων.Ἥ
2856 5475 3037 5527 τοίνυν
3065 5472 3381 5539 καινοτέρας
3409 5468 3634 5531 ἐπινόει,
3663 5468 3693 5536 ἢ
3718 5472 3924 5529 ταύτας
3949 5469 4069 5522 laet

2486 5570 2545 5622 τὸ
2576 5568 2743 5639 μηδέν
2776 5584 2864 5637 μοι
2888 5565 3265 5634 λογιζομίνας.
3306 5564 3363 5615 ὐ
3389 5560 3443 5614 δὲ
3487 5561 3660 5630 μάγος
3689 5561 3893 5613 αὐτίκα
3923 5566 4068 5628 πρὸς

2486 5661 2608 5721 τοὺς
2639 5658 2866 5729 δημίους
2897 5654 3275 5727 ὶπιστραφεὶς,
3310 5654 3426 5707 Ἵνα
3457 5653 3508 5706 τί
3563 5652 3696 5724 πρδς
3721 5653 3902 5719 ἕλε-ον.
3934 5654 4069 5723 ἔφη.
