4242 6442
276 411 378 478 ιιι

1130 404 1540 467 CERTAMEN
1583 402 1641 463 S.
1686 396 2087 461 ACEPSIM£
2124 396 2222 459 ΕΤ
2256 394 2671 458 SOCIORUM.

3422 392 3529 455 8ιῖ

281 530 576 602 μαστίζετε
628 532 720 585 τὸν
768 530 1034 595 άνόσιονς
1095 529 1258 599 ὁρᾶτε
1292 526 1598 596 γάρ-,ὄπως
1646 518 1892 593 φειδοῦς,

1972 516 2252 589 quomodo
2285 517 2413 571 dum
2446 515 2496 571 ei
2530 516 2774 583 parcitis,
2798 515 2864 569 ad
2892 532 2990 571 nos
3026 516 3379 574 incessendos
3412 533 3551 574 cou-

281 624 606 693 ἀξιούμενος
633 626 771 695 πρὸς
799 623 900 685 τὰς
918 621 1044 677 καθ’
1074 620 1236 691 ἡμῶν
1264 618 1453 689 ὕϐρεις
1484 616 1625 670 κατὰ
1657 614 1861 682 πολλὴν

284 719 457 787 χωρεῖ
476 717 577 788 τήν
601 716 937 787 δλευθερίαν.
976 716 1044 769 Ol
1068 713 1146 779 δὲ,
1174 712 1367 782 ῶσπερ
1392 709 1500 762 τινὶ
1548 708 1759 775 κέντρῳ
1785 705 1887 777 τῷ.

282 809 430 879 λόγῳ
454 809 861 876 διαναστάντες,
888 807 1062 870 οὕτως
1090 804 1349 859 ιπέθεντο
1378 800 1658 872 κραταιῶς
1697 798 1773 861 ὡς
1802 799 1867 851 ὲκ

277 902 383 973 τῆς
406 901 515 957 τῶν
540 900 953 973 επιόεσηιώτων
981 901 1061 970 τῷ
1078 896 1233 967 ξύλῳ
1287 893 1594 966 βαρύτητος
1639 892 1737 944 καὶ
1765 892 1867 957 τῆς

281 994 395 1051 ὧν
437 994 731 1049 τεινόντων
788 991 1151 1063 σφοδρότητος
1206 991 1308 1059 τῆς
1336 985 1623 1058 ὼμότητός
1652 1000 1712 1037 τε
1756 983 1868 1036 τῶν

285 1087 665 1161 μστιζόντων
690 1085 878 1138 τάλεον
906 1080 1217 1154 παρεθῆναι
1252 1079 1351 1150 μιν
1384 1076 1535 1148 αὐτῷ
1563 1076 1664 1138 τὰς
1695 1077 1871 1146 ἁρμο-

283 1180 407 1245 νίας
430 1178 526 1234 τοῦ
556 1178 831 1249 σώματος,
860 1175 1269 1245 συνθλασθῆναι
1294 1172 1353 1227 δὲ
1379 1170 1451 1224 τά
1483 1170 1620 1223 ὀστᾶ
1643 1168 1740 1222 καὶ
1768 1167 1869 1230 τὰς

286 1273 506 1343 σάρκας
536 1270 972 1338 καταξανθῆναι.
1042 1264 1522 1324 Διαδαστάσαντες
1547 1258 1644 1313 οὖν
1670 1258 1865 1322 αὐτὸν,

286 1362 412 1415 sui
440 1360 519 1431 μὴ
548 1362 788 1431 χρῆσθαι
813 1360 925 1422 τοῖς
965 1357 1127 1411 ποσὶν
1160 1354 1395 1425 ἠδύνατο
1421 1352 1617 1421 ῶσπερ
1645 1368 1700 1404 τι
1732 1367 1871 1421 φορ-

281 1452 401 1507 τίον
427 1457 495 1526 τῇ
527 1454 743 1524 φυλακῇ
772 1450 1214 1523 προσρίπτουσιν
1234 1491 1251 1515 ,
1307 1445 1441 1501 ἔνθα
1467 1444 1533 1516 δὴ
1564 1444 1657 1499 καὶ
1689 1444 1723 1516 ή
1757 1443 1867 1497 τῶν

284 1548 461 1616 ἁγίων
489 1548 620 1610 δυάς
656 1546 1054 1607 κατάκλειστος
1083 1540 1178 1616 ἦν.

363 1640 421 1696 ι’.
448 1641 614 1694 Πέντε
642 1638 862 1709 διῆλθον
893 1638 1123 1709 ήμέραι,
1156 1636 1251 1689 καὶ
1279 1633 1508 1697 τούτους
1540 1631 1635 1685 τοῦ
1660 1632 1874 1701 δεσμω-

286 1738 477 1809 τηρίου
512 1735 875 1804 ἐξαγαγόντες
918 1735 999 1797 είς
1028 1733 1197 1786 τόπον
1225 1731 1284 1795 ὀς
1310 1730 1563 1783 ἐκαλεῖτο
1597 1726 1872 1797 Παράδει-

289 1844 385 1889 σος
412 1826 659 1895 ἄγουσιν,
704 1817 773 1878 οὗ
806 1823 872 1893 δὴ
904 1823 999 1875 καὶ
1032 1820 1267 1892 πλησίον
1314 1821 1443 1883 ναὸς
1472 1820 1772 1888 ἐτύγχανεν
1798 1815 1873 1870 ὢν

285 1918 383 1974 τοῦ
411 1918 544 1989 παρ’
574 1915 758 1972 αὐτῶν
807 1914 1106 1986 σεδομένου
1140 1913 1336 1986 πυρὸς,
1369 1913 1428 1964 ἐν
1459 1903 1504 1979 ᾧ
1528 1908 1875 1981 προκαθίσας

288 2015 318 2068 ὀ
370 2011 588 2083 μιαρὸς,
644 2008 856 2065 Ειπάτι
913 2026 1005 2079 μοι
1032 2008 1095 2062 τὸ
1122 2009 1311 2077 τάχος,
1348 2004 1483 2076 πρὸς
1507 2004 1638 2067 τοὺς
1687 2004 1880 2072 ἁγίους

291 2106 483 2174 φησιν,
513 2103 596 2157 ἔτι
628 2104 706 2175 τῷ
738 2101 889 2173 αὐτῷ
932 2102 1032 2170 τῆς
1064 2100 1248 2163 ἀνοίας
1279 2098 1579 2169 ιπιμένετε
1610 2094 1879 2166 λογισμῷ⁹

292 2200 328 2270 ή
357 2215 410 2251 τι
448 2201 700 2268 κρεῖττον
748 2196 879 2263 ύμῖν
929 2192 1428 2265 μεταὸεσούλευται
1448 2191 1544 2244 καὶ
1572 2190 1880 2260 σωτήριον;

289 2289 355 2343 Ol
401 2289 548 2359 ἅγιοι
575 2289 650 2352 ὡς
699 2287 761 2353 ἑξ
793 2287 911 2350 ἑνὸς
965 2286 1235 2355 στόματος
1268 2282 1430 2346 εὐθὺς
1484 2280 1877 2353 ἀπεκρίναντοσ

290 2381 539 2436 Γνωστὸν
573 2381 715 2435 εστω
766 2396 870 2444 σοι,
914 2379 1170 2441 δικαστά.
1205 2377 1289 2431 ὅτι
1334 2374 1394 2429 ὃν
1426 2372 1486 2440 ιξ
1520 2375 1695 2445 ἀρχῆς
1722 2372 1879 2441 λογι-

293 2476 436 2547 σμδν
481 2475 726 2545 είχομεν,
753 2473 929 2541 τούτῳ
979 2470 1074 2525 καὶ
1102 2469 1271 2523 είσέτι
1306 2465 1647 2537 στοιχοῶηάς
1686 2467 1876 2535 εσμεν,

293 2572 388 2622 καὶ
420 2566 582 2636 μίχρι
630 2565 819 2625 τέλους
851 2563 945 2617 τὸν
995 2561 1159 2616 αὐτὸν
1185 2560 1406 2629 ῑξομεν,
1445 2559 1547 2613 οὐκ
1599 2556 1875 2623 ἀπειλαῖς,

292 2661 357 2714 ού
392 2659 670 2727 βασάνοις,
723 2656 786 2709 ού
817 2655 1071 2724 δωρεαῖς.
1112 2651 1293 2706 οὐδενὶ
1323 2650 1470 2721 άλλῳ
1514 2649 1576 2703 τὸ
1613 2649 1875 2720 παράπαν

296 2750 735 2822 μετατιθέμενοι.
752 2748 893 2802 Ἕνα
909 2746 1018 2815 γὰρ
1052 2745 1185 2799 Θεδν
1204 2745 1642 2814 προσκυνοῦμεν,
1659 2743 1756 2797 καὶ
1777 2742 1879 2795 αύ-

291 2844 388 2897 τὺν
421 2842 583 2911 μόνον
612 2840 817 2909 Κύριον
864 2832 1007 2891 εῐναι
1037 2836 1146 2889 τῶν
1187 2837 1358 2890 ὀντων
1387 2835 1607 2889 πάντων
1633 2832 1883 2902 ιγνώκα-

297 2952 421 3005 μεν.
445 2932 665 2987 Τούτων
699 2932 941 2995 ἀκούσας
977 2932 1007 2985 ὀ
1038 2929 1235 3000 μάγος,
1286 2928 1523 2995 βασάνου
1554 2927 1718 2979 πάλιν
1766 2926 1883 2979 hic

297 3042 401 3093 ραν
428 3023 640 3076 ετιενόει
689 3020 1049 3090 καινοτομίαν
1070 3058 1084 3083 ,
1114 3018 1208 3070 καὶ
1250 3014 1470 3069 κελεύει
1502 3014 1758 3085 σχοινίοις
1784 3014 1883 3067 αύ-

1970 610 2209 664 tumcl'is
2303 608 2540 663 maxima
2608 607 2883 662 inuehitur
2937 608 3205 664 libertate.
3260 610 3336 664 Illi
3396 626 3548 680 vero,

1971 702 2139 755 veluti
2172 701 2414 770 quodam
2443 700 2670 754 stimulo
2692 698 2813 768 eius
2843 714 3099 755 sermone
3154 702 3406 765 excitati,
3437 714 3546 755 tam

1970 794 2186 849 fortiter
2236 793 2603 855 invaserunt,
2659 799 2719 846 ut
2770 805 2836 845 ex
2882 793 3152 861 gravitate
3204 809 3395 847 eorum
3450 796 3548 863 qui

1970 884 2356 945 ascenderant,
2385 890 2439 935 et
2469 896 2536 936 ex
2567 881 2914 936 vehementia
2969 897 3165 937 eorum
3206 886 3299 953 qui
3350 888 3545 940 ιιιιιιιοο

1969 976 2126 1040 bant,
2158 985 2212 1031 et
2262 990 2331 1031 ex
2391 974 2718 1029 credulitate
2784 989 2975 1029 eorum
3034 978 3128 1046 qui
3166 976 3544 1047 ﬂagellabant,

1971 1081 2263 1137 compages
2297 1065 2523 1136 quidem
2554 1066 2809 1135 corporis
2850 1067 2909 1121 ei
2966 1065 3177 1121 fuerint
3230 1070 3546 1140 dissoluta,

1971 1175 2099 1216 ossa
2122 1170 2304 1215 autem
2325 1161 2437 1215 sint
2467 1159 2768 1223 confracta,
2794 1168 2849 1215 et
2875 1176 3073 1216 carnes
3092 1161 3203 1217 sint
3226 1161 3548 1235 discerpta.

1972 1249 2111 1306 Eum
2135 1266 2266 1323 ergo
2296 1261 2600 1322 portantes,
2627 1252 2889 1321 quoniam
2928 1254 3159 1321 pedibus
3202 1256 3433 1314 minime
3471 1259 3551 1312 uti

1977 1351 2214 1413 poterat,
2257 1353 2517 1414 tanquam
2565 1358 2709 1398 onus
2761 1342 2988 1414 aliquod
3050 1346 3352 1415 projiciunt
3396 1348 3551 1403 vi-in

1975 1437 2304 1503 custodiam,
2341 1436 2397 1491 in
2436 1450 2545 1506 qua
2603 1437 2770 1489 etiam
2820 1436 3093 1492 inclusum
3128 1448 3248 1493 erat
3288 1439 3420 1495 illud
3458 1429 3555 1511 par

1976 1539 2315 1582 sanctorum.

2050 1618 2116 1675 Χ.
2145 1621 2281 1674 Cum
2312 1621 2557 1692 quinque
2584 1622 2700 1676 dies
2752 1622 3174 1691 praeteriissent,
3220 1639 3318 1681 eos
3344 1640 3377 1681 e
3430 1642 3553 1682 car-

1978 1724 2105 1765 cere
2134 1709 2462 1778 eduxerunt,
2498 1720 2553 1765 et
2588 1712 2862 1766 duxerunt
2911 1712 2967 1767 in
2995 1714 3197 1777 locum,
3248 1717 3344 1785 qui
3395 1733 3554 1773 voca-

1981 1803 2142 1859 batur
2171 1806 2497 1867 Paradisus,
2525 1819 2693 1875 prope
2723 1806 2871 1875 quod
2924 1818 3044 1861 erat
3068 1807 3336 1878 templum
3390 1811 3556 1880 ignis.

1978 1899 2073 1973 qui
2105 1897 2173 1953 ab
2204 1899 2293 1954 eis
2333 1898 2639 1954 colebatur.
2670 1898 2732 1953 in
2759 1914 2871 1969 quo
2911 1915 3035 1955 cum
3070 1902 3427 1970 praesedisset
3466 1904 3556 1959 illc

1978 1991 2327 2045 sceleratus:
2372 1988 2541 2045 Ocius
2585 1989 2718 2045 mibi
2748 1991 2933 2057 dicite,
2992 1994 3168 2063 inquit
3203 1997 3434 2060 sanctis,
3487 2012 3557 2052 an

1981 2082 2160 2139 adhuc
2183 2084 2558 2155 permaneatis
2592 2084 2655 2138 in
2708 2084 2899 2139 eadem
2955 2088 3126 2142 stulta
3186 2088 3557 2159 cogitatione.

1980 2192 2051 2232 au
2074 2177 2374 2233 consilium
2410 2178 2758 2233 {putaveritis
2785 2178 2838 2232 in
2862 2179 3072 2249 aliquid
3120 2180 3313 2237 melius
3344 2192 3400 2237 et
3466 2197 3559 2240 sa-

1983 2268 2175 2325 lutare.
2209 2268 2396 2324 Sancti
2430 2279 2691 2340 tanquam
2746 2285 2859 2325 une
2890 2286 2989 2326 ore
3038 2273 3290 2342 protinus
3335 2289 3557 2342 respon-

1979 2360 2213 2417 derunt:
2247 2359 2444 2417 Notum
2481 2363 2575 2417 tibi
2604 2364 2695 2430 sit,
2727 2362 2915 2432 iudex,
2938 2364 3083 2433 quod
3110 2380 3276 2434 quam
3300 2365 3371 2421 ab
3401 2365 3560 2423 initio

1979 2451 2275 2509 habuimus
2311 2454 2723 2526 cogitationem,
2749 2456 2809 2509 iu
2853 2471 2924 2510 ea
2952 2456 3132 2513 adhuc
3184 2458 3560 2527 persistimus,

1976 2553 2031 2601 et
2097 2559 2359 2618 perpetuo
2438 2551 2798 2619 persistemus
2837 2588 2853 2615 ,
2945 2566 3053 2605 non
3144 2553 3308 2609 minis
3342 2592 3357 2617 ,
3449 2568 3559 2609 non

1979 2642 2270 2696 tormentis
2302 2680 2319 2705 ,
2378 2656 2487 2695 non
2545 2641 2749 2704 donis,
2804 2641 2957 2696 nullo
3012 2643 3249 2713 denique
3308 2646 3417 2701 alio
3446 2661 3555 2701 om—

1980 2733 2115 2787 nino
2147 2732 2364 2799 mutnti,
2396 2732 2491 2789 sed
2523 2750 2691 2788 unum
2730 2733 2899 2790 Deum
2953 2736 3275 2801 adoramus,
3310 2749 3361 2793 et
3412 2754 3562 2794 eum-

1982 2821 2107 2877 dem
2152 2821 2331 2879 solum
2386 2838 2507 2879 esse
2564 2825 2858 2880 Dominum
2911 2829 3156 2883 omnium
3203 2845 3399 2887 eorum
3442 2849 3563 2905 qua

1983 2931 2131 2987 sunt,
2154 2922 2534 2991 cegnovinms.
2567 2922 2693 2977 llaec
2720 2936 2845 2977 cum
2873 2923 3139 2980 audiisset
3172 2939 3389 2996 magus.
3409 2926 3559 2983 aliud

1986 3029 2184 3068 rursus
2217 3028 2419 3068 novum
2449 3012 2727 3083 excogitat
2757 3021 3129 3081 tormentum,
3157 3023 3215 3071 et
3269 3014 3431 3086 jubet
3465 3032 3566 3075 eos

295 3117 425 3180 τοὺς
456 3116 547 3170 διά
573 3133 633 3169 τε
664 3114 774 3170 τῶν
816 3113 1113 3184 μασχαλῶν
1143 3111 1239 3165 καὶ
1274 3111 1372 3180 τῆς
1402 3108 1606 3177 ὀσφύος
1642 3109 1739 3161 καὶ
1767 3107 1877 3160 τῶν

1983 3106 2125 3177 cingi
2165 3105 2386 3162 funibus
2418 3122 2514 3175 per
2567 3106 2765 3161 axillas
2814 3118 2871 3163 et
2901 3106 3118 3165 lumbos
3152 3118 3206 3165 et
3262 3110 3446 3176 tibias,
3504 3126 3563 3167 tn

298 3208 530 3279 κνημῶν
567 3206 896 3276 περιζῶσαι,
934 3205 1056 3258 καθ’
1087 3204 1319 3257 ῑκαστον
1350 3202 1407 3255 δὲ
1442 3201 1697 3269 ζωστῆρα
1723 3198 1881 3266 ξύλον

298 3298 690 3370 ιμσάλλεσθαι,
715 3299 810 3350 καὶ
827 3294 1353 3366 περιδινεῖσθαι,καὶ
1376 3292 1455 3361 τῷ
1480 3292 1704 3363 σχοινίῳ
1726 3293 1885 3364 στερ-

303 3391 411 3466 ρῶς
445 3388 843 3462 στρεϐλοῦσθαι
864 3406 879 3421 ο
910 3382 972 3440 οὗ
1006 3385 1303 3455 γενομὺου
1330 3385 1521 3454 θέαμα
1548 3385 1787 3454 χαλεπὸν
1813 3379 1885 3455 ἦν

302 3486 400 3539 καὶ
426 3483 727 3553 ὀφθαλμοῖς
765 3481 991 3551 ήμέροις
1022 3478 1275 3548 δακρύων
1299 3476 1471 3540 ἄξιον.
1520 3476 1731 3546 Τάομὶν
1774 3477 1882 3546 γάρ

304 3578 440 3642 ξύλα
473 3574 834 3645 περιειλεῐτο,
868 3572 926 3625 ei
956 3571 1157 3640 σχοῐνοι
1186 3569 1243 3622 δὲ
1280 3569 1726 3639 συνεστρέφοντο,
1747 3570 1881 3623 κάν-

300 3667 493 3723 τεῦθεν
549 3666 749 3734 σάρκες
783 3680 842 3714 τε
878 3662 1180 3725 επιέζοντο,
1224 3662 1319 3714 καὶ
1363 3661 1687 3732 ήσυντρισὴ
1732 3660 1880 3730 μάλα

303 3762 476 3829 δεινή.
501 3758 611 3811 Καὶ
627 3758 737 3827 γὰρ
768 3758 881 3819 τοῖς
916 3756 1107 3826 πόρρω
1131 3754 1445 3823 ὀιεστηκόσι
1475 3753 1647 3822 ψόφος
1678 3746 1790 3815 οἷος
1816 3756 1881 3806 ὲκ

307 3852 416 3906 τῶν
434 3850 609 3905 ὀστῶν
630 3849 883 3921 ἠκούετο.
916 3845 1028 3901 Ἦν
1050 3848 1107 3901 δὲ
1139 3849 1201 3901 τὺ
1227 3850 1291 3918 τῇ
1343 3847 1565 3917 βασάνῳ
1625 3846 1880 3912 δπιλεγόο

313 3960 495 4016 μενον’
528 3944 621 4013 Τῷ
650 3943 925 4013 θελήματι
953 3940 1044 3995 τοῦ
1073 3940 1338 4011 βασιλέως
1370 3939 1449 4010 μὴ
1468 3938 1880 3992 άντιτάσσεσθε.

310 4033 447 4090 Εἶτα
476 4034 538 4088 τδ
574 4033 713 4101 πρὸς
765 4032 874 4085 τῶν
909 4032 1086 4099 ἁγίων
1132 4028 1666 4097 άντιφθεγγὸμενον·
1710 4028 1772 4080 Οἱ
1808 4026 1885 4098 τῷ

306 4124 404 4179 τοῦ
436 4122 698 4193 βασιλέως
726 4120 882 4189 ὑμῶν
912 4119 1179 4188 θελήματι
1209 4118 1641 4180 καθυπείκοντες
1686 4115 1764 4186 τῷ
1792 4116 1882 4169 τοῦ

306 4217 446 4271 Θεοῦ
474 4215 748 4284 θελήματι
776 4212 1141 4279 ἀντιλέγουσι.
1198 4210 1371 4282 Τρίτη
1421 4210 1520 4281 μιν
1546 4208 1646 4262 οὖν
1672 4208 1791 4280 ῶρα
1814 4204 1884 4279 ἦν

305 4312 398 4364 ὅτε
450 4310 484 4379 ή
528 4308 761 4377 βάσανος
800 4306 1044 4374 ήρχετο·
1104 4304 1267 4375 μέχρι
1299 4303 1356 4357 δι
1399 4304 1495 4355 καὶ
1544 4302 1710 4373 ῑκτης
1741 4300 1886 4354 οὕτω

309 4402 632 4473 πασχόντων
662 4400 773 4454 τῶν
797 4398 1048 4471 ἀθλητῶν
1083 4396 1459 4470 παρετειίνετο.

408 4579 489 4632 Δ’.
535 4575 945 4645 ’Δπαγορεύσας
993 4573 1088 4628 οὖν
1122 4571 1328 4645 μᾶλλον
1369 4575 1398 4627 ὀ
1423 4572 1686 4645 δικαστής
1715 4575 1795 4635 είς
1826 4571 1889 4625 ob

307 4668 689 4739 δεσμωτήριον
717 4666 915 4730 αὐτοὺς
933 4665 1098 4720 πάλιν
1124 4665 1413 4718 ικὲλευσεν
1439 4664 1775 4735 ἀπαχθῆναι.
1796 4662 1890 4717 Διδ

305 4762 377 4829 δή
412 4763 509 4813 καὶ
558 4759 890 4830 ἀπήχθησαν
913 4760 981 4813 ού
1026 4761 1187 4813 ποσὶν
1216 4760 1465 4823 οίκείοις,
1498 4760 1615 4813 ἀλλ’
1648 4759 1739 4829 ὑφ’
1773 4758 1891 4813 ἑτά-

310 4870 424 4925 ρων
447 4853 604 4907 αὐτοὶ
628 4851 1121 4923 διαδασταζόμενοι
1156 4851 1234 4922 τῷ
1260 4852 1611 4905 παντάπασιν
1632 4853 1893 4921 νενεκρῶο

314 4948 461 4999 σθαι.
486 4944 849 5015 Παρήγγελτο
872 4943 934 4997 δὲ
960 4945 1073 5007 τοῖς
1100 4944 1465 5012 φυλάττουσιν
1492 4943 1590 5007 ὡς.
1624 4944 1673 4997 εί
1698 4958 1918 5020 φῶρα-λ

310 5036 434 5107 θείη
456 5052 539 5099 τις
571 5035 782 5106 τροφῆς
815 5034 1000 5099 αὐτοις
1021 5035 1301 5089 κοινωνῶν
1328 5035 1362 5105 ἢ
1398 5035 1565 5089 ποτοῦ
1589 5034 1622 5104 ἢ
1653 5034 1890 5105 ενδύμα-

309 5145 425 5194 τος,
457 5126 713 5197 ἐσχάταις
748 5125 1193 5197 ύτεοόληθήσεται
1219 5128 1532 5199 τιμωρίαις.
1560 5127 1652 5190 El;
1684 5126 1889 5195 ταύτην

310 5220 404 5274 οὖν
434 5221 536 5290 τὴν
562 5218 789 5291 εἱρκτὴν
823 5219 875 5273 οι
920 5218 1015 5273 τοῦ
1056 5221 1298 5291 Χριστοῦ
1330 5220 1665 5291 στρατιῶται
1711 5222 1894 5275 πᾶσαν

309 5311 558 5366 κάκωσιν
582 5312 653 5364 δι’
700 5312 865 5364 αὐτὸν
910 5312 1280 5383 ὑπομένοντες
1307 5353 1322 5377 ,
1356 5314 1453 5367 επὶ
1493 5314 1641 5384 τρισΊ⁵
1680 5314 1895 5383 χρόνοις

308 5401 757 5471 ιγκεκλεισμὲνοι
779 5402 1083 5473 διέμειναν,
1106 5404 1234 5458 οὐδὲ
1267 5406 1397 5474 μίαν
1422 5404 1455 5475 ἡ
1481 5404 1576 5457 τοῦ
1599 5405 1762 5474 λιμοῦ
1797 5404 1892 5457 λύ-

308 5509 415 5557 σιν,
512 5493 620 5547 τῶν
650 5496 708 5547 ιν
738 5498 804 5565 τῇ
842 5496 1057 5566 φυλακῇ
1098 5497 1288 5569 κακῶν
1326 5496 1685 5569 παραμυθίαν
1732 5498 1888 5569 εὑρίο

307 5599 558 5649 σκεντεε,
590 5585 640 5636 εί
673 5586 748 5655 μή
806 5604 954 5647 τινες
980 5590 1092 5639 τῶν
1125 5588 1521 5659 συνδεσμωτῶν
1572 5590 1885 5643 κατοικτείο

306 5692 506 5749 ραντες
558 5675 735 5746 βραχύ
762 5693 817 5730 τι
877 5678 1091 5749 τροφῆς
1144 5679 1289 5733 κατά
1321 5681 1382 5732 τὸ
1436 5679 1660 5752 λεληθὸς
1704 5682 1890 5745 αὐτοῖς

305 5764 545 5836 ὥρεξαν.
577 5770 640 5821 Ol
674 5772 783 5839 γὰρ
813 5772 879 5840 τῇ
926 5773 1117 5840 είρκτῇ
1154 5772 1601 5843 προσκαθήμενοι
1647 5772 1888 5841 φύλακες

303 5855 499 5929 sum
538 5861 637 5930 μὲν
698 5860 894 5922 αὐτοὺς
935 5860 1044 5914 τῶν
1081 5862 1378 5931 συμφψῶν
1403 5863 1497 5921 καὶ
1552 5862 1645 5918 τοῦ
1668 5865 1881 5935 γήρως,

602 5955 871 6018 Panos.
925 5956 1044 6019 Gtt.
1088 5957 1309 6021 CXVI.

1986 3212 2320 3267 unoquoque
2352 3205 2536 3252 autem
2559 3197 2778 3267 cingulo
2804 3196 3013 3267 lignum
3040 3199 3197 3269 injici
3238 3207 3293 3257 et
3323 3204 3565 3259 circum—

1985 3289 2112 3357 agi,
2178 3299 2231 3343 et
2279 3289 2412 3345 fune
2482 3292 2838 3347 vehementer
2890 3294 3165 3363 torqueri.
3232 3294 3390 3361 Quod
3434 3310 3566 3353 cum

1986 3380 2188 3436 factum
2226 3393 2397 3447 esset,
2431 3393 2548 3438 erat
2602 3384 2861 3440 acerbum
2918 3388 3321 3454 spectaculum,
3357 3399 3434 3467 et.
3466 3391 3567 3446 mi-

1985 3478 2133 3532 tibus
2170 3478 2360 3543 ‘oculis
2412 3476 2792 3547 lacrymabile.
2842 3475 2980 3532 Nam
3009 3478 3153 3549 ligna
3178 3480 3401 3549 quidem
3457 3482 3567 3538 cir-

1987 3570 2440 3642 cumagebantur,
2497 3569 2655 3624 funes
2693 3576 2880 3625 autem
2940 3572 3407 3651 convertebantur
3439 3615 3456 3642 ,
3509 3582 3567 3632 et

1986 3676 2184 3717 carnes
2212 3661 2338 3717 inde
2369 3661 2782 3731 premebantur,
2815 3672 2868 3718 et
2924 3679 3053 3719 ossa
3100 3668 3556 3726 conterebantur.

1988 3753 2117 3809 Erat
2145 3769 2275 3810 vero
2305 3754 2463 3811 valde
2502 3754 2684 3824 gravis
2726 3757 3030 3822 contritio;
3065 3758 3269 3814 etenim
3302 3760 3375 3818 iis
3429 3777 3567 3833 quo.

1987 3861 2093 3916 que
2144 3848 2239 3918 qui
2285 3849 2475 3919 procul
2524 3860 2683 3903 erant
2731 3853 2951 3913 remoti.
2984 3852 3321 3909 audiebatur
3376 3855 3565 3928 fragor

1989 3938 2220 3992 ossium.
2255 3937 2389 3993 Erat
2418 3946 2599 3994 autem
2657 3938 2709 3993 id
2759 3940 2903 4009 quod
2944 3941 3029 3997 eis
3087 3942 3375 3999 dicebatur
3421 3946 3570 4004 inter

1958 4037 2303 4091 ,tormenta:
2343 4027 2627 4084 Voluntati
2662 4032 2807 4099 regis
2851 4032 3022 4089 nolite
3077 4049 3406 4106 repugnare.
3464 4036 3567 4093 De-

1992 4118 2118 4172 inde
2150 4118 2204 4172 id
2252 4120 2398 4188 quod
2438 4134 2467 4173 e
2491 4121 2769 4175 contrario
2797 4121 3086 4178 dicebatur
3120 4138 3151 4178 a
3184 4128 3431 4184 sanctis:
3457 4126 3565 4198 Qui

1990 4206 2136 4275 regis
2176 4208 2344 4263 veStri
2396 4208 2664 4264 voluntati
2713 4210 2941 4279 cedunt,
2994 4213 3089 4271 Dei
3154 4215 3421 4273 voluntati
3481 4234 3565 4274 re-

1991 4297 2216 4362 sistunt.
2247 4299 2425 4367 Atque
2460 4307 2581 4353 erat
2636 4302 2859 4370 quidem
2912 4303 3046 4359 bora
3102 4307 3288 4369 tertia,
3338 4310 3566 4379 quando

1992 4388 2156 4456 coepit
2211 4397 2575 4456 tormentum.
2623 4407 2798 4463 usque
2851 4394 2918 4449 ad
2978 4405 3194 4452 sextam
3245 4408 3427 4456 autem
3482 4402 3567 4460 sic

1918 4465 1965 4521 Ι)
1994 4478 2328 4549 patientibus
2354 4481 2578 4538 athletis
2608 4491 2694 4538 est
2722 4484 3074 4553 productum.

2060 4568 2155 4625 XI.
2202 4570 2463 4628 Defessus
2517 4574 2701 4645 itaque
2736 4577 2930 4645 judex,
2994 4577 3167 4647 jussit
3216 4596 3315 4640 eos
3365 4598 3563 4644 rursus

2000 4660 2200 4716 abduci
2243 4662 2296 4717 in
2336 4678 2635 4720 carcerem.
2660 4664 3027 4732 Quamobrem
3061 4670 3286 4728 fuerunt
3314 4675 3561 4743 abducti,

1991 4768 2101 4809 non
2130 4753 2245 4809 suis
2268 4754 2519 4825 pedibus.
2544 4755 2643 4812 sed
2666 4761 2868 4828 portati
2900 4763 2969 4816 ab
2989 4762 3115 4819 aliis
3136 4765 3285 4835 quod
3316 4767 3351 4824 ii
3380 4782 3567 4826 essent

1992 4845 2217 4899 omnino
2276 4856 2455 4903 morte
2491 4846 2693 4904 ali‘ecti.
2754 4848 3081 4921 ltuperatum
3138 4865 3324 4911 autem
3382 4859 3568 4917 fuerat

1993 4936 2341 5003 custodibus,
2371 4947 2432 4993 ut
2466 4940 2511 4995 si
2545 4941 2925 5011 deprehensus
2956 4943 3153 5003 fuisset
3189 4950 3412 5021 aliquis,
3464 4970 3564 5011 eos

1972 5031 2078 5085 -vel
2120 5029 2245 5085 cibo
2273 5030 2356 5085 vel
2381 5042 2509 5099 potu
2542 5033 2625 5087 vel
2656 5034 2983 5092 indumento
3014 5039 3356 5111 impertiens,
3408 5045 3455 5100 is
3482 5045 3565 5100 ul-

1996 5123 2128 5178 timo
2163 5122 2528 5193 subjiceretur
2567 5126 2859 5195 supplicio.
2898 5129 2954 5183 ln
3001 5130 3146 5187 hunc
3193 5149 3325 5203 ergo
3377 5153 3566 5195 carce-

1993 5227 2110 5268 rem
2144 5214 2382 5285 conjecti
2408 5213 2613 5271 Christi
2639 5218 2866 5284 milites,
2913 5233 3133 5275 omnem
3186 5224 3564 5291 afllictionem.

1992 5323 2211 5365 omnem
2266 5310 2611 5367 vexationem
2680 5322 2905 5384 propter
2965 5313 3144 5384 ipsum
3204 5320 3561 5387 sustinentes,

1997 5412 2107 5456 tres
2163 5411 2340 5455 annos
2402 5401 2602 5458 inclusi
2678 5418 3144 5473 permanserunt:
3192 5411 3398 5466 nullam
3468 5425 3565 5469 aut

1992 5489 2158 5547 famis
2215 5491 2639 5559 recreationem,
2673 5506 2768 5551 aut
2817 5500 3110 5567 malorum,
3164 5517 3286 5572 qua
3319 5513 3474 5559 erant
3506 5507 3564 5560 iu

1994 5584 2270 5649 custodia,
2319 5583 2665 5642 invenientes
2726 5590 3183 5657 consolationem,
3231 5594 3336 5649 nisi
3392 5596 3562 5666 aliqui

1993 5692 2062 5733 ex
2091 5678 2162 5734 iis
2199 5680 2291 5749 qui
2324 5691 2482 5736 erant
2508 5682 2671 5737 simul
2706 5685 2896 5753 vincti,
2950 5703 3140 5743 eorum
3198 5689 3429 5752 miserti.
3463 5704 3563 5761 pa-

1996 5785 2116 5824 rum
2164 5768 2297 5839 quid
2352 5774 2677 5829 nutrimenti
2726 5776 2807 5833 eis
2859 5777 3094 5833 latenter
3178 5780 3562 5848 prabuisseut.

1996 5864 2100 5933 Qui
2124 5864 2271 5921 enim
2314 5864 2369 5921 in
2400 5880 2623 5925 carcere
2667 5870 2989 5928 assidebam
3044 5871 3329 5935 custodes.
3361 5886 3562 5937 eorum

3175 5967 3253 6031 27
