4242 6442
715 361 833 426 843
1923 351 2307 417 ΑυυτΝολ.
2346 374 2390 389 -

2346 371 2414 389 -·
2452 350 2784 416 APRILIS.
3878 349 4001 415 8“

712 479 944 550 quidem
986 473 1362 532 calamitatum
1421 470 1830 527 miserebantur
1852 476 1911 526 et
1940 470 2246 526 senectutis
2277 483 2292 532 ;
2327 470 2372 531 Δ

2327 470 2372 531 Δ
2400 467 2552 521 οὑόιν
2579 467 2635 519 δέ
2665 467 2771 523 τῶν
2797 469 2876 530 είς
2909 467 3211 538 θεραπείαν
3238 465 3439 537 δράσαι
3468 467 3557 522 διὰ
3587 467 3678 522 τὸν
3706 466 3803 521 τοῦ
3829 469 4000 523 δεκο-

717 571 814 629 sod
846 583 972 625 cum
1002 566 1143 626 nihil
1163 563 1618 636 possentnfacere.
1649 563 1795 633 (ιιιοά
1824 563 1895 620 ad
1937 579 2131 619 eorum
2165 577 2286 632 per-

2401 557 2527 612 στοῦ
2558 559 2722 628 palos
2755 560 3046 630 δυνάμενοι
3084 559 3390 630 συνήλγουν
3447 559 3632 624 αὖτοίς
3688 560 3853 628 μόνον
3887 559 3995 616 καὶ

723 663 920 718 tiaeret
953 657 1290 716 curationem
1315 665 1550 727 propter
1576 663 1783 710 metum
1832 653 2060 726 judicia,
2112 653 2287 708 solum

1929 654 2060 716 .icis.
2112 653 2287 708 solum
2399 652 2460 703 τὸ
2482 648 2582 720 τῆς
2603 651 2947 722 συμπαθείας
2975 651 3320 723 προσέφερον
3343 651 3604 724 δάκρυον.

720 769 786 811 es
827 766 1021 809 eorum
1050 749 1212 806 malis
1237 745 1479 807 dolorem
1503 745 1868 816 accipiebant,
1899 752 1954 801 et
1991 741 2291 798 aﬂ‘erebant

717 848 995 918 laeryntas
1013 839 1535 900 commiserationis.

790 913 1146 996 XII.-Deinde
1185 943 1308 1006 post
1343 934 1491 989 illam
1547 932 1801 988 acerbam
1857 939 1912 987 ct
1963 930 2287 986 diuturnam

2465 915 2565 973 ω’.
2595 913 2729 973 Εἶτα
2761 919 2902 990 μετά
2937 919 3036 993 τὴν
3068 921 3272 993 πικράν
3318 924 3534 996 ἐκείνην
3583 926 3674 980 καὶ
3708 925 3991 998 πολυχρό·

719 1031 1247 1096 οωίιιίοηοω,τειιιυ
1279 1034 1427 1086 esset
1458 1027 1603 1083 ineo
1640 1025 1769 1081 loco
1791 1025 2026 1094 Saporcs
2058 1025 2150 1096 (is
2193 1037 2292 1077 au-

722 1134 833 1187 tem
863 1121 1151 1179 dicebatur
1185 1119 1471 1175 Bitbmada
1493 1118 1638 1190 )eos
1669 1118 1908 1175 educite
1955 1116 2204 1172 custodia
2241 1115 2291 1172 is

716 1219 806 1276 cui
842 1218 1019 1274 luerat
1043 1217 1508 1283 commissum,ut
1530 1229 1627 1270 eos
1656 1214 1970 1283 castigaret,
2023 1210 2286 1275 Dixisses,

719 1317 768 1376 si
800 1315 1049 1377 vidisses,
1077 1313 1206 1368 illos
1258 1310 1627 1367 esse-umbrat
1682 1307 1930 1374 similes;
1967 1306 2288 1372 adcolongs

719 1404 1013 1465 alﬂictione
1058 1407 1440 1463 estabuerant.
1479 1402 1682 1459 Deinde
1720 1418 1826 1458 eos
1887 1403 2036 1458 sistit
2081 1402 2148 1456 ad
2193 1401 2291 1454 trl-o

725 1501 888 1554 bunal
925 1497 1271 1560 Ardasabor;
1306 1502 1428 1549 erat
1457 1503 1636 1547 autem
1670 1492 1714 1546 is
1744 1493 1998 1562 princeps
2047 1490 2290 1546 omnium

719 1605 1028 1662 magorum,
1073 1588 1164 1659 qui
1197 1595 1352 1643 erant
1405 1586 1458 1639 in
1488 1584 1734 1639 Perside.
1773 1583 1868 1639 Ille
1925 1599 2056 1639 vero
2103 1584 2288 1639 statim

719 1685 1007 1744 eisdt'xit:
1067 1681 1210 1748 Quid
1262 1689 1466 1741 autem,
1515 1678 1651 1733 estis
1705 1677 2051 1733 Christiani?
2097 1676 2289 1731 Sancti

717 1793 873 1841 vero,
910 1776 1092 1841 Certe,
1125 1773 1403 1835 dixerunt,
1456 1768 1782 1835 Christiani,
1804 1777 1859 1822 et
1889 1768 2063 1822 solum
2114 1769 2284 1824 Deum

719 1874 903 1925 vivum
935 1867 1253 1929 adorantes,
1279 1875 1336 1920 et
1371 1863 1471 1933 ipsi
1501 1862 1603 1918 soli
1639 1862 1962 1916 servientes.
1995 1860 2290 1932 Tyrannus

721 1973 902 2020 autem
932 1981 946 2016 :
978 1959 1211 2021 Videtis,
1252 1957 1411 2019 dixit,
1464 1952 1924 2024 quemadmodum
1967 1969 2090 2023 quas
2135 1951 2290 2007 vobis

723 2057 874 2111 illata
929 2062 1058 2108 sunt
1109 2059 1411 2113 tormenta,
1465 2045 1769 2104 attulerunt
1827 2046 1984 2101 vobis
2034 2054 2288 2117 magnam

720 2141 1092 2200 atlIictionem.
1128 2136 1298 2192 multo
1334 2145 1516 2190 autem
1564 2134 1751 2204 magis
1775 2134 2034 2188 diuturna
2075 2133 2288 2187 vesatio

719 2242 776 2285 et
806 2227 1076 2292 inclusio;
1117 2240 1183 2283 ea
1212 2224 1355 2279 enim
1391 2232 1445 2277 et
1477 2221 1707 2280 formam
1758 2222 1914 2276 vobis
1949 2224 2204 2285 mutavit.
2235 2228 2290 2278 et

720 2317 897 2373 elI‘ecit
963 2325 1022 2370 ut
1075 2315 1161 2372 ita.
1196 2309 1648 2369 extabesceretis.
1693 2308 2062 2375 Quamobrem
2135 2309 2288 2363 vobis

719 2409 1078 2473 consulerint,
1127 2415 1184 2460 ut
1242 2405 1371 2458 mihi
1415 2403 1681 2472 pareretis
1742 2403 1995 2458 alferenti
2045 2416 2108 2458 ea
2167 2416 2291 2471 qua

721 2511 849 2557 sunt
882 2500 1033 2554 vobis
1059 2496 1449 2559 conducibilia,
1481 2504 1538 2552 et
1567 2495 1721 2552 vobis
1754 2496 2013 2564 parcatis,
2035 2504 2090 2550 et
2117 2497 2290 2551 solem

721 2592 962 2651 lucidum
989 2589 1253 2644 adoretis.
1286 2587 1382 2642 Sin
1409 2587 1611 2652 minus,
1645 2593 1815 2645 restat
1869 2595 1925 2640 ut
1957 2587 2292 2656 gravissimae

723 2686 885 2740 morti
942 2681 1333 2753 subjiciantini.

793 2777 935 2834 XIII.
989 2776 1293 2846 Respondit
1347 2783 1571 2831 sanctus
1611 2771 1970 2841 Acepsimas:
2029 2771 2151 2827 Non
2203 2786 2295 2828 me

725 2869 862 2929 latet
883 2884 1097 2925 summo
1123 2883 1251 2924 "esse
1281 2867 1378 2922 lilii
1441 2865 1622 2921 studio
1662 2865 1856 2934 dogma
1917 2866 2190 2934 patrium;
2239 2874 2295 2921 ct

725 2942 826 3036 hoc
847 2960 944 3016 tibi
967 2975 1089 3018 esse
1109 2959 1469 3028 propositum,
1490 2956 1536 3012 si
1567 2956 1724 3011 modo
1756 2956 1876 3011 ﬁeri
1899 2965 2078 3026 posset
2092 2956 2213 3018 ,τοι
2240 2955 2292 3016 vi

722 3055 806 3111 vel
862 3035 1215 3122 persuasione
1270 3039 1516 3112 edicere,
1560 3054 1620 3101 ut
1673 3043 1864 3102 Omnes
1915 3047 2162 3103 attrahas
2222 3046 2292 3101 ad

2391 1028 2505 1067 νιον
2537 1011 2783 1066 κάκωσιν
2812 1014 3097 1086 Σαῦωρίου
3148 1017 3294 1072 κατὰ
3319 1019 3412 1072 τὸν
3443 1020 3634 1079 αὐτόθι
3681 1021 3849 1076 τόπον
3881 1037 3988 1090 γε·

2392 1105 2621 1174 νομένου
2649 1104 2922 1176 (Βιθμαδᾶ
2953 1103 3108 1172 οὗτος
3138 1110 3405 1178 ἐλέγετο),
3435 1113 3623 1180 ἐξάγει
3668 1115 3771 1184 τῆς
3801 1116 3987 1184 9n)..-

2395 1197 2494 1266 κῆς
2523 1197 2552 1249 6
2584 1197 2837 1264 κολάζειν
2887 1202 3087 1266 αὐτοὺς
3140 1205 3477 1268 πιστευθείς.
3532 1203 3699 1271 Eius;
3732 1207 3802 1262 ἂν
3848 1208 3988 1263 ίδὼν

2391 1290 2635 1376 ἐκείνους
2689 1292 2925 1346 ἐοικέναι
2986 1298 3150 1366 σκιᾷο
3189 1296 3364 1362 οὕτως
3411 1293 3556 1369 ἦσαν
3588 1299 3694 1352 ὑπὸ
3723 1300 3828 1369 τῆς
3866 1317 3986 1370 μα-

2392 1383 2530 1452 κρᾶς
2561 1383 2934 1450 κακοπαθείας
2979 1387 3362 1458 ἐκτετηκότες.
3418 1387 3554 1445 Εἶτα
3580 1392 3658 1460 τῷ
3706 1392 3805 1445 τοῦ
3848 1393 3987 1462 ’Δρο

2389 1475 2646 1548 Μσαόὼρ
2680 1481 2981 1551 παρίστησι
3020 1482 3251 1552 βήματι·
3288 1484 3476 1555 ἄρχων
3537 1485 3593 1538 δέ
3637 1479 3796 1548 οὗτος
3835 1486 3984 1538 πάν-

2389 1585 2499 1622 των
2523 1569 2631 1623 τῶν
2653 1571 2709 1622 ἐν
2741 1573 2963 1640 Περσίδι
2997 1576 3189 1644 μάγων
3215 1577 3513 1649 ἐτύγχανεν
3539 1577 3634 1632 ὢν.
3664 1579 3772 1632 Καὶ
3807 1578 3866 1641 6;
3893 1579 3988 1632 εῦ-

2391 1660 2485 1725 θὺς
2517 1663 2652 1731 πρὸς
2680 1665 2877 1731 αὐτούς
2911 1684 2924 1697 ο
2951 1669 3015 1719 Τί
3047 1670 3134 1722 δαὶ
3161 1711 3176 1735 ,
3211 1672 3530 1741 Χριστιανοί
3583 1676 3706 1726 ἐστε
3729 1673 3900 1738 ;,Καἰ
3931 1674 3988 1725 οι

2391 1751 2557 1819 ἀγιοι,
2587 1754 2714 1820 Ναὶ,
2757 1752 2910 1813 εἷπον
2935 1800 2949 1824 ,
2984 1761 3329 1832 Χριστιανοὶ,
3389 1767 3482 1818 καὶ
3510 1765 3590 1836 τῷ
3622 1766 3775 1835 μόνῳ
3808 1766 3984 1828 ζῶντι

2319 1827 2359 1881 Β
2388 1845 2511 1916 Θεῷ
2559 1851 2994 1920 προσκυνοῦντες
3029 1827 3125 1908 καὶ
3182 1857 3332 1928 αὐτῷ
3381 1859 3533 1928 μόνῳ
3561 1827 3980 1929 ’λατρεύοντες

2392 1939 2501 1993 Καὶ
2528 1940 2556 1990 6
2588 1940 2852 2012 τύραννος
2881 1961 2894 1973 ·
2934 1946 3119 2016 Ὁρᾷς,
3171 1944 3350 2013 εἶπεν,
3397 1951 3547 2014 ὅπως
3579 1953 3634 2003 ad
3669 1951 3985 2022 ἐνεχθεῖσαι

2390 2030 2614 2100 βάσανοι
2646 2035 2846 2108 πολλὴν
2883 2038 3011 2106 ὑμῖν
3044 2039 3144 2108 τὴν
3176 2041 3555 2113 ταλαιπωρίαν
3583 2044 3985 2113 ἐμπεποιήκα-

2389 2142 2493 2192 σιν,
2517 2129 2610 2181 ἐπὶ
2658 2129 2819 2184 πλέον
2848 2131 2926 2196 δὲ,
2981 2128 3160 2202 οἶμαι,
3193 2134 3287 2188 καὶ
3334 2137 3367 2206 ἡ
3399 2140 3595 2205 χρονία
3632 2138 3885 2199 κάκωσῐς
3919 2153 3984 2190 τε

2390 2218 2486 2271 κα).
2520 2217 2823 2292 κάθειρξις.
2865 2222 3014 2292 Αὕτη
3053 2223 3162 2294 γάρ
3213 2225 3312 2290 τάς
3351 2227 3678 2296 τεμορφάς
3710 2228 3844 2295 ὑμῖν
3877 2227 3981 2295 ἡλ-

2391 2311 2607 2376 λοίωσε,
2654 2315 2749 2366 καὶ
2782 2314 2963 2382 δεινὴν
2991 2314 3134 2368 οῦτω
3162 2315 3261 2387 τὴν
3291 2316 3545 2388 σύντηξιν
3573 2318 3940 2388 ἐνειργάσατο
3962 2331 3980 2347 ’

2390 2401 2470 2455 διὸ
2521 2404 2616 2457 καὶ
2668 2404 3142 2477 συμϐουλεύσαιμι
3180 2409 3428 2477 ἂν.ύμ”ίν
3458 2409 3751 2479 πεισθῆναί
3787 2428 3878 2480 μοι
3909 2409 3986 2466 τὸ

2390 2494 2775 2551 λυσιτελοῦντα
2826 2499 3206 2569 εἰσηγουμένῳ
3257 2502 3351 2555 καὶ
3401 2500 3691 2568 φείσασθαι
3737 2500 3981 2564 ἑαυτῶν,

2390 2586 2528 2656 ἡλίῳ
2543 2603 2602 2640 τε
2626 2586 2709 2658 τῷ
2740 2589 2947 2659 φαεινῷ
2971 2590 3352 2660 προσκυνῆσαι
3376 2608 3388 2621 ·
3417 2595 3465 2645 εἰ
3482 2591 3528 2646 δ’
3554 2591 3670 2655 οῦν,
3698 2590 3758 2644 τὸ
3786 2591 3983 2644 λειπό-

2395 2681 2562 2748 μενόν,
2585 2681 2700 2736 ἐστι
2725 2681 2945 2754 θανάτῳ
2974 2683 3120 2753 ὑμᾶς
3153 2672 3467 2754 ὑπαχθῆναι
3501 2684 3900 2754 χαλεπωτάτῳ.

2464 2774 2563 2829 ΙΓ’.
2613 2774 2671 2829 Ὀ
2694 2777 2849 2843 ἀγιος
2884 2777 3186 2848 ’Δκιψιμᾶς
3210 2778 3561 2848 ἀπεκρίνατο·
3589 2777 3663 2832 Οὔ
3691 2795 3760 2847 με
3789 2777 3979 2831 διέλα-

2394 2865 2590 2929 θεν-ὡς
2623 2867 3040 2938 ὑπερϐάλλουσα
3089 2885 3173 2924 σοι
3205 2869 3413 2940 σπουδὴ
3437 2869 3593 2939 ,περὶ
3629 2869 3691 2922 τὸ
3741 2869 3981 2937 πάτριον

2392 2959 2571 3028 δόγμα
2601 2962 2695 3013 καὶ
2725 2960 2886 3015 τοῦτο
2929 2961 3206 3031 πρόθεσις,
3265 2965 3422 3032 τίπερ
3460 2963 3567 3032 άρα
3605 2962 3711 3015 καὶ
3742 2963 3978 3015 δυνατὸν

2392 3047 2513 3124 ῆνῆ
2540 3051 2631 3122 βίᾳ
2657 3051 2690 3122 ἢ
2716 3052 2896 3106 πειθοῖ
2919 3070 3000 3108 σοι
3033 3054 3473 3126 κατορθωθῆναι,
3505 3055 3566 3108 τὸ
3594 3055 3808 3118 πάντας
3833 3054 3978 3125 πρὸς

723 3144 967 3198 eamdem
995 3141 1332 3211 religionem.
1368 3138 1482 3197 Hoc
1507 3149 1688 3194 autem
1721 3139 1789 3195 de
1817 3141 1974 3194 nobis
2007 3155 2283 3210 nunquam
2315 3165 2359 3222 ο
2395 3166 2398 3178 ι

2315 3165 2359 3222 ο
2395 3148 2489 3214 τῆν
2521 3145 2691 3216 αὐτὴν
2719 3146 2948 3207 ἐλκῦσαι
2991 3145 3310 3218 θρησκείαν.
3347 3147 3519 3201 Τοῦτο
3547 3147 3604 3201 δὲ
3640 3149 3770 3218 περὶ
3810 3147 3975 3216 ἡμῶν

722 3236 821 3296 tibi
855 3237 1039 3289 veniat
1074 3235 1128 3288 in
1177 3240 1437 3297 mentem,
1493 3242 1553 3287 ut
1582 3241 1745 3301 putes
1785 3231 1865 3286 vel
1895 3232 2172 3286 blanditiis
2205 3232 2289 3287 vel

723 3329 889 3382 minis
915 3329 998 3381 vel
1033 3326 1154 3381 aliis
1221 3324 1506 3380 intentatis
1569 3325 1728 3378 malis
1770 3339 1927 3391 posse
1964 3325 2119 3378 nobis
2169 3339 2291 3392 per-

723 3420 979 3484 suadere,
1018 3425 1075 3472 ιιι
1098 3417 1416 3473 deﬁciamus
1463 3433 1490 3472 a
1534 3417 1693 3471 nobis
1739 3417 1907 3471 semel
1961 3416 2293 3471 conﬁrmato

723 3509 979 3579 dogmate
1011 3517 1064 3562 et
1099 3522 1130 3562 a
1165 3505 1528 3562 confessione.
1565 3505 1747 3560 Parati
1781 3507 1924 3559 enim
1955 3523 2145 3574 sumus
2172 3523 2289 3562 om-

722 3602 811 3656 nia
841 3601 950 3671 pati
981 3599 1180 3668 potius,
1215 3613 1374 3668 quam
1410 3613 1440 3654 a
1509 3597 1614 3652 ﬁde
1641 3597 1694 3652 in
1727 3595 2006 3656 Christum
2031 3598 2285 3654 deﬁcere.

719 3692 836 3749 Non
893 3693 1101 3762 ignoro,
1164 3689 1341 3759 inquit
1398 3697 1682 3759 tyrannus,
1748 3689 1894 3759 quod
1947 3704 2068 3744 cum
2131 3691 2294 3748 vobis

719 3780 1048 3840 Christianis
1100 3794 1248 3835 mors
1292 3785 1510 3850 putetur
1551 3794 1672 3833 esse
1729 3779 1885 3848 quies
1911 3819 1928 3843 ,
1970 3793 2132 3835 omne
2174 3789 2287 3834 stu-

721 3875 872 3931 dium
912 3891 940 3927 a
994 3873 1150 3929 vobis
1204 3869 1270 3923 ad
1324 3871 1429 3924 hoc
1478 3883 1732 3940 ponatur,
1777 3878 1833 3922 ut
1876 3871 1943 3923 iis
2000 3870 2283 3936 fruamini,

719 3981 953 4038 quorum
977 3979 1124 4035 spem
1145 3961 1498 4032 concepistis,
1520 3961 1611 4015 sed
1639 3975 1747 4014 non
1782 3959 1966 4014 licebit
1992 3962 2145 4016 vobis
2175 3963 2284 4015 cito

719 4058 981 4126 consequi
1029 4054 1104 4119 id,
1141 4053 1281 4125 quod
1316 4053 1657 4108 desideratis.
1685 4051 1818 4106 Nam
1861 4067 1982 4106 cum
2009 4055 2161 4123 prius
2195 4069 2284 4107 ve-

721 4161 866 4204 stras
903 4162 1096 4203 carnes
1123 4145 1388 4215 paulatim
1413 4159 1829 4214 consumpscro,
1875 4145 2132 4198 acerbum
2159 4145 2284 4199 vita

721 4245 878 4298 ﬁnem
903 4239 1058 4295 vobis
1092 4239 1392 4307 imponam.
1429 4223 1535 4290 Cui
1564 4245 1789 4290 sanctus
1819 4254 1831 4288 :
1862 4234 1924 4291 Et
1965 4237 2079 4306 jam
2105 4237 2280 4307 prius,

721 4333 921 4404 inquit,
953 4347 980 4384 a
1013 4330 1174 4384 nobis
1225 4327 1449 4393 audisti,
1475 4336 1527 4381 et
1574 4341 1720 4380 nunc
1771 4327 1822 4380 id
1865 4342 2081 4397 quoque
2132 4337 2284 4384 certo

721 4425 883 4488 scias,
929 4423 1074 4492 quod
1128 4434 1305 4489 neque
1366 4429 1580 4473 tuorum
1642 4427 2064 4480 tormentorum,
2108 4434 2282 4490 neque

2395 3237 2530 3304 μηδὲ
2562 3239 2642 3298 τίς
2676 3237 2799 3290 νοῦν
2845 3239 3105 3308 ἀναϐήτω
3135 3257 3219 3293 σοι
3257 3240 3331 3304 ὥς
3358 3241 3398 3311 ἢ
3430 3241 3693 3302 emacitas;
3723 3241 3760 3311 ἢ
3810 3242 3976 3294 ἀπει-

2391 3328 2569 3397 λαϊςῆ
2619 3329 2807 3381 κακῶν
2833 3330 3025 3391 ἄλλαις
3065 3334 3363 3400 ἐπιφοραῖς
3424 3332 3778 3402 μεταπείσειε
3819 3335 3973 3402 ἡμᾶς

2388 3420 2691 3489 ἀποστῆναι
2745 3421 2843 3474 τοῦ
2905 3422 3051 3486 ἀπαξ
3107 3422 3500 3492 βεϐαιωθέντος
3530 3426 3664 3494 ἡμῖν
3692 3424 3971 3493 δόγματος

2388 3511 2482 3564 καὶ
2509 3511 2606 3581 τῆς
2640 3513 2950 3583 ὁμολογίας.
3012 3516 3277 3585 Ἐτοίμως
3307 3517 3416 3586 γὰρ
3444 3517 3641 3587 ἔχομεν
3666 3520 3843 3572 πάντα
3862 3536 3972 3571 πα-

2388 3602 2502 3658 θεῖν
2562 3605 2839 3675 μᾶλλονῆ
2899 3608 2998 3675 τῆς
3058 3608 3193 3678 πρὸς
3241 3609 3476 3679 Χριστὸν
3531 3610 3835 3678 ἀποστῆναι
3873 3610 3972 3664 πί-

2389 3712 2576 3761 στεως.
2610 3697 2724 3751 Ούκ
2765 3698 2966 3765 άγνοῶ,
3001 3700 3109 3769 ἐφη
3132 3701 3159 3753 6
3200 3704 3487 3772 τύραννος,
3524 3701 3598 3764 ὡς
3642 3703 3772 3774 παρ’
3827 3705 3967 3771 ὑμῖν

2385 3791 2499 3850 τοῖς
2545 3789 2895 3856 Χριστιανοτς
2942 3792 3026 3854 είς
3057 3791 3372 3845 ἀνάπαυσιν
3422 3789 3561 3848 εἶναι
3593 3794 3688 3848 τοῦ
3719 3794 3965 3849 θανάτου

2386 3880 2744 3948 νομιζομένου
2775 3880 2979 3953 σπουδὴ
3018 3884 3163 3936 πᾶσα
3195 3885 3338 3951 πρὸς
3377 3886 3568 3938 τοῦτον
3594 3886 3688 3940 διὰ
3713 3886 3814 3957 τὴν
3849 3887 3964 3941 τῶν

2385 3970 2756 4041 ἐλπιζομένων
2810 3973 3108 4026 ἀπόλαυσιν
3129 3991 3142 4005 ·
3181 3974 3297 4028 ἀλλ’
3327 3977 3428 4030 οὐκ
3468 3977 3684 4043 ἐξέσται
3713 3979 3844 4047 ὑμῖν
3873 3983 3964 4044 είς

2383 4063 2545 4132 τάχος
2593 4062 2688 4116 τοῦ
2738 4064 3072 4135 ποθουμένου
3114 4067 3475 4139 μιταλαχεῖν’
3531 4072 3799 4141 πρότερον
3844 4077 3962 4144 γάρ

2384 4155 2538 4226 ὑμῶν
2568 4157 2708 4210 κατά
2737 4156 2910 4228 βραχὺ
2947 4160 3044 4222 τὰς
3102 4160 3312 4230 σάρκας
3345 4163 3756 4233 ἐκδαπανήσας,
3808 4168 3963 4221 οὕτω

2387 4251 2584 4320 πικρίαν
2610 4252 2812 4323 dature
2840 4252 2990 4315 τέλος
3009 4253 3110 4323 τῆς
3135 4254 3278 4321 ζωῆς
3301 4255 3564 4325 ἐπιθήσω.
3597 4259 3706 4311 Καὶ
3724 4261 3751 4311 6
3773 4259 3958 4327 ἀτιοςο

2388 4346 2525 4416 Ἤδη
2574 4347 2700 4417 παρ’
2733 4346 2890 4416 ἡμῶν
2945 4349 3038 4402 καὶ
3103 4348 3370 4419 πρότερον
3422 4350 3682 4420 ἡκούσας,
3724 4353 3832 4403 καὶ
3855 4354 3958 4405 νῦν

2389 4437 2624 4504 μάνθανε
2655 4439 2782 4506 περὶ
2816 4437 3019 4490 ’τούτου
3056 4437 3287 4506 βεϐαίοις
3311 4439 3388 4503 ,ὡς
3422 4437 3541 4493 οὗτε
3573 4441 3680 4493 τῶν
3709 4443 3823 4495 σῶν
3859 4443 3962 4513 βα-

724 4517 991 4570 minarum
1027 4527 1125 4566 nos
1161 4512 1322 4564 ullam
1381 4507 1634 4563 ducimus
1677 4510 1967 4563 rationem.
2011 4507 2145 4563 Nam
2184 4511 2278 4581 qui
2308 4507 2399 4580 Ι),

2308 4507 2358 4566 D
2387 4531 2580 4593 σάνων,
2613 4527 2736 4580 οὔτε
2785 4530 2894 4582 τῶν
2945 4531 3184 4584 ἀπειλῶν
3234 4533 3390 4600 λόγος
3415 4537 3547 4602 ἡμίν
3577 4537 3636 4588 τδ
3685 4507 3959 4605 παράπαν

723 4609 776 4661 in
825 4603 1252 4676 praecedentibus
1313 4600 1470 4655 malis
1531 4600 1690 4655 nobis
1761 4616 1977 4656 manum
2046 4602 2282 4672 praebuit

723 4697 1069 4768 adiutricem,
1133 4696 1248 4764 ipse
1282 4709 1431 4747 nunc
1485 4708 1704 4764 quoque
1738 4693 1895 4747 nobis
1930 4695 2064 4748 feret
2097 4709 2280 4765 opem,

723 4799 775 4843 et
811 4788 1026 4852 eﬂiciet,
1061 4795 1118 4842 ut
1147 4801 1255 4841 non
1292 4785 1578 4840 diﬂictliter
1613 4783 1950 4849 {eramusea
1978 4801 2098 4856 quae
2126 4787 2284 4843 nobis

723 4879 1150 4935 intentabuntur.
1204 4877 1266 4932 Et
1312 4878 1357 4934 si
1413 4877 1546 4933 velis
1604 4878 1782 4934 facere
1819 4879 2120 4948 periculum
2185 4895 2283 4952 no-

724 4983 851 5027 ιιι-π
893 4971 956 5026 ’ίη
993 4969 1269 5042 profundo
1324 4971 1476 5025 senio
1502 4969 1860 5036 fortitudinis,
1911 4971 2043 5024 nihil
2077 4972 2279 5027 obstat.

718 5064 872 5120 Scies
910 5064 1053 5119 enim
1091 5074 1142 5118 te
1168 5061 1374 5117 frustra
1423 5061 1695 5130 laborare,
1729 5070 1782 5118 et
1814 5064 2031 5136 aggredi
2068 5079 2130 5117 ea
2159 5080 2281 5132 quae

721 5159 848 5209 sunt
893 5151 1131 5209 inUtilia.

794 5246 929 5302 XIV.
958 5247 1189 5318 Propter
1219 5245 1333 5300 ba‘c
1373 5246 1452 5300 ira
1508 5247 1745 5316 repletus
1770 5247 1962 5318 judex,
2003 5249 2158 5320 iubet
2201 5248 2286 5303 af-

719 5339 851 5394 ferri
889 5337 1095 5408 ﬂagella
1139 5354 1204 5393 ex
1250 5338 1400 5392 corio
1435 5338 1607 5393 crudo
1666 5338 1935 5400 coniecta.
1975 5350 2030 5396 et
2084 5340 2279 5408 subjici

717 5445 907 5486 eorum
943 5430 1134 5485 oculis.
1173 5430 1379 5485 Deinde
1410 5430 1542 5485 dicit
1570 5433 1813 5485 sanctis:
1849 5431 2006 5496 Juro,
2075 5433 2279 5502 inquit,

723 5538 817 5591 per
865 5523 1041 5589 ipsum
1093 5533 1346 5592 magnum
1398 5519 1567 5575 Deum
1595 5531 1648 5575 et
1683 5523 1938 5594 inclytam
2001 5525 2277 5578 fortunam

721 5613 960 5681 Saporis,
1005 5612 1105 5666 nisi
1143 5610 1371 5680 imperio
1397 5611 1518 5681 ejus
1549 5611 1891 5675 obedieritis.
1949 5612 2036 5668 bis
2069 5620 2279 5669 vestras

717 5717 912 5757 carnes
940 5717 1278 5764 consumam,
1311 5691 1475 5756 vestri
1501 5702 1649 5757 nulla
1677 5713 1854 5758 motus
1877 5704 2274 5760 misericordia.

2381 4619 2490 4673 οὐδ’
2519 4620 2546 4671 6
2580 4621 2776 4690 τυχών.
2805 4619 2870 4674 Ὅ
2897 4621 3006 4690 γάρ
3030 4623 3090 4674 ἐν
3115 4625 3226 4683 rat;
3250 4623 3580 4692 προλαϐοῦαι
3613 4626 3810 4690 δεινοῖς
3837 4631 3961 4698 χει-

2386 4731 2452 4783 ρα
2483 4713 2675 4785 βοηθὸν
2699 4715 3139 4783 παρασχόμενος,
3179 4716 3344 4778 αὐτὸς
3379 4719 3472 4771 καὶ
3502 4719 3598 4772 νῦν
3627 4720 3957 4792 ιπικουρῶν

2384 4805 2557 4870 ἐσται,
2591 4808 2680 4860 καὶ
2716 4806 2929 4868 ἀπόνως
2961 4807 3149 4877 φέρειν
3179 4811 3615 4878 παρασκευάζων
3642 4815 3710 4864 τά
3743 4815 3956 4882 ἐπαγό-

2386 4913 2542 4965 μενα.
2572 4896 2682 4949 Καὶ
2711 4897 2758 4949 εί
2797 4894 2975 4963 βούλει
3006 4899 3201 4966 πεῖραν
3244 4900 3429 4953 λασείν
3472 4902 3570 4968 τῆς
3601 4906 3659 4955 ἐν
3685 4902 3764 4974 τῷ
3793 4904 3956 4973 βαθεῖ

2381 4984 2528 5052 γήρᾳ
2553 4984 2848 5052 καρτερίας
2866 4983 3041 5052 ἡμῶν,
3061 4985 3208 5040 οῦόὶν
3233 4986 3295 5038 τὸ
3323 4988 3552 5042 κωλύονο
3580 4993 3703 5066 εἴσῃ
3725 4995 3837 5066 γὰρ
3853 4997 3951 5052 ιπι

2384 5075 2600 5144 ματαίῳ
2636 5074 2966 5145 πονούμενος
3007 5077 3102 5132 καὶ
3129 5079 3415 5147 ἀνηνύτοις
3449 5083 3768 5154 ἐπιχειρῶν.

2451 5249 2550 5302 ΙΔ’.
2574 5244 2757 5318 Θυμοῦ
2788 5249 3093 5319 «inpinget;
3147 5256 3204 5305 ἐν
3241 5254 3452 5319 τούτοις
3483 5259 3510 5310 6
3547 5259 3807 5332 δικαστὴς
3842 5265 3954 5334 μά-

2385 5357 2571 5408 στιγας
2605 5339 2814 5393 κελεύει
2847 5340 3049 5411 βύρσης
3075 5343 3231 5414 ὠμῆς
3281 5348 3590 5417 ἐνεχθῆναι,
3633 5352 3860 5421 τεθῆναι
3890 5355 3949 5408 δὲ

2380 5432 2519 5485 κατὰ
2542 5432 2828 5501 πρόσωπον
2850 5447 2862 5460 ·
2890 5429 3009 5487 εἶτα
3041 5435 3176 5506 πρὸς
3195 5440 3317 5499 τοὺς
3346 5439 3558 5506 ἁγίους,
3585 5442 3761 5495 Αὑτὸν
3782 5445 3949 5514 ὄμνυ-

2381 5543 2439 5594 μι
2465 5523 2554 5576 τὸν
2585 5525 2778 5592 μέγαν,
2814 5524 2941 5595 ἔφη,
2973 5526 3105 5578 Θεὸν
3142 5528 3234 5580 καὶ
3280 5529 3378 5599 τὴν
3408 5532 3605 5584 εὐκλεᾶ
3634 5535 3808 5604 τύχην
3834 5539 3946 5590 Σα-

2381 5616 2605 5686 πωρίου,
2635 5615 2681 5666 εί
2705 5614 2778 5686 μὴ
2809 5615 2884 5684 τῷ
2915 5617 3074 5670 αὑτοῦ
3102 5619 3359 5688 πεισθῆτε
3393 5625 3944 5695 προστάγματι,τούο

2373 5725 2482 5766 τοις
2515 5707 2666 5776 ὑμῶν
2685 5706 2946 5761 ἀναλώσω
2961 5710 3057 5771 τάς
3090 5712 3321 5781 σάρκας,
3340 5715 3528 5770 οὐδένα
3543 5712 3726 5772 οῐκτον
3761 5723 3945 5774 πο.οῶ

718 5794 871 5863 Quod
897 5794 942 5850 si
969 5794 1131 5852 etiam
1173 5791 1483 5863 contigerit,
1527 5803 1584 5849 ut
1618 5807 1712 5851 vos
1747 5794 1906 5850 citius
1942 5796 2272 5864 moriamini,
2377 5814 2393 5867 ε

2270 5841 2272 5856 ,
2377 5814 2557 5867 μενος.
2594 5796 2654 5849 El
2702 5795 2755 5852 δὲ
2793 5798 2887 5851 καὶ
2921 5798 3111 5870 τάχιον
3164 5802 3292 5874 ὑμῖν
3341 5804 3566 5875 γένηται
3606 5811 3945 5881 μαστιζομέ-
