4242 6442
225 395 342 459 845

1096 396 1509 458 CERTAMEN
1549 397 1611 462 S.
1661 398 2056 460 ACEPSIME
2094 400 2192 460 ET
2214 402 2624 463 SOCIORUM.

3376 406 3481 469 846

225 526 341 572 νοις
362 508 679 577 ἀποθανεῖν,
711 513 828 571 ἀλλ’
873 512 987 585 εγὼ
1007 513 1101 567 ut
1132 511 1305 577 οὕτως
1359 514 1648 589 αίὶκίσομαι
1677 515 1805 577 τοὺς
1834 521 1879 577 Α

1834 521 1879 577 Α
1909 515 2042 570 dum
2075 516 2261 585 ﬂagris
2289 517 2586 578 cadimini,
2647 525 2703 571 at
2738 533 2838 588 ego
2870 518 2951 571 sic
3006 531 3227 587 quoque
3263 520 3487 588 puniant

226 603 479 674 νεκροὺς,
538 605 632 659 καὶ
666 604 811 659 κατὰ
845 607 1006 674 μέλος
1050 604 1327 675 διατεμὼν
1370 596 1578 675 ὀρνέοις
1608 623 1667 658 τε
1710 608 1805 658 καὶ

226 700 387 751 κυσὶν
433 699 733 769 επιῤῥίψω.
789 697 850 751 '0
901 699 1056 767 ἅγιος
1094 693 1248 750 εἶπεν
1308 697 1653 767 ’Δκεψιμᾶςο
1711 699 1804 760 Et;

227 788 438 858 κτίσμα
472 789 734 859 ὀμόσαντι
765 806 849 842 σοι
881 792 978 843 καὶ
1017 790 1081 841 οὐ
1114 788 1272 852 Θεὸν,
1302 788 1442 840 ἀλλὰ
1489 791 1587 843 καὶ
1635 788 1806 856 τύχην

227 878 550 950 ἀνθρώπου,
574 880 791 935 δέδοικα
834 880 1033 950 μήπως
1063 881 1122 933 οὗ
1155 879 1529 951 μελήσειπερὶ
1577 881 1683 933 τῶν
1714 886 1806 951 ὸρφ

224 991 364 1039 κων,
389 974 497 1026 οὐδ’
539 974 877 1045 ἁπαράϐατα
903 974 1347 1043 φυλαχθῆσονται
1375 974 1446 1026 τὰ
1478 974 1807 1043 ὀμωμοσμέ-

223 1080 315 1120 να.
346 1065 407 1118 Εἰ
435 1066 478 1119 δ’
512 1067 770 1135 ἀσφαλῶς
792 1068 938 1137 ἔχεις
971 1067 1143 1121 ταῦτα
1174 1068 1268 1120 καὶ
1293 1067 1549 1136 βεϐαίως,
1585 1066 1694 1118 ἰδού
1724 1082 1807 1117 σοι

224 1159 297 1212 τὰ
317 1161 477 1229 ήμῶν
498 1160 751 1230 σώματα,
781 1161 898 1231 χρῶ
931 1163 1074 1215 κατᾶ
1102 1162 1331 1231 γνώμην
1386 1161 1592 1231 μηδένα
1625 1154 1808 1212 οἶκτον

163 1313 169 1317 .
225 1252 413 1323 ἡμῶν.
452 1254 526 1317 ὼς
566 1254 722 1325 ἔφης.
760 1256 898 1324 μηδὲ
935 1253 1103 1323 φειδὼ
1124 1254 1473 1325 ποιούμενος.
1506 1252 1696 1312 Οὖτως
1730 1253 1807 1302 εί-

228 1345 428 1407 πόντος
448 1346 475 1397 ό
510 1346 707 1414 μιαρὸς
733 1346 957 1397 ἐκέλευε
988 1344 1252 1413 δικαστὴς
1281 1344 1381 1405 τὰς
1407 1345 1594 1411 χεῖρας
1626 1342 1813 1393 διατα-

228 1435 395 1490 θέντα
428 1436 572 1489 κατά
597 1453 656 1489 τε
690 1438 876 1490 νώτων
921 1436 1017 1489 καὶ
1070 1436 1308 1506 στέρνων
1343 1434 1581 1505 ίσχυρῶς
1609 1432 1813 1485 τύπτε-

1916 610 2003 663 vel
2027 614 2313 673 mortuos,
2346 618 2404 663 et
2446 609 2795 663 membratim
2853 611 3142 676 dissectos,
3203 612 3489 682 projiciant

1914 699 2112 753 avibus
2141 705 2198 752 et
2225 699 2480 752 canibus.
2509 700 2745 755 Sanctus
2768 709 2951 756 autem
2980 702 3119 755 dixit
3144 702 3487 772 Acepslmas:

1910 791 2051 845 Cum
2075 807 2173 860 per
2196 808 2312 847 rem
2341 804 2606 857 creatam,
2640 803 2694 850 et
2728 811 2838 850 non
2870 812 2967 865 per
2990 798 3157 851 Deum
3186 798 3489 868 juraveris,

1916 895 1971 940 et
2010 888 2175 940 etiam
2208 902 2305 955 per
2330 886 2608 940 fortunam
2643 889 2901 949 hominis.
2946 906 3139 945 vereor
3162 906 3229 945 ne
3272 907 3379 945 non
3420 892 3493 946 sit

1920 978 2020 1031 tibi
2046 994 2192 1033 cura:
2218 981 2625 1050 jusjurandum,
2657 990 2710 1034 et
2733 997 2841 1034 non
2875 997 3063 1036 serves
3107 998 3171 1036 ea
3211 998 3333 1052 quae
3364 989 3495 1036 sunt

1920 1083 1949 1121 a
1987 1077 2037 1122 te
2070 1069 2272 1137 jurata.
2305 1070 2360 1123 Si
2387 1080 2571 1123 autem
2608 1087 2670 1125 ea
2700 1088 2927 1127 servare
2988 1074 3215 1127 omnino
3278 1072 3491 1128 consti-

1923 1163 2098 1227 tuisti,
2128 1178 2257 1217 ecce
2296 1164 2395 1216 tibi
2438 1177 2626 1219 nostra
2661 1180 2920 1234 corpora,
2950 1166 3017 1220 iis
3055 1174 3211 1219 utere
3244 1176 3303 1219 ut
3337 1166 3493 1229 libet,

1920 1256 2071 1308 nulla
2132 1265 2193 1309 ut
2248 1257 2409 1321 dicis,
2474 1259 2647 1313 nostri
2706 1268 2887 1311 motus
2940 1259 3342 1323 misericordia,
3398 1275 3500 1313 ne-

1921 1349 2212 1417 quenobis
2247 1351 2547 1419 quidquam
2598 1368 2844 1417 parcens.
2902 1352 3038 1407 Cum
3104 1353 3187 1407 sic
3242 1339 3498 1415 dixisset,

1917 1442 2083 1509 jussit
2141 1442 2445 1495 sceleratus
2494 1445 2660 1512 jtnlex
2712 1461 2861 1509 eum,
2924 1447 3172 1499 extensis
3221 1443 3498 1507 manibus.

230 1530 379 1585 σθαι.
411 1530 503 1593 Είς
526 1528 683 1584 τοῦτο
703 1529 759 1583 δὲ
782 1529 1055 1600 προῆλθον
1071 1527 1357 1597 ὠμότητος
1378 1530 1429 1581 οί
1455 1525 1813 1594 μαστίζοντες

1925 1533 2082 1586 \alde
2117 1535 2399 1588 verberari
2435 1536 2488 1587 in
2526 1538 2691 1589 dorso
2722 1545 2777 1589 et
2843 1542 2893 1589 in
2937 1548 3182 1605 pectore.
3243 1538 3323 1592 Eo
3366 1557 3499 1596 vero

225 1620 307 1685 ὡς
332 1621 577 1677 ἐνδοῦναι
606 1621 731 1693 μηδ’
762 1622 921 1686 ὅλως,
952 1621 1056 1684 ἕως
1087 1623 1143 1673 al
1176 1624 1382 1691 σάρκες
1414 1619 1815 1686 ἁποσπὼμεναι

1922 1626 2267 1679 crudelitatis
2295 1636 2687 1696 processerunt
2720 1630 2813 1697 qui
2846 1630 3215 1699 ﬂagellabant,
3272 1646 3331 1687 ut
3362 1633 3501 1687 nihil

228 1716 341 1768 τῶν
373 1715 573 1768 ὀστέων
604 1718 681 1777 εἰς
716 1717 820 1785 γῆν
851 1714 931 1784 τῷ
953 1714 1153 1784 αἵματι
1188 1714 1626 1783 συγκατέρῤεον.
1674 1712 1732 1762 '0
1758 1711 1815 1762 δὲ

1925 1719 2148 1772 omnino
2175 1719 2593 1781 intermiserint,
2625 1722 2802 1775 donec
2846 1738 3038 1776 carnes
3073 1725 3276 1795 avulsae
3302 1726 3370 1779 ab
3416 1741 3504 1779 os-

225 1810 409 1881 κήρυξ
438 1809 590 1862 ἐϐόα·
624 1808 894 1879 Πείσθητι
934 1808 1017 1877 τῷ
1068 1806 1163 1861 τοῦ
1213 1805 1478 1881 βασιλέως
1525 1804 1812 1873 θελήματι,

1926 1809 2099 1870 sibus,
2132 1807 2292 1862 simul
2321 1826 2445 1863 cum
2502 1813 2770 1880 sanguine
2823 1813 2875 1866 in
2912 1823 3113 1868 terram
3170 1815 3498 1871 deﬂuerent.

230 1906 329 1958 καὶ
350 1901 496 1973 ζῆθι.
529 1902 620 1972 Τῷ
670 1902 726 1955 δὲ
754 1901 847 1955 τοῦ
890 1900 1028 1954 Θεοῦ
1074 1902 1327 1970 ἀρχιερεῖ
1372 1898 1477 1962 ἕως
1532 1899 1630 1967 μὲν
1659 1897 1812 1965 laxi);
1845 1886 1884 1939 Β

1845 1886 1884 1939 Β
1916 1900 2105 1953 Ρτεοοο
2128 1907 2315 1953 autem
2356 1902 2627 1953 clamabat
2681 1904 2860 1956 :Pare
2914 1905 3055 1973 regis
3102 1904 3391 1971 voluntati,
3446 1916 3502 1961 et

228 1990 324 2065 ἦν,
358 1996 614 2071 ἀντεϐόω
648 1994 801 2063 Ἐγὼ
834 1994 895 2047 τὸ
921 1993 1017 2047 τοῦ
1048 1992 1184 2062 εμοῦ
1209 1992 1345 2046 Θεοῦ
1375 1990 1585 2061 θέλημα
1612 1991 1816 2058 μᾶλλον

1924 1990 2064 2042 vive.
2112 1989 2207 2043 Dei
2264 2005 2394 2043 vero
2447 1992 2715 2058 pontifex,
2764 1993 2939 2047 donec
3000 2005 3159 2048 erant
3222 1996 3272 2049 ei
3328 1999 3495 2063 vires,

231 2088 385 2160 αύτῷ
442 2086 851 2158 δυναμούμενος
898 2084 1211 2139 τελειὼσωο
1277 2083 1372 2137 τοῦ
1437 2084 1494 2137 δὲ
1550 2083 1817 2153 βασιλέως

232 2182 391 2253 ὑμῶν
427 2182 537 2235 οὐδ’
569 2182 762 2251 ἄκροις
793 2181 897 2234 ὠσὶ
941 2180 1350 2249 παραδέχομαι,
1392 2177 1549 2230 Ἐπεὶ
1576 2178 1631 2229 δὲ
1665 2176 1734 2228 τα
1756 2193 1817 2228 τε

227 2274 334 2342 τῆς
366 2274 551 2344 φωνῆς
589 2272 743 2342 αὐτῷ
782 2272 1121 2347 διεκόπτετο,
1174 2272 1271 2323 καὶ
1310 2272 1381 2325 τὰ
1412 2270 1509 2339 τῆς
1531 2270 1819 2338 δυνάμεως

228 2368 335 2437 ἢδη
384 2366 525 2419 κατὰ
555 2364 729 2436 βραχὺ
781 2363 1046 2427 διελύετο,
1074 2366 1102 2417 ὁ
1133 2362 1368 2426 θάνατός
1422 2380 1481 2414 τε
1514 2364 1637 2414 οσον
1666 2360 1819 2413 οὔπω

230 2460 443 2528 παρῆν,
469 2457 530 2510 τὸ
556 2457 712 2527 ὄμμα
746 2455 881 2524 ὑψοῦ
901 2456 1123 2525 διάρας,
1146 2455 1258 2507 καὶ
1286 2454 1387 2524 τὴν
1414 2454 1493 2516 είς
1527 2452 1663 2505 Θεὸν
1686 2455 1817 2518 ὁμου

232 2550 427 2617 λογίαν
458 2549 546 2602 διὰ
576 2551 673 2619 τῆς
710 2548 847 2618 πρὸς
880 2547 1043 2601 αὑτὸν
1096 2547 1444 2606 ἀνανεύσεως
1501 2545 1817 2613 ἀπαράτρε-

234 2659 371 2695 πτον
395 2639 593 2704 σώζειν
622 2640 1088 2710 βεϐαιωσάμενος,
1131 2641 1191 2691 ιν
1216 2641 1355 2709 αὐτῇ
1386 2641 1453 2709 τῇ
1484 2639 1592 2690 τῶν
1625 2636 1818 2690 δεινῶν

233 2730 503 2801 καρτερίᾳ
532 2731 630 2799 τὴν
656 2731 930 2802 ἀήττητον
965 2730 1180 2799 εκείνην
1210 2729 1391 2799 ψυχὴν
1431 2728 1511 2797 τῷ
1544 2728 1818 2795 ἀγωνοθέ-

233 2839 308 2897 τῃ
344 2823 463 2895 Θεῷ
492 2826 783 2895 παρέθετο.

308 3012 410 3065 ιε’.
440 3011 563 3064 Ἔτι
598 3011 656 3064 δὲ
704 3010 878 3081 θυμοῦ
935 3008 1189 3072 πνέοντες
1216 3012 1267 3062 οί
1311 3010 1503 3078 πικροὶ
1551 3010 1818 3064 κολασταὶ

238 3107 333 3157 καὶ
357 3104 549 3175 νεκρὸν
580 3105 681 3175 ήδη
701 3105 762 3157 τὸ
793 3104 951 3174 σῶμα
993 3102 1145 3172 νόμῳ
1168 3102 1247 3171 τῷ
1268 3102 1377 3155 τῶν
1410 3102 1667 3170 κοράκων
1694 3102 1817 3171 ῂκί-

236 3195 414 3261 ζοντο.
456 3172 930 3265 Εἶτα-ὠθήσαντες
962 3198 1056 3248 ἰπὶ
1114 3196 1360 3264 κεφαλὴν
1399 3197 1491 3247 καὶ
1536 3195 1675 3247 κατὰ
1715 3196 1816 3262 τὴν
1845 3172 1887 3228 C

238 3290 498 3343 πλατεῖαν
528 3290 605 3351 ὦς
634 3308 688 3343 τι
714 3290 828 3341 τῶν
867 3288 1114 3358 βεϐήλων
1142 3290 1192 3340 οἱ
1232 3288 1417 3357 μιαροὶ
1442 3286 1697 3357 ῥίψαντες
1721 3286 1822 3353 φύ-

236 3384 407 3445 λακας
434 3382 700 3449 ὲφιστῶσι
723 3382 817 3434 τοῦ
852 3382 986 3451 μηδὲ
1024 3382 1203 3449 ταφῆς
1261 3379 1367 3432 ὑπό
1398 3396 1495 3431 του
1529 3379 1639 3431 τῶν
1670 3378 1823 3447 φιλοο

236 3474 477 3544 χρίστων
506 3471 830 3543 ἀξιωθῆναι,
877 3472 1149 3541 δαιμόνων
1195 3470 1702 3541 ίσχυρὸτατονβὲος
1728 3474 1823 3523 ὲκ-

237 3567 425 3636 τρίψαι
463 3564 899 3636 φιλονεικοῦντες
949 3566 998 3616 οί
1028 3564 1253 3616 ἐκείνων
1302 3563 1455 3625 ϐντες
1486 3564 1825 3631 θεραπευταὶ

242 3659 667 3728 προθυμότατοι.
700 3658 859 3727 Τρισὶ
890 3658 947 3709 δὲ
982 3654 1209 3725 ὕστερον
1248 3658 1485 3725 ἡμέραις
1510 3658 1617 3709 τῶν
1650 3659 1821 3726 φυλά-

238 3769 349 3803 κων
380 3749 792 3819 ἀσχολουμένων
840 3750 933 3804 tu).
966 3752 1029 3819 τῇ
1085 3750 1358 3818 παρουσία
1402 3750 1502 3818 τῆς
1555 3750 1823 3819 θυγατρὸς

236 3844 331 3897 τού
351 3844 459 3897 τῶν
484 3845 787 3915 Ἀρμενίων
814 3845 958 3912 φημὶ
979 3842 1262 3912 βασιλέως,
1289 3844 1411 3911 ἥτις
1440 3844 1661 3912 είρήνης
1686 3844 1824 3913 ὅμη-

242 3954 334 4007 ρον
391 3938 469 4007 τῷ
498 3937 600 4000 τῆς
642 3937 900 4006 Περσίδος
950 3937 1069 3988 τότε
1113 3936 1455 4005 βασιλεύοντι
1484 3937 1816 4005 Μρεσχέθη,

243 4030 390 4098 παρὰ.
421 4028 761 4097 Χριστιανῶν
813 4026 1125 4091 κλέπτεται,
1162 4026 1439 4095 θησαυρές
1472 4025 1642 4088 ὅντως
1674 4027 1822 4079 οὐδέ-

239 4138 369 4175 ποτε
397 4120 809 4189 δαπανώμενος.

308 4210 426 4278 ις’.
453 4210 643 4273 Οὕτως
680 4207 773 4263 οὗν
806 4208 903 4262 τοῦ
952 4208 1225 4279 μακαρίου
1274 4208 1549 4279 Ἀκεψμᾶ
1586 4208 1819 4278 δεκάτην

237 4306 460 4371 ἄγοντος
486 4302 581 4356 τοῦ
619 4302 956 4372 Ὀκτωϐρίου
989 4302 1191 4372 τρόπον
1218 4301 1279 4354 ὃν
1304 4303 1523 4370 είρηται
1547 4302 1606 4353 τὸ
1644 4302 1819 4371 πέρας

1921 2084 2111 2134 contra
2144 2081 2457 2136 clamabat:
2509 2084 2623 2152 Ego
2661 2086 2752 2138 Dei
2790 2086 2894 2139 mei
2948 2088 3311 2153 voluntatem,
3364 2090 3499 2143 viri-

1920 2171 2024 2224 bus
2052 2171 2121 2224 ab
2149 2187 2217 2225 eo
2244 2172 2508 2240 acceptis,
2536 2189 2832 2243 exsequar,
2902 2178 3075 2230 vestri
3136 2188 3319 2234 autem
3354 2182 3499 2251 regis

1922 2264 2257 2318 voluntatem
2291 2282 2361 2319 ne
2406 2268 2639 2321 summis
2688 2269 2913 2336 quidem
2971 2272 3199 2326 auribus
3258 2274 3497 2341 accipio.

1919 2354 2054 2409 Cum
2086 2366 2268 2409 autem
2302 2366 2357 2409 et
2401 2374 2502 2410 vox
2557 2360 2608 2412 ei
2670 2360 3188 2431 interrumperetur,
3248 2374 3305 2419 et
3354 2367 3502 2421 vires

1917 2448 2027 2518 jam
2051 2449 2319 2517 paulatim
2344 2449 2804 2515 dissolverentur,
2843 2461 2898 2505 et
2952 2470 3100 2508 mors
3128 2456 3351 2524 jamjam
3407 2456 3505 2510 ad-

1921 2546 2091 2601 esset,
2149 2540 2325 2594 oculis
2378 2542 2434 2594 in
2476 2544 2675 2595 caelum
2740 2545 2993 2607 sublatis,
3051 2562 3176 2600 cum
3211 2549 3266 2603 in
3329 2550 3502 2604 Deum

1923 2631 2325 2687 confessionem
2356 2650 2687 2688 conservare
2720 2635 2932 2689 ﬁrmam
2960 2646 3015 2690 et
3042 2638 3379 2695 immobilem
3409 2658 3506 2696 an-

1923 2724 2146 2778 nuendo
2180 2734 2569 2789 asseverassel,
2634 2727 2688 2781 in
2753 2728 2869 2796 ipsa
2925 2745 3110 2784 rerum
3162 2733 3409 2799 gravium
3449 2744 3505 2788 et

1923 2815 2227 2871 diﬂieilium
2259 2819 2577 2877 tolerantia.
2618 2820 2883 2874 invictam
2928 2822 3077 2875 illam
3106 2824 3346 2879 animam
3386 2835 3504 2880 tra-

1923 2910 2067 2964 didit
2106 2912 2221 2965 Deo
2262 2914 2628 2981 agonothetm.

1990 2990 2111 3059 XV.
2139 3004 2334 3058 Adhuc
2360 3016 2545 3059 autem
2580 3008 2717 3061 iram
2753 3010 3028 3077 spirantes
3058 3012 3241 3067 acerbi
3276 3014 3353 3068 illi
3389 3024 3505 3070 tor-

1929 3101 2099 3157 tores,
2150 3094 2205 3148 in
2240 3111 2442 3164 corpus
2470 3098 2577 3166 jam
2641 3112 2918 3154 mortuum
2985 3104 3283 3158 seviebant
3333 3106 3506 3160 instar

1922 3198 2236 3239 corvorum.
2288 3186 2497 3240 Deinde
2549 3204 2673 3241 cum
2735 3192 3073 3261 praecipitem
3129 3193 3506 3263 impulissent,

1920 3282 1975 3326 et
2009 3274 2064 3326 in
2090 3277 2321 3343 plateam
2354 3288 2610 3346 tanquam
2644 3282 2935 3347 profanum
2987 3284 3197 3353 aliquid
3249 3288 3507 3342 scelerati

1925 3365 2305 3433 projecissent.
2337 3367 2601 3422 adhibent
2629 3373 2909 3433 custodes.
2944 3383 3002 3427 ut
3033 3391 3102 3429 ne
3157 3379 3505 3446 sepulturam

1924 3456 2149 3524 quidem
2204 3474 2641 3529 consequeretur
2674 3464 2743 3517 ab
2806 3466 2919 3519 ullo
2957 3482 3024 3520 ex
3054 3467 3261 3523 Christi
3312 3484 3505 3525 aman-

1930 3549 2097 3611 tibus,
2136 3551 2433 3604 maxitnum
2467 3562 2672 3607 metum
2712 3555 3028 3611 daemonum
3062 3559 3341 3628 depellere
3373 3577 3507 3617 con-

1928 3640 2236 3702 tendentes,
2263 3642 2355 3710 qui
2384 3658 2569 3697 revera
2596 3657 2755 3699 erant
2777 3647 2995 3701 illorum
3039 3651 3283 3707 cultores
3320 3644 3506 3722 prom-

1924 3732 2186 3800 ptissimi.
2248 3734 2450 3787 Tribus
2502 3747 2684 3789 autem
2713 3736 2906 3794 diebus
2966 3750 3153 3809 postea
3221 3745 3505 3813 occupatis

1924 3825 2247 3880 custodibus
2280 3839 2506 3895 propter
2540 3829 2837 3886 adventum
2882 3833 3007 3889 ﬁliae
3043 3835 3189 3905 regis
3212 3836 3505 3891 Armenio-

1925 3934 2072 3982 rum,
2104 3935 2226 3988 quae
2260 3930 2319 3973 ut
2340 3930 2487 3975 esset
2516 3924 2679 3978 obses
2719 3928 2894 3993 pacis,
2935 3935 3065 3981 tunc
3095 3928 3218 3982 data
3253 3930 3358 3985 fuit
3386 3932 3504 4001 regi

1922 4010 2232 4075 Persarum,
2271 4013 2568 4078 surripitur
2596 4031 2624 4067 a
2654 4015 2987 4073 Christianis
3034 4034 3224 4074 revera
3281 4022 3505 4076 thesau-

1899 4101 2038 4163 'rus,
2083 4103 2175 4169 qui
2209 4119 2491 4171 nunquam
2520 4108 2895 4160 consumitur.

1984 4192 2124 4246 XVI.
2155 4193 2290 4247 Cum
2325 4196 2404 4248 sic
2428 4212 2561 4265 ergo
2600 4196 2661 4251 Β.
2701 4198 3024 4267 Acepsimas
3073 4202 3289 4261 decimo
3332 4205 3501 4262 Octo-

1918 4284 2035 4339 bris
2069 4300 2135 4340 eo
2157 4287 2342 4349 modo,
2379 4303 2490 4354 quo
2520 4284 2730 4344 dietum
2766 4302 2869 4357 est,
2910 4292 3072 4347 tinem
3104 4299 3228 4349 vitae
3259 4300 3503 4367 accepis-

236 4368 335 4466 τῆς
370 4397 513 4466 ζωῆς
551 4368 867 4463 δεξαμένου,
908 4398 950 4447 ό·
975 4368 1270 4464 ἱερώτατος
1326 4368 1523 4461 Ἰωσὴφ
1572 4393 1692 4461 μετ’
1848 4438 1893 4494 D

1848 4438 1893 4494 ὓ
1922 4386 2025 4437 set.
2058 4368 2439 4431 sanctissimus
2458 4379 2656 4449 Joseph
2686 4394 2809 4449 post
2833 4399 2961 4437 eum
2988 4384 3095 4438 fuit
3127 4386 3498 4444 introductus.

1937 4468 2005 4494 ΛΔ
2042 4484 2201 4494 -..Α-
2236 4486 2291 4494 ,Α
2334 4474 2561 4494 -..Α-ε---
2604 4472 2702 4494 -.1-
2744 4490 2828 4494 ,μγ
2857 4493 2864 4494 ,
2971 4480 2983 4492 ο
3052 4480 3065 4494 ι
3300 4483 3319 4494 ρ

234 4492 329 4545 τδν
359 4491 629 4560 εἰσήγετο,
658 4483 702 4555 ᾧ
728 4490 1016 4563 προσσχὼν
1044 4490 1073 4540 ό
1111 4486 1333 4557 βέϐηλος
1366 4487 1646 4555 δικαστὴς,
1682 4486 1817 4538 Ἐὠ-
1850 4468 1893 4494 ν

1850 4468 1893 4494 ν
1926 4468 2006 4521 Ad
2038 4484 2203 4537 quem
2235 4486 2292 4524 se
2334 4474 2564 4541 prepius
2602 4472 2906 4531 admovens
2964 4480 3136 4550 judex
3192 4483 3499 4551 profanus:

236 4598 432 4653 ρακας,
457 4577 601 4645 εἶπε,
631 4580 719 4632 τὸν
743 4582 955 4648 ἑταῖρον
974 4579 1065 4631 τὸν
1098 4579 1188 4631 σὺν
1224 4578 1325 4646 οἴῳ
1349 4576 1530 4646 πικρῷ
1552 4578 1694 4631 τέλει
1720 4577 1813 4629 τού

236 4675 337 4745 ζῇν
356 4674 668 4743 ἀπηλλάγη.
713 4674 821 4726 Kal.
853 4674 914 4724 σὺ
945 4671 1146 4734 τοίνυν,
1178 4671 1226 4721 εί
1256 4670 1331 4740 μὴ
1384 4672 1493 4731 τοις
1540 4670 1693 4736 ιμοῖς
1728 4668 1815 4720 λό-

235 4781 350 4833 γοις
392 4762 642 4831 πεισθῇς,
674 4764 793 4824 ταῖς
827 4761 1043 4830 ὁμοίαις
1078 4759 1406 4830 ὑποϐληθείς
1442 4760 1693 4812 κολάσεσι
1725 4760 1814 4813 τὸν

234 4857 398 4910 αὐτὸν
456 4856 649 4925 ἰκτίνῳ
688 4854 918 4909 θάνατον
964 4854 1262 4923 ύποστῆσῃ.
1336 4852 1397 4905 '0
1450 4852 1504 4905 δὲ
1552 4851 1645 4905 τοῦ
1677 4851 1812 4904 Θεοῦ

237 4950 382 5013 θεῖος
414 4950 619 5018 ἱερεὺς,
642 4950 706 5001 ⁸0
734 4951 831 5003 καὶ
856 4946 1143 5016 πρότερον,
1173 4947 1273 5014 ἔφη
1296 4985 1310 5008 ,
1335 4945 1414 5013 τῷ
1442 4944 1548 5014 πρὸ
1580 4945 1675 4997 σού
1701 4946 1839 5014 κρί-Δ

236 5060 327 5096 ναι
366 5042 585 5111 λαχόντι
621 5042 689 5094 τὰ
726 5041 966 5109 ἡμέτερα
1015 5041 1241 5108 είρηκα,
1265 5037 1427 5091 τοῦτο
1458 5041 1552 5091 καὶ
1585 5038 1721 5107 πρὸς
1754 5037 1813 5089 σε
1841 5027 1850 5037 ”

235 5135 333 5189 νῦν
357 5135 485 5205 ἐρῶ,
513 5133 588 5197 ὡς
624 5131 825 5186 olims:
888 5131 1094 5200 κτίσμα
1141 5133 1553 5199 προτιμήσομαι
1577 5130 1671 5181 τού
1705 5132 1813 5198 Δη-

239 5224 526 5296 μιουργοῦ,
586 5224 706 5277 οὐδὲ
741 5222 1108 5293 προσκυνήσω
1151 5221 1324 5273 κτίσει
1378 5220 1529 5290 παρὰ
1567 5218 1659 5271 τὸν
1692 5220 1811 5271 κτί-

239 5335 409 5373 σαντα
576 5317 639 5386 δὴ
670 5316 762 5370 τοῦ
802 5314 933 5385 ἐμοῦ
961 5314 1149 5385 κύριός
1176 5316 1290 5383 είμι
1313 5312 1598 5383 λογισμοῦ.
1636 5311 1809 5383 nam

236 5410 375 5478 πρὸς
410 5408 585 5461 ταῦτα
609 5409 636 5459 ὁ
665 5407 848 5476 ἄρχων
886 5407 955 5475 τῇ
987 5404 1157 5476 λύσσῃ
1180 5406 1566 5471 καταληφθεὶς,
1592 5405 1807 5457 ἐκέλευ-

237 5517 299 5553 σε
320 5502 414 5554 καὶ
439 5500 597 5552 αὑτὸν
630 5500 827 5567 ὁμοίως
868 5496 946 5567 τῷ
1002 5497 1322 5567 προλαϐόντι
1348 5496 1663 5549 διατεθέντα
1689 5497 1811 5557 ταῖς

238 5591 440 5661 βοείαις
480 5590 856 5661 μαστίζεσθαι,
907 5574 1125 5659 κήρυκᾶ
1163 5606 1219 5641 τε
1270 5590 1585 5657 ιπιφωνεῖν,
1628 5588 1688 5639 τὸ
1714 5585 1807 5639 τοῦ

238 5684 503 5755 βασιλέως
557 5684 814 5736 ποιοῦντα
871 5680 1084 5751 θέλημα
1147 5680 1441 5745 σώζεσθαι.
1488 5680 1547 5733 '0
1594 5680 1671 5744 δὲ,
1715 5674 1809 5742 Εἷς

236 5778 385 5828 ἐστιν
417 5774 567 5839 Θεὸς,
596 5775 815 5838 ἀνεϐόα,
843 5778 937 5830 καὶ
970 5775 1110 5844 πλὴν
1133 5774 1298 5829 αὑτοῦ
1327 5773 1578 5844 οὐδαμῶς
1601 5773 1806 5843 ἕτερος,

234 5862 279 5936 ti.
309 5869 404 5922 καὶ
433 5867 616 5928 ζῶμεν
643 5872 736 5923 καὶ
756 5865 1052 5923 κινούμεθα
1074 5870 1165 5923 καὶ
1195 5867 1382 5933 ἔσμεν,
1409 5859 1454 5933 ᾧ
1482 5868 1577 5920 καὶ
1601 5865 1701 5932 τὴν
1728 5863 1815 5918 λο-

1918 4559 2136 4625 Vidisti,
2176 4563 2376 4631 inquit,
2420 4579 2584 4633 quam
2624 4568 2819 4621 acerba
2886 4580 3062 4625 morte
3105 4574 3315 4628 amicus
3373 4585 3502 4630 tuus

1919 4649 2023 4706 fuit
2055 4654 2165 4707 vita
2196 4657 2463 4723 privatus,
2501 4666 2556 4710 et
2610 4666 2663 4711 tu
2718 4672 2865 4713 nunc
2901 4675 3147 4730 quoque,
3206 4664 3311 4717 nisi
3361 4667 3497 4720 meis

1921 4745 2143 4798 monitis
2205 4761 2439 4815 pareas,
2509 4747 2781 4803 similibus
2849 4752 3132 4820 subjectus
3185 4757 3493 4823 suppliciis,

1919 4837 2166 4892 eamdem
2200 4854 2363 4907 quam
2399 4841 2757 4903 ille,tnortem
2783 4844 3017 4898 subibis.
3047 4847 3275 4902 Divinus
3310 4858 3491 4904 autem

1920 4929 2012 4983 Dei
2040 4930 2332 4985 sacerdos:
2374 4933 2555 4997 Quod,
2582 4936 2782 5003 inquit.
2829 4939 2981 5005 prius
3016 4938 3124 4991 dixi
3152 4940 3201 4993 ei
3231 4941 3317 4993 cui
3347 4942 3493 5010 judi-

1917 5021 2074 5075 csndi
2109 5037 2309 5077 munus
2340 5031 2466 5077 ante
2501 5035 2551 5078 te
2574 5026 2868 5095 obtigerat.
2910 5030 3015 5083 hoc
3074 5045 3221 5083 nunc
3270 5046 3491 5100 quoque

1917 5114 2015 5170 tibi
2040 5114 2243 5178 ditant,
2272 5116 2417 5184 quod
2452 5132 2735 5185 nunquam
2772 5122 3012 5173 creatori
3052 5121 3334 5189 praeferam
3372 5139 3485 5177 rem

1913 5218 2153 5262 creatam
2181 5225 2192 5260 :
2225 5224 2402 5276 neque
2430 5209 2504 5273 id,
2537 5210 2685 5279 quod
2721 5220 2803 5264 est
2857 5214 3164 5279 conditum,
3220 5215 3483 5281 a'dorabo,

1915 5302 2011 5356 sed
2067 5302 2429 5365 conditorem,
2493 5304 2735 5371 quandiu
2774 5303 2933 5359 fuero
2995 5322 3219 5375 compos
3253 5309 3479 5361 mentis.

1913 5393 2010 5449 His
2053 5396 2216 5451 dictis
2241 5437 2255 5461 ,
2298 5411 2499 5465 praeses
2528 5408 2817 5466 correptus
2847 5414 3041 5468 magno
3070 5400 3279 5464 furore,
3315 5403 3484 5471 jussit

1908 5504 2036 5543 eum
2063 5490 2316 5545 similiter
2353 5500 2637 5543 extensum
2671 5500 2836 5559 atque
2889 5492 3153 5560 priorem,
3209 5492 3479 5561 ﬂagellari

1912 5581 2078 5643 boum
2120 5580 2298 5635 nervis
2326 5618 2341 5643 ,
2381 5588 2433 5634 et
2470 5580 2773 5633 acclamare
2828 5594 3153 5647 praeconem,
3188 5595 3310 5633 eum
3364 5579 3483 5633 fore

1913 5675 2146 5739 salvum,
2193 5674 2237 5727 si
2305 5672 2448 5742 regis
2505 5682 2694 5741 pareat
2760 5672 3047 5726 voluntati.
3094 5672 3188 5725 Ille
3253 5682 3475 5725 autem:

1912 5766 2068 5825 Unus
2087 5774 2175 5821 est
2200 5764 2364 5828 Deus,
2393 5764 2754 5828 exclamabat,
2782 5774 2837 5817 et
2863 5773 3062 5834 praeter
3084 5766 3259 5827 ipsum
3294 5762 3479 5815 nullus

1917 5861 2081 5929 alius,
2111 5859 2169 5917 in
2225 5872 2334 5929 quo
2366 5866 2420 5913 et
2466 5858 2703 5915 vivimus
2750 5867 2805 5914 et
2855 5872 3139 5913 movemur
3166 5866 3217 5913 et
3267 5870 3476 5923 sumus,
