4242 6442
734 394 835 457 δια

1946 397 2324 461 ᾹΒΒΕΝΒΑ.
2368 423 2436 439 --
2460 401 2789 465 APRILIS.

3902 406 4018 475 863

736 508 830 565 tui
864 504 1028 562 etiam
1053 507 1261 561 cultum
1285 506 1573 562 oll'erlmus
1609 508 1958 576 rationalem,
1989 512 2136 583 regia
2157 513 2309 584 jussa
2339 523 2384 578 Α

2415 519 2578 589 γικὴν
2619 520 2876 594 λατρείαν
2917 521 3290 596 προσάγομεν,
3326 525 3534 599 βραχέα
3567 526 3676 581 τῶν
3705 525 4016 597 βασιλικῶν

737 614 933 670 parum
965 606 1246 654 curantes.
1288 597 1425 653 Cum
1459 615 1587 655 vero
1622 601 1824 658 multas
1852 601 2018 658 horas
2051 605 2309 659 verbera-

739 700 847 758 tus,
892 691 1004 747 fere
1023 692 1135 762 jam
1175 699 1322 746 esset
1351 700 1528 747 morte
1579 692 1836 758 allectus,
1888 694 2148 750 arbitrati
2182 710 2309 749 eum

735 798 858 838 esse
901 791 1217 844 mortuum,
1271 783 1652 850 sustulerunt,
1698 794 1756 840 et
1795 785 1850 840 in
1900 785 2079 840 forum
2124 785 2310 854 proje-

739 883 959 931 cerunt.
1015 874 1225 932 Deinde
1283 891 1409 930 cum
1473 877 1824 932 rescivissent
1874 877 2088 946 aliquas
2143 875 2310 946 spiri-

2409 612 2790 680 φροντίζοντες
2815 617 3278 688 προσταγμάτων.
3316 617 3409 681 Ὠς
3425 619 3483 674 δὲ
3511 622 3607 676 ιπὶ
3635 620 3858 684 πολλαῖς
3879 623 4012 683 ταῖς

2410 702 2584 772 ὥραις
2615 706 2952 776 τυπτόμενος
2983 709 3173 781 σχεδὸν
3197 711 3302 783 ήδη
3337 714 3436 767 καὶ
3466 712 3798 782 νενέκρωτο,
3835 711 4007 780 νομί.

2413 811 2604 859 σαντες
2634 797 2798 852 αὑτὸν
2829 798 3084 854 τεθνάναι
3115 802 3209 857 ιπὶ
3252 801 3354 872 τῆς
3388 791 3599 875 ἀγορᾶς
3647 803 3880 876 ἄραντες
3906 801 4007 873 ερ-

2416 887 2598 958 ῥιψαν.
2630 886 2766 945 Εἶτα
2799 891 3063 961 μαθόντες
3085 893 3166 948 ιτι
3198 892 3458 964 λείψανον
3483 913 3539 949 τι
3567 895 3881 966 πνεύματος
3902 895 4009 950 αὖ·

737 978 831 1025 tus
862 968 1123 1040 reliquias
1164 967 1346 1024 adhuc
1395 970 1450 1024 in
1499 984 1567 1025 eo
1614 985 1837 1026 manere
1864 1010 1879 1035 ,
1933 967 2224 1025 includunt
2257 968 2313 1024 in

2416 981 2491 1054 τῷ
2519 986 2884 1054 παραμένειν,
2918 987 3013 1042 ἐπὶ
3028 988 3130 1059 τήν
3156 989 3382 1061 είρκτὴν
3408 990 3822 1046 κατακλείουσι.

738 1073 982 1115 carcere.

813 1149 974 1209 XVII.
1007 1153 1140 1210 Post
1165 1169 1291 1210 eum
1336 1161 1520 1210 autem
1558 1157 1753 1212 tertius
1804 1155 1908 1212 fuit
1960 1157 2314 1213 introductus

2484 1162 2583 1218 IZ'.
2608 1164 2764 1218 Μετά
2783 1165 2840 1220 δι
2867 1166 3060 1221 τοῦτον
3086 1167 3271 1236 τρίτος
3312 1168 3600 1234 ’Δειθαλᾶς
3629 1170 3657 1223 6
3679 1171 3845 1240 σοφὸς
3884 1169 4010 1223 είσο

735 1245 956 1316 sapiens
990 1245 1278 1304 IEithalas.
1318 1245 1421 1302 Cui
1471 1247 1641 1320 judex
1679 1265 1692 1301 :
1751 1249 1874 1304 Vita
1901 1288 1917 1313 ,
1977 1251 2198 1321 inquit,
2257 1261 2314 1307 et

2415 1254 2604 1324 ήγετο,
2635 1257 2771 1327 πρὸς
2792 1255 2852 1310 δν
2881 1259 2912 1310 6
2939 1257 3197 1326 δικάζων,
3213 1261 3324 1316 Καὶ
3350 1259 3520 1330 ζωῆς,
3549 1262 3680 1333 ἔφη,
3708 1264 3805 1315 καὶ
3837 1259 4012 1313 θανά-

735 1347 910 1396 morte
942 1343 1241 1412 propositis
1277 1351 1404 1398 ante
1461 1351 1582 1397 tuos
1635 1341 1848 1409 oculos,
1912 1343 2198 1414 gloriaque
2247 1354 2306 1400 et

2411 1363 2506 1400 του
2556 1349 2934 1420 προκειμένων
2981 1352 3041 1405 ιν
3093 1352 3395 1424 ὀφθαλμοῖς
3428 1372 3552 1419 σου,
3585 1355 3744 1426 δόξης
3789 1373 3850 1409 τε
3911 1358 4012 1410 καὶ

733 1431 1056 1503 ignominia,
1085 1447 1155 1488 ne
1183 1432 1354 1504 eligas
1375 1432 1642 1497 deterius,
1683 1433 1877 1488 relicto
1910 1435 2163 1501 meliori;
2195 1449 2298 1489 nec

2410 1440 2650 1509 ἀτιμίας,
2684 1443 2761 1513 μὴ
2789 1444 2848 1497 τδ
2873 1447 3054 1518 χεῖρον
3101 1445 3222 1520 ιλῃ,
3268 1447 3338 1519 τὸ,
3362 1450 3612 1519 κρεῖττον
3659 1449 4009 1510 καταλιπὼν,

733 1523 982 1578 eamdem
1037 1523 1190 1579 ineas
1238 1525 1407 1591 viam,
1460 1541 1623 1597 quam
1652 1525 1689 1580 ii
1724 1527 1820 1595 qui
1877 1539 2304 1597 precesserunt,

2410 1531 2545 1602 μηδὲ
2576 1531 2747 1603 αὐτὴν
2777 1532 2998 1604 βαδίσαι
3023 1538 3138 1601 τοῖς
3167 1538 3555 1608 προλαϐοῦσιν,
3587 1542 3637 1595 οι
3666 1541 3767 1608 τῆς
3792 1541 4008 1596 ἑαυτῶν

733 1615 825 1686 qui
851 1630 948 1669 sua
981 1614 1214 1669 stultitia
1265 1615 1492 1686 dignum
1526 1617 1651 1672 vita:
1706 1618 1913 1672 exitum
1951 1625 2305 1688 acceperunt.

2410 1623 2725 1695 ἀφροσύνης
2756 1625 2908 1691 ἀξιον
2955 1629 3344 1700 ἀπηνέγκαντο
3405 1635 3503 1686 καὶ
3538 1633 3599 1686 τὸ
3624 1634 3794 1698 τέλος.
3829 1634 3904 1687 Σὺ
3949 1634 4008 1688 δέ

740 1698 815 1754 [ιι
848 1709 1032 1755 autem
1058 1715 1240 1756 meum
1269 1716 1508 1772 sequens
1560 1704 1875 1771 consilium,
1931 1715 1990 1761 et
2044 1706 2310 1761 maximos

2410 1716 2547 1770 ἀλλά
2577 1720 2642 1789 τῇ
2681 1719 2791 1790 ιμῇ
2833 1698 3154 1790 πειθόμενος
3187 1723 3493 1797 συμϐουλῇ,
3525 1726 3700 1796 τιμῶν
3728 1743 3787 1780 τε
3845 1730 4009 1797 μεγί-

734 1801 976 1848 honores
1002 1783 1384 1863 consequeris,
1416 1803 1472 1850 et
1509 1811 1736 1851 munera
1771 1813 1800 1851 a
1853 1813 1982 1869 rege
2036 1799 2301 1868 accipies.

734 1883 829 1939 Sin
877 1884 1080 1951 minus,
1125 1899 1254 1940 cum
1318 1884 1416 1940 tibi
1455 1901 1620 1942 causa
1677 1886 1852 1944 fueris
1911 1888 2310 1960 suppliciorum
2341 1871 2384 1928 Β

735 1976 1270 2042 innumerabilium,
1319 1979 1581 2034 omnibus
1632 1995 1853 2051 quoque
1908 1981 2309 2053 iucundissima

734 2079 856 2126 luce
888 2084 984 2140 per
1017 2072 1128 2125 vim
1153 2071 1481 2142 privaberis.
1508 2072 1738 2130 Divinus
1786 2079 1972 2130 autem
1998 2072 2266 2131 Eithalas
2291 2087 2307 2130 :

737 2158 839 2222 lle,
895 2159 1093 2229 inquit,
1146 2160 1382 2231 puderet
1428 2161 1554 2217 coeli
1605 2171 1663 2217 et
1721 2172 1904 2230 terra,
1933 2164 2008 2230 si,
2047 2181 2172 2222 cum
2204 2165 2313 2222 mei

735 2251 920 2318 amici,
943 2252 1035 2323 qui
1072 2253 1548 2323 etpremebantur
1575 2263 1882 2322 senectute,
1908 2264 1965 2312 et
1990 2265 2154 2313 etate
2182 2272 2315 2330 pro-

737 2353 1033 2410 cesserant,
1069 2343 1373 2402 fortissime
1426 2344 1854 2413 decertaverint,
1903 2350 2022 2418 Ipse
2075 2357 2133 2404 et
2181 2348 2311 2406 vitae

738 2433 988 2504 cupidus,
1023 2443 1079 2490 et
1104 2445 1381 2491 tormenta
1406 2437 1776 2493 extimescens
1809 2439 2188 2510 conspicerer,
2212 2441 2310 2511 qui

738 2540 855 2580 sum
878 2534 1038 2582 aetate
1058 2527 1352 2596 vegetiore.
1380 2527 1526 2591 Non,
1549 2544 1649 2598 per
1675 2529 1880 2586 Christi
1911 2531 2018 2586 mei
2053 2542 2309 2598 mortem,

739 2630 830 2670 ero
858 2615 985 2672 vita
1015 2615 1106 2672 hic
1137 2615 1358 2688 agenda:
1381 2617 1640 2688 cupidus.
1677 2618 1795 2675 Non
1829 2636 1930 2692 pro
1957 2621 2026 2678 iis
2054 2638 2176 2694 quae
2221 2623 2310 2677 vi-

744 2711 958 2778 lentur,
985 2711 1168 2776 bonis,
1212 2727 1323 2767 non
1348 2727 1450 2783 pro
1481 2714 1699 2784 asperis
1725 2713 1893 2770 rebus
1925 2715 2154 2786 prodam
2183 2717 2307 2789 pie-

742 2812 928 2859 tatem.
959 2803 1192 2874 Propter
1221 2803 1338 2859 hac
1377 2818 1571 2875 magna
1629 2805 1840 2861 exstitit
1891 2805 1974 2861 ira
2022 2808 2307 2879 praesidis:

743 2903 793 2950 et
830 2894 885 2948 in
921 2903 1172 2950 sanctum
1205 2894 1353 2950 illata
1376 2905 1507 2952 sunt
1530 2895 1765 2968 ﬂagella.
1793 2897 1894 2952 Ille
1918 2907 2100 2954 autem
2123 2899 2308 2972 ipsum

744 2983 1025 3040 sordidum
1070 3000 1262 3041 canem
1311 2987 1532 3042 vocavit
1583 2997 1639 3044 et
1685 2987 1964 3058 ignavum,
2012 2998 2104 3047 et:
2157 2992 2310 3060 Quo~

745 3077 929 3143 modo,
964 3077 1165 3147 inquit,
1205 3093 1364 3134 mens
1419 3065 1646 3141 tuaest
1673 3079 1890 3136 inﬁrma
1921 3089 1975 3137 et
2013 3083 2308 3147 imbecilla.

2419 1826 2562 1864 στων
2593 1810 2874 1886 ἀξιωθήσῃ
2935 1815 3028 1868 καὶ
3057 1814 3355 1885 βασιλικῶν
3404 1819 3535 1872 οῐων
3585 1819 3846 1889 ἀπιτεύξη
3888 1822 4009 1874 τῶν

2411 1901 2653 1975 δωρεῶν.
2690 1904 2757 1960 Ei
2796 1905 2842 1960 δ’
2860 1901 2976 1972 οὖν,
2997 1909 3210 1979 μυρίων
3241 1910 3457 1982 σεαυτῷ
3509 1912 3799 1982 γενόμενος
3828 1912 4008 1976 αττιος

2407 1995 2713 2066 τιμωριῶν,
2741 1995 2861 2051 εἶτα
2890 2001 3104 2055 καὶτοῦ
3146 2001 3397 2057 ποθεινοῦ
3434 2005 3569 2058 πᾶσι
3617 2005 3796 2074 φωτὸς
3828 2005 4006 2074 βιαιο·

2409 2102 2553 2140 τατα
2580 2087 2923 2162 στερηθήσῃ.
3001 2091 3060 2145 '0
3087 2093 3144 2146 δέ
3172 2109 3236 2162 γι
3275 2093 3418 2158 θεῖος
3458 2094 3763 2163 maenae,
3799 2098 4006 2166 Αἰσχυ-

2413 2178 2616 2249 ναίμην
2643 2178 2734 2247 ἀν,
2783 2180 2914 2252 ιφη,
2958 2182 3052 2238 τὸν
3102 2186 3332 2257 οὐρανὸν
3385 2191 3480 2243 καὶ
3502 2189 3601 2260 τὴν
3631 2188 3759 2258 γῆν,
3810 2191 3861 2242 εί
3889 2189 4002 2243 τῶν

2412 2270 2565 2340 ἀμῶν
2605 2271 2841 2344 ἑταίρων
2866 2277 2961 2330 καὶ
2980 2277 3129 2349 γήρᾳ
3156 2281 3505 2350 τρυχομένων
3534 2285 3628 2337 καὶ
3657 2282 3845 2354 ἡλικία
3867 2299 4005 2354 προ-

2411 2361 2764 2434 ϐεϐηκότων,
2821 2365 3018 2422 ιπειτα
3073 2370 3468 2441 καρτερώτατα
3532 2373 3999 2444 ὃιηγωνισμένων,

2410 2456 2574 2536 αὐτὸς
2605 2457 2887 2527 φιλοζωῶν
2932 2462 3029 2514 καὶ
3051 2461 3420 2534 ὑποπτήσσων
3453 2482 3547 2518 σου
3601 2465 3699 2528 τὰς
3725 2466 4004 2537 βασάνους

2408 2533 2632 2618 ὀφθείην
2678 2549 2778 2620 τὴν
2801 2549 3016 2620 ἡλικίαν
3042 2551 3183 2623 ιχων
3229 2533 3617 2627 ἀκμαιοτέραν.
3654 2533 3755 2621 Οὐ,
3802 2561 3880 2629 μὰ
3905 2559 4004 2612 τὸν

2411 2639 2506 2693 τοῦ
2537 2640 2672 2712 ιμοῦ
2704 2642 2942 2712 Χριστοῦ
2973 2642 3228 2712 θάνατον,
3263 2647 3326 2700 ού
3357 2649 3735 2719 φιλοψυχήσει),
3766 2652 3830 2705 ού
3859 2667 4001 2722 προ-

2418 2731 2576 2788 δώσω
2620 2733 2729 2788 τῶν
2757 2736 3060 2790 δοκούντων
3090 2738 3330 2808 ἀγαθῶν,
3363 2742 3423 2794 οὺ
3454 2742 3562 2795 τῶν
3588 2742 3842 2813 χαλεπῶν
3895 2745 4002 2813 τὴν

2419 2824 2721 2882 εὐσέϐειαν.
2753 2826 2939 2898 Θυμδς
2960 2830 3021 2883 τὸ
3053 2831 3147 2883 ἐπὶ
3168 2832 3375 2898 τούτοις
3396 2833 3564 2897 πολὺς
3590 2835 3679 2888 τοῦ
3712 2836 4000 2907 ἄρχοντος,

2424 2918 2709 2988 μαστίγων
2741 2920 3003 2990 ἀπιφοραὶ
3029 2923 3170 2976 κατά
3214 2924 3308 2978 τοῦ
3333 2926 3513 2992 ἀγίοιι.
3557 2927 3617 2980 '0
3654 2927 3710 2982 δι
3745 2930 3999 3000 ῥυπαρὸν

2418 3007 2584 3062 αὑτὸν
2604 3011 2865 3066 ἀπεκάλει
2896 3014 3034 3067 κύνα
3069 3015 3162 3068 καὶ
3192 3016 3390 3088 ἀγεννῆ
3423 3019 3542 3082 καὶ,
3575 3019 3789 3091 Ὠσπερ
3811 3021 3840 3072 6
3868 3021 4000 3086 νοῦς

2420 3101 2448 3154 6
2481 3101 2592 3168 σὸς,
2620 3103 2798 3172 ἔλεγε,
2831 3104 3030 3177 σαθρός
3068 3125 3127 3161 τε
3165 3113 3260 3164 καὶ
3289 3110 3540 3181 ἀσθενὴς,
3564 3111 3708 3165 οὕτω
3729 3113 3793 3184 δὴ
3821 3115 3914 3170 καὶ
3941 3117 3999 3168 αἱ

745 3181 814 3226 ita
847 3172 1010 3225 etlam
1052 3179 1364 3237 tormenta,
1422 3185 1544 3241 quas
1588 3181 1719 3227 sunt
1747 3171 2053 3229 infelicium
2111 3185 2169 3230 et
2216 3177 2313 3232 ab-
2342 3202 2384 3265 ο

2421 3191 2645 3261 βάσανοι
2678 3171 3050 3265 μορμολύκιια
3090 3197 3281 3268 ψυχῶν
3311 3171 3659 3256 ἀθλίωντείσὶ
3685 3171 4001 3257 καίταπει-

746 3263 1010 3333 iectarum
1067 3263 1379 3318 animarum
1426 3263 1711 3332 terricula,
1755 3279 1865 3320 non
1928 3281 2060 3321 vero
2087 3267 2315 3323 fortium
2358 3263 2384 3265 “

2418 3283 2547 3350 νῶν,
2571 3286 2687 3338 ἀλλ’
2711 3263 2810 3341 ούκ
2832 3289 3042 3360 ἀνδρῶν
3065 3263 3330 3359 γτνναίων
3358 3296 3455 3348 καὶ
3471 3293 3704 3365 Χριστοῦ
3725 3295 3873 3366 πόθῳ
3891 3297 3999 3360 τάς

749 3354 1018 3420 virorum,
1053 3368 1290 3424 quorum
1326 3353 1499 3410 animi
1530 3353 1804 3412 desiderio
1837 3354 2046 3412 Christi
2075 3367 2206 3414 sunt
2234 3359 2318 3412 in-

748 3443 1028 3500 ﬂammati.

814 3536 1009 3594 XVIII.
1034 3535 1130 3592 His
1156 3537 1331 3608 judex
1376 3538 1810 3610 obstupefactus,
1849 3541 1947 3612 qui
1986 3553 2106 3600 erat
2135 3552 2319 3602 mente

747 3640 939 3701 captus
960 3648 974 3684 :
997 3628 1139 3696 Quid
1159 3631 1284 3695 hoc,
1301 3629 1439 3684 dixit
1456 3630 1883 3696 confessoribus,
1900 3633 2003 3688 sibi
2021 3635 2157 3700 vult,
2172 3637 2316 3705 quod

749 3723 859 3788 isti,
890 3722 983 3793 qui
1009 3721 1270 3778 dicuntur
1303 3719 1624 3788 Christiani,
1650 3723 1813 3779 vitam
1840 3735 2169 3796 .prasentem
2216 3726 2318 3784 de-

748 3814 1071 3886 spicientes,
1107 3822 1341 3869 mortem
1380 3823 1670 3887 tantopere
1719 3817 1951 3873 sitiunt?
1983 3818 2066 3873 Illi
2094 3828 2316 3876 autem:

749 3905 1043 3972 Quoniam,
1096 3906 1277 3974 aiunt,
1322 3922 1356 3963 a
1405 3909 1656 3977 patribus
1698 3908 1933 3966 traditas
1971 3910 2322 3967 attendentes

749 3997 1052 4064 doctrinas,
1079 4002 1316 4054 credunt
1342 3998 1510 4054 alium
1544 4015 1668 4054 esse
1710 4000 2012 4069 mundum,
2062 4003 2319 4072 prasenti

749 4093 908 4158 longe
952 4089 1236 4144 meliorem
1273 4098 1329 4143 et
1357 4088 1856 4157 admirabiliorem,
1889 4101 2112 4162 propter
2152 4109 2318 4163 quem

750 4181 917 4236 vitam
935 4196 1156 4252 quoque
1175 4191 1502 4252 prcsenlem
1525 4183 1862 4254 despiciunt.
1878 4185 2108 4240 Interim
2131 4194 2313 4241 autem

749 4273 880 4328 dum
939 4274 1055 4329 haec
1103 4274 1446 4342 dicerentur,
1484 4283 1541 4329 et
1571 4277 1837 4346 temporis
1873 4276 2210 4345 prolixitate,
2260 4287 2319 4334 et

751 4365 822 4420 ab
851 4365 921 4420 iis
949 4366 1042 4435 qui
1074 4365 1253 4436 ipsum
1302 4366 1654 4436 torquebant,
1692 4367 2175 4426 vehementissima
2204 4371 2321 4441 pla.

748 4473 942 4526 garum
979 4458 1245 4525 illatione,
1297 4459 1550 4527 corporis
1594 4458 1838 4528 quidem,
1889 4462 2035 4531 quod
2084 4463 2320 4518 multum

750 4551 1151 4616 dccertaverat,
1227 4534 1671 4606 dissolvebantur
1729 4567 2050 4623 compages;
2127 4570 2384 4644 σει-ηοε-

2421 4534 2623 4631 σάρκες
2649 4563 2706 4616 δὲ
2733 4564 2985 4637 ξεόμεναι
3014 4534 3164 4641 αὐτῷ
3204 4534 3400 4644 nisi}:

2415 3369 2592 3442 ψυχὰς
2625 3374 3125 3449 εκπεπυρωμένων.

2489 3551 2592 3607 ιιιο.
2643 3554 2967 3625 Ἐκπλαγεὶς
3015 3561 3106 3614 ἰπὶ
3151 3563 3359 3628 τούτοις
3388 3567 3417 3619 6
3448 3567 3815 3639 φρενόληπτος
3837 3570 4000 3626 δικα-

2418 3643 2570 3714 στὴς,
2596 3645 2663 3700 Τί
2683 3647 2861 3715 τοῦτο,
2917 3652 3053 3724 πρὸς
3081 3655 3207 3718 τοὺς
3240 3660 3684 3729 συνεδριάζοντας
3711 3663 3840 3733 ἔφη,
3875 3665 3997 3728 πῶς

2418 3733 2471 3785 οῑ
2497 3733 2780 3807 λεγόμενοι
2812 3736 2958 3796 οὗτοι
2992 3743 3307 3814 Χριστιανοὶ
3356 3749 3458 3817 τῆς
3505 3751 3788 3821 παρούσης
3821 3770 3996 3809 κατα-

2419 3829 2742 3898 φρονοῦντες
2762 3831 2930 3902 ζωῆς,
2956 3835 3199 3901 ἐκτόπως
3215 3839 3359 3894 οὕτω
3385 3840 3583 3910 διψῶσι
3607 3847 3698 3899 τὸν
3723 3847 3997 3916 θάνατονς

2418 3916 2490 4010 οι,
2519 3917 2599 3984 δι,
2640 3917 2764 3973 Ὀτι
2792 3929 3316 3998 πατροπαραδότοις,
3350 3934 3581 4006 ἔφησαν,
3632 3941 4000 4010 προσέχοντες

2418 4007 2683 4078 διδαχαῖς,
2721 4011 2881 4068 ἀλλον
2911 4012 3049 4072 εἶναι
3077 4033 3285 4092 λοσμον
3316 4029 3652 4095 πιστεύουσι,
3673 4007 3767 4085 τοῦ
3792 4007 4000 4105 παρόν-

2418 4115 2510 4162 τος
2566 4102 2706 4155 κατά
2762 4104 2898 4159 πολὺ
2938 4105 3133 4177 βελτίω
3173 4129 3232 4165 τε
3263 4117 3356 4168 καὶ⁵
3407 4102 3884 4192 θαυμασιώτερον,
3928 4119 3996 4179 οὗ

2417 4190 2598 4288 κλάριν-
2626 4193 2743 4288 και
2774 4197 2875 4288 τῆς
2903 4201 3185 4275 παρούσης
3213 4206 3526 4280 ὑπερορῶσι
3554 4213 3720 4282 ζωῆς.
3761 4190 3853 4269 λεν
3882 4217 3997 4288 sup

2416 4283 2472 4336 δε
2499 4283 2672 4338 ταῦτα
2703 4287 2920 4358 ἐλέγετο
2937 4295 3004 4363 τῇ
3036 4310 3094 4346 τε
3125 4296 3226 4366 τῆς
3247 4298 3398 4369 ὥρας
3425 4305 3731 4374 παρατάσει
3756 4307 3850 4360 καὶ
3871 4283 3997 4372 ταῖς

2415 4374 2525 4429 τῶν
2575 4379 2902 4444 αίκιζόντων
2947 4385 3110 4439 αὑτὸν
3160 4390 3552 4460 σφοδροτάταις
3598 4397 3892 4468 έπιφορατς
3935 4401 3998 4454 αι

2421 4469 2520 4539 μὲν
2552 4470 2642 4543 τοῦ
2679 4473 2981 4529 πολυάθλου
3021 4477 3270 4548 σώματος
3303 4483 3563 4554 ἁρμονίαι
3592 4487 3888 4556 διελύοντο,
3932 4495 3995 4546 αι

3454 4578 3592 4632 κατὰ
3620 4579 3725 4649 γῆς
3775 4584 3992 4654 ιρρεον.

752 4657 906 4706 νει-ο,
959 4656 1080 4712 quae
1131 4641 1542 4709 lacerabantur,
1602 4659 1727 4698 eum
1785 4646 1905 4716 ipso
1943 4650 2209 4718 sanguine
2261 4635 2384 4701 inD

2435 4650 2556 4707 Ἐπὶ
2596 4653 2769 4725 βραχὺ
2809 4635 2867 4711 δὲ
2896 4659 3084 4714 τοῦτον
3135 4635 3400 4735 dno-ﬁmi
3458 4635 3744 4736 κελεύσες,

754 4745 958 4786 terram
1021 4733 1358 4790 deﬂuebant.
1419 4735 1554 4790 Cum
1618 4751 1749 4792 eum
1812 4747 1996 4793 autem
2064 4739 2318 4811 iussisset

754 4839 951 4892 parum
977 4823 1213 4878 relaxari
1237 4825 1427 4895 judex,
1458 4834 1713 4895 tanquam
1744 4828 1864 4898 eius
1892 4840 2073 4884 motus
2102 4831 2318 4886 miseri-

751 4914 976 4969 cordia:
1034 4914 1092 4970 Si
1139 4917 1404 4983 volueris,
1464 4918 1663 4987 inquit.
1719 4921 2117 4991 parerejussui
2151 4921 2313 4992 regis,

753 5017 883 5061 sunt
917 5008 1065 5076 'apud
1096 5023 1198 5062 nos
1227 5008 1452 5072 medici,
1503 5011 1596 5079 qui
1631 5010 1806 5081 plagis
1844 5011 1951 5065 tuis
1979 5012 2088 5067 cito
2133 5015 2318 5068 mede-

753 5101 985 5154 bumur.
1056 5098 1158 5155 Cui
1228 5103 1416 5154 statim
1493 5111 1754 5156 sanctus:
1822 5100 1882 5156 Si
1943 5104 2060 5159 solo
2125 5105 2316 5170 verbo,

752 5189 957 5260 inquit,
991 5205 1185 5261 posses
1216 5192 1356 5247 meis
1427 5193 1635 5247 mederi
1672 5193 1864 5263 plagis,
1901 5209 1935 5248 ο
1984 5204 2060 5259 tu,
2115 5196 2208 5266 qui
2260 5212 2320 5251 es

755 5294 937 5339 mente
972 5292 1028 5337 et
1073 5284 1253 5338 anima
1285 5283 1528 5350 saucius,
1568 5300 1636 5339 ne
1673 5286 1754 5341 sic
1787 5287 2008 5356 quidem
2053 5289 2151 5343 tibi
2201 5290 2318 5342 ani-

753 5392 903 5431 mum
940 5377 1285 5443 adhiberem,
1313 5392 1437 5432 cum
1471 5393 1535 5433 ea
1559 5378 1813 5444 suadeas,
1846 5395 1968 5449 qua:
1997 5393 2124 5435 sunt
2161 5383 2319 5451 plane

750 5469 919 5524 stulta
971 5478 1027 5524 et
1078 5479 1285 5524 remota
1345 5468 1415 5523 ab
1468 5469 1852 5542 intelligentia.
1891 5471 2134 5528 Tentans
2181 5474 2315 5536 dixi.

755 5561 937 5630 inquit
967 5561 1135 5633 judex
1165 5578 1180 5618 :
1231 5577 1354 5616 nam
1391 5562 1607 5618 etiamsi
1641 5573 1696 5618 tu
1731 5564 1898 5620 velles
1922 5580 2114 5635 parere
2143 5569 2319 5637 jussui

752 5657 914 5724 reg‘s,
951 5655 1054 5709 hoc
1115 5655 1213 5710 tibi
1252 5655 1391 5710 nihil
1445 5656 1752 5726 prodesset,
1809 5672 1934 5710 cum
1987 5658 2154 5728 plagae
2208 5661 2317 5730 jam

751 5746 849 5799 tibi
900 5760 1130 5800 mortem
1186 5755 1506 5815 procurent.
1552 5744 1917 5812 Quamobrem
1954 5762 2054 5817 ego
2096 5751 2319 5819 quidem

750 5839 1005 5908 eiﬁciam,
1045 5848 1099 5895 ut
1131 5841 1206 5896 sis
1250 5840 1501 5904 exemplo
1545 5839 1799 5896 omnibus
1842 5839 2191 5911 Christianis,
2252 5859 2319 5902 nc

2416 4744 2565 4800 ιλιον
2603 4747 2770 4802 αὑτοῦ
2810 4750 2992 4806 λαϐὼν
3040 4754 3068 4806 6
3106 4755 3362 4824 δικάζων,
3381 4760 3521 4814 Ἀλλ’
3549 4764 3596 4815 εί
3648 4744 3990 4838 βουληθείης,

2415 4834 2547 4906 εφη,
2571 4839 2647 4909 τῷ
2675 4839 2940 4912 βασιλικῷ
2966 4845 3254 4915 πεισθῆναι
3281 4853 3684 4923 προστάγματι,
3713 4834 3822 4910 είσλ⁵
3855 4834 3992 4929 παρ’

2416 4930 2546 5000 ἡμῖν
2575 4933 2750 5002 ίατροὶ
2779 4934 2834 4987 οἴ
2863 4951 2954 4988 σου
3004 4937 3064 4990 τὺ
3095 4939 3256 5008 τάχος
3307 4942 3546 4997 ἰάσονται
3596 4947 3695 5011 τὰς
3745 4950 3987 5020 πληγάς.

2417 5022 2560 5112 Ῑξρδς
2589 5021 2650 5075 ὃν
2687 5025 2849 5088 εὐθὺς
2882 5030 2911 5080 6
2941 5029 3233 5099 μακάριος·
3268 5033 3330 5086 Εἰ
3369 5033 3514 5106 λόγῳ
3543 5037 3690 5110 μόνῳ
3715 5041 3816 5105 τάς
3845 5044 3991 5112 εμὰς

2417 5106 2564 5180 εἶχες
2614 5113 2796 5168 ίᾶσθαι
2833 5117 3068 5187 πληγάς,
3114 5113 3159 5173 ὦ
3186 5125 3497 5193 τραυματία
3528 5128 3594 5180 σὺ
3646 5106 3742 5182 καὶ
3785 5106 3991 5201 φρένας

2420 5208 2512 5258 καὶ
2542 5206 2637 5275 τὴν
2663 5207 2858 5279 ψυχὴν,
2888 5210 2996 5264 οὐδ’
3031 5211 3199 5276 οὕτως
3231 5214 3297 5268 ἀν
3337 5233 3418 5270 σοι
3453 5222 3752 5292 προσέσχον
3791 5227 3879 5294 ιφ*
3909 5223 3991 5290 οἷς

2417 5297 2618 5366 ἀνόητα
2639 5304 2944 5371 παραινεῖς.
2968 5305 3250 5375 Πειράζων
3265 5309 3660 5382 εἴρηκα,φησὶν
3685 5319 3710 5370 6
3729 5318 3988 5387 δικάζων,

2418 5391 2538 5444 ἐπεὶ
2568 5395 2661 5446 καὶ
2698 5392 2989 5464 θ;λήσαντί
3025 5414 3106 5450 σοι
3133 5400 3271 5470 τάχα
3297 5403 3375 5472 τῷ
3399 5404 3494 5457 τοῦ
3527 5408 3790 5475 βασιλέως
3844 5411 3986 5481 εἶξαι

2421 5482 2797 5551 προστάγματι
2820 5485 2978 5540 οὐδὲν
2999 5483 3066 5557 ἦν
3096 5494 3244 5561 παρὰ
3269 5494 3425 5548 τοῦτο
3447 5497 3603 5551 πλέον
3623 5500 3730 5554 τῶν
3760 5504 3988 5573 πληγῶν

2419 5571 2519 5643 ήδη
2560 5574 2649 5626 τὸν
2683 5574 2910 5630 θάνατόν
2967 5597 3049 5632 σοι
3105 5587 3554 5656 μνηστευομένων
3578 5605 3591 5619 ·
3620 5591 3742 5644 ὅθεν
3809 5571 3984 5663 ἔγωγε

2419 5664 2762 5733 Χριστιανοίς
2778 5671 2943 5722 πᾶσιν
2963 5671 3266 5745 ὑπόδειγμα
3285 5679 3535 5744 γενέσθαι
3560 5699 3616 5734 σε
3637 5691 3988 5752 παρασκευά-

2421 5773 2497 5846 σω
2551 5757 2641 5810 τοῦ
2696 5759 2769 5830 μὴ
2821 5762 2991 5846 ἀδεῶς
3051 5764 3193 5819 οὓτω
3223 5771 3338 5831 τοῖς
3390 5773 3530 5825 κατά
3570 5775 3675 5826 τῶν
3710 5778 3988 5846 ἀρχόντων

2421 5845 2608 5913 ὕϐρεσι
2646 5844 2902 5918 χρῆσθαι.
2949 5853 3087 5908 Ἀλλ’
3113 5859 3160 5911 εἰ
3192 5861 3285 5914 καὶ
3314 5863 3367 5914 ὲν
3397 5861 3598 5929 ἀλλοις,
3633 5866 3660 5919 6
3691 5844 3984 5930 ίερῶτατοε
