4242 6442
256 374 369 437 849

1123 376 1533 437 CERTAMEN
1575 378 1635 438 S.
1676 372 2075 435 ACEPSIMAS
2117 375 2211 433 ΕΤ
2256 374 2665 436 SOClOllUM.

3411 372 3514 431 850

260 488 495 558 μάρτυς,
524 491 788 544 ἀλλόκοτα
814 493 1073 555 πολλάκις
1102 495 1328 563 εἴρηκας
1378 494 1680 566 καὶψευδῆ,
1715 492 1832 553 νῦν,
1869 494 1910 546 Α

1941 500 2049 542 tam
2085 504 2279 542 secure
2320 489 2672 555 magistratus
2715 487 2953 540 alliciant
3004 485 3375 538 contumeliis.
3414 484 3519 536 Sed

258 580 389 649 εφη,
438 568 545 636 καὶ·
565 584 638 652 μὴ
691 581 1011 651 βουλόμενος
1070 586 1139 636 τὰ
1188 586 1365 654 ἀληθῆ
1413 574 1619 649 ἔλεξας,
1675 589 1769 638 καὶ
1810 585 1837 636 a

260 676 482 736 πάντως
543 677 642 726 οὑκ
697 677 775 736 είς
830 677 1048 745 μακρὰν
1100 680 1474 743 ἀποϐήσεται”
1538 680 1837 744 ὑπόδειγμα

259 766 373 834 γάρ
406 784 470 833 με
506 766 581 833 τῷ
622 766 733 819 διτι
764 768 965 833 ἀγαθὸν
1000 773 1089 822 καὶ
1120 772 1227 831 τοῖς
1264 770 1454 821 ἔπειτα
1490 772 1675 838 θήσεις
1706 788 1838 839 καρ-

260 857 450 920 τερίας
483 861 574 911 καὶ
607 859 1008 928 γενναιότητος,
1038 861 1086 911 οἳ
1122 861 1374 931 καθάπερ
1401 864 1479 923 εἰς
1526 862 1839 929 ἀρχέτυπόν

262 962 317 997 τι
342 947 439 1014 τὴν
490 948 760 1016 ἡμετέραν
787 950 1097 1019 ἀφορῶντες
1142 952 1439 1020 ὑπομονὴν,
1484 953 1681 1023 ῥαδίως
1739 952 1835 1006 σοῦ

262 1055 326 1091 τι
387 1043 480 1094 καὶ
540 1042 646 1093 τῶν
690 1042 889 1111 ὁμοίως
946 1046 1175 1113 ἑχόντων
1216 1045 1311 1107 τὰς
1366 1044 1629 1112 βασάνους
1664 1045 1837 1098 οἴσου-

262 1147 373 1183 σιν.

344 1222 443 1277 ΙΘ’.
486 1223 789 1293 Ἐκπληξις
820 1227 911 1281 ἐπὶ
934 1229 1044 1290 τοῖς
1072 1228 1281 1301 ῥηθεῖσι
1319 1245 1545 1297 κατεσχε
1571 1230 1662 1280 τὸν
1686 1229 1835 1281 δικα-

264 1316 420 1385 στὴν,
452 1321 543 1371 καὶ
584 1317 645 1385 δή
694 1335 815 1369 τινα
855 1320 962 1371 τῶν
996 1322 1119 1389 παρ’
1158 1321 1304 1389 αύτῴ
1345 1324 1484 1390 μέγα
1526 1322 1837 1391 δυναμένων

261 1406 773 1474 *προσκαλεσάμενος
816 1410 895 1478 (ὃς
948 1409 1166 1478 Ἀδέσχε
1208 1412 1307 1479 μὲν
1344 1412 1580 1478 ἐλέγετο,
1619 1414 1681 1463 ὲκ
1738 1413 1837 1463 πό-

264 1492 403 1554 λεως
442 1494 495 1545 δὲ
530 1496 755 1565 ῶρμητο
797 1498 994 1568 ’Ᾱρόὴλ
1034 1501 1425 1570 καλουμένης),
1463 1503 1695 1563 Τούτους
1741 1521 1842 1555 πα.-

268 1584 537 1654 ραλαδὼν,
563 1587 686 1656 ἔφη,
709 1590 842 1657 πρὸς
872 1590 967 1659 τὴν
1000 1592 1095 1661 σὴν
1124 1593 1299 1659 ἄπαγε
1326 1594 1479 1645 πόλιν
1504 1594 1845 1663 Χριστιανῶν

267 1680 425 1743 χερσὶ
454 1680 1059 1749 καταλευσθησομένους
1082 1699 1093 1711 ·
1144 1684 1300 1735 τοῦτο
1337 1684 1445 1751 γάρ
1479 1702 1566 1749 μοι
1608 1686 1668 1736 τὸ
1697 1684 1845 1735 δικα-

1939 580 1982 633 si
2037 582 2090 632 in
2144 578 2291 643 aliis,
2346 578 2528 645 inquit
2583 577 2968 631 sanctissimus
3043 584 3271 641 martyr.
3332 573 3517 627 dixisi:

1938 688 2080 739 Saepe
2122 672 2301 722 aliena
2338 679 2392 722 et
2433 670 2588 733 falsa,
2628 686 2793 729 nunc,
2842 671 3057 721 etiamsu
3101 670 3293 725 nolles,
3337 671 3521 719 dixisti

1938 780 2087 825 vera,
2122 772 2177 815 et
2209 762 2356 830 quod
2402 772 2485 814 est
2545 762 2771 813 omnino
2809 760 3126 827 propediem
3166 774 3512 811 eventurum.

1940 855 2020 907 Me
2053 855 2201 906 enim
2243 869 2433 907 revera
2471 854 2670 906 bonum
2708 854 2946 921 posteris
2968 851 3281 917 exemplum
3306 859 3520 923 statues

1938 946 2287 1018 fortitudinis
2334 954 2387 998 et
2430 946 2597 998 animi
2652 942 3065 1012 magnitudinis,
3120 942 3211 1009 qui
3263 950 3520 1007 tanquam

1936 1038 2003 1091 ad
2027 1037 2305 1105 exemplar
2330 1034 2572 1101 aliquod,
2606 1035 2670 1086 ad
2693 1045 2937 1087 nostram
2969 1033 3246 1085 intuentes
3277 1032 3521 1083 toleran-

1938 1137 2091 1193 t'iam,
2128 1130 2286 1183 facile
2331 1129 2511 1182 ferent
2562 1138 2655 1181 tua
2688 1138 2741 1179 et
2776 1130 2849 1179 tui
2900 1127 3003 1179 siin
3031 1126 3163 1177 lium
3228 1134 3520 1177 tormenta.

2011 1221 2289 1284 XlX.His,
2315 1238 2435 1287 qua:
2472 1223 2617 1275 dicta
2655 1228 2803 1277 sunt.
2843 1219 2945 1272 fuit
2980 1218 3400 1285 obstupefactus
3439 1218 3526 1281 ju—

1935 1315 2068 1375 dex;
2095 1324 2149 1365 et
2176 1315 2441 1366 accersito
2472 1314 2708 1380 quodam
2741 1328 2805 1364 ex
2838 1314 2923 1376 iis,
2946 1313 3037 1379 qui
3064 1312 3203 1378 apud
3234 1315 3359 1362 eum
3390 1310 3529 1359 mutu

1940 1417 2053 1460 tum
2089 1416 2375 1476 poterant,
2401 1409 2494 1474 qui
2553 1407 2842 1458 dicebatur
2888 1406 3111 1473 quidem
3144 1403 3389 1456 Adescbe
3418 1402 3525 1455 ior-

1941 1510 2029 1552 tus
2061 1511 2242 1553 autem
2276 1509 2395 1552 erat
2444 1515 2508 1553 ex
2560 1498 2802 1557 civitate,
2829 1514 2950 1565 qua:
2982 1498 3280 1551 vocabatur
3299 1495 3482 1560 Arbei)
3513 1512 3523 1545 :

1944 1592 2074 1655 Hos,
2129 1593 2326 1660 inquit,
2376 1591 2581 1657 accipe,
2629 1602 2685 1644 et
2736 1591 2841 1642 duc
2889 1591 2952 1641 ad
3010 1601 3154 1642 tuam
3219 1588 3524 1649 civitatem,

1942 1682 2387 1737 Christianorum
2425 1682 2679 1734 manibus
2717 1682 3033 1734 obruendos
3068 1681 3362 1747 lapidibus.
3395 1680 3527 1733 Volo

268 1768 489 1835 στήριον
512 1772 571 1820 τὸ
594 1771 682 1822 σὺν
711 1774 1165 1842 καταπράξασθαι
1187 1776 1467 1844 βούλομαι,
1487 1776 1552 1828 δι’
1572 1780 1635 1846 ὴν
1665 1778 1843 1829 αἰτίαν
1876 1763 1919 1820 Β

1948 1776 2093 1829 enim
2136 1784 2282 1828 tuam
2336 1775 2619 1828 solertiam
2665 1775 2770 1825 hoc
2825 1775 2953 1825 mihi
3005 1774 3239 1825 eﬂicere.
3295 1774 3527 1840 Propter

265 1856 389 1909 οὐδὲ
425 1859 512 1909 τὸν
539 1860 626 1910 διὰ
654 1861 840 1928 ξίφους
872 1864 1050 1914 αὐτῶν
1075 1867 1386 1931 ἐπενεγκεῖν
1416 1869 1655 1934 ἠθέλησα
1681 1868 1844 1919 θανα-

267 1964 382 2001 τον.
420 1951 739 2019 Παραντίκα
790 1955 917 2019 γοῦν
943 1956 1263 2025 ἀχθοφόροις
1300 1957 1457 2021 ζώοις
1499 1960 1685 2030 ῶσπερ
1726 1962 1845 2013 τινὰ

266 2042 378 2093 τῶν
412 2042 630 2112 ἀψύχων
669 2046 1027 2115 ἐπιφορτίσας
1058 2048 1251 2109 αὐτοὺς
1294 2052 1386 2101 καὶ
1416 2052 1840 2120 περιδεσμήσας,

269 2134 368 2204 τὴν
426 2138 517 2191 ἐπὶ
562 2137 659 2206 τὴν
713 2141 945 2209 πατρίδα
1000 2142 1203 2204 ἐκεῖνος
1238 2145 1546 2195 ἐστέλλετο·
1586 2147 1709 2197 ἐπεὶ
1766 2148 1840 2216 μὴ

269 2226 509 2289 δυνατῶς
538 2223 682 2297 εἶχον
713 2230 1049 2299 ὲγκαθῆσθαι
1089 2236 1199 2295 τοῖς
1233 2233 1408 2299 ζώοις,
1442 2238 1676 2305 ἐσχάτην
1705 2240 1839 2289 ύπο-

273 2316 502 2379 στάντες
534 2320 639 2371 τῶν
672 2322 847 2390 μελῶν
901 2324 1159 2391 πάρεσινο
1207 2328 1327 2379 ὅθεν
1354 2330 1673 2398 ἑρρίπτοντο
1702 2332 1842 2385 κατά

274 2408 377 2475 γῆς
412 2411 469 2461 ἐν
496 2405 576 2469 οἷς
603 2412 712 2463 ἔδει
746 2414 1037 2468 καταλύειν
1069 2419 1265 2482 αὐτοὺς
1290 2417 1377 2472 οἷα
1401 2439 1522 2473 τινα
1547 2423 1712 2490 νεκρά
1742 2426 1842 2475 σώ·

274 2513 442 2565 ματα.
478 2501 588 2551 Καὶ
624 2501 761 2569 δῆτα
822 2506 961 2558 κατά
991 2508 1089 2575 τὴν
1145 2508 1295 2561 πόλιν
1343 2512 1603 2580 ἀχθέντας
1644 2515 1845 2584 ’Λρδηλ

270 2591 650 2661 δεσμωτήριόν
688 2612 739 2647 τι
790 2596 1003 2667 δέχεται
1046 2601 1243 2663 αὐτοὺς
1275 2604 1510 2670 ζοφῶδες
1544 2608 1637 2658 καὶ
1669 2606 1844 2675 ἀλαμ-

274 2685 397 2747 πὲς,
424 2688 478 2737 ὲν
503 2682 545 2753 ᾧ
573 2688 786 2757 σήψεως
820 2693 929 2745 τῶν
961 2696 1177 2763 σαρκῶν
1211 2698 1315 2751 ἀπὸ
1345 2698 1449 2749 τῶν
1494 2700 1716 2768 πληγῶν
1751 2700 1849 2751 αὐ-

275 2778 391 2857 τοῖς
421 2778 813 2851 ἐπιγενομένης
872 2783 1004 2853 ἰχώρ
1036 2802 1093 2837 τε
1119 2786 1280 2849 πολὺς
1314 2789 1570 2857 ἀπέρρει,
1605 2792 1699 2841 καὶ
1730 2790 1849 2842 ὀδύ-

280 2856 508 2922 ναυτῶν
536 2871 707 2937 ἁγίων
731 2873 1056 2942 δριμύταται
1083 2856 1456 2944 )ιαθικνοῦντο,
1489 2887 1582 2935 καὶ
1616 2883 1851 2951 μάλιστα

278 2958 358 3029 τῷ
399 2963 473 3031 μὴ
508 2965 753 3030 ὲφεῖσθαί
780 2985 878 3018 τινι
908 2967 1017 3020 τῶν
1049 2970 1388 3037 Χριστιανῶν
1420 2976 1492 3034 ὡς
1519 2976 1713 3037 αὐτοὺς
1745 2976 1853 3027 εισ-

1942 1884 2107 1937 quam
2138 1884 2358 1922 causam
2398 1884 2496 1921 nec
2529 1870 2609 1921 eis
2645 1868 2867 1935 quidem
2904 1867 3084 1935 gladio
3115 1868 3257 1918 volui
3296 1876 3524 1918 mortem

1942 1962 2156 2016 all‘erre.
2202 1962 2337 2014 Cum
2379 1976 2473 2014 eos
2500 1976 2627 2029 ergo
2662 1963 2932 2013 onerariis
2966 1962 3230 2029 jumentis
3268 1971 3523 2029 tanquam

1942 2052 2243 2106 inanimum
2301 2053 2504 2120 aliquid
2564 2053 2915 2119 imposuisset
2969 2062 3025 2105 et
3080 2053 3377 2118 alligasset.
3438 2052 3528 2104 ille

1943 2144 2222 2212 profectus
2269 2154 2350 2195 est
2399 2145 2450 2194 in
2506 2145 2762 2209 patriam,
2813 2144 3072 2209 quoniam
3123 2157 3229 2194 non
3276 2152 3530 2209 poterant

1942 2235 2185 2289 insidere
2230 2235 2532 2304 jumentis,
2604 2250 2726 2287 cum
2787 2245 2971 2285 essent
3025 2249 3217 2285 eorum
3280 2234 3526 2286 membra

1941 2331 2169 2382 omnino
2192 2328 2483 2381 dissoluta.
2514 2326 2883 2390 Quamobrem
2916 2326 3068 2378 humi
3098 2326 3448 2393 jacicbantur
3478 2328 3529 2377 in

1945 2419 2011 2471 iis
2040 2418 2197 2481 locis,
2247 2418 2300 2469 in
2344 2418 2547 2484 quibus
2595 2432 2688 2469 eos
2738 2416 3025 2483 oportebat
3082 2416 3373 2474 diversari.
3412 2425 3527 2467 tan-

1944 2525 2108 2577 quam
2143 2520 2359 2561 mortua
2394 2523 2649 2575 corpora.
2706 2508 2928 2560 Etcum
2978 2507 3199 2560 adducti
3252 2516 3439 2559 essent
3479 2508 3529 2557 in

1947 2604 2228 2658 civitatem
2274 2599 2461 2664 Arbcl,
2506 2615 2600 2653 eos
2652 2600 2854 2666 accipit
2904 2614 3094 2652 career
3157 2600 3430 2651 obscurus
3478 2607 3533 2649 et

1950 2695 2355 2754 tenebricosos,
2396 2695 2450 2746 in
2486 2708 2595 2761 quo
2630 2708 2753 2745 cum
2797 2692 3133 2759 putrefactio
3166 2694 3414 2743 carnium
3453 2692 3534 2743 eis

1948 2797 2013 2835 cx
2070 2783 2239 2851 plagis
2295 2790 2412 2833 orta
2478 2792 2645 2842 esset.
2684 2780 2941 2834 eﬂluebat
3002 2782 3170 2832 multa
3226 2780 3428 2839 sanies,
3483 2792 3535 2832 et

1950 2885 2167 2929 sanctos
2193 2874 2500 2943 gravissimi
2540 2874 2758 2926 dolores
2797 2874 3147 2929 invadebant.
3183 2883 3239 2924 et
3278 2874 3533 2931 maxime.

1959 2966 2106 3035 quod
2156 2982 2262 3018 non
2299 2965 2711 3033 permitteretur
2746 2964 2837 3016 ulli
2871 2979 2935 3015 ex
2968 2964 3298 3017 Christianis
3330 2965 3396 3015 ad
3442 2979 3537 3015 eos

280 3054 458 3108 ιλθεῖν
512 3058 603 3108 καὶ
658 3061 858 3126 μικρᾶς
920 3060 1049 3127 γοῦν
1098 3079 1240 3123 τινος
1302 3065 1619 3133 ἐπιμελείας
1654 3068 1920 3155 αύτοὺςϐ

1959 3056 2242 3117 accedere.
2265 3064 2321 3107 et
2365 3070 2555 3108 eorum
2591 3054 2758 3107 ullam
2792 3069 2984 3107 curam
3012 3070 3223 3123 gerere.
3276 3054 3534 3116 Quadam

280 3147 533 3209 ἀξιῶσαι.
590 3150 732 3221 Γυνὴ
775 3152 830 3204 δέ
861 3170 941 3214 τις
1004 3156 1229 3223 εὐσεϐὴς
1280 3161 1371 3210 καὶ
1420 3158 1725 3227 φοϐουμένη
1761 3162 1850 3212 τὸν

282 3238 492 3306 Κύριον
514 3243 570 3293 ἐν
598 3243 709 3304 τοῖς
731 3245 895 3313 όρίοις
945 3246 1043 3314 τῆς
1072 3248 1243 3314 αὐτῆς
1278 3250 1485 3311 πόλεως
1516 3252 1852 3319 παροικοῦσα

283 3330 427 3397 ἀωρὶ
462 3332 566 3383 τῶν
595 3334 801 3383 νυκτῶν
826 3336 1051 3400 ἀφίκετο
1083 3337 1214 3403 πρὸς
1237 3338 1297 3389 τὸ
1327 3340 1720 3410 δεσμωτήριον,
1760 3348 1851 3398 καὶ

283 3420 562 3488 χρήμασιν
600 3424 799 3485 ἱκανῶς
828 3427 950 3486 τοὺς
983 3428 1223 3495 φύλακας
1256 3429 1644 3498 θεραπεύσασα
1690 3452 1851 3487 κατε-

287 3511 531 3581 πράξατο
556 3516 721 3585 ἑαυτῇ
762 3518 819 3568 τὸ
844 3518 965 3579 τοὺς
996 3521 1180 3584 ἁγίους
1214 3522 1354 3573 οὕτω
1380 3498 1679 3593 λεληθότως
1719 3528 1850 3579 ἀνα-

283 3604 467 3655 λαϐεῖν
509 3606 762 3670 καὶπρὸς
792 3610 881 3659 τὶν
926 3611 1124 3676 ἑαυτῆς
1154 3610 1298 3663 οἶκον
1332 3614 1389 3663 οὐ
1451 3616 1671 3683 μακρὰν
1725 3618 1854 3669 ὄντα

282 3698 439 3765 χερσὶ
507 3698 614 3748 τῶν
667 3699 865 3767 ἑαυτῆς
916 3700 1259 3768 θεραπόντων
1326 3703 1855 3774 διαδασταζομένους

283 3788 534 3855 ἀγαγεῖν.
577 3788 707 3841 Εἶτα
760 3791 1022 3857 προθεῖσα
1074 3794 1293 3856 τούτους
1348 3797 1467 3847 οὐδὲ
1516 3799 1853 3864 φθέγξασθαι

280 3881 637 3948 δυναμένους,
660 3884 925 3951 ἑκμάσσει
979 3886 1074 3953 μὲν
1107 3887 1287 3947 αὐτοῖς
1315 3886 1405 3938 τὸν
1442 3889 1635 3956 ίχῶρα,
1671 3890 1854 3958 ἡπίοις

281 3972 341 4023 δὲ
372 3989 479 4025 τισι
512 3975 824 4043 φαρμάκοις
872 3978 1277 4045 παραμυθεῖται
1326 3979 1421 4041 τὰς
1462 3978 1780 4047 ἀλγηδόνας,
1804 3982 1858 4031 ὀ-

286 4063 482 4124 θονίοις
512 4065 868 4133 περιδεσμεῖ,
924 4068 1185 4133 καθαροῖς
1225 4072 1414 4139 μύροις
1460 4072 1599 4139 χρίει
1632 4073 1855 4125 πολυτε-

284 4156 421 4215 λέσι,
452 4154 547 4207 καὶ
570 4154 710 4208 οὕτω
729 4157 817 4209 διὰ
860 4159 1077 4211 πάντων
1111 4161 1171 4211 τὸ
1220 4160 1615 4227 θεραπευτικόν
1647 4180 1704 4215 τι
1763 4164 1856 4216 καὶ

282 4248 628 4315 φιλόχριστον
654 4249 1040 4313 ὶπιδείκνυται,
1070 4253 1439 4318 καταφιλοῦσα
1474 4254 1572 4322 μὲν
1610 4256 1677 4307 τὰ
1714 4272 1858 4323 μαρ-

283 4339 483 4407 τυρικὰ
530 4340 686 4407 μέλη,
725 4344 819 4394 καὶ
866 4341 1070 4404 τούτοις
1114 4345 1515 4412 ἑπιδακρύουσα
1546 4388 1559 4409 ,
1606 4346 1761 4415 ἰχῶρι
1798 4348 1853 4399 δὲ
1890 4372 1934 4428 D

282 4429 362 4498 τῷ
389 4430 445 4495 ιε
474 4431 650 4483 αὐτῶν
680 4432 1037 4497 ἀποστάζοντι
1068 4436 1263 4503 ἑαυτὴν
1294 4436 1685 4503 ὑπαλείφουσα.

361 4524 444 4575 K'.
485 4522 613 4590 Ὀψὲ
643 4523 698 4575 δὲ
733 4527 823 4577 καὶ
858 4527 1008 4594 μόλις
1034 4528 1335 4593 ἀνενεγκὼν
1369 4530 1395 4580 ό
1432 4530 1703 4597 μακάριος
1744 4532 1853 4585 Ἰω-

289 4613 422 4684 σὴφ,
462 4612 537 4665 Τδ
566 4616 664 4683 μὲν
696 4616 824 4684 περὶ
873 4617 1020 4685 ἡμᾶς
1059 4635 1149 4669 σου
1186 4620 1469 4687 συμπαθὲς
1519 4624 1610 4673 καὶ
1645 4623 1852 4691 φιλότι-

289 4722 411 4773 μον,
435 4698 481 4757 ὦ
512 4706 805 4775 ἱερώτατον
825 4750 839 4775 ,
866 4710 992 4777 ἔφη,
1026 4714 1267 4777 γύναιον,
1301 4715 1593 4767 ἀπόδεκτον
1623 4719 1713 4767 καὶ
1736 4716 1854 4785 Θεῷ

286 4798 383 4849 καὶ
420 4798 534 4861 τοίς
589 4798 726 4867 ὑπὲρ
776 4799 939 4852 αὑτοῦ
1002 4802 1253 4855 ἀθλοῦσιν
1304 4806 1467 4873 ἡμῖν·
1506 4807 1564 4857 τὸ
1590 4808 1644 4859 δὲ
1678 4809 1853 4872 οὓτως

286 4888 434 4955 ἡμᾶς
466 4889 718 4957 δακρύειν
772 4892 1024 4961 ἀμέτρως
1078 4894 1263 4963 πόρρω
1313 4897 1409 4961 τῆς
1453 4898 1715 4964 ἀψευδοῦς
1747 4902 1853 4952 τῶν

286 4980 631 5047 Χριστιανῶν
661 4984 870 5047 ἐλπίδος
906 4987 999 5037 καὶ
1032 4987 1129 5052 τῆς
1155 4988 1311 5055 ἡμῶν
1338 4990 1592 5051 πίστεως.
1628 4992 1767 5060 Πρὸς
1796 4994 1869 5045 ὂν·

284 5074 319 5140 ἡ
350 5074 649 5143 σεμνοτάτη
709 5077 1004 5141 γυναικῶνο
1070 5078 1224 5137 Ἐμοὶ
1290 5080 1386 5146 μὲν
1434 5082 1605 5149 χαρᾶς
1647 5083 1853 5151 ἡψυχὴ

284 5164 607 5233 πληροῦται,
644 5166 966 5237 λογιζομένη
1016 5170 1162 5231 ὅπως
1192 5171 1457 5233 τοσαύτην
1495 5173 1619 5239 ὑμῖν
1670 5174 1695 5225 ὁ
1726 5174 1853 5242 Χρι-

287 5254 413 5313 στὸς
456 5255 677 5325 ἐνέθηκε
712 5260 811 5326 τὴν
842 5258 1114 5326 ἀνδρείαν,
1147 5260 1286 5312 ὥστε
1325 5262 1457 5329 πρὸς
1516 5262 1851 5332 τηλικαύτην

280 5344 486 5398 ὀδυνῶν
516 5346 817 5418 δριμύτητα
844 5350 1305 5421 διακαρτερῆσαιτ
1328 5352 1497 5421 ἣσθην
1544 5354 1585 5405 δ’
1636 5356 1698 5406 ἂν
1730 5356 1851 5408 ἐπι-

284 5438 448 5491 πλέον
480 5440 571 5490 κα)⁸
604 5441 649 5491 εί
678 5440 752 5509 τῷ
781 5443 1065 5511 μαρτυρίῳ
1092 5444 1472 5505 τελειωθέντας
1514 5441 1649 5497 εἶδον
1686 5446 1850 5513 ὑμᾶς.

285 5531 361 5586 Τὸ
395 5531 451 5583 δὲ
475 5532 726 5601 δακρύειν
747 5533 958 5601 φύσεως
997 5534 1343 5606 ἀνθρωπίνης
1378 5537 1507 5589 ἴδιον
1536 5534 1716 5590 οἶκτον
1764 5540 1855 5591 ἐπὶ

281 5625 362 5694 τῷ
400 5628 651 5690 συγγενεῖ
693 5626 1092 5697 λαμδανούσης-
1140 5629 1297 5681 Ἀλλά
1330 5629 1404 5699 μὴ
1434 5629 1717 5683 λυπεῖσθαί
1771 5649 1848 5693 σε,

281 5717 482 5777 ὁθεῖος
548 5718 741 5790 Ἰωσὴφ
794 5721 1144 5789 ἀπεκρίνατο,
1198 5722 1329 5789 μηδὲ
1396 5723 1646 5790 δακρύειν
1697 5723 1850 5789 ήμῶν

280 5809 466 5862 ἕνεκεν
514 5809 638 5878 χρὴ,
672 5812 1037 5882 ἐπισταμένην
1060 5813 1271 5875 πάντως
1305 5812 1377 5875 ὡς
1414 5814 1463 5863 at
1503 5812 1585 5863 διὰ
1616 5812 1849 5881 Χριστὶν

1954 3158 2136 3200 autem
2166 3148 2365 3199 mulier
2396 3148 2480 3214 pia
2513 3155 2568 3201 et
2600 3148 2796 3201 timens
2831 3147 3144 3211 Dominum,
3176 3163 3297 3215 quae
3326 3148 3538 3199 habita-

1952 3237 2044 3292 bat
2085 3239 2139 3291 in
2186 3238 2390 3291 ﬁnibus
2438 3238 2603 3307 hujus
2650 3239 2913 3299 civitatis,
2983 3239 3311 3305 intempesta
3377 3248 3536 3293 nocte

1952 3331 2104 3384 venit
2158 3331 2225 3382 ad
2282 3345 2581 3393 carcerem,
2635 3342 2691 3383 et
2742 3333 2928 3383 multis
2982 3333 3232 3399 pecuniis
3293 3331 3537 3385 delinitis

1955 3421 2294 3484 custodibus,
2349 3421 2533 3473 effecit
2586 3432 2643 3474 ut
2694 3432 2915 3474 sanctos
2960 3424 3192 3475 latenter
3237 3424 3535 3491 acciperet.

1950 3522 2005 3565 et
2039 3516 2257 3565 domum
2291 3528 2463 3574 suam,
2499 3528 2617 3580 qua:
2655 3529 2760 3565 non
2797 3514 2955 3583 longe
2990 3515 3201 3574 aberat,
3240 3530 3529 3567 servorum

1954 3618 2179 3656 suorum
2213 3603 2467 3655 manibus
2502 3612 2748 3669 portatos
2782 3603 3026 3656 duceret.
3066 3604 3275 3657 Deinde
3310 3606 3374 3657 iis
3404 3620 3533 3671 pro--

1956 3696 2154 3757 ductis,
2195 3696 2285 3765 qui
2325 3712 2427 3748 nec
2460 3696 2606 3761 loqui
2640 3696 2861 3762 quidem
2900 3705 3181 3764 poterant,
3213 3698 3296 3749 eis
3323 3699 3533 3750 abster-

1954 3788 2031 3856 git
2059 3788 2289 3851 saniem,
2324 3788 2540 3841 lenibus
2572 3800 2753 3841 autem
2793 3790 3124 3855 quibusdam
3160 3790 3533 3843 medicamen-

1956 3881 2027 3933 tis
2072 3880 2227 3933 sedat
2275 3896 2465 3933 eorum
2522 3880 2763 3943 dolores,
2820 3883 3039 3935 mundis
3090 3884 3274 3950 alligat
3327 3884 3532 3944 linteis.

1960 3974 2254 4042 unguentis
2289 3975 2443 4043 ungit
2470 3976 2752 4043 pretiosis,
2789 3988 2844 4030 et
2876 3979 2929 4029 in
2980 3978 3240 4030 omnibus
3293 3977 3537 4029 ostendit

1921 4079 1926 4085 ‘
1957 4082 2121 4135 quam
2149 4075 2293 4119 esset
2326 4068 2413 4135 pia
2446 4076 2503 4120 et
2533 4068 2737 4121 Christi
2772 4084 2983 4132 amans,
3019 4069 3279 4123 osculans
3310 4068 3533 4135 quidem

1960 4158 2205 4212 membra
2280 4165 2606 4228 martyrum,
2666 4167 2721 4213 et
2785 4162 2867 4213 eis
2922 4161 3308 4229 illacrymans,
3379 4161 3533 4214 sanie

1958 4263 2139 4307 autem
2191 4267 2311 4321 quae
2354 4266 2419 4304 ex
2464 4252 2545 4305 eis
2587 4250 2908 4315 distillabat,
2963 4252 3198 4321 seipsam
3240 4254 3528 4324 inungens.

2027 4525 2141 4579 XX.
2181 4526 2315 4579 Cum
2346 4526 2433 4578 vix
2482 4527 2702 4579 tandem
2752 4537 2934 4579 autem
2962 4524 3027 4578 ad
3054 4542 3112 4579 se
3159 4525 3528 4580 rediissetJo-

1954 4616 2087 4684 sepb
2118 4634 2130 4671 :
2162 4616 2275 4670 Tua
2307 4618 2553 4685 quidem,
2583 4620 2780 4686 inquit,
2832 4621 2885 4671 in
2934 4634 3032 4673 nos
3062 4619 3442 4673 misericordia
3476 4631 3529 4673 et

1954 4708 2395 4770 muniﬁcentia,o
2420 4724 2766 4764 sacrosanCta
2796 4711 3143 4775 mulier,Deo
3173 4712 3279 4767 erit
3306 4721 3532 4778 accepta

1950 4810 2004 4855 et
2033 4801 2212 4863 nobis,
2268 4801 2360 4869 qui
2407 4817 2504 4869 pro
2532 4817 2598 4855 eo
2636 4803 3007 4856 decertamus.
3046 4801 3157 4855 Nos
3178 4815 3363 4856 autem
3421 4813 3528 4857 tam

1958 4892 2244 4945 immodice
2282 4892 2485 4945 deﬂere
2540 4902 2622 4945 est
2687 4895 2918 4945 multum
2953 4905 3226 4947 remotum
3264 4910 3293 4947 a
3323 4910 3448 4948 vera
3476 4905 3533 4949 et

1953 4995 2101 5039 certa
2145 5000 2241 5055 spe
2268 4986 2707 5039 Christianorum
2758 4997 2813 5041 et
2844 4998 3031 5041 nostra
3066 4986 3189 5040 ﬁde.
3226 4986 3323 5041 Cui
3363 4989 3533 5041 bone-

1952 5077 2190 5130 stissima
2240 5077 2479 5129 mulier:
2523 5077 2650 5128 Mihi
2679 5078 2901 5144 quidem
2950 5080 3168 5131 animus
3198 5086 3283 5131 est
3328 5080 3529 5145 gaudio

1953 5166 2629 5235 repletus,consideranti,
2665 5170 2811 5235 quod
2845 5168 3101 5223 Christus
3129 5170 3289 5222 vobis
3319 5180 3526 5223 tantam

1950 5259 2163 5313 dederit
2191 5259 2595 5323 fortitudinem,
2624 5270 2683 5312 ut
2714 5276 2911 5330 magno
2935 5264 3118 5314 animo
3149 5263 3374 5316 {erretis
3402 5274 3525 5315 tan-

1952 5360 2059 5404 tam
2120 5352 2370 5404 dolorum
2432 5353 2828 5405 acerbitatem:
2895 5354 3063 5421 magis
3098 5364 3281 5408 autem
3344 5356 3525 5409 L'etata

1951 5459 2148 5503 essem.
2195 5444 2238 5496 si
2301 5459 2398 5497 vos
2457 5443 2713 5497 vidissem
2778 5448 3036 5515 martyrio
3095 5458 3520 5499 consummatos.

1955 5535 2263 5603 Lacrymari
2299 5550 2430 5587 vero
2461 5545 2543 5587 est
2582 5537 2863 5603 preprium
2896 5537 3151 5589 humana:
3176 5548 3384 5591 natura:
3406 5556 3525 5605 qua:

1961 5637 2210 5679 movetur
2246 5627 2625 5680 misericordia
2666 5630 2803 5696 ejus,
2852 5630 2993 5692 quod
3044 5640 3126 5681 est
3174 5630 3277 5682 sibi
3330 5648 3527 5696 genere

1961 5722 2331 5789 conjunctum.
2391 5719 2493 5772 Sed
2552 5736 2658 5771 non
2716 5731 2929 5788 Oportet
2996 5730 3043 5774 te
3113 5723 3299 5773 dolore
3355 5722 3525 5781 allici.

1960 5829 2135 5882 neque
2194 5813 2479 5879 lacrymari
2536 5824 2755 5881 propter
2798 5831 2915 5878 nos.
2973 5816 3253 5879 respondit
3312 5816 3527 5869 divinus
