  <div class='ocr_page' id='page_1' title='image "/cluster/home/n/w/nwhite01/storage/ocr_20150623/116/nnc1.0046980156/487.png"; bbox 0 0 4242 6442; ppageno 0'>
   <div class='ocr_carea' id='block_1_1' title="bbox 749 351 854 414">
    <p class='ocr_par' dir='ltr' id='par_1_1' title="bbox 749 351 854 414">
     <span class='ocr_line' id='line_1_1' title="bbox 749 351 854 414; baseline 0.019 -2"><span class='ocrx_word' id='word_1_1' title='bbox 749 351 854 414; x_wconf 83' lang='grc'><strong>851</strong></span> 
     </span>
    </p>
   </div>
   <div class='ocr_carea' id='block_1_2' title="bbox 749 567 2333 639">
    <p class='ocr_par' dir='ltr' id='par_1_2' title="bbox 749 567 2333 639">
     <span class='ocr_line' id='line_1_2' title="bbox 749 567 2333 639; baseline 0.014 -25"><span class='ocrx_word' id='word_1_2' title='bbox 749 567 1027 621; x_wconf 76' lang='grc' dir='ltr'>(ῗιιι-ἱειιιιῐι</span> <span class='ocrx_word' id='word_1_3' title='bbox 1065 567 1446 638; x_wconf 89' lang='lat' dir='ltr'><strong>suscipiuntur</strong></span> <span class='ocrx_word' id='word_1_4' title='bbox 1484 569 1831 639; x_wconf 81' lang='lat' dir='ltr'><strong>aﬂlictiones,</strong></span> <span class='ocrx_word' id='word_1_5' title='bbox 1857 584 2117 634; x_wconf 64' lang='lat' dir='ltr'><strong>eternam</strong></span> <span class='ocrx_word' id='word_1_6' title='bbox 2144 582 2333 636; x_wconf 91' lang='lat' dir='ltr'><strong>conci-</strong></span> 
     </span>
    </p>
   </div>
   <div class='ocr_carea' id='block_1_3' title="bbox 747 647 2335 732">
    <p class='ocr_par' dir='ltr' id='par_1_3' title="bbox 747 647 2335 732">
     <span class='ocr_line' id='line_1_3' title="bbox 747 647 2335 732; baseline 0.01 -20"><span class='ocrx_word' id='word_1_7' title='bbox 747 647 884 712; x_wconf 65' lang='lat' dir='ltr'><strong>lient</strong></span> <span class='ocrx_word' id='word_1_8' title='bbox 915 657 1159 714; x_wconf 68' lang='lat' dir='ltr'><strong>laetitiam</strong></span> <span class='ocrx_word' id='word_1_9' title='bbox 1193 671 1249 718; x_wconf 92' lang='lat' dir='ltr'><strong>et</strong></span> <span class='ocrx_word' id='word_1_10' title='bbox 1276 677 1502 732; x_wconf 79' lang='lat' dir='ltr'><strong>regnum</strong></span> <span class='ocrx_word' id='word_1_11' title='bbox 1544 665 1832 721; x_wconf 61' lang='lat' dir='ltr'><strong>caelorum.</strong></span> <span class='ocrx_word' id='word_1_12' title='bbox 1859 668 1957 722; x_wconf 89' lang='lat' dir='ltr'><strong>Die.</strong></span> <span class='ocrx_word' id='word_1_13' title='bbox 1996 679 2179 725; x_wconf 89' lang='lat' dir='ltr'><strong>autem</strong></span> <span class='ocrx_word' id='word_1_14' title='bbox 2211 673 2335 728; x_wconf 88' lang='lat' dir='ltr'><strong>illu-</strong></span> 
     </span>
    </p>
   </div>
   <div class='ocr_carea' id='block_1_4' title="bbox 745 755 2328 824">
    <p class='ocr_par' dir='ltr' id='par_1_4' title="bbox 745 755 2328 824">
     <span class='ocr_line' id='line_1_4' title="bbox 745 755 2328 824; baseline 0.014 -22"><span class='ocrx_word' id='word_1_15' title='bbox 745 762 778 807; x_wconf 89' lang='lat' dir='ltr'><strong>c</strong></span> <span class='ocrx_word' id='word_1_16' title='bbox 800 760 1024 814; x_wconf 85' lang='lat' dir='ltr'><strong>-scente,</strong></span> <span class='ocrx_word' id='word_1_17' title='bbox 1055 768 1246 809; x_wconf 78' lang='lat' dir='ltr'><strong>rursus</strong></span> <span class='ocrx_word' id='word_1_18' title='bbox 1274 755 1514 811; x_wconf 86' lang='lat' dir='ltr'><strong>latenter</strong></span> <span class='ocrx_word' id='word_1_19' title='bbox 1546 759 1918 816; x_wconf 86' lang='lat' dir='ltr'><strong>restituuntur</strong></span> <span class='ocrx_word' id='word_1_20' title='bbox 1941 762 1996 816; x_wconf 92' lang='lat' dir='ltr'><strong>in</strong></span> <span class='ocrx_word' id='word_1_21' title='bbox 2029 778 2328 824; x_wconf 84' lang='lat' dir='ltr'><strong>carcerem.</strong></span> 
     </span>
    </p>
   </div>
   <div class='ocr_carea' id='block_1_5' title="bbox 817 842 2332 922">
    <p class='ocr_par' dir='ltr' id='par_1_5' title="bbox 817 842 2332 922">
     <span class='ocr_line' id='line_1_5' title="bbox 817 842 2332 922; baseline 0.013 -26"><span class='ocrx_word' id='word_1_22' title='bbox 817 842 958 898; x_wconf 82' lang='lat' dir='ltr'><strong>XXI.</strong></span> <span class='ocrx_word' id='word_1_23' title='bbox 999 843 1134 899; x_wconf 88' lang='lat' dir='ltr'><strong>Cum</strong></span> <span class='ocrx_word' id='word_1_24' title='bbox 1176 861 1270 900; x_wconf 85' lang='lat' dir='ltr'><strong>sex</strong></span> <span class='ocrx_word' id='word_1_25' title='bbox 1320 856 1504 902; x_wconf 90' lang='lat' dir='ltr'><strong>autem</strong></span> <span class='ocrx_word' id='word_1_26' title='bbox 1538 865 1756 905; x_wconf 85' lang='lat' dir='ltr'><strong>menses</strong></span> <span class='ocrx_word' id='word_1_27' title='bbox 1785 854 2202 922; x_wconf 63' lang='lat' dir='ltr'><strong>prateriissent,</strong></span> <span class='ocrx_word' id='word_1_28' title='bbox 2234 858 2332 916; x_wconf 86' lang='lat' dir='ltr'><strong>de-</strong></span> 
     </span>
    </p>
   </div>
   <div class='ocr_carea' id='block_1_6' title="bbox 745 937 2337 1020">
    <p class='ocr_par' dir='ltr' id='par_1_6' title="bbox 745 937 2337 1020">
     <span class='ocr_line' id='line_1_6' title="bbox 745 937 2337 1020; baseline 0.011 -31"><span class='ocrx_word' id='word_1_29' title='bbox 745 937 970 1004; x_wconf 91' lang='lat' dir='ltr'><strong>ponitur</strong></span> <span class='ocrx_word' id='word_1_30' title='bbox 993 938 1212 1007; x_wconf 84' lang='lat' dir='ltr'><strong>quidem</strong></span> <span class='ocrx_word' id='word_1_31' title='bbox 1247 956 1278 996; x_wconf 86' lang='lat' dir='ltr'><strong>a</strong></span> <span class='ocrx_word' id='word_1_32' title='bbox 1311 942 1632 1012; x_wconf 87' lang='lat' dir='ltr'><strong>magistratu</strong></span> <span class='ocrx_word' id='word_1_33' title='bbox 1658 944 1833 1015; x_wconf 90' lang='lat' dir='ltr'><strong>is,qui</strong></span> <span class='ocrx_word' id='word_1_34' title='bbox 1857 944 2074 1003; x_wconf 72' lang='lat' dir='ltr'><strong>sanctos</strong></span> <span class='ocrx_word' id='word_1_35' title='bbox 2106 965 2337 1020; x_wconf 87' lang='lat' dir='ltr'><strong>accepe—</strong></span> 
     </span>
    </p>
   </div>
   <div class='ocr_carea' id='block_1_7' title="bbox 749 1029 2334 1100">
    <p class='ocr_par' dir='ltr' id='par_1_7' title="bbox 749 1029 2334 1100">
     <span class='ocr_line' id='line_1_7' title="bbox 749 1029 2334 1100; baseline 0.012 -21"><span class='ocrx_word' id='word_1_36' title='bbox 749 1038 856 1093; x_wconf 87' lang='lat' dir='ltr'><strong>rat,</strong></span> <span class='ocrx_word' id='word_1_37' title='bbox 881 1038 941 1082; x_wconf 93' lang='lat' dir='ltr'><strong>ut</strong></span> <span class='ocrx_word' id='word_1_38' title='bbox 961 1029 1240 1100; x_wconf 84' lang='lat' dir='ltr'><strong>lapidibus</strong></span> <span class='ocrx_word' id='word_1_39' title='bbox 1259 1033 1630 1090; x_wconf 87' lang='lat' dir='ltr'><strong>obruerentur</strong></span> <span class='ocrx_word' id='word_1_40' title='bbox 1649 1052 1662 1091; x_wconf 91' lang='lat'><strong>:</strong></span> <span class='ocrx_word' id='word_1_41' title='bbox 1681 1036 1823 1093; x_wconf 90' lang='lat' dir='ltr'><strong>alius</strong></span> <span class='ocrx_word' id='word_1_42' title='bbox 1839 1049 2020 1094; x_wconf 91' lang='lat' dir='ltr'><strong>autem</strong></span> <span class='ocrx_word' id='word_1_43' title='bbox 2052 1056 2118 1096; x_wconf 92' lang='lat' dir='ltr'><strong>eo</strong></span> <span class='ocrx_word' id='word_1_44' title='bbox 2138 1043 2334 1098; x_wconf 68' lang='lat' dir='ltr'><strong>saevior</strong></span> 
     </span>
    </p>
   </div>
   <div class='ocr_carea' id='block_1_8' title="bbox 743 1127 2335 1209">
    <p class='ocr_par' dir='ltr' id='par_1_8' title="bbox 743 1127 2335 1209">
     <span class='ocr_line' id='line_1_8' title="bbox 743 1127 2335 1209; baseline 0.009 -30"><span class='ocrx_word' id='word_1_45' title='bbox 743 1127 796 1180; x_wconf 93' lang='lat' dir='ltr'><strong>ei</strong></span> <span class='ocrx_word' id='word_1_46' title='bbox 828 1130 1094 1194; x_wconf 79' lang='lat' dir='ltr'><strong>succedit,</strong></span> <span class='ocrx_word' id='word_1_47' title='bbox 1122 1132 1344 1186; x_wconf 88' lang='lat' dir='ltr'><strong>nomine</strong></span> <span class='ocrx_word' id='word_1_48' title='bbox 1401 1132 1629 1198; x_wconf 85' lang='lat' dir='ltr'><strong>Zeroth,</strong></span> <span class='ocrx_word' id='word_1_49' title='bbox 1666 1134 1755 1189; x_wconf 92' lang='lat' dir='ltr'><strong>cui</strong></span> <span class='ocrx_word' id='word_1_50' title='bbox 1816 1137 1983 1190; x_wconf 90' lang='lat' dir='ltr'><strong>etiam</strong></span> <span class='ocrx_word' id='word_1_51' title='bbox 2038 1153 2132 1192; x_wconf 93' lang='lat' dir='ltr'><strong>rex</strong></span> <span class='ocrx_word' id='word_1_52' title='bbox 2164 1137 2335 1209; x_wconf 89' lang='lat' dir='ltr'><strong>impe-</strong></span> 
     </span>
    </p>
   </div>
   <div class='ocr_carea' id='block_1_9' title="bbox 748 1227 2330 1295">
    <p class='ocr_par' dir='ltr' id='par_1_9' title="bbox 748 1227 2330 1295">
     <span class='ocr_line' id='line_1_9' title="bbox 748 1227 2330 1295; baseline 0.007 -19"><span class='ocrx_word' id='word_1_53' title='bbox 748 1236 990 1288; x_wconf 80' lang='lat' dir='ltr'><strong>raverat,</strong></span> <span class='ocrx_word' id='word_1_54' title='bbox 1024 1236 1085 1280; x_wconf 91' lang='lat' dir='ltr'><strong>ut</strong></span> <span class='ocrx_word' id='word_1_55' title='bbox 1114 1227 1505 1295; x_wconf 88' lang='lat' dir='ltr'><strong>comprehensi</strong></span> <span class='ocrx_word' id='word_1_56' title='bbox 1538 1227 1863 1294; x_wconf 80' lang='lat' dir='ltr'><strong>Christiani,</strong></span> <span class='ocrx_word' id='word_1_57' title='bbox 1887 1229 2330 1287; x_wconf 84' lang='lat' dir='ltr'><strong>Christianorum</strong></span> 
     </span>
    </p>
   </div>
   <div class='ocr_carea' id='block_1_10' title="bbox 747 1317 2328 1392">
    <p class='ocr_par' dir='ltr' id='par_1_10' title="bbox 747 1317 2328 1392">
     <span class='ocr_line' id='line_1_10' title="bbox 747 1317 2328 1392; baseline 0.006 -23"><span class='ocrx_word' id='word_1_58' title='bbox 747 1317 1006 1371; x_wconf 78' lang='lat' dir='ltr'><strong>manibus</strong></span> <span class='ocrx_word' id='word_1_59' title='bbox 1035 1318 1240 1383; x_wconf 89' lang='lat' dir='ltr'><strong>obruti,</strong></span> <span class='ocrx_word' id='word_1_60' title='bbox 1295 1319 1772 1375; x_wconf 90' lang='lat' dir='ltr'><strong>interimerentur.</strong></span> <span class='ocrx_word' id='word_1_61' title='bbox 1807 1321 1943 1376; x_wconf 87' lang='lat' dir='ltr'><strong>Cum</strong></span> <span class='ocrx_word' id='word_1_62' title='bbox 1981 1337 2112 1392; x_wconf 85' lang='lat' dir='ltr'><strong>ergo</strong></span> <span class='ocrx_word' id='word_1_63' title='bbox 2142 1325 2328 1379; x_wconf 80' lang='lat' dir='ltr'><strong>venis-</strong></span> 
     </span>
    </p>
   </div>
   <div class='ocr_carea' id='block_1_11' title="bbox 744 1409 2326 1487">
    <p class='ocr_par' dir='ltr' id='par_1_11' title="bbox 744 1409 2326 1487">
     <span class='ocr_line' id='line_1_11' title="bbox 744 1409 2326 1487; baseline 0.004 -23"><span class='ocrx_word' id='word_1_64' title='bbox 744 1421 828 1465; x_wconf 87' lang='lat' dir='ltr'><strong>set</strong></span> <span class='ocrx_word' id='word_1_65' title='bbox 858 1409 927 1464; x_wconf 89' lang='lat' dir='ltr'><strong>ad</strong></span> <span class='ocrx_word' id='word_1_66' title='bbox 958 1410 1263 1477; x_wconf 80' lang='lat' dir='ltr'><strong>civitatem,</strong></span> <span class='ocrx_word' id='word_1_67' title='bbox 1286 1423 1341 1467; x_wconf 88' lang='lat' dir='ltr'><strong>ct</strong></span> <span class='ocrx_word' id='word_1_68' title='bbox 1371 1412 1510 1482; x_wconf 91' lang='lat' dir='ltr'><strong>ignis</strong></span> <span class='ocrx_word' id='word_1_69' title='bbox 1547 1414 1814 1484; x_wconf 85' lang='lat' dir='ltr'><strong>templum</strong></span> <span class='ocrx_word' id='word_1_70' title='bbox 1843 1424 1992 1471; x_wconf 87' lang='lat' dir='ltr'><strong>esset</strong></span> <span class='ocrx_word' id='word_1_71' title='bbox 2023 1417 2326 1487; x_wconf 88' lang='lat' dir='ltr'><strong>ingressus,</strong></span> 
     </span>
    </p>
   </div>
   <div class='ocr_carea' id='block_1_12' title="bbox 745 1502 2328 1578">
    <p class='ocr_par' dir='ltr' id='par_1_12' title="bbox 745 1502 2328 1578">
     <span class='ocr_line' id='line_1_12' title="bbox 745 1502 2328 1578; baseline 0.006 -23"><span class='ocrx_word' id='word_1_72' title='bbox 745 1511 808 1556; x_wconf 92' lang='lat' dir='ltr'><strong>ut</strong></span> <span class='ocrx_word' id='word_1_73' title='bbox 860 1502 1041 1572; x_wconf 89' lang='lat' dir='ltr'><strong>ignem</strong></span> <span class='ocrx_word' id='word_1_74' title='bbox 1077 1504 1355 1568; x_wconf 89' lang='lat' dir='ltr'><strong>adoraret,</strong></span> <span class='ocrx_word' id='word_1_75' title='bbox 1391 1505 1442 1559; x_wconf 89' lang='lat' dir='ltr'><strong>ei</strong></span> <span class='ocrx_word' id='word_1_76' title='bbox 1475 1507 1740 1561; x_wconf 84' lang='lat' dir='ltr'><strong>dixerunt</strong></span> <span class='ocrx_word' id='word_1_77' title='bbox 1791 1508 1935 1578; x_wconf 83' lang='lat' dir='ltr'><strong>ignis</strong></span> <span class='ocrx_word' id='word_1_78' title='bbox 1963 1509 2328 1564; x_wconf 89' lang='lat' dir='ltr'><strong>adoratores:</strong></span> 
     </span>
    </p>
   </div>
   <div class='ocr_carea' id='block_1_13' title="bbox 746 1597 2331 1670">
    <p class='ocr_par' dir='ltr' id='par_1_13' title="bbox 746 1597 2331 1670">
     <span class='ocr_line' id='line_1_13' title="bbox 746 1597 2331 1670; baseline 0.005 -21"><span class='ocrx_word' id='word_1_79' title='bbox 746 1597 888 1651; x_wconf 81' lang='lat' dir='ltr'><strong>Sunt</strong></span> <span class='ocrx_word' id='word_1_80' title='bbox 916 1597 1142 1666; x_wconf 90' lang='lat' dir='ltr'><strong>quidam</strong></span> <span class='ocrx_word' id='word_1_81' title='bbox 1174 1598 1265 1653; x_wconf 88' lang='lat' dir='ltr'><strong>hic</strong></span> <span class='ocrx_word' id='word_1_82' title='bbox 1305 1600 1417 1668; x_wconf 82' lang='lat' dir='ltr'><strong>jam</strong></span> <span class='ocrx_word' id='word_1_83' title='bbox 1451 1600 1616 1670; x_wconf 91' lang='lat' dir='ltr'><strong>longo</strong></span> <span class='ocrx_word' id='word_1_84' title='bbox 1647 1609 1896 1670; x_wconf 86' lang='lat' dir='ltr'><strong>tempore</strong></span> <span class='ocrx_word' id='word_1_85' title='bbox 1929 1601 2235 1657; x_wconf 87' lang='lat' dir='ltr'><strong>Christiani</strong></span> <span class='ocrx_word' id='word_1_86' title='bbox 2275 1603 2331 1658; x_wconf 92' lang='lat' dir='ltr'><strong>in</strong></span> 
     </span>
    </p>
   </div>
   <div class='ocr_carea' id='block_1_14' title="bbox 747 1691 2331 1764">
    <p class='ocr_par' dir='ltr' id='par_1_14' title="bbox 747 1691 2331 1764">
     <span class='ocr_line' id='line_1_14' title="bbox 747 1691 2331 1764; baseline 0.004 -23"><span class='ocrx_word' id='word_1_87' title='bbox 747 1699 865 1744; x_wconf 81' lang='lat' dir='ltr'><strong>tuta</strong></span> <span class='ocrx_word' id='word_1_88' title='bbox 888 1691 1087 1745; x_wconf 85' lang='lat' dir='ltr'><strong>inclusi</strong></span> <span class='ocrx_word' id='word_1_89' title='bbox 1115 1692 1390 1760; x_wconf 88' lang='lat' dir='ltr'><strong>custodia,</strong></span> <span class='ocrx_word' id='word_1_90' title='bbox 1419 1692 1512 1760; x_wconf 86' lang='lat' dir='ltr'><strong>qui</strong></span> <span class='ocrx_word' id='word_1_91' title='bbox 1544 1693 1720 1762; x_wconf 86' lang='lat' dir='ltr'><strong>prius,</strong></span> <span class='ocrx_word' id='word_1_92' title='bbox 1746 1703 1809 1748; x_wconf 92' lang='lat' dir='ltr'><strong>ut</strong></span> <span class='ocrx_word' id='word_1_93' title='bbox 1837 1695 1999 1750; x_wconf 89' lang='lat' dir='ltr'><strong>nobis</strong></span> <span class='ocrx_word' id='word_1_94' title='bbox 2031 1694 2134 1750; x_wconf 81' lang='lat' dir='ltr'><strong>fuit</strong></span> <span class='ocrx_word' id='word_1_95' title='bbox 2158 1693 2331 1764; x_wconf 90' lang='lat' dir='ltr'><strong>signi-</strong></span> 
     </span>
    </p>
   </div>
   <div class='ocr_carea' id='block_1_15' title="bbox 1978 371 2846 450">
    <p class='ocr_par' dir='ltr' id='par_1_15' title="bbox 1978 371 2846 450">
     <span class='ocr_line' id='line_1_15' title="bbox 1978 371 2846 450; baseline 0.026 -23"><span class='ocrx_word' id='word_1_96' title='bbox 1978 371 2365 437; x_wconf 70' lang='lat' dir='ltr'><strong>ADDENDA.</strong></span> <span class='ocrx_word' id='word_1_97' title='bbox 2407 401 2476 416; x_wconf 86' lang='grc'><strong>·-</strong></span> <span class='ocrx_word' id='word_1_98' title='bbox 2515 383 2846 450; x_wconf 77' lang='lat' dir='ltr'><strong>APRILIS.</strong></span> 
     </span>
    </p>
   </div>
   <div class='ocr_carea' id='block_1_16' title="bbox 744 469 2589 570">
    <p class='ocr_par' dir='ltr' id='par_1_16' title="bbox 744 469 2589 570">
     <span class='ocr_line' id='line_1_16' title="bbox 744 469 2589 570; baseline 0.015 -45"><span class='ocrx_word' id='word_1_99' title='bbox 744 469 975 570; x_wconf 68' lang='lat' dir='ltr'><strong>Joscpb,</strong></span> <span class='ocrx_word' id='word_1_100' title='bbox 1031 487 1157 528; x_wconf 87' lang='lat' dir='ltr'><strong>cum</strong></span> <span class='ocrx_word' id='word_1_101' title='bbox 1197 474 1443 570; x_wconf 78' lang='lat' dir='ltr'><strong>omnino</strong></span> <span class='ocrx_word' id='word_1_102' title='bbox 1495 476 1662 570; x_wconf 86' lang='lat' dir='ltr'><strong>scias,</strong></span> <span class='ocrx_word' id='word_1_103' title='bbox 1720 479 1870 549; x_wconf 91' lang='lat' dir='ltr'><strong>quod</strong></span> <span class='ocrx_word' id='word_1_104' title='bbox 1920 497 2044 553; x_wconf 66' lang='lat' dir='ltr'><strong>qua</strong></span> <span class='ocrx_word' id='word_1_105' title='bbox 2109 495 2406 558; x_wconf 76' lang='lat' dir='ltr'><strong>propterA</strong></span> <span class='ocrx_word' id='word_1_106' title='bbox 2436 496 2589 570; x_wconf 74' lang='grc' dir='ltr'>θλίψι</span> 
     </span>
    </p>
   </div>
   <div class='ocr_carea' id='block_1_17' title="bbox 2599 505 4022 589">
    <p class='ocr_par' dir='ltr' id='par_1_17' title="bbox 2599 505 4022 589">
     <span class='ocr_line' id='line_1_17' title="bbox 2599 505 4022 589; baseline 0.017 -34"><span class='ocrx_word' id='word_1_107' title='bbox 2599 519 2646 565; x_wconf 88' lang='grc' dir='ltr'><strong>ις</strong></span> <span class='ocrx_word' id='word_1_108' title='bbox 2683 505 2905 560; x_wconf 87' lang='grc' dir='ltr'>αίωνίου</span> <span class='ocrx_word' id='word_1_109' title='bbox 2940 509 3187 580; x_wconf 79' lang='grc' dir='ltr'>πρόξενοι</span> <span class='ocrx_word' id='word_1_110' title='bbox 3221 515 3564 587; x_wconf 83' lang='grc' dir='ltr'>εὐφροσύνης</span> <span class='ocrx_word' id='word_1_111' title='bbox 3602 520 3698 574; x_wconf 85' lang='grc' dir='ltr'>καὶ</span> <span class='ocrx_word' id='word_1_112' title='bbox 3730 521 4022 589; x_wconf 70' lang='grc' dir='ltr'><strong>βασιλείας</strong></span> 
     </span>
    </p>
   </div>
   <div class='ocr_carea' id='block_1_18' title="bbox 2438 589 4022 682">
    <p class='ocr_par' dir='ltr' id='par_1_18' title="bbox 2438 589 4022 682">
     <span class='ocr_line' id='line_1_18' title="bbox 2438 589 4022 682; baseline 0.016 -39"><span class='ocrx_word' id='word_1_113' title='bbox 2438 589 2687 662; x_wconf 77' lang='grc' dir='ltr'><strong>οὐρανῶν</strong></span> <span class='ocrx_word' id='word_1_114' title='bbox 2720 597 3096 656; x_wconf 78' lang='grc' dir='ltr'><strong>καθίστανται.</strong></span> <span class='ocrx_word' id='word_1_115' title='bbox 3128 604 3263 675; x_wconf 85' lang='grc' dir='ltr'><strong>Ἤδη</strong></span> <span class='ocrx_word' id='word_1_116' title='bbox 3296 607 3351 660; x_wconf 77' lang='grc' dir='ltr'>δὲ</span> <span class='ocrx_word' id='word_1_117' title='bbox 3375 606 3476 678; x_wconf 84' lang='grc' dir='ltr'>τῆς</span> <span class='ocrx_word' id='word_1_118' title='bbox 3503 610 3720 681; x_wconf 71' lang='grc' dir='ltr'>ἡμέρσς</span> <span class='ocrx_word' id='word_1_119' title='bbox 3758 613 4022 682; x_wconf 79' lang='grc' dir='ltr'>ὑπαυγα-</span> 
     </span>
    </p>
   </div>
   <div class='ocr_carea' id='block_1_19' title="bbox 2438 684 4023 778">
    <p class='ocr_par' dir='ltr' id='par_1_19' title="bbox 2438 684 4023 778">
     <span class='ocr_line' id='line_1_19' title="bbox 2438 684 4023 778; baseline 0.015 -43"><span class='ocrx_word' id='word_1_120' title='bbox 2438 684 2637 758; x_wconf 83' lang='grc' dir='ltr'>ζούσης</span> <span class='ocrx_word' id='word_1_121' title='bbox 2665 691 2730 759; x_wconf 76' lang='grc' dir='ltr'>τῇ</span> <span class='ocrx_word' id='word_1_122' title='bbox 2766 691 2958 764; x_wconf 78' lang='grc' dir='ltr'>εἱρκτῆ</span> <span class='ocrx_word' id='word_1_123' title='bbox 2995 695 3158 751; x_wconf 87' lang='grc' dir='ltr'>πάλιν</span> <span class='ocrx_word' id='word_1_124' title='bbox 3198 699 3337 753; x_wconf 84' lang='grc' dir='ltr'><strong>κατά</strong></span> <span class='ocrx_word' id='word_1_125' title='bbox 3365 700 3425 754; x_wconf 82' lang='grc' dir='ltr'>τὸ</span> <span class='ocrx_word' id='word_1_126' title='bbox 3468 702 3688 778; x_wconf 76' lang='grc' dir='ltr'>λεληθὸς</span> <span class='ocrx_word' id='word_1_127' title='bbox 3732 705 4023 766; x_wconf 77' lang='grc' dir='ltr'>ἀποδίδον-</span> 
     </span>
    </p>
   </div>
   <div class='ocr_carea' id='block_1_20' title="bbox 2434 793 3684 832">
    <p class='ocr_par' dir='ltr' id='par_1_20' title="bbox 2434 793 3684 832">
     <span class='ocr_line' id='line_1_20' title="bbox 2434 793 3684 832; baseline 0.002 -3"><span class='ocrx_word' id='word_1_128' title='bbox 2434 793 2547 832; x_wconf 88' lang='grc' dir='ltr'>ται.</span> <span class='ocrx_word' id='word_1_129' title='bbox 3682 820 3684 822; x_wconf 60' lang='grc' dir='ltr'><strong>τ</strong></span> 
     </span>
    </p>
   </div>
   <div class='ocr_carea' id='block_1_21' title="bbox 2510 871 4024 960">
    <p class='ocr_par' dir='ltr' id='par_1_21' title="bbox 2510 871 4024 960">
     <span class='ocr_line' id='line_1_21' title="bbox 2510 871 4024 960; baseline 0.013 -34"><span class='ocrx_word' id='word_1_130' title='bbox 2510 871 2640 928; x_wconf 78' lang='lat' dir='ltr'><strong>KA&#39;.</strong></span> <span class='ocrx_word' id='word_1_131' title='bbox 2674 875 2770 942; x_wconf 84' lang='grc' dir='ltr'>Ἐξ</span> <span class='ocrx_word' id='word_1_132' title='bbox 2814 877 2871 931; x_wconf 70' lang='grc' dir='ltr'>δὲ</span> <span class='ocrx_word' id='word_1_133' title='bbox 2902 880 3296 952; x_wconf 75' lang='grc' dir='ltr'><strong>διεληλυθότων</strong></span> <span class='ocrx_word' id='word_1_134' title='bbox 3328 887 3515 957; x_wconf 88' lang='grc' dir='ltr'>μηνῶν</span> <span class='ocrx_word' id='word_1_135' title='bbox 3538 887 3876 960; x_wconf 81' lang='grc' dir='ltr'>πσραλύεται</span> <span class='ocrx_word' id='word_1_136' title='bbox 3916 893 4024 960; x_wconf 75' lang='grc' dir='ltr'>μὲν</span> 
     </span>
    </p>
   </div>
   <div class='ocr_carea' id='block_1_22' title="bbox 2433 962 4018 1051">
    <p class='ocr_par' dir='ltr' id='par_1_22' title="bbox 2433 962 4018 1051">
     <span class='ocr_line' id='line_1_22' title="bbox 2433 962 4018 1051; baseline 0.004 -24"><span class='ocrx_word' id='word_1_137' title='bbox 2433 962 2536 1034; x_wconf 83' lang='grc' dir='ltr'>τῆς</span> <span class='ocrx_word' id='word_1_138' title='bbox 2584 965 2761 1036; x_wconf 82' lang='grc' dir='ltr'>ἀρχῆς</span> <span class='ocrx_word' id='word_1_139' title='bbox 2811 968 2842 1022; x_wconf 79' lang='grc' dir='ltr'><strong>ό</strong></span> <span class='ocrx_word' id='word_1_140' title='bbox 2878 971 3004 1034; x_wconf 75' lang='grc' dir='ltr'>τοὺς</span> <span class='ocrx_word' id='word_1_141' title='bbox 3053 972 3242 1040; x_wconf 78' lang='grc' dir='ltr'><strong>ἁγίους</strong></span> <span class='ocrx_word' id='word_1_142' title='bbox 3284 977 3377 1029; x_wconf 66' lang='grc' dir='ltr'><strong>ἐπὶ</strong></span> <span class='ocrx_word' id='word_1_143' title='bbox 3432 977 3510 1048; x_wconf 83' lang='grc' dir='ltr'><strong>τῷ</strong></span> <span class='ocrx_word' id='word_1_144' title='bbox 3561 981 4018 1051; x_wconf 70' lang='grc' dir='ltr'>καταλευσθῆναι</span> 
     </span>
    </p>
   </div>
   <div class='ocr_carea' id='block_1_23' title="bbox 2433 1059 4016 1142">
    <p class='ocr_par' dir='ltr' id='par_1_23' title="bbox 2433 1059 4016 1142">
     <span class='ocr_line' id='line_1_23' title="bbox 2433 1059 4016 1142; baseline 0.009 -32"><span class='ocrx_word' id='word_1_145' title='bbox 2433 1059 2990 1134; x_wconf 77' lang='grc' dir='ltr'>παραλαϐὼν,ἕτερος</span> <span class='ocrx_word' id='word_1_146' title='bbox 3026 1063 3083 1118; x_wconf 72' lang='grc' dir='ltr'>δὲ</span> <span class='ocrx_word' id='word_1_147' title='bbox 3111 1067 3300 1122; x_wconf 88' lang='grc' dir='ltr'>τοῦτον</span> <span class='ocrx_word' id='word_1_148' title='bbox 3325 1069 3632 1141; x_wconf 84' lang='grc' dir='ltr'>δεινότερος</span> <span class='ocrx_word' id='word_1_149' title='bbox 3671 1073 4016 1142; x_wconf 79' lang='grc' dir='ltr'>διαδέχεται,</span> 
     </span>
    </p>
   </div>
   <div class='ocr_carea' id='block_1_24' title="bbox 2430 1151 4018 1236">
    <p class='ocr_par' dir='ltr' id='par_1_24' title="bbox 2430 1151 4018 1236">
     <span class='ocr_line' id='line_1_24' title="bbox 2430 1151 4018 1236; baseline 0.009 -32"><span class='ocrx_word' id='word_1_150' title='bbox 2430 1151 2670 1222; x_wconf 78' lang='grc' dir='ltr'>τοῦνομα</span> <span class='ocrx_word' id='word_1_151' title='bbox 2702 1154 2990 1224; x_wconf 79' lang='grc' dir='ltr'>Ναζερὼθ,</span> <span class='ocrx_word' id='word_1_152' title='bbox 3016 1151 3060 1226; x_wconf 80' lang='grc' dir='ltr'><strong>ᾧ</strong></span> <span class='ocrx_word' id='word_1_153' title='bbox 3088 1161 3184 1213; x_wconf 75' lang='grc' dir='ltr'>καὶ</span> <span class='ocrx_word' id='word_1_154' title='bbox 3230 1161 3564 1234; x_wconf 81' lang='grc' dir='ltr'>πρόσταγμα</span> <span class='ocrx_word' id='word_1_155' title='bbox 3619 1164 3903 1235; x_wconf 77' lang='grc' dir='ltr'>βασιλικὸν</span> <span class='ocrx_word' id='word_1_156' title='bbox 3945 1162 4018 1236; x_wconf 81' lang='grc' dir='ltr'>ἦν</span> 
     </span>
    </p>
   </div>
   <div class='ocr_carea' id='block_1_25' title="bbox 2429 1239 4018 1328">
    <p class='ocr_par' dir='ltr' id='par_1_25' title="bbox 2429 1239 4018 1328">
     <span class='ocr_line' id='line_1_25' title="bbox 2429 1239 4018 1328; baseline 0.011 -35"><span class='ocrx_word' id='word_1_157' title='bbox 2429 1239 2571 1295; x_wconf 85' lang='grc' dir='ltr'>ὥστε</span> <span class='ocrx_word' id='word_1_158' title='bbox 2595 1243 2722 1307; x_wconf 82' lang='grc' dir='ltr'>τοὺς</span> <span class='ocrx_word' id='word_1_159' title='bbox 2749 1244 3158 1317; x_wconf 75' lang='grc' dir='ltr'>συλληφθέντας</span> <span class='ocrx_word' id='word_1_160' title='bbox 3183 1252 3543 1323; x_wconf 80' lang='grc' dir='ltr'>Χριστιανοὺς</span> <span class='ocrx_word' id='word_1_161' title='bbox 3569 1258 3727 1328; x_wconf 77' lang='grc' dir='ltr'>χερσὶ</span> <span class='ocrx_word' id='word_1_162' title='bbox 3747 1258 4018 1327; x_wconf 82' lang='grc' dir='ltr'>Χριστια-</span> 
     </span>
    </p>
   </div>
   <div class='ocr_carea' id='block_1_26' title="bbox 2428 1333 4016 1417">
    <p class='ocr_par' dir='ltr' id='par_1_26' title="bbox 2428 1333 4016 1417">
     <span class='ocr_line' id='line_1_26' title="bbox 2428 1333 4016 1417; baseline 0.013 -32"><span class='ocrx_word' id='word_1_163' title='bbox 2428 1333 2534 1386; x_wconf 88' lang='grc' dir='ltr'><strong>νῶν</strong></span> <span class='ocrx_word' id='word_1_164' title='bbox 2603 1334 2773 1401; x_wconf 78' lang='grc' dir='ltr'>λίθοις</span> <span class='ocrx_word' id='word_1_165' title='bbox 2828 1337 3199 1409; x_wconf 77' lang='grc' dir='ltr'>βαλλομένους</span> <span class='ocrx_word' id='word_1_166' title='bbox 3262 1345 3629 1417; x_wconf 72' lang='grc' dir='ltr'>ἀναιρεῖσθαι.</span> <span class='ocrx_word' id='word_1_167' title='bbox 3691 1349 4016 1405; x_wconf 78' lang='grc' dir='ltr'>Ἐπιστάντι</span> 
     </span>
    </p>
   </div>
   <div class='ocr_carea' id='block_1_27' title="bbox 2431 1425 4013 1507">
    <p class='ocr_par' dir='ltr' id='par_1_27' title="bbox 2431 1425 4013 1507">
     <span class='ocr_line' id='line_1_27' title="bbox 2431 1425 4013 1507; baseline 0.009 -29"><span class='ocrx_word' id='word_1_168' title='bbox 2431 1425 2565 1494; x_wconf 88' lang='grc' dir='ltr'>γοῦν</span> <span class='ocrx_word' id='word_1_169' title='bbox 2598 1429 2662 1499; x_wconf 82' lang='grc' dir='ltr'>τῇ</span> <span class='ocrx_word' id='word_1_170' title='bbox 2705 1428 2858 1483; x_wconf 90' lang='grc' dir='ltr'>πόλει</span> <span class='ocrx_word' id='word_1_171' title='bbox 2899 1435 2991 1485; x_wconf 78' lang='grc' dir='ltr'>καὶ</span> <span class='ocrx_word' id='word_1_172' title='bbox 3029 1435 3123 1486; x_wconf 83' lang='grc' dir='ltr'>τὸν</span> <span class='ocrx_word' id='word_1_173' title='bbox 3169 1434 3265 1488; x_wconf 89' lang='grc' dir='ltr'><strong>τοῦ</strong></span> <span class='ocrx_word' id='word_1_174' title='bbox 3305 1437 3478 1507; x_wconf 82' lang='grc' dir='ltr'>πυρὸς</span> <span class='ocrx_word' id='word_1_175' title='bbox 3524 1438 3654 1492; x_wconf 79' lang='grc' dir='ltr'>ναὸν</span> <span class='ocrx_word' id='word_1_176' title='bbox 3707 1441 4013 1494; x_wconf 69' lang='grc' dir='ltr'>εἰσελθόντι</span> 
     </span>
    </p>
   </div>
   <div class='ocr_carea' id='block_1_28' title="bbox 2428 1515 4012 1598">
    <p class='ocr_par' dir='ltr' id='par_1_28' title="bbox 2428 1515 4012 1598">
     <span class='ocr_line' id='line_1_28' title="bbox 2428 1515 4012 1598; baseline 0.011 -29"><span class='ocrx_word' id='word_1_177' title='bbox 2428 1515 2516 1570; x_wconf 83' lang='grc' dir='ltr'>διὰ</span> <span class='ocrx_word' id='word_1_178' title='bbox 2539 1519 2912 1590; x_wconf 83' lang='grc' dir='ltr'>προσκύνησιν</span> <span class='ocrx_word' id='word_1_179' title='bbox 2940 1523 2989 1576; x_wconf 75' lang='lat' dir='ltr'><strong>oi</strong></span> <span class='ocrx_word' id='word_1_180' title='bbox 3020 1524 3114 1577; x_wconf 87' lang='grc' dir='ltr'><strong>τοῦ</strong></span> <span class='ocrx_word' id='word_1_181' title='bbox 3139 1525 3308 1597; x_wconf 79' lang='grc' dir='ltr'>πυρὸς</span> <span class='ocrx_word' id='word_1_182' title='bbox 3341 1526 3654 1598; x_wconf 76' lang='grc' dir='ltr'>λατρευταὶ,</span> <span class='ocrx_word' id='word_1_183' title='bbox 3681 1530 3803 1584; x_wconf 78' lang='grc' dir='ltr'>Εἰσί</span> <span class='ocrx_word' id='word_1_184' title='bbox 3837 1549 4012 1596; x_wconf 85' lang='grc' dir='ltr'>τινες,</span> 
     </span>
    </p>
   </div>
   <div class='ocr_carea' id='block_1_29' title="bbox 2432 1604 4013 1694">
    <p class='ocr_par' dir='ltr' id='par_1_29' title="bbox 2432 1604 4013 1694">
     <span class='ocr_line' id='line_1_29' title="bbox 2432 1604 4013 1694; baseline 0.011 -35"><span class='ocrx_word' id='word_1_185' title='bbox 2432 1604 2611 1674; x_wconf 85' lang='grc' dir='ltr'>εἷπον,</span> <span class='ocrx_word' id='word_1_186' title='bbox 2663 1611 2901 1667; x_wconf 71' lang='grc' dir='ltr'>ἐνταῦθα</span> <span class='ocrx_word' id='word_1_187' title='bbox 2955 1615 3276 1686; x_wconf 83' lang='grc' dir='ltr'>Χριστιανοὶ</span> <span class='ocrx_word' id='word_1_188' title='bbox 3325 1622 3517 1689; x_wconf 80' lang='grc' dir='ltr'>συχνὸν</span> <span class='ocrx_word' id='word_1_189' title='bbox 3557 1622 3656 1692; x_wconf 72' lang='grc' dir='ltr'>ήδη</span> <span class='ocrx_word' id='word_1_190' title='bbox 3705 1626 3901 1694; x_wconf 84' lang='grc' dir='ltr'>χρόνον</span> <span class='ocrx_word' id='word_1_191' title='bbox 3951 1629 4013 1678; x_wconf 70' lang='grc' dir='ltr'>ἐν</span> 
     </span>
    </p>
   </div>
   <div class='ocr_carea' id='block_1_30' title="bbox 2431 1699 4012 1786">
    <p class='ocr_par' dir='ltr' id='par_1_30' title="bbox 2431 1699 4012 1786">
     <span class='ocr_line' id='line_1_30' title="bbox 2431 1699 4012 1786; baseline 0.009 -33"><span class='ocrx_word' id='word_1_192' title='bbox 2431 1699 2666 1768; x_wconf 79' lang='grc' dir='ltr'>ἀσφαλεῖ</span> <span class='ocrx_word' id='word_1_193' title='bbox 2691 1706 2905 1777; x_wconf 81' lang='grc' dir='ltr'>φρουρᾷ</span> <span class='ocrx_word' id='word_1_194' title='bbox 2929 1708 3474 1781; x_wconf 72' lang='grc' dir='ltr'>κατακεκλεισμένοι.</span> <span class='ocrx_word' id='word_1_195' title='bbox 3505 1713 3555 1766; x_wconf 76' lang='grc' dir='ltr'>οἳ</span> <span class='ocrx_word' id='word_1_196' title='bbox 3596 1713 3688 1768; x_wconf 79' lang='grc' dir='ltr'>καὶ</span> <span class='ocrx_word' id='word_1_197' title='bbox 3717 1717 4012 1786; x_wconf 85' lang='grc' dir='ltr'>πρότερον,</span> 
     </span>
    </p>
   </div>
   <div class='ocr_carea' id='block_1_31' title="bbox 751 1767 2426 1876">
    <p class='ocr_par' dir='ltr' id='par_1_31' title="bbox 751 1767 2406 1854">
     <span class='ocr_line' id='line_1_31' title="bbox 751 1767 2406 1854; baseline 0.005 -24"><span class='ocrx_word' id='word_1_198' title='bbox 751 1779 1000 1844; x_wconf 87' lang='lat' dir='ltr'><strong>ticatum,</strong></span> <span class='ocrx_word' id='word_1_199' title='bbox 1036 1781 1378 1851; x_wconf 83' lang='lat' dir='ltr'><strong>gravissimis</strong></span> <span class='ocrx_word' id='word_1_200' title='bbox 1408 1782 1643 1854; x_wconf 81' lang='lat' dir='ltr'><strong>subjecti</strong></span> <span class='ocrx_word' id='word_1_201' title='bbox 1680 1785 1970 1854; x_wconf 86' lang='lat' dir='ltr'><strong>suppliciis</strong></span> <span class='ocrx_word' id='word_1_202' title='bbox 1999 1799 2064 1839; x_wconf 91' lang='lat' dir='ltr'><strong>ac</strong></span> <span class='ocrx_word' id='word_1_203' title='bbox 2093 1794 2332 1840; x_wconf 87' lang='lat' dir='ltr'><strong>tormeu-</strong></span> <span class='ocrx_word' id='word_1_204' title='bbox 2363 1767 2406 1823; x_wconf 74' lang='grc' dir='ltr'><strong>Β</strong></span> 
     </span>
    </p>
   </div>
   <div class='ocr_carea' id='block_1_32' title="bbox 2337 1767 4012 1876">
    <p class='ocr_par' dir='ltr' id='par_1_32' title="bbox 2363 1767 4012 1876">
     <span class='ocr_line' id='line_1_32' title="bbox 2363 1767 4012 1876; baseline 0.01 -31"><span class='ocrx_word' id='word_1_205' title='bbox 2363 1767 2406 1823; x_wconf 71' lang='grc' dir='ltr'><strong>Β</strong></span> <span class='ocrx_word' id='word_1_206' title='bbox 2431 1792 2672 1864; x_wconf 81' lang='grc' dir='ltr'>ὼςήμῐν</span> <span class='ocrx_word' id='word_1_207' title='bbox 2701 1767 2977 1870; x_wconf 36' lang='lat' dir='ltr'><strong>India-Or],</strong></span> <span class='ocrx_word' id='word_1_208' title='bbox 3007 1802 3289 1872; x_wconf 68' lang='grc' dir='ltr'>αἰκισμοῖς</span> <span class='ocrx_word' id='word_1_209' title='bbox 3301 1767 3526 1875; x_wconf 48' lang='grc' dir='ltr'>,σφόδρα</span> <span class='ocrx_word' id='word_1_210' title='bbox 3579 1767 4012 1876; x_wconf 41' lang='grc' dir='ltr'>χαλεπῶς-εἷ</span> 
     </span>
    </p>
   </div>
   <div class='ocr_carea' id='block_1_33' title="bbox 747 1873 2328 1948">
    <p class='ocr_par' dir='ltr' id='par_1_33' title="bbox 747 1873 2328 1948">
     <span class='ocr_line' id='line_1_33' title="bbox 747 1873 2328 1948; baseline 0.005 -23"><span class='ocrx_word' id='word_1_211' title='bbox 747 1873 837 1933; x_wconf 85' lang='lat' dir='ltr'><strong>tis,</strong></span> <span class='ocrx_word' id='word_1_212' title='bbox 885 1889 997 1928; x_wconf 90' lang='lat' dir='ltr'><strong>non</strong></span> <span class='ocrx_word' id='word_1_213' title='bbox 1048 1883 1348 1943; x_wconf 90' lang='lat' dir='ltr'><strong>potuerunt</strong></span> <span class='ocrx_word' id='word_1_214' title='bbox 1395 1875 1606 1940; x_wconf 87' lang='lat' dir='ltr'><strong>induci,</strong></span> <span class='ocrx_word' id='word_1_215' title='bbox 1660 1887 1723 1931; x_wconf 92' lang='lat' dir='ltr'><strong>ut</strong></span> <span class='ocrx_word' id='word_1_216' title='bbox 1783 1893 1937 1932; x_wconf 86' lang='lat' dir='ltr'><strong>suam</strong></span> <span class='ocrx_word' id='word_1_217' title='bbox 1990 1878 2328 1948; x_wconf 80' lang='lat' dir='ltr'><strong>abnegarent</strong></span> 
     </span>
    </p>
   </div>
   <div class='ocr_carea' id='block_1_34' title="bbox 746 1966 2330 2038">
    <p class='ocr_par' dir='ltr' id='par_1_34' title="bbox 746 1966 2330 2038">
     <span class='ocr_line' id='line_1_34' title="bbox 746 1966 2330 2038; baseline 0.007 -23"><span class='ocrx_word' id='word_1_218' title='bbox 746 1966 1092 2034; x_wconf 90' lang='lat' dir='ltr'><strong>religionem.</strong></span> <span class='ocrx_word' id='word_1_219' title='bbox 1134 1967 1260 2022; x_wconf 66' lang='lat' dir='ltr'><strong>Haec</strong></span> <span class='ocrx_word' id='word_1_220' title='bbox 1291 1983 1417 2022; x_wconf 87' lang='lat' dir='ltr'><strong>cum</strong></span> <span class='ocrx_word' id='word_1_221' title='bbox 1471 1969 1588 2038; x_wconf 89' lang='lat' dir='ltr'><strong>ipse</strong></span> <span class='ocrx_word' id='word_1_222' title='bbox 1631 1970 1954 2036; x_wconf 86' lang='lat' dir='ltr'><strong>audivisset,</strong></span> <span class='ocrx_word' id='word_1_223' title='bbox 2002 1987 2101 2026; x_wconf 90' lang='lat' dir='ltr'><strong>eos</strong></span> <span class='ocrx_word' id='word_1_224' title='bbox 2145 1971 2330 2028; x_wconf 83' lang='lat' dir='ltr'><strong>statim</strong></span> 
     </span>
    </p>
   </div>
   <div class='ocr_carea' id='block_1_35' title="bbox 743 2058 2332 2129">
    <p class='ocr_par' dir='ltr' id='par_1_35' title="bbox 743 2058 2332 2129">
     <span class='ocr_line' id='line_1_35' title="bbox 743 2058 2332 2129; baseline 0.005 -19"><span class='ocrx_word' id='word_1_225' title='bbox 743 2058 900 2126; x_wconf 85' lang='lat' dir='ltr'><strong>jubet</strong></span> <span class='ocrx_word' id='word_1_226' title='bbox 955 2058 1079 2114; x_wconf 86' lang='lat' dir='ltr'><strong>sisti</strong></span> <span class='ocrx_word' id='word_1_227' title='bbox 1111 2075 1215 2129; x_wconf 94' lang='lat' dir='ltr'><strong>pro</strong></span> <span class='ocrx_word' id='word_1_228' title='bbox 1251 2061 1535 2126; x_wconf 83' lang='lat' dir='ltr'><strong>tribunali,</strong></span> <span class='ocrx_word' id='word_1_229' title='bbox 1584 2070 1640 2115; x_wconf 91' lang='lat' dir='ltr'><strong>et</strong></span> <span class='ocrx_word' id='word_1_230' title='bbox 1677 2063 1759 2117; x_wconf 91' lang='lat' dir='ltr'><strong>eis</strong></span> <span class='ocrx_word' id='word_1_231' title='bbox 1813 2063 1992 2118; x_wconf 87' lang='lat' dir='ltr'><strong>dicit:</strong></span> <span class='ocrx_word' id='word_1_232' title='bbox 2045 2063 2182 2118; x_wconf 85' lang='lat' dir='ltr'><strong>Cum</strong></span> <span class='ocrx_word' id='word_1_233' title='bbox 2233 2079 2332 2118; x_wconf 91' lang='lat' dir='ltr'><strong>rex</strong></span> 
     </span>
    </p>
   </div>
   <div class='ocr_carea' id='block_1_36' title="bbox 745 2151 2332 2224">
    <p class='ocr_par' dir='ltr' id='par_1_36' title="bbox 745 2151 2332 2224">
     <span class='ocr_line' id='line_1_36' title="bbox 745 2151 2332 2224; baseline 0.006 -21"><span class='ocrx_word' id='word_1_234' title='bbox 745 2151 987 2220; x_wconf 85' lang='lat' dir='ltr'><strong>Sapores</strong></span> <span class='ocrx_word' id='word_1_235' title='bbox 1020 2157 1261 2208; x_wconf 86' lang='lat' dir='ltr'><strong>munitas</strong></span> <span class='ocrx_word' id='word_1_236' title='bbox 1291 2155 1516 2224; x_wconf 90' lang='lat' dir='ltr'><strong>quidem</strong></span> <span class='ocrx_word' id='word_1_237' title='bbox 1548 2164 1605 2211; x_wconf 94' lang='lat' dir='ltr'><strong>et</strong></span> <span class='ocrx_word' id='word_1_238' title='bbox 1642 2158 1852 2212; x_wconf 88' lang='lat' dir='ltr'><strong>validas</strong></span> <span class='ocrx_word' id='word_1_239' title='bbox 1895 2158 2161 2213; x_wconf 83' lang='lat' dir='ltr'><strong>everterit</strong></span> <span class='ocrx_word' id='word_1_240' title='bbox 2194 2158 2332 2214; x_wconf 82' lang='lat' dir='ltr'><strong>civi-</strong></span> 
     </span>
    </p>
   </div>
   <div class='ocr_carea' id='block_1_37' title="bbox 749 2252 2333 2325">
    <p class='ocr_par' dir='ltr' id='par_1_37' title="bbox 749 2252 2333 2325">
     <span class='ocr_line' id='line_1_37' title="bbox 749 2252 2333 2325; baseline 0.002 -19"><span class='ocrx_word' id='word_1_241' title='bbox 749 2261 909 2315; x_wconf 87' lang='lat' dir='ltr'><strong>tates,</strong></span> <span class='ocrx_word' id='word_1_242' title='bbox 943 2261 1001 2306; x_wconf 90' lang='lat' dir='ltr'><strong>et</strong></span> <span class='ocrx_word' id='word_1_243' title='bbox 1031 2252 1230 2307; x_wconf 86' lang='lat' dir='ltr'><strong>multas</strong></span> <span class='ocrx_word' id='word_1_244' title='bbox 1260 2264 1454 2323; x_wconf 85' lang='lat' dir='ltr'><strong>gentes</strong></span> <span class='ocrx_word' id='word_1_245' title='bbox 1473 2262 1794 2324; x_wconf 90' lang='lat' dir='ltr'><strong>oppugnatu</strong></span> <span class='ocrx_word' id='word_1_246' title='bbox 1820 2254 2072 2310; x_wconf 79' lang='lat' dir='ltr'><strong>diﬂiciles</strong></span> <span class='ocrx_word' id='word_1_247' title='bbox 2106 2255 2333 2325; x_wconf 90' lang='lat' dir='ltr'><strong>redege-</strong></span> 
     </span>
    </p>
   </div>
   <div class='ocr_carea' id='block_1_38' title="bbox 746 2346 2331 2416">
    <p class='ocr_par' dir='ltr' id='par_1_38' title="bbox 746 2346 2331 2416">
     <span class='ocr_line' id='line_1_38' title="bbox 746 2346 2331 2416; baseline 0.002 -18"><span class='ocrx_word' id='word_1_248' title='bbox 746 2347 816 2398; x_wconf 91' lang='lat' dir='ltr'><strong>rit</strong></span> <span class='ocrx_word' id='word_1_249' title='bbox 855 2346 910 2399; x_wconf 92' lang='lat' dir='ltr'><strong>in</strong></span> <span class='ocrx_word' id='word_1_250' title='bbox 943 2346 1292 2410; x_wconf 87' lang='lat' dir='ltr'><strong>servitutem,</strong></span> <span class='ocrx_word' id='word_1_251' title='bbox 1360 2346 1639 2415; x_wconf 90' lang='lat' dir='ltr'><strong>quomodo</strong></span> <span class='ocrx_word' id='word_1_252' title='bbox 1667 2361 1784 2411; x_wconf 90' lang='lat' dir='ltr'><strong>vos,</strong></span> <span class='ocrx_word' id='word_1_253' title='bbox 1818 2348 1910 2416; x_wconf 92' lang='lat' dir='ltr'><strong>qui</strong></span> <span class='ocrx_word' id='word_1_254' title='bbox 1951 2347 2084 2402; x_wconf 83' lang='lat' dir='ltr'><strong>estis</strong></span> <span class='ocrx_word' id='word_1_255' title='bbox 2108 2346 2331 2416; x_wconf 87' lang='lat' dir='ltr'><strong>quidem</strong></span> 
     </span>
    </p>
   </div>
   <div class='ocr_carea' id='block_1_39' title="bbox 747 2435 2336 2508">
    <p class='ocr_par' dir='ltr' id='par_1_39' title="bbox 747 2435 2336 2508">
     <span class='ocr_line' id='line_1_39' title="bbox 747 2435 2336 2508; baseline 0.003 -22"><span class='ocrx_word' id='word_1_256' title='bbox 747 2435 802 2488; x_wconf 90' lang='lat' dir='ltr'><strong>in</strong></span> <span class='ocrx_word' id='word_1_257' title='bbox 827 2436 949 2504; x_wconf 85' lang='lat' dir='ltr'><strong>ejus</strong></span> <span class='ocrx_word' id='word_1_258' title='bbox 991 2445 1281 2505; x_wconf 83' lang='lat' dir='ltr'><strong>potestate,</strong></span> <span class='ocrx_word' id='word_1_259' title='bbox 1312 2438 1432 2508; x_wconf 85' lang='lat' dir='ltr'><strong>ejus</strong></span> <span class='ocrx_word' id='word_1_260' title='bbox 1460 2449 1643 2491; x_wconf 86' lang='lat' dir='ltr'><strong>autem</strong></span> <span class='ocrx_word' id='word_1_261' title='bbox 1682 2448 1844 2492; x_wconf 66' lang='lat' dir='ltr'><strong>terra:</strong></span> <span class='ocrx_word' id='word_1_262' title='bbox 1887 2439 2105 2492; x_wconf 88' lang='lat' dir='ltr'><strong>habetis</strong></span> <span class='ocrx_word' id='word_1_263' title='bbox 2146 2453 2336 2493; x_wconf 82' lang='lat' dir='ltr'><strong>usum-</strong></span> 
     </span>
    </p>
   </div>
   <div class='ocr_carea' id='block_1_40' title="bbox 747 2527 2333 2600">
    <p class='ocr_par' dir='ltr' id='par_1_40' title="bbox 747 2527 2333 2600">
     <span class='ocr_line' id='line_1_40' title="bbox 747 2527 2333 2600; baseline 0.003 -24"><span class='ocrx_word' id='word_1_264' title='bbox 747 2527 1010 2592; x_wconf 79' lang='lat' dir='ltr'><strong>fructum,</strong></span> <span class='ocrx_word' id='word_1_265' title='bbox 1035 2529 1263 2599; x_wconf 85' lang='lat' dir='ltr'><strong>perinde</strong></span> <span class='ocrx_word' id='word_1_266' title='bbox 1284 2544 1349 2582; x_wconf 90' lang='lat' dir='ltr'><strong>ac</strong></span> <span class='ocrx_word' id='word_1_267' title='bbox 1371 2530 1465 2597; x_wconf 90' lang='lat' dir='ltr'><strong>qui</strong></span> <span class='ocrx_word' id='word_1_268' title='bbox 1495 2529 1562 2583; x_wconf 89' lang='lat' dir='ltr'><strong>ab</strong></span> <span class='ocrx_word' id='word_1_269' title='bbox 1586 2545 1651 2583; x_wconf 89' lang='lat' dir='ltr'><strong>eo</strong></span> <span class='ocrx_word' id='word_1_270' title='bbox 1669 2530 2003 2594; x_wconf 78' lang='lat' dir='ltr'><strong>defeceritis,</strong></span> <span class='ocrx_word' id='word_1_271' title='bbox 2040 2531 2158 2600; x_wconf 81' lang='lat' dir='ltr'><strong>ejus</strong></span> <span class='ocrx_word' id='word_1_272' title='bbox 2183 2529 2333 2599; x_wconf 88' lang='lat' dir='ltr'><strong>jussa</strong></span> 
     </span>
    </p>
   </div>
   <div class='ocr_carea' id='block_1_41' title="bbox 749 2619 2333 2689">
    <p class='ocr_par' dir='ltr' id='par_1_41' title="bbox 749 2619 2333 2689">
     <span class='ocr_line' id='line_1_41' title="bbox 749 2619 2333 2689; baseline 0 -18"><span class='ocrx_word' id='word_1_273' title='bbox 749 2627 1038 2687; x_wconf 62' lang='lat' dir='ltr'><strong>tantopere</strong></span> <span class='ocrx_word' id='word_1_274' title='bbox 1075 2620 1404 2689; x_wconf 88' lang='lat' dir='ltr'><strong>despicitis?</strong></span> <span class='ocrx_word' id='word_1_275' title='bbox 1454 2620 1536 2673; x_wconf 71' lang='lat' dir='ltr'><strong>Ad</strong></span> <span class='ocrx_word' id='word_1_276' title='bbox 1569 2620 1685 2674; x_wconf 61' lang='lat' dir='ltr'><strong>hac</strong></span> <span class='ocrx_word' id='word_1_277' title='bbox 1734 2620 1937 2688; x_wconf 82' lang='lat' dir='ltr'><strong>Joseph</strong></span> <span class='ocrx_word' id='word_1_278' title='bbox 1971 2620 2061 2674; x_wconf 90' lang='lat' dir='ltr'><strong>ille</strong></span> <span class='ocrx_word' id='word_1_279' title='bbox 2090 2619 2333 2672; x_wconf 88' lang='lat' dir='ltr'><strong>admira-</strong></span> 
     </span>
    </p>
   </div>
   <div class='ocr_carea' id='block_1_42' title="bbox 749 2712 2336 2783">
    <p class='ocr_par' dir='ltr' id='par_1_42' title="bbox 749 2712 2336 2783">
     <span class='ocr_line' id='line_1_42' title="bbox 749 2712 2336 2783; baseline -0.001 -17"><span class='ocrx_word' id='word_1_280' title='bbox 749 2713 879 2767; x_wconf 87' lang='lat' dir='ltr'><strong>bilis</strong></span> <span class='ocrx_word' id='word_1_281' title='bbox 902 2728 916 2766; x_wconf 92' lang='lat'><strong>:</strong></span> <span class='ocrx_word' id='word_1_282' title='bbox 938 2712 994 2766; x_wconf 90' lang='lat' dir='ltr'><strong>Si</strong></span> <span class='ocrx_word' id='word_1_283' title='bbox 1016 2712 1382 2782; x_wconf 82' lang='lat' dir='ltr'><strong>tyrannidem,</strong></span> <span class='ocrx_word' id='word_1_284' title='bbox 1408 2713 1609 2783; x_wconf 89' lang='lat' dir='ltr'><strong>inquit,</strong></span> <span class='ocrx_word' id='word_1_285' title='bbox 1632 2723 1687 2766; x_wconf 82' lang='lat' dir='ltr'><strong>et</strong></span> <span class='ocrx_word' id='word_1_286' title='bbox 1716 2712 2071 2768; x_wconf 86' lang='lat' dir='ltr'><strong>rebellionem</strong></span> <span class='ocrx_word' id='word_1_287' title='bbox 2098 2712 2336 2781; x_wconf 85' lang='lat' dir='ltr'><strong>aliquam</strong></span> 
     </span>
    </p>
   </div>
   <div class='ocr_carea' id='block_1_43' title="bbox 748 2806 2340 2877">
    <p class='ocr_par' dir='ltr' id='par_1_43' title="bbox 748 2806 2340 2877">
     <span class='ocr_line' id='line_1_43' title="bbox 748 2806 2340 2877; baseline -0.001 -18"><span class='ocrx_word' id='word_1_288' title='bbox 748 2806 1111 2860; x_wconf 83' lang='lat' dir='ltr'><strong>movissemus</strong></span> <span class='ocrx_word' id='word_1_289' title='bbox 1126 2806 1389 2861; x_wconf 87' lang='lat' dir='ltr'><strong>adversus</strong></span> <span class='ocrx_word' id='word_1_290' title='bbox 1413 2820 1594 2877; x_wconf 87' lang='lat' dir='ltr'><strong>regem</strong></span> <span class='ocrx_word' id='word_1_291' title='bbox 1621 2816 1890 2866; x_wconf 83' lang='lat' dir='ltr'><strong>vestrum.</strong></span> <span class='ocrx_word' id='word_1_292' title='bbox 1918 2815 2202 2876; x_wconf 86' lang='lat' dir='ltr'><strong>oporteret</strong></span> <span class='ocrx_word' id='word_1_293' title='bbox 2221 2820 2340 2858; x_wconf 92' lang='lat' dir='ltr'><strong>om-</strong></span> 
     </span>
    </p>
   </div>
   <div class='ocr_carea' id='block_1_44' title="bbox 751 2893 2337 2963">
    <p class='ocr_par' dir='ltr' id='par_1_44' title="bbox 751 2893 2337 2963">
     <span class='ocr_line' id='line_1_44' title="bbox 751 2893 2337 2963; baseline -0.001 -16"><span class='ocrx_word' id='word_1_294' title='bbox 751 2895 881 2948; x_wconf 83' lang='lat' dir='ltr'><strong>nino</strong></span> <span class='ocrx_word' id='word_1_295' title='bbox 905 2893 1084 2963; x_wconf 88' lang='lat' dir='ltr'><strong>ipsum</strong></span> <span class='ocrx_word' id='word_1_296' title='bbox 1111 2894 1276 2948; x_wconf 89' lang='lat' dir='ltr'><strong>illatis</strong></span> <span class='ocrx_word' id='word_1_297' title='bbox 1302 2895 1473 2948; x_wconf 89' lang='lat' dir='ltr'><strong>armis</strong></span> <span class='ocrx_word' id='word_1_298' title='bbox 1496 2903 1551 2948; x_wconf 89' lang='lat' dir='ltr'><strong>et</strong></span> <span class='ocrx_word' id='word_1_299' title='bbox 1582 2901 1773 2948; x_wconf 89' lang='lat' dir='ltr'><strong>coacto</strong></span> <span class='ocrx_word' id='word_1_300' title='bbox 1793 2894 2034 2947; x_wconf 80' lang='lat' dir='ltr'><strong>exercitu</strong></span> <span class='ocrx_word' id='word_1_301' title='bbox 2055 2907 2158 2946; x_wconf 87' lang='lat' dir='ltr'><strong>nos</strong></span> <span class='ocrx_word' id='word_1_302' title='bbox 2181 2893 2337 2946; x_wconf 83' lang='lat' dir='ltr'><strong>inva-</strong></span> 
     </span>
    </p>
   </div>
   <div class='ocr_carea' id='block_1_45' title="bbox 2427 1885 4013 1968">
    <p class='ocr_par' dir='ltr' id='par_1_45' title="bbox 2427 1885 4013 1968">
     <span class='ocr_line' id='line_1_45' title="bbox 2427 1885 4013 1968; baseline 0.009 -30"><span class='ocrx_word' id='word_1_303' title='bbox 2427 1885 2721 1954; x_wconf 68' lang='grc' dir='ltr'>ϐληθέντες</span> <span class='ocrx_word' id='word_1_304' title='bbox 2742 1889 2843 1960; x_wconf 82' lang='grc' dir='ltr'>τῆς</span> <span class='ocrx_word' id='word_1_305' title='bbox 2869 1891 3002 1955; x_wconf 85' lang='grc' dir='ltr'>ίδίας</span> <span class='ocrx_word' id='word_1_306' title='bbox 3032 1894 3134 1946; x_wconf 83' lang='grc' dir='ltr'>οὐκ</span> <span class='ocrx_word' id='word_1_307' title='bbox 3154 1895 3487 1967; x_wconf 66' lang='grc' dir='ltr'>επείσθησαν</span> <span class='ocrx_word' id='word_1_308' title='bbox 3506 1897 3721 1968; x_wconf 74' lang='grc' dir='ltr'>ἔξαρνοι</span> <span class='ocrx_word' id='word_1_309' title='bbox 3751 1900 4013 1967; x_wconf 79' lang='grc' dir='ltr'>γενέσθαι</span> 
     </span>
    </p>
   </div>
   <div class='ocr_carea' id='block_1_46' title="bbox 2428 1979 4010 2061">
    <p class='ocr_par' dir='ltr' id='par_1_46' title="bbox 2428 1979 4010 2061">
     <span class='ocr_line' id='line_1_46' title="bbox 2428 1979 4010 2061; baseline 0.008 -29"><span class='ocrx_word' id='word_1_310' title='bbox 2428 1979 2747 2050; x_wconf 76' lang='grc' dir='ltr'>θρησκείας.</span> <span class='ocrx_word' id='word_1_311' title='bbox 2780 1981 3002 2037; x_wconf 85' lang='grc' dir='ltr'>Τούτων</span> <span class='ocrx_word' id='word_1_312' title='bbox 3035 1984 3200 2051; x_wconf 77' lang='grc' dir='ltr'>αὐτὸς</span> <span class='ocrx_word' id='word_1_313' title='bbox 3228 1987 3470 2050; x_wconf 89' lang='grc' dir='ltr'>ἀκούσας</span> <span class='ocrx_word' id='word_1_314' title='bbox 3504 1991 3847 2061; x_wconf 79' lang='grc' dir='ltr'>παραχρῆμα</span> <span class='ocrx_word' id='word_1_315' title='bbox 3880 1994 4010 2053; x_wconf 73' lang='grc' dir='ltr'>τοὺς</span> 
     </span>
    </p>
   </div>
   <div class='ocr_carea' id='block_1_47' title="bbox 2426 2072 4008 2153">
    <p class='ocr_par' dir='ltr' id='par_1_47' title="bbox 2426 2072 4008 2153">
     <span class='ocr_line' id='line_1_47' title="bbox 2426 2072 4008 2153; baseline 0.006 -27"><span class='ocrx_word' id='word_1_316' title='bbox 2426 2072 2621 2141; x_wconf 75' lang='grc' dir='ltr'>ἁγίους</span> <span class='ocrx_word' id='word_1_317' title='bbox 2667 2073 2747 2145; x_wconf 80' lang='grc' dir='ltr'><strong>τῷ</strong></span> <span class='ocrx_word' id='word_1_318' title='bbox 2781 2076 2985 2147; x_wconf 76' lang='grc' dir='ltr'>βήματι</span> <span class='ocrx_word' id='word_1_319' title='bbox 3037 2079 3386 2150; x_wconf 79' lang='grc' dir='ltr'>παραστῆναι</span> <span class='ocrx_word' id='word_1_320' title='bbox 3437 2081 3672 2148; x_wconf 80' lang='grc' dir='ltr'>κελεύει,</span> <span class='ocrx_word' id='word_1_321' title='bbox 3713 2084 3810 2136; x_wconf 88' lang='grc' dir='ltr'><strong>καί</strong></span> <span class='ocrx_word' id='word_1_322' title='bbox 3868 2101 4008 2153; x_wconf 71' lang='grc' dir='ltr'>φησι</span> 
     </span>
    </p>
   </div>
   <div class='ocr_carea' id='block_1_48' title="bbox 2430 2166 4010 2244">
    <p class='ocr_par' dir='ltr' id='par_1_48' title="bbox 2430 2166 4010 2244">
     <span class='ocr_line' id='line_1_48' title="bbox 2430 2166 4010 2244; baseline 0.004 -25"><span class='ocrx_word' id='word_1_323' title='bbox 2430 2166 2569 2236; x_wconf 82' lang='grc' dir='ltr'>πρὸς</span> <span class='ocrx_word' id='word_1_324' title='bbox 2620 2167 2840 2232; x_wconf 80' lang='grc' dir='ltr'>αὐτούς’</span> <span class='ocrx_word' id='word_1_325' title='bbox 2880 2170 2987 2223; x_wconf 90' lang='grc' dir='ltr'>Τοῦ</span> <span class='ocrx_word' id='word_1_326' title='bbox 3044 2172 3310 2241; x_wconf 73' lang='grc' dir='ltr'>βασιλέως</span> <span class='ocrx_word' id='word_1_327' title='bbox 3354 2174 3640 2244; x_wconf 87' lang='grc' dir='ltr'>Σαπωρίου</span> <span class='ocrx_word' id='word_1_328' title='bbox 3688 2176 3870 2239; x_wconf 84' lang='grc' dir='ltr'>πόλεις</span> <span class='ocrx_word' id='word_1_329' title='bbox 3903 2176 4010 2244; x_wconf 73' lang='grc' dir='ltr'>μὲν</span> 
     </span>
    </p>
   </div>
   <div class='ocr_carea' id='block_1_49' title="bbox 2429 2259 4012 2337">
    <p class='ocr_par' dir='ltr' id='par_1_49' title="bbox 2429 2259 4012 2337">
     <span class='ocr_line' id='line_1_49' title="bbox 2429 2259 4012 2337; baseline 0.005 -26"><span class='ocrx_word' id='word_1_330' title='bbox 2429 2259 2632 2330; x_wconf 83' lang='grc' dir='ltr'>ὀχυρὰς</span> <span class='ocrx_word' id='word_1_331' title='bbox 2657 2263 3207 2335; x_wconf 75' lang='grc' dir='ltr'>καταστρεψαμένου,</span> <span class='ocrx_word' id='word_1_332' title='bbox 3238 2265 3366 2337; x_wconf 77' lang='grc' dir='ltr'>ἔθνη</span> <span class='ocrx_word' id='word_1_333' title='bbox 3401 2284 3460 2320; x_wconf 86' lang='grc' dir='ltr'><strong>τε</strong></span> <span class='ocrx_word' id='word_1_334' title='bbox 3492 2270 3718 2320; x_wconf 88' lang='grc' dir='ltr'>πλεῖστα</span> <span class='ocrx_word' id='word_1_335' title='bbox 3743 2269 4012 2322; x_wconf 71' lang='grc' dir='ltr'>καταδου-</span> 
     </span>
    </p>
   </div>
   <div class='ocr_carea' id='block_1_50' title="bbox 2429 2353 4012 2432">
    <p class='ocr_par' dir='ltr' id='par_1_50' title="bbox 2429 2353 4012 2432">
     <span class='ocr_line' id='line_1_50' title="bbox 2429 2353 4012 2432; baseline 0.005 -26"><span class='ocrx_word' id='word_1_336' title='bbox 2429 2353 2745 2423; x_wconf 80' lang='grc' dir='ltr'>λωσαμένου</span> <span class='ocrx_word' id='word_1_337' title='bbox 2781 2355 3289 2425; x_wconf 86' lang='grc' dir='ltr'>δυσκαταγώνιστα,</span> <span class='ocrx_word' id='word_1_338' title='bbox 3314 2360 3431 2422; x_wconf 87' lang='grc' dir='ltr'><strong>πῶς</strong></span> <span class='ocrx_word' id='word_1_339' title='bbox 3463 2361 3618 2429; x_wconf 80' lang='grc' dir='ltr'>ὑμεῖς</span> <span class='ocrx_word' id='word_1_340' title='bbox 3651 2361 3755 2414; x_wconf 80' lang='grc' dir='ltr'>ὑπὸ</span> <span class='ocrx_word' id='word_1_341' title='bbox 3779 2361 3879 2432; x_wconf 80' lang='grc' dir='ltr'>τὴν</span> <span class='ocrx_word' id='word_1_342' title='bbox 3904 2363 4012 2416; x_wconf 81' lang='grc' dir='ltr'>αύ-</span> 
     </span>
    </p>
   </div>
   <div class='ocr_carea' id='block_1_51' title="bbox 2430 2447 4008 2523">
    <p class='ocr_par' dir='ltr' id='par_1_51' title="bbox 2430 2447 4008 2523">
     <span class='ocr_line' id='line_1_51' title="bbox 2430 2447 4008 2523; baseline 0.005 -25"><span class='ocrx_word' id='word_1_343' title='bbox 2430 2447 2525 2499; x_wconf 91' lang='grc' dir='ltr'><strong>τοῦ</strong></span> <span class='ocrx_word' id='word_1_344' title='bbox 2559 2447 2658 2516; x_wconf 66' lang='grc' dir='ltr'>μὲν</span> <span class='ocrx_word' id='word_1_345' title='bbox 2682 2450 2842 2518; x_wconf 81' lang='grc' dir='ltr'>χεῖρα</span> <span class='ocrx_word' id='word_1_346' title='bbox 2867 2449 3169 2514; x_wconf 90' lang='grc' dir='ltr'>τελοῦντες,</span> <span class='ocrx_word' id='word_1_347' title='bbox 3207 2451 3299 2522; x_wconf 79' lang='grc' dir='ltr'>τὴν</span> <span class='ocrx_word' id='word_1_348' title='bbox 3334 2453 3499 2505; x_wconf 82' lang='grc' dir='ltr'>αὐτοῦ</span> <span class='ocrx_word' id='word_1_349' title='bbox 3536 2452 3591 2506; x_wconf 83' lang='grc' dir='ltr'>δὲ</span> <span class='ocrx_word' id='word_1_350' title='bbox 3629 2453 4008 2523; x_wconf 82' lang='grc' dir='ltr'>καρπούμενοι</span> 
     </span>
    </p>
   </div>
   <div class='ocr_carea' id='block_1_52' title="bbox 2433 2539 4008 2613">
    <p class='ocr_par' dir='ltr' id='par_1_52' title="bbox 2433 2539 4008 2613">
     <span class='ocr_line' id='line_1_52' title="bbox 2433 2539 4008 2613; baseline 0.004 -22"><span class='ocrx_word' id='word_1_351' title='bbox 2433 2540 2556 2608; x_wconf 79' lang='grc' dir='ltr'>γῆν,</span> <span class='ocrx_word' id='word_1_352' title='bbox 2575 2539 2764 2611; x_wconf 81' lang='grc' dir='ltr'>ὥσπερ</span> <span class='ocrx_word' id='word_1_353' title='bbox 2790 2542 3093 2597; x_wconf 77' lang='grc' dir='ltr'>ἀποστάται</span> <span class='ocrx_word' id='word_1_354' title='bbox 3123 2544 3268 2604; x_wconf 81' lang='grc' dir='ltr'>τινὲς</span> <span class='ocrx_word' id='word_1_355' title='bbox 3285 2545 3486 2611; x_wconf 79' lang='grc' dir='ltr'>πολλὴν</span> <span class='ocrx_word' id='word_1_356' title='bbox 3507 2544 3668 2598; x_wconf 86' lang='grc' dir='ltr'>αὑτοῦ</span> <span class='ocrx_word' id='word_1_357' title='bbox 3690 2547 4008 2613; x_wconf 75' lang='grc' dir='ltr'>κατέγνωτε</span> 
     </span>
    </p>
   </div>
   <div class='ocr_carea' id='block_1_53' title="bbox 2436 2632 4010 2709">
    <p class='ocr_par' dir='ltr' id='par_1_53' title="bbox 2436 2632 4010 2709">
     <span class='ocr_line' id='line_1_53' title="bbox 2436 2632 4010 2709; baseline 0.003 -24"><span class='ocrx_word' id='word_1_358' title='bbox 2436 2632 2544 2685; x_wconf 87' lang='grc' dir='ltr'><strong>τῶν</strong></span> <span class='ocrx_word' id='word_1_359' title='bbox 2572 2636 3012 2704; x_wconf 82' lang='grc' dir='ltr'>προσταγμάτων</span> <span class='ocrx_word' id='word_1_360' title='bbox 3042 2636 3371 2707; x_wconf 80' lang='grc' dir='ltr'>ὀλιγωρίαν;</span> <span class='ocrx_word' id='word_1_361' title='bbox 3404 2639 3547 2709; x_wconf 68' lang='lat' dir='ltr'><strong>[Ich</strong></span> <span class='ocrx_word' id='word_1_362' title='bbox 3593 2637 3767 2692; x_wconf 88' lang='grc' dir='ltr'>ταῦτα</span> <span class='ocrx_word' id='word_1_363' title='bbox 3813 2640 3841 2691; x_wconf 87' lang='grc' dir='ltr'><strong>ό</strong></span> <span class='ocrx_word' id='word_1_364' title='bbox 3873 2639 4010 2692; x_wconf 80' lang='grc' dir='ltr'>θαυ-</span> 
     </span>
    </p>
   </div>
   <div class='ocr_carea' id='block_1_54' title="bbox 2440 2727 4008 2798">
    <p class='ocr_par' dir='ltr' id='par_1_54' title="bbox 2440 2727 4008 2798">
     <span class='ocr_line' id='line_1_54' title="bbox 2440 2727 4008 2798; baseline 0.001 -19"><span class='ocrx_word' id='word_1_365' title='bbox 2440 2727 2644 2795; x_wconf 81' lang='grc' dir='ltr'>μαστὸς</span> <span class='ocrx_word' id='word_1_366' title='bbox 2685 2727 2903 2796; x_wconf 79' lang='grc' dir='ltr'>Ἰωσὴφ,</span> <span class='ocrx_word' id='word_1_367' title='bbox 2945 2727 3005 2780; x_wconf 81' lang='lat' dir='ltr'><strong>Ei</strong></span> <span class='ocrx_word' id='word_1_368' title='bbox 3037 2728 3323 2798; x_wconf 85' lang='grc' dir='ltr'>τυραννίδα</span> <span class='ocrx_word' id='word_1_369' title='bbox 3366 2729 3487 2784; x_wconf 81' lang='grc' dir='ltr'>τινὰ</span> <span class='ocrx_word' id='word_1_370' title='bbox 3517 2730 3611 2785; x_wconf 75' lang='grc' dir='ltr'>καὶ</span> <span class='ocrx_word' id='word_1_371' title='bbox 3639 2730 4008 2794; x_wconf 79' lang='grc' dir='ltr'>ἀποστασίαν,</span> 
     </span>
    </p>
   </div>
   <div class='ocr_carea' id='block_1_55' title="bbox 2431 2820 4009 2895">
    <p class='ocr_par' dir='ltr' id='par_1_55' title="bbox 2431 2820 4009 2895">
     <span class='ocr_line' id='line_1_55' title="bbox 2431 2820 4009 2895; baseline 0.004 -25"><span class='ocrx_word' id='word_1_372' title='bbox 2431 2820 2561 2887; x_wconf 71' lang='grc' dir='ltr'>ἔφη,</span> <span class='ocrx_word' id='word_1_373' title='bbox 2613 2821 2755 2872; x_wconf 86' lang='grc' dir='ltr'><strong>κατά</strong></span> <span class='ocrx_word' id='word_1_374' title='bbox 2805 2821 2901 2874; x_wconf 89' lang='grc' dir='ltr'><strong>τοῦ</strong></span> <span class='ocrx_word' id='word_1_375' title='bbox 2951 2822 3216 2891; x_wconf 81' lang='grc' dir='ltr'>βασιλέως</span> <span class='ocrx_word' id='word_1_376' title='bbox 3263 2824 3416 2893; x_wconf 89' lang='grc' dir='ltr'>ὑμῶν</span> <span class='ocrx_word' id='word_1_377' title='bbox 3457 2824 3848 2895; x_wconf 85' lang='grc' dir='ltr'>κεκινήκαμεν,</span> <span class='ocrx_word' id='word_1_378' title='bbox 3892 2823 4009 2877; x_wconf 77' lang='grc' dir='ltr'>ἔδει</span> 
     </span>
    </p>
   </div>
   <div class='ocr_carea' id='block_1_56' title="bbox 2436 2909 4011 2984">
    <p class='ocr_par' dir='ltr' id='par_1_56' title="bbox 2436 2909 4011 2984">
     <span class='ocr_line' id='line_1_56' title="bbox 2436 2909 4011 2984; baseline 0.003 -23"><span class='ocrx_word' id='word_1_379' title='bbox 2436 2911 2653 2974; x_wconf 79' lang='grc' dir='ltr'>πάντως</span> <span class='ocrx_word' id='word_1_380' title='bbox 2679 2909 2838 2964; x_wconf 83' lang='grc' dir='ltr'>αὑτὸν</span> <span class='ocrx_word' id='word_1_381' title='bbox 2867 2912 3006 2964; x_wconf 81' lang='grc' dir='ltr'>ὅπλα</span> <span class='ocrx_word' id='word_1_382' title='bbox 3033 2928 3091 2965; x_wconf 91' lang='grc' dir='ltr'><strong>τε</strong></span> <span class='ocrx_word' id='word_1_383' title='bbox 3115 2914 3208 2966; x_wconf 83' lang='grc' dir='ltr'>καὶ</span> <span class='ocrx_word' id='word_1_384' title='bbox 3237 2913 3479 2984; x_wconf 72' lang='grc' dir='ltr'>στρατδνι</span> <span class='ocrx_word' id='word_1_385' title='bbox 3503 2914 3839 2984; x_wconf 78' lang='grc' dir='ltr'>ἐπαγόμενον</span> <span class='ocrx_word' id='word_1_386' title='bbox 3869 2917 4011 2983; x_wconf 77' lang='grc' dir='ltr'>ἡμῖν</span> 
     </span>
    </p>
   </div>
   <div class='ocr_carea' id='block_1_57' title="bbox 749 2983 2424 3096">
    <p class='ocr_par' dir='ltr' id='par_1_57' title="bbox 749 2983 2402 3096">
     <span class='ocr_line' id='line_1_57' title="bbox 749 2983 2402 3096; baseline -0.002 -57"><span class='ocrx_word' id='word_1_387' title='bbox 749 2983 905 3049; x_wconf 87' lang='lat' dir='ltr'><strong>dere,</strong></span> <span class='ocrx_word' id='word_1_388' title='bbox 924 2986 1202 3039; x_wconf 90' lang='lat' dir='ltr'><strong>autalium</strong></span> <span class='ocrx_word' id='word_1_389' title='bbox 1227 2997 1376 3039; x_wconf 89' lang='lat' dir='ltr'><strong>certe</strong></span> <span class='ocrx_word' id='word_1_390' title='bbox 1398 2986 1660 3040; x_wconf 88' lang='lat' dir='ltr'><strong>adversus</strong></span> <span class='ocrx_word' id='word_1_391' title='bbox 1683 3000 1783 3039; x_wconf 88' lang='lat' dir='ltr'><strong>nos</strong></span> <span class='ocrx_word' id='word_1_392' title='bbox 1806 2986 2043 3049; x_wconf 84' lang='lat' dir='ltr'><strong>mittere,</strong></span> <span class='ocrx_word' id='word_1_393' title='bbox 2069 2985 2160 3044; x_wconf 87' lang='lat' dir='ltr'><strong>qui</strong></span> <span class='ocrx_word' id='word_1_394' title='bbox 2185 2989 2334 3037; x_wconf 89' lang='lat' dir='ltr'><strong>esset</strong></span> <span class='ocrx_word' id='word_1_395' title='bbox 2357 3031 2402 3096; x_wconf 81' lang='lat' dir='ltr'>C</span> 
     </span>
     <span class='ocr_line' id='line_1_58' title="bbox 758 3073 2329 3096; baseline 0 0"><span class='ocrx_word' id='word_1_396' title='bbox 758 3089 800 3096; x_wconf 69' lang='lat' dir='ltr'><strong>-a</strong></span> <span class='ocrx_word' id='word_1_397' title='bbox 846 3093 1006 3096; x_wconf 29' lang='lat'><strong>#_-,,,_</strong></span> <span class='ocrx_word' id='word_1_398' title='bbox 1043 3078 1198 3096; x_wconf 27' lang='lat' dir='ltr'><strong>ll-#.!_</strong></span> <span class='ocrx_word' id='word_1_399' title='bbox 1261 3087 1304 3096; x_wconf 70' lang='grc' dir='ltr'><strong>,ι</strong></span> <span class='ocrx_word' id='word_1_400' title='bbox 1348 3093 1468 3096; x_wconf 25' lang='grc' dir='ltr'><strong>κ-ᾃ--</strong></span> <span class='ocrx_word' id='word_1_401' title='bbox 1490 3093 1523 3096; x_wconf 77' lang='lat'><strong>-_</strong></span> <span class='ocrx_word' id='word_1_402' title='bbox 1578 3077 1906 3096; x_wconf 60' lang='lat' dir='ltr'><strong>___-_!-_.a:_</strong></span> <span class='ocrx_word' id='word_1_403' title='bbox 1957 3073 2219 3096; x_wconf 68' lang='lat' dir='ltr'><strong>___.l:a---</strong></span> <span class='ocrx_word' id='word_1_404' title='bbox 2281 3082 2329 3096; x_wconf 58' lang='grc' dir='ltr'><strong>Α·</strong></span> 
     </span>
    </p>
   </div>
   <div class='ocr_carea' id='block_1_58' title="bbox 2334 2983 4009 3096">
    <p class='ocr_par' dir='ltr' id='par_1_58' title="bbox 2357 2983 4009 3096">
     <span class='ocr_line' id='line_1_59' title="bbox 2357 2983 4009 3096; baseline 0.003 -41"><span class='ocrx_word' id='word_1_405' title='bbox 2357 3031 2402 3096; x_wconf 81' lang='lat' dir='ltr'>C</span> <span class='ocrx_word' id='word_1_406' title='bbox 2436 3002 2740 3067; x_wconf 71' lang='grc' dir='ltr'>ἐπιθέσθαι,</span> <span class='ocrx_word' id='word_1_407' title='bbox 2773 3003 2804 3074; x_wconf 73' lang='grc' dir='ltr'><strong>ἢ</strong></span> <span class='ocrx_word' id='word_1_408' title='bbox 2845 3003 2977 3071; x_wconf 89' lang='grc' dir='ltr'>γοῦν</span> <span class='ocrx_word' id='word_1_409' title='bbox 3016 3004 3206 3076; x_wconf 72' lang='grc' dir='ltr'>ἕτερον</span> <span class='ocrx_word' id='word_1_410' title='bbox 3254 2983 3376 3059; x_wconf 84' lang='grc' dir='ltr'>καθ’</span> <span class='ocrx_word' id='word_1_411' title='bbox 3406 3007 3563 3076; x_wconf 84' lang='grc' dir='ltr'>ήμῶν</span> <span class='ocrx_word' id='word_1_412' title='bbox 3601 2983 3882 3076; x_wconf 70' lang='grc' dir='ltr'>ἐκπέμψαι</span> <span class='ocrx_word' id='word_1_413' title='bbox 3911 3007 4009 3060; x_wconf 67' lang='grc' dir='ltr'><strong>τδν</strong></span> 
     </span>
    </p>
   </div>
   <div class='ocr_carea' id='block_1_59' title="bbox 748 3073 2334 3146">
    <p class='ocr_par' dir='ltr' id='par_1_59' title="bbox 748 3073 2334 3146">
     <span class='ocr_line' id='line_1_60' title="bbox 748 3073 2334 3146; baseline -0.004 -15"><span class='ocrx_word' id='word_1_414' title='bbox 748 3089 801 3132; x_wconf 89' lang='lat' dir='ltr'><strong>ct</strong></span> <span class='ocrx_word' id='word_1_415' title='bbox 844 3093 1010 3132; x_wconf 89' lang='lat' dir='ltr'><strong>manu</strong></span> <span class='ocrx_word' id='word_1_416' title='bbox 1041 3078 1220 3143; x_wconf 79' lang='lat' dir='ltr'><strong>fortis,</strong></span> <span class='ocrx_word' id='word_1_417' title='bbox 1253 3087 1310 3133; x_wconf 88' lang='lat' dir='ltr'><strong>et</strong></span> <span class='ocrx_word' id='word_1_418' title='bbox 1346 3093 1530 3131; x_wconf 85' lang='lat' dir='ltr'><strong>rerum</strong></span> <span class='ocrx_word' id='word_1_419' title='bbox 1572 3077 1913 3146; x_wconf 76' lang='lat' dir='ltr'><strong>experientia</strong></span> <span class='ocrx_word' id='word_1_420' title='bbox 1957 3073 2242 3144; x_wconf 66' lang='lat' dir='ltr'><strong>praeditus,</strong></span> <span class='ocrx_word' id='word_1_421' title='bbox 2277 3082 2334 3126; x_wconf 90' lang='lat' dir='ltr'><strong>ct</strong></span> 
     </span>
    </p>
   </div>
   <div class='ocr_carea' id='block_1_60' title="bbox 749 3167 2331 3226">
    <p class='ocr_par' dir='ltr' id='par_1_60' title="bbox 749 3167 2331 3226">
     <span class='ocr_line' id='line_1_61' title="bbox 749 3167 2331 3226; baseline -0.004 -2"><span class='ocrx_word' id='word_1_422' title='bbox 749 3170 818 3226; x_wconf 86' lang='lat' dir='ltr'><strong>nd</strong></span> <span class='ocrx_word' id='word_1_423' title='bbox 869 3171 1182 3226; x_wconf 88' lang='lat' dir='ltr'><strong>ducendum</strong></span> <span class='ocrx_word' id='word_1_424' title='bbox 1241 3171 1546 3225; x_wconf 84' lang='lat' dir='ltr'><strong>exercitum</strong></span> <span class='ocrx_word' id='word_1_425' title='bbox 1623 3169 1876 3223; x_wconf 88' lang='lat' dir='ltr'><strong>idoneus.</strong></span> <span class='ocrx_word' id='word_1_426' title='bbox 1947 3167 2050 3222; x_wconf 86' lang='lat' dir='ltr'><strong>Sed</strong></span> <span class='ocrx_word' id='word_1_427' title='bbox 2122 3175 2331 3219; x_wconf 91' lang='lat' dir='ltr'><strong>tantum</strong></span> 
     </span>
    </p>
   </div>
   <div class='ocr_carea' id='block_1_61' title="bbox 751 3259 2334 3334">
    <p class='ocr_par' dir='ltr' id='par_1_61' title="bbox 751 3259 2334 3334">
     <span class='ocr_line' id='line_1_62' title="bbox 751 3259 2334 3334; baseline -0.004 -15"><span class='ocrx_word' id='word_1_428' title='bbox 751 3269 930 3330; x_wconf 85' lang='lat' dir='ltr'><strong>abest,</strong></span> <span class='ocrx_word' id='word_1_429' title='bbox 964 3275 1023 3318; x_wconf 95' lang='lat' dir='ltr'><strong>ut</strong></span> <span class='ocrx_word' id='word_1_430' title='bbox 1072 3280 1174 3320; x_wconf 89' lang='lat' dir='ltr'><strong>nos</strong></span> <span class='ocrx_word' id='word_1_431' title='bbox 1205 3266 1332 3319; x_wconf 89' lang='lat' dir='ltr'><strong>talia</strong></span> <span class='ocrx_word' id='word_1_432' title='bbox 1360 3263 1769 3334; x_wconf 89' lang='lat' dir='ltr'><strong>aggrediamur,</strong></span> <span class='ocrx_word' id='word_1_433' title='bbox 1798 3273 1860 3315; x_wconf 89' lang='lat' dir='ltr'><strong>ut</strong></span> <span class='ocrx_word' id='word_1_434' title='bbox 1883 3277 1991 3315; x_wconf 90' lang='lat' dir='ltr'><strong>non</strong></span> <span class='ocrx_word' id='word_1_435' title='bbox 2017 3260 2207 3323; x_wconf 90' lang='lat' dir='ltr'><strong>alium,</strong></span> <span class='ocrx_word' id='word_1_436' title='bbox 2239 3259 2334 3314; x_wconf 89' lang='lat' dir='ltr'><strong>sed</strong></span> 
     </span>
    </p>
   </div>
   <div class='ocr_carea' id='block_1_62' title="bbox 754 3350 2333 3426">
    <p class='ocr_par' dir='ltr' id='par_1_62' title="bbox 754 3350 2333 3426">
     <span class='ocr_line' id='line_1_63' title="bbox 754 3350 2333 3426; baseline -0.003 -14"><span class='ocrx_word' id='word_1_437' title='bbox 754 3350 806 3411; x_wconf 71' lang='grc' dir='ltr'>ιο</span> <span class='ocrx_word' id='word_1_438' title='bbox 859 3358 1126 3414; x_wconf 88' lang='lat' dir='ltr'><strong>adversus</strong></span> <span class='ocrx_word' id='word_1_439' title='bbox 1162 3374 1264 3412; x_wconf 91' lang='lat' dir='ltr'><strong>nos</strong></span> <span class='ocrx_word' id='word_1_440' title='bbox 1288 3359 1558 3419; x_wconf 84' lang='lat' dir='ltr'><strong>emiserit,</strong></span> <span class='ocrx_word' id='word_1_441' title='bbox 1595 3358 1688 3426; x_wconf 91' lang='lat' dir='ltr'><strong>qui</strong></span> <span class='ocrx_word' id='word_1_442' title='bbox 1725 3371 1849 3410; x_wconf 89' lang='lat' dir='ltr'><strong>cum</strong></span> <span class='ocrx_word' id='word_1_443' title='bbox 1882 3355 2102 3409; x_wconf 78' lang='lat' dir='ltr'><strong>feminis</strong></span> <span class='ocrx_word' id='word_1_444' title='bbox 2131 3354 2333 3423; x_wconf 87' lang='lat' dir='ltr'><strong>potius,</strong></span> 
     </span>
    </p>
   </div>
   <div class='ocr_carea' id='block_1_63' title="bbox 753 3450 2331 3520">
    <p class='ocr_par' dir='ltr' id='par_1_63' title="bbox 753 3450 2331 3520">
     <span class='ocr_line' id='line_1_64' title="bbox 753 3450 2331 3520; baseline 0.001 -20"><span class='ocrx_word' id='word_1_445' title='bbox 753 3467 874 3518; x_wconf 67' lang='lat' dir='ltr'><strong>qua</strong></span> <span class='ocrx_word' id='word_1_446' title='bbox 921 3452 1125 3520; x_wconf 88' lang='lat' dir='ltr'><strong>degunt</strong></span> <span class='ocrx_word' id='word_1_447' title='bbox 1155 3452 1208 3505; x_wconf 93' lang='lat' dir='ltr'><strong>in</strong></span> <span class='ocrx_word' id='word_1_448' title='bbox 1262 3452 1540 3515; x_wconf 88' lang='lat' dir='ltr'><strong>thalamis,</strong></span> <span class='ocrx_word' id='word_1_449' title='bbox 1570 3464 1733 3520; x_wconf 90' lang='lat' dir='ltr'><strong>quam</strong></span> <span class='ocrx_word' id='word_1_450' title='bbox 1769 3465 1891 3504; x_wconf 87' lang='lat' dir='ltr'><strong>cum</strong></span> <span class='ocrx_word' id='word_1_451' title='bbox 1924 3450 2058 3503; x_wconf 88' lang='lat' dir='ltr'><strong>viris</strong></span> <span class='ocrx_word' id='word_1_452' title='bbox 2091 3463 2331 3519; x_wconf 89' lang='lat' dir='ltr'><strong>pugnare</strong></span> 
     </span>
    </p>
   </div>
   <div class='ocr_carea' id='block_1_64' title="bbox 756 3540 2333 3612">
    <p class='ocr_par' dir='ltr' id='par_1_64' title="bbox 756 3540 2333 3612">
     <span class='ocr_line' id='line_1_65' title="bbox 756 3540 2333 3612; baseline -0.001 -17"><span class='ocrx_word' id='word_1_453' title='bbox 756 3541 1056 3597; x_wconf 89' lang='lat' dir='ltr'><strong>studueris.</strong></span> <span class='ocrx_word' id='word_1_454' title='bbox 1091 3542 1203 3597; x_wconf 83' lang='lat' dir='ltr'><strong>Nos</strong></span> <span class='ocrx_word' id='word_1_455' title='bbox 1233 3543 1379 3595; x_wconf 69' lang='lat' dir='ltr'><strong>enim</strong></span> <span class='ocrx_word' id='word_1_456' title='bbox 1419 3543 1670 3612; x_wconf 88' lang='lat' dir='ltr'><strong>nosipsos</strong></span> <span class='ocrx_word' id='word_1_457' title='bbox 1697 3550 1955 3610; x_wconf 89' lang='lat' dir='ltr'><strong>tanquam</strong></span> <span class='ocrx_word' id='word_1_458' title='bbox 2008 3557 2137 3596; x_wconf 90' lang='lat' dir='ltr'><strong>oves</strong></span> <span class='ocrx_word' id='word_1_459' title='bbox 2166 3540 2333 3595; x_wconf 77' lang='lat' dir='ltr'><strong>tradi-</strong></span> 
     </span>
    </p>
   </div>
   <div class='ocr_carea' id='block_1_65' title="bbox 756 3625 2334 3705">
    <p class='ocr_par' dir='ltr' id='par_1_65' title="bbox 756 3625 2334 3705">
     <span class='ocr_line' id='line_1_66' title="bbox 756 3625 2334 3705; baseline 0.001 -16"><span class='ocrx_word' id='word_1_460' title='bbox 756 3635 940 3689; x_wconf 89' lang='lat' dir='ltr'><strong>dimus</strong></span> <span class='ocrx_word' id='word_1_461' title='bbox 963 3635 1032 3690; x_wconf 83' lang='lat' dir='ltr'><strong>ad</strong></span> <span class='ocrx_word' id='word_1_462' title='bbox 1059 3635 1420 3698; x_wconf 82' lang='lat' dir='ltr'><strong>occisionem,</strong></span> <span class='ocrx_word' id='word_1_463' title='bbox 1452 3643 1513 3688; x_wconf 90' lang='lat' dir='ltr'><strong>nt</strong></span> <span class='ocrx_word' id='word_1_464' title='bbox 1534 3625 1628 3705; x_wconf 81' lang='lat' dir='ltr'><strong>qui</strong></span> <span class='ocrx_word' id='word_1_465' title='bbox 1656 3633 2019 3691; x_wconf 87' lang='lat' dir='ltr'><strong>didicerimus</strong></span> <span class='ocrx_word' id='word_1_466' title='bbox 2049 3649 2171 3690; x_wconf 84' lang='lat' dir='ltr'><strong>esse</strong></span> <span class='ocrx_word' id='word_1_467' title='bbox 2205 3635 2334 3690; x_wconf 86' lang='lat' dir='ltr'><strong>sub-</strong></span> 
     </span>
    </p>
   </div>
   <div class='ocr_carea' id='block_1_66' title="bbox 750 3726 1596 3797">
    <p class='ocr_par' dir='ltr' id='par_1_66' title="bbox 750 3726 1596 3797">
     <span class='ocr_line' id='line_1_67' title="bbox 750 3726 1596 3797; baseline -0.004 -16"><span class='ocrx_word' id='word_1_468' title='bbox 750 3727 883 3797; x_wconf 86' lang='lat' dir='ltr'><strong>jecti</strong></span> <span class='ocrx_word' id='word_1_469' title='bbox 917 3727 1181 3781; x_wconf 83' lang='lat' dir='ltr'><strong>omnibus</strong></span> <span class='ocrx_word' id='word_1_470' title='bbox 1209 3726 1596 3794; x_wconf 85' lang='lat' dir='ltr'><strong>potestatibus.</strong></span> 
     </span>
    </p>
   </div>
   <div class='ocr_carea' id='block_1_67' title="bbox 822 3818 2332 3892">
    <p class='ocr_par' dir='ltr' id='par_1_67' title="bbox 822 3818 2332 3892">
     <span class='ocr_line' id='line_1_68' title="bbox 822 3818 2332 3892; baseline 0 -19"><span class='ocrx_word' id='word_1_471' title='bbox 822 3820 990 3876; x_wconf 76' lang='lat' dir='ltr'><strong>XXII.</strong></span> <span class='ocrx_word' id='word_1_472' title='bbox 1012 3821 1159 3875; x_wconf 85' lang='lat' dir='ltr'><strong>Dixit</strong></span> <span class='ocrx_word' id='word_1_473' title='bbox 1198 3835 1437 3892; x_wconf 70' lang='lat' dir='ltr'><strong>praeses:</strong></span> <span class='ocrx_word' id='word_1_474' title='bbox 1474 3820 1556 3874; x_wconf 80' lang='lat' dir='ltr'><strong>Me</strong></span> <span class='ocrx_word' id='word_1_475' title='bbox 1581 3819 1649 3873; x_wconf 84' lang='lat' dir='ltr'><strong>ad</strong></span> <span class='ocrx_word' id='word_1_476' title='bbox 1675 3819 1837 3885; x_wconf 90' lang='lat' dir='ltr'><strong>iram,</strong></span> <span class='ocrx_word' id='word_1_477' title='bbox 1857 3829 1918 3874; x_wconf 92' lang='lat' dir='ltr'><strong>ut</strong></span> <span class='ocrx_word' id='word_1_478' title='bbox 1939 3818 2178 3883; x_wconf 83' lang='lat' dir='ltr'><strong>videtur,</strong></span> <span class='ocrx_word' id='word_1_479' title='bbox 2201 3834 2332 3890; x_wconf 82' lang='lat' dir='ltr'><strong>pro-</strong></span> 
     </span>
    </p>
   </div>
   <div class='ocr_carea' id='block_1_68' title="bbox 754 3912 2335 3977">
    <p class='ocr_par' dir='ltr' id='par_1_68' title="bbox 754 3912 2335 3977">
     <span class='ocr_line' id='line_1_69' title="bbox 754 3912 2335 3977; baseline 0 -11"><span class='ocrx_word' id='word_1_480' title='bbox 754 3928 980 3976; x_wconf 78' lang='lat' dir='ltr'><strong>vocans,</strong></span> <span class='ocrx_word' id='word_1_481' title='bbox 1007 3916 1250 3968; x_wconf 86' lang='lat' dir='ltr'><strong>utvitam</strong></span> <span class='ocrx_word' id='word_1_482' title='bbox 1270 3912 1370 3966; x_wconf 90' lang='lat' dir='ltr'><strong>tibi</strong></span> <span class='ocrx_word' id='word_1_483' title='bbox 1398 3913 1562 3967; x_wconf 90' lang='lat' dir='ltr'><strong>citius</strong></span> <span class='ocrx_word' id='word_1_484' title='bbox 1583 3912 1840 3977; x_wconf 86' lang='lat' dir='ltr'><strong>adimam,</strong></span> <span class='ocrx_word' id='word_1_485' title='bbox 1861 3927 1959 3965; x_wconf 91' lang='lat' dir='ltr'><strong>nos</strong></span> <span class='ocrx_word' id='word_1_486' title='bbox 1985 3912 2071 3965; x_wconf 90' lang='lat' dir='ltr'><strong>his</strong></span> <span class='ocrx_word' id='word_1_487' title='bbox 2100 3912 2335 3967; x_wconf 89' lang='lat' dir='ltr'><strong>insecta-</strong></span> 
     </span>
    </p>
   </div>
   <div class='ocr_carea' id='block_1_69' title="bbox 758 4003 2332 4072">
    <p class='ocr_par' dir='ltr' id='par_1_69' title="bbox 758 4003 2332 4072">
     <span class='ocr_line' id='line_1_70' title="bbox 758 4003 2332 4072; baseline -0.001 -13"><span class='ocrx_word' id='word_1_488' title='bbox 758 4006 834 4059; x_wconf 92' lang='lat' dir='ltr'><strong>ris</strong></span> <span class='ocrx_word' id='word_1_489' title='bbox 870 4004 1247 4059; x_wconf 90' lang='lat' dir='ltr'><strong>contumeliis.</strong></span> <span class='ocrx_word' id='word_1_490' title='bbox 1281 4003 1385 4057; x_wconf 92' lang='lat' dir='ltr'><strong>Sed</strong></span> <span class='ocrx_word' id='word_1_491' title='bbox 1433 4019 1542 4058; x_wconf 92' lang='lat' dir='ltr'><strong>non</strong></span> <span class='ocrx_word' id='word_1_492' title='bbox 1572 4003 1887 4072; x_wconf 83' lang='lat' dir='ltr'><strong>assequeris</strong></span> <span class='ocrx_word' id='word_1_493' title='bbox 1920 4003 1994 4068; x_wconf 90' lang='lat' dir='ltr'><strong>id,</strong></span> <span class='ocrx_word' id='word_1_494' title='bbox 2015 4003 2159 4072; x_wconf 87' lang='lat' dir='ltr'><strong>quod</strong></span> <span class='ocrx_word' id='word_1_495' title='bbox 2182 4003 2332 4058; x_wconf 86' lang='lat' dir='ltr'><strong>desi-</strong></span> 
     </span>
    </p>
   </div>
   <div class='ocr_carea' id='block_1_70' title="bbox 754 4097 2332 4168">
    <p class='ocr_par' dir='ltr' id='par_1_70' title="bbox 754 4097 2332 4168">
     <span class='ocr_line' id='line_1_71' title="bbox 754 4097 2332 4168; baseline -0.004 -14"><span class='ocrx_word' id='word_1_496' title='bbox 754 4100 941 4156; x_wconf 87' lang='lat' dir='ltr'><strong>deras.</strong></span> <span class='ocrx_word' id='word_1_497' title='bbox 977 4099 1166 4168; x_wconf 84' lang='lat' dir='ltr'><strong>Longo</strong></span> <span class='ocrx_word' id='word_1_498' title='bbox 1199 4098 1349 4152; x_wconf 91' lang='lat' dir='ltr'><strong>enim</strong></span> <span class='ocrx_word' id='word_1_499' title='bbox 1381 4104 1628 4166; x_wconf 84' lang='lat' dir='ltr'><strong>tempore</strong></span> <span class='ocrx_word' id='word_1_500' title='bbox 1659 4105 1715 4150; x_wconf 92' lang='lat' dir='ltr'><strong>et</strong></span> <span class='ocrx_word' id='word_1_501' title='bbox 1739 4112 1893 4150; x_wconf 90' lang='lat' dir='ltr'><strong>mora</strong></span> <span class='ocrx_word' id='word_1_502' title='bbox 1922 4105 1972 4150; x_wconf 91' lang='lat' dir='ltr'><strong>te</strong></span> <span class='ocrx_word' id='word_1_503' title='bbox 1992 4097 2332 4165; x_wconf 85' lang='lat' dir='ltr'><strong>protraham,</strong></span> 
     </span>
    </p>
   </div>
   <div class='ocr_carea' id='block_1_71' title="bbox 753 4185 2333 4258">
    <p class='ocr_par' dir='ltr' id='par_1_71' title="bbox 753 4185 2333 4258">
     <span class='ocr_line' id='line_1_72' title="bbox 753 4185 2333 4258; baseline -0.006 -10"><span class='ocrx_word' id='word_1_504' title='bbox 753 4204 811 4248; x_wconf 92' lang='lat' dir='ltr'><strong>et</strong></span> <span class='ocrx_word' id='word_1_505' title='bbox 845 4193 1036 4247; x_wconf 86' lang='lat' dir='ltr'><strong>multis</strong></span> <span class='ocrx_word' id='word_1_506' title='bbox 1066 4188 1362 4244; x_wconf 89' lang='lat' dir='ltr'><strong>tormentis</strong></span> <span class='ocrx_word' id='word_1_507' title='bbox 1400 4197 1452 4244; x_wconf 94' lang='lat' dir='ltr'><strong>te</strong></span> <span class='ocrx_word' id='word_1_508' title='bbox 1483 4187 1745 4258; x_wconf 90' lang='lat' dir='ltr'><strong>paulatim</strong></span> <span class='ocrx_word' id='word_1_509' title='bbox 1779 4201 2122 4242; x_wconf 87' lang='lat' dir='ltr'><strong>consumam.</strong></span> <span class='ocrx_word' id='word_1_510' title='bbox 2170 4185 2333 4241; x_wconf 83' lang='lat' dir='ltr'><strong>Jubet</strong></span> 
     </span>
    </p>
   </div>
   <div class='ocr_carea' id='block_1_72' title="bbox 752 4279 2333 4354">
    <p class='ocr_par' dir='ltr' id='par_1_72' title="bbox 752 4279 2333 4354">
     <span class='ocr_line' id='line_1_73' title="bbox 752 4279 2333 4354; baseline -0.004 -15"><span class='ocrx_word' id='word_1_511' title='bbox 752 4299 888 4354; x_wconf 84' lang='lat' dir='ltr'><strong>ergo</strong></span> <span class='ocrx_word' id='word_1_512' title='bbox 909 4300 1035 4339; x_wconf 89' lang='lat' dir='ltr'><strong>eum</strong></span> <span class='ocrx_word' id='word_1_513' title='bbox 1067 4283 1292 4337; x_wconf 86' lang='lat' dir='ltr'><strong>lunihus</strong></span> <span class='ocrx_word' id='word_1_514' title='bbox 1329 4283 1573 4336; x_wconf 84' lang='lat' dir='ltr'><strong>vinctum</strong></span> <span class='ocrx_word' id='word_1_515' title='bbox 1603 4295 1634 4334; x_wconf 91' lang='lat' dir='ltr'><strong>a</strong></span> <span class='ocrx_word' id='word_1_516' title='bbox 1662 4280 1892 4334; x_wconf 88' lang='lat' dir='ltr'><strong>summis</strong></span> <span class='ocrx_word' id='word_1_517' title='bbox 1921 4279 2178 4348; x_wconf 88' lang='lat' dir='ltr'><strong>pedibus,</strong></span> <span class='ocrx_word' id='word_1_518' title='bbox 2212 4293 2333 4332; x_wconf 82' lang='lat' dir='ltr'><strong>sus-</strong></span> 
     </span>
    </p>
   </div>
   <div class='ocr_carea' id='block_1_73' title="bbox 2436 3095 4011 3169">
    <p class='ocr_par' dir='ltr' id='par_1_73' title="bbox 2436 3095 4011 3169">
     <span class='ocr_line' id='line_1_74' title="bbox 2436 3095 4011 3169; baseline 0.004 -23"><span class='ocrx_word' id='word_1_519' title='bbox 2436 3095 2528 3147; x_wconf 79' lang='grc' dir='ltr'>καὶ</span> <span class='ocrx_word' id='word_1_520' title='bbox 2565 3098 2721 3166; x_wconf 76' lang='grc' dir='ltr'>χεῖρα</span> <span class='ocrx_word' id='word_1_521' title='bbox 2751 3099 2997 3164; x_wconf 72' lang='grc' dir='ltr'>γενναῖον</span> <span class='ocrx_word' id='word_1_522' title='bbox 3037 3098 3134 3151; x_wconf 61' lang='grc' dir='ltr'><strong>καὶ⁵</strong></span> <span class='ocrx_word' id='word_1_523' title='bbox 3178 3101 3375 3168; x_wconf 81' lang='grc' dir='ltr'>πεῖραν</span> <span class='ocrx_word' id='word_1_524' title='bbox 3410 3099 3600 3152; x_wconf 76' lang='grc' dir='ltr'>ίκανδν</span> <span class='ocrx_word' id='word_1_525' title='bbox 3641 3102 3734 3154; x_wconf 74' lang='grc' dir='ltr'>καὶ</span> <span class='ocrx_word' id='word_1_526' title='bbox 3763 3117 4011 3169; x_wconf 84' lang='grc' dir='ltr'>στρατη-</span> 
     </span>
    </p>
   </div>
   <div class='ocr_carea' id='block_1_74' title="bbox 2433 3188 4008 3262">
    <p class='ocr_par' dir='ltr' id='par_1_74' title="bbox 2433 3188 4008 3262">
     <span class='ocr_line' id='line_1_75' title="bbox 2433 3188 4008 3262; baseline 0.003 -24"><span class='ocrx_word' id='word_1_527' title='bbox 2433 3191 2550 3255; x_wconf 73' lang='grc' dir='ltr'>γεῖν</span> <span class='ocrx_word' id='word_1_528' title='bbox 2591 3188 2934 3252; x_wconf 79' lang='grc' dir='ltr'>δεξιώτατον.</span> <span class='ocrx_word' id='word_1_529' title='bbox 2984 3190 3146 3244; x_wconf 84' lang='grc' dir='ltr'>Ἀλλά</span> <span class='ocrx_word' id='word_1_530' title='bbox 3196 3191 3453 3247; x_wconf 85' lang='grc' dir='ltr'>τοσοῦτον</span> <span class='ocrx_word' id='word_1_531' title='bbox 3507 3193 3668 3262; x_wconf 76' lang='grc' dir='ltr'>ἡμεῖς</span> <span class='ocrx_word' id='word_1_532' title='bbox 3719 3192 4008 3261; x_wconf 73' lang='grc' dir='ltr'>ἀπέχομεν</span> 
     </span>
    </p>
   </div>
   <div class='ocr_carea' id='block_1_75' title="bbox 2433 3280 4006 3351">
    <p class='ocr_par' dir='ltr' id='par_1_75' title="bbox 2433 3280 4006 3351">
     <span class='ocr_line' id='line_1_76' title="bbox 2433 3280 4006 3351; baseline 0.003 -19"><span class='ocrx_word' id='word_1_533' title='bbox 2433 3280 2696 3343; x_wconf 77' lang='grc' dir='ltr'>τοιούτοις</span> <span class='ocrx_word' id='word_1_534' title='bbox 2731 3281 3051 3351; x_wconf 63' lang='grc' dir='ltr'>ἐπιχειρεῖν,</span> <span class='ocrx_word' id='word_1_535' title='bbox 3088 3281 3229 3335; x_wconf 85' lang='grc' dir='ltr'>ὥστε</span> <span class='ocrx_word' id='word_1_536' title='bbox 3260 3283 3359 3336; x_wconf 88' lang='grc' dir='ltr'><strong>οὑκ</strong></span> <span class='ocrx_word' id='word_1_537' title='bbox 3390 3282 3572 3347; x_wconf 79' lang='grc' dir='ltr'>ἄλλον,</span> <span class='ocrx_word' id='word_1_538' title='bbox 3613 3282 3750 3337; x_wconf 77' lang='grc' dir='ltr'>ἀλλὰ</span> <span class='ocrx_word' id='word_1_539' title='bbox 3783 3284 3843 3334; x_wconf 82' lang='grc' dir='ltr'>σὲ</span> <span class='ocrx_word' id='word_1_540' title='bbox 3874 3284 4006 3336; x_wconf 80' lang='grc' dir='ltr'>καθ’</span> 
     </span>
    </p>
   </div>
   <div class='ocr_carea' id='block_1_76' title="bbox 2435 3373 4009 3445">
    <p class='ocr_par' dir='ltr' id='par_1_76' title="bbox 2435 3373 4009 3445">
     <span class='ocr_line' id='line_1_77' title="bbox 2435 3373 4009 3445; baseline 0.001 -20"><span class='ocrx_word' id='word_1_541' title='bbox 2435 3374 2466 3442; x_wconf 80' lang='grc' dir='ltr'>ἠ</span> <span class='ocrx_word' id='word_1_542' title='bbox 2477 3373 2590 3441; x_wconf 88' lang='grc' dir='ltr'><strong>μῶν</strong></span> <span class='ocrx_word' id='word_1_543' title='bbox 2613 3373 2913 3443; x_wconf 66' lang='grc' dir='ltr'>ἐκπέμψαι,</span> <span class='ocrx_word' id='word_1_544' title='bbox 2947 3374 3037 3427; x_wconf 73' lang='grc' dir='ltr'><strong>τὸν</strong></span> <span class='ocrx_word' id='word_1_545' title='bbox 3071 3375 3285 3442; x_wconf 75' lang='grc' dir='ltr'>γυναιξὶ</span> <span class='ocrx_word' id='word_1_546' title='bbox 3313 3375 3509 3445; x_wconf 76' lang='grc' dir='ltr'>μᾶλλον</span> <span class='ocrx_word' id='word_1_547' title='bbox 3533 3375 4009 3445; x_wconf 75' lang='grc' dir='ltr'>θαλαμευομίναις</span> 
     </span>
    </p>
   </div>
   <div class='ocr_carea' id='block_1_77' title="bbox 2434 3464 4007 3536">
    <p class='ocr_par' dir='ltr' id='par_1_77' title="bbox 2434 3464 4007 3536">
     <span class='ocr_line' id='line_1_78' title="bbox 2434 3464 4007 3536; baseline 0.001 -20"><span class='ocrx_word' id='word_1_548' title='bbox 2434 3465 2467 3532; x_wconf 79' lang='grc' dir='ltr'>ἢ</span> <span class='ocrx_word' id='word_1_549' title='bbox 2500 3464 2724 3529; x_wconf 80' lang='grc' dir='ltr'>ἀνδράσι</span> <span class='ocrx_word' id='word_1_550' title='bbox 2758 3465 3115 3533; x_wconf 82' lang='grc' dir='ltr'>διαμάχεσθαι</span> <span class='ocrx_word' id='word_1_551' title='bbox 3171 3466 3599 3536; x_wconf 83' lang='grc' dir='ltr'>μεμελετηκότα.</span> <span class='ocrx_word' id='word_1_552' title='bbox 3652 3467 3842 3534; x_wconf 79' lang='grc' dir='ltr'>Ἡμεῖς</span> <span class='ocrx_word' id='word_1_553' title='bbox 3892 3464 4007 3534; x_wconf 84' lang='grc' dir='ltr'><strong>γάρ</strong></span> 
     </span>
    </p>
   </div>
   <div class='ocr_carea' id='block_1_78' title="bbox 2432 3553 4007 3625">
    <p class='ocr_par' dir='ltr' id='par_1_78' title="bbox 2432 3553 4007 3625">
     <span class='ocr_line' id='line_1_79' title="bbox 2432 3553 4007 3625; baseline 0.002 -21"><span class='ocrx_word' id='word_1_554' title='bbox 2432 3553 2506 3616; x_wconf 83' lang='grc' dir='ltr'><strong>ὡς</strong></span> <span class='ocrx_word' id='word_1_555' title='bbox 2547 3553 2790 3624; x_wconf 77' lang='grc' dir='ltr'>πρόϐατα</span> <span class='ocrx_word' id='word_1_556' title='bbox 2821 3553 3045 3618; x_wconf 76' lang='grc' dir='ltr'>ἑαυτοὺς</span> <span class='ocrx_word' id='word_1_557' title='bbox 3091 3556 3186 3608; x_wconf 66' lang='grc' dir='ltr'><strong>ἐπὶ</strong></span> <span class='ocrx_word' id='word_1_558' title='bbox 3238 3556 3452 3625; x_wconf 83' lang='grc' dir='ltr'>σφαγὴν</span> <span class='ocrx_word' id='word_1_559' title='bbox 3499 3556 3895 3624; x_wconf 69' lang='grc' dir='ltr'>ἐκδεδὼκαμεν,</span> <span class='ocrx_word' id='word_1_560' title='bbox 3929 3556 4007 3619; x_wconf 81' lang='grc' dir='ltr'><strong>ὡς</strong></span> 
     </span>
    </p>
   </div>
   <div class='ocr_carea' id='block_1_79' title="bbox 2435 3646 3927 3717">
    <p class='ocr_par' dir='ltr' id='par_1_79' title="bbox 2435 3646 3927 3717">
     <span class='ocr_line' id='line_1_80' title="bbox 2435 3646 3927 3717; baseline 0.001 -18"><span class='ocrx_word' id='word_1_561' title='bbox 2435 3646 2498 3699; x_wconf 78' lang='grc' dir='ltr'>ἂν</span> <span class='ocrx_word' id='word_1_562' title='bbox 2527 3646 2925 3700; x_wconf 81' lang='grc' dir='ltr'>ὑποτάσσεσθαι</span> <span class='ocrx_word' id='word_1_563' title='bbox 2956 3647 3156 3709; x_wconf 80' lang='grc' dir='ltr'>πάσαις</span> <span class='ocrx_word' id='word_1_564' title='bbox 3179 3646 3452 3711; x_wconf 78' lang='grc' dir='ltr'>ἐξουσίαις</span> <span class='ocrx_word' id='word_1_565' title='bbox 3482 3649 3927 3717; x_wconf 70' lang='grc' dir='ltr'>κεκελευσμένοι.</span> 
     </span>
    </p>
   </div>
   <div class='ocr_carea' id='block_1_80' title="bbox 2508 3825 4006 3899">
    <p class='ocr_par' dir='ltr' id='par_1_80' title="bbox 2508 3825 4006 3899">
     <span class='ocr_line' id='line_1_81' title="bbox 2508 3825 4006 3899; baseline 0.001 -19"><span class='ocrx_word' id='word_1_566' title='bbox 2508 3829 2637 3881; x_wconf 83' lang='lat' dir='ltr'><strong>KB&#39;.</strong></span> <span class='ocrx_word' id='word_1_567' title='bbox 2683 3827 2741 3880; x_wconf 89' lang='lat'><strong>&#39;0</strong></span> <span class='ocrx_word' id='word_1_568' title='bbox 2774 3828 2955 3897; x_wconf 76' lang='grc' dir='ltr'>ἄρχων</span> <span class='ocrx_word' id='word_1_569' title='bbox 2979 3825 3154 3879; x_wconf 74' lang='grc' dir='ltr'>εἶπεν·</span> <span class='ocrx_word' id='word_1_570' title='bbox 3190 3827 3278 3889; x_wconf 83' lang='grc' dir='ltr'>Ὠς</span> <span class='ocrx_word' id='word_1_571' title='bbox 3305 3828 3469 3892; x_wconf 78' lang='grc' dir='ltr'>ἔοικε,</span> <span class='ocrx_word' id='word_1_572' title='bbox 3509 3830 3598 3880; x_wconf 76' lang='grc' dir='ltr'><strong>τὸν</strong></span> <span class='ocrx_word' id='word_1_573' title='bbox 3624 3829 3755 3897; x_wconf 74' lang='grc' dir='ltr'>ιμὸν</span> <span class='ocrx_word' id='word_1_574' title='bbox 3815 3830 4006 3899; x_wconf 73' lang='grc' dir='ltr'>ἀνερε-</span> 
     </span>
    </p>
   </div>
   <div class='ocr_carea' id='block_1_81' title="bbox 2432 3920 4004 3991">
    <p class='ocr_par' dir='ltr' id='par_1_81' title="bbox 2432 3920 4004 3991">
     <span class='ocr_line' id='line_1_82' title="bbox 2432 3920 4004 3991; baseline 0.001 -17"><span class='ocrx_word' id='word_1_575' title='bbox 2432 3921 2598 3982; x_wconf 73' lang='grc' dir='ltr'>θίζων</span> <span class='ocrx_word' id='word_1_576' title='bbox 2640 3920 2806 3988; x_wconf 77' lang='grc' dir='ltr'>θυμὸν</span> <span class='ocrx_word' id='word_1_577' title='bbox 2850 3920 2939 3973; x_wconf 73' lang='grc' dir='ltr'><strong>ἐπὶ</strong></span> <span class='ocrx_word' id='word_1_578' title='bbox 2987 3921 3045 3972; x_wconf 75' lang='grc' dir='ltr'>τὸ</span> <span class='ocrx_word' id='word_1_579' title='bbox 3091 3921 3278 3990; x_wconf 86' lang='grc' dir='ltr'>τάχιόν</span> <span class='ocrx_word' id='word_1_580' title='bbox 3321 3939 3379 3973; x_wconf 88' lang='grc' dir='ltr'><strong>σε</strong></span> <span class='ocrx_word' id='word_1_581' title='bbox 3418 3921 3511 3974; x_wconf 84' lang='grc' dir='ltr'><strong>τοῦ</strong></span> <span class='ocrx_word' id='word_1_582' title='bbox 3544 3921 3644 3991; x_wconf 79' lang='grc' dir='ltr'><strong>ζῇν</strong></span> <span class='ocrx_word' id='word_1_583' title='bbox 3690 3923 4004 3986; x_wconf 73' lang='grc' dir='ltr'>ἀπαλλάξαι</span> 
     </span>
    </p>
   </div>
   <div class='ocr_carea' id='block_1_82' title="bbox 2431 4007 4004 4080">
    <p class='ocr_par' dir='ltr' id='par_1_82' title="bbox 2431 4007 4004 4080">
     <span class='ocr_line' id='line_1_83' title="bbox 2431 4007 4004 4080; baseline -0.001 -17"><span class='ocrx_word' id='word_1_584' title='bbox 2431 4013 2549 4073; x_wconf 77' lang='grc' dir='ltr'>ταῖς</span> <span class='ocrx_word' id='word_1_585' title='bbox 2579 4010 2766 4079; x_wconf 79' lang='grc' dir='ltr'>ῦὸρεσι</span> <span class='ocrx_word' id='word_1_586' title='bbox 2791 4009 3014 4072; x_wconf 85' lang='grc' dir='ltr'>ταύταις</span> <span class='ocrx_word' id='word_1_587' title='bbox 3052 4007 3173 4062; x_wconf 78' lang='grc' dir='ltr'>καθ’</span> <span class='ocrx_word' id='word_1_588' title='bbox 3206 4008 3362 4079; x_wconf 80' lang='grc' dir='ltr'>ήμῶν</span> <span class='ocrx_word' id='word_1_589' title='bbox 3389 4009 3674 4080; x_wconf 76' lang='grc' dir='ltr'>κέχρησαι.</span> <span class='ocrx_word' id='word_1_590' title='bbox 3723 4009 3866 4064; x_wconf 78' lang='grc' dir='ltr'>Ἀλλ’</span> <span class='ocrx_word' id='word_1_591' title='bbox 3901 4011 4004 4062; x_wconf 77' lang='grc' dir='ltr'>οὐκ</span> 
     </span>
    </p>
   </div>
   <div class='ocr_carea' id='block_1_83' title="bbox 2432 4101 3998 4174">
    <p class='ocr_par' dir='ltr' id='par_1_83' title="bbox 2432 4101 3998 4174">
     <span class='ocr_line' id='line_1_84' title="bbox 2432 4101 3998 4174; baseline -0.001 -18"><span class='ocrx_word' id='word_1_592' title='bbox 2432 4102 2692 4174; x_wconf 78' lang='grc' dir='ltr'>ἐπιτεύξῃ</span> <span class='ocrx_word' id='word_1_593' title='bbox 2731 4101 2826 4154; x_wconf 83' lang='grc' dir='ltr'><strong>τοῦ</strong></span> <span class='ocrx_word' id='word_1_594' title='bbox 2881 4103 3255 4170; x_wconf 79' lang='grc' dir='ltr'>ποθουμένου·</span> <span class='ocrx_word' id='word_1_595' title='bbox 3310 4102 3486 4171; x_wconf 85' lang='grc' dir='ltr'>χρόνῳ</span> <span class='ocrx_word' id='word_1_596' title='bbox 3530 4103 3636 4170; x_wconf 85' lang='grc' dir='ltr'><strong>γάρ</strong></span> <span class='ocrx_word' id='word_1_597' title='bbox 3686 4103 3781 4154; x_wconf 77' lang='grc' dir='ltr'>καὶ</span> <span class='ocrx_word' id='word_1_598' title='bbox 3835 4102 3998 4172; x_wconf 76' lang='grc' dir='ltr'>τριὸῇ</span> 
     </span>
    </p>
   </div>
   <div class='ocr_carea' id='block_1_84' title="bbox 2430 4194 4002 4266">
    <p class='ocr_par' dir='ltr' id='par_1_84' title="bbox 2430 4194 4002 4266">
     <span class='ocr_line' id='line_1_85' title="bbox 2430 4194 4002 4266; baseline -0.001 -18"><span class='ocrx_word' id='word_1_599' title='bbox 2430 4196 2739 4266; x_wconf 80' lang='grc' dir='ltr'>παραδώσω</span> <span class='ocrx_word' id='word_1_600' title='bbox 2757 4213 2815 4247; x_wconf 79' lang='grc' dir='ltr'><strong>σε</strong></span> <span class='ocrx_word' id='word_1_601' title='bbox 2841 4197 2934 4248; x_wconf 72' lang='grc' dir='ltr'>καὶ</span> <span class='ocrx_word' id='word_1_602' title='bbox 2951 4196 3171 4257; x_wconf 80' lang='grc' dir='ltr'>πολλαῖς</span> <span class='ocrx_word' id='word_1_603' title='bbox 3197 4194 3451 4264; x_wconf 79' lang='grc' dir='ltr'>βασάνοις</span> <span class='ocrx_word' id='word_1_604' title='bbox 3471 4195 3588 4249; x_wconf 81' lang='grc' dir='ltr'>κατ’</span> <span class='ocrx_word' id='word_1_605' title='bbox 3608 4195 3786 4262; x_wconf 85' lang='grc' dir='ltr'>ὀλίγον</span> <span class='ocrx_word' id='word_1_606' title='bbox 3810 4196 4002 4260; x_wconf 76' lang='grc' dir='ltr'>ἐξανα-</span> 
     </span>
    </p>
   </div>
   <div class='ocr_carea' id='block_1_85' title="bbox 2433 4286 4003 4356">
    <p class='ocr_par' dir='ltr' id='par_1_85' title="bbox 2433 4286 4003 4356">
     <span class='ocr_line' id='line_1_86' title="bbox 2433 4286 4003 4356; baseline -0.003 -14"><span class='ocrx_word' id='word_1_607' title='bbox 2433 4290 2609 4343; x_wconf 82' lang='grc' dir='ltr'>λῶσω.</span> <span class='ocrx_word' id='word_1_608' title='bbox 2660 4286 2889 4342; x_wconf 74' lang='grc' dir='ltr'>Κελεύει</span> <span class='ocrx_word' id='word_1_609' title='bbox 2943 4290 3120 4340; x_wconf 84' lang='grc' dir='ltr'>τοίνυν</span> <span class='ocrx_word' id='word_1_610' title='bbox 3175 4289 3428 4356; x_wconf 82' lang='grc' dir='ltr'>σχοινίοις</span> <span class='ocrx_word' id='word_1_611' title='bbox 3475 4289 3660 4356; x_wconf 78' lang='grc' dir='ltr'>ἄκρων</span> <span class='ocrx_word' id='word_1_612' title='bbox 3708 4287 4003 4339; x_wconf 77' lang='grc' dir='ltr'>ἐκδεθέντα</span> 
     </span>
    </p>
   </div>
   <div class='ocr_carea' id='block_1_86' title="bbox 758 4371 2433 4450">
    <p class='ocr_par' dir='ltr' id='par_1_86' title="bbox 758 4371 2407 4449">
     <span class='ocr_line' id='line_1_87' title="bbox 758 4371 2407 4449; baseline -0.004 -18"><span class='ocrx_word' id='word_1_613' title='bbox 758 4378 927 4449; x_wconf 87' lang='lat' dir='ltr'><strong>pendi</strong></span> <span class='ocrx_word' id='word_1_614' title='bbox 995 4377 1194 4446; x_wconf 88' lang='lat' dir='ltr'><strong>capite,</strong></span> <span class='ocrx_word' id='word_1_615' title='bbox 1251 4374 1539 4431; x_wconf 85' lang='lat' dir='ltr'><strong>exsiccatis</strong></span> <span class='ocrx_word' id='word_1_616' title='bbox 1585 4382 1767 4427; x_wconf 90' lang='lat' dir='ltr'><strong>autem</strong></span> <span class='ocrx_word' id='word_1_617' title='bbox 1833 4374 1998 4426; x_wconf 87' lang='lat' dir='ltr'><strong>boum</strong></span> <span class='ocrx_word' id='word_1_618' title='bbox 2049 4371 2233 4426; x_wconf 88' lang='lat' dir='ltr'><strong>nervis</strong></span> <span class='ocrx_word' id='word_1_619' title='bbox 2279 4372 2329 4425; x_wconf 88' lang='lat' dir='ltr'><strong>ci</strong></span> <span class='ocrx_word' id='word_1_620' title='bbox 2361 4389 2407 4444; x_wconf 77' lang='grc' dir='ltr'><strong>ι)</strong></span> 
     </span>
    </p>
   </div>
   <div class='ocr_carea' id='block_1_87' title="bbox 2326 4371 4001 4450">
    <p class='ocr_par' dir='ltr' id='par_1_87' title="bbox 2326 4379 4001 4450">
     <span class='ocr_line' id='line_1_88' title="bbox 2326 4379 4001 4450; baseline -0.003 -14"><span class='ocrx_word' id='word_1_621' title='bbox 2326 4409 2329 4424; x_wconf 66' lang='grc' dir='ltr'><strong>ι</strong></span> <span class='ocrx_word' id='word_1_622' title='bbox 2361 4389 2407 4444; x_wconf 82' lang='grc'><strong>1)</strong></span> <span class='ocrx_word' id='word_1_623' title='bbox 2437 4381 2612 4436; x_wconf 89' lang='grc' dir='ltr'>ποδῶν</span> <span class='ocrx_word' id='word_1_624' title='bbox 2640 4382 2781 4434; x_wconf 84' lang='grc' dir='ltr'><strong>κατά</strong></span> <span class='ocrx_word' id='word_1_625' title='bbox 2810 4380 3047 4449; x_wconf 79' lang='grc' dir='ltr'>κεφαλῆς</span> <span class='ocrx_word' id='word_1_626' title='bbox 3080 4379 3474 4450; x_wconf 76' lang='grc' dir='ltr'>κρεμασθῆναι,</span> <span class='ocrx_word' id='word_1_627' title='bbox 3505 4379 3706 4450; x_wconf 88' lang='grc' dir='ltr'>βοείαις</span> <span class='ocrx_word' id='word_1_628' title='bbox 3728 4379 3783 4432; x_wconf 76' lang='grc' dir='ltr'>δὲ</span> <span class='ocrx_word' id='word_1_629' title='bbox 3808 4380 4001 4450; x_wconf 75' lang='grc' dir='ltr'>ξηραῖς</span> 
     </span>
    </p>
   </div>
   <div class='ocr_carea' id='block_1_88' title="bbox 755 4469 2331 4544">
    <p class='ocr_par' dir='ltr' id='par_1_88' title="bbox 755 4469 2331 4544">
     <span class='ocr_line' id='line_1_89' title="bbox 755 4469 2331 4544; baseline -0.006 -17"><span class='ocrx_word' id='word_1_630' title='bbox 755 4474 944 4544; x_wconf 86' lang='lat' dir='ltr'><strong>plagas</strong></span> <span class='ocrx_word' id='word_1_631' title='bbox 979 4471 1168 4541; x_wconf 82' lang='lat' dir='ltr'><strong>inﬂigi.</strong></span> <span class='ocrx_word' id='word_1_632' title='bbox 1217 4469 1306 4524; x_wconf 82' lang='lat' dir='ltr'><strong>Sic</strong></span> <span class='ocrx_word' id='word_1_633' title='bbox 1337 4484 1466 4537; x_wconf 90' lang='lat' dir='ltr'><strong>ergo</strong></span> <span class='ocrx_word' id='word_1_634' title='bbox 1495 4483 1650 4523; x_wconf 72' lang='lat' dir='ltr'><strong>venze</strong></span> <span class='ocrx_word' id='word_1_635' title='bbox 1688 4475 1891 4536; x_wconf 70' lang='lat' dir='ltr'><strong>apertae</strong></span> <span class='ocrx_word' id='word_1_636' title='bbox 1933 4473 2331 4519; x_wconf 89' lang='lat' dir='ltr'><strong>tormentorum</strong></span> 
     </span>
    </p>
   </div>
   <div class='ocr_carea' id='block_1_89' title="bbox 755 4555 2332 4631">
    <p class='ocr_par' dir='ltr' id='par_1_89' title="bbox 755 4555 2332 4631">
     <span class='ocr_line' id='line_1_90' title="bbox 755 4555 2332 4631; baseline -0.006 -13"><span class='ocrx_word' id='word_1_637' title='bbox 755 4563 1040 4627; x_wconf 79' lang='lat' dir='ltr'><strong>violentia,</strong></span> <span class='ocrx_word' id='word_1_638' title='bbox 1105 4571 1365 4631; x_wconf 79' lang='lat' dir='ltr'><strong>tanquam</strong></span> <span class='ocrx_word' id='word_1_639' title='bbox 1415 4575 1482 4615; x_wconf 80' lang='lat' dir='ltr'><strong>ex</strong></span> <span class='ocrx_word' id='word_1_640' title='bbox 1539 4559 1692 4614; x_wconf 87' lang='lat' dir='ltr'><strong>l‘onte</strong></span> <span class='ocrx_word' id='word_1_641' title='bbox 1743 4557 2056 4627; x_wconf 64' lang='lat' dir='ltr'><strong>prabebant</strong></span> <span class='ocrx_word' id='word_1_642' title='bbox 2129 4555 2332 4609; x_wconf 86' lang='lat' dir='ltr'><strong>lluxum</strong></span> 
     </span>
    </p>
   </div>
   <div class='ocr_carea' id='block_1_90' title="bbox 758 4647 2331 4727">
    <p class='ocr_par' dir='ltr' id='par_1_90' title="bbox 758 4647 2331 4727">
     <span class='ocr_line' id='line_1_91' title="bbox 758 4647 2331 4727; baseline -0.006 -16"><span class='ocrx_word' id='word_1_643' title='bbox 758 4655 1065 4727; x_wconf 83' lang='lat' dir='ltr'><strong>sanguinis.</strong></span> <span class='ocrx_word' id='word_1_644' title='bbox 1097 4654 1202 4721; x_wconf 86' lang='lat' dir='ltr'><strong>Qui</strong></span> <span class='ocrx_word' id='word_1_645' title='bbox 1234 4669 1368 4709; x_wconf 87' lang='lat' dir='ltr'><strong>vero</strong></span> <span class='ocrx_word' id='word_1_646' title='bbox 1418 4650 1861 4708; x_wconf 88' lang='lat' dir='ltr'><strong>circumsistehat</strong></span> <span class='ocrx_word' id='word_1_647' title='bbox 1901 4650 2158 4719; x_wconf 88' lang='lat' dir='ltr'><strong>populus,</strong></span> <span class='ocrx_word' id='word_1_648' title='bbox 2181 4647 2331 4720; x_wconf 85' lang='lat' dir='ltr'><strong>judi-</strong></span> 
     </span>
    </p>
   </div>
   <div class='ocr_carea' id='block_1_91' title="bbox 759 4744 2329 4813">
    <p class='ocr_par' dir='ltr' id='par_1_91' title="bbox 759 4744 2329 4813">
     <span class='ocr_line' id='line_1_92' title="bbox 759 4744 2329 4813; baseline -0.007 -6"><span class='ocrx_word' id='word_1_649' title='bbox 759 4766 877 4807; x_wconf 89' lang='lat' dir='ltr'><strong>cem</strong></span> <span class='ocrx_word' id='word_1_650' title='bbox 941 4764 1206 4806; x_wconf 87' lang='lat' dir='ltr'><strong>accusans</strong></span> <span class='ocrx_word' id='word_1_651' title='bbox 1288 4747 1666 4813; x_wconf 83' lang='lat' dir='ltr'><strong>immanitatis,</strong></span> <span class='ocrx_word' id='word_1_652' title='bbox 1755 4745 1821 4800; x_wconf 80' lang='lat' dir='ltr'><strong>ad</strong></span> <span class='ocrx_word' id='word_1_653' title='bbox 1897 4744 2329 4799; x_wconf 85' lang='lat' dir='ltr'><strong>misericordiam</strong></span> 
     </span>
    </p>
   </div>
   <div class='ocr_carea' id='block_1_92' title="bbox 761 4835 2328 4909">
    <p class='ocr_par' dir='ltr' id='par_1_92' title="bbox 761 4835 2328 4909">
     <span class='ocr_line' id='line_1_93' title="bbox 761 4835 2328 4909; baseline -0.006 -10"><span class='ocrx_word' id='word_1_654' title='bbox 761 4843 1086 4899; x_wconf 88' lang='lat' dir='ltr'><strong>movebatur</strong></span> <span class='ocrx_word' id='word_1_655' title='bbox 1147 4851 1204 4897; x_wconf 91' lang='lat' dir='ltr'><strong>et</strong></span> <span class='ocrx_word' id='word_1_656' title='bbox 1253 4840 1319 4894; x_wconf 87' lang='lat' dir='ltr'><strong>ad</strong></span> <span class='ocrx_word' id='word_1_657' title='bbox 1375 4841 1662 4909; x_wconf 86' lang='lat' dir='ltr'><strong>lacrymas,</strong></span> <span class='ocrx_word' id='word_1_658' title='bbox 1717 4847 1945 4906; x_wconf 90' lang='lat' dir='ltr'><strong>stupens</strong></span> <span class='ocrx_word' id='word_1_659' title='bbox 1995 4835 2328 4892; x_wconf 86' lang='lat' dir='ltr'><strong>sacrosancti</strong></span> 
     </span>
    </p>
   </div>
   <div class='ocr_carea' id='block_1_93' title="bbox 760 4927 2327 4999">
    <p class='ocr_par' dir='ltr' id='par_1_93' title="bbox 760 4927 2327 4999">
     <span class='ocr_line' id='line_1_94' title="bbox 760 4927 2327 4999; baseline -0.008 -6"><span class='ocrx_word' id='word_1_660' title='bbox 760 4935 1311 4994; x_wconf 83' lang='lat' dir='ltr'><strong>senis.tolerantiam.</strong></span> <span class='ocrx_word' id='word_1_661' title='bbox 1365 4932 1595 4998; x_wconf 85' lang='lat' dir='ltr'><strong>Quidam</strong></span> <span class='ocrx_word' id='word_1_662' title='bbox 1629 4940 1814 4984; x_wconf 87' lang='lat' dir='ltr'><strong>autem</strong></span> <span class='ocrx_word' id='word_1_663' title='bbox 1859 4945 1925 4984; x_wconf 90' lang='lat' dir='ltr'><strong>ex</strong></span> <span class='ocrx_word' id='word_1_664' title='bbox 1955 4929 2186 4999; x_wconf 90' lang='lat' dir='ltr'><strong>magnis,</strong></span> <span class='ocrx_word' id='word_1_665' title='bbox 2233 4927 2327 4998; x_wconf 88' lang='lat' dir='ltr'><strong>qui</strong></span> 
     </span>
    </p>
   </div>
   <div class='ocr_carea' id='block_1_94' title="bbox 761 5022 2324 5092">
    <p class='ocr_par' dir='ltr' id='par_1_94' title="bbox 761 5022 2324 5092">
     <span class='ocr_line' id='line_1_95' title="bbox 761 5022 2324 5092; baseline -0.008 -7"><span class='ocrx_word' id='word_1_666' title='bbox 761 5027 1264 5091; x_wconf 81' lang='lat' dir='ltr'><strong>circumsistebant,</strong></span> <span class='ocrx_word' id='word_1_667' title='bbox 1298 5034 1510 5081; x_wconf 89' lang='lat' dir='ltr'><strong>secreto</strong></span> <span class='ocrx_word' id='word_1_668' title='bbox 1547 5024 1869 5079; x_wconf 85' lang='lat' dir='ltr'><strong>accedentes</strong></span> <span class='ocrx_word' id='word_1_669' title='bbox 1900 5022 1966 5076; x_wconf 90' lang='lat' dir='ltr'><strong>ad</strong></span> <span class='ocrx_word' id='word_1_670' title='bbox 2010 5031 2324 5092; x_wconf 84' lang='lat' dir='ltr'><strong>martyrem,</strong></span> 
     </span>
    </p>
   </div>
   <div class='ocr_carea' id='block_1_95' title="bbox 762 5111 2326 5186">
    <p class='ocr_par' dir='ltr' id='par_1_95' title="bbox 762 5111 2326 5186">
     <span class='ocr_line' id='line_1_96' title="bbox 762 5111 2326 5186; baseline -0.006 -11"><span class='ocrx_word' id='word_1_671' title='bbox 762 5121 1062 5176; x_wconf 85' lang='lat' dir='ltr'><strong>dicebant:</strong></span> <span class='ocrx_word' id='word_1_672' title='bbox 1097 5118 1249 5173; x_wconf 88' lang='lat' dir='ltr'><strong>Clam</strong></span> <span class='ocrx_word' id='word_1_673' title='bbox 1284 5117 1574 5172; x_wconf 80' lang='lat' dir='ltr'><strong>nobiscum</strong></span> <span class='ocrx_word' id='word_1_674' title='bbox 1606 5115 1890 5186; x_wconf 90' lang='lat' dir='ltr'><strong>ingredere</strong></span> <span class='ocrx_word' id='word_1_675' title='bbox 1924 5113 1976 5167; x_wconf 90' lang='lat' dir='ltr'><strong>in</strong></span> <span class='ocrx_word' id='word_1_676' title='bbox 2014 5111 2187 5167; x_wconf 87' lang='lat' dir='ltr'><strong>nostri</strong></span> <span class='ocrx_word' id='word_1_677' title='bbox 2231 5111 2326 5166; x_wconf 89' lang='lat' dir='ltr'><strong>Dei</strong></span> 
     </span>
    </p>
   </div>
   <div class='ocr_carea' id='block_1_96' title="bbox 766 5205 2328 5280">
    <p class='ocr_par' dir='ltr' id='par_1_96' title="bbox 766 5205 2328 5280">
     <span class='ocr_line' id='line_1_97' title="bbox 766 5205 2328 5280; baseline -0.005 -16"><span class='ocrx_word' id='word_1_678' title='bbox 766 5211 1052 5280; x_wconf 91' lang='lat' dir='ltr'><strong>templum,</strong></span> <span class='ocrx_word' id='word_1_679' title='bbox 1103 5209 1148 5263; x_wconf 91' lang='lat' dir='ltr'><strong>si</strong></span> <span class='ocrx_word' id='word_1_680' title='bbox 1197 5224 1226 5262; x_wconf 92' lang='lat' dir='ltr'><strong>a</strong></span> <span class='ocrx_word' id='word_1_681' title='bbox 1280 5207 1468 5262; x_wconf 89' lang='lat' dir='ltr'><strong>multis</strong></span> <span class='ocrx_word' id='word_1_682' title='bbox 1514 5207 1680 5275; x_wconf 90' lang='lat' dir='ltr'><strong>aspici</strong></span> <span class='ocrx_word' id='word_1_683' title='bbox 1731 5205 2033 5266; x_wconf 88' lang='lat' dir='ltr'><strong>erubescis.</strong></span> <span class='ocrx_word' id='word_1_684' title='bbox 2095 5212 2150 5258; x_wconf 89' lang='lat' dir='ltr'><strong>et</strong></span> <span class='ocrx_word' id='word_1_685' title='bbox 2205 5217 2328 5257; x_wconf 91' lang='lat' dir='ltr'><strong>cum</strong></span> 
     </span>
    </p>
   </div>
   <div class='ocr_carea' id='block_1_97' title="bbox 2431 4468 4002 4540">
    <p class='ocr_par' dir='ltr' id='par_1_97' title="bbox 2431 4468 4002 4540">
     <span class='ocr_line' id='line_1_98' title="bbox 2431 4468 4002 4540; baseline -0.004 -14"><span class='ocrx_word' id='word_1_686' title='bbox 2431 4475 2527 4536; x_wconf 75' lang='grc' dir='ltr'><strong>τὰς</strong></span> <span class='ocrx_word' id='word_1_687' title='bbox 2568 4472 2782 4540; x_wconf 86' lang='grc' dir='ltr'>πληγὰς</span> <span class='ocrx_word' id='word_1_688' title='bbox 2813 4471 3204 4535; x_wconf 81' lang='grc' dir='ltr'>ὲπιξαίνεσθαι.</span> <span class='ocrx_word' id='word_1_689' title='bbox 3240 4470 3426 4532; x_wconf 84' lang='grc' dir='ltr'>υῦτως</span> <span class='ocrx_word' id='word_1_690' title='bbox 3469 4468 3562 4524; x_wconf 87' lang='grc' dir='ltr'><strong>οῦν</strong></span> <span class='ocrx_word' id='word_1_691' title='bbox 3597 4471 3654 4523; x_wconf 82' lang='grc' dir='ltr'>αι</span> <span class='ocrx_word' id='word_1_692' title='bbox 3689 4470 3886 4540; x_wconf 76' lang='grc' dir='ltr'>φλέϐες</span> <span class='ocrx_word' id='word_1_693' title='bbox 3925 4470 4002 4537; x_wconf 81' lang='grc' dir='ltr'><strong>τῷ</strong></span> 
     </span>
    </p>
   </div>
   <div class='ocr_carea' id='block_1_98' title="bbox 2434 4560 4002 4635">
    <p class='ocr_par' dir='ltr' id='par_1_98' title="bbox 2434 4560 4002 4635">
     <span class='ocr_line' id='line_1_99' title="bbox 2434 4560 4002 4635; baseline -0.001 -20"><span class='ocrx_word' id='word_1_694' title='bbox 2434 4562 2592 4635; x_wconf 82' lang='grc' dir='ltr'>βιαίῳ</span> <span class='ocrx_word' id='word_1_695' title='bbox 2647 4561 2755 4616; x_wconf 87' lang='grc' dir='ltr'><strong>τῶν</strong></span> <span class='ocrx_word' id='word_1_696' title='bbox 2798 4561 3073 4630; x_wconf 85' lang='grc' dir='ltr'>αἰκισμῶν</span> <span class='ocrx_word' id='word_1_697' title='bbox 3107 4560 3573 4631; x_wconf 84' lang='grc' dir='ltr'>ἀναστομωθεϊσαι</span> <span class='ocrx_word' id='word_1_698' title='bbox 3613 4560 3686 4623; x_wconf 85' lang='grc' dir='ltr'><strong>ὡς</strong></span> <span class='ocrx_word' id='word_1_699' title='bbox 3725 4563 3787 4612; x_wconf 69' lang='grc' dir='ltr'>ὲκ</span> <span class='ocrx_word' id='word_1_700' title='bbox 3817 4563 4002 4630; x_wconf 72' lang='grc' dir='ltr'>πηγῆς</span> 
     </span>
    </p>
   </div>
   <div class='ocr_carea' id='block_1_99' title="bbox 2431 4653 4002 4726">
    <p class='ocr_par' dir='ltr' id='par_1_99' title="bbox 2431 4653 4002 4726">
     <span class='ocr_line' id='line_1_100' title="bbox 2431 4653 4002 4726; baseline -0.001 -17"><span class='ocrx_word' id='word_1_701' title='bbox 2431 4657 2687 4726; x_wconf 83' lang='grc' dir='ltr'>παρείχον</span> <span class='ocrx_word' id='word_1_702' title='bbox 2718 4655 2785 4708; x_wconf 79' lang='grc' dir='ltr'><strong>τὰ</strong></span> <span class='ocrx_word' id='word_1_703' title='bbox 2834 4655 3040 4725; x_wconf 83' lang='grc' dir='ltr'>αἵματα</span> <span class='ocrx_word' id='word_1_704' title='bbox 3086 4655 3402 4725; x_wconf 76' lang='grc' dir='ltr'>καταρρεῖν.</span> <span class='ocrx_word' id='word_1_705' title='bbox 3465 4653 3540 4706; x_wconf 86' lang='grc' dir='ltr'>Τδ</span> <span class='ocrx_word' id='word_1_706' title='bbox 3600 4654 3657 4707; x_wconf 80' lang='grc' dir='ltr'>δὲ</span> <span class='ocrx_word' id='word_1_707' title='bbox 3713 4657 4002 4723; x_wconf 64' lang='grc' dir='ltr'>περιεστδς</span> 
     </span>
    </p>
   </div>
   <div class='ocr_carea' id='block_1_100' title="bbox 2431 4743 4001 4817">
    <p class='ocr_par' dir='ltr' id='par_1_100' title="bbox 2431 4743 4001 4817">
     <span class='ocr_line' id='line_1_101' title="bbox 2431 4743 4001 4817; baseline -0.003 -17"><span class='ocrx_word' id='word_1_708' title='bbox 2431 4747 2631 4811; x_wconf 81' lang='grc' dir='ltr'>πλῆθος</span> <span class='ocrx_word' id='word_1_709' title='bbox 2681 4747 2781 4817; x_wconf 76' lang='grc' dir='ltr'>τὴν</span> <span class='ocrx_word' id='word_1_710' title='bbox 2832 4744 2926 4800; x_wconf 89' lang='grc' dir='ltr'><strong>τοῦ</strong></span> <span class='ocrx_word' id='word_1_711' title='bbox 2976 4743 3232 4800; x_wconf 83' lang='grc' dir='ltr'>δικαστοῦ</span> <span class='ocrx_word' id='word_1_712' title='bbox 3290 4744 3639 4816; x_wconf 77' lang='grc' dir='ltr'>μεμφόμενον</span> <span class='ocrx_word' id='word_1_713' title='bbox 3696 4746 4001 4814; x_wconf 75' lang='grc' dir='ltr'>ἀγριότητα</span> 
     </span>
    </p>
   </div>
   <div class='ocr_carea' id='block_1_101' title="bbox 2438 4833 4004 4908">
    <p class='ocr_par' dir='ltr' id='par_1_101' title="bbox 2438 4833 4004 4908">
     <span class='ocr_line' id='line_1_102' title="bbox 2438 4833 4004 4908; baseline -0.003 -17"><span class='ocrx_word' id='word_1_714' title='bbox 2438 4840 2573 4908; x_wconf 82' lang='grc' dir='ltr'>πρὸς</span> <span class='ocrx_word' id='word_1_715' title='bbox 2602 4833 2777 4892; x_wconf 76' lang='grc' dir='ltr'>οἶκτον</span> <span class='ocrx_word' id='word_1_716' title='bbox 2813 4837 3086 4891; x_wconf 71' lang='grc' dir='ltr'>ἐκινοῦντο</span> <span class='ocrx_word' id='word_1_717' title='bbox 3109 4838 3202 4891; x_wconf 69' lang='grc' dir='ltr'>καὶ</span> <span class='ocrx_word' id='word_1_718' title='bbox 3225 4837 3458 4907; x_wconf 86' lang='grc' dir='ltr'>δάκρυα,</span> <span class='ocrx_word' id='word_1_719' title='bbox 3478 4837 3569 4889; x_wconf 79' lang='grc' dir='ltr'>τὸν</span> <span class='ocrx_word' id='word_1_720' title='bbox 3601 4836 3746 4906; x_wconf 83' lang='grc' dir='ltr'>ιερδν</span> <span class='ocrx_word' id='word_1_721' title='bbox 3763 4837 4004 4907; x_wconf 78' lang='grc' dir='ltr'>πρεσϐύ-</span> 
     </span>
    </p>
   </div>
   <div class='ocr_carea' id='block_1_102' title="bbox 2435 4929 4001 5000">
    <p class='ocr_par' dir='ltr' id='par_1_102' title="bbox 2435 4929 4001 5000">
     <span class='ocr_line' id='line_1_103' title="bbox 2435 4929 4001 5000; baseline -0.001 -17"><span class='ocrx_word' id='word_1_722' title='bbox 2435 4948 2536 5000; x_wconf 93' lang='grc' dir='ltr'><strong>την</strong></span> <span class='ocrx_word' id='word_1_723' title='bbox 2582 4929 2682 5000; x_wconf 83' lang='grc' dir='ltr'>τῆς</span> <span class='ocrx_word' id='word_1_724' title='bbox 2739 4931 3015 4998; x_wconf 82' lang='grc' dir='ltr'>ὑπομονῆς</span> <span class='ocrx_word' id='word_1_725' title='bbox 3068 4929 3514 4998; x_wconf 68' lang='grc' dir='ltr'>ἱκπληττόμενοι.</span> <span class='ocrx_word' id='word_1_726' title='bbox 3575 4931 3732 4992; x_wconf 78' lang='grc' dir='ltr'>Τινὲς</span> <span class='ocrx_word' id='word_1_727' title='bbox 3782 4931 3840 4984; x_wconf 73' lang='grc' dir='ltr'>δὲ</span> <span class='ocrx_word' id='word_1_728' title='bbox 3896 4933 4001 4984; x_wconf 73' lang='grc' dir='ltr'><strong>τῶν</strong></span> 
     </span>
    </p>
   </div>
   <div class='ocr_carea' id='block_1_103' title="bbox 2437 5020 4003 5094">
    <p class='ocr_par' dir='ltr' id='par_1_103' title="bbox 2437 5020 4003 5094">
     <span class='ocr_line' id='line_1_104' title="bbox 2437 5020 4003 5094; baseline -0.002 -20"><span class='ocrx_word' id='word_1_729' title='bbox 2437 5020 2820 5091; x_wconf 84' lang='grc' dir='ltr'>περιεστώτων</span> <span class='ocrx_word' id='word_1_730' title='bbox 2874 5021 3063 5090; x_wconf 83' lang='grc' dir='ltr'>μάγων</span> <span class='ocrx_word' id='word_1_731' title='bbox 3117 5022 3174 5073; x_wconf 74' lang='grc' dir='ltr'>ὲν</span> <span class='ocrx_word' id='word_1_732' title='bbox 3226 5022 3520 5092; x_wconf 74' lang='grc' dir='ltr'>ἀπορρήτῳ</span> <span class='ocrx_word' id='word_1_733' title='bbox 3565 5021 3890 5094; x_wconf 83' lang='grc' dir='ltr'>προσιόντες</span> <span class='ocrx_word' id='word_1_734' title='bbox 3928 5022 4003 5089; x_wconf 81' lang='grc' dir='ltr'><strong>τῷ</strong></span> 
     </span>
    </p>
   </div>
   <div class='ocr_carea' id='block_1_104' title="bbox 2438 5111 3999 5184">
    <p class='ocr_par' dir='ltr' id='par_1_104' title="bbox 2438 5111 3999 5184">
     <span class='ocr_line' id='line_1_105' title="bbox 2438 5111 3999 5184; baseline -0.001 -17"><span class='ocrx_word' id='word_1_735' title='bbox 2438 5116 2696 5184; x_wconf 86' lang='grc' dir='ltr'>μάρτυρι,</span> <span class='ocrx_word' id='word_1_736' title='bbox 2756 5111 2975 5166; x_wconf 83' lang='grc' dir='ltr'>Είσελθε</span> <span class='ocrx_word' id='word_1_737' title='bbox 3017 5111 3135 5182; x_wconf 81' lang='grc' dir='ltr'>μεθ’</span> <span class='ocrx_word' id='word_1_738' title='bbox 3184 5114 3364 5183; x_wconf 73' lang='grc' dir='ltr'>ἡμῶν,</span> <span class='ocrx_word' id='word_1_739' title='bbox 3394 5114 3598 5181; x_wconf 76' lang='grc' dir='ltr'>ἔλεγον,</span> <span class='ocrx_word' id='word_1_740' title='bbox 3653 5115 3733 5173; x_wconf 79' lang='grc' dir='ltr'>εἰς</span> <span class='ocrx_word' id='word_1_741' title='bbox 3782 5114 3877 5165; x_wconf 83' lang='grc' dir='ltr'><strong>τδν</strong></span> <span class='ocrx_word' id='word_1_742' title='bbox 3908 5112 3999 5166; x_wconf 84' lang='grc' dir='ltr'><strong>τοῦ</strong></span> 
     </span>
    </p>
   </div>
   <div class='ocr_carea' id='block_1_105' title="bbox 2429 5207 4001 5278">
    <p class='ocr_par' dir='ltr' id='par_1_105' title="bbox 2429 5207 4001 5278">
     <span class='ocr_line' id='line_1_106' title="bbox 2429 5207 4001 5278; baseline -0.001 -18"><span class='ocrx_word' id='word_1_743' title='bbox 2429 5207 2562 5261; x_wconf 82' lang='grc' dir='ltr'>Θεοῦ</span> <span class='ocrx_word' id='word_1_744' title='bbox 2596 5207 2753 5276; x_wconf 85' lang='grc' dir='ltr'>ἡμῶν</span> <span class='ocrx_word' id='word_1_745' title='bbox 2778 5208 2904 5260; x_wconf 83' lang='grc' dir='ltr'>ναδν</span> <span class='ocrx_word' id='word_1_746' title='bbox 2936 5207 2993 5260; x_wconf 69' lang='grc' dir='ltr'>ιν</span> <span class='ocrx_word' id='word_1_747' title='bbox 3025 5209 3231 5278; x_wconf 82' lang='grc' dir='ltr'>κρυφῇ,</span> <span class='ocrx_word' id='word_1_748' title='bbox 3272 5208 3325 5259; x_wconf 87' lang='grc' dir='ltr'><strong>εί</strong></span> <span class='ocrx_word' id='word_1_749' title='bbox 3370 5224 3432 5275; x_wconf 90' lang='grc' dir='ltr'><strong>γε</strong></span> <span class='ocrx_word' id='word_1_750' title='bbox 3474 5209 3568 5259; x_wconf 73' lang='grc' dir='ltr'>καὶ</span> <span class='ocrx_word' id='word_1_751' title='bbox 3603 5207 3701 5275; x_wconf 81' lang='grc' dir='ltr'>τὴν</span> <span class='ocrx_word' id='word_1_752' title='bbox 3736 5207 3848 5260; x_wconf 86' lang='grc' dir='ltr'><strong>τῶν</strong></span> <span class='ocrx_word' id='word_1_753' title='bbox 3877 5208 4001 5260; x_wconf 79' lang='grc' dir='ltr'>πολ-</span> 
     </span>
    </p>
   </div>
   <div class='ocr_carea' id='block_1_106' title="bbox 765 5294 2440 5369">
    <p class='ocr_par' dir='ltr' id='par_1_106' title="bbox 765 5294 2440 5368">
     <span class='ocr_line' id='line_1_107' title="bbox 765 5294 2440 5368; baseline -0.005 -10"><span class='ocrx_word' id='word_1_754' title='bbox 765 5301 1111 5364; x_wconf 82' lang='lat' dir='ltr'><strong>sacriﬂcaris,</strong></span> <span class='ocrx_word' id='word_1_755' title='bbox 1147 5301 1382 5355; x_wconf 90' lang='lat' dir='ltr'><strong>liberare</strong></span> <span class='ocrx_word' id='word_1_756' title='bbox 1416 5315 1443 5353; x_wconf 87' lang='lat' dir='ltr'><strong>a</strong></span> <span class='ocrx_word' id='word_1_757' title='bbox 1481 5297 1787 5368; x_wconf 78' lang='lat' dir='ltr'><strong>suppliciis.</strong></span> <span class='ocrx_word' id='word_1_758' title='bbox 1817 5297 1913 5352; x_wconf 77' lang='lat' dir='ltr'><strong>Ille</strong></span> <span class='ocrx_word' id='word_1_759' title='bbox 1949 5305 2130 5350; x_wconf 90' lang='lat' dir='ltr'><strong>autem</strong></span> <span class='ocrx_word' id='word_1_760' title='bbox 2158 5312 2172 5350; x_wconf 88' lang='lat'><strong>:</strong></span> <span class='ocrx_word' id='word_1_761' title='bbox 2213 5294 2333 5348; x_wconf 81' lang='lat' dir='ltr'><strong>Dis-</strong></span> <span class='ocrx_word' id='word_1_762' title='bbox 2359 5296 2440 5365; x_wconf 67' lang='lat' dir='ltr'><strong>(l</strong></span> 
     </span>
    </p>
   </div>
   <div class='ocr_carea' id='block_1_107' title="bbox 2324 5294 3999 5369">
    <p class='ocr_par' dir='ltr' id='par_1_107' title="bbox 2324 5296 3999 5369">
     <span class='ocr_line' id='line_1_108' title="bbox 2324 5296 3999 5369; baseline 0.001 -18"><span class='ocrx_word' id='word_1_763' title='bbox 2324 5296 2403 5365; x_wconf 56' lang='grc' dir='ltr'>-ί</span> <span class='ocrx_word' id='word_1_764' title='bbox 2430 5297 2533 5352; x_wconf 82' lang='grc' dir='ltr'><strong>λῶν</strong></span> <span class='ocrx_word' id='word_1_765' title='bbox 2561 5299 2684 5368; x_wconf 71' lang='grc' dir='ltr'>ὄψιν</span> <span class='ocrx_word' id='word_1_766' title='bbox 2714 5299 2965 5369; x_wconf 79' lang='grc' dir='ltr'>αἰσχύνῃ,</span> <span class='ocrx_word' id='word_1_767' title='bbox 2999 5301 3091 5352; x_wconf 79' lang='grc' dir='ltr'>καὶ</span> <span class='ocrx_word' id='word_1_768' title='bbox 3144 5299 3333 5364; x_wconf 87' lang='grc' dir='ltr'>θύσας,</span> <span class='ocrx_word' id='word_1_769' title='bbox 3374 5299 3718 5365; x_wconf 74' lang='grc' dir='ltr'>ἀπαλλάγηθι</span> <span class='ocrx_word' id='word_1_770' title='bbox 3752 5300 3863 5353; x_wconf 88' lang='grc' dir='ltr'><strong>τῶν</strong></span> <span class='ocrx_word' id='word_1_771' title='bbox 3916 5318 3999 5353; x_wconf 84' lang='grc' dir='ltr'>κο-</span> 
     </span>
    </p>
   </div>
   <div class='ocr_carea' id='block_1_108' title="bbox 767 5386 2336 5455">
    <p class='ocr_par' dir='ltr' id='par_1_108' title="bbox 767 5386 2336 5455">
     <span class='ocr_line' id='line_1_109' title="bbox 767 5386 2336 5455; baseline -0.005 -8"><span class='ocrx_word' id='word_1_772' title='bbox 767 5392 945 5447; x_wconf 86' lang='lat' dir='ltr'><strong>cedite</strong></span> <span class='ocrx_word' id='word_1_773' title='bbox 975 5407 1005 5445; x_wconf 89' lang='lat' dir='ltr'><strong>a</strong></span> <span class='ocrx_word' id='word_1_774' title='bbox 1040 5406 1148 5453; x_wconf 89' lang='lat' dir='ltr'><strong>me,</strong></span> <span class='ocrx_word' id='word_1_775' title='bbox 1177 5391 1324 5444; x_wconf 84' lang='lat' dir='ltr'><strong>clara</strong></span> <span class='ocrx_word' id='word_1_776' title='bbox 1355 5404 1489 5443; x_wconf 82' lang='lat' dir='ltr'><strong>voce</strong></span> <span class='ocrx_word' id='word_1_777' title='bbox 1538 5389 1712 5443; x_wconf 80' lang='lat' dir='ltr'><strong>dixit:</strong></span> <span class='ocrx_word' id='word_1_778' title='bbox 1752 5386 2050 5450; x_wconf 84' lang='lat' dir='ltr'><strong>discedite,</strong></span> <span class='ocrx_word' id='word_1_779' title='bbox 2085 5387 2181 5455; x_wconf 91' lang='lat' dir='ltr'><strong>qui</strong></span> <span class='ocrx_word' id='word_1_780' title='bbox 2210 5400 2336 5454; x_wconf 84' lang='lat' dir='ltr'><strong>ope-</strong></span> 
     </span>
    </p>
   </div>
   <div class='ocr_carea' id='block_1_109' title="bbox 769 5478 2336 5551">
    <p class='ocr_par' dir='ltr' id='par_1_109' title="bbox 769 5478 2336 5551">
     <span class='ocr_line' id='line_1_110' title="bbox 769 5478 2336 5551; baseline -0.004 -13"><span class='ocrx_word' id='word_1_781' title='bbox 769 5484 967 5538; x_wconf 88' lang='lat' dir='ltr'><strong>ramini</strong></span> <span class='ocrx_word' id='word_1_782' title='bbox 1023 5483 1392 5551; x_wconf 86' lang='lat' dir='ltr'><strong>iniquitatem,</strong></span> <span class='ocrx_word' id='word_1_783' title='bbox 1445 5482 1704 5551; x_wconf 89' lang='lat' dir='ltr'><strong>quoniam</strong></span> <span class='ocrx_word' id='word_1_784' title='bbox 1756 5479 2021 5535; x_wconf 87' lang='lat' dir='ltr'><strong>Dominus</strong></span> <span class='ocrx_word' id='word_1_785' title='bbox 2055 5478 2336 5533; x_wconf 84' lang='lat' dir='ltr'><strong>exaudivit</strong></span> 
     </span>
    </p>
   </div>
   <div class='ocr_carea' id='block_1_110' title="bbox 770 5570 2337 5646">
    <p class='ocr_par' dir='ltr' id='par_1_110' title="bbox 770 5570 2337 5646">
     <span class='ocr_line' id='line_1_111' title="bbox 770 5570 2337 5646; baseline -0.004 -16"><span class='ocrx_word' id='word_1_786' title='bbox 770 5576 1215 5646; x_wconf 82' lang='lat' dir='ltr'><strong>deprecationem</strong></span> <span class='ocrx_word' id='word_1_787' title='bbox 1260 5589 1456 5629; x_wconf 89' lang='lat' dir='ltr'><strong>meam.</strong></span> <span class='ocrx_word' id='word_1_788' title='bbox 1507 5572 1713 5628; x_wconf 89' lang='lat' dir='ltr'><strong>Deinde</strong></span> <span class='ocrx_word' id='word_1_789' title='bbox 1745 5586 1870 5626; x_wconf 91' lang='lat' dir='ltr'><strong>cum</strong></span> <span class='ocrx_word' id='word_1_790' title='bbox 1903 5582 2014 5626; x_wconf 86' lang='lat' dir='ltr'><strong>tres</strong></span> <span class='ocrx_word' id='word_1_791' title='bbox 2051 5570 2200 5625; x_wconf 69' lang='lat' dir='ltr'><strong>horae</strong></span> <span class='ocrx_word' id='word_1_792' title='bbox 2226 5570 2337 5639; x_wconf 85' lang='lat' dir='ltr'><strong>jam</strong></span> 
     </span>
    </p>
   </div>
   <div class='ocr_carea' id='block_1_111' title="bbox 774 5663 2339 5741">
    <p class='ocr_par' dir='ltr' id='par_1_111' title="bbox 774 5663 2339 5741">
     <span class='ocr_line' id='line_1_112' title="bbox 774 5663 2339 5741; baseline -0.006 -15"><span class='ocrx_word' id='word_1_793' title='bbox 774 5670 1203 5741; x_wconf 73' lang='lat' dir='ltr'><strong>pmteriissent,</strong></span> <span class='ocrx_word' id='word_1_794' title='bbox 1247 5668 1407 5740; x_wconf 86' lang='lat' dir='ltr'><strong>jubet</strong></span> <span class='ocrx_word' id='word_1_795' title='bbox 1480 5683 1605 5721; x_wconf 86' lang='lat' dir='ltr'><strong>eum</strong></span> <span class='ocrx_word' id='word_1_796' title='bbox 1664 5666 1966 5721; x_wconf 84' lang='lat' dir='ltr'><strong>relaxatum</strong></span> <span class='ocrx_word' id='word_1_797' title='bbox 2017 5680 2047 5718; x_wconf 90' lang='lat' dir='ltr'><strong>a</strong></span> <span class='ocrx_word' id='word_1_798' title='bbox 2103 5663 2339 5718; x_wconf 82' lang='lat' dir='ltr'><strong>vinculis</strong></span> 
     </span>
    </p>
   </div>
   <div class='ocr_carea' id='block_1_112' title="bbox 771 5755 2336 5828">
    <p class='ocr_par' dir='ltr' id='par_1_112' title="bbox 771 5755 2336 5828">
     <span class='ocr_line' id='line_1_113' title="bbox 771 5755 2336 5828; baseline -0.004 -10"><span class='ocrx_word' id='word_1_799' title='bbox 771 5778 956 5818; x_wconf 90' lang='lat' dir='ltr'><strong>coram</strong></span> <span class='ocrx_word' id='word_1_800' title='bbox 989 5776 1048 5818; x_wconf 86' lang='lat' dir='ltr'><strong>se</strong></span> <span class='ocrx_word' id='word_1_801' title='bbox 1079 5762 1218 5828; x_wconf 89' lang='lat' dir='ltr'><strong>sisti,</strong></span> <span class='ocrx_word' id='word_1_802' title='bbox 1242 5771 1313 5824; x_wconf 92' lang='lat' dir='ltr'><strong>et,</strong></span> <span class='ocrx_word' id='word_1_803' title='bbox 1334 5759 1497 5827; x_wconf 87' lang='lat' dir='ltr'><strong>Quid,</strong></span> <span class='ocrx_word' id='word_1_804' title='bbox 1533 5758 1730 5828; x_wconf 84' lang='lat' dir='ltr'><strong>inquit,</strong></span> <span class='ocrx_word' id='word_1_805' title='bbox 1773 5773 1933 5828; x_wconf 80' lang='lat' dir='ltr'><strong>pares</strong></span> <span class='ocrx_word' id='word_1_806' title='bbox 1960 5755 2136 5827; x_wconf 89' lang='lat' dir='ltr'><strong>jussui</strong></span> <span class='ocrx_word' id='word_1_807' title='bbox 2173 5755 2336 5826; x_wconf 88' lang='lat' dir='ltr'><strong>regis,</strong></span> 
     </span>
    </p>
   </div>
   <div class='ocr_carea' id='block_1_113' title="bbox 774 5850 2333 5924">
    <p class='ocr_par' dir='ltr' id='par_1_113' title="bbox 774 5850 2333 5924">
     <span class='ocr_line' id='line_1_114' title="bbox 774 5850 2333 5924; baseline -0.004 -13"><span class='ocrx_word' id='word_1_808' title='bbox 774 5865 832 5911; x_wconf 84' lang='lat' dir='ltr'><strong>et</strong></span> <span class='ocrx_word' id='word_1_809' title='bbox 851 5855 1014 5911; x_wconf 86' lang='lat' dir='ltr'><strong>vitam</strong></span> <span class='ocrx_word' id='word_1_810' title='bbox 1037 5855 1203 5911; x_wconf 89' lang='lat' dir='ltr'><strong>morti</strong></span> <span class='ocrx_word' id='word_1_811' title='bbox 1236 5854 1478 5924; x_wconf 65' lang='lat' dir='ltr'><strong>prafers,</strong></span> <span class='ocrx_word' id='word_1_812' title='bbox 1503 5867 1569 5907; x_wconf 86' lang='lat' dir='ltr'><strong>an</strong></span> <span class='ocrx_word' id='word_1_813' title='bbox 1591 5851 1731 5905; x_wconf 81' lang='lat' dir='ltr'><strong>non?</strong></span> <span class='ocrx_word' id='word_1_814' title='bbox 1758 5850 2058 5918; x_wconf 82' lang='lat' dir='ltr'><strong>Respondit</strong></span> <span class='ocrx_word' id='word_1_815' title='bbox 2079 5858 2333 5905; x_wconf 86' lang='lat' dir='ltr'><strong>sanctus:</strong></span> 
     </span>
    </p>
   </div>
   <div class='ocr_carea' id='block_1_114' title="bbox 2431 5388 3997 5462">
    <p class='ocr_par' dir='ltr' id='par_1_114' title="bbox 2431 5388 3997 5462">
     <span class='ocr_line' id='line_1_115' title="bbox 2431 5388 3997 5462; baseline -0.002 -18"><span class='ocrx_word' id='word_1_816' title='bbox 2431 5393 2660 5446; x_wconf 89' lang='grc' dir='ltr'>λάσεων.</span> <span class='ocrx_word' id='word_1_817' title='bbox 2697 5391 2755 5444; x_wconf 89' lang='lat'><strong>&#39;0</strong></span> <span class='ocrx_word' id='word_1_818' title='bbox 2783 5392 2860 5454; x_wconf 77' lang='grc' dir='ltr'>δὲ,</span> <span class='ocrx_word' id='word_1_819' title='bbox 2889 5391 3190 5460; x_wconf 82' lang='grc' dir='ltr'>Ἀπόστητε</span> <span class='ocrx_word' id='word_1_820' title='bbox 3215 5393 3307 5444; x_wconf 79' lang='grc' dir='ltr'>ἀπ’</span> <span class='ocrx_word' id='word_1_821' title='bbox 3336 5392 3491 5461; x_wconf 69' lang='grc' dir='ltr'>ἐμοῦ,</span> <span class='ocrx_word' id='word_1_822' title='bbox 3519 5388 3640 5444; x_wconf 77' lang='grc' dir='ltr'>εἷπε</span> <span class='ocrx_word' id='word_1_823' title='bbox 3670 5392 3904 5462; x_wconf 79' lang='grc' dir='ltr'>λαμπρᾷ</span> <span class='ocrx_word' id='word_1_824' title='bbox 3936 5395 3997 5461; x_wconf 75' lang='grc' dir='ltr'>τῇ</span> 
     </span>
    </p>
   </div>
   <div class='ocr_carea' id='block_1_115' title="bbox 2436 5484 4000 5556">
    <p class='ocr_par' dir='ltr' id='par_1_115' title="bbox 2436 5484 4000 5556">
     <span class='ocr_line' id='line_1_116' title="bbox 2436 5484 4000 5556; baseline -0.002 -17"><span class='ocrx_word' id='word_1_825' title='bbox 2436 5489 2610 5556; x_wconf 76' lang='grc' dir='ltr'>φωνῇ,</span> <span class='ocrx_word' id='word_1_826' title='bbox 2629 5485 2924 5554; x_wconf 86' lang='grc' dir='ltr'>ἀπόστητε,</span> <span class='ocrx_word' id='word_1_827' title='bbox 2947 5484 2995 5537; x_wconf 72' lang='grc' dir='ltr'>οἱ</span> <span class='ocrx_word' id='word_1_828' title='bbox 3021 5484 3119 5554; x_wconf 74' lang='grc' dir='ltr'>τὴν</span> <span class='ocrx_word' id='word_1_829' title='bbox 3139 5484 3365 5553; x_wconf 89' lang='grc' dir='ltr'>ἀνομίαν</span> <span class='ocrx_word' id='word_1_830' title='bbox 3389 5484 3864 5553; x_wconf 75' lang='grc' dir='ltr'>ὲργαζόμενοι,ὅτι</span> <span class='ocrx_word' id='word_1_831' title='bbox 3892 5485 4000 5536; x_wconf 80' lang='grc' dir='ltr'><strong>Κύ-</strong></span> 
     </span>
    </p>
   </div>
   <div class='ocr_carea' id='block_1_116' title="bbox 2438 5572 3998 5646">
    <p class='ocr_par' dir='ltr' id='par_1_116' title="bbox 2438 5572 3998 5646">
     <span class='ocr_line' id='line_1_117' title="bbox 2438 5572 3998 5646; baseline -0.003 -16"><span class='ocrx_word' id='word_1_832' title='bbox 2438 5595 2549 5646; x_wconf 86' lang='grc' dir='ltr'>ριος</span> <span class='ocrx_word' id='word_1_833' title='bbox 2582 5579 2679 5645; x_wconf 76' lang='grc' dir='ltr'>τῆς</span> <span class='ocrx_word' id='word_1_834' title='bbox 2711 5575 2946 5645; x_wconf 85' lang='grc' dir='ltr'>δεήσεώς</span> <span class='ocrx_word' id='word_1_835' title='bbox 2979 5593 3080 5646; x_wconf 89' lang='grc' dir='ltr'><strong>μου</strong></span> <span class='ocrx_word' id='word_1_836' title='bbox 3109 5578 3445 5645; x_wconf 85' lang='grc' dir='ltr'>είσήκουσεν.</span> <span class='ocrx_word' id='word_1_837' title='bbox 3493 5572 3624 5628; x_wconf 82' lang='grc' dir='ltr'>Εἶτα</span> <span class='ocrx_word' id='word_1_838' title='bbox 3652 5575 3820 5644; x_wconf 81' lang='grc' dir='ltr'>τριῶν</span> <span class='ocrx_word' id='word_1_839' title='bbox 3844 5574 3998 5644; x_wconf 74' lang='grc' dir='ltr'>ὡρῶν</span> 
     </span>
    </p>
   </div>
   <div class='ocr_carea' id='block_1_117' title="bbox 2435 5664 3999 5738">
    <p class='ocr_par' dir='ltr' id='par_1_117' title="bbox 2435 5664 3999 5738">
     <span class='ocr_line' id='line_1_118' title="bbox 2435 5664 3999 5738; baseline -0.006 -18"><span class='ocrx_word' id='word_1_840' title='bbox 2435 5669 2534 5738; x_wconf 71' lang='grc' dir='ltr'>ἥδη</span> <span class='ocrx_word' id='word_1_841' title='bbox 2572 5667 2894 5721; x_wconf 79' lang='grc' dir='ltr'>διελθουσῶν</span> <span class='ocrx_word' id='word_1_842' title='bbox 2934 5668 3144 5720; x_wconf 87' lang='grc' dir='ltr'>κελεύει</span> <span class='ocrx_word' id='word_1_843' title='bbox 3175 5667 3431 5720; x_wconf 79' lang='grc' dir='ltr'>ἀνεθέντα</span> <span class='ocrx_word' id='word_1_844' title='bbox 3465 5665 3574 5717; x_wconf 83' lang='grc' dir='ltr'><strong>τῶν</strong></span> <span class='ocrx_word' id='word_1_845' title='bbox 3604 5665 3833 5733; x_wconf 70' lang='grc' dir='ltr'>πληγῶν</span> <span class='ocrx_word' id='word_1_846' title='bbox 3855 5664 3999 5730; x_wconf 72' lang='grc' dir='ltr'>αὐτῷ</span> 
     </span>
    </p>
   </div>
   <div class='ocr_carea' id='block_1_118' title="bbox 2436 5757 3998 5830">
    <p class='ocr_par' dir='ltr' id='par_1_118' title="bbox 2436 5757 3998 5830">
     <span class='ocr_line' id='line_1_119' title="bbox 2436 5757 3998 5830; baseline -0.003 -17"><span class='ocrx_word' id='word_1_847' title='bbox 2436 5761 2800 5830; x_wconf 77' lang='grc' dir='ltr'>παραστῆναι·</span> <span class='ocrx_word' id='word_1_848' title='bbox 2853 5759 2967 5826; x_wconf 73' lang='grc' dir='ltr'>καὶ,</span> <span class='ocrx_word' id='word_1_849' title='bbox 3003 5758 3090 5825; x_wconf 82' lang='grc' dir='ltr'>Τί,</span> <span class='ocrx_word' id='word_1_850' title='bbox 3122 5760 3273 5828; x_wconf 69' lang='grc' dir='ltr'>φησὶ,</span> <span class='ocrx_word' id='word_1_851' title='bbox 3307 5757 3470 5830; x_wconf 81' lang='grc' dir='ltr'>πείθῃ</span> <span class='ocrx_word' id='word_1_852' title='bbox 3503 5757 3576 5826; x_wconf 81' lang='grc' dir='ltr'><strong>τῷ</strong></span> <span class='ocrx_word' id='word_1_853' title='bbox 3607 5757 3700 5810; x_wconf 79' lang='grc' dir='ltr'><strong>τοῦ</strong></span> <span class='ocrx_word' id='word_1_854' title='bbox 3737 5757 3998 5826; x_wconf 71' lang='grc' dir='ltr'>βασιλέως</span> 
     </span>
    </p>
   </div>
   <div class='ocr_carea' id='block_1_119' title="bbox 2439 5848 3994 5922">
    <p class='ocr_par' dir='ltr' id='par_1_119' title="bbox 2439 5848 3994 5922">
     <span class='ocr_line' id='line_1_120' title="bbox 2439 5848 3994 5922; baseline -0.003 -19"><span class='ocrx_word' id='word_1_855' title='bbox 2439 5851 2841 5922; x_wconf 77' lang='grc' dir='ltr'>προστάγματι,</span> <span class='ocrx_word' id='word_1_856' title='bbox 2877 5851 2968 5904; x_wconf 66' lang='grc' dir='ltr'>καὶ</span> <span class='ocrx_word' id='word_1_857' title='bbox 2989 5851 3045 5904; x_wconf 74' lang='grc' dir='ltr'><strong>τὸ</strong></span> <span class='ocrx_word' id='word_1_858' title='bbox 3082 5849 3178 5921; x_wconf 73' lang='grc' dir='ltr'><strong>ζῇν</strong></span> <span class='ocrx_word' id='word_1_859' title='bbox 3208 5849 3300 5904; x_wconf 85' lang='grc' dir='ltr'><strong>τοῦ</strong></span> <span class='ocrx_word' id='word_1_860' title='bbox 3340 5849 3630 5904; x_wconf 81' lang='grc' dir='ltr'>ἀποθανεῖν</span> <span class='ocrx_word' id='word_1_861' title='bbox 3664 5848 3994 5915; x_wconf 63' lang='grc' dir='ltr'>ἀπαλλάττῃ</span> 
     </span>
    </p>
   </div>
  </div>
