4242 6442
268 390 379 452 853

1121 388 1546 451 CERTAMEN
1590 392 1651 456 S.
1699 391 2099 453 ACEPSIM/E
2129 392 2225 453 ET
2255 392 2666 455 SOCIORUM.

3437 384 3541 449 854

264 503 310 577 ἢ
336 504 419 569 οὓς
484 503 543 557 Ὁ
592 502 749 573 ἀγιος
798 504 1176 577 ἀπεκρίνατος
1210 507 1302 577 Μὴ
1337 509 1545 579 γένοιτό
1594 510 1685 579 μοί
1723 527 1851 562 ποτε

1961 510 2141 575 Absit,
2174 520 2233 565 ut
2260 527 2362 581 ego
2410 527 2652 580 unquam
2684 526 2807 565 eam
2840 510 3012 563 vitam
3065 506 3311 574 cupiam,
3350 507 3401 558 in
3435 522 3539 575 qua

266 597 529 669 τοιαύτης
559 598 901 669 ἐπιθυμῆσαι
934 599 1079 667 ζωῆς
1107 600 1165 652 ὲν
1246 598 1346 653 ἴδοι
1372 618 1438 671 με
1462 604 1491 654 ὁ
1519 602 1669 672 ἥλιος
1698 602 1848 672 αὑτῴ

276 690 479 759 μᾶλλον
508 690 542 756 ἢ
572 690 650 760 τῷ
676 693 875 760 ποιητῇ
912 689 1081 743 αὑτοῦ
1112 692 1213 760 τὴν
1253 692 1625 763 προσκύνησιν
1652 695 1849 746 ἀπονέο

274 799 470 851 μοντα.
492 782 555 835 Τί
568 782 681 847 δαὶ,
712 787 807 837 καὶ
833 786 1197 855 προτιμητέος
1229 802 1332 849 σοι,
1366 784 1538 849 εἶπεν,
1571 791 1598 841 ὁ
1625 788 1851 850 θάνατος

269 872 373 941 τῆς
404 874 582 942 ξωῆςῖ
629 876 688 929 Ὀ
722 876 876 944 ἅγιος
909 876 1039 944 ἔφη’
1063 877 1189 931 Ναί”
1227 880 1256 931 ὁ
1292 880 1401 950 γὰρ
1432 882 1661 944 Θάνατος
1698 876 1853 943 οὗτος

272 964 536 1033 πρόξεινός
574 983 666 1035 μοι
690 969 835 1038 ζωῆς
864 971 1072 1037 γίνεται
1108 972 1331 1025 αἰωνίου
1370 973 1594 1040 ἀγαθῶν
1623 992 1683 1028 τε
1721 974 1853 1027 πολ-

272 1052 385 1107 λῶν
409 1056 544 1125 ἡμῖν
578 1058 905 1113 καθίσταται
950 1062 1126 1124 αἴτιος
1166 1062 1203 1116 ἃ.
1235 1062 1359 1116 οὔτε
1404 1065 1706 1134 ὀφθαλμοῖς
1735 1069 1854 1121 εστι

276 1142 446 1197 θεατὰ
478 1143 601 1198 οὗτε
627 1146 763 1200 ὠσὶν
792 1150 1057 1217 ἀκουστὰ,
1084 1149 1207 1204 οὔτε
1252 1152 1358 1223 μὴν
1382 1156 1711 1224 καταληπτὰ
1742 1157 1857 1209 δια-

275 1237 427 1306 νοίᾳ.»
468 1236 613 1308 Πρὸς
646 1240 821 1294 ταῦτα
876 1244 904 1295 ό
949 1244 1114 1314 εῐρων
1165 1246 1373 1309 ἐκεῖνος
1411 1248 1507 1299 καὶ
1554 1248 1854 1319 χλευαστὴς

274 1324 369 1381 οἷά
393 1344 501 1398 περ
530 1330 775 1399 ἀγγελῶν
808 1334 888 1402 τῷ
917 1335 1157 1407 μάρτυρι
1190 1338 1289 1407 τῆς
1320 1339 1639 1405 ἀπολογίας,
1672 1342 1857 1408 Μεγά-

274 1417 377 1484 λας
400 1416 496 1475 οὖν
520 1424 676 1493 ἡμῖν,
709 1425 836 1495 εφη,
868 1426 966 1491 τὰς
998 1430 1229 1500 χάριτας
1268 1431 1505 1501 ὀφείλεις
1548 1434 1855 1503 ὁμολογεῖν,

276 1512 333 1566 εί
354 1529 441 1567 σοι
464 1515 804 1585 τηλικούτων
834 1520 1060 1589 ἀγαθῶν
1098 1524 1347 1594 πρόξενοι
1411 1526 1853 1597 καθεστήκαμεν.

276 1605 505 1670 Πάντως
540 1608 597 1663 δὲ
634 1612 731 1665 καὶ
763 1613 911 1682 ἡμᾶς
941 1618 1229 1681 κοινωνοὺς
1272 1619 1453 1673 αὐτῶν
1492 1622 1743 1688 γενέσθαι
1775 1639 1856 1675 σοι

275 1701 744 1770 παρασκευάσας,
775 1706 873 1758 ἆτε
895 1707 959 1777 δὴ
990 1710 1084 1762 καὶ
1108 1712 1405 1781 συνεργούς
1425 1731 1506 1766 σοι
1528 1718 1855 1784 γενομένους

277 1792 416 1860 πρὸς
437 1794 537 1863 τὴν
554 1794 751 1859 κτῆσιν
776 1799 876 1867 τῆς
892 1802 1108 1855 τοιᾶσδε
1135 1804 1558 1875 μακαριότητος.
1596 1809 1653 1862 ’0
1676 1808 1830 1875 ἅγιος

1952 619 2037 657 me
2089 604 2171 656 sol
2218 603 2421 658 viderit
2467 604 2573 657 sibi
2624 605 2829 674 potius,
2872 616 3037 673 quam
3096 602 3215 669 ejus
3265 598 3539 661 eﬂ’cctori,

1952 697 2288 751 tribuentem
2340 698 2740 751 adorationem.
2783 696 2925 761 Quid
2962 702 3146 747 autem
3177 692 3198 743 ’ἒ
3234 700 3386 745 estne
3417 692 3540 752 tibi,

1956 791 2156 860 inquit,
2207 806 2356 845 mors
2408 793 2535 846 vita!
2601 790 3007 861 praeponenda?
3066 786 3304 840 Sanctus
3355 787 3535 839 dixit:

1956 880 2135 936 Certe.
2167 880 2289 936 Haec
2332 884 2477 936 enim
2512 899 2660 937 mors
2699 882 2830 935 mihi
2866 884 3033 934 vitam
3066 893 3325 937 aeternam
3356 877 3541 930 conci-

1956 974 2071 1036 liat.
2104 984 2279 1030 etest
2325 975 2487 1029 nobis
2533 992 2695 1029 causa
2745 976 3044 1029 multorum
3098 974 3388 1032 bonorum,
3420 982 3541 1037 qu;e

1955 1083 2055 1122 nec
2092 1077 2324 1136 possunt
2369 1072 2518 1122 cerni
2562 1071 2756 1133 oculis,
2796 1085 2894 1123 nec
2934 1068 3115 1121 audiri
3146 1065 3390 1122 auribus,
3440 1075 3540 1113 nec

1957 1174 2139 1214 mente
2166 1162 2587 1231 comprehendi.
2623 1162 2702 1215 Ad
2752 1162 2865 1215 haec
2894 1162 2985 1215 ille
3031 1159 3239 1213 ironice
3286 1158 3533 1222 loquens,

1954 1260 2010 1305 et
2043 1252 2221 1306 veluti
2260 1252 2501 1306 irridens
2537 1252 2790 1321 martyris
2820 1251 3231 1319 responsionem
3262 1266 3277 1303 :
3321 1248 3540 1325 Magnas

1954 1357 2105 1411 ergo,
2136 1343 2347 1411 inquit,
2403 1343 2565 1397 nobis
2619 1342 2791 1395 debes
2841 1356 3003 1411 agere
3049 1340 3273 1409 gratias,
3326 1338 3370 1392 si
3428 1350 3535 1392 tam

1953 1436 2126 1489 multa
2188 1436 2332 1490 bona
2393 1436 2490 1489 tibi
2546 1434 2986 1488 conciliavitnus.
3038 1431 3277 1486 Omnino
3342 1439 3529 1484 autem

1949 1526 2173 1591 eﬂicies,
2210 1536 2268 1580 ut
2304 1542 2499 1581 eorum
2536 1542 2761 1595 quoque
2786 1527 2961 1579 simus
2993 1534 3172 1579 tecum
3216 1522 3533 1593 participes,

1954 1628 2014 1673 ut
2061 1620 2158 1688 qui
2215 1620 2313 1673 tibi
2370 1620 2643 1674 fuerimus
2697 1619 2979 1687 adjutores
3034 1618 3099 1670 ad
3141 1614 3535 1683 acquirendam

1950 1713 2117 1764 talem
2163 1710 2589 1764 beatitudinem.
2624 1709 2860 1763 Sanctus
2912 1716 3131 1761 autem:
3181 1706 3259 1757 Ne
3300 1703 3536 1767 ironice,

1952 1802 2152 1873 inquit,
2184 1802 2477 1857 nobiscum
2510 1818 2658 1871 agas,
2690 1818 2722 1856 ο
2770 1801 2951 1867 iudex.
2982 1801 3113 1854 Nam
3168 1813 3268 1852 nos
3311 1797 3536 1867 quidem

276 1882 371 1952 Mi)
401 1886 714 1956 elpmeﬁou,
747 1884 892 1955 εἷπε,
919 1892 989 1946 τά
1016 1894 1153 1963 πρὸς
1189 1897 1359 1965 ἡμᾶς,
1392 1898 1623 1953 δικαστά
1644 1916 1660 1930 ο
1692 1902 1854 1970 ἡμεῖς

1958 1904 2014 1951 et
2042 1895 2297 1958 inimicos
2349 1896 2599 1965 diligere,
2632 1905 2689 1949 et
2742 1894 2809 1947 iis
2849 1896 2942 1962 qui
2997 1909 3095 1947 nos
3130 1892 3256 1945 odio
3306 1891 3534 1952 habent,

280 1973 383 2044 μιν
407 1975 519 2049 γάρ
549 1981 645 2032 καὶ
672 1982 797 2045 τοὺς
831 1982 1060 2055 ἐχθροὺς
1087 1986 1307 2059 ἀγαπᾷν
1344 1994 1439 2043 καί
1471 1993 1596 2053 τοὺς
1631 1992 1854 2060 μισοῦν·

276 2083 378 2130 τας
400 2069 581 2135 καλῶς
623 2077 799 2127 ποιεῖν
842 2078 997 2147 παρὰ
1040 2082 1140 2148 τῆς
1178 2080 1331 2145 θείας
1380 2084 1601 2153 ἐντολῆς
1648 2102 1855 2138 πεπαι-

276 2156 515 2228 δεύμεθα
539 2178 555 2195 ·
596 2164 735 2235 πλὴν
767 2168 880 2220 ἀλλ’
912 2170 1019 2235 ἕως
1046 2175 1104 2226 ιν
1153 2173 1234 2242 τῷ
1262 2176 1490 2243 παρόντι
1522 2177 1621 2245 βίῳ
1655 2178 1854 2242 ζῶντές

278 2252 468 2321 ἔσμεν,
497 2256 688 2327 ἀμέλει
727 2262 820 2313 καὶ
854 2264 1125 2333 εὐχόμεθα
1151 2266 1255 2336 τῆς
1291 2268 1497 2339 πλάνης
1544 2271 1688 2339 ὑμᾶς
1722 2273 1857 2324 ﬁmo

279 2345 511 2410 στάντας
565 2353 899 2420 μεταμαθεῖν
942 2355 1042 2427 τὴν
1075 2358 1354 2413 εὐσέὅειαν
1404 2362 1480 2423 ὡς
1528 2362 1593 2415 ἂν
1637 2362 1726 2432 εῐη
1757 2365 1850 2416 καὶ

278 2435 407 2503 ὑμῖν
445 2440 602 2507 μερὶς
636 2444 732 2495 καὶ
777 2444 979 2514 κλῆρος
1014 2449 1072 2499 ὲν
1098 2452 1213 2511 τοῖς
1238 2452 1538 2520 ἀφράστοις
1582 2454 1675 2506 τοῦ
1713 2455 1849 2508 Θεοῦ

276 2529 523 2597 ἀγαθοῖς·
554 2535 611 2585 ὲν
654 2534 710 2587 δὲ
741 2535 820 2605 τῷ
850 2539 1094 2607 μέλλοντι
1125 2542 1221 2612 οὐχ
1270 2546 1401 2614 ἡμῖν
1433 2546 1643 2601 δέδοται
1691 2549 1852 2602 κολά-

276 2636 418 2713 eum;
444 2621 835 2696 ἑξαιρεῖσθαιῆ
868 2631 937 2684 τὰ
974 2633 1157 2701 ἀγαθὰ
1195 2636 1413 2690 διδόναιο
1441 2639 1600 2693 τοῦτο
1629 2642 1739 2711 γὰρ
1771 2643 1849 2713 τῷ

275 2709 397 2778 Θεῷ
439 2715 615 2767 κεῖται
667 2718 813 2789 μόνῳ
857 2720 935 2790 τῷ
980 2725 1075 2777 καὶ
1130 2724 1385 2791 ἐξουσίαν
1432 2730 1608 2799 ἔχοντι
1641 2709 1850 2803 κρίνειν

277 2805 485 2870 ζῶντάς
513 2825 573 2861 τε
598 2813 693 2864 καὶ
718 2815 965 2881 νεκρούς.

348 2901 476 2955 ΚΓ.
530 2902 589 2956 '0
615 2904 799 2977 ἄρχων
829 2908 953 2979 ἔφη·
988 2911 1099 2975 Τάς
1124 2914 1384 2979 τοιαύτας
1432 2918 1749 2988 ἑρεσχελίας
1794 2922 1851 2973 ἐν

274 2992 356 3062 τῷ
393 2995 623 3064 παρόντι
651 3000 969 3054 καταλιπὼν
1005 3004 1101 3057 καὶ
1143 3006 1211 3060 τὰ
1243 3008 1735 3079 ὀνειροπολούμενά
1768 3028 1851 3064 σοι

276 3088 433 3140 ταυτὶ
480 3089 683 3157 ἀγαθὰ,
714 3092 793 3162 τῷ
849 3093 1117 3167 βασιλικῷ
1149 3100 1531 3170 προστάγματι
1574 3102 1849 3172 πείσθητι.

1952 1988 2303 2054 benefacere,
2334 2003 2363 2041 a
2397 1988 2587 2042 divino
2617 1996 2892 2057 praecepto
2924 1986 3233 2041 didicimus.
3266 1983 3535 2037 Creterum

1954 2083 2199 2154 quandiu
2226 2099 2416 2137 sumus
2442 2084 2546 2135 vivi
2581 2084 2635 2136 in
2672 2083 2777 2136 vita
2814 2082 3104 2150 praesenti,
3132 2080 3301 2133 Deum
3344 2093 3539 2146 preca-

1953 2195 2097 2243 mur,
2131 2188 2190 2230 ut
2230 2177 2299 2230 ab
2340 2191 2532 2230 errore
2586 2174 2960 2234 discedentes,
2997 2173 3224 2225 discatis
3275 2171 3537 2238 pietatem

1952 2280 2009 2323 et
2039 2284 2225 2322 veram
2264 2268 2609 2335 religionem.
2650 2275 2708 2318 ut
2758 2266 2918 2319 vobis
2946 2279 3168 2333 quoque
3225 2263 3295 2315 sit
3330 2277 3453 2330 pars
3480 2270 3537 2313 ct

1950 2377 2071 2416 sors
2107 2362 2159 2415 in
2199 2362 2384 2414 futuro
2428 2364 2479 2413 in
2534 2362 2626 2412 Dei
2674 2358 2854 2417 bonis.
2886 2375 3006 2427 qute
3058 2357 3162 2411 dici
3227 2364 3531 2423 nequeunt-

1948 2453 2066 2507 Non
2091 2464 2174 2507 est
2198 2462 2379 2507 autem
2412 2454 2571 2505 nobis
2601 2456 2785 2506 datum
2820 2454 2899 2504 vel
2930 2467 2957 2503 a
2990 2450 3263 2518 supplicio
3295 2449 3510 2513 eripere

1950 2548 2035 2600 vel
2065 2549 2206 2601 bona
2236 2548 2386 2600 dare.
2426 2546 2537 2599 lloc
2570 2556 2653 2599 est
2687 2548 2832 2599 enim
2866 2547 2918 2598 in
2960 2545 3129 2597 solius
3169 2542 3260 2594 Dei
3298 2540 3537 2609 positum

1946 2650 2243 2709 potestate,
2295 2641 2388 2709 qui
2443 2641 2608 2693 habet
2662 2638 2829 2693 etiam
2883 2644 3213 2705 potestatem
3250 2632 3537 2705 judicandi

1950 2731 2105 2786 vivos
2146 2740 2200 2786 et
2230 2740 2497 2784 mortuos.

2019 2912 2206 2966 XXIII.
2235 2911 2380 2965 Dixit
2430 2924 2633 2979 praeses
2679 2924 2691 2960 :
2738 2906 3022 2977 Ejusmodi
3075 2902 3537 2957 contentionibus

1949 2984 2130 3059 missis
2148 3006 2201 3058 in
2228 3006 2517 3073 praesentia
2547 3011 2602 3056 et
2629 3002 2694 3054 iis
2719 3001 2884 3054 bonis
2905 3014 3067 3067 qurea
3089 3008 3139 3049 te
3164 2996 3534 3051 somniantur.

1951 3112 2083 3166 pare
2115 3098 2258 3165 regis
2287 3096 2541 3163 imperio.
2577 3094 2653 3147 Te
2684 3095 2831 3146 enim
2866 3093 3062 3145 talibus
3090 3100 3145 3145 et
3180 3088 3345 3143 tantis
3369 3087 3541 3157 subji-

290 3182 443 3234 Ἐπεὶ
475 3184 829 3253 τηλικαύταις
848 3190 1103 3245 ὑποϐαλῶ
1126 3210 1183 3246 σε
1203 3197 1495 3265 τιμωρίαις
1526 3196 1600 3257 ὡς
1629 3198 1719 3249 διὰ
1751 3198 1845 3251 σοῦ

1953 3191 2094 3243 ciam
2130 3189 2436 3257 suppliciis,
2472 3198 2529 3240 ut
2564 3203 2661 3255 per
2704 3194 2756 3239 te
2786 3186 2875 3237 alii
2909 3198 3132 3253 quoque
3168 3183 3540 3251 persuadean-

278 3280 373 3328 καὶ
406 3278 527 3339 τοὺς
548 3279 743 3342 ἄλλους
779 3282 1070 3352 πεισθῆναι
1094 3286 1453 3355 Χριστιανοὺς
1474 3290 1583 3341 τῶν
1610 3292 1669 3343 ὲν
1691 3292 1849 3360 χερσὶ

1953 3288 2042 3333 tur
2084 3278 2409 3343 Christiani,
2466 3296 2529 3333 ea
2588 3296 2711 3349 qua:
2766 3286 2954 3332 tenent
3005 3277 3284 3340 manibus,
3332 3290 3537 3342 nequa-

277 3369 347 3417 τὰ
377 3367 436 3419 ιν
488 3368 671 3422 ἐλπίσι
726 3374 993 3443 μηδαμῶς
1029 3377 1511 3434 ἀνταλλάττεσθαι.
1556 3380 1613 3434 Ὀ
1653 3383 1809 3448 ἅγιος
1836 3426 1849 3449 ,

277 3454 453 3509 Τοῦτο
480 3460 586 3531 γάρ
630 3478 721 3530 μοι
736 3463 955 3531 -εφεσις,
1008 3463 1152 3534 εἶπε,
1187 3471 1439 3541 καθάπερ
1469 3472 1532 3543 δὴ
1568 3476 1661 3526 καὶ
1690 3475 1853 3537 αὐτὸς

279 3547 547 3615 ἔγνωκας,
595 3554 657 3606 τὸ
706 3554 793 3607 διὰ
827 3556 1026 3626 τάχους
1060 3560 1197 3629 πρὸς
1239 3561 1339 3625 τὰς
1384 3564 1637 3626 αἰωνίους
1676 3583 1854 3634 παρα-

280 3644 603 3714 πμφθῆναι
638 3648 823 3715 μονάς.
863 3649 981 3703 Κᾶν
1011 3652 1175 3716 ἄλλας
1226 3654 1281 3707 δὲ
1325 3656 1523 3725 μυρίας
1561 3657 1852 3729 ὲπαγάγῃς

282 3750 374 3801 μοι
406 3737 696 3805 τιμωρίας,
723 3740 828 3791 κᾶν
866 3742 1002 3810 μετὰ
1025 3742 1084 3795 σὲ
1118 3744 1328 3814 ἔτερος,
1352 3748 1770 3817 τετελειωμένος
1798 3752 1855 3802 ὲν

278 3826 347 3894 τῇ
395 3826 632 3895 Χριστοῦ
666 3831 857 3903 ἀγάπῃ
904 3834 1277 3907 εὑρεθήσομαι
1303 3854 1316 3867 ·
1368 3838 1478 3907 ἔχω
1506 3840 1616 3910 γὰρ
1647 3842 1739 3893 τδν
1773 3842 1857 3893 ε..-

284 3914 542 3983 ισχύοντά
596 3936 664 3988 με
718 3920 884 3987 Θεὸν,
942 3924 1011 3977 δι’
1074 3927 1133 3979 δν
1189 3929 1281 3981 καὶ
1331 3930 1503 3983 ταῦτα
1564 3932 1855 4001 ὑπομένειν

283 4006 627 4075 προῄρημαι.
693 4013 1037 4079 Χριστιανοῖς
1068 4018 1125 4071 δὲ
1157 4020 1219 4071 ού
1253 4023 1537 4094 προτροπὴ
1580 4024 1716 4093 πρδς
1758 4022 1857 4092 ἄρ·

283 4112 439 4161 νησιν
468 4100 773 4169 εὐσεϐείας,
816 4106 893 4169 ὠς
926 4110 989 4160 σὺ
1022 4109 1186 4178 ἔφης,
1221 4112 1310 4166 διὰ
1344 4114 1452 4166 τῶν
1498 4116 1606 4167 σῶν
1662 4115 1856 4182 ἔσομαι

287 4186 561 4257 βασάνων,
589 4193 727 4249 ἀλλά
761 4199 1110 4268 παράκᾉῃσις
1137 4203 1335 4271 μᾶλλον
1360 4205 1494 4274 πρὸς
1522 4205 1853 4257 θεοσέὸειαν·

284 4279 439 4332 αὐτοὶ
474 4284 583 4353 γάρ
616 4302 682 4354 με
720 4287 1062 4355 καθορῶντες
1105 4293 1164 4344 εν
1198 4294 1345 4363 γήρα
1375 4295 1600 4363 τοιούτῳ
1628 4296 1726 4358 τὰς
1760 4313 1860 4360 σας

286 4373 441 4442 παρά
464 4374 670 4441 φαῦλον
698 4382 1023 4448 ποιούμενον
1050 4385 1344 4453 τιμωρίας,
1364 4386 1668 4454 ὑπόδειγμα
1698 4388 1861 4439 καλὸν

1951 3388 2116 3441 quam
2167 3382 2509 3427 commutare
2562 3388 2687 3427 cum
2725 3372 2790 3425 iis
2844 3386 2966 3439 qua:
3011 3385 3107 3439 spe
3152 3366 3535 3438 apprehende-

1952 3473 2101 3518 runt.
2130 3464 2364 3518 Sanctus
2397 3475 2578 3517 autem
2613 3482 2625 3518 :
2682 3462 2814 3526 Hoc,
2853 3472 2912 3515 ut
2952 3462 3069 3530 ipse
3105 3476 3325 3529 quoque
3356 3459 3527 3513 nosti.

1950 3558 2187 3613 maxime
2217 3560 2401 3627 cupio,
2434 3572 2597 3626 quam
2632 3556 2899 3610 citissime
2942 3552 3240 3607 transmitti
3278 3552 3345 3606 ad
3373 3563 3535 3605 mter-

1951 3664 2051 3702 nas
2096 3649 2433 3703 mansiones.
2463 3649 2618 3713 Quod
2648 3649 2692 3701 si
2740 3647 2875 3700 mihi
2924 3647 3059 3699 alios
3104 3644 3536 3698 innumerabiles

1955 3742 2210 3796 intuleris
2258 3742 2561 3803 cruciatus,
2598 3751 2693 3794 aut
2724 3740 2891 3794 etiam
2924 3751 3049 3809 post
3098 3748 3150 3792 te
3189 3740 3355 3802 alius,
3404 3752 3536 3791 con-

1950 3844 2257 3887 summatus
2294 3834 2542 3887 inveniar
2586 3834 2638 3887 in
2674 3833 2878 3887 Christi
2919 3834 3116 3902 gratia.
3163 3830 3348 3884 Habeo
3384 3831 3531 3884 enim

1952 3925 2124 3979 Deum
2176 3941 2261 3978 me
2311 3927 2757 3989 conﬁrmantem,
2796 3935 3023 3993 propter
3052 3939 3215 3992 quem
3270 3923 3389 3977 haec
3421 3922 3535 3990 pati

1953 4016 2238 4069 constitui.
2272 4014 2389 4068 Non
2443 4031 2538 4068 cro
2568 4025 2774 4079 autem,
2805 4023 2865 4067 ut
2894 4024 2949 4067 tu
3002 4013 3161 4077 dicis,
3204 4012 3537 4067 Christianis

1955 4106 2269 4160 adhortatio
2308 4108 2375 4160 ad
2408 4108 2712 4175 negandam
2746 4109 3003 4175 pietatem
3038 4115 3263 4174 propter
3294 4112 3383 4158 tua
3422 4113 3536 4159 ter-

1958 4209 2161 4261 menta,
2221 4199 2316 4253 sed
2370 4200 2788 4253 incitamentum
2844 4201 3029 4268 potius
3079 4198 3146 4252 ad
3192 4213 3384 4251 verum
3438 4197 3534 4251 Dei

1956 4291 2186 4362 cultum.
2245 4290 2354 4359 Ipsi
2409 4292 2554 4343 enim
2592 4306 2677 4344 me
2726 4291 2977 4344 videntes
3018 4291 3073 4343 in
3122 4291 3215 4344 tali
3251 4299 3539 4343 serectuto

1959 4390 2082 4435 tuos
2140 4383 2479 4449 vilipendere
2549 4384 2848 4444 cruciatus,
2917 4382 3201 4435 habebunt
3244 4382 3535 4450 pulchrum

286 4466 471 4530 ῑξουσι
518 4470 916 4541 γενναιότητος,
934 4475 1027 4527 καὶ
1050 4476 1149 4544 τῆς
1197 4478 1482 4546 μιμήσεως
1522 4480 1620 4529 οὐκ
1644 4480 1859 4543 ἀπολει-

1959 4474 2243 4542 exemplar
2282 4474 2646 4536 fortitudinis,
2688 4489 2791 4527 nec
2839 4474 3012 4526 deerit
3052 4474 3183 4535 illis,
3214 4488 3377 4541 quem
3406 4473 3533 4525 imi-

285 4558 601 4628 φθήσονται.
636 4560 853 4615 Τούτων
911 4565 1150 4629 ἀκούσας
1200 4568 1227 4619 ὀ
1284 4567 1465 4635 ἄρχων
1536 4571 1624 4622 καί
1666 4571 1712 4621 τῗ
1760 4571 1854 4623 τοῦ

284 4651 565 4721 μακαρίου
622 4655 877 4722 γέροντος
915 4658 1340 4727 ἀκατάπληκτον
1388 4662 1704 4729 ὲκπλαγεῖς,
1748 4664 1854 4715 ὑπό

277 4759 442 4795 τινων
500 4742 964 4815 διαϐασταχθέντα
1032 4749 1266 4815 κελεύει,
1327 4753 1446 4803 ἐπεὶ
1500 4752 1574 4823 μὴ
1616 4753 1854 4821 βαδίζειν

277 4834 510 4903 ἠδύνατο
530 4876 546 4901 ,
571 4835 648 4903 τῷ
675 4838 1034 4908 δεσμωτηρίω
1078 4842 1240 4894 πάλιν
1268 4845 1747 4914 κατακλεισθῆναι.

352 4928 478 4979 KA'.
521 4926 653 4981 Εἶτα
688 4930 825 5000 πρὸς
862 4932 956 4985 τὸν
992 4936 1261 5003 μακάριον
1284 4936 1594 5005 ἀποῆλέψας
1641 4938 1864 4992 Ἀειθα-.

274 5018 396 5081 λᾶν,
436 5020 546 5073 Καὶ
603 5023 691 5086 σὺ,
750 5023 905 5092 φησὶ,
956 5026 1052 5093 τῆς
1088 5027 1260 5093 αὐτῆς
1299 5026 1399 5098 ἔχῃ
1444 5010 1873 5099 παραπληξίαςξ

276 5112 375 5165 καὶ
404 5110 503 5179 τὴν
526 5112 619 5165 τοῦ
638 5116 899 5182 μεγίστου
924 5118 1209 5189 φωστῆρος
1234 5121 1515 5182 διαπτύεις
1539 5124 1849 5193 προσκύνη-

280 5222 400 5270 σιν;
436 5204 496 5257 '0
525 5208 621 5275 τῆς
651 5208 910 5278 ἀληθείας
942 5212 1117 5281 κῆρυξ
1145 5215 1519 5283 ἀποκρίνεται·
1546 5219 1617 5285 Ζῇ
1647 5220 1851 5287 Κύριος

289 5293 498 5365 Ἰησοῦς
533 5297 763 5369 Χριστὸς
793 5304 819 5353 ὁ
848 5302 941 5356 τοῦ
987 5304 1187 5368 ζῶντος
1220 5307 1357 5359 Θεοῦ
1388 5308 1535 5370 Υἱὸς,
1587 5312 1664 5371 είς
1695 5310 1752 5361 ὃν
1788 5312 1848 5361 ἐκ

279 5392 531 5461 νεότητος
564 5393 791 5463 ἧλπισα,
829 5396 903 5459 ὡς
929 5398 1261 5467 ἀμετάθετον
1302 5401 1410 5469 ἔχω
1454 5404 1542 5453 τὸν
1566 5402 1847 5471 λογισμόνο

278 5487 374 5538 καὶ
400 5486 578 5548 οὐδεὶς
615 5490 935 5555 μεταπείσει
991 5508 1057 5560 με
1107 5494 1208 5561 τὴν
1235 5493 1328 5545 τοῦ
1369 5493 1503 5545 Θεοῦ
1532 5494 1694 5562 τιμὴν
1738 5497 1851 5557 τοῖς

283 5576 450 5630 αὐτοῦ
484 5578 774 5648 κτίσμασιν
804 5582 1122 5651 ἀπονεῖμαι.
1170 5584 1319 5636 Ἐπεὶ
1346 5581 1551 5635 τούτων
1577 5588 1603 5635 ὁ
1639 5583 1853 5647 ἀλαζὼν

279 5668 488 5727 ἐκεῖνος
518 5669 609 5719 καὶ
638 5669 911 5738 βάρὸαρος
935 5673 1185 5739 ἢκουσεν,
1216 5672 1498 5741 ἐκδεθῆναι
1523 5675 1629 5725 τῶν
1658 5676 1854 5741 ἀστρα-

276 5760 457 5822 γάλων
506 5760 718 5813 κελεύει
754 5765 843 5814 τὸν
884 5764 1058 5831 ἅγιον,
1113 5767 1187 5834 τῷ
1242 5765 1381 5835 ξύλῳ
1431 5783 1487 5817 τε
1542 5782 1845 5835 προσαναρ-

277 5849 498 5916 τᾶσθαι,
529 5855 615 5904 καὶ
657 5856 770 5916 ταῖς
806 5855 1007 5924 βοείαις
1052 5854 1423 5923 μαστίζεσθαι.
1462 5855 1516 5910 Ὀ
1547 5856 1599 5907 δὲ
1642 5854 1845 5925 μεγάλῃ

1958 4575 2162 4621 tentur.
2218 4566 2312 4621 llis
2360 4567 2583 4629 auditis,
2621 4581 2821 4635 praeses
2874 4567 3016 4621 beati
3074 4567 3222 4620 senis
3280 4566 3534 4621 interrita

1954 4658 2266 4713 constantia
2290 4660 2725 4725 obstupelaetus,
2754 4657 2912 4726 jubet
2941 4666 3216 4726 portatum
3243 4656 3311 4709 ab
3339 4657 3535 4723 aliqui-

1954 4751 2079 4816 bus,
2115 4750 2375 4819 quoniam
2414 4750 2625 4818 ingredi
2656 4766 2762 4803 non
2804 4759 3042 4817 poterat,
3083 4764 3277 4803 rursus
3323 4748 3534 4802 includi

1953 4845 2007 4899 in
2048 4860 2290 4899 carcere.

2023 4936 2211 4990 XXiV.
2243 4938 2449 4990 Deinde
2498 4936 2769 5005 aspiciens
2813 4936 2876 4987 ad
2936 4937 3153 4988 beatum
3181 4935 3477 4989 )Eithalam
3508 4954 3518 4985 .-

1955 5031 2104 5084 Teue
2124 5046 2362 5099 quoque,
2382 5031 2579 5099 inquit,
2602 5031 2801 5082 invasit
2825 5028 2966 5081 idem
2994 5038 3204 5096 stupor,
3225 5037 3277 5080 et
3305 5028 3528 5080 maximi

1952 5124 2239 5177 luminaris
2276 5137 2495 5176 recusas
2527 5121 2948 5174 adorationem?
2983 5119 3297 5187 Respondet
3351 5135 3531 5186 prmco

1950 5216 2199 5269 veritatis
2229 5235 2239 5270 :
2290 5216 2438 5269 Vivit
2477 5214 2739 5267 Dominus
2771 5213 2927 5266 Jesus
2963 5210 3239 5269 Christus,
3270 5200 3386 5263 'vivi
3430 5212 3524 5265 Dei

1949 5306 2141 5367 Filius,
2173 5306 2227 5359 in
2260 5320 2423 5374 quem
2451 5306 2664 5371 speravi
2693 5319 2719 5355 a
2748 5303 3059 5371 juventute,
3088 5300 3232 5368 quod
3270 5300 3527 5355 immuta-

1953 5399 2113 5452 bilem
2151 5398 2324 5451 babeo
2357 5398 2746 5466 cognationem
2776 5412 2789 5447 :
2828 5410 2927 5447 nec
2958 5393 3087 5446 mihi
3124 5394 3268 5447 ullus
3298 5408 3526 5460 persua-

1952 5492 2106 5549 serit.
2135 5494 2193 5543 ut
2216 5491 2308 5543 Dei
2335 5492 2596 5543 honorem
2619 5490 2856 5540 tribuam
2879 5487 3044 5539 rebus
3073 5486 3139 5539 ab
3168 5489 3282 5552 ipso
3303 5487 3523 5539 creatis.

1955 5586 2244 5653 Postquam
2289 5586 2403 5637 hinc
2446 5583 2657 5636 audivit
2705 5583 2790 5634 ille
2822 5582 3094 5647 superbus
3125 5588 3178 5631 et
3233 5580 3525 5645 barbarus,

1952 5677 2109 5745 jubet
2158 5685 2405 5728 sanctum
2440 5675 2649 5743 alligari
2690 5674 2833 5733 talis,
2872 5682 2927 5723 et
2973 5673 3115 5739 ligno
3143 5672 3396 5737 appendi.
3436 5672 3526 5723 Ille

1958 5773 2138 5815 autem
2166 5780 2354 5831 magna
2387 5779 2519 5815 vove
2547 5764 2873 5831 przedicabat
2899 5778 2953 5813 se
2980 5776 3098 5813 esse
3126 5760 3520 5813 Christianum.

1957 5855 2123 5925 Magis
2158 5868 2272 5910 erat
2320 5855 2565 5911 defessus
2595 5855 2775 5925 ﬂagris
2812 5854 3070 5909 cedendo
3109 5855 3325 5922 isup'us,
3361 5871 3525 5922 quam
