4242 6442
725 395 834 458 855
1947 389 2328 452 ADDENDA.
2367 413 2434 427 -
2473 391 2810 454 APRILIS.
3879 389 4006 454 856

726 519 954 566 sanctus
989 503 1196 575 aliquid
1245 503 1569 576 loqueretur
1599 504 1892 561 remissum
1925 512 1982 560 et
2012 505 2296 574 indignum
2329 503 2377 560 Α

2329 503 2377 560 Α
2403 506 2468 574 τῇ
2501 508 2654 576 φωνῇ
2678 506 3015 576 Χριστιανὸν·
3030 503 3222 559 ἑαυτὸν
3248 501 3638 574 ἀνεκήρυττεν.
3662 502 4000 572 ’ἃπειρήκει

726 616 794 654 ea
842 614 962 668 quae
1002 611 1103 666 pro
1154 596 1374 653 Christo
1415 605 1502 654 est
1558 595 1918 659 ostendenda.
1953 595 2301 651 fortitudine.

2408 598 2692 666 μαστίζων
2747 597 2778 650 δ
2834 597 3042 668 ἀσεϐὴς
3086 597 3289 668 μᾶλλον
3333 596 3367 669 ἢ
3418 598 3449 650 δ
3494 593 3654 665 ἅγιος
3696 594 4001 663 δφειμινον

725 693 895 747 lubet
944 705 1079 760 ergo
1124 706 1252 746 eum
1303 689 1374 745 de
1427 690 1580 761 ligno
1626 688 1852 760 deponi,
1903 697 1961 745 et
2010 689 2130 760 ejus
2181 688 2304 743 loco

2403 709 2456 745 τι
2489 692 2788 761 φθέγγεται
2811 693 2906 745 καὶ
2933 691 3035 760 τῆς
3067 691 3209 762 ὑπὲρ
3245 690 3484 761 Χριστοῦ
3535 687 3834 760 καρτερίας
3857 687 4002 740 ἀνά-

725 786 918 841 lnduci
944 785 1442 855 lanichaum,.qui
1466 799 1655 839 coram
1685 793 1923 856 martyre
1940 793 2127 854 aperte
2151 797 2304 836 suam

2407 785 2543 850 ξιον.
2579 784 2814 840 Κελεύει
2863 782 3160 856 τοιγαροῦν
3207 782 3304 838 τοῦ
3359 782 3524 848 ξύλου
3576 780 4001 850 κατενεχθῆναι,

722 879 1003 950 abjuraret
1042 878 1389 950 religionem.
1419 876 1631 932 lubens
1655 891 1787 946 ergo
1826 886 2087 947 torquere
2132 874 2308 928 Mani-

2406 879 2501 933 καί
2535 895 2656 932 τινα
2686 879 2990 948 Μανιχαῐον
3036 877 3128 932 ιπ⁹
3167 875 3393 940 ἀτόποις
3422 878 3568 930 τισὶν
3601 874 3799 929 ἁλόντα
3822 874 3904 935 εἰς
3941 873 4006 924 τὸ

722 973 959 1035 cbaeum,
992 970 1229 1041 cogebat
1247 970 1317 1025 ad
1359 971 1694 1042 negandum.
1727 969 1821 1024 llle
1848 981 2032 1023 autem
2065 967 2304 1038 primum

2410 970 2577 1041 μέσον
2625 968 2884 1040 ἀχθῆναι,
2909 969 3027 1036 καὶ,
3053 969 3217 1041 Ὅρα,
3274 969 3412 1040 φησὶ
3449 968 3528 1039 τῷ
3576 967 3838 1039 μάρτυρι,
3893 963 4004 1032 τὴν

724 1064 950 1133 quidem
1000 1065 1316 1131 resistebat,
1365 1073 1422 1121 et
1474 1064 1741 1121 adversus
1786 1064 1971 1135 plagas
2015 1061 2308 1118 videbatur

2407 1064 2618 1119 οίκείαν
2666 1064 2835 1118 αὐτὸν
2886 1063 3188 1136 θρησκείαν
3235 1062 3551 1133 περιφανῶς
3603 1059 3999 1130 ἑξομνύμενον.

722 1157 1033 1213 decertare.
1077 1157 1216 1213 Cum
1251 1167 1435 1214 autem
1469 1158 1765 1214 violentius
1793 1158 2026 1212 verbera
2072 1155 2312 1210 intenta-

2411 1155 2737 1221 Δίκίζεσθαι
2772 1152 2868 1211 οὖν
2890 1155 3202 1228 -ιπιτρέψας
3228 1155 3321 1210 τδν
3356 1155 3662 1225 Μανιχαῐον
3712 1149 4000 1221 ἠνάγκαζε

722 1261 868 1308 rent.
907 1250 1002 1318 qui
1053 1248 1426 1321 ﬂagellabant,
1470 1261 1525 1308 et
1566 1269 1692 1308 eum
1745 1253 1917 1322 plaga:
1944 1251 2309 1308 vehementer

2413 1253 2550 1320 πρὸς
2577 1249 2677 1320 τὴν
2711 1251 2966 1324 ἄρνησιν.
3023 1250 3089 1306 '0
3131 1251 3189 1305 δι
3233 1249 3516 1320 ἀντείχετο
3540 1248 3642 1319 μιν
3671 1246 3740 1300 τά
3767 1243 3999 1315 πρῶτα.

722 1353 1005 1412 urgerent,
1039 1345 1220 1400 victus
1252 1361 1282 1400 a
1316 1346 1626 1409 doloribus,
1666 1347 1854 1402 statim
1906 1347 2310 1414 inﬁciabatnr;

2411 1344 2507 1397 καὶ
2549 1344 2687 1414 πρὸς
2735 1342 2837 1407 τὰς
2874 1341 3092 1414 πληγὰς
3137 1339 3319 1412 εῴκει-
3349 1335 3790 1408 διαγωνίζεσθαι.
3839 1333 4003 1388 Ἐπεὶ

721 1438 800 1493 et,
854 1431 1162 1488 Anathema
1193 1433 1394 1489 Maneti
1443 1441 1505 1489 et
1553 1435 1676 1505 ejus
1709 1435 2085 1506 dogmatibus,
2122 1436 2313 1490 excla-

2408 1433 2466 1487 δὲ
2502 1433 2805 1504 βιαιότερον
2843 1434 2895 1487 oi
2931 1431 3292 1504 μαστξξοντες
3329 1429 3664 1493 ιπετίθεντο,
3699 1425 3794 1482 καὶ
3843 1426 4002 1494 laxu-

724 1519 934 1575 mahat.
984 1522 1237 1578 Aﬂ’erunt
1271 1524 1460 1594 itaque
1495 1525 1564 1580 ad
1606 1541 1733 1581 eum
1768 1526 2082 1592 formicam,
2111 1525 2313 1596 juben-

2414 1527 2525 1597 ρῶς
2557 1527 2724 1582 αὐτοῦ
2757 1525 3049 1581 καθίκοντο
3085 1526 3143 1580 al
3190 1522 3426 1596 πληγαὶ,
3456 1520 3712 1593 ἡττηθεὶς
3742 1519 3858 1571 τῶν
3891 1517 3998 1570 πός

723 1620 808 1666 tes
839 1612 1182 1668 interﬁcere.
1234 1614 1332 1671 Ille
1362 1626 1549 1672 autem
1598 1633 1720 1672 eam
1762 1619 1950 1672 statim
1997 1619 2217 1689 accepit
2245 1630 2306 1676 et

2413 1638 2521 1675 νων
2550 1621 2773 1692 ἔξαρνος
2807 1620 2973 1684 εὐθὺς
3002 1618 3235 1690 γίνεται,
3282 1617 3402 1680 καὶ,
3444 1613 3724 1682 ’Δνάθεμα
3752 1612 3999 1666 Μάνεντι

723 1704 1019 1760 interfecit.
1052 1706 1285 1778 Pr0pter
1314 1709 1461 1780 quod
1489 1720 1714 1766 sanctus
1741 1710 1934 1766 latitia
1963 1711 2225 1779 diﬂusus,
2255 1722 2316 1769 et

2414 1709 2508 1762 καὶ
2537 1711 2651 1774 τοῖς
2687 1707 2854 1764 αὐτοῦ
2883 1709 3168 1781 δόγμασιν,
3222 1707 3438 1774 δειδόα.
3483 1705 3598 1760 Καὶ
3649 1702 3786 1773 δῆτα
3818 1716 3997 1771 προσ-

721 1797 792 1852 ob
827 1797 905 1864 id,
947 1797 1096 1868 quod
1137 1799 1340 1855 factum
1376 1799 1578 1864 fuerat.
1632 1802 1826 1858 ridens
1858 1804 2262 1873 propemodum
2297 1805 2312 1844 ε
2341 1866 2376 1873 _

2341 1866 2376 1873 _
2412 1803 2641 1872 άγουσιν
2675 1803 2827 1872 αὐτῷ
2862 1801 3135 1873 μύρμηκα
3179 1801 3630 1871 προστάσσοντες
3662 1796 3892 1852 ἀνελεῖν.
3934 1794 3997 1847 ⁸0

720 1888 923 1943 Gravia
953 1866 1167 1959 passus,
1202 1891 1404 1963 inquit,
1441 1893 1646 1951 defecit
1677 1866 1935 1951 adorator
1962 1866 2219 1963 hanetis,
2250 1905 2308 1952 et
2338 1866 2378 1922 Β

2338 1866 2378 1922 Β
2407 1866 2472 1949 δι’
2508 1866 3171 1966 ἀπέκτεινε.
3208 1866 3414 1948 λαϐὼν.
3472 1891 3592 1962 Ἐφ’
3618 1883 3662 1958 ᾧ
3707 1888 3996 1958 διαχυθεὶς

721 1979 926 2035 eadem
961 1981 1157 2039 fecisse
1192 1993 1277 2039 est
1322 1987 1626 2049 convictus,
1675 1996 1734 2043 ut
1780 1989 1874 2058 qui
1923 1989 2095 2044 Deum
2148 2004 2308 2045 suum

2406 1988 2436 2041 6
2465 1989 2621 2056 άγιος
2647 1989 2743 2042 καὶ
2768 1981 2879 2041 οἷον
2908 1987 3246 2056 δπιγελάσας
3279 1984 3359 2056 τῷ
3393 1985 3694 2054 γενομένῳ.
3723 1981 3994 2035 Τεταλαι-

723 2073 1025 2131 iuteremit.
1058 2077 1172 2146 Ego
1220 2087 1406 2134 autem
1454 2081 1724 2150 meipsum
1756 2081 1978 2137 beatum
2026 2083 2307 2151 existimo,

721 2177 783 2221 ut
805 2166 1033 2228 Paulus.
1053 2169 1198 2239 quod
1216 2167 1424 2227 Christi
1441 2173 1647 2228 virtute
1671 2183 1860 2243 aperte
1885 2174 2306 2242 corroboratus,

722 2260 819 2326 qui
875 2259 1053 2314 dixit:
1099 2279 1117 2312 ι
1157 2261 1272 2330 Ego
1324 2264 1432 2318 vici
1467 2264 1758 2330 mundum,
1797 2284 1817 2317 ι
1852 2281 2121 2322 conservo
2143 2268 2308 2340 spiri-

722 2360 838 2405 tum
867 2362 924 2408 et
955 2353 1200 2409 animum
1236 2355 1527 2411 invictum.

794 2621 960 2679 XXV.
979 2624 1211 2696 Propter
1230 2627 1346 2686 haec
1368 2630 1449 2685 ira
1475 2633 1718 2701 repletus
1736 2635 1961 2689 insanus
1981 2635 2172 2705 judex.
2198 2636 2310 2706 spi-

722 2716 874 2771 nosis
913 2718 1042 2773 mali
1075 2719 1308 2775 Persica:
1349 2722 1697 2794 virgisjubet
1725 2735 1974 2779 sanctum
2001 2727 2305 2783 verberari.

724 2808 899 2878 Plaga:
940 2820 1126 2866 autem
1155 2811 1234 2866 sic
1282 2828 1408 2883 eum
1441 2814 1820 2881 confecerunt,
1853 2827 1914 2872 ut
1952 2833 2124 2888 prope
2156 2829 2306 2876 esset

725 2916 931 2970 mutus,
960 2913 1017 2960 et
1075 2921 1180 2961 nec
1215 2907 1450 2963 sentiret
1483 2910 1704 2981 quidem
1734 2913 1962 2967 verbera
1996 2928 2117 2982 qua:
2161 2913 2311 2968 inlli-

723 2995 1014 3067 gebantur.
1077 2996 1446 3064 Quamobrem
1507 3018 1632 3075 cum
1668 3020 1794 3058 eum
1830 3006 2148 3070 traxissent,
2181 3015 2302 3060 tan-

724 3102 889 3158 quam
918 3089 1028 3159 jam
1062 3104 1365 3157 mortuum,
1397 3093 1544 3149 foras
1568 3096 1818 3166 ejiciunt.
1851 3097 2084 3162 Quidam
2115 3107 2301 3153 autem

2409 2079 2685 2153 πὼρηται,
2716 2080 2843 2152 ἔφη,
2881 2081 2910 2135 δ
2933 2079 3028 2135 τοῦ
3058 2081 3337 2142 Μάνεντυς
3363 2076 3788 2146 λατρευτὴς,καὶ
3825 2073 3993 2142 φόνου

2407 2173 2552 2226 ἑάλω
2579 2174 2671 2227 τὸν
2710 2170 2907 2227 ἑαυτοῦ
2928 2172 3063 2227 Θεὸν
3114 2169 3347 2226 ἀνελών.
3415 2168 3557 2236 Ἐγὼ
3598 2167 3656 2220 δι
3713 2167 3995 2236 μακάριον

2408 2264 2650 2335 ιμαυτδν
2681 2265 2901 2336 ἥγημαι
2930 2265 3076 2319 κατὰ
3102 2261 3446 2326 Παῦλον,[ὅτι
3467 2258 3705 2332 Χριστοῦ
3735 2261 3800 2328 τῇ
3830 2256 3992 2310 δυνά-

2408 2375 2498 2426 μει
2535 2356 2853 2427 περιφανῶς
2887 2354 3320 2426 κραταιούμενος
3345 2352 3442 2406 τοῦ
3475 2353 3742 2412 είπόντος,
3779 2367 3799 2399 ι
3839 2348 3992 2416 Ἐγὼ

2404 2449 2669 2520 νενίκηκα
2724 2449 2815 2503 τὸν
2862 2448 3090 2518 κόσμον,
3130 2463 3157 2499 ι
3185 2445 3456 2517 άήττητὸν
3492 2461 3595 2515 μου
3628 2442 3688 2495 τὸ
3726 2443 3988 2512 φρόνημα

2409 2560 2574 2611 συντη
2583 2543 2683 2612 ρῶ.

2481 2637 2608 2689 κεν.
2644 2635 2834 2704 Θυμοῦ
2887 2635 3197 2706 πληρωθεὶς
3246 2633 3339 2687 επὶ
3391 2633 3566 2699 τούτῳ
3599 2631 3630 2683 δ
3658 2629 3984 2700 παράφορος

2403 2727 2662 2798 δικαστὴς
2729 2727 2946 2800 ῥάσδοις
3020 2726 3162 2798 ῥοῶν
3219 2723 3695 2793 εξηκανθωμέναις
3749 2719 3986 2772 τύπτειν

2399 2822 2728 2892 προστάττει
2756 2820 2850 2874 τὸν
2880 2819 3053 2888 ἆγιον.
3081 2819 3240 2872 Οῦτω
3269 2818 3328 2871 δὲ
3354 2815 3786 2885 κατειργάσαντο
3816 2811 3985 2865 αὐτὸν

2400 2917 2457 2969 al
2489 2913 2692 2982 πληγαὶ
2720 2913 2796 2975 ὡς
2826 2914 2923 2966 καὶ
2949 2911 3166 2980 ἄφωνον
3198 2910 3387 2980 σχεδὸν
3411 2907 3685 2976 γενέσθαι,
3718 2907 3812 2958 καὶ
3845 2903 3985 2974 μηδὲ

2399 3009 2507 3062 τῶν
2554 3007 2836 3076 ἐπιφανῶν
2889 3003 3318 3059 ιπαισθάνεσθαι
3354 3017 3369 3032 ·
3425 3001 3551 3055 ὅθεν
3607 3001 3703 3053 καὶ
3756 2998 3831 3061 ὡς
3875 2997 3986 3066 ἧδη

2399 3102 2699 3172 τεθνηκότα
2732 3102 3000 3174 σύραντες
3029 3099 3133 3166 ἔξω
3166 3098 3472 3168 ῥίπτουσιν.
3523 3089 3618 3158 Εἷς
3649 3094 3704 3146 δὲ
3735 3091 3841 3145 τῶν
3870 3091 3984 3160 μά-

723 3196 787 3235 ea
813 3182 1006 3250 magis,
1039 3197 1164 3237 cum
1197 3183 1340 3238 forte
1366 3185 1498 3241 illud
1525 3202 1725 3256 corpus
1757 3189 1988 3246 vidisset
2010 3190 2299 3258 nudatum,
2328 3221 2371 3278 ε

2328 3221 2371 3278 c
2405 3209 2518 3261 γων
2541 3194 2600 3246 τὸ
2632 3193 2960 3263 καρτερικὸν
2993 3193 3110 3243 ἐκεῖ
3123 3207 3172 3243 ρο
3202 3189 3364 3258 σῶμα
3390 3183 3981 3278 γυμνωθὲνᾲθεασάμε-

723 3282 780 3328 et
818 3283 1026 3330 natura:
1065 3277 1529 3345 contemplatione
1576 3289 1763 3336 motus
1808 3292 1957 3337 esset
1988 3283 2301 3338 misericor-

724 3365 836 3430 dia,
871 3381 1053 3436 panno
1093 3383 1220 3422 eum
1276 3371 1474 3440 operit.
1525 3370 1628 3438 Qui
1661 3389 1792 3429 vero
1844 3384 2010 3429 erant
2028 3375 2305 3446 ejusdem,

726 3459 882 3529 cujus
944 3461 1090 3528 ipse,
1147 3461 1472 3533 religionis.
1526 3480 1651 3520 cum
1708 3469 2092 3536 aspexissent,
2153 3469 2298 3537 quod

727 3553 795 3606 ab
819 3566 884 3607 eo
912 3552 1117 3608 factum
1162 3552 1367 3621 fuerat,
1416 3558 1783 3613 criminantur
1809 3574 1934 3613 eum
1967 3559 2113 3630 apud
2163 3576 2302 3630 pra-

731 3646 1074 3720 sidem:qui
1133 3664 1260 3705 eum
1326 3653 1542 3709 acerbis
1599 3655 1782 3710 statim
1834 3655 1996 3712 caedit
2045 3657 2298 3727 flagellis,

729 3751 786 3797 et
842 3742 912 3795 ab
967 3742 1502 3802 immisericordibus
1560 3763 1682 3803 eam
1732 3750 1936 3818 accipit
1989 3752 2301 3808 mereedem

731 3830 1140 3890 misericordia
1203 3834 1434 3890 Beatum
1500 3847 1684 3892 autem
1761 3838 2054 3894 Eithalam
2118 3841 2302 3899 adhuc

731 3926 1035 3996 spirantem
1069 3926 1296 3982 tradunt
1331 3928 1384 3984 in
1428 3929 1759 3987 custodiam.
1804 3931 1941 3987 Cum
1981 3949 2117 3989 vero
2145 3950 2300 3990 acce-

735 4021 904 4090 pisset
928 4021 1118 4090 judex,
1164 4023 1464 4077 maximum
1499 4023 1792 4094 quemdam
1845 4026 2155 4094 prcsidcm,
2208 4044 2306 4083 no-

733 4114 880 4167 mine
905 4113 1220 4180 Saborium,
1268 4116 1323 4169 in
1362 4116 1482 4186 ejus
1505 4117 1690 4171 vicum
1733 4116 2047 4182 advenisse,
2081 4120 2177 4187 qui
2210 4135 2305 4189 ap-

733 4205 1047 4276 pellabatur
1071 4205 1406 4272 Macellaria,
1437 4207 1493 4262 ei
1537 4217 1868 4280 martyrum
1901 4210 2127 4265 mandat
2177 4227 2308 4267 εχει

735 4299 1119 4353 minationem.
1171 4298 1267 4353 Ille
1329 4308 1544 4365 autem,
1603 4316 1712 4356 non
1774 4301 1958 4356 minus
1989 4302 2194 4372 impius
2249 4313 2305 4359 et

733 4406 908 4447 saevus
943 4406 1107 4461 quam
1137 4390 1534 4460 praecedentes,
1577 4393 1853 4462 aspiciens
1897 4393 1963 4448 ad
2020 4404 2242 4450 sanctos
2284 4410 2299 4450 :

2403 3304 2513 3350 vo;.
2545 3287 2640 3340 καί
2685 3303 2739 3338 τι
2788 3283 3172 3354 φιλάνθρωπον
3223 3280 3430 3334 παθὼν.
3468 3279 3604 3348 πρὸς
3648 3276 3746 3346 τὴν
3785 3276 3976 3344 φύσιν,

2404 3382 2562 3452 ράκει
2598 3378 2760 3432 τοῦτο
2820 3377 3108 3431 καλύπτει.
3202 3375 3266 3428 Oi
3321 3372 3379 3425 δι
3420 3372 3519 3439 τῆς
3560 3370 3732 3439 αὐτῆς
3775 3368 3978 3436 ἐκείνῳ

2403 3473 2703 3544 θρησκείας
2735 3471 2798 3523 τδ
2829 3467 3052 3539 γεγονδς
3085 3465 3415 3535 θεασάμενοι
3439 3461 3826 3518 διαβάλλουσιν
3873 3461 3977 3512 αύ-

2399 3565 2492 3618 τδν
2562 3562 2693 3632 πρὸς
2750 3563 2841 3614 τὸν
2899 3561 3168 3630 ἄρχοντα,
3210 3558 3305 3611 καὶ
3353 3554 3693 3627 παραχρῆμα
3740 3556 3978 3620 πικραῖς

2402 3654 2673 3719 αίκίζεται
2708 3652 2952 3723 μάστιξι,
2974 3651 3072 3707 καὶ
3097 3649 3291 3721 μισθὸν
3317 3645 3593 3715 τοῦτοτῆς
3627 3643 3986 3714 συμπαθείας

2401 3747 2557 3815 παρὰ
2585 3745 2697 3799 τῶν
2726 3744 2846 3798 λίαν
2873 3741 3214 3812 άσυμπαθῶν
3238 3741 3475 3811 δέχεται.
3519 3738 3624 3791 Τδν
3656 3735 3842 3807 μεντοι
3872 3753 3982 3802 μα-

2403 3838 2596 3908 κάριον
2657 3834 2941 3890 ’Δειθαλάν
2997 3833 3303 3904 ἐμπνέοντα
3355 3830 3436 3884 ιτι
3488 3828 3567 3900 τῷ
3612 3827 3990 3896 δεσμωτηρίῳ

2404 3926 2783 3998 παραδιδοῦσι.
2804 3925 3012 3980 Μαθὼν
3028 3925 3085 3978 δέ
3113 3941 3236 3978 τινα
3263 3924 3298 3978 δ
3317 3920 3581 3992 δικαστὴς
3605 3920 3844 3990 ἄρχοντα
3864 3921 3990 3972 τῶν

2406 4022 2685 4091 μεγίστων
2718 4019 2998 4089 Σασάῳιον
3021 4015 3263 4084 τοῦνομα
3297 4017 3364 4085 τῇ
3394 4013 3558 4067 αὑτοῦ
3598 4014 3763 4084 κώμῃ
3791 4013 3978 4065 ἔπιδε-

2399 4112 2728 4183 δημηκέναι,
2760 4109 3123 4180 Μακελλαρία
3159 4107 3299 4176 αῦτη
3349 4107 3572 4175 ὲλέγετο
3603 4105 3976 4176 φερωνύμως.

2399 4203 2574 4271 τούτῳ
2603 4202 2700 4270 τὴν
2727 4200 2836 4254 τῶν
2870 4197 3167 4270 μαρτύρων
3194 4197 3442 4262 ἐξέτασιν
3473 4197 3782 4265 ἐπιτρέπει.
3824 4195 3886 4247 ὐ
3918 4195 3978 4249 δὲ

2400 4299 2514 4360 τοῖς
2538 4293 2903 4367 προλαϐοῦσιν
2933 4293 3136 4362 ὁμοίως
3161 4292 3303 4362 ἔχων
3323 4290 3579 4354 ἀσεϐείας
3604 4289 3695 4343 καὶ
3712 4289 3978 4360 ἀγριότη-

2397 4406 2509 4454 τος,
2540 4386 2851 4457 ἀποϐλέψας
2903 4386 3041 4457 πρὸς
3072 4386 3200 4449 τοὺς
3245 4385 3457 4453 άγίους,
3489 4384 3600 4437 Καὶ
3629 4382 3728 4453 τὴν
3778 4382 3980 4436 πολιὰν

732 4484 1021 4549 Vestram,
1051 4484 1250 4553 inquit,
1287 4484 1557 4540 reveritus
1577 4485 1859 4552 canitiem,
1894 4495 1950 4541 et
1979 4498 2175 4543 vestra
2199 4488 2313 4543 mi-
2332 4495 2375 4550 ι)
2405 4502 2407 4512 '

2300 4522 2313 4530 -
2332 4495 2375 4550 ι)
2405 4481 2579 4552 ὑμῶν,
2611 4478 2784 4544 εἶπεν,
2804 4478 3123 4548 αἰδούμενος
3152 4477 3247 4530 καὶ
3263 4477 3360 4546 τῆς
3374 4473 3753 4545 ταλαιπωρίας
3771 4475 3975 4527 οίκτεί·

733 4585 918 4630 sertus
951 4575 1287 4641 aﬂlictionis,
1313 4575 1521 4630 suadeo
1545 4586 1603 4630 ut
1633 4577 1802 4632 solem
1839 4578 2101 4645 adoretis,
2131 4590 2186 4635 et
2208 4597 2304 4651 gu-

733 4667 893 4722 stetis
927 4668 1252 4738 sanguinem
1284 4667 1704 4735 sacrificiorum,
1745 4679 1805 4724 ut
1836 4685 1864 4725 a
1897 4681 2073 4727 morte
2104 4672 2301 4727 acerba

732 4756 973 4818 liberati.
1044 4757 1305 4812 omnibus
1346 4757 1644 4828 jucundam
1700 4759 1866 4813 vitam
1918 4761 2302 4817 lucrifaciatis.

731 4850 918 4905 Sancti
950 4857 1134 4904 autem
1190 4858 1447 4919 tanquam
1483 4866 1594 4905 uno
1626 4866 1722 4906 ore
1751 4851 2014 4907 dixerunt
2055 4869 2069 4906 :
2109 4853 2304 4907 Carni-

731 4943 888 4998 voris
943 4942 1177 4997 canibus
1225 4957 1345 4998 mos
1403 4952 1486 4998 est
1536 4946 1860 5014 sanguinem
1911 4955 2155 5015 gustare,
2190 4963 2297 5003 non

731 5016 1071 5089 hominibus.
1108 5034 1231 5088 Tibi
1259 5049 1394 5089 vero
1417 5038 1604 5105 potius
1631 5039 1892 5092 convenit
1920 5039 1987 5092 iis
2012 5039 2296 5105 exsatiari,

731 5126 823 5194 qui
859 5142 921 5180 es
947 5127 1122 5180 instar
1147 5127 1303 5183 canis
1337 5127 1609 5194 rabiosus,
1637 5139 1692 5184 et
1723 5131 1915 5194 latras,
1948 5141 2004 5187 et
2049 5131 2301 5187 ederat-is

732 5218 787 5271 in
825 5232 950 5270 eum
984 5217 1077 5286 qui
1114 5225 1165 5272 te
1197 5217 1347 5272 fecit.

804 5307 992 5366 XXVI.
1049 5311 1344 5377 Postquam
1391 5320 1572 5366 autem
1617 5313 1779 5383 jussit
1832 5323 2054 5371 sanctos
2116 5315 2316 5387 ﬂagris-

735 5399 892 5461 caedi,
935 5412 1125 5451 eorum
1188 5399 1564 5454 misericordia
1621 5402 1777 5468 moti,
1829 5405 1923 5472 qui
1973 5405 2299 5459 circumsta-

738 5491 871 5545 bant
906 5506 918 5540 :
960 5489 1313 5552 Decoetione,
1349 5490 1630 5556 dicebant,
1661 5503 1874 5564 gustata
1906 5496 2026 5549 loco
2078 5497 2299 5567 sangui-

733 5582 845 5642 nis,
877 5580 1199 5642 servemini,
1232 5590 1285 5633 et
1311 5581 1621 5637 liberemini
1648 5585 1716 5640 ab
1755 5587 1821 5639 iis
1855 5603 1976 5655 qua:
2011 5589 2166 5642 vobis
2198 5606 2297 5642 Im-

739 5674 976 5733 mineut.
1006 5673 1309 5741 suppliciis.
1341 5675 1422 5728 llli
1469 5693 1600 5731 vero
1640 5682 2044 5747 responderunt
2074 5700 2086 5733 :
2119 5683 2296 5743 Absit,

739 5775 802 5818 ut
830 5766 911 5819 vel
945 5773 1129 5828 gustu,
1157 5765 1241 5819 vel
1273 5765 1385 5820 ullo
1429 5768 1535 5821 alio
1570 5771 1732 5822 modo
1761 5771 2116 5840 inquinemus
2146 5775 2297 5843 puri-

739 5864 901 5910 tatem
934 5866 1131 5912 nos’raa
1161 5855 1306 5930 ﬁdei,
1346 5865 1400 5912 et
1432 5858 1573 5916 hanc
1608 5859 1904 5929 longaevam
1963 5872 2298 5921 senectutem

2403 4591 2511 4645 ρων
2560 4572 2704 4643 ὑμᾶς
2737 4571 2992 4641 παραινῶ
3022 4567 3401 4638 προσκυνῆσαι
3457 4566 3593 4636 ἡλίῳ
3624 4566 3720 4620 καὶ
3763 4564 3862 4617 τοῦ
3910 4567 3977 4617 ἑκ

2399 4666 2510 4718 τῶν
2541 4663 2742 4718 θυσιῶν
2771 4665 3001 4733 αἵματος
3026 4659 3436 4729 ἀπογεύσασθαι
3468 4659 3554 4713 ἵνα
3578 4658 3777 4728 πικροῦ
3801 4657 3976 4710 θανά-

2400 4774 2493 4811 του
2522 4755 2813 4828 ρυσθέντες
2846 4755 2944 4822 τὴν
2983 4754 3240 4822 γλυκεῖαν
3272 4752 3409 4805 πᾶσι
3458 4748 3606 4820 ζωὴν
3643 4748 3972 4819 κερδήσητε.

2401 4850 2463 4901 Ol
2495 4850 2640 4914 ἆγιοι
2673 4846 2748 4908 ὡς
2777 4847 2838 4911 ἐξ
2866 4845 2985 4907 ἑνὸς
3019 4845 3283 4913 στόματος
3306 4844 3442 4913 πρὸς
3471 4843 3654 4903 αὐτὸν.
3679 4841 3806 4903 Τοῖς
3839 4859 3974 4909 σαρ-

2402 4939 2671 5008 κοὸόροις.
2690 4932 2865 5000 εἷπον,
2885 4936 3113 4990 εἴθισται
3146 4937 3303 4989 κυσὶν
3319 4935 3547 5005 αἵματος
3574 4933 3971 5000 ἀπογεύεσθαι,

2399 5031 2498 5084 οὐκ
2525 5028 2854 5098 ἀνθρώποις.
2885 5029 2977 5081 Σοὶ
2999 5028 3055 5080 δὲ
3092 5029 3294 5097 μᾶλλον
3315 5026 3677 5097 ἐμφορεῖσθαι
3712 5025 3974 5078 τοιούτων

2399 5123 2672 5193 προσήκει
2704 5121 2865 5183 κυνὸς
2898 5122 3074 5189 ἔχοντι
3106 5121 3332 5184 λύσσαν,
3360 5121 3454 5174 καὶ
3477 5119 3571 5172 τοῦ
3603 5120 3972 5188 πεποιηκότος

2401 5212 2834 5267 καθυλακτοῦντι
2872 5215 2963 5265 καὶ
3000 5213 3360 5283 άγριαίνοντι.
3725 5261 3727 5263 ,

2474 5307 2619 5375 κε’.
2656 5307 2742 5370 ’ος
2773 5306 2830 5359 δὲ
2881 5306 2976 5358 καὶ
3031 5303 3385 5375 μαστίςεσθαι
3435 5305 3564 5368 τοὺς
3612 5305 3803 5372 ἁγίους
3853 5307 3975 5359 ὲκε-

2400 5408 2575 5466 λευεν,
2617 5400 2763 5452 ιλεον
2797 5399 2958 5468 δῆθεν
2998 5400 3178 5451 αὐτῶν
3216 5400 3268 5452 οι
3302 5400 3724 5468 περιεστηκότες
3752 5400 3970 5488 Mugi-

2396 5510 2600 5556 νοντες,
2653 5492 2987 5559 Ἐφήματος,
3029 5489 3235 5556 ἔλεγον,
3273 5492 3391 5542 ἀντὶ
3434 5491 3663 5560 αἵματος
3713 5492 3862 5543 κατὰ
3909 5492 3967 5543 τὸ

2397 5587 2657 5640 λανθάνον
2691 5585 3127 5655 ἀπογευσάμενοι
3161 5581 3394 5652 σώθητε,
3442 5585 3535 5637 καὶ
3577 5584 3685 5636 τῶν
3719 5585 3967 5655 ἐπηρτη-

2400 5678 2574 5744 μένων
2624 5675 2978 5741 άπαλλάγητε
3031 5673 3334 5742 τιμωριῶν.
3390 5673 3453 5726 0i
3486 5673 3563 5735 δὲ,
3619 5674 3702 5744 Μὴ
3757 5678 3968 5741 γένοιτο

2396 5773 2550 5838 ἡμῖν,
2607 5768 2996 5838 ἀπεκρίναντο,
3056 5768 3194 5835 μήτε
3246 5768 3488 5835 σχήματι
3528 5769 3665 5837 μήτε
3695 5769 3879 5832 ἄλλους
3909 5772 3967 5822 τὸ

2413 5861 2647 5931 καθαρὸν
2685 5859 3033 5930 ἰπηλυγάσαι
3065 5857 3162 5928 τῆς
3193 5858 3348 5932 ημῶν
3380 5861 3612 5926 πίστεως
3639 5864 3734 5916 χαὶ
3762 5865 3818 5918 τὸ
3860 5883 3956 5918 πο..
