4242 6442
283 418 391 482 85³1

1131 416 1542 476 CERTAMEN
1585 417 1647 475 S.
1703 415 2110 476 ΑΟΕΡΒιΜλΕ
2152 416 2249 477 ΕΤ
2287 418 2695 482 SOCIORUM.

3444 419 3552 486 838

281 528 571 601 λυχράνιον
599 523 763 582 τοῦτο
791 544 1157 599 καταισχῦναι
1183 528 1402 598 γῆρας..
1425 528 1489 601 _'O
1531 528 1588 581 δέ
1627 526 1871 588 ποικίλος
1906 529 1944 584 Α

1906 529 1944 584 Α
1973 526 2248 584 dedecore
2306 528 2631 584 afﬁciamus.
2674 532 2944 586 Yersulus
2992 540 3179 587 autem
3219 533 3305 586 illo
3357 549 3555 598 prmsc.’

286 624 476 692 ἄρχων
502 623 715 684 έκεῖνος
743 622 840 674 καὶ
878 621 1076 690 κομιδῆ
1124 622 1383 690 πονηρὸς,
1446 621 1590 673 Ἀλλ’
1618 623 1667 673 εί
1703 621 1874 689 κρέας

289 715 445 783 ὑμίν,
480 713 626 781 ἔφη..
662 710 908 782 καθαρὸν
950 712 1231 785 ἐνεχθείητ
1263 713 1388 766 οὐδὲ
1414 716 1603 767 τούτου
1636 713 1703 766 ἂν
1735 715 1871 766 ἀπο-

287 804 610 873 γεύσοισθες
648 806 713 859 Οί
748 806 896 874 ἀγιοι
926 801 1083 858 εῐπον
1102 822 1116 837 ·
1167 805 1255 871 Ἐξ
1277 807 1591 875 ἀκαθάρτου
1620 805 1676 858 τί
1699 802 1875 860 καθαὲ

290 899 412 968 ρδν,
441 900 537 952 καὶ
578 900 643 952 lat
679 900 877 970 χειρῶν
915 897 1026 951 σῶν
1063 898 1174 953 τῶν
1209 900 1640 969 μεμολυσμένων
1664 901 1717 953 τί
1745 918 1875 955 ποτε

289 992 360 1046 ἂν
393 993 697 1063 ἀμόλυντον
744 989 823 1069 ᾖς
878 992 1075 1048 Πασῶν
1122 992 1302 1047 τοίνυν
1333 994 1445 1047 τῶν
1491 994 1749 1048 τοιούτων
1796 1010 1877 1047 σοι

296 1083 560 1153 μηχανῶν
580 1085 851 1153 ἀφέμενος
879 1086 1105 1153 ταχεῖαν
1128 1082 1231 1152 τὴν
1270 1084 1396 1137 καθ’
1422 1085 1579 1154 ἡμῶν
1602 1086 1882 1154 ἀπόφασιν

291 1174 615 1243 ἀπενεγκεῖν
658 1177 1065 1247 προθυμήθητιο
1088 1176 1214 1246 εικῆ
1242 1165 1354 1246 γάρ
1387 1178 1607 1247 κοπιᾷς,
1632 1180 1711 1239 είς
1741 1180 1875 1249 ἀέρι

291 1269 467 1339 δέρων
495 1270 588 1322 καὶ
618 1269 794 1324 παίων
822 1271 1054 1340 ἀμαθῶς
1080 1271 1172 1323 τδν
1198 1271 1523 1340 ἀδάμαντα.
1557 1272 1727 1342 Κοινῆ
1761 1290 1875 1326 τοι-

294 1362 505 1432 γαροῦν
553 1362 691 1431 μετά
722 1363 833 1417 τῶν
877 1364 1310 1434 συνεδρευόντων
1346 1366 1780 1437 διασκεψάμενοι
1817 1384 1877 1421 τε

294 1454 395 1506 καὶ
418 1453 793 1525 ψηφισάμενοι
813 1456 971 1526 χερσὶ
986 1458 1334 1527 Χριστιανῶν
1353 1460 1481 1522 τοὺς
1506 1460 1695 1526 ἁγίους
1712 1477 1879 1514 κατα-

292 1545 593 1615 λευσθῆναι
624 1548 826 1616 πλῆθος
871 1550 1218 1616 Χριστιανῶν
1274 1551 1718 1621 συναθροίζουσι,
1765 1553 1885 1622 μεθ’

1974 628 2032 674 et
2062 620 2363 674 admodum
2418 621 2599 676 malus
2633 639 2649 675 :
2697 624 2766 677 At
2796 624 2843 678 si
2878 624 2945 677 ad
2982 640 3100 688 vos,
3165 625 3362 693 inquit,
3420 642 3555 688 pura

1974 728 2104 766 caro
2137 713 2306 768 fuerit
2342 716 2527 777 allata,
2560 730 2631 770 ne
2654 732 2773 770 eam
2811 718 3034 786 quidem
3068 721 3358 788 gustabitis
3385 731 3399 755 ν
3420 719 3557 772 Sau-

1975 807 2048 861 cti
2082 808 2341 862 dixerunt
2371 824 2386 860 :
2421 811 2493 863 Es
2524 809 2809 863 immundo
2857 812 3122 879 quidnam
3178 815 3467 867 mundum.
3500 823 3554 864 et

1976 911 2041 950 ex
2078 896 2311 965 pollutis
2342 899 2451 953 tuis
2485 900 2742 954 manibus
2778 902 3037 969 quidnam
3088 901 3256 953 fuerit
3305 902 3555 968 impollu—

1982 990 2435 1045 tum?0ninibus
2464 1006 2599 1061 ergo
2633 993 2816 1047 missis
2855 992 2939 1047 his
2989 994 3098 1047 luis
3133 994 3553 1046 machinationi-

1982 1082 2108 1148 bus,
2148 1083 2201 1136 in
2226 1098 2327 1138 nos
2354 1085 2491 1139 velis
2518 1086 2628 1140 cito
2659 1088 2912 1155 proferre
2942 1089 3299 1140 sententiam.
3331 1087 3553 1141 Frustra

1982 1177 2132 1230 enim
2184 1177 2405 1233 laboras
2446 1194 2631 1234 aerem
2682 1180 3000 1238 verberans,
3055 1188 3110 1233 et
3143 1195 3238 1247 per
3276 1180 3553 1233 inscitiam

1974 1284 2104 1323 eum
2146 1270 2392 1338 pulsans,
2442 1271 2536 1340 qui
2586 1286 2696 1324 non
2731 1280 2911 1338 potest
2961 1272 3195 1325 domari.
3242 1270 3377 1324 Cum
3429 1288 3557 1339 ergo

1977 1363 2350 1417 communiter
2370 1378 2495 1417 cum
2519 1364 2587 1418 iis
2605 1364 2699 1431 qui
2716 1363 3094 1423 considebant,
3124 1348 3553 1427 consultassent,

1972 1464 2030 1511 et
2061 1457 2324 1512 tulissent
2372 1456 2731 1519 sententiain,
2768 1464 2828 1510 ut
2879 1457 3057 1510 sancti
3118 1455 3556 1510 Christianorum

1987 1547 2244 1602 manibus
2286 1547 2663 1602 obruerentur
2690 1545 2985 1615 lapidibus,
3020 1555 3355 1616 congregant
3397 1547 3558 1600 Chri-

291 1628 516 1696 dum.
563 1638 665 1708 τὴν
712 1638 1024 1710 θαυμασίαν
1070 1642 1372 1697 κατέλαϐον
1410 1642 1729 1698 Ίσδανδούλ.
1778 1644 1889 1707 Καὶ

1882 1676 1889 1707 ι
1986 1638 2295 1693 stianorum
2331 1638 2768 1702 multitudinem,
2801 1653 2927 1692 cum
2960 1639 3163 1706 quibus
3192 1639 3557 1707 comprehen-

288 1730 433 1803 δῆτα
461 1732 556 1785 τὸν
614 1734 888 1804 μακάριον
930 1736 1131 1808 Ἰωσὴφ
1181 1737 1343 1793 πάλιν
1390 1736 1885 1803 διαδαστάσαντες,

1984 1731 2190 1788 derunt
2217 1732 2383 1786 etiam
2412 1731 2795 1787 admirabilem
2827 1731 2977 1787 illam
3029 1731 3317 1795 lsdandul;
3351 1741 3403 1784 et
3431 1746 3555 1785 cum

290 1824 376 1887 εἰς
406 1824 468 1877 τδ
496 1830 780 1898 κριτήριον
813 1830 1146 1900 παριστῶσι.
1185 1829 1370 1884 ’Νεύει
1421 1829 1517 1883 οὖν
1544 1830 1623 1900 τῷ
1647 1831 1888 1900 ἡγεμόνι

1880 1853 1888 1886 ι
1984 1824 2204 1880 beatum
2245 1823 2447 1893 Ioseph
2481 1838 2677 1878 rursus
2724 1830 3129 1893 exportassent,
3183 1825 3389 1876 sistunt
3430 1838 3555 1875 eum

290 1917 325 1968 δ
354 1913 507 1982 ἀγιος
536 1917 675 1987 πρὸς
727 1918 891 1971 αύτδν
923 1920 1143 1987 έγγίσαι
1187 1918 1259 1984 ῶς
1306 1937 1360 1973 τι
1407 1921 1520 1973 τῶν
1549 1922 1881 1994 ἀπορρήτων

291 2008 672 2079 ἀκουσομένῳ.
730 2010 839 2064 Τοῦ
899 2012 956 2065 δι
1016 2012 1220 2077 εὐθέως
1279 2016 1726 2086 παραγενομένου
1784 2019 1880 2070 καὶ

290 2098 719 2171 πλησιάσαντος,
745 2102 927 2156 σιέλου
952 2104 1012 2157 τὸ
1042 2106 1219 2175 στόμα
1249 2106 1544 2177 πληρώσας
1576 2108 1607 2160 ό
1649 2108 1881 2179 μάρτυς,

288 2191 394 2245 τοῦ
417 2193 617 2265 μιαροῦ
645 2195 858 2249 ἑκείνου
884 2196 1189 2251 καταπτύει
1214 2198 1531 2268 προσώπου,
1551 2202 1667 2254 Ούκ
1692 2202 1883 2272 αίσχύ-

292 2300 398 2347 νει,
436 2285 703 2351 ἐπειπὼν,
743 2286 1120 2353 ἀναιδέστατε,
1152 2292 1358 2360 ἀγρίως
1386 2290 1530 2344 οὕτω
1556 2292 1653 2345 καὶ
1678 2292 1881 2362 δυσμε-

292 2374 405 2437 νῶς
433 2376 577 2430 κατὰ
609 2377 708 2446 τῆς
741 2380 929 2449 κοινῆς
961 2382 1167 2451 ταύτης
1216 2383 1632 2454 νεανιευόμενος
1662 2384 1879 2453 φύσεως

292 2465 390 2518 καὶ
437 2467 599 2537 σῶμα
654 2469 757 2539 ἠδη
821 2472 1232 2542 νενεκρωμένον
1293 2468 1452 2536 αὖθις
1509 2475 1589 2538 είς
1633 2474 1879 2539 ὶξέτασιν

292 2556 480 2623 ἄγωνς
522 2557 582 2610 '0
636 2559 694 2611 δὲ
750 2561 846 2611 καὶ
894 2562 1046 2631 παρὰ
1082 2561 1193 2615 τῶν
1244 2564 1681 2631 συνεδρευόντων
1710 2566 1881 2620 πολλά

290 2651 393 2718 τῆς
426 2654 691 2721 περιττῆς
738 2653 946 2723 ταύτης
994 2654 1279 2724 ὠμότητος
1320 2656 1752 2721 κατονειδισθεὶς
1787 2673 1883 2730 και

291 2743 509 2811 γέλωτα
542 2745 663 2798 οὐδὲ
710 2748 834 2799 ὅσον
888 2748 1067 2800 εἰπεῖν
1120 2747 1363 2818 όφλήσας
1408 2750 1546 2819 πρὸς
1594 2750 1695 2819 τὴν
1743 2748 1881 2804 ιδίαν

292 2833 457 2887 πάλιν
489 2835 759 2907 καθέδραν
787 2838 1124 2910 ὑποστρέφει
1156 2844 1638 2913 κατῃσχυμμένος.

367 3016 497 3072 KZ'.
525 3017 628 3071 Τὸν
658 3019 716 3072 δὲ
746 3019 902 3088 ἀγιον
934 3022 1271 3094 πορρωτέρω
1317 3042 1424 3078 που
1476 3024 1875 3096 διαστήσαντες

296 3114 393 3165 καὶ
422 3110 596 3165 όπίσω
616 3110 692 3165 τὼ
711 3114 859 3184 χεῖρε
885 3113 1259 3185 δεσμήσαντες
1279 3116 1474 3187 βόθρον
1493 3117 1640 3188 αύτῷ
1657 3119 1873 3190 διορύσ-

298 3216 477 3266 σουσι,
504 3203 599 3255 καὶ
629 3202 888 3265 καθέντες
923 3205 1122 3273 μέχρις
1150 3206 1351 3274 ὀσφύος
1391 3208 1558 3261 αὑτὸν
1592 3209 1867 3279 χωννύου-

1985 1917 2038 1972 ἰη
2070 1918 2349 1987 praetorio.
2392 1918 2626 1974 Sanctus
2660 1927 2844 1971 autem
2889 1918 3082 1971 annuit
3116 1916 3357 1984 praesidi,
3395 1926 3454 1969 ut
3490 1918 3555 1967 ad

1983 2025 2042 2066 se
2066 2011 2302 2065 accedat
2359 2011 2610 2080 propius,
2644 2018 2707 2063 ut
2746 2009 2841 2078 qui
2878 2024 3139 2062 arcanum
3172 2010 3379 2076 aliquid
3411 2017 3557 2062 esset

1978 2102 2048 2158 ab
2094 2119 2159 2158 eo
2193 2101 2513 2157 auditurus.
2548 2101 2686 2158 Cum
2724 2101 2771 2156 is
2807 2115 2940 2155 vero
2999 2101 3183 2153 statim
3235 2098 3559 2152 accessisset

1976 2194 2225 2265 propius,
2268 2206 2476 2265 martyr
2527 2209 2590 2249 os
2629 2194 2864 2262 implens
2914 2193 3109 2253 saliva,
3154 2190 3554 2243 exsecrandum

1974 2288 2130 2344 illum
2162 2289 2373 2343 vultum
2405 2287 2699 2358 conspuit,
2740 2295 2795 2340 et
2829 2302 2844 2339 :
2887 2286 3006 2339 Non
3037 2294 3087 2337 te
3121 2285 3311 2351 pudet,
3354 2283 3552 2350 inquit,

1976 2395 2010 2437 o
2042 2380 2542 2450 impudentissime,
2577 2388 2685 2432 tam
2715 2377 3033 2431 immaniter
3051 2384 3106 2429 et
3136 2387 3243 2428 tam
3277 2374 3556 2427 hostiliter

1978 2474 2034 2530 in
2066 2473 2209 2527 hanc
2238 2486 2591 2528 communem
2627 2470 2894 2525 insultare
2960 2479 3237 2531 naturam,
3271 2479 3326 2523 et
3358 2484 3557 2534 corpus

1975 2568 2088 2640 jam
2125 2577 2301 2621 morte
2335 2566 2619 2629 aﬂectum,
2650 2579 2846 2619 rursus
2890 2563 3201 2633 producere
3233 2564 3299 2616 ad
3348 2564 3556 2616 exami.

1980 2660 2302 2715 nationem?
2332 2659 2427 2714 llle
2456 2668 2639 2714 autem
2674 2658 2742 2711 ab
2777 2658 2843 2712 iis
2892 2672 3137 2725 quoque.
3176 2656 3269 2723 qui
3304 2655 3553 2709 conside-

1981 2753 2137 2817 bant,
2184 2761 2412 2822 propter
2448 2753 2592 2806 hanc
2624 2750 2850 2805 nimiam
2894 2748 3279 2803 crudelitatem
3337 2748 3554 2817 probris

1981 2846 2232 2910 aﬂectus,
2257 2854 2314 2900 et
2349 2844 2663 2899 mirandum
2710 2842 2765 2899 in
2799 2842 3020 2896 modum
3059 2842 3273 2901 irrisus,
3305 2840 3370 2892 ad
3400 2855 3552 2893 suam

1983 2941 2304 2997 cathedram
2342 2940 2489 2995 redit
2518 2939 2733 3009 pudore
2766 2938 3019 2992 aﬂectus.

2050 3032 2267 3089 XXVII.
2311 3031 2448 3087 Cum
2492 3040 2672 3087 autem
2711 3040 2965 3085 sanctum
3028 3029 3191 3097 paulo
3232 3029 3446 3095 longius
3475 3028 3527 3080 di

1973 3126 2296 3189 movissent,
2340 3132 2396 3178 et
2429 3140 2627 3179 manus
2668 3137 2811 3192 pone
2848 3121 3178 3181 vinxissent,
3248 3121 3447 3174 fossam
3501 3126 3551 3173 ei

1972 3219 2212 3281 fodiunt,
2242 3226 2297 3272 et
2324 3233 2450 3273 eum
2482 3216 2548 3271 ad
2578 3216 2801 3271 lumbos
2836 3229 3009 3282 usque
3052 3214 3379 3273 demissum,
3412 3214 3549 3265 info-

296 3310 403 3348 αιν.
446 3290 579 3349 Εἶτα
606 3295 733 3359 τοὺς
788 3295 1194 3367 συλληφθέντας
1240 3300 1563 3369 περιιστῶσι
1604 3301 1869 3371 Χριστια-
1896 3351 1940 3378 η

1896 3351 1940 3378 η
1978 3311 2158 3366 d'nmt.
2191 3309 2399 3365 Deinde
2446 3308 2885 3378 comprehensos
2929 3306 3348 3360 circumsistunt
3398 3304 3549 3357 ΟΙιτίυ

298 3386 446 3449 νοῦς,
506 3389 603 3441 καὶ
658 3387 916 3451 παίοντες
976 3389 1193 3457 βάλλειν
1250 3390 1343 3443 τὸν
1392 3391 1637 3461 ἀοίδιμον
1697 3393 1868 3459 λίθοις

294 3479 689 3534 διεκελεύοντο.
728 3480 866 3534 Μεθ’
902 3476 979 3535 ὧν
1029 3484 1121 3535 καὶ
1152 3482 1251 3553 τὴν
1291 3484 1445 3553 ίεράν
1479 3486 1777 3549 Ἰσᾶινδοὺλ
1810 3489 1880 3543 τά

291 3572 455 3638 ὅμοια
505 3574 680 3627 ποιεῖν
710 3573 1065 3643 έπειγόντων,
1106 3576 1315 3647 έκείνη,
1353 3578 1487 3631 ’Δπδ
1515 3578 1611 3633 τοῦ
1651 3580 1873 3645 αίῶνος.

291 3663 422 3734 εφη,
440 3665 593 3719 οὐδὲν
622 3667 885 3737 ῆκουσται
906 3667 1170 3734 τοιοῦτον,
1191 3667 1333 3723 ὥστε
1367 3673 1603 3737 γυναῖκα
1626 3671 1747 3725 κατ’
1787 3676 1882 3727 ἀν⁸

290 3756 611 3826 δρῶνόσίων
643 3760 799 3828 χεῖρα
818 3760 1083 3813 έκτείνειν
1126 3762 1664 3830 καταναγκάζεσθαι,
1693 3761 1882 3835 ῶσπερ

289 3847 389 3902 νῦν
424 3848 582 3919 ὑμεῖς
630 3853 857 3917 ποιεῖτε,
892 3851 1265 3921 ἀποσχόμενοι
1323 3853 1425 3922 μὶν
1454 3852 1553 3907 τοῦ
1590 3855 1730 3908 κατά
1770 3856 1882 3908 τῶν

291 3940 507 4010 ιχθρῶν
555 3941 923 4008 ἀγωνίζεσθαι
953 3942 1077 3998 καθ’
1120 3944 1280 4014 ἡμῶν
1326 3946 1579 4015 αίροντες.
1601 3947 1743 4000 ὅπλα
1786 3950 1879 4002 καὶ

291 4034 395 4107 τὴν
431 4036 671 4106 πατρίδα
716 4038 944 4108 εἰρήνην
974 4037 1216 4106 ἄγουσαν
1249 4038 1499 4106 αἱμάτων
1531 4040 1624 4090 καὶ
1653 4039 1878 4107 σφαγῶν
1924 4114 1929 4117 τ

290 4128 700 4199 ιμπιπλῶντες.
735 4131 800 4182 οι
829 4130 885 4182 δὲ
913 4129 1197 4183 ὀϐελίσκον
1219 4130 1413 4199 μακρῷ
1437 4131 1669 4199 καλάμῳ
1694 4147 1873 4199 παρα-

293 4220 681 4292 δεσμήσαντες
716 4224 927 4274 κεντεῖν
978 4221 1125 4290 αύτῷ
1168 4222 1259 4273 τὸν
1291 4221 1446 4289 ἅγιον
1483 4222 1872 4278 διεκελεύοντο.

292 4313 564 4381 Κάκείνη,
593 4313 685 4381 Μὴ
710 4312 923 4379 γένοιτό
957 4330 1069 4381 μοι,
1114 4313 1240 4382 ἔφη,
1274 4313 1469 4381 δρᾶσαι
1500 4314 1761 4366 τοιοῦτον·
1795 4314 1869 4376 ὡς

289 4406 468 4471 ιγωγε
506 4404 673 4472 ἡδέως
704 4402 770 4456 ἀν
804 4403 1069 4473 πρότερον
1093 4407 1159 4473 τῇ
1192 4405 1297 4473 ἐμῇ
1331 4404 1532 4474 καρδὶᾳ
1577 4403 1736 4456 τοῦτο
1782 4406 1874 4456 ιχ.

292 4496 711 4567 καταπλήξαιμι
753 4495 785 4565 ἢ
835 4497 972 4563 πρὸς
1018 4496 1193 4568 βραχὺ
1230 4497 1323 4550 τοῦ
1375 4498 1532 4565 ἀγίου
1581 4498 1647 4551 δι’
1703 4499 1870 4552 αὑτοῦ

290 4590 490 4659 ψαύσω
522 4590 791 4658 σώματος.
819 4588 1056 4659 Οὕτωςή
1080 4591 1178 4660 μέν
1202 4590 1463 4661 ἀνδρικὴν
1489 4591 1870 4661 ἐπιδειξαμένη

1895 3351 1943 3414 C

1977 3404 2207 3467 stianos,
2234 3411 2290 3456 et
2321 3402 2621 3470 pulsantes,
2664 3400 2861 3470 iubent
2904 3414 3001 3453 eos
3052 3398 3226 3450 virum
3289 3398 3549 3466 inclytum

1979 3504 2246 3566 appetere
2277 3493 2573 3564 lapidibus.
2601 3492 2739 3548 Cum
2758 3492 2963 3562 quibus
2991 3502 3402 3545 sacrasanctam
3423 3506 3551 3555 quo-

1978 3603 2090 3658 que
2121 3587 2405 3651 lsdandul,
2442 3595 2503 3640 ut
2533 3584 2733 3640 similia
2763 3584 2989 3641 faceret.
3013 3582 3358 3651 urgentibus,
3415 3582 3552 3633 dixit

1978 3679 2110 3734 illa:
2144 3677 2293 3732 Nihil
2322 3694 2563 3748 unquam
2598 3693 2628 3730 a
2666 3675 2866 3731 seculo
2898 3674 3002 3728 tale
3039 3674 3138 3726 fuit
3175 3674 3441 3735 auditum,
3496 3690 3551 3723 ut

1980 3780 2209 3839 cogatur
2241 3769 2445 3824 femina
2487 3768 2782 3823 extendere
2826 3782 3049 3820 manum
3084 3769 3353 3818 adversus
3403 3767 3552 3818 viros

1981 3869 2223 3923 sanctos,
2259 3858 2539 3928 quomodo
2571 3872 2670 3911 vos
2699 3872 2847 3910 nunc
2893 3856 3093 3918 facitis,
3150 3856 3242 3923 qui
3288 3854 3549 3909 adversus

1979 3950 2234 4007 inimicos
2257 3948 2478 4020 quidem
2504 3964 2614 4003 non
2642 3947 2962 4008 decertatis,
2993 3948 3044 3999 iu
3067 3963 3167 3999 nos
3198 3956 3379 3998 autem
3401 3962 3548 3997 arum

1979 4042 2192 4106 tollitis,
2226 4051 2283 4095 et
2314 4042 2571 4111 patriam,
2601 4054 2723 4109 qua
2752 4040 2902 4108 degit
2933 4038 2988 4091 in
3022 4054 3175 4106 pace,
3205 4040 3467 4105 sanguine
3494 4049 3549 4089 et

1976 4135 2127 4189 aede
2182 4134 2446 4203 impletis.
2477 4132 2558 4187 llli
2589 4147 2721 4186 vero
2780 4130 3022 4185 obelisco
3073 4132 3248 4198 lougm
3292 4130 3546 4182 arundim

1975 4229 2219 4297 alligato,
2248 4242 2314 4280 eo
2345 4236 2594 4281 sanctum
2635 4238 2884 4293 pungere
2932 4223 3295 4291 imperabant.
3329 4222 3419 4275 Illa
3450 4238 3545 4275 au-

1979 4330 2085 4374 tem
2120 4318 2343 4392 :.Absit,
2380 4315 2578 4384 inquit.
2613 4324 2673 4369 ut
2701 4328 2802 4383 ego
2850 4313 2904 4367 id
2941 4312 3159 4367 faciam.
3198 4313 3331 4366 Nam
3364 4327 3463 4381 ego
3496 4314 3544 4366 id

1979 4410 2129 4477 prius
2168 4409 2406 4462 libenter
2431 4405 2585 4461 cordi
2618 4419 2741 4459 meo
2772 4404 3016 4467 allisero,
3044 4420 3206 4473 quam
3237 4419 3335 4471 per
3367 4404 3547 4472 ipsum

1977 4509 2227 4555 sanctum
2251 4513 2458 4569 corpus
2478 4497 2561 4551 vel
2582 4495 2870 4550 minimum
2888 4496 3175 4564 attingam.
3199 4494 3289 4548 Sic
3315 4492 3403 4546 illa
3431 4496 3542 4560 qui-

1977 4594 2099 4646 dem
2132 4592 2346 4647 virilem
2372 4589 2672 4644 ostendens
2700 4587 3089 4649 constantiam,
3126 4596 3422 4653 conspecta
3460 4596 3547 4638 est

292 4682 391 4752 τὴν
420 4683 695 4745 ινστασιν,
720 4683 985 4751 κρείττων
1014 4682 1112 4750 τῆς
1138 4682 1381 4744 έπινοίας
1404 4681 1557 4750 ὤφθη
1580 4682 1689 4734 τῶν
1723 4700 1871 4751 μιαι-
1903 4705 1949 4762 ο

1857 4712 1871 4721 -
1903 4705 1949 4762 ο
1978 4684 2255 4752 potentior
2284 4699 2446 4751 quam
2477 4681 2786 4751 cogitaram
2808 4678 3117 4749 parricidae.
3154 4678 3417 4731 Sanctum
3452 4692 3532 4729 au-

293 4778 491 4846 φόνων·
520 4777 609 4830 τὸν
638 4777 694 4829 δέ
723 4776 879 4843 ἃγιον
905 4775 1197 4838 τοσαύταις
1221 4776 1406 4843 νιφάσι
1436 4774 1600 4827 λίθων
1633 4776 1868 4844 συνέχωο

296 4889 396 4926 σαν
419 4871 492 4933 ὡς
513 4871 682 4940 μόνην
714 4870 945 4940 ὁρᾶσθαι
978 4872 1078 4939 τὴν
1115 4870 1384 4939 κεφαλὴν,
1419 4868 1511 4921 τοῦ
1542 4868 1733 4921 λοιποῦ
1763 4867 1867 4921 σώ-

297 4981 466 5036 ματος
492 4966 557 5033 τῇ
597 4964 800 5033 σωρεία
836 4962 943 5014 τῶν
977 4961 1139 5014 λίθων
1166 4963 1642 5031 συγκεχωσμένου.
1675 4958 1776 5012 Ἢν
1804 4961 1867 5031 δή

292 5076 379 5122 τις
413 5058 524 5111 τῶν
556 5055 769 5109 ἀσεὸῶν
800 5056 1078 5127 ἀρχόντων
1110 5056 1189 5109 ἔτι
1244 5056 1573 5125 κινουμένην
1606 5038 1875 5123 ἑωρακὼς

295 5155 380 5205 svi
417 5151 525 5205 τὼν
572 5150 782 5219 δημίων
822 5149 1033 5202 κελεύει
1080 5148 1417 5219 χειροπληθῆ
1463 5148 1608 5200 λίθον
1654 5148 1872 5201 λαϐόντι

290 5247 502 5304 ἀνωθεν
533 5247 669 5316 αὐτῇ
696 5248 1011 5314 ἐπαφεῖναι·
1037 5240 1099 5299 οὗ
1127 5244 1190 5313 δὴ
1228 5244 1517 5312 γενομένου
1549 5244 1642 5296 καὶ
1675 5241 1753 5312 τῷ
1775 5240 1868 5295 τοῦ

290 5341 445 5395 λίθου
488 5341 643 5411 βάρει
680 5342 866 5393 τέλεον
898 5339 1071 5409 αὐτῆς
1116 5337 1521 5407 συπρισείσης,
1542 5336 1641 5407 τὴν
1676 5336 1868 5407 τιμίαν

291 5435 476 5506 ψυχὴν
500 5436 528 5487 δ
563 5436 830 5503 μακάριος
862 5433 938 5502 τῷ
963 5431 1185 5503 Χριστῷ
1212 5431 1565 5500 παρατίθησι.
1603 5428 1868 5481 Φυλάκιον

288 5529 472 5583 τοίνυν
502 5529 849 5591 επιστασίαις
879 5527 940 5581 τὸ
974 5525 1269 5595 πολύτιμον
1294 5526 1471 5577 έκεῖνο
1500 5522 1661 5593 σῶμα
1689 5520 1866 5575 καθά-

292 5636 401 5687 περ
432 5616 702 5687 θησαυρός
734 5634 816 5679 τις
848 5615 1212 5684 συνετηρεῖτο.
1249 5612 1431 5684 Τριῶν
1458 5610 1515 5664 δὲ
1541 5609 1864 5662 διελθουσῶν

288 5712 517 5784 ἡμερῶν
532 5713 623 5765 καὶ
654 5710 920 5779 τετάρτης
944 5710 1047 5778 ήδη
1078 5705 1611 5773 ἐπικαταλαϐούσης,
1641 5703 1865 5771 σεισμὸς

292 5801 466 5872 μέ-γας
504 5795 611 5861 οἷος
649 5799 741 5851 καὶ
776 5798 1003 5865 φοϐερὸς
1049 5800 1275 5865 γίνεταισ
1307 5792 1410 5849 εἷθ’
1439 5794 1611 5856 οὕτως
1655 5795 1855 5862 ἀστρα-

289 5894 408 5949 τιῶν
441 5891 885 5961 ύποφσινομένων
922 5891 1158 5959 βροντῶν
1184 5909 1234 5943 τε
1262 5889 1532 5958 μεγίστων
1556 5889 1856 5954 ὶπικαταρ-

1981 4788 2087 4831 tem
2122 4786 2227 4829 tam
2271 4775 2483 4829 crebris
2541 4773 2783 4843 lapidum
2846 4770 3066 4825 nivibus
3115 4770 3437 4833 obruerunt,
3491 4780 3547 4822 ut

1977 4878 2306 4923 cerneretur
2364 4866 2542 4920 solum
2572 4873 2761 4934 caput,
2808 4865 3026 4934 reliquo
3065 4878 3296 4932 corpore
3343 4862 3546 4916 obruto

1975 4961 2216 5031 lapidum
2244 4960 2520 5029 congerie.
2540 4957 2696 5024 Quod
2728 4958 2949 5027 quidem
2983 4968 3146 5025 caput
3168 4971 3292 5009 cum
3323 4956 3543 5024 quidam

1972 5069 2038 5108 ex
2072 5051 2255 5121 impiis
2289 5050 2635 5121 principibus
2659 5050 2886 5103 vidisset
2915 5048 3098 5102 adhuc
3130 5048 3361 5111 moveri,
3384 5046 3542 5115 jubet

1972 5144 2068 5198 uni
2099 5158 2166 5198 ex
2199 5142 2507 5206 lictoribus,
2534 5148 2592 5193 ut
2625 5151 2853 5209 accepto
2884 5138 3086 5207 lapide,
3140 5148 3404 5206 quantum
3441 5152 3540 5206 po-

1971 5242 2115 5288 terat
2152 5247 2346 5286 manus
2368 5221 2585 5300 capere,
2607 5230 2663 5284 in
2683 5230 2735 5283 id
2763 5225 3361 5298 desuperimniitteret.
3385 5226 3541 5292 Quod

1971 5327 2195 5398 quidem
2224 5341 2347 5379 cum
2371 5323 2576 5379 factum
2601 5330 2772 5380 esset.
2793 5332 2849 5376 et
2880 5322 3121 5390 pondere
3153 5321 3349 5388 lapidis
3374 5328 3538 5388 caput

1969 5427 2117 5474 esset
2162 5416 2486 5480 contritum,
2536 5414 2730 5468 beatus
2770 5411 2990 5466 Christo
3020 5410 3187 5465 tradit
3238 5410 3535 5479 pretiosam

1973 5510 2236 5565 animam.
2268 5512 2446 5578 Atque
2479 5508 2857 5562 venerandum
2897 5504 3117 5573 quidem
3153 5504 3282 5556 illud
3312 5517 3532 5570 corpus.

1968 5602 2234 5656 adhibitis
2265 5598 2614 5663 custodibus,
2642 5597 3077 5653 conservabatur
3113 5605 3369 5661 tanquam
3416 5594 3533 5649 the-

1968 5708 2169 5749 saurus
2200 5692 2424 5761 aliquis.
2447 5691 2584 5746 Cum
2622 5698 2735 5744 tres
2756 5701 2940 5743 autem
2969 5687 3085 5741 dies
3117 5686 3526 5754 prteteriisseut,

1968 5788 2148 5857 etjam
2178 5786 2490 5841 advenisset
2512 5793 2761 5853 quartus,
2790 5780 3003 5836 exstitit
3028 5795 3257 5846 magnus
3280 5786 3331 5831 et
3370 5778 3531 5827 toni.

1970 5880 2094 5937 bilis
2126 5887 2285 5935 terrae
2316 5886 2517 5933 motus.
2557 5874 2762 5931 Deinde
2786 5889 2907 5929 cum
2947 5874 3025 5928 sic
3063 5882 3389 5941 appmercnt
3426 5873 3542 5920 tut.
