  <div class='ocr_page' id='page_1' title='image "/cluster/home/n/w/nwhite01/storage/ocr_20150623/116/nnc1.0046980156/491.png"; bbox 0 0 4242 6442; ppageno 0'>
   <div class='ocr_carea' id='block_1_1' title="bbox 753 410 865 478">
    <p class='ocr_par' dir='ltr' id='par_1_1' title="bbox 753 410 865 478">
     <span class='ocr_line' id='line_1_1' title="bbox 753 410 865 478; baseline 0 0"><span class='ocrx_word' id='word_1_1' title='bbox 753 410 865 478; x_wconf 79' lang='lat'><strong>859</strong></span> 
     </span>
    </p>
   </div>
   <div class='ocr_carea' id='block_1_2' title="bbox 1924 403 2786 470">
    <p class='ocr_par' dir='ltr' id='par_1_2' title="bbox 1924 403 2786 470">
     <span class='ocr_line' id='line_1_2' title="bbox 1924 403 2786 470; baseline 0.005 -4"><span class='ocrx_word' id='word_1_2' title='bbox 1924 403 2306 469; x_wconf 77' lang='lat' dir='ltr'><strong>ADDENDA.</strong></span> <span class='ocrx_word' id='word_1_3' title='bbox 2343 430 2416 442; x_wconf 87' lang='lat'><strong>-</strong></span> <span class='ocrx_word' id='word_1_4' title='bbox 2449 406 2714 468; x_wconf 76' lang='lat' dir='ltr'><strong>APRIL]</strong></span> <span class='ocrx_word' id='word_1_5' title='bbox 2724 407 2786 470; x_wconf 92' lang='lat' dir='ltr'><strong>S.</strong></span> 
     </span>
    </p>
   </div>
   <div class='ocr_carea' id='block_1_3' title="bbox 3925 412 4039 476">
    <p class='ocr_par' dir='ltr' id='par_1_3' title="bbox 3925 412 4039 476">
     <span class='ocr_line' id='line_1_3' title="bbox 3925 412 4039 476; baseline 0.018 -2"><span class='ocrx_word' id='word_1_6' title='bbox 3925 412 4039 476; x_wconf 77' lang='lat'><strong>860</strong></span> 
     </span>
    </p>
   </div>
   <div class='ocr_carea' id='block_1_4' title="bbox 749 517 2424 598">
    <p class='ocr_par' dir='ltr' id='par_1_4' title="bbox 749 517 2408 598">
     <span class='ocr_line' id='line_1_4' title="bbox 749 517 2408 598; baseline -0.004 -18"><span class='ocrx_word' id='word_1_7' title='bbox 749 537 916 598; x_wconf 67' lang='lat' dir='ltr'><strong>gnra,</strong></span> <span class='ocrx_word' id='word_1_8' title='bbox 954 528 1014 579; x_wconf 85' lang='lat' dir='ltr'><strong>et</strong></span> <span class='ocrx_word' id='word_1_9' title='bbox 1041 520 1280 576; x_wconf 80' lang='lat' dir='ltr'><strong>mxima</strong></span> <span class='ocrx_word' id='word_1_10' title='bbox 1334 517 1578 575; x_wconf 83' lang='lat' dir='ltr'><strong>tonitrua</strong></span> <span class='ocrx_word' id='word_1_11' title='bbox 1633 533 1762 575; x_wconf 87' lang='lat' dir='ltr'><strong>cum</strong></span> <span class='ocrx_word' id='word_1_12' title='bbox 1804 521 1894 576; x_wconf 79' lang='lat' dir='ltr'><strong>eis</strong></span> <span class='ocrx_word' id='word_1_13' title='bbox 1929 530 2330 590; x_wconf 74' lang='lat' dir='ltr'><strong>erumperent,</strong></span> <span class='ocrx_word' id='word_1_14' title='bbox 2361 525 2408 582; x_wconf 72' lang='grc' dir='ltr'><strong>Δ</strong></span> 
     </span>
    </p>
   </div>
   <div class='ocr_carea' id='block_1_5' title="bbox 2371 517 4046 598">
    <p class='ocr_par' dir='ltr' id='par_1_5' title="bbox 2371 518 4046 594">
     <span class='ocr_line' id='line_1_5' title="bbox 2371 518 4046 594; baseline 0.005 -24"><span class='ocrx_word' id='word_1_15' title='bbox 2371 525 2408 582; x_wconf 63' lang='grc' dir='ltr'><strong>Α</strong></span> <span class='ocrx_word' id='word_1_16' title='bbox 2440 518 2804 589; x_wconf 66' lang='grc' dir='ltr'><strong>ῥηγνυμένων</strong></span> <span class='ocrx_word' id='word_1_17' title='bbox 2829 518 3023 583; x_wconf 74' lang='grc' dir='ltr'><strong>αὐταῖς</strong></span> <span class='ocrx_word' id='word_1_18' title='bbox 3059 519 3173 591; x_wconf 87' lang='grc' dir='ltr'><strong>πῦρ</strong></span> <span class='ocrx_word' id='word_1_19' title='bbox 3215 519 3513 592; x_wconf 70' lang='grc' dir='ltr'><strong>οὐρανόθεν</strong></span> <span class='ocrx_word' id='word_1_20' title='bbox 3542 523 3872 594; x_wconf 71' lang='grc' dir='ltr'><strong>κατινιχθὶν</strong></span> <span class='ocrx_word' id='word_1_21' title='bbox 3899 525 4046 578; x_wconf 77' lang='grc' dir='ltr'><strong>ἀκο-</strong></span> 
     </span>
    </p>
   </div>
   <div class='ocr_carea' id='block_1_6' title="bbox 747 611 2329 688">
    <p class='ocr_par' dir='ltr' id='par_1_6' title="bbox 747 611 2329 688">
     <span class='ocr_line' id='line_1_6' title="bbox 747 611 2329 688; baseline -0.004 -15"><span class='ocrx_word' id='word_1_22' title='bbox 747 615 894 688; x_wconf 84' lang='lat' dir='ltr'><strong>ignis</strong></span> <span class='ocrx_word' id='word_1_23' title='bbox 916 629 951 669; x_wconf 79' lang='grc' dir='ltr'><strong>ο</strong></span> <span class='ocrx_word' id='word_1_24' title='bbox 982 615 1126 671; x_wconf 81' lang='lat' dir='ltr'><strong>cmlo</strong></span> <span class='ocrx_word' id='word_1_25' title='bbox 1155 612 1430 668; x_wconf 84' lang='lat' dir='ltr'><strong>demissus</strong></span> <span class='ocrx_word' id='word_1_26' title='bbox 1456 611 1720 668; x_wconf 74' lang='lat' dir='ltr'><strong>custodes</strong></span> <span class='ocrx_word' id='word_1_27' title='bbox 1758 612 1988 683; x_wconf 83' lang='lat' dir='ltr'><strong>quidem</strong></span> <span class='ocrx_word' id='word_1_28' title='bbox 2037 612 2243 683; x_wconf 87' lang='lat' dir='ltr'><strong>redigit</strong></span> <span class='ocrx_word' id='word_1_29' title='bbox 2265 611 2329 667; x_wconf 86' lang='lat' dir='ltr'><strong>in</strong></span> 
     </span>
    </p>
   </div>
   <div class='ocr_carea' id='block_1_7' title="bbox 749 705 2332 777">
    <p class='ocr_par' dir='ltr' id='par_1_7' title="bbox 749 705 2332 777">
     <span class='ocr_line' id='line_1_7' title="bbox 749 705 2332 777; baseline -0.002 -14"><span class='ocrx_word' id='word_1_30' title='bbox 749 709 995 763; x_wconf 89' lang='lat' dir='ltr'><strong>cinerem</strong></span> <span class='ocrx_word' id='word_1_31' title='bbox 1018 745 1035 771; x_wconf 97' lang='lat'><strong>,</strong></span> <span class='ocrx_word' id='word_1_32' title='bbox 1066 705 1312 775; x_wconf 79' lang='lat' dir='ltr'><strong>lapidum</strong></span> <span class='ocrx_word' id='word_1_33' title='bbox 1345 721 1477 760; x_wconf 82' lang='lat' dir='ltr'><strong>vero</strong></span> <span class='ocrx_word' id='word_1_34' title='bbox 1503 707 1820 776; x_wconf 71' lang='lat' dir='ltr'><strong>congeriem</strong></span> <span class='ocrx_word' id='word_1_35' title='bbox 1849 706 2039 761; x_wconf 84' lang='lat' dir='ltr'><strong>educit</strong></span> <span class='ocrx_word' id='word_1_36' title='bbox 2062 716 2332 777; x_wconf 70' lang='lat' dir='ltr'><strong>tauquam</strong></span> 
     </span>
    </p>
   </div>
   <div class='ocr_carea' id='block_1_8' title="bbox 749 796 2330 870">
    <p class='ocr_par' dir='ltr' id='par_1_8' title="bbox 749 796 2330 870">
     <span class='ocr_line' id='line_1_8' title="bbox 749 796 2330 870; baseline -0.001 -19"><span class='ocrx_word' id='word_1_37' title='bbox 749 799 1057 870; x_wconf 80' lang='lat' dir='ltr'><strong>pulverem,</strong></span> <span class='ocrx_word' id='word_1_38' title='bbox 1097 796 1209 852; x_wconf 87' lang='lat' dir='ltr'><strong>Deo</strong></span> <span class='ocrx_word' id='word_1_39' title='bbox 1244 798 1507 852; x_wconf 88' lang='lat' dir='ltr'><strong>omnibus</strong></span> <span class='ocrx_word' id='word_1_40' title='bbox 1530 796 1798 852; x_wconf 76' lang='lat' dir='ltr'><strong>reddente</strong></span> <span class='ocrx_word' id='word_1_41' title='bbox 1827 797 2184 853; x_wconf 82' lang='lat' dir='ltr'><strong>manifestum</strong></span> <span class='ocrx_word' id='word_1_42' title='bbox 2226 797 2330 851; x_wconf 87' lang='lat' dir='ltr'><strong>ho-</strong></span> 
     </span>
    </p>
   </div>
   <div class='ocr_carea' id='block_1_9' title="bbox 748 890 2326 960">
    <p class='ocr_par' dir='ltr' id='par_1_9' title="bbox 748 890 2326 960">
     <span class='ocr_line' id='line_1_9' title="bbox 748 890 2326 960; baseline -0.001 -15"><span class='ocrx_word' id='word_1_43' title='bbox 748 906 942 946; x_wconf 83' lang='lat' dir='ltr'><strong>norem</strong></span> <span class='ocrx_word' id='word_1_44' title='bbox 980 890 1035 944; x_wconf 89' lang='lat' dir='ltr'><strong>in</strong></span> <span class='ocrx_word' id='word_1_45' title='bbox 1070 897 1367 960; x_wconf 59' lang='lat' dir='ltr'><strong>martyrem</strong></span> <span class='ocrx_word' id='word_1_46' title='bbox 1396 907 1410 951; x_wconf 83' lang='lat'><strong>;</strong></span> <span class='ocrx_word' id='word_1_47' title='bbox 1463 904 1669 958; x_wconf 86' lang='lat' dir='ltr'><strong>corpus</strong></span> <span class='ocrx_word' id='word_1_48' title='bbox 1698 899 1884 944; x_wconf 89' lang='lat' dir='ltr'><strong>autem</strong></span> <span class='ocrx_word' id='word_1_49' title='bbox 1926 906 2036 945; x_wconf 91' lang='lat' dir='ltr'><strong>non</strong></span> <span class='ocrx_word' id='word_1_50' title='bbox 2070 899 2326 960; x_wconf 88' lang='lat' dir='ltr'><strong>apparet,</strong></span> 
     </span>
    </p>
   </div>
   <div class='ocr_carea' id='block_1_10' title="bbox 753 982 2332 1053">
    <p class='ocr_par' dir='ltr' id='par_1_10' title="bbox 753 982 2332 1053">
     <span class='ocr_line' id='line_1_10' title="bbox 753 982 2332 1053; baseline -0.001 -13"><span class='ocrx_word' id='word_1_51' title='bbox 753 1001 852 1040; x_wconf 85' lang='lat' dir='ltr'><strong>seu</strong></span> <span class='ocrx_word' id='word_1_52' title='bbox 886 983 1032 1053; x_wconf 90' lang='lat' dir='ltr'><strong>quod</strong></span> <span class='ocrx_word' id='word_1_53' title='bbox 1067 982 1213 1036; x_wconf 88' lang='lat' dir='ltr'><strong>Deus</strong></span> <span class='ocrx_word' id='word_1_54' title='bbox 1245 983 1605 1052; x_wconf 76' lang='lat' dir='ltr'><strong>providisset,</strong></span> <span class='ocrx_word' id='word_1_55' title='bbox 1645 993 1705 1036; x_wconf 88' lang='lat' dir='ltr'><strong>ut</strong></span> <span class='ocrx_word' id='word_1_56' title='bbox 1735 983 1787 1037; x_wconf 92' lang='lat' dir='ltr'><strong>id</strong></span> <span class='ocrx_word' id='word_1_57' title='bbox 1813 984 2216 1038; x_wconf 88' lang='lat' dir='ltr'><strong>transferretur</strong></span> <span class='ocrx_word' id='word_1_58' title='bbox 2258 983 2332 1038; x_wconf 84' lang='lat' dir='ltr'><strong>iis</strong></span> 
     </span>
    </p>
   </div>
   <div class='ocr_carea' id='block_1_11' title="bbox 753 1075 2337 1147">
    <p class='ocr_par' dir='ltr' id='par_1_11' title="bbox 753 1075 2337 1147">
     <span class='ocr_line' id='line_1_11' title="bbox 753 1075 2337 1147; baseline 0.002 -18"><span class='ocrx_word' id='word_1_59' title='bbox 753 1092 896 1147; x_wconf 85' lang='lat' dir='ltr'><strong>quos</strong></span> <span class='ocrx_word' id='word_1_60' title='bbox 926 1076 1041 1144; x_wconf 84' lang='lat' dir='ltr'><strong>ipse</strong></span> <span class='ocrx_word' id='word_1_61' title='bbox 1067 1076 1244 1139; x_wconf 86' lang='lat' dir='ltr'><strong>novit,</strong></span> <span class='ocrx_word' id='word_1_62' title='bbox 1275 1075 1474 1140; x_wconf 83' lang='lat' dir='ltr'><strong>modis,</strong></span> <span class='ocrx_word' id='word_1_63' title='bbox 1509 1091 1608 1131; x_wconf 86' lang='lat' dir='ltr'><strong>seu</strong></span> <span class='ocrx_word' id='word_1_64' title='bbox 1647 1077 1796 1147; x_wconf 90' lang='lat' dir='ltr'><strong>quod</strong></span> <span class='ocrx_word' id='word_1_65' title='bbox 1826 1077 2114 1132; x_wconf 80' lang='lat' dir='ltr'><strong>hominum</strong></span> <span class='ocrx_word' id='word_1_66' title='bbox 2137 1091 2337 1132; x_wconf 83' lang='lat' dir='ltr'><strong>manus</strong></span> 
     </span>
    </p>
   </div>
   <div class='ocr_carea' id='block_1_12' title="bbox 751 1164 1210 1219">
    <p class='ocr_par' dir='ltr' id='par_1_12' title="bbox 751 1164 1210 1219">
     <span class='ocr_line' id='line_1_12' title="bbox 751 1164 1210 1219; baseline -0.015 0"><span class='ocrx_word' id='word_1_67' title='bbox 751 1166 806 1219; x_wconf 90' lang='lat' dir='ltr'><strong>id</strong></span> <span class='ocrx_word' id='word_1_68' title='bbox 835 1164 1210 1218; x_wconf 88' lang='lat' dir='ltr'><strong>sustulissent.</strong></span> 
     </span>
    </p>
   </div>
   <div class='ocr_carea' id='block_1_13' title="bbox 823 1253 2333 1313">
    <p class='ocr_par' dir='ltr' id='par_1_13' title="bbox 823 1253 2333 1313">
     <span class='ocr_line' id='line_1_13' title="bbox 823 1253 2333 1313; baseline 0.001 -2"><span class='ocrx_word' id='word_1_69' title='bbox 823 1255 1063 1312; x_wconf 68' lang='lat' dir='ltr'><strong>XXVI&quot;.</strong></span> <span class='ocrx_word' id='word_1_70' title='bbox 1097 1253 1490 1310; x_wconf 80' lang='lat' dir='ltr'><strong>Venerandum</strong></span> <span class='ocrx_word' id='word_1_71' title='bbox 1541 1263 1727 1308; x_wconf 89' lang='lat' dir='ltr'><strong>autem</strong></span> <span class='ocrx_word' id='word_1_72' title='bbox 1771 1253 2073 1309; x_wconf 65' lang='lat' dir='ltr'><strong>Eithalam</strong></span> <span class='ocrx_word' id='word_1_73' title='bbox 2115 1271 2242 1312; x_wconf 91' lang='lat' dir='ltr'><strong>cum</strong></span> <span class='ocrx_word' id='word_1_74' title='bbox 2276 1256 2333 1313; x_wconf 90' lang='lat' dir='ltr'><strong>in</strong></span> 
     </span>
    </p>
   </div>
   <div class='ocr_carea' id='block_1_14' title="bbox 749 1345 2336 1416">
    <p class='ocr_par' dir='ltr' id='par_1_14' title="bbox 749 1345 2336 1416">
     <span class='ocr_line' id='line_1_14' title="bbox 749 1345 2336 1416; baseline 0 -13"><span class='ocrx_word' id='word_1_75' title='bbox 749 1350 960 1411; x_wconf 71' lang='lat' dir='ltr'><strong>vicum,</strong></span> <span class='ocrx_word' id='word_1_76' title='bbox 993 1347 1087 1416; x_wconf 83' lang='lat' dir='ltr'><strong>qui</strong></span> <span class='ocrx_word' id='word_1_77' title='bbox 1117 1348 1324 1405; x_wconf 88' lang='lat' dir='ltr'><strong>dicitur</strong></span> <span class='ocrx_word' id='word_1_78' title='bbox 1381 1346 1616 1412; x_wconf 82' lang='lat' dir='ltr'><strong>Patrias,</strong></span> <span class='ocrx_word' id='word_1_79' title='bbox 1649 1345 2034 1412; x_wconf 77' lang='lat' dir='ltr'><strong>abduxissent,</strong></span> <span class='ocrx_word' id='word_1_80' title='bbox 2087 1347 2336 1404; x_wconf 80' lang='lat' dir='ltr'><strong>efﬁciunt</strong></span> 
     </span>
    </p>
   </div>
   <div class='ocr_carea' id='block_1_15' title="bbox 751 1439 2332 1510">
    <p class='ocr_par' dir='ltr' id='par_1_15' title="bbox 751 1439 2332 1510">
     <span class='ocr_line' id='line_1_15' title="bbox 751 1439 2332 1510; baseline -0.001 -13"><span class='ocrx_word' id='word_1_81' title='bbox 751 1453 807 1498; x_wconf 93' lang='lat' dir='ltr'><strong>ut</strong></span> <span class='ocrx_word' id='word_1_82' title='bbox 835 1441 1280 1496; x_wconf 82' lang='lat' dir='ltr'><strong>Christianorum</strong></span> <span class='ocrx_word' id='word_1_83' title='bbox 1325 1439 1586 1495; x_wconf 86' lang='lat' dir='ltr'><strong>manibus</strong></span> <span class='ocrx_word' id='word_1_84' title='bbox 1618 1439 1737 1509; x_wconf 82' lang='lat' dir='ltr'><strong>ipse</strong></span> <span class='ocrx_word' id='word_1_85' title='bbox 1773 1455 1998 1510; x_wconf 87' lang='lat' dir='ltr'><strong>quoque</strong></span> <span class='ocrx_word' id='word_1_86' title='bbox 2056 1441 2332 1496; x_wconf 86' lang='lat' dir='ltr'><strong>obruatur</strong></span> 
     </span>
    </p>
   </div>
   <div class='ocr_carea' id='block_1_16' title="bbox 750 1533 2328 1603">
    <p class='ocr_par' dir='ltr' id='par_1_16' title="bbox 750 1533 2328 1603">
     <span class='ocr_line' id='line_1_16' title="bbox 750 1533 2328 1603; baseline 0.001 -14"><span class='ocrx_word' id='word_1_87' title='bbox 750 1533 1052 1603; x_wconf 70' lang='lat' dir='ltr'><strong>lapidibus.</strong></span> <span class='ocrx_word' id='word_1_88' title='bbox 1110 1533 1280 1603; x_wconf 88' lang='lat' dir='ltr'><strong>Cujus</strong></span> <span class='ocrx_word' id='word_1_89' title='bbox 1315 1547 1529 1603; x_wconf 84' lang='lat' dir='ltr'><strong>corpus</strong></span> <span class='ocrx_word' id='word_1_90' title='bbox 1576 1534 1830 1588; x_wconf 83' lang='lat' dir='ltr'><strong>monachi</strong></span> <span class='ocrx_word' id='word_1_91' title='bbox 1883 1535 2111 1603; x_wconf 72' lang='lat' dir='ltr'><strong>quidam</strong></span> <span class='ocrx_word' id='word_1_92' title='bbox 2152 1550 2220 1590; x_wconf 80' lang='lat' dir='ltr'><strong>es</strong></span> <span class='ocrx_word' id='word_1_93' title='bbox 2258 1536 2328 1592; x_wconf 86' lang='lat' dir='ltr'><strong>iis</strong></span> 
     </span>
    </p>
   </div>
   <div class='ocr_carea' id='block_1_17' title="bbox 749 1622 2326 1694">
    <p class='ocr_par' dir='ltr' id='par_1_17' title="bbox 749 1622 2326 1694">
     <span class='ocr_line' id='line_1_17' title="bbox 749 1622 2326 1694; baseline 0.001 -17"><span class='ocrx_word' id='word_1_94' title='bbox 749 1623 841 1694; x_wconf 85' lang='lat' dir='ltr'><strong>qui</strong></span> <span class='ocrx_word' id='word_1_95' title='bbox 868 1623 982 1678; x_wconf 92' lang='lat' dir='ltr'><strong>illic</strong></span> <span class='ocrx_word' id='word_1_96' title='bbox 1015 1623 1366 1688; x_wconf 74' lang='lat' dir='ltr'><strong>habitabant,</strong></span> <span class='ocrx_word' id='word_1_97' title='bbox 1399 1633 1568 1677; x_wconf 87' lang='lat' dir='ltr'><strong>noctu</strong></span> <span class='ocrx_word' id='word_1_98' title='bbox 1599 1622 1984 1688; x_wconf 80' lang='lat' dir='ltr'><strong>advenientes,</strong></span> <span class='ocrx_word' id='word_1_99' title='bbox 2037 1623 2326 1679; x_wconf 83' lang='lat' dir='ltr'><strong>inscienti-</strong></span> 
     </span>
    </p>
   </div>
   <div class='ocr_carea' id='block_1_18' title="bbox 751 1714 2329 1779">
    <p class='ocr_par' dir='ltr' id='par_1_18' title="bbox 751 1714 2329 1779">
     <span class='ocr_line' id='line_1_18' title="bbox 751 1714 2329 1779; baseline 0.001 -9"><span class='ocrx_word' id='word_1_100' title='bbox 751 1717 856 1770; x_wconf 90' lang='lat' dir='ltr'><strong>bus</strong></span> <span class='ocrx_word' id='word_1_101' title='bbox 885 1715 1218 1772; x_wconf 81' lang='lat' dir='ltr'><strong>custodibus</strong></span> <span class='ocrx_word' id='word_1_102' title='bbox 1253 1714 1306 1768; x_wconf 91' lang='lat' dir='ltr'><strong>id</strong></span> <span class='ocrx_word' id='word_1_103' title='bbox 1339 1714 1623 1779; x_wconf 70' lang='lat' dir='ltr'><strong>auferunt,</strong></span> <span class='ocrx_word' id='word_1_104' title='bbox 1659 1730 1855 1771; x_wconf 78' lang='lat' dir='ltr'><strong>revera</strong></span> <span class='ocrx_word' id='word_1_105' title='bbox 1895 1715 2329 1772; x_wconf 86' lang='lat' dir='ltr'><strong>furtumlauda-</strong></span> 
     </span>
    </p>
   </div>
   <div class='ocr_carea' id='block_1_19' title="bbox 749 1807 2326 1872">
    <p class='ocr_par' dir='ltr' id='par_1_19' title="bbox 749 1807 2326 1872">
     <span class='ocr_line' id='line_1_19' title="bbox 749 1807 2326 1872; baseline 0.001 -8"><span class='ocrx_word' id='word_1_106' title='bbox 749 1810 861 1864; x_wconf 83' lang='lat' dir='ltr'><strong>bile</strong></span> <span class='ocrx_word' id='word_1_107' title='bbox 893 1809 1193 1872; x_wconf 81' lang='lat' dir='ltr'><strong>facientes,</strong></span> <span class='ocrx_word' id='word_1_108' title='bbox 1215 1815 1273 1862; x_wconf 92' lang='lat' dir='ltr'><strong>ct</strong></span> <span class='ocrx_word' id='word_1_109' title='bbox 1317 1823 1432 1862; x_wconf 85' lang='lat' dir='ltr'><strong>rem</strong></span> <span class='ocrx_word' id='word_1_110' title='bbox 1463 1807 1587 1862; x_wconf 89' lang='lat' dir='ltr'><strong>luce</strong></span> <span class='ocrx_word' id='word_1_111' title='bbox 1620 1809 1862 1872; x_wconf 75' lang='lat' dir='ltr'><strong>dignam,</strong></span> <span class='ocrx_word' id='word_1_112' title='bbox 1896 1823 2009 1862; x_wconf 89' lang='lat' dir='ltr'><strong>non</strong></span> <span class='ocrx_word' id='word_1_113' title='bbox 2061 1808 2326 1865; x_wconf 87' lang='lat' dir='ltr'><strong>tenebris.</strong></span> 
     </span>
    </p>
   </div>
   <div class='ocr_carea' id='block_1_20' title="bbox 2437 610 4044 685">
    <p class='ocr_par' dir='ltr' id='par_1_20' title="bbox 2437 610 4044 685">
     <span class='ocr_line' id='line_1_20' title="bbox 2437 610 4044 685; baseline 0.004 -21"><span class='ocrx_word' id='word_1_114' title='bbox 2437 613 2637 682; x_wconf 75' lang='grc' dir='ltr'><strong>τιφροῖ</strong></span> <span class='ocrx_word' id='word_1_115' title='bbox 2678 610 2783 680; x_wconf 74' lang='grc' dir='ltr'><strong>μὲν</strong></span> <span class='ocrx_word' id='word_1_116' title='bbox 2811 614 2941 673; x_wconf 81' lang='grc' dir='ltr'><strong>τοὺς</strong></span> <span class='ocrx_word' id='word_1_117' title='bbox 2991 611 3273 681; x_wconf 80' lang='grc' dir='ltr'><strong>φύλακας,</strong></span> <span class='ocrx_word' id='word_1_118' title='bbox 3307 611 3404 667; x_wconf 81' lang='grc' dir='ltr'><strong>τδν</strong></span> <span class='ocrx_word' id='word_1_119' title='bbox 3430 615 3610 685; x_wconf 76' lang='grc' dir='ltr'><strong>σωρὸν</strong></span> <span class='ocrx_word' id='word_1_120' title='bbox 3641 615 3698 668; x_wconf 76' lang='grc' dir='ltr'><strong>δι</strong></span> <span class='ocrx_word' id='word_1_121' title='bbox 3725 615 3837 668; x_wconf 83' lang='grc' dir='ltr'><strong>τῶν</strong></span> <span class='ocrx_word' id='word_1_122' title='bbox 3865 616 4044 670; x_wconf 76' lang='grc' dir='ltr'><strong>λίθων</strong></span> 
     </span>
    </p>
   </div>
   <div class='ocr_carea' id='block_1_21' title="bbox 2437 696 4044 778">
    <p class='ocr_par' dir='ltr' id='par_1_21' title="bbox 2437 696 4044 778">
     <span class='ocr_line' id='line_1_21' title="bbox 2437 696 4044 778; baseline 0.002 -22"><span class='ocrx_word' id='word_1_123' title='bbox 2437 696 2529 757; x_wconf 78' lang='grc' dir='ltr'><strong>οἷά</strong></span> <span class='ocrx_word' id='word_1_124' title='bbox 2573 720 2699 757; x_wconf 88' lang='grc' dir='ltr'><strong>τινα</strong></span> <span class='ocrx_word' id='word_1_125' title='bbox 2740 702 2872 773; x_wconf 85' lang='grc' dir='ltr'><strong>χοῦν</strong></span> <span class='ocrx_word' id='word_1_126' title='bbox 2909 704 3138 776; x_wconf 75' lang='grc' dir='ltr'><strong>ικφοριῐ</strong></span> <span class='ocrx_word' id='word_1_127' title='bbox 3181 705 3282 775; x_wconf 77' lang='grc' dir='ltr'><strong>τὴν</strong></span> <span class='ocrx_word' id='word_1_128' title='bbox 3328 705 3426 760; x_wconf 71' lang='grc' dir='ltr'><strong>ἐπὶ</strong></span> <span class='ocrx_word' id='word_1_129' title='bbox 3473 705 3555 776; x_wconf 82' lang='grc' dir='ltr'><strong>τῷ</strong></span> <span class='ocrx_word' id='word_1_130' title='bbox 3590 704 3829 778; x_wconf 78' lang='grc' dir='ltr'><strong>μάρτυρι</strong></span> <span class='ocrx_word' id='word_1_131' title='bbox 3865 709 4044 776; x_wconf 73' lang='grc' dir='ltr'><strong>τιμὴν</strong></span> 
     </span>
    </p>
   </div>
   <div class='ocr_carea' id='block_1_22' title="bbox 2436 786 4042 868">
    <p class='ocr_par' dir='ltr' id='par_1_22' title="bbox 2436 786 4042 868">
     <span class='ocr_line' id='line_1_22' title="bbox 2436 786 4042 868; baseline 0.003 -20"><span class='ocrx_word' id='word_1_132' title='bbox 2436 795 2533 848; x_wconf 87' lang='grc' dir='ltr'><strong>τοῦ</strong></span> <span class='ocrx_word' id='word_1_133' title='bbox 2566 794 2703 848; x_wconf 85' lang='grc' dir='ltr'><strong>Θεοῦ</strong></span> <span class='ocrx_word' id='word_1_134' title='bbox 2743 797 2991 867; x_wconf 77' lang='grc' dir='ltr'><strong>φανερὰν</strong></span> <span class='ocrx_word' id='word_1_135' title='bbox 3045 798 3182 851; x_wconf 78' lang='grc' dir='ltr'><strong>πᾶσι</strong></span> <span class='ocrx_word' id='word_1_136' title='bbox 3219 786 3612 860; x_wconf 77' lang='grc' dir='ltr'><strong>καθιστῶντοςο</strong></span> <span class='ocrx_word' id='word_1_137' title='bbox 3667 798 3729 852; x_wconf 84' lang='grc' dir='ltr'><strong>τδ</strong></span> <span class='ocrx_word' id='word_1_138' title='bbox 3759 799 3932 868; x_wconf 84' lang='grc' dir='ltr'><strong>σῶμα</strong></span> <span class='ocrx_word' id='word_1_139' title='bbox 3987 800 4042 854; x_wconf 71' lang='grc' dir='ltr'><strong>δδ</strong></span> 
     </span>
    </p>
   </div>
   <div class='ocr_carea' id='block_1_23' title="bbox 2440 885 4043 962">
    <p class='ocr_par' dir='ltr' id='par_1_23' title="bbox 2440 885 4043 962">
     <span class='ocr_line' id='line_1_23' title="bbox 2440 885 4043 962; baseline 0 -20"><span class='ocrx_word' id='word_1_140' title='bbox 2440 889 2649 957; x_wconf 70' lang='grc' dir='ltr'><strong>ἀφανὲς</strong></span> <span class='ocrx_word' id='word_1_141' title='bbox 2672 888 2912 956; x_wconf 76' lang='grc' dir='ltr'><strong>γίνεται,</strong></span> <span class='ocrx_word' id='word_1_142' title='bbox 2944 888 3054 942; x_wconf 79' lang='grc' dir='ltr'><strong>ιῐτε</strong></span> <span class='ocrx_word' id='word_1_143' title='bbox 3079 888 3175 942; x_wconf 91' lang='grc' dir='ltr'><strong>τοῦ</strong></span> <span class='ocrx_word' id='word_1_144' title='bbox 3203 889 3339 944; x_wconf 85' lang='grc' dir='ltr'><strong>Θεοῦ</strong></span> <span class='ocrx_word' id='word_1_145' title='bbox 3366 887 3526 944; x_wconf 88' lang='grc' dir='ltr'><strong>τοῦτό</strong></span> <span class='ocrx_word' id='word_1_146' title='bbox 3552 886 3636 955; x_wconf 77' lang='grc' dir='ltr'><strong>οἷς</strong></span> <span class='ocrx_word' id='word_1_147' title='bbox 3664 885 3775 944; x_wconf 80' lang='grc' dir='ltr'><strong>οῐδε</strong></span> <span class='ocrx_word' id='word_1_148' title='bbox 3808 891 4043 962; x_wconf 74' lang='grc' dir='ltr'><strong>τρόποις</strong></span> 
     </span>
    </p>
   </div>
   <div class='ocr_carea' id='block_1_24' title="bbox 2441 980 4039 1055">
    <p class='ocr_par' dir='ltr' id='par_1_24' title="bbox 2441 980 4039 1055">
     <span class='ocr_line' id='line_1_24' title="bbox 2441 980 4039 1055; baseline 0.003 -22"><span class='ocrx_word' id='word_1_149' title='bbox 2441 980 2764 1051; x_wconf 71' lang='grc' dir='ltr'><strong>μεταθεῖναι</strong></span> <span class='ocrx_word' id='word_1_150' title='bbox 2793 981 3286 1053; x_wconf 75' lang='grc' dir='ltr'><strong>οἱκονομήσαντος,</strong></span> <span class='ocrx_word' id='word_1_151' title='bbox 3313 983 3427 1037; x_wconf 79' lang='grc' dir='ltr'><strong>εῐτι</strong></span> <span class='ocrx_word' id='word_1_152' title='bbox 3459 983 3822 1055; x_wconf 71' lang='grc' dir='ltr'><strong>ἀνθρωπίνων</strong></span> <span class='ocrx_word' id='word_1_153' title='bbox 3843 985 4039 1038; x_wconf 72' lang='grc' dir='ltr'><strong>ἀνελο-</strong></span> 
     </span>
    </p>
   </div>
   <div class='ocr_carea' id='block_1_25' title="bbox 2439 1071 2889 1144">
    <p class='ocr_par' dir='ltr' id='par_1_25' title="bbox 2439 1071 2889 1144">
     <span class='ocr_line' id='line_1_25' title="bbox 2439 1071 2889 1144; baseline 0.004 -18"><span class='ocrx_word' id='word_1_154' title='bbox 2439 1071 2621 1144; x_wconf 86' lang='grc' dir='ltr'><strong>μένων</strong></span> <span class='ocrx_word' id='word_1_155' title='bbox 2661 1071 2889 1144; x_wconf 79' lang='grc' dir='ltr'><strong>χειρῶν.</strong></span> 
     </span>
    </p>
   </div>
   <div class='ocr_carea' id='block_1_26' title="bbox 2505 1250 4039 1322">
    <p class='ocr_par' dir='ltr' id='par_1_26' title="bbox 2505 1250 4039 1322">
     <span class='ocr_line' id='line_1_26' title="bbox 2505 1250 4039 1322; baseline 0.003 -19"><span class='ocrx_word' id='word_1_156' title='bbox 2505 1250 2644 1304; x_wconf 69' lang='grc' dir='ltr'><strong>κε’.</strong></span> <span class='ocrx_word' id='word_1_157' title='bbox 2684 1250 2973 1305; x_wconf 71' lang='grc' dir='ltr'><strong>’Δσιθαλᾶν</strong></span> <span class='ocrx_word' id='word_1_158' title='bbox 2999 1251 3058 1306; x_wconf 71' lang='grc' dir='ltr'><strong>δδ</strong></span> <span class='ocrx_word' id='word_1_159' title='bbox 3083 1252 3176 1306; x_wconf 81' lang='grc' dir='ltr'><strong>τδν</strong></span> <span class='ocrx_word' id='word_1_160' title='bbox 3209 1252 3554 1322; x_wconf 78' lang='grc' dir='ltr'><strong>τιμιώτατον</strong></span> <span class='ocrx_word' id='word_1_161' title='bbox 3580 1253 3661 1316; x_wconf 84' lang='grc' dir='ltr'><strong>είς</strong></span> <span class='ocrx_word' id='word_1_162' title='bbox 3687 1250 3889 1322; x_wconf 84' lang='grc' dir='ltr'><strong>κώμην</strong></span> <span class='ocrx_word' id='word_1_163' title='bbox 3920 1253 4039 1308; x_wconf 81' lang='grc' dir='ltr'><strong>Πα-</strong></span> 
     </span>
    </p>
   </div>
   <div class='ocr_carea' id='block_1_27' title="bbox 2439 1342 4070 1416">
    <p class='ocr_par' dir='ltr' id='par_1_27' title="bbox 2439 1342 4070 1416">
     <span class='ocr_line' id='line_1_27' title="bbox 2439 1342 4070 1416; baseline 0.002 -22"><span class='ocrx_word' id='word_1_164' title='bbox 2439 1342 2603 1412; x_wconf 76' lang='grc' dir='ltr'><strong>τριάς</strong></span> <span class='ocrx_word' id='word_1_165' title='bbox 2650 1342 3001 1414; x_wconf 73' lang='grc' dir='ltr'><strong>καλουμένην</strong></span> <span class='ocrx_word' id='word_1_166' title='bbox 3052 1345 3438 1415; x_wconf 75' lang='grc' dir='ltr'><strong>ἀπαγαγόντες</strong></span> <span class='ocrx_word' id='word_1_167' title='bbox 3465 1345 3822 1416; x_wconf 77' lang='grc' dir='ltr'><strong>Χριστιανῶν</strong></span> <span class='ocrx_word' id='word_1_168' title='bbox 3869 1347 4070 1416; x_wconf 31' lang='grc' dir='ltr'><strong>χερσὶν</strong></span> 
     </span>
    </p>
   </div>
   <div class='ocr_carea' id='block_1_28' title="bbox 2437 1431 4036 1514">
    <p class='ocr_par' dir='ltr' id='par_1_28' title="bbox 2437 1431 4036 1514">
     <span class='ocr_line' id='line_1_28' title="bbox 2437 1431 4036 1514; baseline 0.001 -27"><span class='ocrx_word' id='word_1_169' title='bbox 2437 1433 2537 1487; x_wconf 76' lang='grc' dir='ltr'><strong>καὶ</strong></span> <span class='ocrx_word' id='word_1_170' title='bbox 2569 1434 2736 1488; x_wconf 77' lang='grc' dir='ltr'><strong>αὐτὸν</strong></span> <span class='ocrx_word' id='word_1_171' title='bbox 2767 1436 3204 1507; x_wconf 67' lang='grc' dir='ltr'><strong>καταλευσθῆναι</strong></span> <span class='ocrx_word' id='word_1_172' title='bbox 3261 1437 3784 1514; x_wconf 77' lang='grc' dir='ltr'><strong>παρασκευάζουσιν</strong></span> <span class='ocrx_word' id='word_1_173' title='bbox 3807 1453 3822 1467; x_wconf 84' lang='grc'><strong>·</strong></span> <span class='ocrx_word' id='word_1_174' title='bbox 3873 1431 3942 1491; x_wconf 74' lang='grc' dir='ltr'><strong>οὖ</strong></span> <span class='ocrx_word' id='word_1_175' title='bbox 3975 1437 4036 1489; x_wconf 77' lang='grc' dir='ltr'><strong>τὸ</strong></span> 
     </span>
    </p>
   </div>
   <div class='ocr_carea' id='block_1_29' title="bbox 2437 1525 4034 1599">
    <p class='ocr_par' dir='ltr' id='par_1_29' title="bbox 2437 1525 4034 1599">
     <span class='ocr_line' id='line_1_29' title="bbox 2437 1525 4034 1599; baseline 0.001 -19"><span class='ocrx_word' id='word_1_176' title='bbox 2437 1525 2602 1596; x_wconf 81' lang='grc' dir='ltr'><strong>σῶμα</strong></span> <span class='ocrx_word' id='word_1_177' title='bbox 2633 1529 2864 1599; x_wconf 81' lang='grc' dir='ltr'><strong>μοναχοί</strong></span> <span class='ocrx_word' id='word_1_178' title='bbox 2905 1546 3055 1592; x_wconf 75' lang='grc' dir='ltr'><strong>τινες</strong></span> <span class='ocrx_word' id='word_1_179' title='bbox 3087 1529 3206 1583; x_wconf 77' lang='grc' dir='ltr'><strong>τῶν</strong></span> <span class='ocrx_word' id='word_1_180' title='bbox 3229 1530 3357 1583; x_wconf 58' lang='lat' dir='ltr'><strong>dies!</strong></span> <span class='ocrx_word' id='word_1_181' title='bbox 3392 1530 3799 1584; x_wconf 76' lang='grc' dir='ltr'><strong>κατοικούντων</strong></span> <span class='ocrx_word' id='word_1_182' title='bbox 3829 1531 4034 1591; x_wconf 76' lang='grc' dir='ltr'><strong>νυκτὸς</strong></span> 
     </span>
    </p>
   </div>
   <div class='ocr_carea' id='block_1_30' title="bbox 2436 1618 4031 1692">
    <p class='ocr_par' dir='ltr' id='par_1_30' title="bbox 2436 1618 4031 1692">
     <span class='ocr_line' id='line_1_30' title="bbox 2436 1618 4031 1692; baseline 0.001 -21"><span class='ocrx_word' id='word_1_183' title='bbox 2436 1618 2756 1684; x_wconf 68' lang='grc' dir='ltr'><strong>δπελθόντας</strong></span> <span class='ocrx_word' id='word_1_184' title='bbox 2783 1621 2878 1674; x_wconf 78' lang='grc' dir='ltr'><strong>καὶ</strong></span> <span class='ocrx_word' id='word_1_185' title='bbox 2897 1620 3251 1686; x_wconf 72' lang='grc' dir='ltr'><strong>διαλαθόντας</strong></span> <span class='ocrx_word' id='word_1_186' title='bbox 3281 1622 3411 1685; x_wconf 81' lang='grc' dir='ltr'><strong>τοὺς</strong></span> <span class='ocrx_word' id='word_1_187' title='bbox 3431 1623 3684 1691; x_wconf 79' lang='grc' dir='ltr'><strong>φύλακας</strong></span> <span class='ocrx_word' id='word_1_188' title='bbox 3710 1622 4031 1692; x_wconf 73' lang='grc' dir='ltr'><strong>ὑφαιροῦσι,</strong></span> 
     </span>
    </p>
   </div>
   <div class='ocr_carea' id='block_1_31' title="bbox 2444 1709 4036 1784">
    <p class='ocr_par' dir='ltr' id='par_1_31' title="bbox 2444 1709 4036 1784">
     <span class='ocr_line' id='line_1_31' title="bbox 2444 1709 4036 1784; baseline 0.002 -21"><span class='ocrx_word' id='word_1_189' title='bbox 2444 1709 2671 1780; x_wconf 71' lang='grc' dir='ltr'><strong>κλέμμα</strong></span> <span class='ocrx_word' id='word_1_190' title='bbox 2699 1710 2873 1772; x_wconf 73' lang='grc' dir='ltr'><strong>ὄντως</strong></span> <span class='ocrx_word' id='word_1_191' title='bbox 2895 1712 3190 1765; x_wconf 73' lang='grc' dir='ltr'><strong>ίπαινετδν</strong></span> <span class='ocrx_word' id='word_1_192' title='bbox 3233 1713 3611 1784; x_wconf 67' lang='grc' dir='ltr'><strong>ἐργασάμενοι</strong></span> <span class='ocrx_word' id='word_1_193' title='bbox 3663 1714 3759 1768; x_wconf 74' lang='grc' dir='ltr'><strong>καὶ</strong></span> <span class='ocrx_word' id='word_1_194' title='bbox 3791 1715 4036 1784; x_wconf 75' lang='grc' dir='ltr'><strong>πρᾶγμα</strong></span> 
     </span>
    </p>
   </div>
   <div class='ocr_carea' id='block_1_32' title="bbox 2437 1801 4034 1874">
    <p class='ocr_par' dir='ltr' id='par_1_32' title="bbox 2437 1801 4034 1874">
     <span class='ocr_line' id='line_1_32' title="bbox 2437 1801 4034 1874; baseline 0.001 -18"><span class='ocrx_word' id='word_1_195' title='bbox 2437 1802 2500 1856; x_wconf 87' lang='grc' dir='ltr'><strong>οὐ</strong></span> <span class='ocrx_word' id='word_1_196' title='bbox 2523 1803 2790 1867; x_wconf 75' lang='grc' dir='ltr'><strong>σκότους,</strong></span> <span class='ocrx_word' id='word_1_197' title='bbox 2837 1803 2976 1857; x_wconf 75' lang='grc' dir='ltr'><strong>ἀλλὰ</strong></span> <span class='ocrx_word' id='word_1_198' title='bbox 3008 1805 3188 1874; x_wconf 75' lang='grc' dir='ltr'><strong>φωτὸς</strong></span> <span class='ocrx_word' id='word_1_199' title='bbox 3242 1806 3417 1869; x_wconf 75' lang='grc' dir='ltr'><strong>ἄξιον.</strong></span> <span class='ocrx_word' id='word_1_200' title='bbox 3469 1801 3605 1859; x_wconf 63' lang='lat' dir='ltr'><strong>Ehe</strong></span> <span class='ocrx_word' id='word_1_201' title='bbox 3649 1808 3742 1859; x_wconf 72' lang='grc' dir='ltr'><strong>καὶ</strong></span> <span class='ocrx_word' id='word_1_202' title='bbox 3767 1807 3838 1858; x_wconf 81' lang='grc' dir='ltr'><strong>τὰ</strong></span> <span class='ocrx_word' id='word_1_203' title='bbox 3887 1823 4034 1858; x_wconf 77' lang='grc' dir='ltr'><strong>νενο-</strong></span> 
     </span>
    </p>
   </div>
   <div class='ocr_carea' id='block_1_33' title="bbox 750 1873 2425 1971">
    <p class='ocr_par' dir='ltr' id='par_1_33' title="bbox 750 1873 2410 1971">
     <span class='ocr_line' id='line_1_33' title="bbox 750 1873 2410 1971; baseline 0 -15"><span class='ocrx_word' id='word_1_204' title='bbox 750 1901 960 1956; x_wconf 83' lang='lat' dir='ltr'><strong>Deinde</strong></span> <span class='ocrx_word' id='word_1_205' title='bbox 983 1916 1108 1954; x_wconf 89' lang='lat' dir='ltr'><strong>cum</strong></span> <span class='ocrx_word' id='word_1_206' title='bbox 1139 1899 1190 1954; x_wconf 90' lang='lat' dir='ltr'><strong>ei</strong></span> <span class='ocrx_word' id='word_1_207' title='bbox 1211 1900 1358 1970; x_wconf 86' lang='lat' dir='ltr'><strong>justa</strong></span> <span class='ocrx_word' id='word_1_208' title='bbox 1384 1899 1667 1966; x_wconf 76' lang='lat' dir='ltr'><strong>fecissent,</strong></span> <span class='ocrx_word' id='word_1_209' title='bbox 1699 1901 1985 1970; x_wconf 89' lang='lat' dir='ltr'><strong>deponunt</strong></span> <span class='ocrx_word' id='word_1_210' title='bbox 2010 1901 2062 1955; x_wconf 90' lang='lat' dir='ltr'><strong>in</strong></span> <span class='ocrx_word' id='word_1_211' title='bbox 2089 1901 2328 1971; x_wconf 87' lang='lat' dir='ltr'><strong>quodam</strong></span> <span class='ocrx_word' id='word_1_212' title='bbox 2360 1873 2410 1932; x_wconf 72' lang='grc' dir='ltr'><strong>Β</strong></span> 
     </span>
    </p>
   </div>
   <div class='ocr_carea' id='block_1_34' title="bbox 2356 1873 4031 1971">
    <p class='ocr_par' dir='ltr' id='par_1_34' title="bbox 2360 1873 4031 1968">
     <span class='ocr_line' id='line_1_34' title="bbox 2360 1873 4031 1968; baseline 0.002 -21"><span class='ocrx_word' id='word_1_213' title='bbox 2360 1873 2410 1932; x_wconf 75' lang='grc' dir='ltr'><strong>Β</strong></span> <span class='ocrx_word' id='word_1_214' title='bbox 2440 1894 2684 1965; x_wconf 73' lang='grc' dir='ltr'><strong>μισμίνα</strong></span> <span class='ocrx_word' id='word_1_215' title='bbox 2731 1873 3034 1966; x_wconf 78' lang='grc' dir='ltr'><strong>δράσαντες</strong></span> <span class='ocrx_word' id='word_1_216' title='bbox 3088 1897 3177 1951; x_wconf 65' lang='grc' dir='ltr'><strong>ἐπ’</strong></span> <span class='ocrx_word' id='word_1_217' title='bbox 3221 1897 3370 1968; x_wconf 83' lang='grc' dir='ltr'><strong>αὐτῷ</strong></span> <span class='ocrx_word' id='word_1_218' title='bbox 3433 1898 3493 1950; x_wconf 73' lang='grc' dir='ltr'><strong>ιν</strong></span> <span class='ocrx_word' id='word_1_219' title='bbox 3539 1899 3694 1968; x_wconf 82' lang='grc' dir='ltr'><strong>τόπῳ</strong></span> <span class='ocrx_word' id='word_1_220' title='bbox 3755 1897 3869 1951; x_wconf 80' lang='grc' dir='ltr'><strong>τινὶ</strong></span> <span class='ocrx_word' id='word_1_221' title='bbox 3924 1897 4031 1950; x_wconf 81' lang='grc' dir='ltr'><strong>τῶν</strong></span> 
     </span>
    </p>
   </div>
   <div class='ocr_carea' id='block_1_35' title="bbox 748 1990 2330 2065">
    <p class='ocr_par' dir='ltr' id='par_1_35' title="bbox 748 1990 2330 2065">
     <span class='ocr_line' id='line_1_35' title="bbox 748 1990 2330 2065; baseline 0.001 -18"><span class='ocrx_word' id='word_1_222' title='bbox 748 1993 872 2048; x_wconf 91' lang='lat' dir='ltr'><strong>loco</strong></span> <span class='ocrx_word' id='word_1_223' title='bbox 902 1992 1125 2059; x_wconf 76' lang='lat' dir='ltr'><strong>insigni.</strong></span> <span class='ocrx_word' id='word_1_224' title='bbox 1158 1990 1282 2058; x_wconf 86' lang='lat' dir='ltr'><strong>Quo</strong></span> <span class='ocrx_word' id='word_1_225' title='bbox 1315 2001 1498 2046; x_wconf 89' lang='lat' dir='ltr'><strong>autem</strong></span> <span class='ocrx_word' id='word_1_226' title='bbox 1553 1991 1609 2046; x_wconf 91' lang='lat' dir='ltr'><strong>in</strong></span> <span class='ocrx_word' id='word_1_227' title='bbox 1652 1992 1772 2047; x_wconf 91' lang='lat' dir='ltr'><strong>loco</strong></span> <span class='ocrx_word' id='word_1_228' title='bbox 1811 2003 2060 2047; x_wconf 83' lang='lat' dir='ltr'><strong>sanctum</strong></span> <span class='ocrx_word' id='word_1_229' title='bbox 2098 1994 2330 2065; x_wconf 74' lang='lat' dir='ltr'><strong>contigit</strong></span> 
     </span>
    </p>
   </div>
   <div class='ocr_carea' id='block_1_36' title="bbox 751 2083 2328 2157">
    <p class='ocr_par' dir='ltr' id='par_1_36' title="bbox 751 2083 2328 2157">
     <span class='ocr_line' id='line_1_36' title="bbox 751 2083 2328 2157; baseline 0.003 -18"><span class='ocrx_word' id='word_1_230' title='bbox 751 2084 1014 2146; x_wconf 80' lang='lat' dir='ltr'><strong>interimi,</strong></span> <span class='ocrx_word' id='word_1_231' title='bbox 1041 2083 1171 2140; x_wconf 87' lang='lat' dir='ltr'><strong>facit</strong></span> <span class='ocrx_word' id='word_1_232' title='bbox 1205 2085 1348 2140; x_wconf 83' lang='lat' dir='ltr'><strong>Deus</strong></span> <span class='ocrx_word' id='word_1_233' title='bbox 1371 2085 1771 2141; x_wconf 86' lang='lat' dir='ltr'><strong>admirabiliter</strong></span> <span class='ocrx_word' id='word_1_234' title='bbox 1785 2086 2072 2156; x_wconf 87' lang='lat' dir='ltr'><strong>quiddam,</strong></span> <span class='ocrx_word' id='word_1_235' title='bbox 2102 2088 2328 2157; x_wconf 84' lang='lat' dir='ltr'><strong>dignum</strong></span> 
     </span>
    </p>
   </div>
   <div class='ocr_carea' id='block_1_37' title="bbox 749 2178 2326 2249">
    <p class='ocr_par' dir='ltr' id='par_1_37' title="bbox 749 2178 2326 2249">
     <span class='ocr_line' id='line_1_37' title="bbox 749 2178 2326 2249; baseline 0.003 -17"><span class='ocrx_word' id='word_1_236' title='bbox 749 2186 806 2232; x_wconf 88' lang='lat' dir='ltr'><strong>et</strong></span> <span class='ocrx_word' id='word_1_237' title='bbox 834 2191 931 2232; x_wconf 91' lang='lat' dir='ltr'><strong>sua</strong></span> <span class='ocrx_word' id='word_1_238' title='bbox 959 2178 1226 2245; x_wconf 85' lang='lat' dir='ltr'><strong>potentia,</strong></span> <span class='ocrx_word' id='word_1_239' title='bbox 1261 2188 1316 2231; x_wconf 90' lang='lat' dir='ltr'><strong>et</strong></span> <span class='ocrx_word' id='word_1_240' title='bbox 1345 2178 1522 2246; x_wconf 88' lang='lat' dir='ltr'><strong>gloria</strong></span> <span class='ocrx_word' id='word_1_241' title='bbox 1549 2179 1827 2249; x_wconf 80' lang='lat' dir='ltr'><strong>martyris.</strong></span> <span class='ocrx_word' id='word_1_242' title='bbox 1859 2180 2050 2235; x_wconf 79' lang='lat' dir='ltr'><strong>Planta</strong></span> <span class='ocrx_word' id='word_1_243' title='bbox 2073 2181 2326 2249; x_wconf 72' lang='lat' dir='ltr'><strong>quaedam</strong></span> 
     </span>
    </p>
   </div>
   <div class='ocr_carea' id='block_1_38' title="bbox 753 2269 2326 2342">
    <p class='ocr_par' dir='ltr' id='par_1_38' title="bbox 753 2269 2326 2342">
     <span class='ocr_line' id='line_1_38' title="bbox 753 2269 2326 2342; baseline 0.005 -20"><span class='ocrx_word' id='word_1_244' title='bbox 753 2269 916 2339; x_wconf 84' lang='lat' dir='ltr'><strong>myrti</strong></span> <span class='ocrx_word' id='word_1_245' title='bbox 949 2269 1062 2323; x_wconf 89' lang='lat' dir='ltr'><strong>illic</strong></span> <span class='ocrx_word' id='word_1_246' title='bbox 1090 2278 1274 2332; x_wconf 78' lang='lat' dir='ltr'><strong>enata,</strong></span> <span class='ocrx_word' id='word_1_247' title='bbox 1309 2269 1546 2325; x_wconf 84' lang='lat' dir='ltr'><strong>ellicitur</strong></span> <span class='ocrx_word' id='word_1_248' title='bbox 1589 2287 1754 2326; x_wconf 84' lang='lat' dir='ltr'><strong>omne</strong></span> <span class='ocrx_word' id='word_1_249' title='bbox 1798 2289 1972 2342; x_wconf 83' lang='lat' dir='ltr'><strong>genus</strong></span> <span class='ocrx_word' id='word_1_250' title='bbox 2003 2275 2326 2330; x_wconf 82' lang='lat' dir='ltr'><strong>morborum</strong></span> 
     </span>
    </p>
   </div>
   <div class='ocr_carea' id='block_1_39' title="bbox 752 2361 2331 2437">
    <p class='ocr_par' dir='ltr' id='par_1_39' title="bbox 752 2361 2331 2437">
     <span class='ocr_line' id='line_1_39' title="bbox 752 2361 2331 2437; baseline 0.004 -21"><span class='ocrx_word' id='word_1_251' title='bbox 752 2361 1034 2416; x_wconf 88' lang='lat' dir='ltr'><strong>Iiberatio.</strong></span> <span class='ocrx_word' id='word_1_252' title='bbox 1065 2361 1204 2416; x_wconf 91' lang='lat' dir='ltr'><strong>Cum</strong></span> <span class='ocrx_word' id='word_1_253' title='bbox 1237 2364 1487 2431; x_wconf 90' lang='lat' dir='ltr'><strong>quinque</strong></span> <span class='ocrx_word' id='word_1_254' title='bbox 1517 2379 1652 2434; x_wconf 77' lang='lat' dir='ltr'><strong>ergo</strong></span> <span class='ocrx_word' id='word_1_255' title='bbox 1681 2366 1846 2420; x_wconf 81' lang='lat' dir='ltr'><strong>annis</strong></span> <span class='ocrx_word' id='word_1_256' title='bbox 1876 2381 1977 2435; x_wconf 80' lang='lat' dir='ltr'><strong>per</strong></span> <span class='ocrx_word' id='word_1_257' title='bbox 2000 2366 2146 2422; x_wconf 86' lang='lat' dir='ltr'><strong>hanc</strong></span> <span class='ocrx_word' id='word_1_258' title='bbox 2176 2369 2331 2437; x_wconf 90' lang='lat' dir='ltr'><strong>plan-</strong></span> 
     </span>
    </p>
   </div>
   <div class='ocr_carea' id='block_1_40' title="bbox 753 2454 2330 2525">
    <p class='ocr_par' dir='ltr' id='par_1_40' title="bbox 753 2454 2330 2525">
     <span class='ocr_line' id='line_1_40' title="bbox 753 2454 2330 2525; baseline 0.003 -16"><span class='ocrx_word' id='word_1_259' title='bbox 753 2462 864 2509; x_wconf 87' lang='lat' dir='ltr'><strong>tam</strong></span> <span class='ocrx_word' id='word_1_260' title='bbox 892 2454 971 2509; x_wconf 87' lang='lat' dir='ltr'><strong>sic</strong></span> <span class='ocrx_word' id='word_1_261' title='bbox 997 2454 1198 2508; x_wconf 86' lang='lat' dir='ltr'><strong>fierent</strong></span> <span class='ocrx_word' id='word_1_262' title='bbox 1222 2455 1513 2519; x_wconf 86' lang='lat' dir='ltr'><strong>miracula,</strong></span> <span class='ocrx_word' id='word_1_263' title='bbox 1548 2457 1644 2525; x_wconf 89' lang='lat' dir='ltr'><strong>qui</strong></span> <span class='ocrx_word' id='word_1_264' title='bbox 1669 2460 1915 2523; x_wconf 81' lang='lat' dir='ltr'><strong>gentium</strong></span> <span class='ocrx_word' id='word_1_265' title='bbox 1945 2458 2136 2512; x_wconf 80' lang='lat' dir='ltr'><strong>falsam</strong></span> <span class='ocrx_word' id='word_1_266' title='bbox 2172 2471 2330 2515; x_wconf 84' lang='lat' dir='ltr'><strong>tene-</strong></span> 
     </span>
    </p>
   </div>
   <div class='ocr_carea' id='block_1_41' title="bbox 750 2545 2331 2617">
    <p class='ocr_par' dir='ltr' id='par_1_41' title="bbox 750 2545 2331 2617">
     <span class='ocr_line' id='line_1_41' title="bbox 750 2545 2331 2617; baseline 0.004 -16"><span class='ocrx_word' id='word_1_267' title='bbox 750 2545 886 2601; x_wconf 87' lang='lat' dir='ltr'><strong>bant</strong></span> <span class='ocrx_word' id='word_1_268' title='bbox 909 2546 1260 2617; x_wconf 75' lang='lat' dir='ltr'><strong>religionem,</strong></span> <span class='ocrx_word' id='word_1_269' title='bbox 1292 2546 1500 2601; x_wconf 82' lang='lat' dir='ltr'><strong>invidia</strong></span> <span class='ocrx_word' id='word_1_270' title='bbox 1520 2551 1679 2615; x_wconf 91' lang='lat' dir='ltr'><strong>moti,</strong></span> <span class='ocrx_word' id='word_1_271' title='bbox 1723 2559 1778 2604; x_wconf 90' lang='lat' dir='ltr'><strong>et</strong></span> <span class='ocrx_word' id='word_1_272' title='bbox 1813 2564 1925 2604; x_wconf 88' lang='lat' dir='ltr'><strong>non</strong></span> <span class='ocrx_word' id='word_1_273' title='bbox 1961 2552 2207 2606; x_wconf 84' lang='lat' dir='ltr'><strong>ferentes</strong></span> <span class='ocrx_word' id='word_1_274' title='bbox 2244 2553 2331 2607; x_wconf 89' lang='lat' dir='ltr'><strong>in-</strong></span> 
     </span>
    </p>
   </div>
   <div class='ocr_carea' id='block_1_42' title="bbox 751 2639 2332 2700">
    <p class='ocr_par' dir='ltr' id='par_1_42' title="bbox 751 2639 2332 2700">
     <span class='ocr_line' id='line_1_42' title="bbox 751 2639 2332 2700; baseline 0.005 -8"><span class='ocrx_word' id='word_1_275' title='bbox 751 2639 896 2693; x_wconf 91' lang='lat' dir='ltr'><strong>tueri</strong></span> <span class='ocrx_word' id='word_1_276' title='bbox 929 2644 1045 2693; x_wconf 66' lang='lat' dir='ltr'><strong>hac</strong></span> <span class='ocrx_word' id='word_1_277' title='bbox 1077 2639 1345 2695; x_wconf 86' lang='lat' dir='ltr'><strong>miracula</strong></span> <span class='ocrx_word' id='word_1_278' title='bbox 1373 2640 1440 2695; x_wconf 80' lang='lat' dir='ltr'><strong>ad</strong></span> <span class='ocrx_word' id='word_1_279' title='bbox 1474 2642 1867 2697; x_wconf 84' lang='lat' dir='ltr'><strong>confutandam</strong></span> <span class='ocrx_word' id='word_1_280' title='bbox 1900 2642 2095 2699; x_wconf 85' lang='lat' dir='ltr'><strong>falsam</strong></span> <span class='ocrx_word' id='word_1_281' title='bbox 2137 2661 2332 2700; x_wconf 84' lang='lat' dir='ltr'><strong>eorum</strong></span> 
     </span>
    </p>
   </div>
   <div class='ocr_carea' id='block_1_43' title="bbox 752 2731 2328 2802">
    <p class='ocr_par' dir='ltr' id='par_1_43' title="bbox 752 2731 2328 2802">
     <span class='ocr_line' id='line_1_43' title="bbox 752 2731 2328 2802; baseline 0.005 -16"><span class='ocrx_word' id='word_1_282' title='bbox 752 2731 1096 2800; x_wconf 88' lang='lat' dir='ltr'><strong>religionem,</strong></span> <span class='ocrx_word' id='word_1_283' title='bbox 1119 2732 1360 2802; x_wconf 85' lang='lat' dir='ltr'><strong>plantam</strong></span> <span class='ocrx_word' id='word_1_284' title='bbox 1417 2735 1758 2790; x_wconf 80' lang='lat' dir='ltr'><strong>exscindunt</strong></span> <span class='ocrx_word' id='word_1_285' title='bbox 1819 2737 2110 2794; x_wconf 84' lang='lat' dir='ltr'><strong>radicitus.</strong></span> <span class='ocrx_word' id='word_1_286' title='bbox 2171 2739 2328 2794; x_wconf 78' lang='lat' dir='ltr'><strong>Multi</strong></span> 
     </span>
    </p>
   </div>
   <div class='ocr_carea' id='block_1_44' title="bbox 754 2827 2331 2902">
    <p class='ocr_par' dir='ltr' id='par_1_44' title="bbox 754 2827 2331 2902">
     <span class='ocr_line' id='line_1_44' title="bbox 754 2827 2331 2902; baseline 0.006 -22"><span class='ocrx_word' id='word_1_287' title='bbox 754 2842 891 2881; x_wconf 67' lang='lat' dir='ltr'><strong>vero</strong></span> <span class='ocrx_word' id='word_1_288' title='bbox 927 2843 992 2880; x_wconf 77' lang='lat' dir='ltr'><strong>ex</strong></span> <span class='ocrx_word' id='word_1_289' title='bbox 1024 2827 1091 2880; x_wconf 83' lang='lat' dir='ltr'><strong>iis</strong></span> <span class='ocrx_word' id='word_1_290' title='bbox 1114 2828 1210 2897; x_wconf 91' lang='lat' dir='ltr'><strong>qui</strong></span> <span class='ocrx_word' id='word_1_291' title='bbox 1236 2837 1394 2882; x_wconf 76' lang='lat' dir='ltr'><strong>erant</strong></span> <span class='ocrx_word' id='word_1_292' title='bbox 1412 2830 1601 2884; x_wconf 88' lang='lat' dir='ltr'><strong>animo</strong></span> <span class='ocrx_word' id='word_1_293' title='bbox 1627 2831 1867 2899; x_wconf 75' lang='lat' dir='ltr'><strong>purgati,</strong></span> <span class='ocrx_word' id='word_1_294' title='bbox 1897 2832 2062 2901; x_wconf 85' lang='lat' dir='ltr'><strong>longo</strong></span> <span class='ocrx_word' id='word_1_295' title='bbox 2082 2841 2331 2902; x_wconf 78' lang='lat' dir='ltr'><strong>tempore</strong></span> 
     </span>
    </p>
   </div>
   <div class='ocr_carea' id='block_1_45' title="bbox 757 2919 2331 2984">
    <p class='ocr_par' dir='ltr' id='par_1_45' title="bbox 757 2919 2331 2984">
     <span class='ocr_line' id='line_1_45' title="bbox 757 2919 2331 2984; baseline 0.004 -11"><span class='ocrx_word' id='word_1_296' title='bbox 757 2919 1015 2974; x_wconf 81' lang='lat' dir='ltr'><strong>videbant</strong></span> <span class='ocrx_word' id='word_1_297' title='bbox 1065 2921 1244 2973; x_wconf 83' lang='lat' dir='ltr'><strong>lucem</strong></span> <span class='ocrx_word' id='word_1_298' title='bbox 1305 2921 1363 2975; x_wconf 91' lang='lat' dir='ltr'><strong>in</strong></span> <span class='ocrx_word' id='word_1_299' title='bbox 1411 2937 1479 2975; x_wconf 90' lang='lat' dir='ltr'><strong>eo</strong></span> <span class='ocrx_word' id='word_1_300' title='bbox 1535 2923 1682 2984; x_wconf 88' lang='lat' dir='ltr'><strong>loco,</strong></span> <span class='ocrx_word' id='word_1_301' title='bbox 1719 2933 1781 2978; x_wconf 82' lang='lat' dir='ltr'><strong>et</strong></span> <span class='ocrx_word' id='word_1_302' title='bbox 1829 2923 2046 2978; x_wconf 84' lang='lat' dir='ltr'><strong>divinas</strong></span> <span class='ocrx_word' id='word_1_303' title='bbox 2096 2926 2331 2980; x_wconf 76' lang='lat' dir='ltr'><strong>virtutes</strong></span> 
     </span>
    </p>
   </div>
   <div class='ocr_carea' id='block_1_46' title="bbox 755 3011 2332 3086">
    <p class='ocr_par' dir='ltr' id='par_1_46' title="bbox 755 3011 2332 3086">
     <span class='ocr_line' id='line_1_46' title="bbox 755 3011 2332 3086; baseline 0.004 -20"><span class='ocrx_word' id='word_1_304' title='bbox 755 3011 1143 3074; x_wconf 83' lang='lat' dir='ltr'><strong>ascendentes,</strong></span> <span class='ocrx_word' id='word_1_305' title='bbox 1167 3022 1224 3066; x_wconf 91' lang='lat' dir='ltr'><strong>et</strong></span> <span class='ocrx_word' id='word_1_306' title='bbox 1249 3013 1480 3079; x_wconf 76' lang='lat' dir='ltr'><strong>gloriam</strong></span> <span class='ocrx_word' id='word_1_307' title='bbox 1516 3017 1837 3070; x_wconf 87' lang='lat' dir='ltr'><strong>emittentes</strong></span> <span class='ocrx_word' id='word_1_308' title='bbox 1871 3017 1924 3071; x_wconf 87' lang='lat' dir='ltr'><strong>ei</strong></span> <span class='ocrx_word' id='word_1_309' title='bbox 1979 3017 2074 3086; x_wconf 89' lang='lat' dir='ltr'><strong>qui</strong></span> <span class='ocrx_word' id='word_1_310' title='bbox 2108 3029 2332 3073; x_wconf 76' lang='lat' dir='ltr'><strong>sanctos</strong></span> 
     </span>
    </p>
   </div>
   <div class='ocr_carea' id='block_1_47' title="bbox 2435 1986 4033 2062">
    <p class='ocr_par' dir='ltr' id='par_1_47' title="bbox 2435 1986 4033 2062">
     <span class='ocr_line' id='line_1_47' title="bbox 2435 1986 4033 2062; baseline 0.003 -24"><span class='ocrx_word' id='word_1_311' title='bbox 2435 1986 2728 2059; x_wconf 70' lang='grc' dir='ltr'><strong>ἐπισήμων</strong></span> <span class='ocrx_word' id='word_1_312' title='bbox 2758 1989 3168 2045; x_wconf 85' lang='grc' dir='ltr'><strong>κατατιθοῦσιν.</strong></span> <span class='ocrx_word' id='word_1_313' title='bbox 3207 1991 3376 2045; x_wconf 83' lang='grc' dir='ltr'><strong>Ἔνθα</strong></span> <span class='ocrx_word' id='word_1_314' title='bbox 3408 1992 3472 2062; x_wconf 79' lang='grc' dir='ltr'><strong>δὴ</strong></span> <span class='ocrx_word' id='word_1_315' title='bbox 3499 1992 3589 2043; x_wconf 69' lang='grc' dir='ltr'><strong>τὸν</strong></span> <span class='ocrx_word' id='word_1_316' title='bbox 3620 1991 3776 2059; x_wconf 68' lang='grc' dir='ltr'><strong>ἅγιον</strong></span> <span class='ocrx_word' id='word_1_317' title='bbox 3809 1992 4033 2061; x_wconf 76' lang='grc' dir='ltr'><strong>ἀναιρε-</strong></span> 
     </span>
    </p>
   </div>
   <div class='ocr_carea' id='block_1_48' title="bbox 2437 2076 4033 2153">
    <p class='ocr_par' dir='ltr' id='par_1_48' title="bbox 2437 2076 4033 2153">
     <span class='ocr_line' id='line_1_48' title="bbox 2437 2076 4033 2153; baseline 0.004 -22"><span class='ocrx_word' id='word_1_318' title='bbox 2437 2076 2601 2146; x_wconf 82' lang='grc' dir='ltr'><strong>θῆναι</strong></span> <span class='ocrx_word' id='word_1_319' title='bbox 2633 2080 2856 2150; x_wconf 76' lang='grc' dir='ltr'><strong>συνέϐη,</strong></span> <span class='ocrx_word' id='word_1_320' title='bbox 2881 2080 3297 2152; x_wconf 77' lang='grc' dir='ltr'><strong>θαυματουργεί</strong></span> <span class='ocrx_word' id='word_1_321' title='bbox 3341 2084 3474 2148; x_wconf 77' lang='grc' dir='ltr'><strong>Θεὸς</strong></span> <span class='ocrx_word' id='word_1_322' title='bbox 3520 2083 3672 2148; x_wconf 76' lang='grc' dir='ltr'><strong>ᾶξιὸν</strong></span> <span class='ocrx_word' id='word_1_323' title='bbox 3711 2101 3765 2136; x_wconf 88' lang='grc' dir='ltr'><strong>τι</strong></span> <span class='ocrx_word' id='word_1_324' title='bbox 3797 2086 3892 2136; x_wconf 77' lang='grc' dir='ltr'><strong>καὶ</strong></span> <span class='ocrx_word' id='word_1_325' title='bbox 3935 2083 4033 2153; x_wconf 80' lang='grc' dir='ltr'><strong>τῆς</strong></span> 
     </span>
    </p>
   </div>
   <div class='ocr_carea' id='block_1_49' title="bbox 2435 2171 4033 2246">
    <p class='ocr_par' dir='ltr' id='par_1_49' title="bbox 2435 2171 4033 2246">
     <span class='ocr_line' id='line_1_49' title="bbox 2435 2171 4033 2246; baseline 0.001 -21"><span class='ocrx_word' id='word_1_326' title='bbox 2435 2171 2600 2225; x_wconf 74' lang='grc' dir='ltr'><strong>αὐτοῦ</strong></span> <span class='ocrx_word' id='word_1_327' title='bbox 2629 2172 2915 2241; x_wconf 82' lang='grc' dir='ltr'><strong>δυνάμεως</strong></span> <span class='ocrx_word' id='word_1_328' title='bbox 2943 2176 3040 2228; x_wconf 78' lang='grc' dir='ltr'><strong>καὶ</strong></span> <span class='ocrx_word' id='word_1_329' title='bbox 3067 2176 3170 2244; x_wconf 83' lang='grc' dir='ltr'><strong>τῆς</strong></span> <span class='ocrx_word' id='word_1_330' title='bbox 3200 2177 3298 2228; x_wconf 90' lang='grc' dir='ltr'><strong>τοῦ</strong></span> <span class='ocrx_word' id='word_1_331' title='bbox 3323 2178 3609 2246; x_wconf 75' lang='grc' dir='ltr'><strong>μάρτυρος</strong></span> <span class='ocrx_word' id='word_1_332' title='bbox 3630 2177 3809 2246; x_wconf 78' lang='grc' dir='ltr'><strong>δόξης.</strong></span> <span class='ocrx_word' id='word_1_333' title='bbox 3851 2176 4033 2228; x_wconf 63' lang='grc' dir='ltr'><strong>Φυτδν</strong></span> 
     </span>
    </p>
   </div>
   <div class='ocr_carea' id='block_1_50' title="bbox 2437 2259 4031 2335">
    <p class='ocr_par' dir='ltr' id='par_1_50' title="bbox 2437 2259 4031 2335">
     <span class='ocr_line' id='line_1_50' title="bbox 2437 2259 4031 2335; baseline 0.004 -23"><span class='ocrx_word' id='word_1_334' title='bbox 2437 2259 2548 2330; x_wconf 83' lang='grc' dir='ltr'><strong>γάρ</strong></span> <span class='ocrx_word' id='word_1_335' title='bbox 2579 2276 2636 2314; x_wconf 85' lang='grc' dir='ltr'><strong>τι</strong></span> <span class='ocrx_word' id='word_1_336' title='bbox 2665 2261 2904 2335; x_wconf 73' lang='grc' dir='ltr'><strong>μυρρίνη</strong></span> <span class='ocrx_word' id='word_1_337' title='bbox 2932 2265 3130 2330; x_wconf 74' lang='grc' dir='ltr'><strong>φυεῐσα</strong></span> <span class='ocrx_word' id='word_1_338' title='bbox 3158 2265 3483 2334; x_wconf 78' lang='grc' dir='ltr'><strong>νοσημάτων</strong></span> <span class='ocrx_word' id='word_1_339' title='bbox 3509 2266 3719 2333; x_wconf 85' lang='grc' dir='ltr'><strong>γίνεται</strong></span> <span class='ocrx_word' id='word_1_340' title='bbox 3748 2267 4031 2319; x_wconf 83' lang='grc' dir='ltr'><strong>παντοίων</strong></span> 
     </span>
    </p>
   </div>
   <div class='ocr_carea' id='block_1_51' title="bbox 2432 2353 4033 2428">
    <p class='ocr_par' dir='ltr' id='par_1_51' title="bbox 2432 2353 4033 2428">
     <span class='ocr_line' id='line_1_51' title="bbox 2432 2353 4033 2428; baseline 0.003 -20"><span class='ocrx_word' id='word_1_341' title='bbox 2432 2353 2755 2424; x_wconf 77' lang='grc' dir='ltr'><strong>ἀπαλλαγή.</strong></span> <span class='ocrx_word' id='word_1_342' title='bbox 2790 2355 2915 2408; x_wconf 73' lang='grc' dir='ltr'><strong>Ἐπὶ</strong></span> <span class='ocrx_word' id='word_1_343' title='bbox 2951 2357 3122 2409; x_wconf 72' lang='grc' dir='ltr'><strong>πέντε</strong></span> <span class='ocrx_word' id='word_1_344' title='bbox 3151 2358 3445 2428; x_wconf 83' lang='grc' dir='ltr'><strong>τοιγαροῦν</strong></span> <span class='ocrx_word' id='word_1_345' title='bbox 3495 2359 3709 2428; x_wconf 81' lang='grc' dir='ltr'><strong>χρόνοις</strong></span> <span class='ocrx_word' id='word_1_346' title='bbox 3745 2359 3857 2410; x_wconf 84' lang='grc' dir='ltr'><strong>τῶν</strong></span> <span class='ocrx_word' id='word_1_347' title='bbox 3898 2360 4033 2412; x_wconf 76' lang='grc' dir='ltr'><strong>θαυ-</strong></span> 
     </span>
    </p>
   </div>
   <div class='ocr_carea' id='block_1_52' title="bbox 2446 2446 4030 2520">
    <p class='ocr_par' dir='ltr' id='par_1_52' title="bbox 2446 2446 4030 2520">
     <span class='ocr_line' id='line_1_52' title="bbox 2446 2446 4030 2520; baseline 0.004 -20"><span class='ocrx_word' id='word_1_348' title='bbox 2446 2447 2634 2517; x_wconf 79' lang='grc' dir='ltr'><strong>μάτων</strong></span> <span class='ocrx_word' id='word_1_349' title='bbox 2659 2446 2806 2500; x_wconf 82' lang='grc' dir='ltr'><strong>οῦτω</strong></span> <span class='ocrx_word' id='word_1_350' title='bbox 2840 2447 2930 2500; x_wconf 75' lang='grc' dir='ltr'><strong>διὰ</strong></span> <span class='ocrx_word' id='word_1_351' title='bbox 2972 2449 3127 2502; x_wconf 70' lang='grc' dir='ltr'><strong>τοῦδε</strong></span> <span class='ocrx_word' id='word_1_352' title='bbox 3157 2448 3253 2502; x_wconf 86' lang='grc' dir='ltr'><strong>τοῦ</strong></span> <span class='ocrx_word' id='word_1_353' title='bbox 3288 2449 3459 2518; x_wconf 84' lang='grc' dir='ltr'><strong>φυτοῦ</strong></span> <span class='ocrx_word' id='word_1_354' title='bbox 3487 2452 3855 2520; x_wconf 79' lang='grc' dir='ltr'><strong>τελουμένων,</strong></span> <span class='ocrx_word' id='word_1_355' title='bbox 3892 2455 3942 2506; x_wconf 85' lang='grc' dir='ltr'><strong>οἱ</strong></span> <span class='ocrx_word' id='word_1_356' title='bbox 3964 2455 4030 2506; x_wconf 69' lang='grc' dir='ltr'><strong>τὰ</strong></span> 
     </span>
    </p>
   </div>
   <div class='ocr_carea' id='block_1_53' title="bbox 2449 2534 4031 2615">
    <p class='ocr_par' dir='ltr' id='par_1_53' title="bbox 2449 2534 4031 2615">
     <span class='ocr_line' id='line_1_53' title="bbox 2449 2534 4031 2615; baseline 0.003 -21"><span class='ocrx_word' id='word_1_357' title='bbox 2449 2534 2728 2609; x_wconf 76' lang='grc' dir='ltr'><strong>Ἑλλήνων</strong></span> <span class='ocrx_word' id='word_1_358' title='bbox 2766 2540 3158 2611; x_wconf 67' lang='grc' dir='ltr'><strong>θρησκεύοντας</strong></span> <span class='ocrx_word' id='word_1_359' title='bbox 3201 2543 3384 2613; x_wconf 81' lang='grc' dir='ltr'><strong>φθόνῳ</strong></span> <span class='ocrx_word' id='word_1_360' title='bbox 3427 2543 3742 2614; x_wconf 80' lang='grc' dir='ltr'><strong>βαλλόμενοι</strong></span> <span class='ocrx_word' id='word_1_361' title='bbox 3778 2547 3882 2614; x_wconf 75' lang='grc' dir='ltr'><strong>τὴν</strong></span> <span class='ocrx_word' id='word_1_362' title='bbox 3924 2548 4031 2615; x_wconf 47' lang='lat' dir='ltr'><strong>Quo</strong></span> 
     </span>
    </p>
   </div>
   <div class='ocr_carea' id='block_1_54' title="bbox 2434 2632 4030 2709">
    <p class='ocr_par' dir='ltr' id='par_1_54' title="bbox 2434 2632 4030 2709">
     <span class='ocr_line' id='line_1_54' title="bbox 2434 2632 4030 2709; baseline 0.001 -24"><span class='ocrx_word' id='word_1_363' title='bbox 2434 2632 2572 2701; x_wconf 78' lang='grc' dir='ltr'><strong>χὴν,</strong></span> <span class='ocrx_word' id='word_1_364' title='bbox 2607 2632 2704 2685; x_wconf 84' lang='grc' dir='ltr'><strong>καὶ</strong></span> <span class='ocrx_word' id='word_1_365' title='bbox 2751 2634 2820 2685; x_wconf 75' lang='grc' dir='ltr'><strong>τὰ</strong></span> <span class='ocrx_word' id='word_1_366' title='bbox 2871 2634 3156 2704; x_wconf 74' lang='grc' dir='ltr'><strong>παράδοξα</strong></span> <span class='ocrx_word' id='word_1_367' title='bbox 3212 2637 3278 2705; x_wconf 74' lang='grc' dir='ltr'><strong>δὴ</strong></span> <span class='ocrx_word' id='word_1_368' title='bbox 3321 2635 3494 2689; x_wconf 88' lang='grc' dir='ltr'><strong>ταῦτα</strong></span> <span class='ocrx_word' id='word_1_369' title='bbox 3546 2638 3636 2691; x_wconf 75' lang='grc' dir='ltr'><strong>ἐπ’</strong></span> <span class='ocrx_word' id='word_1_370' title='bbox 3674 2639 3885 2709; x_wconf 69' lang='grc' dir='ltr'><strong>ἐλέγχῳ</strong></span> <span class='ocrx_word' id='word_1_371' title='bbox 3929 2640 4030 2708; x_wconf 77' lang='grc' dir='ltr'><strong>τῆς</strong></span> 
     </span>
    </p>
   </div>
   <div class='ocr_carea' id='block_1_55' title="bbox 2435 2725 4031 2801">
    <p class='ocr_par' dir='ltr' id='par_1_55' title="bbox 2435 2725 4031 2801">
     <span class='ocr_line' id='line_1_55' title="bbox 2435 2725 4031 2801; baseline 0.003 -25"><span class='ocrx_word' id='word_1_372' title='bbox 2435 2725 2614 2776; x_wconf 82' lang='grc' dir='ltr'><strong>αὐτῶν</strong></span> <span class='ocrx_word' id='word_1_373' title='bbox 2637 2725 2936 2796; x_wconf 76' lang='grc' dir='ltr'><strong>θρησκείας</strong></span> <span class='ocrx_word' id='word_1_374' title='bbox 2962 2727 3024 2778; x_wconf 87' lang='grc' dir='ltr'><strong>οὐ</strong></span> <span class='ocrx_word' id='word_1_375' title='bbox 3049 2729 3307 2797; x_wconf 80' lang='grc' dir='ltr'><strong>φέροντες</strong></span> <span class='ocrx_word' id='word_1_376' title='bbox 3339 2730 3603 2799; x_wconf 81' lang='grc' dir='ltr'><strong>καθορᾷν,</strong></span> <span class='ocrx_word' id='word_1_377' title='bbox 3631 2731 3826 2793; x_wconf 76' lang='grc' dir='ltr'><strong>αὑταῖς</strong></span> <span class='ocrx_word' id='word_1_378' title='bbox 3848 2733 4031 2801; x_wconf 69' lang='grc' dir='ltr'><strong>ῥίζαις</strong></span> 
     </span>
    </p>
   </div>
   <div class='ocr_carea' id='block_1_56' title="bbox 2436 2817 4029 2892">
    <p class='ocr_par' dir='ltr' id='par_1_56' title="bbox 2436 2817 4029 2892">
     <span class='ocr_line' id='line_1_56' title="bbox 2436 2817 4029 2892; baseline 0.007 -26"><span class='ocrx_word' id='word_1_379' title='bbox 2436 2817 2761 2885; x_wconf 78' lang='grc' dir='ltr'><strong>ὲκτὲμνουαί</strong></span> <span class='ocrx_word' id='word_1_380' title='bbox 2795 2835 2854 2871; x_wconf 77' lang='grc' dir='ltr'><strong>τι</strong></span> <span class='ocrx_word' id='word_1_381' title='bbox 2901 2819 2964 2870; x_wconf 74' lang='grc' dir='ltr'><strong>τὸ</strong></span> <span class='ocrx_word' id='word_1_382' title='bbox 2998 2819 3167 2887; x_wconf 79' lang='grc' dir='ltr'><strong>φυτὸν</strong></span> <span class='ocrx_word' id='word_1_383' title='bbox 3197 2822 3292 2872; x_wconf 77' lang='grc' dir='ltr'><strong>καὶ</strong></span> <span class='ocrx_word' id='word_1_384' title='bbox 3322 2823 3456 2892; x_wconf 75' lang='grc' dir='ltr'><strong>πυρὶ</strong></span> <span class='ocrx_word' id='word_1_385' title='bbox 3482 2823 3727 2891; x_wconf 79' lang='grc' dir='ltr'><strong>νέμωσι.</strong></span> <span class='ocrx_word' id='word_1_386' title='bbox 3752 2824 3948 2876; x_wconf 79' lang='grc' dir='ltr'><strong>Πολλοὶ</strong></span> <span class='ocrx_word' id='word_1_387' title='bbox 3971 2826 4029 2877; x_wconf 68' lang='grc' dir='ltr'><strong>δὲ</strong></span> 
     </span>
    </p>
   </div>
   <div class='ocr_carea' id='block_1_57' title="bbox 2442 2907 4030 2985">
    <p class='ocr_par' dir='ltr' id='par_1_57' title="bbox 2442 2907 4030 2985">
     <span class='ocr_line' id='line_1_57' title="bbox 2442 2907 4030 2985; baseline 0.004 -26"><span class='ocrx_word' id='word_1_388' title='bbox 2442 2907 2552 2960; x_wconf 83' lang='grc' dir='ltr'><strong>τῶν</strong></span> <span class='ocrx_word' id='word_1_389' title='bbox 2591 2908 2692 2976; x_wconf 75' lang='grc' dir='ltr'><strong>τὴν</strong></span> <span class='ocrx_word' id='word_1_390' title='bbox 2740 2910 2922 2978; x_wconf 77' lang='grc' dir='ltr'><strong>ψυχὴν</strong></span> <span class='ocrx_word' id='word_1_391' title='bbox 2949 2911 3452 2981; x_wconf 71' lang='grc' dir='ltr'><strong>ἐκκεκαθαρμένων</strong></span> <span class='ocrx_word' id='word_1_392' title='bbox 3485 2916 3570 2982; x_wconf 70' lang='grc' dir='ltr'><strong>ἐφ’</strong></span> <span class='ocrx_word' id='word_1_393' title='bbox 3607 2916 3791 2968; x_wconf 72' lang='grc' dir='ltr'><strong>ίκανδν</strong></span> <span class='ocrx_word' id='word_1_394' title='bbox 3834 2917 4030 2985; x_wconf 77' lang='grc' dir='ltr'><strong>χρόνον</strong></span> 
     </span>
    </p>
   </div>
   <div class='ocr_carea' id='block_1_58' title="bbox 2439 2998 4032 3077">
    <p class='ocr_par' dir='ltr' id='par_1_58' title="bbox 2439 2998 4032 3077">
     <span class='ocr_line' id='line_1_58' title="bbox 2439 2998 4032 3077; baseline 0.004 -25"><span class='ocrx_word' id='word_1_395' title='bbox 2439 2998 2598 3068; x_wconf 77' lang='grc' dir='ltr'><strong>φῶτα</strong></span> <span class='ocrx_word' id='word_1_396' title='bbox 2641 3003 2776 3071; x_wconf 71' lang='grc' dir='ltr'><strong>περὶ</strong></span> <span class='ocrx_word' id='word_1_397' title='bbox 2825 3001 2976 3054; x_wconf 80' lang='grc' dir='ltr'><strong>τόνδε</strong></span> <span class='ocrx_word' id='word_1_398' title='bbox 3025 3003 3122 3056; x_wconf 75' lang='grc' dir='ltr'><strong>τὸν</strong></span> <span class='ocrx_word' id='word_1_399' title='bbox 3167 3004 3350 3072; x_wconf 80' lang='grc' dir='ltr'><strong>χῶρον</strong></span> <span class='ocrx_word' id='word_1_400' title='bbox 3397 3007 3583 3075; x_wconf 78' lang='grc' dir='ltr'><strong>ἑώρων</strong></span> <span class='ocrx_word' id='word_1_401' title='bbox 3619 3007 3716 3059; x_wconf 80' lang='grc' dir='ltr'><strong>καὶ</strong></span> <span class='ocrx_word' id='word_1_402' title='bbox 3760 3007 4032 3077; x_wconf 78' lang='grc' dir='ltr'><strong>δυνάμεις</strong></span> 
     </span>
    </p>
   </div>
   <div class='ocr_carea' id='block_1_59' title="bbox 756 3087 2431 3193">
    <p class='ocr_par' dir='ltr' id='par_1_59' title="bbox 756 3101 2407 3193">
     <span class='ocr_line' id='line_1_59' title="bbox 756 3101 2407 3193; baseline 0.006 -37"><span class='ocrx_word' id='word_1_403' title='bbox 756 3116 888 3156; x_wconf 82' lang='lat' dir='ltr'><strong>suos</strong></span> <span class='ocrx_word' id='word_1_404' title='bbox 916 3101 1212 3172; x_wconf 70' lang='lat' dir='ltr'><strong>gloriiicat.</strong></span> <span class='ocrx_word' id='word_1_405' title='bbox 1264 3101 1694 3160; x_wconf 81' lang='lat' dir='ltr'><strong>Consummatus</strong></span> <span class='ocrx_word' id='word_1_406' title='bbox 1753 3115 1942 3162; x_wconf 89' lang='lat' dir='ltr'><strong>autem</strong></span> <span class='ocrx_word' id='word_1_407' title='bbox 1973 3108 2078 3163; x_wconf 91' lang='lat' dir='ltr'><strong>fuit</strong></span> <span class='ocrx_word' id='word_1_408' title='bbox 2123 3108 2331 3165; x_wconf 85' lang='lat' dir='ltr'><strong>Christi</strong></span> <span class='ocrx_word' id='word_1_409' title='bbox 2364 3135 2407 3193; x_wconf 68' lang='grc' dir='ltr'><strong>ρ</strong></span> 
     </span>
    </p>
   </div>
   <div class='ocr_carea' id='block_1_60' title="bbox 2353 3087 4028 3193">
    <p class='ocr_par' dir='ltr' id='par_1_60' title="bbox 2364 3087 4028 3193">
     <span class='ocr_line' id='line_1_60' title="bbox 2364 3087 4028 3193; baseline 0.006 -50"><span class='ocrx_word' id='word_1_410' title='bbox 2364 3135 2407 3193; x_wconf 74' lang='lat' dir='ltr'><strong><em>C</em></strong></span> <span class='ocrx_word' id='word_1_411' title='bbox 2442 3087 2595 3154; x_wconf 80' lang='grc' dir='ltr'><strong>θείας</strong></span> <span class='ocrx_word' id='word_1_412' title='bbox 2613 3093 2875 3156; x_wconf 77' lang='grc' dir='ltr'><strong>ἀνιούσας</strong></span> <span class='ocrx_word' id='word_1_413' title='bbox 2905 3093 3220 3164; x_wconf 78' lang='grc' dir='ltr'><strong>ὥσπερ-καὶ</strong></span> <span class='ocrx_word' id='word_1_414' title='bbox 3241 3099 3542 3160; x_wconf 83' lang='grc' dir='ltr'><strong>κατιούσας</strong></span> <span class='ocrx_word' id='word_1_415' title='bbox 3571 3101 3666 3153; x_wconf 77' lang='grc' dir='ltr'><strong>καὶ</strong></span> <span class='ocrx_word' id='word_1_416' title='bbox 3693 3099 3854 3163; x_wconf 77' lang='grc' dir='ltr'><strong>δόξαν</strong></span> <span class='ocrx_word' id='word_1_417' title='bbox 3892 3101 4028 3153; x_wconf 76' lang='grc' dir='ltr'><strong>ἀνα-</strong></span> 
     </span>
    </p>
   </div>
   <div class='ocr_carea' id='block_1_61' title="bbox 758 3191 2335 3262">
    <p class='ocr_par' dir='ltr' id='par_1_61' title="bbox 758 3191 2335 3262">
     <span class='ocr_line' id='line_1_61' title="bbox 758 3191 2335 3262; baseline 0.008 -18"><span class='ocrx_word' id='word_1_418' title='bbox 758 3203 966 3262; x_wconf 83' lang='lat' dir='ltr'><strong>martyr</strong></span> <span class='ocrx_word' id='word_1_419' title='bbox 999 3191 1276 3246; x_wconf 65' lang='lat' dir='ltr'><strong>Eithalas</strong></span> <span class='ocrx_word' id='word_1_420' title='bbox 1329 3209 1520 3249; x_wconf 86' lang='lat' dir='ltr'><strong>mense</strong></span> <span class='ocrx_word' id='word_1_421' title='bbox 1552 3196 1742 3262; x_wconf 82' lang='lat' dir='ltr'><strong>.lunio,</strong></span> <span class='ocrx_word' id='word_1_422' title='bbox 1777 3199 2027 3254; x_wconf 87' lang='lat' dir='ltr'><strong>eamdem</strong></span> <span class='ocrx_word' id='word_1_423' title='bbox 2071 3211 2335 3257; x_wconf 84' lang='lat' dir='ltr'><strong>constan-</strong></span> 
     </span>
    </p>
   </div>
   <div class='ocr_carea' id='block_1_62' title="bbox 761 3280 2336 3360">
    <p class='ocr_par' dir='ltr' id='par_1_62' title="bbox 761 3280 2336 3360">
     <span class='ocr_line' id='line_1_62' title="bbox 761 3280 2336 3360; baseline 0.009 -27"><span class='ocrx_word' id='word_1_424' title='bbox 761 3282 892 3334; x_wconf 83' lang='lat' dir='ltr'><strong>tiam</strong></span> <span class='ocrx_word' id='word_1_425' title='bbox 919 3289 975 3335; x_wconf 82' lang='lat' dir='ltr'><strong>ct</strong></span> <span class='ocrx_word' id='word_1_426' title='bbox 1003 3280 1420 3348; x_wconf 83' lang='lat' dir='ltr'><strong>fortitudinem,</strong></span> <span class='ocrx_word' id='word_1_427' title='bbox 1455 3301 1619 3354; x_wconf 89' lang='lat' dir='ltr'><strong>quam</strong></span> <span class='ocrx_word' id='word_1_428' title='bbox 1652 3288 1688 3340; x_wconf 92' lang='lat' dir='ltr'><strong>ii</strong></span> <span class='ocrx_word' id='word_1_429' title='bbox 1723 3288 1817 3358; x_wconf 92' lang='lat' dir='ltr'><strong>qui</strong></span> <span class='ocrx_word' id='word_1_430' title='bbox 1846 3302 1973 3344; x_wconf 86' lang='lat' dir='ltr'><strong>ante</strong></span> <span class='ocrx_word' id='word_1_431' title='bbox 2000 3290 2180 3360; x_wconf 88' lang='lat' dir='ltr'><strong>ipsum</strong></span> <span class='ocrx_word' id='word_1_432' title='bbox 2215 3293 2336 3347; x_wconf 84' lang='lat' dir='ltr'><strong>fue-</strong></span> 
     </span>
    </p>
   </div>
   <div class='ocr_carea' id='block_1_63' title="bbox 759 3374 2332 3447">
    <p class='ocr_par' dir='ltr' id='par_1_63' title="bbox 759 3374 2332 3447">
     <span class='ocr_line' id='line_1_63' title="bbox 759 3374 2332 3447; baseline 0.009 -24"><span class='ocrx_word' id='word_1_433' title='bbox 759 3380 892 3425; x_wconf 92' lang='lat' dir='ltr'><strong>runt</strong></span> <span class='ocrx_word' id='word_1_434' title='bbox 944 3374 1336 3438; x_wconf 84' lang='lat' dir='ltr'><strong>consummati,</strong></span> <span class='ocrx_word' id='word_1_435' title='bbox 1400 3376 1467 3429; x_wconf 90' lang='lat' dir='ltr'><strong>ad</strong></span> <span class='ocrx_word' id='word_1_436' title='bbox 1502 3387 1740 3431; x_wconf 74' lang='lat' dir='ltr'><strong>mortem</strong></span> <span class='ocrx_word' id='word_1_437' title='bbox 1786 3394 1959 3447; x_wconf 86' lang='lat' dir='ltr'><strong>usque</strong></span> <span class='ocrx_word' id='word_1_438' title='bbox 2014 3381 2332 3446; x_wconf 87' lang='lat' dir='ltr'><strong>ostendens,</strong></span> 
     </span>
    </p>
   </div>
   <div class='ocr_carea' id='block_1_64' title="bbox 759 3463 2334 3542">
    <p class='ocr_par' dir='ltr' id='par_1_64' title="bbox 759 3463 2334 3542">
     <span class='ocr_line' id='line_1_64' title="bbox 759 3463 2334 3542; baseline 0.008 -26"><span class='ocrx_word' id='word_1_439' title='bbox 759 3463 968 3518; x_wconf 75' lang='lat' dir='ltr'><strong>auxilio</strong></span> <span class='ocrx_word' id='word_1_440' title='bbox 997 3474 1055 3519; x_wconf 91' lang='lat' dir='ltr'><strong>et</strong></span> <span class='ocrx_word' id='word_1_441' title='bbox 1074 3465 1251 3535; x_wconf 80' lang='lat' dir='ltr'><strong>gratia</strong></span> <span class='ocrx_word' id='word_1_442' title='bbox 1285 3465 1490 3522; x_wconf 85' lang='lat' dir='ltr'><strong>Christi</strong></span> <span class='ocrx_word' id='word_1_443' title='bbox 1515 3471 1632 3524; x_wconf 65' lang='lat' dir='ltr'><strong>veri</strong></span> <span class='ocrx_word' id='word_1_444' title='bbox 1663 3471 1758 3525; x_wconf 90' lang='lat' dir='ltr'><strong>Dei</strong></span> <span class='ocrx_word' id='word_1_445' title='bbox 1787 3473 1961 3526; x_wconf 88' lang='lat' dir='ltr'><strong>nostri</strong></span> <span class='ocrx_word' id='word_1_446' title='bbox 1998 3490 2012 3526; x_wconf 92' lang='lat'>:</span> <span class='ocrx_word' id='word_1_447' title='bbox 2048 3488 2211 3542; x_wconf 89' lang='lat' dir='ltr'><strong>quem</strong></span> <span class='ocrx_word' id='word_1_448' title='bbox 2235 3474 2334 3529; x_wconf 88' lang='lat' dir='ltr'><strong>de-</strong></span> 
     </span>
    </p>
   </div>
   <div class='ocr_carea' id='block_1_65' title="bbox 763 3553 2336 3636">
    <p class='ocr_par' dir='ltr' id='par_1_65' title="bbox 763 3553 2336 3636">
     <span class='ocr_line' id='line_1_65' title="bbox 763 3553 2336 3636; baseline 0.011 -32"><span class='ocrx_word' id='word_1_449' title='bbox 763 3558 850 3604; x_wconf 89' lang='lat' dir='ltr'><strong>cet</strong></span> <span class='ocrx_word' id='word_1_450' title='bbox 883 3553 1051 3620; x_wconf 79' lang='lat' dir='ltr'><strong>gloria</strong></span> <span class='ocrx_word' id='word_1_451' title='bbox 1089 3563 1146 3607; x_wconf 89' lang='lat' dir='ltr'><strong>et</strong></span> <span class='ocrx_word' id='word_1_452' title='bbox 1192 3553 1390 3621; x_wconf 78' lang='lat' dir='ltr'><strong>honor,</strong></span> <span class='ocrx_word' id='word_1_453' title='bbox 1431 3573 1556 3613; x_wconf 80' lang='lat' dir='ltr'><strong>cum</strong></span> <span class='ocrx_word' id='word_1_454' title='bbox 1616 3561 1887 3630; x_wconf 90' lang='lat' dir='ltr'><strong>principio</strong></span> <span class='ocrx_word' id='word_1_455' title='bbox 1947 3575 2170 3620; x_wconf 80' lang='lat' dir='ltr'><strong>carente</strong></span> <span class='ocrx_word' id='word_1_456' title='bbox 2213 3566 2336 3636; x_wconf 86' lang='lat' dir='ltr'><strong>ejus</strong></span> 
     </span>
    </p>
   </div>
   <div class='ocr_carea' id='block_1_66' title="bbox 763 3640 2337 3724">
    <p class='ocr_par' dir='ltr' id='par_1_66' title="bbox 763 3640 2337 3724">
     <span class='ocr_line' id='line_1_66' title="bbox 763 3640 2337 3724; baseline 0.014 -30"><span class='ocrx_word' id='word_1_457' title='bbox 763 3640 949 3708; x_wconf 80' lang='lat' dir='ltr'><strong>Patre,</strong></span> <span class='ocrx_word' id='word_1_458' title='bbox 979 3653 1034 3699; x_wconf 76' lang='lat' dir='ltr'><strong>e:</strong></span> <span class='ocrx_word' id='word_1_459' title='bbox 1075 3649 1424 3703; x_wconf 86' lang='lat' dir='ltr'><strong>sanctissimo</strong></span> <span class='ocrx_word' id='word_1_460' title='bbox 1452 3659 1509 3705; x_wconf 95' lang='lat' dir='ltr'><strong>et</strong></span> <span class='ocrx_word' id='word_1_461' title='bbox 1545 3652 1766 3709; x_wconf 71' lang='lat' dir='ltr'><strong>vivifico</strong></span> <span class='ocrx_word' id='word_1_462' title='bbox 1808 3653 2045 3724; x_wconf 85' lang='lat' dir='ltr'><strong>Spiritu,</strong></span> <span class='ocrx_word' id='word_1_463' title='bbox 2081 3673 2231 3718; x_wconf 89' lang='lat' dir='ltr'><strong>nunc</strong></span> <span class='ocrx_word' id='word_1_464' title='bbox 2281 3669 2337 3716; x_wconf 87' lang='lat' dir='ltr'><strong>ct</strong></span> 
     </span>
    </p>
   </div>
   <div class='ocr_carea' id='block_1_67' title="bbox 763 3737 2005 3805">
    <p class='ocr_par' dir='ltr' id='par_1_67' title="bbox 763 3737 2005 3805">
     <span class='ocr_line' id='line_1_67' title="bbox 763 3737 2005 3805; baseline 0.014 -17"><span class='ocrx_word' id='word_1_465' title='bbox 763 3746 1003 3805; x_wconf 84' lang='lat' dir='ltr'><strong>semper,</strong></span> <span class='ocrx_word' id='word_1_466' title='bbox 1036 3745 1091 3792; x_wconf 91' lang='lat' dir='ltr'><strong>et</strong></span> <span class='ocrx_word' id='word_1_467' title='bbox 1123 3737 1178 3793; x_wconf 89' lang='lat' dir='ltr'><strong>in</strong></span> <span class='ocrx_word' id='word_1_468' title='bbox 1206 3740 1408 3798; x_wconf 64' lang='lat' dir='ltr'><strong>uacula</strong></span> <span class='ocrx_word' id='word_1_469' title='bbox 1432 3744 1781 3802; x_wconf 66' lang='lat' dir='ltr'><strong>saeculorum.</strong></span> <span class='ocrx_word' id='word_1_470' title='bbox 1813 3747 2005 3804; x_wconf 79' lang='lat' dir='ltr'><strong>Amen.</strong></span> 
     </span>
    </p>
   </div>
   <div class='ocr_carea' id='block_1_68' title="bbox 2442 3183 4030 3256">
    <p class='ocr_par' dir='ltr' id='par_1_68' title="bbox 2442 3183 4030 3256">
     <span class='ocr_line' id='line_1_68' title="bbox 2442 3183 4030 3256; baseline 0.004 -19"><span class='ocrx_word' id='word_1_471' title='bbox 2442 3183 2768 3252; x_wconf 77' lang='grc' dir='ltr'><strong>πεμπούσας</strong></span> <span class='ocrx_word' id='word_1_472' title='bbox 2787 3184 2865 3254; x_wconf 84' lang='grc' dir='ltr'><strong>τῷ</strong></span> <span class='ocrx_word' id='word_1_473' title='bbox 2924 3189 3054 3250; x_wconf 79' lang='grc' dir='ltr'><strong>τοὺς</strong></span> <span class='ocrx_word' id='word_1_474' title='bbox 3083 3188 3276 3256; x_wconf 80' lang='grc' dir='ltr'><strong>ἁγίους</strong></span> <span class='ocrx_word' id='word_1_475' title='bbox 3305 3189 3474 3242; x_wconf 81' lang='grc' dir='ltr'><strong>αὐτοῦ</strong></span> <span class='ocrx_word' id='word_1_476' title='bbox 3527 3190 3836 3255; x_wconf 79' lang='grc' dir='ltr'><strong>δοξάζοντι.</strong></span> <span class='ocrx_word' id='word_1_477' title='bbox 3877 3191 4030 3243; x_wconf 80' lang='grc' dir='ltr'><strong>Ἐτε-</strong></span> 
     </span>
    </p>
   </div>
   <div class='ocr_carea' id='block_1_69' title="bbox 2434 3273 4031 3349">
    <p class='ocr_par' dir='ltr' id='par_1_69' title="bbox 2434 3273 4031 3349">
     <span class='ocr_line' id='line_1_69' title="bbox 2434 3273 4031 3349; baseline 0.004 -23"><span class='ocrx_word' id='word_1_478' title='bbox 2434 3273 2642 3344; x_wconf 79' lang='grc' dir='ltr'><strong>λειώθη</strong></span> <span class='ocrx_word' id='word_1_479' title='bbox 2676 3275 2733 3328; x_wconf 83' lang='grc' dir='ltr'><strong>δὲ</strong></span> <span class='ocrx_word' id='word_1_480' title='bbox 2777 3278 2806 3328; x_wconf 89' lang='grc' dir='ltr'><strong>ό</strong></span> <span class='ocrx_word' id='word_1_481' title='bbox 2860 3275 2956 3329; x_wconf 85' lang='grc' dir='ltr'><strong>τοῦ</strong></span> <span class='ocrx_word' id='word_1_482' title='bbox 3014 3278 3258 3347; x_wconf 83' lang='grc' dir='ltr'><strong>Χριστοῦ</strong></span> <span class='ocrx_word' id='word_1_483' title='bbox 3293 3280 3504 3349; x_wconf 81' lang='grc' dir='ltr'><strong>μάρτυς</strong></span> <span class='ocrx_word' id='word_1_484' title='bbox 3562 3280 3854 3342; x_wconf 78' lang='grc' dir='ltr'><strong>Ἀειθαλᾶς</strong></span> <span class='ocrx_word' id='word_1_485' title='bbox 3884 3281 4031 3332; x_wconf 65' lang='grc' dir='ltr'><strong>κατὰ</strong></span> 
     </span>
    </p>
   </div>
   <div class='ocr_carea' id='block_1_70' title="bbox 2438 3366 4031 3442">
    <p class='ocr_par' dir='ltr' id='par_1_70' title="bbox 2438 3366 4031 3442">
     <span class='ocr_line' id='line_1_70' title="bbox 2438 3366 4031 3442; baseline 0.003 -22"><span class='ocrx_word' id='word_1_486' title='bbox 2438 3366 2531 3420; x_wconf 67' lang='grc' dir='ltr'><strong>τὶν</strong></span> <span class='ocrx_word' id='word_1_487' title='bbox 2578 3367 2795 3420; x_wconf 83' lang='grc' dir='ltr'><strong>Ἰούνιον</strong></span> <span class='ocrx_word' id='word_1_488' title='bbox 2829 3367 3001 3436; x_wconf 80' lang='grc' dir='ltr'><strong>μῆνα,</strong></span> <span class='ocrx_word' id='word_1_489' title='bbox 3031 3371 3131 3438; x_wconf 80' lang='grc' dir='ltr'><strong>τὴν</strong></span> <span class='ocrx_word' id='word_1_490' title='bbox 3169 3369 3291 3440; x_wconf 84' lang='grc' dir='ltr'><strong>ίσην</strong></span> <span class='ocrx_word' id='word_1_491' title='bbox 3318 3374 3427 3435; x_wconf 80' lang='grc' dir='ltr'><strong>τοῖς</strong></span> <span class='ocrx_word' id='word_1_492' title='bbox 3460 3373 3566 3442; x_wconf 74' lang='grc' dir='ltr'><strong>πρὸ</strong></span> <span class='ocrx_word' id='word_1_493' title='bbox 3597 3373 3762 3425; x_wconf 74' lang='grc' dir='ltr'><strong>αὐτοῦ</strong></span> <span class='ocrx_word' id='word_1_494' title='bbox 3800 3373 4031 3425; x_wconf 75' lang='grc' dir='ltr'><strong>τελειω-</strong></span> 
     </span>
    </p>
   </div>
   <div class='ocr_carea' id='block_1_71' title="bbox 2440 3459 4028 3535">
    <p class='ocr_par' dir='ltr' id='par_1_71' title="bbox 2440 3459 4028 3535">
     <span class='ocr_line' id='line_1_71' title="bbox 2440 3459 4028 3535; baseline 0.004 -24"><span class='ocrx_word' id='word_1_495' title='bbox 2440 3459 2581 3512; x_wconf 86' lang='grc' dir='ltr'><strong>θεῖσι</strong></span> <span class='ocrx_word' id='word_1_496' title='bbox 2631 3462 2902 3531; x_wconf 81' lang='grc' dir='ltr'><strong>μάρτυσιν</strong></span> <span class='ocrx_word' id='word_1_497' title='bbox 2956 3463 3212 3516; x_wconf 71' lang='grc' dir='ltr'><strong>ἔνστασιν</strong></span> <span class='ocrx_word' id='word_1_498' title='bbox 3277 3481 3338 3517; x_wconf 76' lang='grc' dir='ltr'><strong>τε</strong></span> <span class='ocrx_word' id='word_1_499' title='bbox 3382 3466 3478 3518; x_wconf 73' lang='grc' dir='ltr'><strong>καὶ</strong></span> <span class='ocrx_word' id='word_1_500' title='bbox 3523 3466 3830 3535; x_wconf 76' lang='grc' dir='ltr'><strong>καρτερίαν</strong></span> <span class='ocrx_word' id='word_1_501' title='bbox 3895 3467 4028 3535; x_wconf 72' lang='grc' dir='ltr'><strong>ἄχρι</strong></span> 
     </span>
    </p>
   </div>
   <div class='ocr_carea' id='block_1_72' title="bbox 2440 3556 4028 3632">
    <p class='ocr_par' dir='ltr' id='par_1_72' title="bbox 2440 3556 4028 3632">
     <span class='ocr_line' id='line_1_72' title="bbox 2440 3556 4028 3632; baseline 0.003 -22"><span class='ocrx_word' id='word_1_502' title='bbox 2440 3556 2675 3610; x_wconf 82' lang='grc' dir='ltr'><strong>θανάτου</strong></span> <span class='ocrx_word' id='word_1_503' title='bbox 2709 3557 3125 3627; x_wconf 65' lang='grc' dir='ltr'><strong>ἑπιδιιξάμενος</strong></span> <span class='ocrx_word' id='word_1_504' title='bbox 3158 3559 3381 3630; x_wconf 74' lang='grc' dir='ltr'><strong>βοηθείᾳ</strong></span> <span class='ocrx_word' id='word_1_505' title='bbox 3424 3563 3522 3615; x_wconf 73' lang='grc' dir='ltr'><strong>καὶ</strong></span> <span class='ocrx_word' id='word_1_506' title='bbox 3565 3563 3751 3632; x_wconf 76' lang='grc' dir='ltr'><strong>χάριτι</strong></span> <span class='ocrx_word' id='word_1_507' title='bbox 3785 3561 4028 3630; x_wconf 74' lang='grc' dir='ltr'><strong>Χριστοῦ</strong></span> 
     </span>
    </p>
   </div>
   <div class='ocr_carea' id='block_1_73' title="bbox 2440 3648 4029 3724">
    <p class='ocr_par' dir='ltr' id='par_1_73' title="bbox 2440 3648 4029 3724">
     <span class='ocr_line' id='line_1_73' title="bbox 2440 3648 4029 3724; baseline 0 -20"><span class='ocrx_word' id='word_1_508' title='bbox 2440 3650 2542 3704; x_wconf 80' lang='grc' dir='ltr'><strong>τοῦ</strong></span> <span class='ocrx_word' id='word_1_509' title='bbox 2573 3649 2834 3720; x_wconf 84' lang='grc' dir='ltr'><strong>ἀληθινοῦ</strong></span> <span class='ocrx_word' id='word_1_510' title='bbox 2858 3650 2995 3705; x_wconf 84' lang='grc' dir='ltr'><strong>Θεοῦ</strong></span> <span class='ocrx_word' id='word_1_511' title='bbox 3027 3653 3204 3721; x_wconf 78' lang='grc' dir='ltr'><strong>ἡμῶν,</strong></span> <span class='ocrx_word' id='word_1_512' title='bbox 3229 3648 3272 3721; x_wconf 83' lang='grc' dir='ltr'>ᾧ</span> <span class='ocrx_word' id='word_1_513' title='bbox 3303 3656 3506 3723; x_wconf 81' lang='grc' dir='ltr'><strong>πρέπει</strong></span> <span class='ocrx_word' id='word_1_514' title='bbox 3531 3657 3682 3707; x_wconf 78' lang='grc' dir='ltr'><strong>πᾶσα</strong></span> <span class='ocrx_word' id='word_1_515' title='bbox 3711 3655 3862 3719; x_wconf 81' lang='grc' dir='ltr'><strong>δόξα,</strong></span> <span class='ocrx_word' id='word_1_516' title='bbox 3895 3655 4029 3724; x_wconf 76' lang='grc' dir='ltr'><strong>τιμὴ</strong></span> 
     </span>
    </p>
   </div>
   <div class='ocr_carea' id='block_1_74' title="bbox 2446 3742 4031 3816">
    <p class='ocr_par' dir='ltr' id='par_1_74' title="bbox 2446 3742 4031 3816">
     <span class='ocr_line' id='line_1_74' title="bbox 2446 3742 4031 3816; baseline 0 -20"><span class='ocrx_word' id='word_1_517' title='bbox 2446 3742 2540 3796; x_wconf 79' lang='grc' dir='ltr'><strong>καὶ</strong></span> <span class='ocrx_word' id='word_1_518' title='bbox 2582 3742 2954 3812; x_wconf 79' lang='grc' dir='ltr'><strong>προσκύνησις</strong></span> <span class='ocrx_word' id='word_1_519' title='bbox 3007 3744 3104 3796; x_wconf 80' lang='grc' dir='ltr'><strong>σὺν</strong></span> <span class='ocrx_word' id='word_1_520' title='bbox 3147 3744 3224 3814; x_wconf 83' lang='grc' dir='ltr'><strong>τῷ</strong></span> <span class='ocrx_word' id='word_1_521' title='bbox 3271 3744 3493 3816; x_wconf 68' lang='grc' dir='ltr'><strong>ἁνάργῳ</strong></span> <span class='ocrx_word' id='word_1_522' title='bbox 3532 3745 3681 3814; x_wconf 82' lang='grc' dir='ltr'><strong>αὐτῷ</strong></span> <span class='ocrx_word' id='word_1_523' title='bbox 3718 3746 3898 3812; x_wconf 69' lang='lat' dir='ltr'><strong>flath</strong></span> <span class='ocrx_word' id='word_1_524' title='bbox 3936 3746 4031 3798; x_wconf 80' lang='grc' dir='ltr'><strong>καὶ</strong></span> 
     </span>
    </p>
   </div>
   <div class='ocr_carea' id='block_1_75' title="bbox 2443 3833 4029 3905">
    <p class='ocr_par' dir='ltr' id='par_1_75' title="bbox 2443 3833 4029 3905">
     <span class='ocr_line' id='line_1_75' title="bbox 2443 3833 4029 3905; baseline 0.003 -19"><span class='ocrx_word' id='word_1_525' title='bbox 2443 3833 2522 3903; x_wconf 83' lang='grc' dir='ltr'><strong>τῷ</strong></span> <span class='ocrx_word' id='word_1_526' title='bbox 2569 3833 2819 3903; x_wconf 77' lang='grc' dir='ltr'><strong>ζωοποιῷ</strong></span> <span class='ocrx_word' id='word_1_527' title='bbox 2859 3833 3136 3905; x_wconf 82' lang='grc' dir='ltr'><strong>Πνεύματι</strong></span> <span class='ocrx_word' id='word_1_528' title='bbox 3167 3835 3265 3888; x_wconf 91' lang='grc' dir='ltr'><strong>νῦν</strong></span> <span class='ocrx_word' id='word_1_529' title='bbox 3317 3837 3415 3890; x_wconf 76' lang='grc' dir='ltr'><strong>καὶ</strong></span> <span class='ocrx_word' id='word_1_530' title='bbox 3466 3837 3576 3902; x_wconf 69' lang='grc' dir='ltr'><strong>ἀεὶ,</strong></span> <span class='ocrx_word' id='word_1_531' title='bbox 3615 3838 3712 3889; x_wconf 79' lang='grc' dir='ltr'><strong>καὶ</strong></span> <span class='ocrx_word' id='word_1_532' title='bbox 3765 3837 3849 3899; x_wconf 84' lang='grc' dir='ltr'><strong>είς</strong></span> <span class='ocrx_word' id='word_1_533' title='bbox 3903 3833 4029 3898; x_wconf 79' lang='grc' dir='ltr'><strong>τοὺς</strong></span> 
     </span>
    </p>
   </div>
   <div class='ocr_carea' id='block_1_76' title="bbox 2447 3923 3298 3997">
    <p class='ocr_par' dir='ltr' id='par_1_76' title="bbox 2447 3923 3298 3997">
     <span class='ocr_line' id='line_1_76' title="bbox 2447 3923 3298 3997; baseline 0.005 -19"><span class='ocrx_word' id='word_1_534' title='bbox 2447 3923 2652 3988; x_wconf 65' lang='grc' dir='ltr'><strong>αὲῶνας</strong></span> <span class='ocrx_word' id='word_1_535' title='bbox 2683 3924 2794 3981; x_wconf 85' lang='grc' dir='ltr'><strong>τῶν</strong></span> <span class='ocrx_word' id='word_1_536' title='bbox 2829 3925 3066 3982; x_wconf 84' lang='grc' dir='ltr'><strong>αίώνων.</strong></span> <span class='ocrx_word' id='word_1_537' title='bbox 3098 3927 3298 3997; x_wconf 79' lang='grc' dir='ltr'><strong>’Δμήν.</strong></span> 
     </span>
    </p>
   </div>
  </div>
