4242 6442
238 389 342 453 861

1512 396 1685 459 VlTA
1712 398 1775 460 S.
1818 398 2218 461 AMBROSII.

520 678 768 768 ΒΙοΣ
845 680 1040 766 ΚΑΙ
1116 681 1660 771 ΠΟΛΙΤΕΙΑ
1734 687 1962 773 ΤΟΥ
2040 691 2380 777 ΟΣΙΟΥ
2420 692 2855 777 ΠΑΤΡΟΣ
2938 694 3260 779 ΗΜΩΝ

1218 894 2537 1071 ΑΜΒΡΟΣΙΟΥ

864 1193 1794 1313 ΕΠΙΣΚΟΠΟΥ
1868 1190 2931 1315 ΜΕΔΙΟΛΑΝΟΥ.

1830 1443 1903 1455 —.

656 1580 941 1673 VITA
1015 1583 1167 1679 ET
1228 1586 2074 1685 CONVERSATIO
2152 1588 2577 1679 PATRIS
2664 1585 3107 1681 NOSTBI

1418 1835 2347 1996 AMBROSII

891 2127 1539 2245 EPISCOPI
1644 2134 2864 2249 MEDIOLANENSIS.

374 2349 581 2414 (Aprilis
602 2349 684 2402 die
710 2346 761 2401 ι.
801 2378 857 2389 -
877 2352 949 2402 Ex
973 2348 1081 2403 cod.
1109 2354 1194 2404 Gr.
1220 2352 1374 2405 Paris.
1404 2357 1539 2406 ιιδε.
1569 2358 1742 2408 Exstat
1761 2360 1962 2422 quidem
2006 2360 2255 2422 Operibus
2293 2363 2544 2414 Ambrosii
2568 2366 2651 2416 ed.
2675 2364 2864 2415 Bened.
2899 2363 3115 2423 prolixa,
3138 2362 3226 2413 sed
3251 2361 3393 2415 initio

1432 2471 1607 2519 mutila
1631 2478 1684 2521 et
1704 2485 1815 2522 cum
1836 2474 1995 2524 multa
2037 2477 2326 2536 varietate.)

320 2792 489 2859 οὗτος
517 2798 544 2849 ὁ
577 2797 633 2849 ὲν
672 2797 847 2863 ἁγίοις
890 2796 1212 2867 Ἀμὸρόσιος
1234 2797 1370 2867 ἀνὴρ
1404 2798 1738 2867 ἀξιέπαινος,
1776 2804 1833 2857 ἰν
1864 2858 1865 2863 η

2009 2804 2245 2859 Sanctus
2275 2803 2626 2866 Ambrosius,
2648 2802 2734 2855 vir
2751 2802 3011 2856 laudibus
3027 2802 3516 2869 cumulatissimus,

246 2889 316 2957 τῇ
348 2887 445 2957 τῆς
500 2883 719 2956 Ῥώμης
765 2885 1055 2956 συγκλήτῳ
1115 2886 1170 2939 ιν
1209 2886 1480 2952 πλείστοις
1530 2890 1833 2961 ἀξιώμασιν

249 2980 579 3048 διαπρέψας,
609 2978 667 3042 ὃς
709 2978 801 3031 καὶ
832 2978 929 3047 τὴν
966 2980 1262 3048 ἡγεμονίαν
1288 2981 1695 3049 ὲμπεπίστευτο
1728 2987 1838 3039 πά·-

251 3092 353 3144 σης
376 3075 475 3143 τῆς
532 3073 759 3135 Ἰταλίας
792 3074 941 3141 παρὰ
974 3072 1083 3125 τῶν
1116 3073 1355 3127 εὐσεϐῶν
1384 3075 1648 3144 βασιλέων
1681 3081 1836 3132 Κων-

250 3166 533 3221 σταντίνου
569 3166 663 3218 καὶ
713 3164 948 3217 Κώνστα
980 3163 1113 3215 υίῶν
1153 3163 1244 3217 τοῦ
1279 3168 1515 3234 μεγάλου
1548 3170 1837 3223 Κωνσταν-

248 3260 417 3324 τίνου,
451 3259 693 3329 ἀμύητος
717 3257 817 3327 μὲν
841 3255 935 3308 τοῦ
970 3255 1118 3309 θείου
1154 3256 1526 3327 βαπτίσματος
1559 3260 1833 3331 ὑπῆρχεν,

251 3352 365 3422 βίον
396 3351 451 3404 δὲ
482 3349 869 3421 καθαρώτατον
911 3350 1004 3402 καὶ
1042 3350 1296 3421 ινάρετον
1330 3353 1612 3421 ἐκέκτητο,
1636 3355 1698 3406 οὺ
1731 3354 1836 3424 μὴν

250 3444 386 3496 ἀλλὰ
425 3443 518 3495 καὶ
549 3442 670 3513 θείᾳ
710 3442 873 3511 σοφίᾳ
928 3441 1021 3493 καὶ
1051 3444 1263 3494 συνέσει
1310 3443 1406 3511 τῆς
1440 3443 1696 3510 γνώσεως
1727 3446 1837 3499 τῶν

249 3534 508 3606 Γραφῶν,
541 3534 639 3604 τῆς
689 3552 748 3587 τε
779 3534 884 3602 ἔξω
926 3533 1172 3597 παιδείας
1220 3534 1313 3588 καὶ
1344 3535 1442 3604 τῆς
1478 3535 1836 3591 θεοπνεύστου

250 3627 477 3696 Γραφῆς
498 3626 761 3696 ἔμπειρος
786 3623 874 3696 ἦν,
901 3625 1273 3697 δικαιοκρίτης
1295 3643 1354 3678 τε
1390 3629 1480 3679 καὶ
1513 3629 1836 3698 ἀπροσωπο-

248 3719 455 3787 ληπτος
493 3718 753 3789 δικαστὴς
781 3719 837 3771 ιν
865 3721 929 3788 τῇ
969 3720 1113 3788 ἀρχῇ
1139 3719 1236 3788 τῆς
1287 3720 1584 3789 ἡγεμονίας
1614 3720 1840 3791 γενόμε-

250 3826 341 3870 νος
363 3811 544 3863 πᾶσαν
572 3809 819 3881 πονηρὰν
851 3808 1049 3879 πρᾶξιν
1084 3810 1173 3862 καὶ
1208 3810 1521 3879 παράνομον
1549 3809 1840 3880 διελέγχων

250 3902 348 3956 καὶ
378 3901 780 3972 διορθούμενος.
811 3902 1000 3965 Ὅπως
1027 3902 1083 3954 δὲ
1115 3902 1193 3963 είς
1250 3902 1349 3971 τὴν
1378 3902 1478 3973 τῆς
1534 3904 1841 3973 ἐπισκοπῆς

251 3993 427 4064 ἀρχὴν
462 3994 845 4065 προεχειρίσθη
880 3995 998 4064 Θείᾳ
1028 3997 1187 4066 ψήφῳ
1210 3996 1342 4065 ιρῶ.

326 4085 409 4139 A'.
441 4086 884 4139 οὺαλεντινιανοῠ
920 4087 998 4156 (i)
1034 4088 1213 4139 τοίνυν
1252 4089 1390 4155 μετὰ
1422 4088 1680 4156 τελευτὴν
1725 4089 1837 4141 ’Ῑω-
1908 4070 1913 4076 ’

1942 2896 2197 2967 plurimis
2260 2904 2488 2951 senatus
2550 2896 2782 2950 Romani
2846 2896 3211 2965 dignitatibus
3270 2896 3516 2960 functus,

1944 2988 2114 3042 totius
2176 3003 2396 3057 quoque
2424 2988 2591 3042 italia:
2638 2988 2931 3056 praefectus
2972 2988 3296 3042 nominatus
3348 3003 3376 3039 a
3418 2990 3521 3057 piis

1944 3081 2376 3151 imperatoribus
2403 3080 2771 3136 Constantino
2800 3092 2855 3136 et
2885 3080 3208 3142 Constanet,
3246 3080 3521 3135 Constan-

1941 3174 2044 3228 tini
2077 3174 2251 3242 Magni
2286 3173 2637 3237 ﬁliis,divlno
2669 3173 2999 3243 baptismate
3023 3175 3370 3242 perfunctus,
3398 3172 3522 3226 vitae

1944 3267 2258 3336 integritate
2288 3276 2343 3322 et
2378 3266 2604 3333 virtute,
2636 3267 2747 3321 imo
2780 3267 2967 3320 divina
2994 3280 3217 3335 quoque
3249 3265 3520 3332 sapientia

1942 3368 1999 3414 et
2027 3358 2438 3427 Scripturarum
2474 3360 2747 3413 divinitus
2777 3360 3170 3428 inspiratarum
3202 3356 3522 3425 cognitione

1944 3452 2206 3521 prmditus
2280 3451 2406 3506 fuit.
2484 3451 2591 3506 Sed
2643 3452 2813 3520 judex
2883 3464 3105 3520 quoque
3161 3451 3345 3518 justus
3382 3448 3523 3502 -sine

1946 3547 2268 3616 acceptione
2296 3562 2679 3615 personarum,
2714 3548 2769 3601 in
2805 3544 3135 3616 praefectura
3166 3558 3264 3597 sua
3302 3555 3520 3595 omnem

1946 3638 2145 3692 malam
2175 3644 2455 3691 actionem
2485 3638 2688 3693 avertit
2726 3636 3072 3706 punivitque.
3112 3634 3210 3687 Hic
3240 3632 3521 3701 quomodo

1947 3729 2133 3783 divina
2184 3729 2472 3783 voluntate
2531 3729 2588 3782 in
2641 3726 3180 3797 archiepisc0patum
3232 3729 3527 3793 provectus

1948 3821 2040 3887 sit,
2072 3822 2182 3889 iam
2222 3822 2476 3877 referam.

2022 4091 2062 4140 l.
2134 4088 2269 4143 Cum
2342 4088 2768 4142 Valentinianus
2838 4096 2963 4157 post
3017 4087 3237 4143 Ioviani
3294 4095 3530 4142 mortem

254 4179 442 4231 διανοῦ
479 4179 547 4231 τὰ
603 4183 859 4248 σκῆπτρα
909 4181 1009 4249 τῆς
1066 4179 1345 4249 βασιλείας
1404 4180 1723 4249 δεξαμένου,
1748 4180 1842 4233 τὸν

1948 4190 2229 4249 sceptrum
2260 4180 2477 4248 imperii
2505 4181 2864 4248 suscepisset,
2886 4180 3114 4234 fratrem
3138 4194 3302 4233 suum
3331 4179 3532 4233 Valen-

256 4272 390 4326 ίδιον
412 4272 638 4341 ἀδελφὸν
684 4275 900 4344 Οὐάλην
938 4275 1002 4325 ὲκ
1030 4275 1300 4336 Πσνονίας
1330 4273 1556 4341 ἀγαγὼν
1590 4272 1843 4325 κοινωνὸν

255 4367 494 4418 ποιεῖται
524 4366 623 4434 τῆς
660 4364 962 4435 βασιλείας,
1004 4364 1099 4417 καὶ
1136 4366 1233 4435 τῆς
1271 4367 1454 4428 Ἀσίας
1487 4365 1635 4435 αὐτῷ
1664 4381 1842 4433 παρα-

252 4457 379 4521 δοὺς
408 4458 476 4510 τὰ
499 4458 754 4528 σκῆπτρα
781 4458 874 4511 καὶ
912 4459 1096 4529 μέντοι
1131 4460 1225 4511 καὶ
1258 4459 1356 4527 τῆς
1375 4458 1653 4526 Αἰγύπτου
1679 4498 1692 4522 ,
1718 4458 1844 4509 εαυ-

259 4550 340 4620 τῷ
369 4552 467 4621 τὴν
500 4550 769 4623 Εὐρώπην
821 4554 1109 4623 ἀπένειμε,
1159 4553 1249 4605 καὶ
1286 4554 1383 4622 τὴν
1421 4552 1641 4623 Ῥώμην
1676 4570 1844 4605 κατα-

260 4644 441 4700 λαϐὼν
470 4648 650 4700 πᾶσαν
679 4647 776 4716 τὴν
804 4645 954 4699 δύσιν
985 4646 1246 4717 εὐνομίαν
1294 4646 1699 4712 ὲξεπαίδευσεν,
1736 4642 1844 4699 ἀπὸ

253 4736 364 4789 τῶν
394 4737 490 4801 τῆς
517 4738 798 4802 εὐσεὸείας
833 4740 1205 4809 κηρυγμάτων
1233 4738 1559 4807 ἀρξάμενος.

327 4827 402 4881 B’.
440 4826 730 4892 Δὺξεντίου
756 4831 883 4899 γὰρ,
916 4828 975 4892 ὃς
1008 4828 1108 4895 τὴν
1148 4828 1363 4897 Ἀρείου
1411 4827 1510 4897 μὲν
1544 4823 1845 4889 εἰσεδέξατο

252 4919 814 4985 λώδην,Μεδιολάνων
839 4920 896 4973 δὲ
925 4921 1025 4989 τὴν
1062 4920 1388 4989 Ἐκκλησίαν
1410 4918 1856 4987 ἐμπεπιστευμέο,

256 5030 350 5068 νου
380 5014 438 5066 ὲν
468 5014 747 5077 πλείσταις
768 5012 1126 5085 ἀπεκηρύχθη
1146 5013 1405 5075 συνόδοις,
1423 5013 1514 5065 τὸν
1535 5010 1647 5081 βίον
1676 4996 1866 5076 ὑπεξ-’

257 5106 529 5170 ελθόντος,
598 5106 1103 5175 μεταπεμψάμενος
1191 5107 1315 5168 τοὺς
1380 5106 1480 5175 τῆς
1538 5103 1845 5173 ἐπισκοπῆς

257 5198 695 5260 οΰαλεντινιανὸς
718 5200 747 5252 δ
768 5197 1042 5269 βασιλεὺς,
1057 5198 1283 5251 τοιοῖσδε
1302 5197 1438 5267 πρὸς
1460 5197 1657 5259 αὐτοὺς
1681 5195 1846 5266 ἐχρή-

259 5309 390 5346 σατο
408 5293 605 5360 λόγοις·
664 5292 805 5345 Ἰστε
839 5292 1049 5360 σαφῶς,
1083 5290 1179 5345 ἁτε
1214 5290 1279 5360 δὴ
1308 5293 1422 5353 τοῖς
1459 5290 1623 5353 θείοις
1668 5289 1845 5355 λόγοις

256 5385 708 5454 ὲντεθραμμένοι,
735 5386 915 5437 ὁποῖον
942 5379 1082 5437 εἶναι
1104 5385 1370 5453 προσήκει
1390 5383 1479 5435 τὸν
1503 5380 1845 5451 ἀρχιερωσύ-

256 5492 357 5545 νης
389 5474 713 5545 ἠξιωμένον,
744 5477 837 5529 καὶ
865 5474 938 5537 ὡς
962 5475 1021 5527 οὺ
1054 5476 1158 5545 χρὴ
1189 5474 1331 5543 λόγῳ
1370 5474 1549 5543 μόνον,
1583 5472 1720 5526 ἀλλὰ
1749 5472 1845 5524 καὶ

259 5569 361 5638 βίῳ
412 5569 536 5629 τοὺς
566 5567 900 5638 ἀρχομένους
929 5550 1236 5638 ῥυθμίζειν,
1269 5565 1364 5618 καὶ
1413 5566 1593 5634 πάσης
1642 5564 1844 5634 ἀρετῆς

257 5659 449 5713 ἑαυτὸν
470 5661 776 5731 ἀρχέτυπον
804 5659 1139 5731 προτιθέναι.
1169 5660 1262 5712 καὶ
1300 5659 1553 5729 μάρτυρα
1575 5657 1720 5727 ἔχειν
1742 5656 1840 5726 τῆς

1951 4277 2060 4325 tem
2118 4285 2184 4348 ex
2246 4270 2530 4325 Pannonia
2579 4286 2897 4337 accersens,
2951 4286 3180 4326 summa:
3243 4271 3536 4340 potestatis

1951 4373 2263 4417 consortem
2317 4363 2447 4417 fecit
2501 4380 2515 4417 :
2569 4373 2625 4418 et
2678 4376 2899 4432 sceptro
2954 4364 3095 4419 Asia:
3146 4374 3313 4434 atque
3365 4366 3533 4420 etiam

1949 4450 2165 4521 Egypti
2198 4452 2250 4505 in
2283 4467 2410 4506 eum
2434 4454 2793 4523 transcripta,
2820 4454 3099 4523 Europam
3127 4455 3237 4509 sibi
3275 4454 3531 4515 retinuit.

1949 4551 2005 4599 et
2032 4542 2261 4598 Romam
2292 4551 2507 4613 petens.
2542 4546 2838 4600 universos
2856 4546 3176 4601 Occidentis
3202 4548 3438 4615 papulas
3462 4547 3533 4600 ad

1950 4652 2139 4693 veram
2171 4636 2400 4691 adduxit
2446 4637 2543 4692 Dei
2593 4640 2990 4707 cognitionem,
3015 4655 3044 4694 a
3080 4639 3303 4708 pietatis
3342 4639 3536 4708 pradi-

1950 4732 2170 4786 catione
2212 4739 2340 4784 ante
2372 4730 2556 4785 omnia
2591 4746 2820 4799 regnum
2850 4732 3192 4799 auspicatus.

2019 4822 2085 4879 ll.
2136 4823 2354 4878 Etenim
2382 4823 2683 4883 Auxentio.
2742 4824 2839 4892 qui
2885 4825 3002 4877 Arii
3067 4825 3309 4880 schisma
3352 4825 3535 4878 fuerat

1952 4915 2260 4984 amplexus,
2287 4922 2344 4969 et
2365 4914 2668 4970 Ecclesiam
2693 4916 3159 4973 Mediolanensem
3184 4922 3532 4973 commissam

1921 5008 2191 5072 .babens,
2248 5007 2309 5063 in
2369 5008 2558 5064 multis
2617 5009 2843 5079 synodis
2903 5011 3194 5065 abdicatus
3255 5023 3359 5076 est,
3421 5014 3533 5066 vita

1951 5100 2235 5167 defuncto,
2282 5100 2582 5171 imperator
2620 5100 3042 5157 Valentinianus
3085 5118 3212 5156 cum
3240 5104 3535 5181 episcopos

1952 5197 2019 5253 ad
2041 5212 2101 5253 se
2128 5204 2402 5258 vocasset,
2428 5196 2573 5267 apud
2603 5211 2703 5252 eos
2735 5212 2868 5251 usus
2895 5207 2979 5253 est
3013 5198 3102 5252 bis
3126 5177 3479 5253 sermonibus
3516 5216 3529 5251 :

1950 5290 2157 5361 Aperte
2236 5292 2435 5355 nostis,
2502 5292 2969 5360 quemadmodum
3050 5292 3302 5346 homines
3370 5291 3532 5345 decet

1952 5383 2257 5438 innutritos
2290 5382 2500 5437 divinis
2542 5383 2752 5447 verbis,
2790 5384 3010 5452 qualem
3057 5396 3177 5437 esse
3227 5383 3374 5435 hunc
3401 5397 3531 5434 con-

1952 5475 2157 5538 veniat,
2190 5473 2285 5544 qui
2319 5473 2387 5528 ad
2424 5474 2694 5529 honorem
2718 5473 3072 5543 episcopatus
3099 5481 3528 5541 promoveatur;

1951 5573 2007 5621 et
2029 5582 2138 5635 qua
2168 5566 2383 5622 ratione
2445 5566 2699 5621 subditos
2726 5580 2837 5619 non
2868 5564 3040 5619 verbo
3071 5571 3304 5623 tantum,
3336 5576 3528 5613 verum

1951 5666 2007 5714 et
2038 5658 2150 5713 vita
2183 5672 2377 5731 regere
2407 5657 2630 5725 debeat,
2676 5665 2732 5714 et
2771 5656 3055 5726 exemplar
3092 5653 3272 5710 omnis
3307 5652 3537 5707 virtutis

333 5873 411 5939 (t)
465 5866 566 5924 llic
614 5867 808 5937 incipit
866 5863 987 5922 Vita
1048 5862 1105 5919 in
1149 5861 1238 5917 ed.
1292 5861 1499 5919 Bened.
1538 5859 1594 5917 S.
1644 5858 1948 5917 Ambrosii.
