4242 6442
743 421 855 486 863

1894 426 2255 488 ADDENDA
2306 450 2375 464 -
2411 427 2741 488 APRILIS.

3912 417 4031 482 864

741 537 989 608 seipsum
1011 551 1348 608 proponere,
1371 551 1438 593 ac
1456 537 1674 593 demum
1697 537 1965 594 doctrinae
1989 555 2101 595 sua
2124 549 2317 597 testem
2352 553 2395 611 Α

2366 553 2395 610 Α
2425 541 2780 603 διδασκαλίας
2829 539 2927 610 τὴν
2955 540 3254 595 πολιτείαν.
3309 538 3563 593 Τοιοῦτον
3590 537 3656 607 δὴ
3683 532 3778 590 οὗν
3807 536 3898 590 καὶ
3934 536 4041 588 νῦν

747 630 951 685 habere
979 631 1104 684 vitu-
1136 629 1567 684 institutionem.
1599 629 1789 684 Talem
1822 631 1993 699 igitur
2018 641 2074 685 et
2095 647 2242 687 nunc
2268 634 2322 688 in

748 723 1051 792 episcopali
1083 722 1286 775 throno
1317 722 1606 786 collocate,
1642 729 1700 775 ut
1728 736 1830 776 nos
1858 738 1888 776 a
1919 723 2122 791 quibus
2147 724 2324 793 impe-

749 815 889 866 rium
943 813 1305 880 gubernatur,
1373 813 1589 866 sincere
1655 812 1988 868 inclinemus
2041 814 2090 868 ei
2146 816 2324 883 capita

749 917 961 968 nostra,
1009 918 1065 960 et
1114 907 1287 959 tactas
1327 907 1394 960 ab
1423 923 1490 961 eo
1539 906 2002 975 reprehensiones
2066 917 2325 976 tanquam

751 999 1019 1051 medicam
1046 1000 1388 1051 curationem
1420 999 1790 1067 excipiamus;
1823 1015 1944 1052 cum
1972 999 2121 1055 enim
2153 999 2326 1054 simus

751 1089 1027 1143 homines.
1066 1089 1231 1141 etiam
1285 1088 1636 1141 oﬂcndamus
1666 1090 1895 1141 omnino
1943 1105 2169 1144 necesse
2219 1099 2322 1146 est.

820 1181 908 1236 IIl.
944 1181 1280 1252 Religiosum
1339 1181 1730 1249 imperatorem
1769 1181 2207 1234 Valentinianum
2253 1182 2326 1234 ita

749 1275 996 1329 locutum
1055 1275 1278 1342 rogabat
1340 1285 1666 1336 conventus,
1725 1283 1785 1325 ut
1839 1273 1953 1341 ipse
2003 1273 2326 1341 suffragium

751 1365 942 1428 ferret,
963 1367 1168 1434 quippe
1189 1367 1280 1432 qui
1310 1365 1578 1432 sapientia
1603 1375 1656 1417 et
1680 1366 1885 1434 pietate
1910 1369 2137 1417 ornatus
2157 1374 2323 1417 esset.

753 1457 854 1512 Ille
881 1472 1014 1510 vero
1049 1475 1061 1508 :
1099 1457 1256 1510 Vires
1295 1472 1467 1520 meas,
1513 1457 1713 1526 inquit,
1749 1457 1911 1525 longe
1945 1464 2172 1523 superat
2205 1455 2328 1508 talis

753 1561 982 1605 cenatus
1013 1567 1028 1604 :
1058 1560 1114 1604 at
1141 1565 1238 1603 vos
1269 1549 1362 1618 qui
1397 1549 1583 1602 divina
1619 1550 1793 1618 gratia
1830 1549 2100 1610 decorati,
2134 1559 2190 1601 et
2222 1549 2328 1603 hoc

753 1643 946 1696 eodem
972 1639 1268 1711 splendore
1289 1640 1478 1694 donati
1500 1640 1654 1702 estis,
1678 1641 1851 1708 magis
1872 1655 2116 1709 congrue
2139 1640 2330 1695 feretis

756 1735 1103 1804 suﬂ'ragiutn.
1141 1733 1235 1786 Isti
1269 1732 1434 1801 igitur
1462 1731 1593 1784 hinc
1631 1739 1902 1785 exeuntes
1934 1733 2076 1801 apud
2108 1747 2167 1786 se
2194 1732 2333 1786 deli-

2430 633 2541 695 τοῖς
2574 632 2986 702 ἀρχιερατικοῐς
3009 632 3439 702 ἐγκαθιδρύσατε
3463 631 3717 701 θρόνοις,
3749 631 3895 685 ὅπως
3936 628 4040 680 καὶ

2430 727 2587 796 ἡμεῖς
2628 725 2678 776 οι
2732 725 2830 795 τὴν
2883 723 3161 792 βασιλείαν
3194 725 3464 786 ίθύνοντες
3519 721 3831 792 εἰλικρινῶς
3874 721 4039 786 αὖτῷ

2429 817 2527 877 τὰς
2553 815 2827 886 ἡμετέρας
2882 814 3262 884 ύποκλίνωμεν
3292 801 3559 882 κεφαλὰς,
3605 813 3702 864 καὶ
3739 814 3865 873 τοὺς
3889 809 4040 878 παρ’

2429 910 2641 963 ἐκείνου
2692 911 3011 980 γινομένους
3046 911 3305 981 ἐλέγχους
3342 911 3417 973 ὡς
3454 909 3709 978 ίατρικὴν
3759 903 4037 958 ἀσπασιὶμ

2433 1002 2573 1072 μεθα
2634 1003 2966 1073 θεραπείαν·
3010 1004 3334 1074 ἀνθρώπους
3387 1002 3497 1072 γὰρ
3531 1002 3678 1071 ἡμᾶς
3736 999 3898 1061 ὄντας
3933 997 4036 1049 καὶ

2431 1096 2793 1162 προσπταίειν
2823 1095 3036 1165 ἀνάγκη
3070 1095 3310 1156 πάντως.

2502 1187 2576 1241 Γ’.
2618 1185 2803 1240 Ταῦτα
2836 1187 2931 1240 τοῦ
2963 1185 3222 1250 εύσεὸοὖς
3260 1187 3527 1257 βασιλέως
3567 1178 4032 1237 Ούαλεντινιανοῦ

2432 1280 2712 1346 εἰρηκότος
2757 1281 2788 1348 ἠ
2843 1281 3065 1342 σύνοδος
3129 1281 3291 1333 αὑτὸν
3344 1278 3496 1348 ἠξίου
3548 1275 3890 1346 ψηφίσασθαι
3933 1287 4031 1322 σοι

2433 1373 2530 1437 φόν
2556 1387 2613 1420 τε
2648 1371 2776 1422 δντα
2809 1372 2900 1422 καὶ
2939 1371 3194 1440 εὐσεϐείᾳ
3246 1369 3643 1437 κοσμούμενον.
3695 1367 3754 1416 '0
3783 1365 3842 1416 δὲ
3885 1363 4027 1429 ἔφη·

2431 1459 2634 1524 Μεῖζον
2673 1461 2706 1529 ἢ
2737 1459 2858 1513 καθ’
2908 1462 3052 1530 ἡμᾶς
3083 1462 3142 1512 τδ
3189 1460 3532 1530 ἐγχείρημα·
3574 1458 3734 1526 ὑμεῖς
3781 1455 3893 1522 γὰρ
3924 1453 4028 1519 τῆς

2431 1551 2580 1614 Θείας
2610 1550 2899 1621 ἠξιωμένοι
2945 1553 3168 1623 χάριτος
3195 1551 3291 1604 καὶ
3315 1550 3413 1621 τὴν
3439 1550 3635 1619 αἴγλην
3666 1548 3886 1614 εκείνην
3915 1546 4028 1596 είσ-

2431 1643 2744 1711 δεδεγμένοι
2796 1644 3018 1713 ἀμεινον
3049 1644 3369 1713 ψηφιεῖσθε.
3395 1638 3554 1697 Οὗτοι
3593 1642 3686 1710 μὲν
3710 1638 4029 1702 ἐξελθόντες

2435 1735 2558 1786 καθ’
2591 1735 2819 1798 ἑαυτοὺς
2855 1736 3236 1788 ἐϐουλεύοντο⁸
3283 1737 3333 1787 οἱ
3369 1735 3424 1788 δὲ
3457 1736 3556 1805 τὴν
3597 1735 3751 1786 πΰλιν
3807 1731 4030 1798 ἐκείνην

755 1832 1108 1885 bcraverunt.
1133 1827 1292 1882 Cives
1315 1843 1482 1895 porro
1499 1827 1644 1879 illius
1663 1826 1820 1879 urbis
1839 1826 2166 1879 seditionem
2186 1826 2332 1879 inter

2433 1827 2712 1888 οἰκοῦντες
2764 1827 3112 1891 ἐστασίαζον,
3167 1829 3348 1896 οἱμὲν
3379 1828 3589 1890 τοῦτον,
3642 1829 3685 1877 οξ
3729 1825 3785 1876 δὲ
3813 1825 4030 1875 ἐκεῖνον

754 1938 814 1976 se
843 1919 1284 1980 commovebant,
1312 1919 1365 1970 bi
1393 1918 1616 1985 quidem
1645 1917 1821 1980 illum,
1865 1917 1943 1970 illi
1975 1927 2158 1971 autem
2185 1917 2335 1971 hunc
2368 1911 2408 1966 Β

2368 1911 2408 1966 Β
2439 1920 2816 1990 προδληθῆναι
2850 1921 3300 1988 φιλονεικεῖντες.
3337 1921 3400 1972 Ol
3440 1920 3538 1989 μὲν
3575 1922 3680 1987 γὰρ
3708 1921 3806 1985 τῆς
3830 1917 4031 1980 Ᾱύξενο

753 2013 996 2083 prasponi
1027 2011 1443 2066 contendentes.
1471 2010 1572 2076 Qui
1606 2010 1752 2064 enim
1779 2010 2146 2063 Auxentiilue
2169 2020 2330 2064 erant

2437 2012 2551 2063 τίου
2576 2013 2732 2064 νόσου
2769 2014 3149 2081 μετειληχότες
3177 2014 3302 2074 τοὺς
3333 2011 3639 2079 ὁμόφρονας
3672 2009 4028 2076 ἐψηφίζοντοο

757 2106 967 2169 infecti,
1000 2121 1185 2159 secum
1215 2103 1583 2157 sentientibus
1607 2101 2054 2170 sulIragabantur
2093 2120 2106 2154 :
2146 2101 2225 2155 illi
2260 2117 2328 2156 ex

2434 2103 2484 2154 οἱ
2520 2104 2577 2156 δὲ
2632 2105 2731 2172 τῆς
2763 2105 3116 2173 ὑγιαινούσης
3141 2105 3338 2173 μοίρας
3399 2101 3762 2173 ὁμογνώμονα
3799 2101 4031 2168 ἐζήτουν

757 2197 1011 2258 adverso,
1040 2195 1133 2264 qui
1183 2194 1391 2247 saniori
1431 2210 1460 2246 a
1505 2199 1659 2261 parte
1713 2193 1960 2255 stabant,
1993 2193 2329 2262 expetebant

1230 2194 1391 2247 miori
1431 2210 1460 2246 a
1505 2199 1659 2261 parte
1713 2193 1960 2255 stabant,
1993 2193 2329 2262 expetebant
2441 2194 2588 2263 ἔχειν
2621 2198 2905 2265 ἀρχιερέα.

760 2289 884 2342 ﬁdei
921 2295 1232 2342 consortem
1267 2285 1468 2339 habere
1499 2285 1822 2337 antistitem.
1859 2285 2051 2352 Itaque
2101 2284 2326 2338 divinus
2365 2287 2695 2341 Ambrosius
2736 2289 2788 2342 in
2824 2289 3200 2342 Romanorum
3232 2289 3417 2340 clarus
3440 2293 3660 2345 senatu,
3720 2292 3848 2352 post
3926 2285 4029 2336 alia

757 2382 930 2436 multa
953 2382 1228 2434 honorum
1261 2379 1500 2447 fastigia,
1567 2393 1666 2447 per
1697 2377 1752 2431 id
1814 2378 2090 2448 temporis
2154 2378 2541 2448 praefecturam
2592 2381 2759 2434 Italia»
2827 2398 2848 2434 ι
2926 2382 3034 2449 piis
3084 2379 3515 2448 imperatoribus
3561 2377 3928 2432 Constantino
3979 2389 4030 2430 et

758 2475 1062 2528 Constante
1096 2473 1434 2526 obtinuerat.
1468 2472 1518 2525 Is
1550 2482 1672 2525 erat
1701 2486 1833 2525 sane
1877 2472 1961 2525 vir
1987 2472 2098 2524 vita
2137 2487 2332 2539 purus,
2375 2484 2431 2528 et
2477 2475 2706 2529 virtutis
2771 2485 3008 2535 amatur,
3069 2475 3334 2542 probatus
3385 2481 3568 2526 autem
3638 2481 3693 2523 et
3742 2470 3932 2523 verbis
3979 2481 4032 2523 et

755 2566 1257 2636 opere;sapientia
1281 2581 1409 2620 vero
1434 2581 1557 2634 quas
1615 2565 2116 2618 baurituresacris
2158 2563 2406 2628 Litteris,
2451 2569 2751 2632 enutritus,
2811 2569 3026 2622 tametsi
3075 2567 3313 2621 necdum
3368 2566 3618 2620 initiatus
3659 2574 3833 2618 esset.
3885 2564 4030 2628 Quin

758 2657 928 2714 etiam
977 2659 1295 2727 eloquentia
1349 2657 1650 2728 graecanica
1679 2664 1737 2712 et
1791 2657 2013 2727 poetica
2063 2657 2331 2713 facultate
2371 2662 2714 2715 exercitatus
2766 2671 2910 2724 erat,
2945 2677 3137 2730 equus
3180 2659 3385 2729 pariter
3431 2667 3488 2711 et
3577 2673 3748 2711 sanus
3841 2670 4030 2708 rerum

759 2750 987 2814 arbiter,
1034 2765 1136 2804 nec
1182 2765 1289 2804 non
1329 2750 1511 2804 omnis
1558 2750 1794 2804 actionis
1836 2765 2019 2819 prava:
2069 2751 2333 2820 quaesitor
2372 2763 2686 2806 accuratus.

829 2843 923 2898 IV.
972 2843 1300 2898 Ambrosius
1328 2844 1532 2898 certior
1571 2842 1748 2897 Iactus
1779 2841 1977 2896 harum
2019 2843 2335 2908 turbarum,

2511 2848 2586 2900 A'.
2617 2845 2834 2912 Ταύτην
2885 2847 2980 2914 τὴν
3013 2846 3203 2898 στάσιν
3253 2846 3443 2912 μαθὼν
3490 2841 3817 2912 Ἀμὸρόσιος
3853 2844 3881 2892 ὁ
3915 2842 4033 2893 ἀοί-

760 2942 818 2987 et
864 2947 934 2987 ne
990 2932 1124 3002 quid
1185 2934 1313 2987 novi
1365 2933 1642 2988 accnderet
1696 2933 1925 2999 veritus,
1979 2933 2150 2988 multa
2207 2949 2334 2988 cum

2440 2936 2618 3004 διμος,
2649 2938 2675 2987 ὁ
2733 2937 2827 2988 τοῦ
2860 2935 3044 2996 ἔθνους
3093 2936 3191 3004 τὴν
3221 2935 3504 3002 πολιτικὴν
3535 2933 3834 3002 ἠγεμονίαν
3869 2944 4033 2982 πεπι-

761 3023 1046 3078 celeritate
1101 3025 1395 3079 ecclesiam
1450 3025 1632 3094 petiit.
1663 3025 2060 3096 ambarumque
2096 3026 2336 3094 partium

2443 3028 2757 3096 στευμένος,
2807 3028 2899 3078 καὶ
2933 3027 3192 3096 φοϐηθεὶς
3251 3029 3402 3093 μήτι
3447 3023 3714 3091 νεώτερον
3759 3024 4029 3092 γένηται,

763 3125 946 3171 motus
976 3116 1198 3186 sopivit.
1222 3117 1299 3172 Illi
1326 3131 1474 3182 vero,
1506 3117 1755 3186 deposita
1781 3119 2156 3182 contentione,
2188 3132 2340 3171 com-

2442 3118 2539 3171 σὺν
2568 3116 2723 3186 τάχει
2755 3119 2851 3187 τὴν
2898 3119 3197 3189 ἐκκλησίαν
3237 3118 3524 3177 κατέλαϐε.
3559 3119 3650 3169 καὶ
3709 3119 4032 3186 είρήνευσεν

765 3224 988 3264 munem
1062 3211 1370 3265 emiserunt
1453 3225 1668 3273 vocem,
1742 3214 2040 3278 lpsummet
2108 3209 2335 3264 beatum

2440 3207 2725 3278 ἀμφότερα
2755 3209 2822 3260 τὰ
2852 3209 3011 3278 μέρη.
3047 3209 3109 3260 Ol
3138 3209 3192 3260 δι
3229 3206 3327 3273 τῆς
3361 3210 3539 3277 μάχης
3570 3208 3783 3274 ἐκείνης
3820 3208 4034 3259 παυσά-

764 3300 1116 3354 Ambrosium
1140 3300 1386 3354 ordinari
1404 3299 1508 3354 sibi
1535 3308 1811 3368 pastorem
1835 3298 2000 3352 simul
2024 3307 2338 3367 poscentes.

2451 3315 2602 3367 μενοι
2665 3298 2855 3368 κοινὴν
2903 3300 3120 3367 ἀφῆκαν
3176 3299 3379 3367 φωνὴν,
3436 3299 3598 3350 αὑτὸν
3636 3298 3725 3349 τὸν
3760 3300 4034 3367 μακάριον

763 3394 894 3460 Qua
951 3396 1251 3462 imperator
1309 3408 1434 3447 cum
1485 3393 1853 3462 cognovisset,
1917 3393 2102 3446 statim
2166 3393 2408 3462 edixit-

2370 3445 2408 3462 Α
2461 3390 2787 3458 Ἀμὸρόσον
2824 3391 3164 3456 ἐξαιτοῦντες
3205 3391 3438 3456 ποιμένα
3475 3393 3682 3443 ἑαυτῶν
3724 3392 4037 3459 προϐληθξ-

764 3486 1098 3541 laudabilem
1142 3487 1399 3542 eumdem
1447 3489 1626 3540 virum
1665 3495 1722 3540 et
1771 3485 2000 3548 initiari,
2047 3494 2102 3540 ct
2140 3501 2338 3540 consc-
2368 3477 2410 3504 ν

2368 3477 2410 3504 ν
2443 3498 2560 3536 ναι⁶
2603 3483 2682 3536 ἔτι
2716 3485 2771 3536 δὲ
2801 3478 2956 3546 οὗτος
3010 3484 3252 3553 ἀμύητος
3302 3477 3391 3553 ἦν.
3429 3482 3616 3534 Ταῦτα
3651 3481 3845 3551 μαθὼν
3875 3485 3902 3535 ό
3935 3482 4033 3551 βα-

764 3578 948 3644 crari;
996 3588 1224 3634 noverat
1275 3579 1425 3634 enim
1462 3578 1612 3632 illius
1653 3589 1893 3631 mentem
1930 3579 2102 3646 magis
2129 3588 2334 3632 rectam

2442 3576 2624 3637 σιλεὺς
2657 3575 2959 3643 προσέταξε
3012 3573 3328 3645 παραυτίκα
3359 3575 3451 3626 καὶ
3483 3574 3760 3644 μυηθῆναι
3793 3574 3891 3626 καὶ
3921 3591 4035 3643 χει-

763 3684 888 3724 esse
904 3668 1148 3738 qualibet
1175 3669 1336 3733 libra,
1361 3669 1594 3738 ejusque
1620 3667 1940 3735 suffragium
1973 3667 2121 3720 omni
2147 3666 2336 3734 regula

2445 3670 2800 3740 ρἰτονηθῆναι
2831 3669 3022 3722 τοῦτον
3054 3668 3146 3721 τδν
3173 3667 3490 3733 ἀξιέπαινον
3512 3667 3700 3735 ἀνδρα.
3736 3668 3897 3738 ’ῌδει
3929 3668 4035 3736 γὰρ

761 3762 1094 3817 accuratius.
1143 3759 1474 3830 Suspicatus
1514 3768 1697 3814 autem
1738 3771 1824 3813 est
1866 3759 2035 3813 etiam
2071 3775 2185 3814 non
2217 3759 2337 3814 sine

765 3854 864 3910 Dei
889 3855 1103 3910 calculo
1129 3853 1183 3908 id
1207 3854 1527 3924 contigisse,
1567 3868 1682 3906 rem
1711 3852 2014 3922 conjiciens
2043 3867 2110 3907 ex
2141 3867 2334 3906 eorum

763 3945 1153 4010 consensione,
1180 3945 1275 4015 qui
1318 3945 1611 4001 sententiis
1638 3951 1764 3998 ante
1801 3943 2168 3999 dissidebant.

837 4214 901 4269 ν.
953 4213 1248 4282 Postquam
1281 4227 1414 4268 vero
1452 4211 1810 4271 sacratissimi
1841 4213 2100 4280 baptismi
2129 4213 2338 4268 donum

766 4304 1091 4362 Ambrosius
1112 4303 1350 4373 adeptus
1373 4303 1498 4363 fuit.
1531 4311 1588 4357 et
1620 4305 1848 4373 gratiam
1873 4306 2089 4372 accepit
2125 4307 2347 4375 episco-

766 4399 968 4467 palem,
992 4397 1262 4454 Salvatori
1287 4407 1455 4466 atque
1474 4395 1710 4450 Domino
1733 4395 2048 4466 hujusmodi
2077 4396 2339 4468 hymnum

767 4490 1014 4560 optimus
1032 4490 1334 4559 imperator
1355 4490 1466 4556 (his
1479 4490 1628 4545 enim
1652 4494 1819 4544 rebus
1840 4488 2031 4543 aderat
2053 4491 2340 4561 praesens),

766 4582 970 4638 dicitur
1007 4582 1276 4637 obtulisse
1302 4600 1316 4638 :
1347 4581 1534 4637 Gratia
1567 4582 1692 4645 tibi,
1728 4581 1959 4635 Domine
1988 4582 2342 4651 omnipotens

765 4683 824 4732 et
854 4673 1109 4730 Salvator
1142 4685 1354 4742 noster,
1385 4673 1534 4745 quod
1570 4673 1700 4728 huic
1732 4674 1915 4728 eidem
1948 4671 2067 4727 viro
2088 4689 2190 4743 ego
2219 4675 2342 4745 qui-

2441 3758 2606 3813 αύτοῦ
2629 3759 2807 3825 πάσης
2839 3762 2936 3825 μὲν
2967 3756 3213 3826 στάθμης
3245 3755 3544 3824 εὐθυτέραν
3568 3751 3736 3807 οὖσαν
3755 3756 3858 3824 τὴν
3890 3754 4031 3822 rveb-

2443 3867 2572 3921 μην,
2606 3850 2807 3913 παντὸς
2839 3851 2896 3904 δὲ
2930 3850 3150 3912 κανόνος
3191 3848 3593 3917 ἀκριϐεστέρας
3634 3848 3686 3899 τ’
3710 3864 3738 3908 ς
3768 3847 3990 3914 ψήφους
4016 3863 4029 3873 ’

2439 3942 2675 3996 ὑπέλαϐε
2703 3943 2760 3995 δὲ
2795 3942 2888 3994 καὶ
2917 3940 3068 3994 θείαν
3096 3935 3236 3992 εἶναι
3266 3939 3365 4008 τὴν
3388 3940 3568 4009 ψῆφον
3599 3937 3692 3989 τοῦ
3722 3939 3918 4008 ἀνδρὸς
3963 3941 4027 3990 εκ

2441 4035 2540 4103 τῆς
2572 4035 2640 4088 τά
2668 4033 2888 4088 ἐναντία
2940 4031 3286 4103 φρονούντων
3313 4031 3746 4102 τεκμαιρόμενος
3795 4047 4032 4099 συμφωο

2442 4125 2586 4187 νίας.

2516 4217 2592 4272 E’.
2636 4215 2855 4285 Ἐπειδὴ
2885 4216 2941 4269 δὲ
2972 4214 3068 4267 καὶ
3104 4215 3202 4284 τῆς
3229 4213 3380 4276 θείας
3403 4213 3496 4265 τοῦ
3524 4213 3794 4280 παναγίου
3842 4214 4032 4283 βαπτί-

2446 4328 2651 4381 σματος
2688 4310 2965 4364 ἀπέλαυσε
2993 4309 3224 4378 δωρεᾶς,
3251 4309 3348 4359 καὶ
3378 4309 3475 4377 τὴν
3494 4308 3894 4376 ἀρχιερατικὴν
3926 4308 4035 4360 ἑδέ-

2445 4400 2574 4467 ξατο
2595 4405 2752 4471 χάριν
2771 4418 2786 4432 ο
2823 4400 3012 4454 τοῦτον
3043 4401 3072 4452 δ
3101 4399 3278 4452 πάντα
3309 4400 3533 4467 ἀριστος
3568 4400 3830 4469 βασιλεὺς
3860 4416 4033 4466 προσο

2443 4495 2758 4563 ενηνοχέναι
2802 4491 3022 4558 λέγεται
3077 4491 3157 4560 τῷ
3209 4491 3423 4560 Σωτῆρι
3477 4493 3570 4542 καὶ
3640 4492 3894 4562 Δεσπότῃ
3946 4493 4034 4543 τὸν

2443 4583 2610 4650 ὕμνον
2631 4584 2746 4653 (καὶ
2778 4584 2881 4654 γὰρ
2908 4587 3017 4646 τοῖς
3041 4585 3426 4654 γεγενημένοις
3452 4583 3656 4652 παρῆν)
3681 4600 3694 4612 ·
3718 4583 3898 4653 Χάρις
3931 4602 4033 4649 σοι,

2444 4678 2695 4732 Δέσποτα
2726 4676 3118 4747 παντοκράτωρ
3149 4678 3245 4728 καὶ
3277 4673 3464 4744 Σῶτερ
3499 4675 3758 4744 ἡμέτερε,
3788 4677 3874 4729 ὅτι
3899 4676 4032 4747 τῷδε

767 4765 890 4819 dem
907 4779 1141 4834 corpora
1172 4766 1448 4828 commisi,
1469 4774 1526 4820 tu
1552 4779 1685 4820 vero
1707 4767 1920 4821 animas
1938 4805 1956 4832 ,
1991 4776 2044 4821 et
2067 4768 2337 4838 judicium
2368 4765 2420 4826 D

2368 4765 2420 4826 Ι)
2446 4769 2522 4839 τῷ
2552 4770 2705 4838 ἀνδρὶ
2735 4767 2844 4835 ἐγὼ
2880 4768 2979 4838 μὲν
3021 4767 3328 4837 ένεχείρισα
3361 4764 3610 4835 σώματα,
3641 4768 3706 4818 σὺ
3735 4767 3792 4820 δὲ
3828 4768 4031 4837 ψυχὰς,

767 4871 952 4913 meum
987 4857 1280 4913 ostendisti
1315 4858 1525 4928 justum
1562 4857 1753 4912 fuisse.

844 4949 929 5005 VI.
957 4950 1172 5019 Elapsis
1190 4967 1356 5021 porro
1379 4951 1570 5022 paucis
1595 4951 1814 5014 diebus.
1840 4966 1966 5007 cum
1989 4954 2183 5024 majori
2206 4970 2340 5010 usus

770 5027 1027 5097 libertate
1058 5044 1202 5096 idem
1249 5043 1339 5097 hic
1370 5044 1534 5098 divus
1576 5044 1901 5100 Ambrosius
1947 5045 2340 5115 imperatorem

771 5137 1168 5206 adloqueretur,
1209 5152 1338 5191 eum
1390 5137 1678 5208 arguebat,
1727 5147 1783 5192 ut
1831 5149 1962 5209 puta
1997 5139 2070 5194 ob
2121 5141 2344 5210 negotia

773 5228 1024 5298 quaedam
1060 5245 1088 5282 a
1118 5229 1395 5298 prefectis
1422 5231 1542 5300 ejus
1579 5230 1727 5286 haud
1759 5238 1910 5286 recte
1957 5232 2136 5297 facta;
2173 5233 2347 5302 impe-

777 5333 948 5384 rator.
981 5324 1274 5392 Equidem,
1306 5325 1402 5390 ait,
1427 5326 1570 5380 banc
1601 5333 1748 5380 tuam
1782 5327 2095 5382 libertatem
2129 5328 2342 5397 pridem

777 5429 1062 5476 noveram,
1087 5422 1142 5471 et
1169 5415 1351 5470 sciens
1376 5419 1728 5486 prudensque
1754 5434 1863 5472 non
1887 5418 2051 5473 modo
2083 5433 2193 5472 non
2223 5433 2343 5472 sum

777 5507 1107 5576 refragatus,
1138 5507 1235 5561 sed
1261 5509 1426 5562 etiam
1469 5511 1740 5564 calculum
1775 5526 1959 5565 meum
1989 5527 2096 5565 una
2131 5512 2346 5566 contuli

769 5603 885 5647 tua:
918 5596 1279 5652 ordinationi.
1321 5598 1597 5654 Hedicare
1629 5601 1820 5670 igitur,
1845 5603 2010 5656 sicuti
2036 5602 2223 5656 divina
2256 5602 2344 5656 lex

777 5687 1044 5755 pracipit,
1066 5690 1292 5744 vulnera
1323 5693 1631 5746 animarum
1655 5703 1993 5748 nostrarum.

852 5779 958 5834 Vll.
999 5781 1120 5837 "ac
1166 5783 1353 5854 itaque
1391 5801 1514 5839 cum
1573 5787 1992 5842 Valentinianus
2022 5804 2251 5859 magnus
2292 5798 2347 5842 et

778 5869 903 5942 plus
933 5871 1227 5943 imperator
1258 5875 1552 5932 Mediolani
1584 5877 1808 5932 dixisset
1836 5886 1994 5948 atque
2020 5880 2260 5946 fecisset,
2296 5890 2351 5934 et

2446 4861 2541 4916 καὶ
2565 4861 2664 4924 τάς
2681 4861 2820 4930 ὲμάς
2841 4859 3054 4929 ψήφους
3079 4857 3294 4920 δικαίας
3321 4858 3632 4926 ἀπέφηνας.

2520 4954 2610 5019 ς’.
2664 4952 2883 5022 Ἐπειδὴ
2917 4951 2973 5005 δὲ
2994 4951 3192 5019 ὀλίγων
3221 4948 3548 5002 διελθουσῶν
3580 4949 3808 5021 ἡμερῶν
3837 4953 3867 5004 ὁ
3896 4952 4034 5015 θεῖος

2445 5038 2599 5107 οὗτος
2633 5043 2957 5114 Ἀμδρόσιος
2991 5044 3086 5095 σὺν
3130 5041 3417 5110 παρρησίᾳ
3444 5025 3676 5113 πλείστῃ
3709 5043 3785 5109 τῷ
3820 5043 4033 5110 βασιλεῖ

2446 5135 2828 5206 διαλεγόμενος
2856 5135 3146 5206 ιμέμψατο
3164 5134 3238 5196 ὡς
3281 5134 3383 5187 οὐκ
3412 5128 3471 5186 εὖ
3509 5134 3663 5202 παρά
3683 5135 3795 5186 τῶν
3837 5137 4029 5204 ἀρχόν-

2449 5247 2556 5282 των
2575 5229 2960 5300 γεγενημένοις
2993 5228 3132 5280 τισίν
3157 5243 3170 5258 °
3203 5230 3231 5281 ὀ
3259 5228 3513 5298 βασιλεὺς
3545 5227 3670 5296 ἔφη’
3697 5225 3920 5296 Ταύτην
3944 5244 4028 5279 σου

2455 5324 2548 5376 καὶ
2578 5323 2744 5375 πάλαι
2779 5320 2928 5391 ᾔδειν
2955 5319 3054 5391 τὴν
3090 5319 3427 5392 παρρησίαν,
3463 5318 3556 5370 καὶ
3590 5316 3779 5385 σαφῶς
3810 5318 4029 5370 sums-

2456 5433 2612 5486 μενος
2640 5417 2699 5467 ού
2733 5415 2892 5482 μόνον
2921 5415 3022 5467 οὐκ
3043 5415 3312 5478 ἀντεῖπον,
3339 5413 3470 5466 ἀλλά
3501 5412 3592 5464 καὶ
3626 5411 3922 5482 σύμψηφος
3937 5416 4027 5482 τῆς

2454 5506 2786 5576 χειροτονίας
2813 5506 3135 5573 γεγένημαι.
3166 5505 3404 5575 Ἰάτρευε
3434 5499 3547 5566 οὖν,
3580 5505 3654 5566 ὡς
3685 5506 3711 5556 ὁ
3736 5505 3880 5567 θεῖος
3901 5507 4028 5556 ὑπα-

2457 5598 2674 5668 γορεύει
2706 5600 2887 5667 νόμος,
2917 5598 2983 5650 τὰ
3010 5596 3117 5650 τῶν
3171 5598 3455 5667 ἡμετέρων
3482 5596 3669 5667 ψυχῶν
3703 5597 4027 5667 πλημμελή·

2463 5709 2628 5760 ματα.

2529 5784 2598 5837 Ζ’.
2631 5785 2814 5838 Ταῦτα
2852 5785 2950 5853 μὲν
2981 5786 3036 5836 ἐν
3069 5785 3377 5852 Μεδιολάνῳ
3424 5785 3516 5834 καὶ
3555 5778 3674 5834 εἷπε
3715 5784 3806 5834 καὶ
3850 5783 4028 5849 δέδρα-

2455 5895 2548 5933 κεν
2601 5878 3041 5943 Οὔσὶιντινιανδς
3075 5881 3100 5931 ὁ
3160 5879 3328 5949 μέγας
3373 5878 3462 5932 καὶ
3494 5877 3717 5947 εὐσεϐὴς
3754 5877 4018 5946 βισιλεές.
