4242 6442
237 408 342 477 865

1506 404 1547 462 V
1562 401 1682 463 l'l‘A
1727 401 1783 462 S.
1830 396 2225 460 AMBROSII.

3392 392 3497 455 866

222 522 391 587 Οὗτος
416 523 596 586 καλῶς
629 524 906 593 διοικήσας
959 522 1131 575 πάντα
1166 520 1233 574 τά
1264 521 1360 592 τῆς
1381 520 1682 591 ,βασιλείας
1722 519 1816 571 καὶ

1923 513 2154 585 pulchre
2216 510 2443 580 quidem
2499 507 2883 564 constituisset
2957 505 3275 575 imperium,
3341 517 3504 561 rectae

222 614 503 686 δρθοδοξία
533 612 844 683 διαλάμψας
871 609 1218 665 ἀνεπαύσατο
1243 609 1569 681 βασιλεύσας
1592 607 1685 659 ἐπὶ
1712 604 1810 674 ἐτη

231 704 318 770 ις’.
353 706 627 761 Κατέλιπε
655 704 713 758 δι
765 704 1041 774 διαδόχους
1071 702 1197 767 τούς
1226 702 1421 765 παῖῗας
1472 699 1637 754 αὐτού
1668 698 1815 768 Γρα-

226 798 412 852 τιανδν
442 798 537 851 καὶ¹
565 796 1011 850 Οὐαλεντινιανδν
1039 795 1130 847 τὸν
1151 795 1289 849 νέον.
1324 793 1436 863 Τῆς
1468 790 1525 845 δὲ
1551 780 1829 859 ἀνατολῆς

226 886 544 942 δϐασίλευεν
572 885 785 954 Οὐάλης
809 886 838 937 ό
866 883 1093 953 ἀδελφὸς
1122 880 1571 935 Οὐαλεντινιανοῦ
1595 880 1688 934 τοῦ
1715 896 1814 947 με-

225 980 420 1051 γάλου,
459 980 606 1041 ὅστις
627 981 726 1049 τῆς
768 978 1055 1048 ’Δρειανῆς
1109 975 1291 1045 λώϐης
1339 976 1609 1046 μετεῖχεν.
1645 968 1816 1036 Οὐτος

229 1069 526 1143 συμϐαλὼν
554 1069 791 1139 πόλεμον
829 1068 970 1138 μετὰ
1015 1067 1126 1120 τῶν
1157 1067 1391 1129 Γότθων,
1431 1065 1687 1136 ἡττηθεὶς
1724 1063 1818 1117 καὶ

234 1160 569 1236 προσφυγὼν
621 1160 700 1224 είς
739 1159 997 1231 άχυρ;ἶ›να
1052 1159 1110 1212 έν
1166 1154 1316 1226 αὐτῷ
1362 1158 1495 1225 πυρὶ
1547 1154 1814 1225 κατεκάη.

231 1255 528 1327 Γρατιανδς
556 1254 612 1309 δὲ
660 1255 688 1308 ὁ
720 1251 1165 1319 Οὐαλεντινιανού
1206 1250 1303 1321 μὶν
1350 1250 1483 1313 υίὸς,
1517 1248 1819 1312 Οὐάλεντος

234 1347 293 1401 δὲ
318 1348 557 1417 ἀνεψιὸς,
584 1347 765 1400 πᾶσαν
792 1346 891 1414 τὴν
906 1345 1014 1398 τῶν
1027 1343 1317 1413 Ῥωμαίων
1350 1341 1647 1412 ἡγεμονίαν
1675 1357 1817 1409 παρ-

234 1441 448 1497 έλαϐεν.
483 1439 702 1511 Πρῶτον
735 1439 834 1508 μὲν
864 1436 1059 1509 γάρτὰ
1087 1437 1185 1507 τῆς
1210 1434 1480 1507 Εὐρώπης
1516 1434 1608 1486 καὶ
1639 1433 1818 1503 πάαης

231 1537 335 1606 τῆς
360 1534 575 1597 Δύσεως
606 1533 759 1602 παρά
784 1531 876 1584 τοῦ
911 1532 1115 1602 πατρδς
1162 1530 1491 1599 παρειλήφει
1522 1529 1812 1599 σκῆπτρα·

235 1626 511 1697 παρέλαϐε
559 1627 614 1679 δὲ
649 1628 740 1678 καί⁵
769 1625 869 1696 τὴν
914 1624 1102 1677 Ἀσίαν
1140 1625 1234 1676 καὶ
1278 1621 1347 1675 τὰ
1382 1619 1678 1691 λειπόμενα
1719 1621 1817 1691 τῆς

1920 621 2050 662 vero
2100 604 2228 658 fidei
2283 601 2626 673 professione
2686 601 3036 661 refulsisset,
3088 613 3244 654 sexto
3291 600 3508 654 decimo

1918 698 2137 767 imperii
2199 712 2343 751 anno
2389 695 2500 750 vita
2556 693 2779 749 decedit
2840 710 2855 746 :
2917 708 3271 748 successores
3323 703 3506 747 autem

1920 790 2180 860 relinquit
2205 791 2350 843 filios
2372 805 2504 843 suos
2529 787 2859 842 Gratianum
2887 788 3279 856 juniorcutque
3311 786 3507 839 Valen—

1922 882 2220 945 tinianum,
2268 882 2492 935 Valente
2550 881 2720 935 fratre
2778 880 2833 933 in
2883 878 3130 933 Orientis
3186 878 3508 948 regionibus

1916 989 2103 1029 rerum
2136 973 2406 1044 potiente,
2446 988 2515 1027 eo
2560 973 2776 1027 scilicet
2811 973 2904 1041 qui
2938 972 3160 1026 Arianis
3192 972 3245 1025 in
3280 971 3506 1040 perﬁdia

1918 1081 2041 1123 sese
2093 1067 2404 1137 conjunxit.
2461 1066 2563 1121 liic
2619 1065 2844 1135 quidem
2893 1081 3019 1118 cum
3068 1063 3267 1119 Gothis
3326 1079 3504 1132 pugna

1919 1176 2252 1231 congressus
2297 1169 2461 1229 atque
2521 1159 2797 1219 devictus,
2855 1163 2909 1211 in
2968 1158 3266 1227 paleariam
3323 1171 3508 1209 casam

1923 1254 2289 1324 confugiens,
2326 1254 2451 1323 igne
2508 1252 2713 1308 ibidem
2772 1251 2983 1307 interiit
3034 1268 3047 1304 :
3094 1252 3148 1304 in
3186 1250 3510 1325 Gratianum

1919 1354 2104 1401 autem
2141 1345 2507 1400 Valentiniani
2533 1346 2757 1415 quidem
2788 1344 2981 1409 tilium,
3011 1343 3254 1397 Valentis
3278 1357 3408 1395 vero
3440 1356 3510 1395 ex

1920 1438 2089 1493 fratre
2130 1449 2389 1508 nepotem
2437 1438 2636 1493 recidit
2682 1438 2942 1493 universa
2976 1438 3238 1490 Romana:
3277 1435 3506 1489 ditidnis

1922 1532 2214 1602 potentia;
2266 1534 2507 1600 primum
2553 1534 2703 1587 enim
2736 1548 2768 1586 a
2803 1542 2955 1601 patre
2997 1545 3106 1584 non
3149 1528 3314 1583 modo
3348 1542 3509 1595 scep-

1921 1633 2068 1679 trum
2139 1625 2395 1693 Europre,
2467 1638 2659 1678 verum
2734 1624 2901 1678 etiam
2966 1623 3133 1675 totius
3189 1620 3506 1674 Occidentis

241 1719 471 1785 Λιϐύης,
509 1717 735 1779 ἄπαιδος
770 1714 1148 1786 ἀναιρεθέντος
1179 1711 1275 1767 τοῦ
1301 1712 1620 1776 Οὐάλεντος.
1650 1712 1820 1765 Εὐσε-

1921 1714 2178 1793 relictum
2228 1714 2376 1782 cepit
2426 1734 2441 1769 :
2487 1713 2692 1769 deinde
2736 1729 2892 1778 vero,
2946 1728 3071 1769 cum
3134 1710 3256 1767 sine
3312 1710 3508 1765 liberis

240 1811 341 1882 ϐὴς
371 1810 427 1863 δὲ
447 1808 523 1861 ὢν
554 1808 694 1862 κατὰ
721 1806 812 1860 τὸν
833 1804 1045 1876 πατέρα
1072 1805 1441 1859 ἀνεκαλέσατο
1462 1804 1671 1865 πάντας
1693 1801 1820 1865 τοὺς

1920 1805 2123 1861 Valens
2156 1821 2188 1860 e
2225 1806 2405 1860 medio
2444 1807 2696 1862 sublatus
2737 1818 2904 1871 esset,
2948 1807 3132 1862 Asiam
3172 1819 3416 1874 quoque,
3452 1809 3509 1855 et

236 1868 573 1966 επισκόπους
622 1899 830 1971 οὕσπερ
860 1868 1074 1969 Οὐάλης
1110 1898 1140 1951 δ
1190 1896 1333 1959 θεῖος
1361 1896 1527 1952 αὐτοῦ
1559 1896 1816 1967 έξώρισεν

1920 1896 2192 1968 quidquid
2233 1897 2289 1952 in
2333 1897 2521 1954 Africa
2567 1899 2767 1969 reliqui
2795 1868 2937 1963 erat,
2974 1899 3021 1953 is
3054 1868 3319 1951 obtinuit:
3353 1896 3508 1961 Quo-

238 1992 576 2065 ὑπερμαχῶν
604 1993 704 2061 τῆς
736 1990 1022 2061 ’Δρειανῆς
1047 1988 1337 2060 αἱρέσεως.
1364 1988 1571 2043 Μαθὼν
1592 1989 1648 2042 δὲ
1676 1989 1819 2058 Γρα-

1924 1990 2075 2045 niam
2116 1998 2304 2044 autem
2330 1990 2505 2060 patris
2533 1992 2787 2059 exemplo
2813 1991 3030 2046 colebat
3060 1989 3344 2058 pietatem,
3382 1987 3504 2057 epi-

239 2087 421 2149 τιανδς
450 2086 549 2155 τὴν
568 2084 790 2155 Θρᾴκην
810 2082 1137 2152 ληϊζομένην
1168 2082 1273 2135 ὐπδ
1299 2082 1409 2140 τῶν
1435 2082 1524 2135 τὸν
1545 2082 1820 2135 Οὐάλεντα

1920 2097 2119 2152 scopos
2178 2097 2392 2145 omnes,
2442 2099 2583 2152 quos
2643 2084 2843 2139 Valens
2886 2083 2941 2137 in
2992 2080 3227 2153 gratiam
3249 2080 3501 2157 ‘Ariante

240 2177 561 2232 καυσάντων
600 2173 918 2245 βαρϐάρων,
965 2168 1284 2225 καταλιπὼν
1319 2170 1417 2241 τὴν
1455 2169 1688 2224 Ἰταλίαν
1739 2171 1821 2234 είς

1921 2175 2149 2231 haeresis
2193 2174 2372 2245 patria
2400 2175 2608 2245 ejectos
2647 2184 2899 2233 extorres
2940 2175 3171 2240 fecerat,
3206 2175 3277 2228 ab
3306 2174 3503 2227 exsilio

240 2272 341 2341 τὴν
375 2267 642 2321 Πανονίαν
672 2267 927 2335 ἀφίκετο.

1923 2265 2041 2338 ipse
2095 2266 2397 2321 revocavit.
2446 2267 2595 2321 idem
2630 2267 2801 2323 etiam
2832 2282 2956 2321 cum
2990 2283 3021 2320 a
3050 2267 3325 2328 barbaris,
3366 2265 3500 2319 dum

239 2362 443 2419 Valens
474 2362 792 2431 imperaret,
822 2357 972 2414 bello
1000 2357 1307 2414 victoribus
1330 2366 1669 2415 oevastatam
1685 2372 1808 2415 esse
1847 2360 2145 2417 Thraciam
2168 2361 2554 2431 comperisset,
2578 2360 2767 2415 relicta
2800 2360 2974 2427 ltaiia,
3039 2360 3097 2415 iu
3163 2359 3505 2415 Pannoniam

241 2455 420 2509 venit.

315 2548 397 2600 H’.
434 2546 569 2600 Κατ’
624 2547 832 2599 έκεῖνον
865 2544 924 2599 δὲ
973 2561 1067 2598 τον
1106 2562 1299 2613 καιρον
1332 2544 1612 2607 Θεοδόσιος
1644 2543 1735 2597 διά
1756 2560 1813 2596 τε

242 2640 345 2710 τὴν
368 2639 476 2691 τῶν
506 2638 788 2709 προγόνων
820 2639 1180 2709 περιφάνειαν
1213 2640 1306 2691 καὶ
1336 2638 1424 2690 διὰ
1477 2638 1577 2707 τὴν
1610 2639 1818 2690 οίκείαν

246 2733 504 2802 ἀνδρείαν
530 2730 960 2802 ὀνομαστότατος
986 2726 1182 2801 ἦν,καὶ
1203 2730 1393 2783 τούτου
1421 2730 1577 2801 χάριν
1601 2730 1707 2783 ὐπὸ
1725 2728 1818 2784 τοῦ

245 2826 441 2897 φθόνου
484 2825 591 2879 τῶν
618 2822 895 2895 ὁμοτίμων
924 2822 1252 2893 βαλλόμενος
1302 2824 1358 2876 έν
1387 2825 1507 2885 ταῖς
1553 2822 1819 2885 Σπανίαις

241 2916 533 2988 διέτριϐεν.
598 2915 689 2970 Ἐν
740 2914 977 2979 ἐκείναις
1026 2915 1137 2986 γὰρ
1175 2913 1273 2983 ῐφυ
1330 2931 1389 2968 τε
1433 2914 1529 2967 καὶ
1583 2912 1818 2983 έτράφη.

253 3009 505 3082 Ἀπορῶν
533 3009 597 3080 δὴ
626 3007 718 3063 οὐν
743 3009 773 3062 ὁ
800 3008 1053 3079 βασιλεὺς
1086 3008 1125 3061 Γ
1132 3006 1383 3079 ρατιανδς
1407 3007 1434 3059 ὅ
1464 3023 1517 3058 τι
1559 3006 1666 3076 χρὴ
1692 3005 1823 3076 δρᾶ-

250 3120 342 3157 σαι
370 3103 721 3173 (φυσηθέντες
745 3103 853 3171 γάρ
870 3103 934 3155 εκ
954 3102 1049 3169 τῆς
1068 3100 1225 3170 νίκης
1251 3102 1299 3153 οί
1329 3098 1597 3170 βάρϐαροι
1619 3098 1826 3167 δύσμαρ-

248 3212 334 3265 χοι
399 3189 539 3265 ἦσάν
579 3209 639 3245 τε
672 3194 765 3246 καὶ
802 3192 1064 3262 έδόκουν),
1120 3192 1242 3244 τότε
1268 3186 1360 3244 οὖν
1392 3190 1492 3259 τὴν
1540 3188 1819 3241 Θεοδοσίου

1996 2542 2131 2598 Vill.
2157 2541 2272 2597 Sub
2298 2542 2442 2598 idem
2474 2552 2690 2613 tempus
2720 2543 3069 2600 Theodosius
3100 2560 3344 2615 quoque.
3377 2562 3502 2600 cum

1921 2638 1995 2694 ob
2025 2639 2299 2708 majorum
2334 2638 2703 2702 nobilitatem,
2740 2647 2853 2693 tum
2902 2641 2972 2693 ob
3008 2640 3289 2708 propriam
3332 2654 3501 2706 gene-

1925 2730 2208 2785 rositatem
2236 2731 2639 2787 celeberrimus
2663 2742 2789 2788 erat
2818 2753 2832 2787 :
2864 2742 2919 2787 et
2945 2733 3243 2801 aqualium
3272 2748 3502 2786 suorum

1923 2821 2228 2877 invidentia
2254 2823 2469 2893 pulsus,
2502 2826 2555 2878 in
2585 2824 2867 2894 Hispaniis
2888 2826 3105 2895 agebat,
3143 2826 3234 2879 ubi
3265 2834 3321 2880 et
3344 2833 3508 2880 natus

1928 2914 2107 2970 fuerat
2130 2925 2185 2970 et
2224 2915 2515 2971 educatus.
2545 2916 2813 2987 Ignorans
2848 2919 3019 2987 igitur
3050 2921 3351 2988 imperator
3372 2918 3509 2973 Gra-

1932 3010 2116 3062 tianus
2139 3007 2270 3078 quid
2307 3008 2451 3063 facto
2482 3024 2622 3078 Opus
2640 3018 2824 3073 esset;
2866 3011 3037 3064 inflati
3062 3012 3210 3065 enim
3235 3028 3299 3065 ex
3329 3013 3508 3065 victo-

1932 3101 2011 3154 ria
2049 3099 2272 3155 barbari
2304 3101 2706 3170 propemodum
2735 3101 2929 3155 invicti
2952 3112 3111 3157 erant
3148 3112 3204 3156 et
3225 3102 3509 3158 habeban-

1931 3198 2025 3243 tur
2072 3207 2087 3243 :
2137 3191 2430 3245 militarem
2467 3191 2765 3246 Theodosii
2801 3192 3057 3261 peritiam
3093 3192 3363 3246 malorum
3394 3191 3509 3246 fore

248 3283 584 3354 στρατηγίαν
617 3282 768 3336 λύσιν
797 3283 1032 3335 ὑπέλαϐε
1072 3281 1180 3336 τῶν
1208 3283 1395 3335 κακῶν
1428 3281 1692 3348 γίνεσθαι.
1718 3282 1824 3334 Αὐ-

1926 3280 2315 3351 depuisionem
2348 3282 2651 3337 arbitratus
2678 3290 2786 3338 est.
2816 3284 2883 3337 Et
2911 3284 3200 3339 confestim
3219 3300 3283 3337 ex
3307 3283 3506 3348 Iberia,

248 3376 377 3429 τίκα
408 3375 471 3445 δὴ
499 3370 592 3427 οὖν
630 3374 695 3427 έκ
721 3373 830 3427 τῶν
859 3372 1110 3427 Σπανιῶν
1142 3372 1232 3426 τὸν
1260 3372 1434 3441 ἄνδρα
1465 3372 1822 3442 μεταπεμψά-

252 3485 412 3539 μενος
441 3469 535 3521 καὶ
576 3466 878 3539 στρατηγὸν
908 3467 1294 3536 χειροτονήσας
1325 3464 1465 3534 μετά
1506 3464 1606 3534 τῆς
1650 3480 1826 3517 συνει-

248 3558 518 3630 λεγμένης
544 3557 849 3628 έξέπεμψεν
884 3557 1163 3628 στρατιάς.
1205 3556 1267 3613 Ὀ
1293 3555 1350 3609 δὲ
1381 3559 1445 3626 τῇ
1477 3556 1655 3609 πίστει
1686 3573 1829 3625 φρα-

250 3651 481 3721 ξάμενος
519 3649 837 3721 θαρσαλέως
868 3648 1178 3719 έξὼρμησε,
1203 3648 1294 3702 καὶ
1335 3648 1434 3716 τῆς
1452 3647 1674 3719 Θράκης
1700 3649 1822 3702 tart-

251 3743 355 3805 ϐάς
393 3742 485 3795 καὶ
544 3738 833 3809 συμϐαλὼν
884 3740 1122 3809 πόλεμον
1181 3738 1319 3809 μετὰ
1375 3738 1484 3792 τῶν
1532 3738 1824 3809 βαρϐάρων

252 3834 397 3889 κατὰ
431 3831 632 3903 κράτος
658 3829 907 3901 ένίκηστν
928 3845 942 3860 ο
974 3828 1074 3882 οὐκ
1103 3830 1425 3898 ενεγκόντες
1479 3830 1586 3899 γάρ
1627 3830 1825 3881 ἐκεῖνοι

251 3924 302 3977 οί
344 3924 442 3993 μιν
473 3922 694 3992 ἔφυγον,
722 3922 772 3975 οί
797 3920 854 3973 δδ
907 3919 1153 3975 ιδίωκον.
1214 3921 1389 3983 Πολὺς
1415 3919 1475 3973 ει
1508 3920 1673 3988 φόϐος
1716 3919 1827 3973 τῶν

253 4014 544 4089 βαρϐάρων
575 4015 817 4083 ἐγένετο·
840 4013 902 4067 οὐ
935 4014 1095 4083 μόνον
1118 4011 1226 4082 γάρ
1254 4012 1359 4065 sua
1383 4012 1490 4065 τῶν
1516 4010 1824 4082 Ῥωμαίων,

252 4107 393 4164 ἀλλὰ
425 4106 516 4159 καὶ
547 4105 650 4159 ὐπδ
675 4105 917 4174 ἀλλήλων
946 4103 1264 4157 ἐκτείνοντο.

1928 3389 2051 3445 quze
2101 3372 2560 3444 Hispania-etiam
2609 3375 2953 3437 nominatur,
3006 3374 3287 3429 hominem
3321 3390 3510 3429 accer-

1930 3479 2080 3529 sens,
2133 3481 2199 3519 ac
2250 3465 2397 3520 bello
2450 3466 2781 3534 praeficiens,
2818 3481 2944 3519 cum
2989 3466 3235 3520 exercitu
3272 3466 3509 3520 collecto

1929 3557 2103 3612 misit.
2124 3557 2223 3612 Hic
2244 3566 2427 3612 autem
2449 3557 2671 3612 invictis
2692 3559 2884 3622 armis,
2911 3559 3220 3613 orthodoxa
3244 3560 3506 3614 nimirum

1930 3647 2038 3702 ﬁde
2069 3648 2553 3713 circummunitos,
2590 3663 2785 3717 magna
2820 3664 2947 3703 cum
3002 3648 3203 3704 fiducia
3239 3652 3509 3705 adversus

1930 3738 2191 3794 hostilem
2227 3739 2406 3793 aciem
2454 3738 2730 3808 procedit.
2761 3739 2832 3794 Et
2860 3740 3152 3795 Thraciam
3200 3742 3507 3814 ingressus,

1932 3828 1979 3884 is
2012 3828 2236 3900 quidem
2272 3844 2372 3899 per
2405 3831 2515 3883 vim
2569 3828 2764 3901 prclio
2797 3831 2928 3887 vicit
2969 3850 2984 3887 :
3024 3832 3247 3888 barbari
3280 3851 3410 3889 vero
3443 3853 3512 3890 ne

1932 3922 2019 3976 vel
2069 3921 2307 3991 primum
2360 3924 2702 3979 sustinentes
2750 3924 3043 3993 impetum,
3086 3926 3271 3980 statim
3319 3942 3512 3981 omnes

1890 4090 1897 4099 ⁸
1934 4014 2098 4069 simul
2143 4025 2290 4083 terga
2330 4013 2642 4082 dederunt;
2681 4024 2740 4071 et
2770 4017 2940 4073 multa
2968 4033 3162 4073 eorum
3190 4035 3300 4073 non
3325 4021 3506 4075 solum

1941 4122 1971 4158 ιι
1994 4106 2258 4159 Romanis
2288 4107 2466 4161 caedes
2490 4108 2632 4161 facta
2665 4119 2772 4173 est,
2810 4125 3002 4163 verum
3032 4112 3197 4167 etiam
3238 4112 3352 4181 jam
3382 4129 3412 4167 a
3452 4129 3510 4168 se

251 4200 433 4271 ipsis:
476 4208 688 4269 quanto
733 4196 882 4251 enim
913 4197 1149 4265 majores
1186 4202 1347 4249 erant
1391 4194 1588 4250 horum
1622 4196 1819 4267 copias,
1860 4204 2013 4252 tanto
2062 4199 2237 4268 magis
2307 4199 2413 4253 sibi
2463 4200 2650 4269 potius
2692 4215 2858 4271 quam
2906 4203 3158 4259 hostibus
3244 4206 3509 4263 damnum

253 4291 589 4351 inferebant.

321 4383 398 4440 ϐ’.
429 4383 586 4439 Οὐτω
636 4382 692 4436 δὲ
747 4381 943 4452 σχεδὸν·
997 4382 1217 4437 πάντων
1275 4380 1677 4451 ἀναιρεθέντων
1725 4380 1834 4437 τῶν

252 4472 547 4543 βαρϐάρων
610 4470 781 4539 ὀλίγοι
839 4468 1021 4523 λαθεῖν
1052 4469 1370 4538 δυνηθέντες
1412 4469 1671 4542 διέϐησαν
1731 4470 1825 4525 τὸν

2015 4357 2234 4437 1Χ.Ἠίε
2266 4382 2450 4453 itaque
2474 4397 2646 4453 prope
2677 4384 2938 4440 omnibus
2971 4385 3047 4439 ita
3079 4385 3298 4449 deletis,
3344 4371 3509 4457 pauci

1929 4476 2247 4538 admodum,
2280 4477 2373 4545 qui
2415 4484 2720 4545 potuerunt
2752 4491 2812 4531 se
2851 4478 3155 4538 occultare.
3195 4478 3509 4535 Danubium

259 4565 494 4636 Ἰστρον.
541 4562 754 4626 Ἡσθεὶς
788 4561 844 4614 δὲ
883 4563 911 4615 δ
938 4561 1190 4632 βασιλεὺς
1220 4562 1517 4633 Γρατιανδς
1538 4561 1612 4626 ὡς
1638 4562 1830 4635 ἄριστα

1903 4582 1911 4621 l
1941 4570 2242 4639 trajiciunt.
2290 4566 2472 4622 Latus
2499 4568 2666 4636 igitur
2696 4566 2991 4623 Gratianus
3011 4570 3157 4638 quod
3197 4570 3327 4624 belli
3359 4586 3511 4625 sum-

248 4656 629 4728 ψηφισάμενος
662 4656 825 4709 αὐτὸν
865 4654 1169 4726 στρατηγὸν
1196 4654 1420 4725 βασιλέα
1451 4655 1828 4726 κεχειροτόνη·

252 4765 341 4812 κε,
372 4749 469 4800 καὶ
500 4747 599 4817 τῆς
629 4746 929 4809 Οὐάλεντος
961 4746 1159 4816 μοίρας
1192 4746 1260 4799 τά
1294 4745 1549 4817 σκῆπτρα
1581 4747 1828 4815 παρέδω-

250 4856 371 4893 κεν.
408 4838 515 4892 Καὶ
558 4838 719 4900 αὐτὸς
782 4836 881 4906 μιν
926 4837 1021 4890 έπὶ
1074 4836 1175 4909 τὴν
1216 4837 1448 4890 Ἰταλίαν
1487 4838 1827 4909 ἐξώρμησεν,

254 4934 464 4985 εκεῐνον
492 4932 546 4984 δὲ
573 4931 652 4993 είς
684 4930 783 5000 τὴν
822 4928 1070 4983 δοθεῖσαν
1114 4931 1412 5001 ἡγεμονίαν
1440 4931 1837 5002 νταρέπεμιιιεν.⁸

254 5023 431 5085 Εὐθὺς
460 5023 524 5093 δὴ
547 5021 638 5075 οὐν
662 5023 758 5091 τὴν
790 5021 1067 5091 βασιλείαν
1092 5022 1421 5093 παραλαϐὼν
1448 5024 1547 5094 τῆς
1574 5025 1683 5078 τῶν
1712 5017 1846 5077 Ἑκ-’

260 5115 504 5185 κλησιῶν
532 5116 637 5186 πρὸ
665 5114 775 5167 τῶν
811 5114 986 5169 άλλων
1024 5114 1340 5186 συμφωνίας
1370 5115 1709 5187 έπεμελήθη,
1734 5115 1831 5170 καὶ

259 5210 389 5272 τούς
411 5210 508 5278 τῆς
530 5208 734 5269 οίκείας
760 5208 1054 5277 ἡγεμονίας
1083 5206 1413 5271 ιπισκόπους
1439 5209 1519 5271 είς
1544 5210 1642 5276 τὴν
1670 5209 1830 5262 Κωνο

261 5298 702 5355 σταντινούπολιν
722 5298 948 5370 δραμείν
972 5300 1363 5371 παρηγγύησεν
1384 5318 1399 5333 ο
1440 5300 1581 5373 αὐτη
1605 5301 1713 5369 γὰρ
1738 5302 1831 5373 μό-

258 5406 328 5461 νη
378 5390 476 5460 τῆς
541 5387 887 5459 Ἀρειανικῆς
939 5390 1291 5460 έμπέπληστο
1354 5390 1567 5462 λώϐης·
1635 5394 1667 5462 ἡ
1720 5392 1829 5464 γάρ

270 5477 512 5550 Ἐσπὲρα
540 5480 637 5549 τῆς
654 5480 809 5532 νόσου
833 5478 1036 5549 ταύτης
1063 5480 1315 5551 έλευθέρα
1341 5481 1632 5551 διέμεινεν.
1677 5484 1830 5535 Κων-

261 5574 541 5633 σταντίνος
573 5572 681 5642 γὰρ
730 5570 825 5623 καὶ
858 5569 1120 5635 Κώνστας
1166 5573 1216 5625 οι
1267 5574 1681 5627 Κωνσταντίνου
1732 5572 1826 5626 τοῦ

263 5662 500 5733 μεγάλου
538 5664 644 5715 υίοὶ
676 5662 776 5732 τὴν
818 5662 1078 5733 πατρῴαν
1111 5664 1293 5717 πίστιν
1343 5666 1620 5735 ἀκήρατον
1650 5664 1827 5736 διετή-

261 5772 411 5826 ρουν,
462 5756 553 5807 καὶ
580 5754 742 5809 πάλιν
768 5755 1205 5819 Οὐαλεντινιανδς
1235 5757 1511 5827 ἀκραιφνῆ
1542 5756 1826 5826 διεφύλαξε

261 5845 711 5923 τηηεύσέϐειανο
752 5847 812 5902 τὸ
841 5847 897 5902 δέ
947 5848 1145 5923 τμῆμα
1195 5851 1256 5905 τὸ
1303 5850 1461 5922 έῷον,
1491 5851 1823 5925 πολλαχόθεν

1936 4678 2083 4716 mam
2143 4659 2473 4715 credidisset
2527 4658 2862 4723 Theodosio,
2927 4660 3318 4727 imperatorem
3376 4677 3506 4718 eum

1934 4752 2117 4807 statim
2166 4751 2429 4815 declarat,
2472 4757 2528 4805 et
2560 4750 2613 4804 ei
2665 4749 2918 4817 ditionis,
2970 4766 3076 4820 qua
3128 4752 3329 4807 Valens
3375 4765 3507 4808 ante

1934 4841 2268 4913 potiebatur,
2293 4850 2573 4910 sceptrum
2600 4841 2917 4895 committit.
2947 4841 3016 4895 Et
3043 4844 3162 4911 ipse
3190 4844 3414 4910 quidem
3434 4845 3504 4899 ad

1933 4933 2102 4989 italia
2131 4930 2668 4986 administrationem
2710 4932 2988 4995 transivit,
3026 4933 3179 4985 illum
3213 4941 3400 4986 autem
3431 4934 3503 4986 ad

1900 5038 2255 5080 concessum
2326 5021 2556 5077 dimittit
2622 5022 2940 5092 imperium.
3011 5022 3268 5091 Regalem
3332 5024 3503 5092 igitur

1932 5114 2279 5171 Theodosius
2298 5128 2593 5183 capessens
2614 5113 2955 5181 dignitatem,
2984 5113 3290 5167 concordiae
3317 5113 3504 5169 Eccle-

1932 5210 2159 5271 siarum,
2198 5222 2362 5276 quam
2394 5206 2630 5260 maxime
2662 5214 2900 5274 poterat,
2931 5219 3119 5259 curam
3167 5200 3413 5279 gerebat,
3444 5216 3501 5258 et

1931 5302 2223 5371 episcopos
2244 5298 2480 5369 propria:
2500 5297 2748 5363 ditionis,
2776 5304 2837 5351 ut
2855 5295 3218 5351 convenirent
3237 5296 3501 5351 Constan-

1936 5394 2243 5464 tinopolim,
2278 5392 2603 5446 exhortatus
2630 5398 2712 5444 est
2748 5408 2761 5443 :
2797 5389 2911 5443 haec
2940 5390 3085 5442 enim
3139 5388 3251 5442 sula
3295 5388 3498 5443 referta

1935 5487 2117 5542 fuerat
2154 5487 2354 5539 Ariana
2385 5492 2557 5554 peste,
2589 5498 2712 5537 eum
2744 5482 2849 5536 illa
2880 5490 3062 5550 partes
3093 5496 3215 5549 qua:
3248 5480 3313 5533 ad
3338 5494 3499 5533 occa-

1935 5594 2057 5635 sum
2096 5587 2257 5634 erant
2302 5579 2512 5648 positas.
2544 5575 2615 5631 ab
2659 5575 2764 5631 isto
2811 5574 3001 5628 morbo
3050 5573 3240 5626 libera:
3288 5580 3493 5626 essent.

1933 5669 2069 5725 Nam
2129 5666 2491 5722 Constantino
2552 5678 2719 5737 atque
2781 5665 3083 5719 Constante
3148 5660 3495 5717 Constantini

1932 5759 2113 5831 Magni
2154 5759 2281 5813 filiis
2324 5771 2605 5829 paternam
2651 5758 2814 5813 fidem
2852 5756 3229 5811 intemeratain
3274 5766 3498 5807 conser-

1931 5852 2211 5923 vantibus,
2257 5864 2310 5911 et
2358 5867 2550 5911 rursus
2593 5850 2977 5910 Valentiniano
3022 5848 3279 5920 pietatem
3309 5845 3495 5903 dome—
