4242 6442
761 423 865 486 867

1957 414 2334 476 ADDENDA.
2378 438 2434 448 -
2488 412 2823 476 APRILIS.

3934 407 4049 474 868

757 541 953 598 t‘ticam
982 535 1300 605 neutiquam
1327 535 1623 604 prodente.
1644 531 1947 588 Orientalis
1965 529 2146 598 portio
2169 527 2337 581 variis
2368 530 2407 586 Α

2440 524 2537 593 τὴν
2565 524 2748 597 λώϐην
2783 526 2991 596 ταύτην
3019 526 3240 591 ἐδέξατο
3268 528 3376 582 ἀπὸ
3415 528 3832 600 Ἀλεξανδρείας
3862 528 4050 601 dph-

758 635 898 689 locis
945 631 1090 684 hanc
1131 631 1278 683 luem
1335 629 1579 692 admisit,
1639 642 1762 697 quae
1809 641 1937 681 cum
1990 624 2336 678 Alexandria!

758 725 917 795 prius
936 724 1216 793 coepisset,
1241 721 1298 775 in
1325 722 1621 776 ulteriores
1643 721 1828 792 plagas
1851 719 2330 788 progrediebatur.

830 992 904 1047 Χ.
950 992 1076 1046 Hac
1109 989 1334 1060 quidem
1359 990 1625 1046 Gratiano
1655 987 1835 1041 adhuc
1867 983 2166 1055 superstite
2211 997 2310 1054 age

757 1087 983 1142 bantur.
1043 1083 1236 1137 Postea
1293 1097 1427 1136 vero
1455 1096 1578 1135 cum
1621 1080 1741 1148 ipse
1793 1077 2031 1134 indolem
2075 1090 2234 1131 suam
2278 1077 2333 1130 in

757 1182 928 1236 rebus
987 1178 1200 1232 bellicis
1245 1178 1354 1248 jam
1406 1173 1745 1236 ostenderet,
1801 1185 1864 1225 ac
1906 1170 2159 1225 civitates
2195 1184 2332 1224 cum

761 1274 1030 1330 modestia
1075 1283 1239 1342 atque
1293 1269 1508 1341 iustitia
1559 1278 1790 1336 regeret,
1840 1282 1937 1336 per
1967 1265 2196 1320 insidias
2222 1264 2336 1321 vita

753 1367 1016 1432 excessit,
1042 1366 1186 1419 ﬁlios
1199 1365 1421 1433 quidem
1436 1363 1527 1431 qui
1557 1359 2128 1430 regnosuccederent,
2155 1358 2337 1412 nullos

754 1456 1098 1525 relinquens,
1154 1454 1378 1507 fratrem
1428 1466 1560 1506 vero
1595 1450 1893 1504 admodum
1946 1450 2227 1520 juvenem,
2279 1460 2334 1504 et

754 1548 899 1617 patri
940 1546 1350 1616 cognominem,
1394 1559 1774 1599 successorem
1832 1542 2048 1610 imperii
2101 1541 2332 1596 faciens.

756 1639 898 1692 Tom
930 1655 1066 1692 vero
1099 1640 1322 1708 quidam
1373 1638 1658 1695 Maximus.
1715 1643 1900 1704 spreta
1956 1635 2332 1689 Valentiniani

755 1734 1018 1802 pueritia,
1052 1731 1422 1787 Occidentalis
1475 1729 1694 1798 imperii
1726 1730 1986 1782 thronum
2018 1729 2332 1798 usurpavit.
2368 1763 2412 1822 Β

828 1821 922 1876 Xl.
978 1821 1082 1875 Per
1111 1822 1162 1874 id
1198 1822 1368 1875 etiam
1401 1820 1669 1890 temporis
1709 1819 1951 1882 Iustina,
1988 1819 2171 1887 magni
2207 1818 2335 1888 qui-

755 1914 885 1970 dem
942 1913 1317 1969 Valentiniani
1368 1914 1593 1986 coniux,
1626 1923 1800 1968 mater
1827 1922 2012 1966 autem
2065 1912 2329 1982 iunioris,

754 2020 880 2076 qua
933 2005 1202 2060 doctrina:
1255 2005 1470 2058 Arianae
1519 2019 1707 2056 semen
1760 2001 1969 2055 dudum
2013 2011 2330 2069 exceperat,

755 2097 893 2152 illud
923 2099 1034 2172 ﬁlio
1062 2097 1455 2151 inanifestavit.
1485 2096 1674 2149 Zetum
1707 2096 1852 2149 enim
1872 2094 2055 2149 mariti
2087 2095 2172 2148 sui
2204 2109 2333 2163 erga

754 2191 921 2244 ﬁdem
969 2191 1335 2244 orthodoxam
1370 2202 1722 2258 perspectum
1757 2189 1986 2248 habens,
2019 2187 2202 2256 quoad
2244 2187 2335 2241 ille

755 2285 814 2340 in
847 2283 992 2338 vivis
1021 2283 1147 2348 fuit,
1179 2284 1351 2338 latere
1378 2295 1574 2338 (onata
1603 2293 1686 2336 est
1725 2300 1737 2336 :
1774 2297 1898 2335 cum
1933 2295 2068 2335 vero
2090 2290 2330 2334 montem

755 2377 858 2432 ﬁlii
897 2386 1140 2430 teneram
1199 2391 1322 2430 esse
1352 2386 1516 2444 atque
1570 2376 1814 2428 nobilem
1865 2389 1975 2428 non
2025 2373 2329 2443 ignoraret,

755 2469 1008 2524 fraudem
1041 2483 1196 2523 suam
1225 2468 1277 2521 in
1321 2468 1562 2521 medium
1606 2468 1853 2536 proferre
1885 2483 1994 2519 non
2035 2467 2328 2520 dubitavit.

755 2561 877 2617 Hic-
901 2576 1033 2615 vero
1085 2562 1467 2630 suggestiones
1523 2560 1716 2613 matris
1773 2560 1950 2613 utiles
1986 2569 2219 2628 putans,
2279 2567 2335 2612 ct

753 2660 982 2723 propter
1002 2660 1215 2706 aetatem
1233 2665 1414 2704 escam
1435 2650 1819 2703 illecebrosam
1843 2659 2053 2703 natura:
2078 2649 2333 2715 intuitus,

756 2744 1059 2814 derepente
1089 2743 1304 2797 incidit.
1327 2743 1382 2796 in
1417 2742 1694 2811 laqueum.
1719 2745 2068 2810 Quapropter
2105 2755 2336 2809 magnus

755 2838 1102 2901 Ambrosius,
1134 2838 1229 2906 qui
1256 2851 1474 2890 omnem
1519 2836 1742 2905 quidem
1775 2835 2032 2889 Arianam
2066 2834 2335 2889 fallaciam

756 2944 828 2985 ex
870 2929 1026 2984 Italia
1074 2926 1187 2997 iam
1243 2928 1458 2997 pridem
1510 2927 1823 2995 expulerat,
1882 2941 2008 2980 cum
2061 2927 2338 2995 acciperet

758 3037 993 3093 puerum
1035 3037 1253 3091 quoque
1282 3021 1726 3080 Valentinianum
1767 3020 1822 3073 in
1853 3020 2028 3088 ipsam
2064 3019 2331 3086 incidere,

2449 619 2616 690 μένης
2645 621 2744 691 τῆς
2789 621 3076 691 αίρίσεως.
3109 622 3314 676 Τούτου
3370 623 3437 696 δὴ
3484 625 3672 678 είνεκα
3702 625 3883 695 μόνης
3937 621 4047 693 τῆς

2443 711 2652 774 οίκείας
2685 712 2964 783 βασιλείας
2988 718 3116 780 τοὺς
3135 717 3470 781 ίπισκόπους
3499 721 3581 782 είς
3599 717 3700 790 τὴν
3726 719 4042 771 linive-uv-

2442 802 2754 861 τινούπολιν
2803 807 3262 878 ωναθροισθῆναι
3303 805 3626 883 προσέταξε,
3659 811 3903 880 ποιήσας
3934 807 4043 881 si]:

2446 899 2683 956 σύνοδον.

2517 997 2572 1054 l'.
2601 997 2790 1052 Ταῦτα
2842 1001 2940 1070 μὶν
2979 1001 3276 1071 Γρατιανοῦ
3327 1000 3408 1053 Evt
3453 1001 3733 1072 πριόντος
3771 999 4038 1069 ιγάνετσ·

2446 1091 2636 1161 ιπειδὴ
2683 1091 2739 1144 δὲ
2773 1095 2980 1156 ἐκτίνος
3006 1093 3063 1148 ιν
3089 1110 3150 1148 τε
3177 1095 3436 1166 πολέμοις
3463 1094 3769 1164 ἀριστεύων
3793 1093 3894 1145 καὶ
3935 1091 4042 1154 τάς

2445 1181 2630 1245 πόλεις
2659 1184 2952 1252 σωφρόνως
2988 1202 3049 1238 τε
3096 1186 3190 1240 καὶ
3225 1186 3451 1249 δικαίως
3482 1184 3681 1240 ίθύνων
3705 1183 3770 1249 ιε
3807 1182 4040 1237 επιϐουο

2445 1275 2540 1344 λῆς
2568 1277 2913 1349 ἐτελεύτησε,
2951 1280 3144 1341 παῖδας
3178 1279 3279 1350 μὲν
3307 1279 3369 1332 ού
3413 1275 3731 1332 καταλιπὼν
3768 1275 4042 1346 κληρονό-

2447 1385 2584 1438 μους
2613 1368 2712 1438 τῆς
2750 1371 3048 1439 βασιλείας,
3083 1371 3313 1435 άδελφδν
3341 1370 3398 1423 δι
3425 1370 3622 1440 κομιδῆ
3664 1372 3789 1422 νέον
3822 1367 4061 1438 ὁμώνυφ

2448 1476 2548 1528 μον
2569 1461 2665 1514 τοῦ
2694 1463 2898 1534 πατρὸς
2926 1463 3166 1533 διάδοχον
3187 1464 3288 1534 τῆς
3313 1461 3589 1532 βασιλείας
3607 1462 4040 1515 καταλέλοιπεν·

2444 1551 2699 1622 Μάξιμος
2729 1554 2816 1624 δὴ,
2841 1555 2942 1625 τῆς
2989 1555 3436 1610 Ούαλεντινιανοΰ
3465 1557 3899 1626 καταφρονήσας
3929 1554 4045 1608 νεό-

2444 1654 2626 1714 τητος,
2655 1645 2924 1717 ἥρπασεν.

2510 1833 2616 1885 IA'.
2639 1833 2777 1886 Κατ’
2807 1835 3017 1890 ἐκεῖνον
3037 1836 3092 1890 δὲ
3116 1837 3211 1890 τὸν
3244 1836 3434 1908 χρόνον
3465 1836 3758 1902 Ἱουστίνα,
3786 1835 4036 1890 Οὐαλενο

2435 1926 2670 1978 τινιανοῦ
2706 1927 2804 1994 μὲν
2838 1929 3053 1998 γαμετὴ
3086 1930 3181 1982 τοῦ
3217 1930 3480 2000 μεγάλου,
3508 1927 3602 1984 τοῦ
3641 1930 3698 1983 δὲ
3749 1929 3882 1984 νέου
3923 1928 4032 1999 μή·

2433 2015 2619 2085 τηρ,ά
2649 2017 2818 2070 πάλαι
2869 2021 2967 2090 τῆς
3017 2020 3367 2090 Ἀρειανικῆς
3411 2021 3760 2085 διδασκαλίας
3808 2021 4035 2088 ὶδέξατο

2439 2109 2730 2177 σπέρματα
2768 2109 2901 2179 δῆλα
2955 2113 3258 2181 πεποίηκεν
3309 2115 3388 2184 τῷ
3421 2112 3596 2167 παιδί.
3644 2113 3754 2168 Τοῦ
3792 2115 3898 2187 μὲν
3926 2118 4035 2186 γάρ

2435 2200 2707 2270 ὁμοζύγου
2737 2203 2797 2254 τὸ
2825 2202 3027 2273 θερμὸν
3049 2204 3387 2276 ἐπισταμένη
3419 2205 3520 2270 τῆς
3547 2206 3812 2272 πίστεως,
3847 2207 4036 2260 λαθεῖν

2439 2292 2661 2346 ᾶπαντα
2691 2294 2780 2344 τὸν
2827 2295 3018 2364 χρόνον
3054 2296 3376 2350 ἐσπούδαστο
3401 2297 3497 2351 τοῦ
3528 2293 3583 2350 δὲ
3610 2298 3805 2361 παιδὸς
3832 2297 3896 2349 τδ
3929 2297 4036 2352 τῶν

2437 2387 2652 2454 φρενῶν
2703 2388 2908 2442 ἁπαλὸν
2953 2390 3046 2442 καὶ
3077 2391 3476 2461 εύπαράγωγον
3505 2391 3787 2460 θεωμένη,
3828 2409 4035 2462 προσε-

2437 2477 2650 2543 νεγκεῖν
2680 2478 2779 2546 τὴν
2821 2479 3100 2548 ὲξαπάτην
3133 2480 3456 2552 ἐθάρρησεν.
3506 2482 3564 2534 Ὀ
3594 2482 3650 2534 δὲ
3677 2482 3780 2551 τῆς
3821 2484 4037 2553 μητρὸς

2436 2563 2534 2625 τὰς
2562 2567 2841 2638 ὑποθήκας
2861 2569 3215 2640 ὀνησιφόρους
3245 2572 3552 2637 ὑπολαϐὼν,
3595 2575 3676 2634 είς
3712 2573 3825 2642 γὰρ
3846 2575 3910 2626 τὺ
3938 2574 4035 2643 τῆς

2439 2657 2653 2726 φύσεως
2673 2659 2865 2732 δέλεαρ
2887 2663 3233 2726 ἀποϐλέπων,
3255 2665 3314 2718 τὸ
3335 2666 3712 2736 θανατηφόρον
3728 2666 4034 2738 ἄγκιστρον

2436 2752 2495 2803 ιν
2529 2755 2593 2824 τῇ
2638 2753 2783 2824 ψυχῇ
2823 2755 3197 2826 περιίπειρεν.
3267 2755 3327 2809 '0
3368 2756 3424 2810 δὲ
3467 2757 3641 2827 μέγας
3700 2756 4036 2828 ’Λμϐρόσιος

2440 2843 2622 2894 πᾶσαν
2645 2845 2744 2913 μὶν
2772 2845 2868 2899 καὶ
2900 2847 3098 2917 πρώην
3137 2848 3484 2920 ’Δρειανικὴν
3521 2848 3732 2918 πλάνην
3755 2851 3821 2902 ὲκ
3846 2850 4034 2920 πάσης

2439 2932 2540 3002 τῆς
2580 2934 2812 2998 Ἰταλίας
2848 2937 3094 2990 ἐκποδὼν
3143 2938 3424 3008 εποίησενο
3474 2937 3667 3007 μαθὼν
3705 2939 3763 2991 δὲ
3794 2941 3893 2992 καὶ
3939 2941 4033 2994 τὸν

2440 3027 2559 3080 νίον
2589 3027 3037 3082 Οὐαλεντινιανδν
3075 3029 3280 3100 ταύτην
3327 3029 3668 3100 εἰσδέχεσθαι
3697 3032 3803 3102 τὴν
3849 3033 4030 3100 νόσον,

755 3111 982 3185 juvenis
1024 3115 1262 3168 animam
1305 3114 1376 3169 ab
1405 3129 1469 3168 ea
1512 3114 1770 3175 liberare,
1806 3123 2073 3183 quantum
2104 3113 2164 3166 in
2217 3115 2336 3182 ipso
2365 3103 2411 3163 C

2443 3121 2702 3174 ίσπευδεν
2729 3122 2794 3174 ίκ
2825 3122 2923 3191 τῆς
2967 3120 3061 3175 τοῦ
3113 3121 3236 3174 νίου
3269 3122 3446 3192 ψυχῆς
3478 3121 3780 3187 ἀποδιῶξαι
3814 3123 4026 3194 ταύτην

759 3217 902 3272 erat,
933 3207 1238 3278 satagebat.
1271 3207 1372 3261 Hic
1410 3218 1593 3260 autem
1622 3206 1800 3259 virum
1834 3206 1988 3260 illum
2020 3216 2337 3274 suspectum

760 3300 1178 3368 habebatquasi
1213 3301 1618 3362 adversarium,
1657 3311 1709 3352 et
1758 3300 2021 3353 adversus
2056 3314 2184 3354 eum
2215 3315 2341 3368 per~

758 3391 886 3445 inde
917 3407 982 3446 ac
1016 3391 1322 3460 prolessum
1352 3392 1565 3445 hostem
1599 3402 1821 3460 paratus
1848 3402 1991 3445 erat.

830 3483 946 3536 Ill.
988 3482 1089 3536 llic
1119 3499 1285 3552 porro
1318 3484 1370 3536 in
1395 3482 1722 3537 memoriam
1743 3485 1794 3538 ei
1828 3483 2124 3538 revocabat
2159 3493 2340 3553 pater-

760 3593 885 3633 nam
923 3580 1209 3648 pietatem,
1241 3587 1296 3633 et
1333 3591 1397 3632 ut
1421 3595 1586 3648 quam
1612 3587 1901 3648 acceperat
1938 3579 2336 3646 hereditatem,

761 3672 1034 3741 integram
1058 3681 1430 3732 conservaret,
1454 3670 1870 3726 obtestabatur:
1896 3670 2131 3726 docebat
2150 3680 2334 3727 autem

759 3766 1038 3834 quodnam
1080 3765 1395 3834 dogmatum
1431 3765 1724 3819 discrimen
1775 3773 1943 3827 esset,
1981 3771 2038 3819 et
2068 3764 2339 3834 quemad-

761 3858 983 3912 modum
1019 3858 1136 3911 haec
1160 3857 1380 3924 quidem
1411 3857 1597 3911 omnia
1636 3856 1843 3910 Christi
1879 3856 2167 3918 doctrinm,
2203 3872 2338 3927 apo-

760 3952 1146 4016 stolorumque
1169 3947 1550 4017 prmdieallioni
1592 3956 1716 4015 apte
1744 3953 2136 4014 congruerent,
2175 3947 2266 4002 illa
2303 3964 2334 4002 e

759 4042 1044 4096 contrario
1095 4041 1437 4109 spiritualem
1483 4047 1867 4108 oppugnarent
1909 4039 2331 4108 legislationem.

761 4135 831 4189 At
858 4149 992 4187 vero
1039 4148 1196 4202 puer,
1230 4141 1423 4201 utpote
1453 4133 1545 4200 qui
1603 4146 1741 4200 puer
1787 4140 1954 4194 esset,
1990 4141 2046 4186 et
2084 4147 2113 4186 a
2161 4141 2335 4187 matre

762 4225 994 4292 decepta
1031 4223 1314 4276 blanditiis
1338 4222 1561 4276 illectus
1579 4263 1593 4286 ,
1623 4231 1680 4274 et
1705 4222 1890 4275 verbis
1916 4223 2252 4287 armabatur,
2281 4231 2337 4278 et

764 4315 1034 4370 militibus
1068 4315 1298 4367 armatis
1343 4312 1601 4368 Ecclesia:
1647 4313 1890 4368 ambilus
1929 4313 2331 4386 circumcinge-

763 4409 878 4460 hat.

833 4498 977 4553 Xlll.
1009 4498 1204 4553 Postea
1234 4511 1366 4551 vero
1389 4511 1552 4566 quam
1579 4496 1879 4550 maximum
1910 4496 2066 4550 illum
2111 4497 2334 4566 praelia-

763 4602 962 4655 torem,
1006 4591 1256 4645 divinum
1304 4589 1679 4652 Ambrosium,
1702 4603 1898 4642 eorum
1932 4605 2056 4659 quze
2111 4591 2181 4644 ab
2232 4591 2330 4646 illo

765 4685 992 4751 flebant,
1021 4684 1157 4738 nihil
1189 4683 1461 4738 deterruit
1489 4685 1562 4755 (is
1589 4685 1736 4738 enim
1763 4683 1863 4738 ista
1911 4693 2170 4753 tanquam
2199 4701 2337 4755 pue-

766 4792 951 4831 rorum
992 4777 1442 4831 terriculamenta
1490 4777 1888 4845 existimabat),
1927 4776 2020 4831 ille
2054 4778 2334 4846 impendio

763 4871 990 4925 moleste
1038 4870 1256 4936 ferens,
1315 4870 1491 4939 ipsum
1555 4879 1710 4924 extra
1756 4870 2085 4940 templorum
2147 4873 2343 4928 limina-

760 4964 914 5014 exire
941 4961 1140 5032 jussit.
1177 4959 1277 5016 Hic
1307 4969 1511 5021 autem,
1545 4958 1752 5030 Sponte
1782 4975 1924 5023 mea,
1960 4960 2160 5032 inquit,
2196 4963 2343 5018 illud'

763 5053 967 5115 facere,
997 5063 1160 5121 atque
1192 5067 1377 5105 ortum
1410 5053 1598 5107 caulas
1629 5053 1774 5121 lupis
1819 5053 2072 5121 prodere,
2115 5055 2342 5110 etiamsi

765 5144 991 5209 sanguis
1039 5141 1457 5212 profundendus
1487 5143 1595 5205 sit,
1627 5143 1852 5196 minime
1887 5145 2082 5200 feram.
2129 5145 2332 5201 Verum

761 5233 810 5288 si
844 5245 951 5288 tua:
990 5235 1288 5288 voluntatis
1327 5244 1412 5289 est
1449 5237 1598 5290 intus
1628 5251 1713 5291 me
1751 5236 2009 5302 interﬁci,
2062 5239 2328 5307 gladium,

764 5325 977 5392 inquit,
1011 5326 1098 5380 vel
1129 5329 1364 5380 securim
1400 5327 1535 5380 mihi
1579 5327 1840 5392 admove;
1885 5329 2203 5400 hujusmodi
2236 5346 2334 5385 ne-

764 5431 886 5471 cem
909 5433 1012 5487 ego
1042 5419 1343 5488 amplectar
1372 5435 1534 5487 quam
1565 5419 1952 5475 libentissime.
1984 5421 2052 5475 Et
2079 5423 2182 5476 ista
2210 5422 2333 5492 qui-

761 5509 890 5564 dem
915 5511 1077 5564 divus
1112 5512 1454 5567 Ambrosius.

831 5602 968 5658 XIV.
1001 5603 1209 5658 Exacto
1239 5617 1422 5658 autem
1457 5603 1638 5674 spatio
1666 5611 1932 5673 temporis
1969 5619 2080 5660 non
2110 5605 2332 5675 exiguo,

760 5697 968 5750 certior
989 5697 1163 5752 factus
1193 5706 1278 5751 est
1315 5696 1581 5752 Maximus
1606 5712 1800 5751 eorum
1831 5708 2148 5763 conatuum,
2192 5713 2334 5768 quos

762 5796 956 5841 contra
969 5787 1338 5844 clarissimum
1363 5789 1613 5844 veritatis
1639 5803 1948 5860 praconem
1971 5799 2328 5846 attentarant.

760 5876 924 5934 Mittit
953 5878 1118 5950 igitur
1135 5879 1540 5950 Valentiniano,
1571 5881 1667 5949 qui
1685 5894 1812 5937 eum
1835 5896 1865 5936 a
1888 5881 2033 5939 bello
2062 5881 2332 5939 adversus

2441 3210 2540 3282 τὴν
2567 3213 2748 3266 νόσον
2779 3214 2942 3278 αὐτὸς
2970 3213 3028 3267 δὲ
3056 3209 3168 3267 οἷον
3197 3213 3495 3269 ἀντίπαλον
3519 3215 3612 3267 τὸν
3642 3215 3820 3285 ἄνδρα
3849 3217 4030 3272 ἐδόκει

2441 3306 2602 3362 εἶναι.
3442 3330 3448 3335 -

2511 3490 2613 3545 ΥΒ.
2652 3490 2718 3542 ‘0
2751 3489 2808 3542 δὲ
2851 3488 2954 3558 τῆς
2983 3505 3042 3541 τε
3070 3488 3164 3542 τοῦ
3203 3487 3405 3559 πατρὸς
3427 3488 3843 3560 ἀνεμίμνησκεν
3872 3492 4028 3547 εύσεο

2441 3581 2614 3645 ϐείας,
2647 3583 2740 3636 καὶ⁴
2771 3581 2862 3633 τὸν
2893 3579 3094 3649 κλῆρον
3126 3579 3404 3648 παρέϐαλε
3439 3581 3734 3648 φυλάττειν
3758 3581 3824 3635 δν
3855 3585 4029 3653 παρί-

2437 3674 2601 3727 λαϐεν
2638 3672 2856 3729 άσυλον.
2901 3673 3177 3726 Ἐδίδασκε
3224 3671 3280 3725 εδ
3324 3673 3419 3726 καὶ
3443 3672 3544 3742 τὴν
3571 3671 3682 3725 τῶν
3730 3671 4028 3745 δογμάτων

2437 3763 2724 3834 διαφοράν,
2753 3764 2849 3818 καὶ
2880 3762 3028 3825 ὅπως
3061 3763 3129 3816 τά
3166 3761 3267 3832 μὶν
3291 3764 3358 3832 τῇ
3393 3759 3488 3815 τού
3521 3762 3728 3833 Κυρίου
3759 3763 4025 3818 διδασκα-

2439 3857 2528 3927 λία
2559 3857 2655 3911 καὶ
2679 3858 2793 3919 τοῖς
2827 3855 2935 3911 τῶν
2965 3855 3281 3911 ἀποστόλων
3312 3857 3602 3928 συμϐαίνει
3627 3861 4023 3931 κηρύγμασιν·

2438 3949 2506 4002 τὰ
2529 3950 2585 4002 δι
2609 3948 2870 4018 ἄντικρύς
2895 3949 3042 4000 ἑστιν
3074 3947 3294 4001 ιναντία
3335 3951 3428 4004 καὶ
3457 3953 3522 4021 τῇ
3555 3957 3912 4026 πνευματικῇ
3937 3972 4025 4008 νο-

2442 4039 2670 4111 μοθεσίᾳ
2701 4038 3008 4110 μαχόμενα.
3053 4039 3114 4092 ’0
3147 4039 3204 4093 δὲ
3233 4041 3353 4103 νέος
3376 4035 3464 4094 οἷα
3494 4041 3559 4112 δὴ
3589 4043 3711 4106 νέος
3740 4044 3840 4096 καὶ
3871 4047 4024 4108 παρὰ

2441 4134 2647 4204 μητρὸς
2670 4133 3032 4203 ὴπατημένης
3049 4131 3376 4201 θελγόμενος
3397 4133 3458 4185 οὐ
3484 4133 3646 4202 μόνον
3671 4135 3733 4188 ού
3759 4137 4024 4205 προσίετο

2437 4226 2506 4278 τὰ
2527 4222 2798 4293 λεγόμενα
2825 4223 2977 4293 παρὰ
3027 4222 3122 4275 τοῦ
3161 4221 3489 4292 ἀρχιερέως,
3524 4222 3661 4276 ἀλλὰ
3713 4225 3812 4278 καὶ
3842 4225 4020 4296 θυμοῦ

2439 4316 2651 4384 πλήρης
2691 4314 2898 4381 ιγίνετο
2949 4313 3043 4366 καὶ
3101 4312 3279 4382 λόχοις
3327 4312 3562 4366 ὁπλιτῶν
3589 4330 3646 4366 τε
3687 4315 3785 4368 καὶΙ
3818 4316 4022 4371 πελτα-

2364 4441 2417 4500 D
2443 4407 2582 4460 στῶν
2611 4408 2736 4468 τοὺς
2759 4407 3242 4478 ικκλησιαστικοὺς
3274 4405 3596 4476 περιϐόλους
3618 4407 3879 4464 ικύκλου.

2511 4499 2614 4556 ll".
2654 4497 2876 4570 Ἐπειδὴ
2913 4498 2970 4552 δι
3005 4498 3097 4552 τὸν
3133 4499 3391 4568 μέγιστον
3412 4499 3624 4552 ικεῐνον
3645 4500 3905 4566 ἀριστέα,
3937 4503 4030 4556 τὸν

2443 4593 2597 4647 θεῖον-
2641 4592 2988 4663 ’Δμϐρόσιον,
3026 4590 3180 4645 οὐδὲν
3209 4591 3442 4661 ἐφόϐησε
3476 4591 3586 4646 τῶν
3617 4592 3710 4646 ὑπ’
3735 4593 3907 4648 αὐτοῦ
3940 4613 4026 4664 γι-

2441 4684 2683 4753 νομένων
2730 4680 3128 4752 (μορμολύκεια
3161 4681 3271 4751 γάρ
3324 4679 3560 4734 ὑπέλαϐε
3602 4681 3776 4736 ταῦτα
3826 4701 4024 4757 μειρα-

2442 4775 2681 4838 κυλλίοις
2713 4776 2817 4827 ὑπό
2846 4791 3007 4828 τινων
3041 4773 3516 4844 προσφερόμενα)·
3539 4775 3660 4827 τότε
3676 4773 3742 4845 δὴ
3772 4779 4017 4848 χαλεπήο

2443 4885 2536 4928 νας
2564 4866 2879 4937 προφανῶέ,
2911 4866 3073 4919 αὐτόν
3107 4866 3361 4919 ἐκέλευσε
3388 4865 3496 4919 τῶν
3525 4867 3686 4936 ίερῶν
3721 4868 3829 4934 ἐξω
3860 4870 4022 4939 βῆναι

2444 4959 2753 5031 προθύρων.
2792 4961 2851 5012 '0
2877 4958 2958 5023 δι,
3005 4958 3176 5012 Ἐκὼν
3209 4959 3325 5028 μὶν,
3351 4959 3478 5030 εφη,
3509 4958 3665 5012 τοῦτο
3715 4961 3777 5013 οὑ
3810 4962 4020 5032 δράσω,

2442 5053 2562 5104 οὐδὲ
2591 5051 2857 5121 προδώσω
2889 5054 3001 5114 τοῖς
3029 5050 3213 5114 λύκοις
3243 5051 3334 5104 τὸν
3359 5049 3469 5105 τῶν
3508 5051 3800 5122 προϐάτων
3829 5055 4017 5125 σηκὸν,

2442 5145 2562 5198 οὐδὲ
2579 5147 2692 5209 τοῖς
2724 5143 3106 5214 βλασφημοῦσι
3136 5143 3227 5197 τὸν
3252 5142 3392 5197 θεῖον
3424 5144 3832 5215 παραδώσομεν
3861 5150 4019 5201 νεών·

2437 5235 2551 5290 ἀλλ’
2578 5237 2632 5289 εἴ
2658 5253 2740 5288 σοι
2784 5238 2993 5288 κτεῖναι
3023 5235 3188 5295 δοκεῖ,
3230 5233 3379 5286 ινδον
3411 5234 3707 5302 ιπένεγκαί
3733 5251 3825 5304 μοι
3861 5237 3922 5289 τὸ
3946 5236 4019 5302 ξί-

2439 5345 2539 5397 φος
2595 5327 2628 5398 ἢ
2687 5326 2784 5392 τὴν
2844 5325 3063 5394 άξίνηνο
3119 5324 3409 5389 ἀσπασίως
3477 5326 3585 5396 γὰρ
3627 5326 3856 5395 δέξομαι
3915 5330 4011 5397 τὴν

2435 5420 2692 5490 τοιαύτην
2731 5419 2967 5489 σφαγήν.
3026 5418 3137 5471 Καὶ
3164 5418 3338 5471 ταῦτα
3392 5418 3490 5490 μὲν
3519 5420 3548 5472 ό
3578 5417 3725 5484 θεῖος
3778 5422 4016 5494 ’Λμϐρό-

2439 5528 2576 5572 σιος.
3199 5536 3204 5540 ’

2507 5602 2606 5657 1Δ’.
2634 5603 2841 5675 Χρόνου
2870 5604 2925 5658 δὲ
2959 5603 3156 5676 συχνοῦ
3209 5603 3530 5675 τριϐομένου
3575 5602 3874 5673 μεμάθηκε
3915 5605 4012 5673 μὲν

2437 5696 2465 5748 ό
2490 5698 2741 5767 Μάξιμος
2772 5699 2839 5752 τὰ
2874 5698 3016 5752 κατὰ
3042 5700 3139 5751 τοῦ
3190 5695 3580 5768 μεγαλοφώνου
3621 5697 3863 5766 κήρυκος
3917 5699 4010 5765 τῆς

2436 5790 2692 5861 ἀληθείας
2723 5791 3052 5861 τολμώμενα
3073 5807 3085 5820 ·
3119 5780 3400 5844 ἰπὲστειλε
3430 5788 3486 5843 δὲ
3509 5789 3586 5858 τῷ
3624 5788 4009 5843 Οὑαλεντινια-

2436 5882 2532 5945 νῷ.
2554 5884 2644 5937 τὸν
2675 5882 2816 5937 κατὰ
2839 5884 2943 5954 τῆς
2967 5882 3251 5946 εὐσεϐείας
3273 5883 3508 5952 πόλεμον
3535 5881 3838 5938 καταλῦσαι
3872 5897 4003 5956 παρ-
