4242 6442
803 425 867 492 7]
1962 418 2346 482 ADDENDA.
2391 443 2457 455 -
2482 413 2810 478 APRILIS.
3927 406 4048 474 87!

843 536 1023 594 XVIII.
1055 534 1435 593 ﬁdelissimus
1460 542 1643 589 autem
1668 536 1968 602 imperator
1991 532 2337 587 Theodosius
2367 538 2410 592 Α
2513 531 2518 579 1

2371 538 2410 592 Α
2513 526 2618 584 111⁸.
2652 529 2931 591 Erubesce;
2954 530 3012 582 δὶ
3038 539 3067 581 o
3085 528 3408 594 πιστότατος
3439 526 3698 600 βασιλεὺς
3729 521 3908 581 ταῦτα
3936 541 4046 580 πι-

771 631 961 685 Isthmo
993 627 1180 681 omnia
1215 641 1247 682 e
1287 624 1470 680 medio
1498 625 1572 679 ita
1613 622 1860 685 sustulit,
1897 639 1962 676 ae
2000 621 2046 676 si
2071 621 2150 675 ab
2179 621 2340 675 initio
2444 654 2446 688 ι

2444 623 2608 690 ριεῖλε
2630 624 2828 684 πάντα.
2853 621 3046 692 ὥσπερ
3067 624 3135 676 ἂν
3159 623 3208 677 εί
3247 622 3386 695 μηδι
3405 622 3508 694 τὴν
3537 621 3712 692 ἀρχὴν
3739 620 4044 689 τετιηότι.

773 732 885 771 non
916 715 1296 770 exstitissent:
1333 717 1388 766 In
1419 727 1658 781 quorum
1688 711 1864 765 vicem
1894 708 2225 764 Christianis
2256 709 2339 762 in-
2440 731 2448 763 :

2440 713 2534 764 καὶ
2567 710 2741 765 πλείω
2764 712 3112 781 Χριστιανοίς
3141 712 3602 783 ἀντεισηνέγκατο
3629 711 3818 779 lupa.
3865 709 4043 764 Ἀλλ)

770 807 954 862 stituit
981 808 1086 862 alia
1121 807 1300 876 plura.
1326 803 1432 861 Sed
1455 804 1603 858 enim
1635 804 1756 872 ejus
1781 803 1874 872 qui
1905 817 1935 856 a
1967 803 2164 871 primis
2192 809 2343 853 retro
2439 818 2445 831 ·

2439 802 2549 871 γὰρ
2575 801 2671 855 τοῦ
2704 801 2887 856 κοινοῦ
2911 805 3024 856 τῶν
3056 801 3365 874 ἀνθρώπων
3384 802 3596 857 ἄνωθεν
3620 801 3893 869 πολεμίου
3931 800 4042 863 τὰς

773 897 1118 970 temporibus
1146 897 1321 951 hostis
1349 894 1633 949 hominum
1657 902 1764 958 est,
1811 893 1995 948 omnia
2031 892 2170 946 retia
2229 904 2342 944 non
2439 910 2448 944 t

2439 891 2615 962 ἄρκυς
2651 892 2934 961 διαφυγείν
2980 893 3208 957 ἁπάσας
3231 893 3294 948 ού
3338 893 3561 966 ῥᾴδιον·

771 990 880 1045 nisi
918 1003 1063 1060 agre
1091 985 1473 1059 eﬂugiuntur;
1526 985 1726 1057 sepius
1767 985 1915 1040 enim
1958 981 2163 1052 aliquis
2214 993 2342 1036 cum
2440 1004 2446 1020 ι

2440 1002 2526 1049 τις
2559 985 2854 1057 διαδράσας
2874 987 2977 1056 τῆς
3006 985 3297 1055 ἀσελγείας
3321 986 3388 1040 τδ
3436 983 3636 1047 πάθος,
3663 985 3733 1054 τῇ
3756 985 3866 1054 τῆς
3898 981 4044 1034 πλεο

774 1080 1007 1134 luxuria
1035 1077 1289 1133 morbum
1319 1077 1576 1141 evaserit,
1625 1075 1870 1130 avaritia
1923 1073 2122 1142 laqueo
2156 1069 2342 1124 forsan
2441 1097 2449 1130 ε

2441 1078 2652 1144 ονεξίες
2700 1078 2834 1144 ίσως
2889 1079 3173 1134 ἁλίσκεται
3219 1077 3436 1148 παγίδι.
3471 1077 3537 1132 El
3597 1077 3654 1131 δι
3682 1077 3780 1130 καὶ
3819 1074 4045 1142 ταύτης

775 1172 1035 1240 capitur:
1069 1168 1115 1224 si
1150 1177 1338 1224 autem
1372 1167 1465 1222 illa
1491 1166 1661 1223 fuerit
1689 1167 1864 1237 major
1889 1163 2115 1220 aliunde
2147 1175 2345 1216 rursus
2443 1188 2450 1225 ε

2443 1173 2709 1241 κρείττων
2737 1171 3242 1242 φανείη,έτέρωθεν
3261 1170 3569 1238 ὑποφύεται
3593 1169 3760 1223 πάλιν
3783 1166 3888 1220 τοῦ
3910 1167 4047 1235 φθόο

772 1259 968 1314 livoris
1009 1273 1214 1330 vorago
1242 1257 1638 1314 subnascitur:
1696 1264 1754 1311 et
1799 1256 1929 1310 licet
1961 1253 2106 1307 hanc
2157 1250 2344 1306 denuo
2443 1279 2447 1292 ε

2443 1279 2538 1315 νου
2574 1261 2637 1314 τὸ
2661 1259 2938 1332 βάραθρον
2963 1275 2979 1292 °
3031 1261 3137 1316 κᾶν
3163 1260 3327 1315 τοῦτο
3344 1259 3404 1314 δέ
3434 1258 3598 1313 πάλιν
3635 1256 4041 1327 ὑπερπηδήσῃ,

779 1352 1124 1417 transilierit,
1149 1351 1335 1422 plagas
1364 1347 1664 1404 iracundia
1691 1345 1938 1402 oﬂ'endct
1963 1353 2340 1416 praparatas:
2445 1371 2454 1389 -

2445 1353 2619 1408 τδτοῦ
2644 1352 2822 1423 θυμοῦ
2857 1354 3073 1408 δίκτυον
3104 1353 3330 1422 εὑρήσει
3359 1351 3721 1423 προκείμενον
3742 1365 3757 1380 ο
3794 1350 3898 1402 καὶ
3940 1349 4043 1403 u-

774 1455 834 1498 et
865 1453 1152 1499 sescentas
1185 1442 1323 1497 alias
1373 1439 1695 1496 hominibus
1754 1437 2062 1494 tendiculas
2122 1435 2348 1492 instruit
2446 1444 2449 1496 ξ

2446 1444 2543 1508 λας
2569 1445 2627 1498 δδ
2671 1445 2872 1516 μυρίας
2911 1445 3024 1508 τοῖς
3052 1443 3362 1514 ἀνθρώποις
3392 1441 3578 1513 τίθησι
3606 1439 3846 1510 παγίδας
3882 1441 3914 1494 6
3943 1455 4044 1492 πο-

779 1535 1053 1604 malignus
1085 1535 1193 1600 ille,
1229 1533 1324 1602 qui
1365 1533 1417 1586 in
1450 1531 1735 1587 hominum
1759 1541 1993 1586 venatur
2019 1527 2344 1602 perniciem.
2445 1555 2454 1575 ε

2445 1537 2631 1608 νηρδς,
2661 1536 2915 1608 ἀγρεύων
2945 1539 3028 1601 εἰς
3071 1535 3316 1605 δλεθρον.
3347 1534 3466 1589 Kal
3495 1533 3568 1588 τὰ
3602 1533 3704 1603 μιν
3732 1532 3892 1602 πάθη
3943 1532 4042 1586 τοῦ

781 1624 927 1681 Sane
958 1626 1181 1696 quidem
1218 1639 1519 1693 corporeus
1548 1633 1729 1679 motus
1783 1622 2054 1678 machinis
2083 1622 2349 1676 adversus
2449 1649 2456 1677 ι

2449 1628 2700 1698 σώματος
2725 1626 3105 1698 ὑπουργοῦντα
3131 1625 3245 1696 έχει
3264 1627 3387 1689 ταῖς
3424 1624 3566 1679 κατὰ
3591 1625 3693 1693 τῆς
3722 1623 3915 1693 ψυχῆς
3955 1639 4043 1674 τε-

781 1715 1020 1769 animam
1051 1713 1119 1768 ab
1151 1729 1217 1768 eo
1242 1713 1525 1768 fabricatis
1555 1712 1723 1768 habet
1743 1721 2106 1782 cooperantes
2133 1729 2146 1765 :
2192 1724 2349 1765 mens
2448 1737 2456 1773 ι

2448 1717 2832 1790 κταινομέναις
2865 1717 2959 1772 ὑπ’
2987 1716 3154 1772 αὑτοῦ
3177 1718 3446 1788 μηχαναῖς
3466 1731 3482 1747 ·
3515 1715 3676 1786 μόνος
3707 1714 3769 1768 δδ
3795 1715 4041 1785 έγρηγε-

781 1815 966 1860 autem
998 1806 1091 1859 illa
1125 1821 1248 1876 quae
1283 1806 1519 1875 vigilans
1547 1805 1736 1870 fuerit,
1770 1805 1886 1860 sola
1942 1813 2188 1874 supcrat,
2223 1818 2351 1872 pro-
2447 1837 2456 1882 1

2447 1809 2560 1882 ρὼς
2585 1811 2614 1864 6
2637 1809 2762 1875 νοῦς
2797 1809 3158 1881 περιγίνεται,
3189 1811 3254 1880 τῇ
3294 1809 3423 1878 περὶ
3473 1809 3542 1861 τὰ
3571 1806 3694 1861 θεία
3719 1807 3906 1876 τροπῇ
3933 1806 4044 1858 τῶν

782 1896 1050 1966 pensione
1081 1895 1139 1948 in
1168 1909 1258 1950 res
1286 1893 1502 1950 divinas
1525 1895 1997 1951 machinationum
2042 1893 2189 1948 illius
2235 1908 2353 1947 ma-
2385 1885 2457 1970 Β⁴

2385 1885 2427 1942 Β
2449 1903 2870 1974 μηχανημάτων
2900 1902 3192 1972 διελέγχων
3243 1902 3344 1973 τὴν
3371 1901 3733 1971 κακουργίαν.
3793 1899 3916 1968 τῆς
3947 1900 4041 1952 ἁν-

784 1987 956 2041 litiam
989 1985 1316 2055 reprimens.
1332 1985 1678 2057 Quapropter
1707 2003 1833 2044 cum
1863 1988 2116 2042 human:
2138 1995 2350 2041 natura
2453 1999 2459 2042 4

2453 1994 2732 2066 θρωπείας
2763 1992 2831 2065 δὴ
2870 1989 2972 2048 οὖν
2997 1992 3212 2061 φύσεως
3237 1993 3333 2046 καὶ
3363 1992 3392 2045 6
3422 1978 3728 2061 θαυμάσιος
3778 1990 4042 2060 βασιλεὺς

786 2082 1060 2152 particeps
1093 2093 1239 2137 esset
1262 2082 1562 2153 imperator
1593 2082 1686 2138 ille
1716 2081 2081 2146 admirabilis,
2134 2088 2356 2150 pertur-
2452 2106 2461 2157 ς

2452 2084 2747 2158 μετασχὼν
2781 2078 2938 2149 οὗτος
2969 2084 3094 2138 om
3137 2081 3248 2137 τῶν
3279 2082 3500 2153 έκείνης
3530 2082 3721 2137 παθῶν
3759 2081 4037 2150 ιγευστος

790 2173 1081 2228 bationum
1135 2175 1282 2230 illius
1319 2189 1516 2244 expers
1562 2189 1672 2230 non
1707 2189 1925 2245 semper
1985 2174 2110 2229 fuit.
2148 2173 2353 2228 Verum
2453 2177 2465 2231 I

2453 2177 2672 2248 Ιμεινεν
2696 2191 2711 2208 ⁶
2741 2175 2880 2230 ἀλλά
2905 2192 2988 2238 τις
3013 2175 3250 2245 ἀμετρία
3272 2173 3349 2246 τῷ
3374 2174 3574 2245 δικαίῳ
3603 2172 3766 2244 θυμῷ
3799 2188 4045 2244 προσγε-

787 2279 1046 2320 excessus
1064 2265 1250 2320 nescio
1271 2266 1397 2335 quis
1427 2267 1523 2320 ira:
1549 2265 1806 2336 legitima
1832 2265 2162 2337 conjunctus
2183 2303 2199 2328 ,
2229 2279 2358 2319 cru-
2455 2285 2462 2303 ι

2455 2267 2654 2339 νομένη
2682 2265 2890 2336 ἀπηνές
2923 2263 3159 2320 τιῶδινε
3201 2266 3297 2320 καὶ
3339 2265 3680 2336 παράνομον,
3733 2262 3942 2336 ὥσπερ
3979 2263 4041 2332 δὴ

787 2354 909 2411 dele
934 2355 1195 2425 quiddam
1225 2355 1488 2430 parturiit
1544 2365 1711 2425 atque
1751 2356 2074 2428 oinjustum;
2113 2355 2184 2411 de
2245 2370 2357 2427 quo
2456 2378 2462 2407 ε

2456 2353 2550 2413 οῦν
2569 2358 2766 2414 αὐτίκα
2793 2357 3093 2427 ῥηθήσεται
3112 2370 3128 2387 °
3181 2357 3244 2411 ού
3278 2356 3387 2430 γὰρ
3417 2356 3757 2427 κατηγορίαν
3785 2356 3910 2426 ιχει
3944 2356 4041 2426 μό-

788 2445 1052 2501 videlicet
1077 2448 1266 2502 statim
1296 2446 1534 2502 dicetur.
1570 2444 1757 2518 Neque
1809 2449 1958 2502 enim
2015 2455 2228 2518 tanzum
2277 2462 2360 2503 re-
2457 2469 2463 2486 ε

2457 2467 2548 2504 νον
2582 2449 2678 2505 τοῦ
2714 2448 3032 2520 θαυμαστοῦ
3084 2448 3369 2518 βασιλέως,
3425 2449 3564 2505 ἀλλὰ
3619 2450 3715 2503 καὶ
3754 2449 4046 2520 εύψημίεν

791 2536 1215 2607 prehensionem
1250 2537 1416 2593 habet
1443 2537 1788 2594 admirabilis
1829 2537 2206 2608 imperatoris,
2259 2538 2358 2595 sed
2462 2562 2466 2610 ι

2462 2541 2682 2612 μνήμης
2712 2539 3039 2612 ἀξιωτάτην.
3081 2541 3177 2595 καὶ
3233 2541 3470 2610 μάλιστα
3503 2541 3604 2614 τὴν
3632 2539 3728 2595 τοῦ
3783 2543 4043 2612 γενναίου

789 2629 954 2684 etiam
991 2627 1434 2692 praedicationem
1481 2630 1743 2685 memoria
1769 2628 2062 2685 admodum
2089 2629 2308 2700 dignam
2339 2644 2358 2684 :
2459 2652 2464 2668 ι

2459 2633 2652 2688 τούτου
2687 2631 3013 2703 ’Δμθροτίου
3031 2632 3400 2703 διαδεχθεῐσαν
3427 2632 3663 2687 ένταῦθα
3691 2634 4043 2704 παρρησίαν,

791 2719 1030 2775 maxime
1051 2735 1185 2776 vero
1209 2720 1464 2791 generosi
1513 2721 1663 2776 illius
1717 2719 1996 2776 Ambrosii
2044 2721 2358 2786 libertatem
2460 2744 2466 2778 τ

2460 2725 2557 2780 καὶ
2585 2724 2679 2780 τδν
2703 2724 2870 2778 πολὺν
2895 2724 3103 2778 έκεῖνον
3123 2718 3169 2794 ᾧ
3193 2726 3323 2795 περὶ
3346 2724 3448 2797 τὴν
3471 2725 3754 2780 εὐσέϐειαν
3773 2724 4048 2796 sulm

797 2814 906 2868 huc
929 2813 1343 2878 succedentem,
1373 2828 1437 2868 ac
1465 2814 1701 2869 multum
1734 2813 1914 2882 illum,
1952 2827 2066 2884 quo
2102 2813 2362 2870 utebatur
2462 2816 2472 2882 4

1909 2855 1914 2876 ,
1952 2827 2066 2884 quo
2102 2813 2362 2870 utebatur
2462 2816 2660 2889 ζῆλονο
2683 2816 2921 2890 δηλώσει
2944 2818 2989 2874 δ’
3021 2813 3119 2873 οῦν
3154 2817 3305 2889 ὅμως
3341 2818 3371 2873 6
3401 2816 3584 2886 λόγος.

795 2907 851 2962 in
887 2907 1056 2962 rebus
1089 2908 1155 2963 ad
1181 2909 1443 2978 pietatem
1466 2909 1899 2980 pertinentibus,
1950 2909 2122 2966 animi
2177 2910 2362 2968 fervo-

795 3012 934 3053 rem.
974 2997 1253 3068 Quidquid
1283 3001 1418 3055 iliud
1448 3002 1540 3067 sit,
1571 3009 1754 3057 tamen
1796 3001 2102 3060 declarabit
2153 3008 2357 3061 oratio.

787 3141 789 3143 .
868 3089 1008 3146 XIX.
1042 3090 1434 3146 Thessalonica
1465 3092 1660 3148 civitas
1681 3108 1877 3165 magna
1903 3103 2008 3162 est,
2037 3109 2103 3150 ac
2138 3096 2365 3167 populis

793 3181 1073 3253 frequens,
1107 3183 1374 3280 attributa
1406 3183 1627 3280 quidem
1642 3183 2051 3280 Macedonibus,
2067 3185 2364 3280 Thessalia
2389 3221 2434 3280 ο
2467 3202 2468 3212 ‘

2389 3221 2434 3280 ο
2467 3180 2704 3250 θρωπος,
2721 3179 2948 3233 τελοῦσα
2975 3179 3077 3250 μιν
3105 3179 3184 3242 εις
3209 3177 3547 3242 Μακεδόνας,
3569 3176 3853 3246 ἡγουμένη
3871 3175 3930 3228 ει
3952 3176 4046 3228 καὶ

794 3284 980 3330 autem
1045 3285 1214 3345 atque
1266 3275 1485 3330 Achaia
1537 3285 1724 3346 caput,
1787 3277 2253 3347 quemadmodum
2305 3267 2469 3336 et“

2393 3267 2434 3280 “’
2463 3272 2763 3338 Θετταλίας
2791 3273 2886 3327 καὶ
2917 3272 3139 3344 ’Δχαῑας
3164 3271 3263 3325 καὶ
3299 3269 3474 3345 ἀλλων
3506 3268 3720 3322 ⁴ιινολλῶν
3748 3267 3925 3321 έθνῶν
3945 3270 4046 3322 ὃσα

793 3367 1025 3421 aliarum
1071 3368 1388 3433 multarum,
1441 3375 1713 3437 quotquot
1751 3369 2128 3436 subjiciuntur
2165 3372 2364 3444 illyrite
2465 3386 2468 3397 ‘

2465 3366 2572 3420 ύπδ
2596 3363 2676 3436 τῷ
2711 3365 2822 3419 τῶν
2857 3363 3132 3432 Ἰλλυριῶν
3159 3363 3394 3433 ὑπάρχῳ
3425 3363 3629 3416 κεῖται.
3668 3360 4051 3423 hame

794 3455 1074 3526 pmfecto.
1103 3456 1387 3511 Seditione
1413 3455 1579 3527 igitur
1610 3455 1723 3512 illic
1751 3468 1966 3524 exorta,
1989 3459 2214 3529 quidam
2249 3477 2367 3516 ma-
2465 3475 2469 3489 ‘

2465 3473 2560 3512 νυν
2584 3459 2643 3512 έν
2666 3457 2805 3526 αὐτῇ
2840 3455 3137 3526 γενομένης
3180 3452 3628 3524 κατελεύσθησαν
3652 3469 3714 3506 τε
3748 3454 3847 3507 καὶ
3876 3470 4047 3507 κατε-

797 3545 1132 3616 gistratunm
1161 3543 1387 3613 lapidati
1425 3554 1577 3608 sunt,
1610 3553 1667 3600 et
1689 3560 1787 3615 per
1813 3547 1933 3604 vias
1961 3551 2144 3614 tracti,
2170 3552 2369 3607 vitam-
2468 3571 2472 3596 ε

2468 3546 2713 3619 σύρησαν
2732 3545 2842 3600 τῶν
2886 3544 3162 3615 αρχόντων
3184 3544 3349 3607 τινὶς,
3380 3544 3478 3596 καὶ
3510 3543 3603 3596 τὸν
3632 3542 3746 3614 βίον
3785 3544 4048 3613 alexim

797 3652 905 3710 que
947 3637 1266 3707 turpissimo
1320 3637 1475 3692 exitu
1515 3636 1798 3694 finierunt.
1833 3639 1947 3694 Rex
1977 3640 2147 3712 igitur
2169 3657 2365 3701 eorum
2466 3657 2472 3687 ε

2466 3635 2609 3691 οὕτω
2635 3635 3031 3707 κατέστρεψαν.
3045 3635 3107 3689 '0
3131 3632 3225 3689 οῦν
3251 3632 3506 3704 βασιλεὺς
3525 3636 3648 3698 ταῖς
3671 3633 3781 3688 τῶν
3808 3635 4048 3704 συμδάνο

798 3745 923 3802 qua:
944 3728 1282 3796 acciderant,
1315 3729 1525 3784 nuntiis
1553 3730 1983 3799 excaudescena,
2015 3747 2080 3788 ea
2104 3743 2223 3790 non'
2245 3749 2366 3791 mo-
2465 3745 2473 3765 ⁴

2465 3745 2575 3784 των
2602 3725 2884 3798 ἀγγελίαις
2911 3725 3236 3796 ἁναφλεγεὶς
3268 3727 3370 3780 οὐκ
3401 3726 3603 3797 ἦνεγκε
3645 3726 3840 3798 πράως
3860 3743 3876 3758 ο
3912 3727 4048 3781 ἀλλὰ

797 3820 988 3876 derate
1019 3821 1181 3876 tulit:
1209 3819 1305 3875 sed
1333 3835 1555 3876 omnem
1582 3822 1922 3878 stomachum
1949 3833 2140 3881 contra
2172 3841 2369 3884 omnes
2468 3841 2472 3855 ί

2468 3821 2645 3875 πάντα
2669 3818 2841 3890 θυμὸν
2860 3818 3078 3872 πάντων
3097 3819 3253 3886 ἀφεὶς
3272 3819 3368 3872 καὶ
3386 3818 3547 3872 ἄδικα
3570 3817 3700 3889 ξίφη
3725 3820 4049 3888 γυμνώσας,

798 3912 1110 3978 eﬂundens,
1127 3921 1183 3968 et
1202 3911 1433 3984 lnjustos
1452 3928 1713 3969 exserens
1724 3914 1951 3985 gladios,
1975 3915 2222 3974 insontes
2242 3933 2367 3977 cum
2466 3929 2473 3948 ‘

2466 3911 2595 3974 τοὺς
2622 3907 2834 3980 manu;
2861 3906 2999 3977 μετὰ
3018 3906 3128 3960 τῶν
3165 3906 3483 3962 ὑπευθύνων
3513 3906 3745 3970 ἀνεῖλεν,
3785 3908 3932 3960 έπτὰ
3971 3926 4049 3978 χι-

801 4006 1132 4061 nocentibus
1167 4005 1464 4069 interfecit,
1491 4007 1749 4060 nimirum
1795 4017 2006 4078 septem
2067 4009 2261 4075 millia,
2307 4017 2370 4066 ut
2468 4002 2476 4055 ἒ

2468 4000 2654 4063 λιώδας
2679 3996 2711 4052 δ
2744 3997 2987 4068 λέγεται,
3029 3996 3166 4068 μηδι
3210 3997 3339 4069 μιᾶς
3368 3997 3518 4068 αὐτῷ
3565 3999 3804 4067 κρίσεως
3830 3999 4049 4068 ἡγησαμ-

2537 3085 2638 3144 ια.
2673 3086 3046 3158 Θεσσαλονίκη
3077 3085 3233 3150 πόλις
3280 3085 3400 3139 έστὶ
3443 3082 3654 3155 μεγάλη
3687 3082 3784 3137 καὶ
3809 3081 4048 3138 πολυάν-

803 4107 1141 4151 memoratur
1163 4136 1178 4160 ,
1215 4111 1340 4151 cum
1394 4098 1605 4152 nullum
1652 4112 1886 4169 prorsus
1911 4099 1980 4155 ab
2001 4114 2069 4156 eo
2095 4101 2367 4172 judicium

800 4189 1145 4260 pramissum
1179 4197 1344 4244 esset.

871 4278 994 4334 XX.
1024 4278 1402 4334 Calamitatem
1432 4279 1579 4335 hanc
1608 4279 1747 4336 adeo
1806 4281 2098 4354 lugendam
2156 4284 2249 4341 ubi
2280 4301 2372 4342 re-

803 4371 964 4429 scivit
989 4387 1217 4442 magnus
1245 4372 1587 4439 Ambrosius,
1612 4375 1852 4429 venienti
1879 4375 2244 4433 Mediolanum
2265 4381 2374 4435 im-

805 4462 1068 4534 peratori,
1101 4461 1226 4517 etin
1249 4463 1513 4532 templum
1559 4465 1751 4520 Deiex
1803 4482 1955 4522 more
2011 4467 2224 4539 ingredi
2275 4486 2372 4526 cu-

2471 4093 2657 4170 μένης.

2539 4279 2627 4332 ιο.
2646 4276 2865 4348 Ταύτην
2885 4276 3074 4348 μαθὼν
3087 4275 3187 4349 τὴν
3203 4275 3453 4348 δακρύων
3468 4276 3743 4346 γέμουσαν
3759 4277 4049 4346 συμφορὴ

2470 4370 2500 4424 6
2523 4370 2698 4441 μέγας
2727 4370 3075 4441 ’Δμθρόοιος,
3098 4369 3432 4439 ἀφικόμενον
3459 4369 3540 4430 είς
3572 4367 3674 4438 τὴν
3703 4367 4050 4422 Πεδιολάνων

2472 4463 2564 4516 τὸν
2603 4463 2829 4532 βασιλέα
2863 4463 2961 4517 καὶ
2990 4463 3240 4532 συνήθως
3273 4460 3408 4514 εἴσω
3437 4459 3532 4513 τοῦ
3563 4457 3713 4513 θείου
3753 4461 4048 4532 παρελθεῖν

805 4551 1000 4623 pienti,
1058 4552 1276 4606 eminus
1323 4554 1572 4609 obviatn‘
1606 4557 1987 4626 progrediens,
2047 4575 2119 4615 ne
2181 4571 2369 4630 portas
2401 4553 2480 4626 Di

2401 4553 2445 4610 ι)
2476 4553 2804 4643 βουληθέντα
2827 4554 2978 4620 ναοῦ,
3000 4553 3288 4625 πόρρωθεν
3312 4542 3765 4643 προϋπαντήσας,
3788 4553 3913 4609 οὑδδ
3943 4555 4046 4608 τῶν

807 4645 1032 4718 quidem
1099 4645 1287 4714 templi
1368 4645 1574 4703 intrare
1635 4649 1923 4718 permisit:
1974 4669 1994 4704 ι
2026 4651 2238 4718 Nescis,
2290 4655 2378 4709 in-

805 4739 1029 4809 quiens,
1085 4739 1166 4793 uti
1192 4737 1435 4804 videtur,
1472 4740 1694 4795 nefariae
1717 4743 1903 4804 caedis.
1970 4759 2092 4814 qua:
2152 4756 2376 4816 peracta

805 4839 913 4892 est,
947 4829 1420 4900 magnitudinem:
1453 4847 1634 4901 neque
1677 4842 1802 4903 post
1848 4835 2027 4905 ipsum
2075 4837 2377 4896 iracundias

809 4930 917 4976 tua
950 4921 1137 4986 finem,
1179 4922 1391 4978 ratione
1421 4926 1730 4994 cognovisti
1762 4927 1928 4997 quale
1959 4926 2176 4986 facinus
2207 4947 2378 4990 ausus

809 5013 1004 5070 fueris.
1051 5015 1346 5071 Enimvero
1380 5027 1430 5072 te
1468 5016 1698 5074 fortasse
1751 5035 1861 5074 non
1891 5020 2025 5078 sinit
2076 5023 2377 5094 imperialis

808 5106 1054 5176 potentia
1079 5108 1292 5162 crimen
1321 5123 1675 5180 cognoscere,
1735 5112 1832 5168 sed
1899 5114 2102 5170 rationi
2161 5117 2376 5186 objecta

807 5198 1152 5253 auctoritatis
1211 5199 1400 5254 iumen
1454 5201 1666 5258 adimit.
1741 5204 2130 5263 Verumtamen
2181 5217 2378 5264 natura

808 5305 1032 5346 necesse
1060 5302 1146 5345 est
1181 5291 1383 5348 habeat
1436 5295 1550 5364 ipsa
1584 5309 1642 5350 se
1698 5307 2061 5367 perspectam,
2105 5309 2161 5355 et
2215 5301 2376 5356 simul

812 5389 927 5436 tum
966 5383 1113 5454 quod
1144 5384 1286 5437 inest
1313 5385 1390 5438 illi
1426 5387 1672 5444 mortalis
1699 5403 1764 5443 ac
1784 5387 1940 5455 ﬂuxi,
1977 5398 2089 5445 tum
2113 5393 2377 5464 progeni-

809 5472 1002 5524 tricem
1031 5472 1176 5526 illam
1203 5473 1441 5544 glebam,
1474 5477 1618 5531 unde
1640 5477 1770 5533 facti
1800 5493 2013 5545 scmus,
2043 5491 2100 5535 et
2126 5481 2180 5536 in
2211 5497 2374 5552 quam

806 5559 1198 5616 dissolvimur:
1256 5578 1366 5618 non
1422 5580 1552 5621 vero
1599 5582 1856 5637 purpura:
1911 5567 2045 5624 ﬂore
2092 5568 2377 5639 fascinata,

808 5654 986 5722 operti
1020 5655 1269 5724 corporis
1302 5657 1554 5726 ignorare
1604 5659 1767 5715 debet
1797 5659 2197 5716 infirmitatem.
2229 5660 2377 5719 Sub-

806 5744 942 5800 ditis
963 5747 1056 5815 qui
1087 5749 1279 5803 eadem
1311 5760 1490 5804 tecum
1522 5759 1718 5805 natura
1775 5763 2057 5818 constant,
2113 5753 2374 5824 imperas,

806 5849 846 5894 0
872 5853 990 5904 rex,
1037 5839 1146 5894 imo
1180 5841 1345 5897 etiam
1380 5844 1663 5900 conservis
1693 5843 1846 5910 tuis;
1896 5860 2038 5900 unus
2078 5846 2224 5902 enim
2257 5846 2368 5903 Do-

2481 4641 2655 4721 ίερῶν
2675 4649 2831 4703 είασε
2858 4646 3047 4703 πυλῶν
3072 4647 3358 4718 έπιδῆναι,
3383 4646 3502 4700 οὐκ
3530 4640 3711 4711 οῐσθα,
3741 4646 3939 4714 λέγων,
3971 4648 4045 4714 ὥς

2477 4741 2678 4806 ιοικεν,
2712 4733 2760 4795 ὣ
2791 4740 3038 4811 βασιλεῦ,
3089 4739 3189 4809 τῆς
3219 4737 3589 4810 εἰργασμένης
3625 4738 3944 4808 μιαιφονίας
3989 4741 4048 4792 τὸ

2481 4834 2731 4907 μέγεθος.
2759 4833 2883 4888 οὐδὲ
2911 4832 3051 4904 μετὰ
3070 4829 3171 4903 τὴν
3199 4829 3295 4884 τοῦ
3319 4828 3491 4899 θυμοῦ
3517 4826 3670 4899 λῆξιν
3713 4830 3743 4883 ό
3789 4831 4049 4901 λογισμὸς

2476 4927 2691 4995 ιπέγνω
2714 4925 2777 4978 τὸ
2801 4922 3072 4996 τολμηθέν
3089 4937 3106 4956 ο
3139 4922 3243 4976 ούκ
3269 4923 3337 4994 id
3358 4923 3468 4992 γὰρ
3493 4921 3625 4986 ίσως
3645 4919 3747 4991 τῆς
3770 4920 4046 4992 βασιλείας

2477 5016 2817 5090 ήδυναστεία
2854 5014 3155 5084 έπιγνῶναι
3177 5014 3278 5086 τὴν
3300 5013 3600 5083 ἁμαρτίαν,
3638 5013 3754 5067 ἀλλ’
3817 5017 4048 5086 suntpo-

2480 5112 2598 5166 σθεί
2631 5111 2666 5182 ἠ
2693 5108 2914 5178 έξουσία
2955 5107 3035 5179 τῷ
3076 5106 3344 5178 λογισμῷ.
3379 5107 3501 5178 Χρὴ
3549 5106 3732 5176 μέντοι
3755 5107 3858 5178 τὴν
3887 5110 4044 5177 φύσιν

2475 5201 2694 5268 ειδέναι,
2731 5201 2826 5255 καὶ
2853 5201 2914 5255 τδ
2944 5197 3152 5269 ταύτης
3183 5197 3376 5269 θνητόν
3399 5215 3461 5251 τε
3506 5199 3605 5252 καὶ
3632 5201 3912 5272 διαρρέον.
3955 5203 4043 5256 καὶ

2475 5293 2568 5347 τὸν
2593 5293 2855 5366 πρόγονον
2900 5291 3031 5363 χοῦν
3055 5291 3116 5356 έξ
3143 5285 3208 5346 οῦ
3235 5292 3541 5360 γεγόναμεν
3564 5291 3658 5345 καὶ
3689 5295 3768 5355 εἰς
3797 5293 3862 5346 δν
3882 5296 4045 5365 ἀπορ-

2480 5382 2695 5456 ῥέομεν,
2724 5387 2817 5438 καὶ
2850 5384 2926 5455 μὴ
2966 5382 3046 5454 τῷ
3072 5382 3226 5439 ἄνθει
3265 5384 3364 5452 τῆς
3393 5383 3709 5454 ἁλουργίδος
3743 5387 4044 5440 ἀποϐουκο-

2478 5477 2769 5548 λουμένην,
2821 5477 3040 5545 ἀγνοεῖν
3073 5475 3166 5529 τοῦ
3199 5476 3616 5552 καλυπτομένου
3649 5475 3905 5546 σώματος
3952 5481 4046 5549 τὴν

2477 5570 2782 5625 ἀσθένειαν.
2814 5568 3103 5639 ὀμοφυῶν
3127 5567 3338 5638 ἄρχεις,
3365 5561 3410 5622 ὦ
3441 5567 3686 5639 βασιλεῦ,
3729 5573 3821 5623 καὶ
3857 5571 3964 5642 μὴν
3987 5571 4044 5641 δὴ

2479 5665 2573 5718 καὶ
2596 5663 2903 5734 ὁμοδούλων
2923 5679 2938 5693 ο
2972 5655 3053 5723 εἷς
3077 5661 3187 5731 γὰρ
3222 5661 3441 5716 πάντων
3479 5660 3747 5730 δεσπότης
3776 5667 3872 5715 καὶ
3904 5665 4045 5731 βασιο

2477 5751 2603 5818 λεὺς
2635 5754 2665 5806 6
2690 5752 2800 5808 τῶν
2834 5754 2972 5807 ὅλων
3017 5751 3372 5823 δημιουργός.
3411 5751 3589 5813 Ποὶοις
3639 5754 3823 5807 τοίνυν
3854 5755 4047 5822 690a}-

2483 5850 2601 5917 μοίς
2629 5847 2780 5918 δψεις
2805 5846 2897 5902 τὸν
2928 5844 3021 5902 τοῦ
3052 5845 3234 5902 κοινοῦ
3269 5847 3538 5902 Δεσπότου
3579 5847 3748 5918 νεών;
3787 5849 3964 5914 Ποίοις
3993 5848 4044 5904 δέ
