4242 6442
264 448 387 511 B73

1553 445 1729 505 VITA
1769 443 1827 503 S.
1876 443 2268 505 AMBROSII.

3452 446 3558 511 874

274 567 407 621 ποσὶ
450 566 511 619 τὸ
540 563 735 633 ἔδαφος
799 565 979 618 ἐκεῖνο
1017 565 1277 634 πατήσεις
1315 564 1375 616 τὸ
1406 564 1603 630 ἆγιονς
1650 562 1773 623 Πῶς
1805 560 1860 612 δὲ

1916 574 1937 629 ι
1967 561 2149 614 minus
2180 570 2236 614 et
2266 577 2359 615 rex
2388 562 2631 615 omnium
2662 571 2767 627 est,
2804 562 3053 618 omnium
3087 564 3347 622 videlicet
3396 583 3556 627 crea-

273 662 374 721 τὰς
398 662 585 729 χεῖρας
616 661 855 720 ἐκτενεῖς
879 657 1088 727 θερμοῦ
1138 657 1219 709 ἐτι
1256 656 1564 720 σταζούσας
1598 656 1863 723 αἵματοςς

278 754 350 805 Ἦ
382 752 497 811 πῶς
533 751 816 813 τοιαύταις
865 751 1101 821 ὑποδέξῃ
1145 750 1309 819 χερσϊ
1354 747 1443 800 τοῦ
1494 748 1765 798 Δεσπότου
1804 744 1883 801 τὸ,

275 845 545 910 πανάτιον
575 843 769 910 σῶμας
808 842 932 905 Πῶς
966 845 1021 895 δὲ
1050 843 1145 894 καὶ
1170 842 1247 910 τῷ
1279 842 1511 909 στόματι
1553 838 1864 906 προσοίσεις

271 936 334 987 τὸ
366 928 503 1003 αἷμα
534 933 595 986 τὸ
626 934 826 1000 τίμιον,
865 933 1137 987 τοσούτων
1176 932 1263 984 διὰ
1292 931 1381 983 τὸν
1418 928 1591 999 θυμὸν
1623 926 1863 996 παρανό-

276 1045 394 1097 μως
433 1022 572 1096 αἷμα
596 1026 792 1095 ικχέας
818 1044 833 1093 ;
868 1027 1060 1079 Ἀπιθι
1088 1026 1289 1088 τοίνυν,
1320 1026 1413 1077 καὶ
1448 1022 1524 1092 μὴ
1548 1020 1725 1090 πειρῶ
1748 1021 1860 1080 τοίς

271 1124 545 1191 δευτέροις
582 1124 682 1193 τὴν
718 1124 988 1192 προτέραν
1029 1119 1216 1185 αὑξειν
1251 1114 1622 1185 παρανομίαν,
1660 1109 1861 1163 καὶδὲ-

273 1233 370 1284 χου
409 1217 499 1269 τὸν
522 1216 720 1284 δεσμὸν
742 1210 788 1283 ᾧ
816 1214 951 1276 Θεὸς
993 1215 1019 1266 ὁ
1048 1213 1156 1265 τῶν
1186 1212 1323 1263 ὅλων
1342 1207 1620 1275 Δεσπότης
1648 1201 1858 1257 ἄνωθεν

273 1310 487 1377 γίνεται
535 1307 845 1377 σύμψηφος.
912 1304 1175 1372 Ἰατρικδς
1205 1304 1262 1354 δὲ
1301 1296 1456 1360 οὗτος
1492 1296 1585 1349 καὶ
1644 1292 1857 1360 ὑγιείας

275 1418 363 1454 σοι
400 1399 678 1470 πρόξενος,
709 1401 756 1451 εί
787 1401 860 1468 μή
896 1415 997 1448 που
1030 1396 1382 1463 ἀθεράπευτα
1417 1390 1646 1456 πάσχειν
1684 1398 1857 1453 προῃ-

276 1494 348 1561 ρή
359 1509 453 1545 σω.

1966 662 2071 706 tor.
2098 653 2310 717 Quibus
2341 671 2471 723 ergo
2505 656 2681 710 oculis
2700 662 3009 714 communis
3035 662 3248 716 Domini
3281 668 3543 730 templum

1966 745 2261 812 adspicies,
2325 748 2595 815 quibusve
2647 749 2882 817 pedibus
2931 762 3180 807 sanctum
3235 754 3339 808 hoc
3395 762 3548 825 pavi-

1967 848 2211 888 mentum
2244 842 2498 905 premes?
2536 843 2814 908 quomodo
2870 852 3054 897 autem
3107 862 3303 902 manus
3352 862 3549 903 esten-

1966 925 2080 986 des.
2113 928 2314 981 calenti
2344 930 2524 985 adhuc
2544 937 2809 1001 sanguine
2833 935 3126 1000 stillantes,
3154 948 3245 991 aut
3270 944 3511 1007 quomud

1966 1019 2167 1072 talibus
2199 1022 2455 1076 manibus
2475 1025 2716 1092 excipies
2737 1041 3149 1082 sacrosanctum
3183 1030 3399 1086 Domini
3426 1050 3551 1087 cor-

1968 1125 2091 1179 pus,
2118 1123 2172 1166 et
2205 1115 2285 1165 ori
2314 1113 2480 1169 etiam
2511 1117 2812 1186 pretiosum
2846 1121 3171 1191 sanguinem
3204 1125 3547 1190 admovebis.

1964 1217 2089 1255 cum
2124 1221 2218 1273 per
2254 1208 2346 1262 ira:
2374 1208 2758 1278 impotentiam
2790 1222 3002 1268 tantum
3036 1218 3322 1285 sanguinis
3349 1229 3545 1272 contra

1959 1293 2050 1359 jus
2074 1308 2233 1350 omne
2272 1314 2334 1351 ac
2367 1300 2447 1353 l‘as
2491 1300 2799 1356 eﬁ'uderis?
2847 1305 3097 1360 Abscede
3159 1308 3431 1376 igitur,.et
3476 1327 3546 1366 ne

1965 1384 2300 1450 aggrediaris
2332 1388 2572 1455 priorem
2601 1391 2816 1460 culpam
2870 1396 3111 1449 secunda
3141 1400 3457 1467 cumulare;
3488 1413 3546 1457 et

1964 1474 2158 1541 excipe
2193 1477 2327 1531 illud
2384 1483 2660 1536 vinculum
2720 1488 2863 1551 quod
2917 1487 3147 1543 coalitus
3176 1491 3389 1559 judicio
3442 1474 3543 1549 suo

274 1586 423 1641 Deus
458 1588 843 1642 universorum
882 1584 1147 1637 Dominus
1178 1579 1489 1634 conﬁrmat.
1524 1574 1640 1629 Erit
1665 1580 1851 1624 autem
1902 1562 2035 1619 illud
2068 1568 2165 1623 tibi
2209 1573 2559 1641 mediciuale,
2594 1592 2658 1631 ac
2696 1579 2952 1635 sanitatis
3026 1584 3388 1651 conciliator,
3432 1589 3543 1642 nisi

272 1679 419 1733 forte
445 1681 749 1735 insanabile
788 1680 989 1731 vulnus
1025 1676 1233 1745 perpeti
1261 1672 1514 1742 elegeris.
1548 1690 1567 1720 ι

348 1775 477 1827 KA'.
529 1774 753 1834 Τούτοις
808 1772 955 1835 εἴξας
990 1773 1016 1820 ό
1065 1768 1320 1837 βασιλεὺς
1358 1770 1471 1825 τοῖς
1506 1763 1684 1828 λόγοις
1720 1756 1852 1825 (τοῖς

270 1851 383 1936 irin
412 1867 576 1929 θείοις
605 1866 786 1932 νόμοις
821 1862 1253 1931 ἐντεθραμμένος
1282 1858 1357 1910 ῶν
1378 1858 1491 1927 ᾔδει
1523 1851 1706 1917 σαφῶς
1733 1850 1851 1901 τίνα

2034 1754 2175 1809 XXI.
2221 1757 2526 1826 Imperator
2572 1780 2774 1833 parens
2836 1766 2923 1822 bis
2974 1770 3325 1827 sermonibus
3370 1772 3535 1843 (nam

1960 1862 2083 1903 eum
2123 1867 2151 1904 a
2188 1867 2358 1920 puero
2387 1856 2439 1909 in
2465 1857 2677 1926 legibus
2704 1861 2910 1916 divinis
2934 1875 3079 1917 esset
3099 1866 3386 1931 educatus,
3412 1884 3537 1937 qua:

273 1960 378 2026 μὲν
420 1957 527 2009 τῶν
566 1956 775 2024 ἱερέων,
802 1954 924 2005 τίνα
952 1954 1009 2005 δὲ
1040 1953 1147 2003 τῶν
1181 1950 1445 2019 βασιλέων
1478 1945 1628 2013 ἴδια),
1652 1942 1852 1994 στένων

1916 1968 1927 2016 ι
1957 1944 2021 1996 ad
2044 1947 2361 2001 sacerdotes
2384 1950 2743 2016 pertinerent,
2763 1971 2950 2022 quaeve
2968 1959 3034 2010 ad
3056 1974 3231 2027 rcges,
3247 1963 3536 2031 perspicue

267 2053 408 2122 ὁμοῦ
430 2053 520 2106 καὶ
546 2036 797 2118 δακρύων
825 2047 1127 2116 ἐπανῆλθεν
1148 2047 1227 2105 είς
1256 2044 1325 2096 τὰ
1350 2041 1617 2111 βασίλεια.
1637 2036 1855 2101 Ὀγδόου

266 2144 328 2197 δι
366 2148 725 2213 παρελθόντος
752 2142 811 2204 ἐξ
842 2140 1053 2192 ἐκείνου
1089 2138 1255 2209 μηνὸς
1290 2132 1393 2205 ἦκε
1429 2133 1586 2201 μὲνή
1617 2128 1711 2181 τοῦ
1740 2128 1855 2179 Σω-

265 2238 433 2305 τῆρος
459 2236 615 2305 ήμῶν
638 2234 915 2301 γενέθλιος
960 2232 1153 2300 ἑορτήο
1196 2229 1441 2294 καθῆστο
1485 2224 1539 2275 δὲ
1572 2222 1707 2291 πρὸς
1743 2221 1855 2280 τοῖς

268 2327 563 2398 βασιλείοις
597 2326 878 2396 βαρύτατα
904 2322 1114 2377 πενθῶν
1146 2319 1446 2379 Θεοδόσιος.
1481 2313 1651 2366 Τοῦτο
1704 2312 1857 2417 Ῥου-

266 2422 422 2491 φῖνός
462 2438 542 2483 τις
574 2421 874 2489 μάγιστρος
893 2413 1201 2487 τηνικαῦτα
1225 2411 1376 2474 ἰδὼν,
1410 2404 1726 2477 προσελθὼν
1765 2404 1853 2455 οἷα

264 2515 335 2583 δὴ
362 2514 596 2583 χρηστὸς
630 2511 779 2582 αὑτῷ
835 2511 931 2562 καὶ
984 2508 1219 2577 συνήθης
1255 2506 1592 2559 ἐπυνθάνετο
1644 2502 1741 2567 τὴν
1768 2498 1853 2548 αί-

264 2609 410 2660 τίαν.
457 2606 516 2659 Ὀ
560 2606 617 2657 δὲ
653 2604 850 2672 πικρὸν
882 2600 1192 2670 ἀνοιμώξας
1222 2600 1315 2649 καὶ
1352 2595 1681 2664 θερμότερον
1718 2607 1851 2659 προ-

262 2702 399 2768 χέας
429 2698 489 2749 τὸ
506 2698 761 2765 δάκρυον,
805 2696 877 2746 Σὺ
904 2693 1021 2763 μὲν,
1056 2685 1101 2743 ὦ
1143 2691 1417 2757 Ῥουφῖνε,
1447 2686 1685 2747 παίζεις,
1721 2682 1848 2748 ἔφη,

264 2793 377 2845 τῶν
407 2790 515 2859 γὰρ
542 2789 693 2856 ἐμῶν
729 2789 828 2839 οὑκ
854 2785 1160 2854 ὲπαισθάνῃ
1191 2780 1411 2835 κακῶν·
1446 2776 1558 2846 ἑγὼ
1597 2776 1652 2829 δὲ
1679 2774 1852 2827 στένω

263 2885 360 2937 καὶ
393 2881 753 2950 ὀλοφύρομαι,
792 2877 890 2947 τὴν
922 2875 1164 2945 ἐμαυτοῦ
1203 2870 1492 2940 συμφορὰν
1531 2863 1854 2932 ἀναλογιζό·

265 2994 451 3048 μενος,
500 2976 648 3036 ὅπως
675 2978 790 3035 τοῖς
848 2973 946 3041 μὲν
980 2972 1224 3029 οίκέταις
1259 2967 1352 3019 καὶ
1383 2968 1495 3027 τοῖς
1527 2961 1851 3032 προσαίταις

264 3070 536 3137 ἀνέῳκται
567 3069 595 3119 ὁ
632 3067 776 3125 θεῖος
824 3064 983 3126 νεὼς,
1021 3064 1117 3115 καὶ
1140 3062 1374 3113 εἰσίασιν
1408 3056 1602 3117 ἀδεῶς,
1634 3054 1729 3106 καὶ
1758 3052 1850 3103 τὸν

262 3163 464 3214 οίκεῖον
520 3158 856 3213 ὰντιϐολοῦσι
916 3156 1235 3223 Δεσπότηνδ
1289 3153 1410 3219 ἐμοὶ
1450 3150 1505 3201 δὲ
1560 3148 1650 3200 καὶ
1685 3145 1847 3206 αὐτὸς

262 3254 467 3314 ἄϐατος
488 3293 503 3315 ,
530 3253 622 3304 καὶ
674 3251 810 3319 πρὸς
864 3248 1019 3299 τοῦτο
1052 3248 1079 3297 ὁ
1110 3245 1338 3314 οὐρανὸς
1382 3240 1805 3294 ἁποκὲκλεισται
1830 3250 1842 3263 ³

266 3304 551 3414 μέμνημαι
580 3342 689 3409 γὰρ
845 3304 1188 3405 Δεσποτικῆς
1218 3336 1422 3401 φωνῆς,
1481 3350 1498 3383 ι
1541 3330 1609 3383 Ὀ
1640 3332 1706 3382 ἂν
1741 3329 1837 3397 δή·
1872 3304 1913 3353 C

263 3454 393 3504 σητε
418 3476 434 3499 ,
471 3455 489 3487 ι
544 3435 834 3502 λεγούσης,
876 3450 893 3482 ι
930 3431 1020 3481 ἐπὶ
1064 3429 1160 3496 τῆς
1189 3428 1318 3496 γῆς,
1353 3427 1503 3478 [atat
1559 3421 1841 3493 δεδεμένον

260 3531 363 3583 καὶ
394 3532 453 3581 ὲν
482 3532 595 3591 τοῖς
632 3528 908 3597 οὐρανοῖς.
944 3541 962 3574 ι

332 3724 463 3777 KB’.
503 3722 563 3773 '0
598 3720 653 3773 δὲ
718 3720 999 3785 Ῥουφῖνος
1028 3716 1375 3785 ὑπουργῆσαι
1409 3715 1486 3783 τῷ
1514 3713 1729 3783 βασιλεῖ
1773 3711 1840 3764 τὰ

256 3816 397 3885 πρὸς
424 3814 723 3883 θεραπείαν
758 3811 1083 3880 βουλόμενος
1118 3811 1211 3862 καὶ
1258 3809 1417 3877 χάριν
1452 3806 1708 3874 εὔκαιρον
1738 3820 1841 3856 πα-

261 3909 504 3975 ρασχεῖν,
560 3902 911 3973 Δραμοῦμαι,
938 3916 985 3952 ει
1022 3918 1104 3953 σοι
1131 3902 1301 3963 δοκεῖ,
1344 3900 1472 3967 ἔφη,
1501 3898 1708 3949 καὶτὸν
1748 3900 1839 3963 ἀρ-

255 4001 447 4068 χιερέα
495 3998 667 4050 πείσω
707 3995 901 4052 πολλὰ.
959 3997 1113 4061 φησὶ,
1154 3993 1370 4062 δεηθεὶς
1437 3990 1595 4043 λῦσαί
1646 4005 1704 4041 σε
1730 3988 1839 4039 τῶν

253 4094 491 4159 δεσμῶν,
563 4089 701 4141 Ἀλλ’
728 4088 787 4138 οὑ
811 4087 1185 4153 πεισθήσεται,
1215 4086 1319 4155 ἔφη
1350 4086 1377 4134 ό
1403 4083 1684 4153 βασιλεύς*
1722 4078 1839 4134 οῖδα.

252 4186 366 4253 γὰρ
396 4183 505 4250 ἐγὼ
529 4184 627 4250 τῆς
671 4178 1001 4248 Ἀμϐροσίου
1042 4178 1228 4245 ψήφου
1259 4178 1317 4227 τὸ
1354 4177 1562 4228 δίκαιον
1589 4192 1600 4204 ·
1635 4174 1695 4226 οὑ
1727 4176 1837 4243 γὰρ

253 4276 527 4337 αιδεσθεὶς
559 4275 659 4341 τῆς
689 4270 967 4341 βασιλείας
999 4270 1099 4338 τὴν
1149 4270 1401 4333 ἐξουσίαν
1433 4266 1524 4319 τὸν
1556 4267 1698 4319 θεῖον
1731 4281 1836 4317 πα-

254 4366 558 4437 ραεήσεταί
586 4380 717 4417 ποτε
744 4363 927 4430 νόμον.
960 4360 1185 4430 ,Ἐπειδὴ
1216 4360 1272 4411 δὲ
1302 4360 1394 4411 καὶ
1421 4359 1600 4420 ἄλλοις
1625 4358 1834 4408 πλείοσι

252 4459 596 4529 χρησάμενος
632 4458 660 4508 ὁ
704 4455 983 4520 Ῥουφῖνος
1004 4454 1184 4519 λόγοις
1217 4454 1429 4503 πείσειν
1459 4450 1725 4517 ὑπέσχετο
1744 4447 1833 4499 τὸν

250 4553 427 4619 μέγαν
468 4548 825 4618 Ἀμϐρόσιον,
862 4545 1111 4597 ἀπελθεῖν
1147 4544 1309 4595 αὑτὸν
1340 4544 1367 4592 ὁ
1416 4540 1667 4609 βασιλεὺς
1694 4540 1832 4591 κατὰ

1962 2050 2189 2093 noverat
2214 2041 2255 2109 ),
2285 2045 2520 2109 gemitus
2552 2061 2616 2099 ac
2653 2048 2921 2116 lacrymas
2962 2050 3123 2104 simul
3175 2053 3533 2120 profundcns,

1963 2130 2017 2182 iu
2065 2133 2341 2199 palatium,
2366 2152 2424 2189 se
2486 2138 2701 2207 recipit.
2751 2138 2958 2195 Octavo
3014 2154 3197 2198 autem
3238 2162 3425 2202 mense
3465 2149 3533 2203 ab

1963 2224 2091 2276 hinc
2121 2226 2325 2293 elapso,
2361 2230 2511 2281 venit
2550 2231 2771 2297 quidem
2810 2232 3108 2290 Salvatoris
3142 2242 3314 2293 nostri
3348 2242 3534 2296 natale

1959 2315 2180 2379 festum,
2210 2320 2558 2376 Theodosius
2605 2340 2736 2379 vero
2766 2325 2821 2378 in
2855 2328 3004 2397 regia
3059 2331 3261 2386 sedens
3302 2336 3536 2389 amaris-

1950 2409 2096 2461 sime
2131 2408 2315 2467 ﬁebat.
2347 2411 2403 2465 Id
2440 2413 2673 2469 Ruﬁnus
2712 2417 2939 2484 quidam
2968 2432 3096 2475 tunc
3126 2426 3390 2492 temporis
3421 2443 3533 2481 ωας

1957 2500 2127 2565 gister
2158 2502 2345 2568 palatii
2372 2518 2493 2557 eum
2539 2506 2885 2575 pervidisset,
2920 2512 2985 2564 ad
3048 2528 3175 2566 eum
3240 2519 3529 2585 accedens,

1957 2592 2123 2645 homo
2152 2594 2410 2651 videlicet
2434 2597 2658 2653 domino
2683 2602 2835 2657 utilis
2866 2619 2930 2659 ac
2963 2606 3271 2672 familiaris,
3309 2626 3531 2668 causam

1958 2685 2201 2755 rogabat.
2242 2688 2379 2743 Tum
2422 2706 2555 2745 vero
2592 2694 2682 2748 ille
2706 2696 2903 2751 acerbe
2937 2713 3180 2766 gemens,
3212 2712 3267 2756 et
3308 2705 3534 2762 calidio-

1956 2781 2112 2836 ribus
2170 2798 2396 2840 manans
2451 2786 2670 2843 ﬂetibus
2714 2809 2727 2843 :
2774 2790 2853 2844 Tu
2906 2794 3169 2861 quidem,
3208 2797 3408 2866 inquit,
3450 2801 3535 2854 Iu-

1953 2874 2060 2939 dis,
2092 2876 2290 2932 Ruﬁne
2319 2895 2332 2941 ;
2360 2894 2479 2932 mea
2504 2882 2652 2935 enim
2679 2883 2818 2937 mala
2842 2900 2949 2938 non
2992 2888 3182 2943 sentis.
3213 2889 3325 2959 Ego
3347 2902 3529 2949 autem

1954 2982 2111 3037 gemo
2133 2980 2297 3039 atque
2329 2970 2555 3040 deploro
2588 2988 2761 3028 meam
2790 2976 2961 3044 ipsius
2992 2978 3528 3048 calamitatem,dum

1952 3076 2166 3114 mecum
2194 3073 2389 3131 reputo
2412 3064 2659 3119 divinum
2688 3070 2948 3135 templum
2982 3071 3202 3126 famulis
3245 3076 3409 3128 etiam
3449 3087 3531 3131 at-

1951 3169 2057 3221 que
2082 3157 2351 3210 mendicis
2374 3167 2621 3226 apertum
2650 3175 2791 3224 esse,
2817 3164 3233 3233 ingressumque
3266 3167 3395 3220 illuc
3448 3178 3528 3223 tu-

1952 3255 2064 3299 tum
2090 3262 2152 3301 ac
2173 3247 2411 3302 liberum
2442 3260 2628 3320 patere
2655 3253 2792 3317 illis,
2821 3264 2878 3307 ut
2914 3258 3199 3325 proprium
3236 3259 3522 3316 Dominum

1949 3340 2054 3408 Ipsi
2090 3346 2421 3398 conveniant
2454 3364 2466 3396 :
2496 3347 2627 3399 mihi
2665 3357 2847 3401 autem
2896 3348 2999 3403 hoc
3037 3352 3180 3405 inter
3208 3352 3436 3420 dicitur,
3468 3368 3526 3412 et

1941 3443 2204 3503 praeterea
2248 3437 2447 3490 caelum
2506 3440 2671 3491 etiam
2736 3441 3096 3496 interclusum
3153 3454 3258 3498 est.
3302 3444 3523 3520 Memini

1940 3527 2143 3595 quippe
2161 3527 2455 3582 Dominica:
2468 3530 2638 3596 vocis,
2654 3546 2757 3600 qua
2776 3536 3185 3604 promulgatur:
3212 3557 3229 3588 ι
3247 3537 3523 3610 Quidquid

1940 3618 2244 3687 ligaveritis
2268 3636 2435 3691 super
2464 3626 2812 3687 terram,erit
2841 3626 3065 3695 ligatum
3099 3637 3157 3683 et
3192 3630 3245 3683 iu
3279 3633 3456 3686 curiis.
3496 3653 3516 3685 ι

2012 3714 2174 3768 XXII.
2208 3715 2439 3770 Ruﬁnus
2473 3735 2607 3772 vero
2661 3720 2991 3774 medicinam
3047 3724 3161 3789 regi
3208 3727 3521 3780 ministrare

1942 3808 2154 3873 volens,
2180 3823 2241 3861 ac
2263 3811 2651 3877 tempestivum
2707 3809 3033 3866 beneﬁcium
3090 3813 3168 3867 illi
3229 3816 3517 3883 prmbere:

1938 3899 2189 3963 Curram,
2229 3902 2405 3969 inquit
2434 3944 2447 3966 ,
2474 3903 2519 3955 si
2554 3904 2651 3956 tibi
2686 3903 2881 3971 placet,
2908 3913 2963 3959 et
2993 3904 3253 3975 episcopo
3290 3906 3343 3959 id
3397 3922 3520 3976 per-

1940 3992 2182 4044 suadebo
2215 3994 2400 4046 multis
2437 3997 2713 4060 pret-ibus,
2751 4007 2808 4049 ut
2846 4007 2895 4049 te
2927 4013 2953 4049 a
2986 3999 3222 4051 vinculis
3262 4000 3385 4053 istis
3424 4002 3519 4054 ab-

1916 4086 2131 4140 solvat.
2177 4086 2281 4139 Sed
2305 4103 2412 4139 non
2450 4088 2542 4141 ille
2576 4091 3018 4157 persuadebitur,
3064 4092 3141 4147 ait
3182 4093 3515 4161 imperator;

1937 4191 2102 4245 quam
2138 4178 2293 4230 enim
2335 4180 2541 4247 justum
2580 4180 2854 4235 Ambrosii
2906 4181 3176 4251 judicium
3227 4185 3315 4249 sit,
3371 4200 3519 4239 com-

1939 4278 2153 4335 pertum
2184 4269 2379 4323 habeo.
2410 4272 2519 4325 Nec
2551 4289 2715 4341 porro
2764 4274 2855 4327 ille
2894 4291 3131 4344 unquam
3184 4277 3511 4343 committet,

1941 4369 1998 4411 ut
2054 4361 2359 4428 imperialis
2407 4367 2662 4431 potentia:
2721 4378 2971 4434 respectu
3028 4368 3272 4423 divinam
3340 4370 3515 4439 legem

1937 4454 2387 4521 transgrediatur.
2428 4457 2494 4508 At
2540 4465 2895 4525 posteaquam
2956 4459 3219 4517 adhibitis
3261 4462 3516 4531 pluribus

1936 4545 2058 4598 aliis
2090 4544 2416 4609 rationibus,
2449 4546 2681 4600 Ilulinus
2710 4549 3066 4615 promittebat
3101 4566 3128 4603 a
3164 4567 3360 4620 magno
3388 4554 3515 4608 Au:-

252 4645 415 4713 τάχος
447 4642 688 4703 ἐκέλευε,
727 4641 821 4692 καὶ
855 4639 1015 4700 αὑτὸς
1041 4638 1095 4690 δὲ
1138 4636 1240 4690 ὑπὸ
1278 4636 1375 4703 τῆς
1415 4634 1626 4695 ἐλπίδος
1653 4632 1874 4692 δελεα-]

1940 4635 2124 4689 brosio
2158 4652 2269 4688 rem
2324 4652 2380 4689 se
2434 4636 2577 4689 haud
2630 4637 2797 4691 dubie
2846 4638 3289 4706 impetraturum,
3347 4641 3516 4711 jusnit

250 4736 401 4797 σθεὶς
429 4732 767 4804 ἠκολούθησε
821 4731 957 4799 μετὰ
1010 4729 1180 4799 βραχὺ
1211 4729 1328 4790 ταῖς
1380 4726 1701 4795 ὑποσχέσεσι
1734 4723 1826 4776 τοῦ

264 4826 547 4893 Ῥουφίνου
583 4822 900 4882 πιστεύσας.
962 4821 1168 4871 Λύτίκα
1217 4819 1347 4885 γοῦν
1408 4818 1498 4871 τὸν
1552 4817 1826 4884 Ῥουφῖνον

246 4925 269 4972 ἐ
306 4920 449 4981 θεῖος
479 4916 826 4987 Ἀμὸρόσιος,
849 4934 867 4966 ι
900 4914 1010 4984 Τὴν
1031 4912 1140 4965 τῶν
1162 4912 1359 4973 κυνῶν,
1383 4910 1822 4978 ἔφῂὰναίδειαν,

242 5006 289 5065 ὗ
319 5012 591 5078 Ῥουφῖνε,
626 5007 830 5077 ζηλοῖς,
860 5010 950 5058 καὶ
993 5006 1115 5058 οὕτε
1156 5004 1433 5076 ἐρυθριᾷς.
1469 5000 1591 5054 οὔτε
1622 5002 1821 5062 δέδιας,
1848 5016 1861 5044 ⁷.

242 5100 498 5152 τοσοῦτον
518 5099 659 5152 κατὰ
676 5096 772 5164 τῆς
800 5096 948 5155 θείας
975 5095 1242 5161 λυττήσας
1274 5095 1511 5155 είκό-ιοςς
1549 5114 1565 5141 ι
1606 5090 1820 5158 Ἐπειδὴ

239 5196 297 5245 δὲ
328 5192 356 5243 ὁ
402 5189 680 5258 Ῥουφῖνος
707 5186 1003 5257 ἠντιϐόλει,
1040 5186 1135 5238 καὶ
1185 5188 1273 5237 τὸν
1305 5186 1527 5253 βασιλέα
1566 5185 1703 5253 μετὰ
1737 5204 1823 5249 μι-

241 5286 373 5351 κῴν
390 5282 540 5352 ἥξειν
565 5282 768 5347 ἔλεγεν,
789 5279 893 5331 ὑπὸ
918 5280 1007 5331 τοὺ
1039 5278 1183 5330 θείου
1216 5277 1376 5347 ζήλου
1408 5277 1778 5347 πυρποληθεὶς
1795 5280 1821 5329 ό

240 5379 386 5437 θεῖος
423 5375 765 5446 Ἀμδρόσιος,
802 5392 821 5426 ε
859 5372 1020 5441 Ἐγὼ,
1057 5372 1181 5439 Evn,
1206 5366 1536 5439 ῶῬουφῖνε,
1570 5372 1712 5441 φημὶ
1738 5371 1818 5421 ὅτι

240 5469 474 5520 κωλύσω
503 5466 611 5518 τῶν
645 5466 808 5534 ἱερῶν
836 5466 1002 5519 αὑτὸν
1036 5464 1293 5531 ἇπιϐἧναι
1328 5464 1646 5532 προθύρων·
1676 5464 1725 5514 εἰ
1762 5464 1814 5513 δέ

236 5577 301 5628 γε
334 5563 413 5623 είς
451 5558 741 5628 τυραννίδα
798 5558 894 5626 τὴν
928 5556 1207 5626 βασιλείαν
1254 5556 1561 5625 μεθίστησι,
1593 5555 1816 5624 δέξομαι

237 5652 400 5718 κάγὼ
434 5651 553 5719 μεθ’
581 5650 772 5720 ἡδονῆς
802 5650 901 5719 τὴν
929 5651 1163 5717 σφαγήν.
1212 5668 1228 5699 ι

1937 4728 2241 4794 imperator
2266 4741 2429 4793 quam
2458 4726 2721 4781 citissime
2753 4727 2905 4779 illum
2955 4727 3125 4779 abire.
3158 4727 3275 4794 Ipse
3329 4737 3511 4781 autem

1936 4834 2031 4887 spe
2058 4818 2354 4880 inescatus,
2379 4827 2501 4886 post
2535 4834 2644 4870 non
2684 4819 2914 4871 multum
2977 4819 3241 4889 temporis
3288 4832 3510 4877 secutus

1933 4922 2035 4973 est,
2069 4917 2128 4961 ut
2162 4910 2254 4975 qui
2280 4907 2463 4960 Ruﬁni
2521 4908 2985 4977 promissionibus
3044 4909 3204 4965 ﬁdem
3262 4912 3505 4966 haberet.

1933 5000 2231 5054 Confestim
2268 5016 2401 5052 vero
2438 5000 2706 5054 allocutus
2749 5001 3005 5053 Httﬁuuzu
3072 5002 3229 5055 divus
3278 5004 3512 5057 Ambro-

1917 5087 2083 5146 sius:
2132 5114 2148 5142 ι
2189 5092 2422 5157 Canum,
2452 5094 2649 5163 inquit,
2686 5094 3108 5161 impudentiam,
3134 5096 3353 5161 Ruﬁne,
3391 5097 3463 5150 im
3490 5128 3512 5137 ρ

1929 5186 2097 5251 turis;
2132 5194 2181 5237 et
2219 5202 2394 5252 neque
2431 5186 2732 5251 erubescis,
2769 5202 2945 5253 neque
2978 5187 3341 5255 pertimescis,
3385 5204 3508 5242 eum

1928 5288 2072 5332 tanta
2108 5279 2255 5332 rabie
2292 5278 2560 5330 adversus
2594 5278 2882 5345 imigiuem
2918 5277 3007 5330 Dei
3037 5280 3322 5332 saevieris?
3358 5300 3373 5329 ι
3402 5280 3504 5346 Uti

1925 5387 2056 5425 vero
2087 5372 2285 5425 institit
2340 5370 2591 5434 Ruﬁnus,
2622 5382 2673 5423 et
2700 5372 3085 5436 imperatorem
3138 5372 3290 5425 brevi
3328 5374 3505 5441 spatio

1926 5464 2213 5532 interjeetu
2258 5470 2551 5515 venturum
2608 5458 2765 5526 dii‘it,
2834 5463 3090 5516 incensus
3140 5462 3326 5514 divino
3382 5463 3501 5514 zelo

1929 5556 2152 5609 dvinus
2185 5555 2546 5609 Ambrosius:
2573 5573 2590 5604 ‹
2634 5554 2765 5623 Ego,
2804 5555 3001 5622 inquit,
3035 5569 3067 5607 ο
3093 5554 3305 5617 Ruﬁne,
3362 5570 3501 5621 prae-

1926 5648 2052 5703 dico
2083 5663 2170 5701 me
2212 5647 2639 5715 prohibiturum,
2695 5662 2760 5700 ne
2818 5647 2901 5699 vel
2943 5648 3121 5714 ipsum
3180 5648 3362 5715 templi
3408 5664 3499 5701 ve-

235 5744 500 5800 stibulum
533 5746 739 5797 calcet:
775 5744 859 5796 siu
900 5751 1081 5796 autem
1118 5742 1164 5796 is
1206 5744 1404 5813 regiam
1459 5754 1549 5814 pot
1570 5755 1780 5800 ‘st-item
1824 5748 1880 5803 in
1948 5744 2289 5816 tyrannidem
2355 5750 2552 5805 vertat,
2583 5757 2667 5795 me
2719 5756 2903 5793 necem
2969 5749 3324 5807 excepturum
3368 5756 3490 5796 cum

234 5839 534 5903 voluptate.
577 5855 592 5884 ι

515 5928 757 5988 Parnm.
831 5929 949 5989 Cu.
1002 5931 1211 5992 CXVI.

3041 5927 3118 5986 23
