4242 6442
773 382 879 449 θ’ἳδ

1963 371 2338 435 ADDENDA.
2387 393 2451 406 --
2494 369 2826 432 APRILIS.

3912 367 4025 433 876

840 495 1028 554 XXIII.
1057 494 1150 551 His
1177 494 1395 559 auditis,
1430 493 1663 550 Ruﬁnus
1690 501 1745 548 et
1782 492 2059 549 Ambrosii
2097 502 2334 546 mentem
2363 496 2441 571 Al
2510 492 2515 542 l

2363 496 2441 571 Α,
2510 487 2633 543 ΚΓ.
2668 489 2883 542 Τούτων
2920 487 2948 539 6
2988 486 3265 555 Ῥουφίνος
3291 485 3533 548 ἀκούσας
3583 484 3782 555 μηνύει
3807 500 3871 537 τε
3912 485 4025 538 ad-

770 588 1086 659 imperatori
1113 602 1210 657 per
1231 587 1520 655 quemdam
1552 587 1700 640 illico
1730 584 2022 649 nuntiavit,
2052 590 2107 637 et
2137 593 2196 637 ut
2226 597 2338 636 ma-

772 689 928 735 neret
964 680 1019 733 in
1061 678 1281 748 palatio,
1310 681 1630 732 exhortatus
1676 685 1779 731 est.
1821 676 2126 744 imperator
2180 689 2333 738 vero,

770 774 865 844 qui
899 773 965 826 ad
1005 771 1244 825 medium
1283 771 1462 823 forum
1507 770 1617 839 jam
1665 778 2014 839 pervenerat,
2055 781 2180 821 cum
2218 766 2334 820 haec

771 864 1019 921 audivit:
1059 862 1169 931 Ego
1201 875 1441 930 pergam,
1482 859 1680 930 inquit,
1711 867 1764 912 et
1793 859 2020 912 insania:
2057 870 2189 910 mea:
2225 869 2336 924 pas-

769 969 868 1009 nas
900 954 1192 1008 exsolvam.
1230 951 1522 1019 Postquam
1553 963 1685 1003 vero
1734 949 1788 1002 in
1842 961 2059 1002 sacrum
2114 954 2329 1014 septum

764 1051 874 1119 jam
906 1056 1131 1117 ventum
1163 1044 1288 1107 fuit,
1313 1045 1368 1097 in
1399 1043 1491 1097 Dei
1523 1041 1748 1111 quidem
1781 1042 1922 1094 azdes
1951 1054 2056 1093 non
2081 1047 2201 1092 erat
2251 1039 2336 1092 in-

767 1155 1007 1207 gressus,
1040 1153 1228 1191 verum
1285 1139 1338 1192 in
1388 1137 1705 1191 salutatoris
1758 1136 1921 1190 domo
1984 1133 2332 1199 consederat,

768 1234 880 1286 auis
912 1246 968 1284 se
1001 1231 1238 1283 vinculis
1268 1231 1402 1283 solvi
1458 1227 1729 1300 ﬂagitans.

839 1323 1028 1378 XXIV.
1056 1323 1148 1376 Ille
1185 1337 1318 1376 vero
1354 1323 1699 1393 tyrannicum
1730 1323 1962 1378 vocabat
1984 1325 2103 1395 ejus
2135 1322 2335 1376 adven-

769 1425 908 1480 tum,
935 1429 996 1468 ac
1038 1413 1411 1468 Theodosium
1441 1423 1628 1468 contra
1657 1415 1825 1469 Deum
1854 1415 2060 1479 furere,
2093 1429 2196 1468 nec
2223 1428 2335 1466 non

769 1508 943 1574 ipsius
973 1506 1119 1574 leges
1146 1507 1360 1560 calcare
1390 1506 1800 1574 pronuntiabat.
1833 1506 2132 1576 Imperator
2151 1514 2333 1559 autem

770 1600 826 1652 in
857 1598 1188 1653 contritione
1245 1597 1429 1652 cordis
1473 1613 1535 1652 ac
1559 1599 1752 1667 spiritu
1813 1596 2138 1651 humilitatis
2170 1614 2181 1649 :
2216 1595 2337 1650 Non

769 1690 994 1745 audacia
1034 1691 1256 1755 eﬂ‘eror,
1315 1690 1522 1758 inquit,
1571 1689 1833 1743 adversus
1891 1688 2056 1759 leges,
2107 1703 2212 1742 nec
2254 1703 2339 1743 sa-

2439 585 2566 637 τίκα
2592 583 2682 636 διά
2709 599 2856 644 τινος
2888 580 2965 651 τῷ
3004 579 3215 649 βασιλεί
3239 582 3335 650 τὴν
3369 579 3464 633 τοῦ
3518 580 3825 648 ἀρχιερέως
3874 578 4024 644 γνώ-

2442 689 2568 743 μην,
2603 673 2696 727 καὶ
2737 671 2920 742 μένειν
2943 671 3076 724 εῐσω
3122 670 3229 723 τῶν
3256 670 3544 739 βασιλείων
3584 667 3920 736 παρῄνεσεν.
3961 666 4025 717 Ὀ

2436 765 2494 818 δέ
2532 764 2786 831 βασιλεὺς
2814 765 2917 834 ἠδη
2942 763 3085 816 κατὰ
3121 763 3294 832 μέσην
3323 761 3424 832 τὴν
3454 759 3660 830 ἀγορὰν
3688 757 3860 810 ταῦτα
3908 776 4020 826 μα-

2439 859 2566 922 θὼν,
2611 859 2864 928 ’Δπειμι,
2895 857 3021 926 ἔφη,
3054 856 3148 908 καὶ
3177 855 3277 917 τὰς
3309 852 3522 914 δικαίας
3558 851 3782 919 δέξομαι
3814 864 4023 915 παροιο

2441 949 2579 1013 νίας.
2625 947 2844 1016 Ἐπειδὴ
2883 946 2942 1000 δέ
2963 947 3088 1009 τοὺς
3114 945 3294 1015 ἰεροῦς
3325 942 3645 1013 περιϐόλους
3684 938 4012 999 κατέλαϐεν,

2437 1043 2518 1103 εἰς
2553 1041 2654 1111 μέν
2701 1038 2794 1093 τὸν
2825 1036 2969 1092 θεῖον
3010 1039 3111 1091 οὐκ
3160 1034 3496 1105 εἰσεληλύθει
3540 1033 3707 1087 νεών·
3739 1035 3796 1084 ἐν
3835 1031 3895 1083 δὲ
3942 1029 4023 1097 τῷ

2438 1132 2762 1202 ἀσπαστικῷ
2800 1133 2938 1203 οἴκῳ
2984 1133 3245 1202 καθῆστο,
3285 1130 3601 1201 ἐκλιπαρών
3643 1129 3755 1181 τῶν
3796 1125 4019 1195 δεσμῶν

2439 1228 2795 1297 ἀπολυθῆναι.

2509 1322 2634 1374 KA'.
2683 1319 2747 1375 '0
2768 1320 2822 1373 δὲ
2856 1319 3183 1392 τυραννικὴν
3209 1319 3394 1373 ἐκάλει
3423 1317 3523 1384 τὴν
3554 1316 3892 1385 παρουσίαν,
3922 1315 4034 1374 καὶ,

2438 1412 2577 1466 κατὰ
2605 1411 2740 1465 Θεοῦ
2771 1413 3068 1482 μεμηνέναι
3103 1411 3194 1463 τὸν
3225 1410 3502 1462 Θεοδόσιον
3552 1408 3725 1474 ἔλεγε,
3761 1408 3858 1458 καὶ
3887 1407 4019 1467 τοὺς

2437 1503 2646 1557 ἐκείνου
2673 1503 2870 1572 νόμους
2900 1505 3114 1557 πατεῖν.
3153 1503 3213 1555 '0
3241 1501 3296 1554 δέ
3321 1497 3324 1499 “
3346 1499 3600 1569 βασιλεὺς
3646 1499 3703 1550 ὲν
3737 1496 4012 1565 συντριϐῇ

2437 1595 2661 1664 καρδίας
2701 1595 2796 1647 καὶ
2844 1594 3115 1663 πνεύματι
3161 1591 3569 1652 ταπεινώσεως,
3617 1588 3692 1640 οὐ
3746 1587 4021 1658 θρασύνο-

2442 1703 2559 1757 μαι,
2587 1686 2714 1757 ἐφη,
2753 1685 2896 1739 κατὰ.
2929 1685 3036 1738 τῶν
3076 1685 3342 1754 κειμένων
3376 1682 3579 1753 νόμων,
3614 1680 3735 1732 οὐδὲ
3775 1678 4020 1749 παρανό-

766 1797 923 1840 crum
947 1783 1110 1836 limen
1139 1790 1326 1835 contra
1348 1782 1439 1851 jus
1466 1789 1522 1835 et
1558 1780 1637 1837 fas
1666 1790 1846 1837 terere
1901 1780 2335 1850 aggredior:sed
2373 1840 2413 1851 _

2373 1840 2413 1851 _
2444 1797 2558 1848 μως
2587 1779 2845 1848 ἐπιϐῆναι
2895 1779 3002 1832 τῶν
3048 1778 3208 1847 ἰερῶν
3241 1775 3527 1846 προθύρων
3573 1773 3800 1843 ἐφίεμαι
3826 1786 3842 1801 ·
3876 1771 4019 1824 ἀλλὰ

770 1876 998 1925 obsecro
1035 1881 1107 1936 te,
1141 1880 1199 1925 ut
1225 1886 1312 1927 me
1342 1871 1688 1926 vinculorum
1715 1885 1857 1926 nexu
1887 1871 2110 1935 liberes,
2137 1879 2195 1924 et
2221 1871 2338 1926 cle-

768 1963 972 2016 mentia
1004 1963 1314 2018 communis
1371 1963 1586 2016 Domini
1633 1963 1703 2015 ob
1759 1961 1950 2016 oculos
1994 1962 2088 2016 tihi
2139 1961 2336 2031 posita,

772 2056 910 2110 mihi
939 2070 1047 2107 non
1084 2054 1386 2123 praecludas
1418 2055 1568 2109 illam
1597 2055 1840 2125 ianuam,
1877 2068 2042 2123 quam
2077 2054 2342 2107 Dominus

771 2147 890 2214 ipse
914 2149 1125 2200 cunctis
1179 2147 1394 2216 aperuit
1451 2147 1866 2217 pomitentibus.
1916 2145 2143 2211 Qualem
2187 2159 2337 2214 ergo,

769 2239 1061 2307 episcopus
1129 2240 1222 2302 ait,
1269 2239 1646 2308 paenitentiam
1699 2238 1984 2293 ostendisti
2041 2247 2164 2305 post
2223 2242 2342 2291 tan-

772 2337 888 2380 tum
920 2328 1436 2397 scelusiquibusve
1488 2328 1902 2382 medicamentis
1952 2328 2180 2382 vulnera
2236 2325 2338 2380 ista

770 2419 839 2472 ad
874 2421 1173 2473 sanandum
1233 2419 1548 2473 diﬂiciliima
1604 2421 1751 2474 coire
1820 2418 1997 2474 fecisti
2035 2417 2164 2472 ?Ad
2226 2417 2340 2472 haec

771 2510 1072 2578 imperator
1100 2510 1154 2562 in
1191 2511 1426 2564 contrito
1450 2510 1644 2579 spiritu
1683 2525 1874 2564 rursus
1909 2510 2130 2564 retulit:
2160 2510 2339 2564 Tuum

771 2613 856 2656 cst
886 2602 1112 2655 omnino
1152 2610 1208 2654 et
1240 2603 1556 2671 praecipere,
1599 2609 1654 2656 et
1701 2604 2057 2657 commiscere
2097 2602 2338 2656 medica-

771 2694 940 2747 mina.
993 2693 1130 2746 Tum
1175 2707 1306 2746 vero
1373 2692 1534 2748 divus
1593 2692 1952 2747 Ambrosius:
1984 2692 2339 2762 Quandoqui-

770 2786 918 2849 dem,
953 2786 1153 2853 inquit,
1197 2786 1290 2838 iraa
1345 2784 1584 2854 propriae
1626 2785 1896 2854 permittis
1942 2786 2209 2854 judicium
2238 2824 2253 2849 ,
2284 2793 2340 2839 et

776 2895 882 2931 non
921 2878 1080 2942 ratio,
1113 2876 1208 2931 sed
1245 2877 1413 2930 animi
1436 2884 1601 2930 aestus
1625 2876 1952 2931 sententiam
1978 2875 2119 2930 fert:
2163 2876 2338 2945 legem

775 2967 1087 3038 hujusmodi
1127 2967 1290 3019 velim
1331 2966 1564 3031 saucias,
1589 2980 1709 3034 qua:
1763 2966 2045 3019 decretum
2104 2965 2338 3034 quodvis

770 3059 866 3112 ine
902 3059 1128 3127 impetu,
1163 3058 1401 3110 otiosum
1425 3050 1617 3110 reddat
1641 3071 1705 3110 ac
1730 3055 2068 3125 superﬂuum
2097 3073 2110 3109 :
2144 3057 2338 3126 capitis

2444 1873 2503 1925 σέ
2556 1890 2645 1941 μοι
2681 1872 2842 1925 λῦσαι
2873 1873 2963 1925 τὸν
3000 1871 3197 1940 δεσμδν
3245 1869 3405 1934 deni),
3441 1870 3534 1919 καὶ
3574 1867 3675 1936 τὴν
3705 1863 3802 1917 τοῦ
3835 1861 4021 1916 κοινοῦ

2443 1966 2712 2019 Δεσπότου
2753 1964 3169 2034 φιλανθρωπίαν
3221 1961 3564 2031 λογίσασθαι.
3609 1960 3704 2011 κα)⁸
3756 1957 3834 2026 μὴ
3868 1956 4022 2008 κλεῖ-

2445 2057 2533 2110 σαί
2572 2047 2660 2125 μοι
2690 2057 2883 2126 θύραν,
2916 2055 2983 2126 ἢν
3009 2057 3143 2108 πᾶσι
3177 2055 3290 2115 τοῖς
3341 2050 3677 2121 μεταμελείᾳ
3708 2049 4021 2116 χρωμένοις

2441 2150 2471 2201 6
2507 2149 2782 2217 Δεσπότης
2831 2146 3052 2217 ἀνέῳξε,
3094 2147 3200 2199 Καὶ
3241 2146 3268 2197 6
3322 2143 3630 2212 ἀρχιερεὺς,
3680 2140 3850 2190 Ποίαν
3883 2135 4019 2206 ;οῦν,

2440 2237 2566 2308 εφη,
2624 2237 2988 2306 μεταμέλειαν
3037 2236 3244 2298 ἔδειξας
3276 2234 3416 2303 μετὰ
3463 2230 3720 2299 τοιαύτην
3768 2246 4021 2298 παρανο-

2447 2331 2574 2400 μίαν
2602 2348 2617 2394 ;
2645 2331 2828 2391 Ποίοις
2855 2329 2911 2381 δὲ
2946 2327 3261 2398 φαρμάκοις
3298 2325 3367 2378 τὰ
3387 2325 3614 2378 δυσίατα
3636 2323 4021 2391 ἐθεράπευσας

2439 2422 2728 2493 τραύματα
2750 2441 2764 2487 ;
2788 2423 2900 2475 Καὶ
2929 2423 2957 2473 ό
2990 2419 3243 2489 βασιλεὺς
3283 2419 3340 2470 ἐν
3371 2416 3822 2486 συντετριμμένῳ
3851 2413 4021 2465 πνεύ-

2451 2529 2581 2583 ματι
2633 2508 2809 2576 αὖθις,
2852 2513 2953 2563 Σὸν
2987 2513 3170 2580 ἔργον,
3219 2509 3412 2578 ἔφησε,
3455 2506 3674 2569 πάντως
3705 2510 3802 2559 καὶ
3847 2505 4023 2571 δεῖξαι

2441 2607 2534 2659 καὶ
2571 2605 2802 2675 κεράσαι
2858 2604 3145 2672 φάρμακα.
3200 2602 3333 2654 Τότε
3370 2604 3399 2654 6
3459 2601 3603 2662 θεῖος
3668 2599 4022 2667 ’Δμδρόσιος,

2453 2697 2671 2767 Ἐπειδὴ
2697 2696 2774 2766 τῷ
2796 2696 2956 2767 θυμῷ
2980 2694 3220 2759 δικάζειν
3241 2695 3578 2765 ἐπιτρέπεις,
3603 2691 3728 2759 εφη,
3745 2691 3846 2743 καὶ
3863 2690 3965 2758 οὐχ
3991 2690 4021 2740 6

2445 2790 2703 2860 λογισμὸς
2729 2791 2827 2859 τὴν
2863 2791 3084 2856 γνῶσιν,
3112 2789 3248 2842 ἀλλὰ
3271 2790 3301 2840 6
3328 2787 3497 2857 θυμὸς
3531 2785 3783 2855 ἐκφέρει,
3803 2783 4021 2853 γράψον

2440 2883 2605 2949 νόμον
2636 2884 2730 2936 τοῦ
2777 2882 2948 2950 θυμοῦ
2986 2883 3084 2946 τὰς
3142 2883 3359 2952 ψήφους
3412 2880 3588 2950 ἀργὰς
3629 2878 3890 2930 ποιοῦντα
3925 2877 4021 2928 καὶ

2441 2973 2720 3045 περιττὰς,
2734 2974 2830 3026 καὶ
2851 2973 3140 3044 τριάκοντα
3157 2973 3368 3044 ἡμέρας
3395 2974 3450 3025 αἰ
3482 2969 3701 3038 φονικαὶ
3713 2968 3809 3022 καὶ
3824 2966 4029 3037 δημευ·

2440 3067 2590 3120 τικαὶ
2651 3066 2963 3135 μενέτωσαν
3026 3065 3254 3132 γνώσεις
3315 3065 3375 3118 ἐν
3403 3063 3722 3134 γράμμασι,
3775 3064 3878 3131 τὴν
3925 3057 4022 3114 τοῦ

770 3165 904 3203 vero
939 3150 1224 3203 sententiae
1249 3149 1334 3202 vel
1364 3149 1540 3204 exsilii
1572 3149 1792 3218 triginta
1822 3149 1940 3202 dies
1977 3149 2194 3216 scripta
2224 3162 2338 3201 ma-
2370 3188 2414 3248 ο

2370 3188 2414 3248 c
2445 3154 2707 3224 λογισμοῦ
2738 3155 3167 3226 πρυσδεχόμεναι
3215 3155 3419 3223 κρίσιν.
3452 3152 3791 3206 Διελθουσῶν
3820 3153 3878 3205 δὲ
3916 3152 4022 3206 τῶν

771 3250 957 3305 neant,
1002 3242 1227 3294 rationis
1247 3241 1518 3309 judicium
1549 3240 1919 3309 opperientes.
1973 3239 2192 3293 Exactis
2243 3253 2340 3294 au-

773 3343 878 3386 tem
911 3333 1130 3401 triginta
1171 3332 1389 3397 diebus,
1442 3333 1536 3402 qui
1591 3339 1889 3387 exararunt
1938 3330 2160 3385 decreta
2223 3332 2337 3397 iiia,

769 3427 961 3479 eadem
991 3427 1324 3481 exhibeant:
1386 3435 1443 3480 et
1481 3427 1767 3480 iracundia
1824 3425 2030 3480 tamdiu
2068 3426 2337 3494 requieta,

772 3533 956 3572 secum
987 3519 1105 3587 ipsa
1131 3519 1270 3572 ratio
1316 3519 1592 3590 judicans,
1643 3521 1881 3588 priorem
1921 3516 2193 3585 expendat
2246 3532 2339 3571 co-

770 3611 1092 3679 guitionem,
1134 3611 1520 3679 examinetque
1570 3611 1792 3680 justane
1819 3610 1910 3663 illa
1937 3609 2028 3674 sit,
2081 3624 2150 3661 an
2178 3623 2341 3663 secus

775 3701 994 3755 habeat.
1031 3700 1314 3770 Siquidem
1339 3715 1503 3769 porro
1530 3702 1782 3770 iniquum
1806 3699 2111 3763 inveniant,
2135 3699 2342 3754 discer-

775 3803 864 3857 pat
899 3790 1123 3858 scripta,
1147 3799 1203 3843 et
1226 3790 1558 3844 sententiam
1591 3789 1806 3842 irritam
1837 3787 2063 3841 reddat:
2104 3787 2187 3840 sin
2245 3801 2341 3840 au-

774 3891 882 3933 tem
915 3893 1067 3948 aequa
1109 3878 1293 3942 fuerit,
1330 3879 1403 3932 ita
1439 3888 1686 3942 maneat;
1731 3893 1832 3933 nec
1868 3879 2090 3948 triginta
2126 3877 2340 3931 dierum

776 3985 1038 4023 numerus
1070 3968 1423 4023 labefactabit
1452 3979 1597 4023 recte
1632 3969 1896 4038 judicata.

849 4055 1016 4110 XXV.
1050 4056 1497 4110 Admonitionem
1525 4057 1667 4111 banc
1712 4058 2010 4127 imperator
2054 4059 2200 4112 ultro
2245 4058 2340 4112 ad-

779 4149 1024 4211 mittens,
1045 4157 1100 4201 et
1120 4162 1305 4200 secum
1341 4147 1543 4215 optime
1571 4149 1658 4217 agi
1689 4149 1793 4202 sibi
1834 4150 2189 4216 persuadens,
2210 4165 2340 4204 con-

777 4241 931 4292 tinuo
954 4239 1117 4308 jussit
1151 4238 1325 4308 legem
1359 4235 1662 4307 praescribi.
1696 4254 1858 4306 quam
1882 4248 1937 4292 et
1989 4239 2187 4293 litteris
2214 4252 2342 4309 pro-

777 4331 904 4398 priae
937 4343 1129 4383 manus
1158 4340 1329 4384 ratam
1358 4344 1420 4382 ac
1467 4329 1678 4382 ﬁrmam
1723 4345 1846 4384 esse
1882 4331 2076 4384 voluit.
2116 4331 2212 4386 His
2265 4332 2339 4387 ita

774 4422 958 4486 factis,
996 4421 1156 4475 divus
1184 4420 1506 4475 Ambrosius
1555 4422 1899 4490 imperatoris
1922 4423 2205 4476 vinculum
2237 4422 2342 4477 soi-

2447 3247 2740 3316 τριάκοντα
2790 3246 3012 3318 ἡμερῶν
3067 3248 3116 3300 οἰ
3173 3245 3243 3298 τὰ
3295 3246 3614 3313 ἐγνωσμένα
3675 3245 4020 3314 γεγραφότες

2445 3339 2810 3394 δεικνύτωσαν
2837 3339 2996 3403 αὐτὰ,
3026 3340 3122 3392 καλ⁸
3139 3337 3439 3408 τηνικαῦτα
3472 3338 3564 3390 τοῦ
3591 3337 3766 3406 θυμοῦ
3802 3354 4020 3391 πεπαυ-

2449 3432 2609 3500 μένου
2643 3431 2764 3484 καθ’
2793 3431 2984 3484 ἑαυτὸν
3010 3429 3245 3493 δικάζων
3266 3431 3295 3481 6
3319 3429 3579 3498 λογισμὸς
3605 3427 3917 3493 ἐξεταζέτω
3950 3429 4018 3481 τὰ

2447 3521 2784 3590 ἐγνωσμένα,
2816 3522 2909 3574 καὶ
2942 3522 3259 3574 σκεπτέσθω
3289 3516 3398 3590 ἆρά
3435 3536 3497 3586 γε
3526 3519 3712 3571 δίκαια
3748 3522 3782 3591 ᾖ
3823 3521 3902 3587 μὴ
3933 3520 4021 3572 οῦ-

2446 3626 2551 3674 τως
2581 3612 2773 3681 έχοντα
2824 3606 2956 3666 εἷεν.
2989 3611 3051 3664 Εἰ
3085 3613 3180 3681 μέν
3212 3609 3306 3665 οῦν
3356 3611 3518 3665 ἄδικα
3556 3608 3730 3680 εὕροι,
3790 3610 4022 3680 διαρρη-

2446 3701 2624 3772 γνύτω
2644 3706 2711 3756 τὰ
2723 3703 3108 3773 γεγραμμένα,
3129 3704 3223 3755 καὶ
3241 3703 3337 3772 τὴν
3351 3702 3527 3770 ψῆφον
3539 3703 3746 3772 ἄκυρον
3765 3705 4013 3758 ποιείτω

2444 3796 2494 3848 εί
2524 3796 2580 3850 δέ
2604 3795 2807 3859 δίκαια,
2845 3794 2998 3862 μένοι
3053 3793 3196 3847 οῦτω
3231 3795 3324 3847 καὶ
3353 3796 3380 3846 6
3417 3793 3526 3847 τῶν
3553 3796 3856 3863 τριάκοντα
3887 3798 4020 3865 ἡμε-

2447 3885 2556 3953 ρῶν
2611 3884 2843 3955 ἀριθμὸς
2886 3886 2948 3938 ού
2987 3885 3304 3954 λυμανεῖται
3345 3887 3457 3948 τοῖς
3500 3884 3677 3952 ὀρθῶς
3734 3888 4017 3956 ἐγνωσμέ-

2447 3993 2577 4038 νοις.

2517 4064 2645 4120 KE'.
2672 4067 2882 4136 Ταύτην
2926 4066 2952 4118 6
2983 4065 3232 4136 βασιλεὺς
3259 4065 3547 4134 δεξάμενος
3569 4069 3667 4139 τὴν
3706 4071 4015 4142 εἰσήγησιν,

2449 4158 2542 4208 καὶ
2566 4155 2763 4225 ἄριστα
2795 4155 2940 4227 ἐχειν
2972 4157 3279 4222 ὑπολαϐὼν,
3319 4160 3480 4221 εὐθὺς
3520 4161 3806 4232 γραφῆναί
3835 4181 3894 4216 τε
3928 4166 4017 4217 τὸν

2449 4243 2610 4312 νόμον
2656 4245 2932 4311 ἐκέλευσε,
2970 4248 3065 4301 καὶ
3107 4249 3217 4311 τοῖς
3251 4247 3458 4312 οἰκείας
3488 4251 3671 4320 χειρὸς
3712 4252 4015 4308 ἐϐεϐαίωσε

2448 4337 2756 4407 γράμμασι.
2783 4337 2986 4392 Τούτου
3015 4339 3072 4391 δέ
3109 4342 3401 4410 γενομένου
3445 4342 3656 4398 διέλυσε
3685 4344 3780 4397 τὸν
3819 4347 4017 4417 δεσμδν

2446 4427 2475 4479 6
2519 4427 2658 4489 θεῖος
2694 4427 3038 4499 Ἀμδρόσιος,
3074 4431 3168 4483 καὶ
3195 4433 3224 4485 6
3265 4431 3517 4504 βασιλεὺς
3549 4435 3683 4490 είσω
3731 4436 4015 4509 θαρρήσας

775 4515 889 4568 vit:
931 4513 1232 4582 imperator
1268 4521 1452 4566 autem
1481 4520 1697 4581 sumpta
1723 4512 1778 4565 in
1812 4513 2071 4582 templum
2102 4513 2341 4568 intrandi
2379 4533 2417 4588 ο
2448 4534 2450 4543 ί

2338 4555 2341 4568 ι
2379 4533 2417 4588 ο
2448 4515 2699 4583 γενέσθαι
2726 4517 2822 4571 τοῦ
2873 4518 3019 4572 θείου
3065 4520 3220 4586 ναοῦ,
3255 4522 3353 4592 οὐχ
3391 4522 3566 4586 ἐστὼς
3610 4525 3702 4578 τὸν
3731 4530 4013 4600 Δεσπότην

776 4605 1001 4671 Iiducia,
1034 4619 1147 4660 non
1172 4613 1342 4670 stans,
1383 4618 1562 4673 neque
1615 4603 1671 4656 in
1725 4618 1901 4673 genua
1953 4603 2338 4672 procumbens,

776 4697 1068 4752 Dominum
1099 4696 1425 4768 precabatur
1450 4737 1464 4762 ,
1489 4695 1584 4751 sed
1617 4696 1674 4749 in
1708 4695 1884 4750 solum
1939 4696 2144 4750 nudum
2196 4697 2344 4766 deje-

775 4801 902 4843 ctus
925 4804 987 4843 ac
1018 4797 1350 4858 prostratus,
1379 4786 1692 4842 Davidicam
1728 4787 1875 4841 illam
1905 4787 2090 4841 emisit
2113 4803 2338 4843 vocem:

784 4898 804 4929 s
843 4877 1110 4944 Adbasit,
1144 4877 1421 4946 inquiens,
1462 4880 1776 4946 pavimento
1809 4877 1991 4930 anima
2054 4891 2214 4932 mea:
2253 4878 2341 4932 Vi-

777 4972 936 5025 vilica
999 4983 1088 5024 me
1132 4969 1435 5025 secundum
1488 4967 1715 5022 verbum
1770 4977 1923 5023 tuum
1968 4971 2004 5022 '.
2051 4987 2069 5020 ι
2106 4969 2173 5024 Et
2226 4971 2339 5026 cri-

777 5079 876 5118 nes
937 5063 1191 5118 inanibus
1243 5063 1474 5128 vellens,
1521 5071 1579 5117 et
1618 5063 1816 5117 lacicm
1877 5062 2250 5129 contundens,
2287 5073 2341 5117 et

778 5154 1021 5223 profusis
1083 5153 1338 5224 iacrymis
1383 5152 1620 5223 irrigans
1676 5154 2072 5223 pavimentum,
2122 5156 2338 5209 veniam

777 5243 1044 5313 consequi
1069 5241 1414 5311 properabat.
1456 5242 1749 5310 Postquam
1772 5250 1953 5297 autem
1977 5242 2043 5296 ad
2061 5242 2340 5298 oﬂerenda

779 5352 946 5390 sacra:
977 5351 1179 5389 ma-nsre
1213 5350 1437 5389 munera
1465 5334 1679 5387 vocavit
1706 5343 1941 5404 tempus,
1971 5351 2094 5389 cum
2124 5336 2343 5393 ﬂetibus

780 5446 891 5482 non
917 5435 1098 5482 minus
1120 5427 1358 5495 copiosis
1383 5443 1633 5497 surgens,
1663 5428 1862 5497 gradus
1882 5428 2070 5482 altaris
2097 5431 2336 5484 scandit:

780 5520 1058 5573 oblatione
1095 5534 1227 5572 vero
1287 5528 1561 5587 porrecta,
1615 5518 1754 5571 intra
1807 5520 2098 5582 cancellos,-
2151 5531 2209 5575 ut
2263 5522 2340 5575 illi

777 5610 949 5663 moris
977 5621 1115 5673 erat,
1146 5608 1362 5662 mansit.
1397 5606 1503 5660 Sed
1534 5608 1685 5660 nullo
1717 5609 1897 5672 modo,
1927 5619 1984 5662 ut
2034 5611 2148 5665 hac
2182 5611 2344 5666 dissi-

779 5699 1035 5763 mularet,
1063 5699 1159 5752 abs
1191 5713 1247 5751 se
1282 5697 1594 5767 impetravit
1629 5713 1782 5753 sacer
1815 5699 2156 5756 Ambrosius:
2186 5711 2236 5756 at
2267 5703 2342 5756 lo-

849 5815 864 5844 ¹
907 5812 1046 5866 Psal.
1070 5828 1251 5877 cxvnr,
1274 5813 1343 5866 9.5

2450 4609 2743 4675 ἰκέτευσεν,
2779 4609 2900 4663 οὑδέ
2930 4612 2998 4664 τὰ
3028 4611 3231 4679 γόνατα
3267 4613 3471 4680 κλίνας,
3511 4615 3648 4669 ἀλλά
3677 4621 3896 4690 πρηνὴς
3924 4622 4014 4674 ἐπὶ

2448 4701 2655 4772 γυμνοῦ
2707 4700 2887 4755 πεσὼν
2930 4700 3023 4758 τοῦ
3074 4705 3304 4774 ἐδάφους
3354 4706 3452 4778 τὴν
3497 4709 3787 4780 Δαυῖδικὴν
3831 4713 4011 4783 ἀφῆκε

2449 4793 2652 4865 φωνὴν,
2699 4813 2718 4845 ι
2769 4795 3085 4868 Έκολλήθη,
3128 4815 3146 4848 s
3182 4798 3372 4865 λέγων,
3412 4818 3431 4852 ι
3477 4800 3552 4872 τῷ
3590 4803 3777 4872 ἐδάφει
3807 4806 3840 4875 η
3867 4806 4009 4874 ψυχή

2455 4902 2556 4953 μου
2585 4903 2597 4916 ·
2630 4884 2793 4954 ζῆσόν
2811 4904 2879 4956 με
2909 4889 3050 4941 κατὰ
3078 4890 3169 4942 τδν
3190 4889 3348 4957 λόγσν
3379 4907 3472 4944 σου
3497 4911 3511 4925 ο
3545 4911 3564 4944 s
3593 4895 3687 4947 καὶ
3709 4898 3832 4957 ταῖς
3859 4900 4010 4965 χερσὶ

2449 4976 2643 5031 τίλλων
2666 4979 2762 5042 τὰς
2792 4978 3007 5050 τρίχας,
3034 4981 3125 5034 καὶ
3159 4980 3220 5032 τδ
3244 4982 3491 5052 μέτωπον
3519 4982 3755 5045 τύπτων,
3779 4987 3874 5039 καὶ
3905 4989 4011 5049 τοῖς

2453 5069 2562 5122 τῶν
2597 5071 2846 5141 δακρύων
2876 5071 3099 5142 σταγόσι
3130 5075 3192 5126 τδ
3228 5074 3420 5144 εδαφος
3455 5076 3860 5146 καταρῤαίνων,
3883 5095 4008 5146 συγ-

2447 5159 2673 5232 γνώμης
2724 5162 2995 5231 ἠντιϐόλει
3027 5166 3226 5234 τυχεῖν.
3270 5165 3488 5236 Ἐπειδὴ
3521 5165 3578 5218 δέ
3624 5167 3717 5220 καὶ
3749 5169 3780 5221 6
3824 5171 4008 5240 καιρὸς

2449 5254 2636 5308 ἐκάλει
2657 5259 2721 5326 τῇ
2757 5256 2875 5328 ἰερᾷ
2901 5257 3147 5327 τραπέζῃ
3172 5258 3239 5312 τὰ
3267 5258 3414 5326 δῶρα
3439 5265 3851 5328 προσενεγκεῖν,
3885 5265 4011 5316 ἀνα-

2450 5346 2582 5408 στὰς
2609 5348 2744 5410 μετὰ
2771 5349 2879 5400 τῶν
2903 5350 3033 5402 ίσων
3060 5349 3313 5418 δακρύων
3339 5351 3446 5401 τῶν
3479 5352 3798 5420 ἀνακτόρων
3821 5355 4003 5422 ἐπέϐης’

2450 5438 2828 5507 προσενεγκὼν
2853 5441 2928 5502 δέ,
2959 5441 3126 5504 ίνδον,
3153 5441 3341 5508 ὥσπερ
3370 5443 3571 5508 εἰώθει,
3600 5446 3749 5513 παρὰ
3768 5447 3867 5508 τὰς
3893 5465 3980 5513 κιγ

2449 5528 2630 5592 κλίδας
2679 5533 3009 5599 μεμένηκεν.
3049 5531 3188 5584 Ἀλλ’
3219 5532 3372 5585 οὐδὲν
3413 5533 3584 5585 ταῦτα
3613 5536 3641 5587 ό
3694 5537 3838 5607 ἰερξς
3882 5539 3992 5605 Ἀμ-

2449 5618 2662 5688 6ρέσ-ιος
2716 5622 2933 5689 σιγῆσαι
2984 5623 3263 5691 ἠνέσχετο,
3303 5623 3434 5677 ἀλλὰ
3468 5626 3558 5676 καὶ
3602 5624 3664 5677 τδ
3697 5627 3808 5680 τῶν
3836 5630 4007 5681 τόπων

2448 5710 2682 5763 διδάσκει
2734 5711 3009 5778 διάφορον,
3059 5715 3167 5766 Καὶ
3215 5714 3407 5785 πρῶτα
3451 5716 3548 5783 μὲν
3579 5716 3744 5786 ἧρετο
3780 5721 3831 5771 εί
3873 5734 4004 5779 τινος
