4242 6442
801 345 918 413 879

1971 344 2357 407 ADDENDA.
2395 371 2460 381 —
2495 349 2816 412 APRILIS.

3954 349 4065 413 880

806 480 928 533 qua:
961 463 1181 516 virtutis
1209 461 1518 515 seminibus
1537 458 1819 529 pulchram
1850 459 1903 511 itt
1930 460 2163 529 conjuge
2187 459 2381 529 irriga-
2413 473 2455 522 Α

2413 473 2455 522 Α
2487 462 2583 532 λὴν
2613 464 2836 532 ἀρδείαν
2869 461 2962 516 καὶ
2989 465 3302 535 πρόσφορον
3335 468 3448 528 τοῖς
3477 466 3574 536 τῆς
3611 466 3811 536 ἀρετῆς
3848 467 3946 520 τοῦ
3977 469 4074 520 ἀν-

806 556 1010 608 tionem
1035 553 1510 606 etincrementum
1537 549 1781 618 przebere
1810 557 2052 616 possent,
2077 550 2233 618 prius
2263 550 2380 619 ipsa

804 657 967 712 quam
998 641 1084 694 vir
1115 640 1229 694 fato
1257 640 1447 694 functa
1477 647 1583 691 est.
1628 636 1874 704 Contigit
1903 645 2086 691 autem
2125 645 2250 707 post
2285 637 2384 690 ali-

802 739 951 808 quod
979 748 1198 805 tempus
1217 735 1286 789 ab
1313 735 1432 804 ejus
1457 742 1632 787 morte
1657 732 1760 785 tale
1784 730 1915 800 quid
1942 730 2085 796 fieri,
2119 730 2261 785 unde
2287 746 2382 799 pa-

802 833 910 886 lam
935 831 1327 886 innotesceret.
1359 841 1598 894 quonam
1621 826 1924 893 imperator
1947 836 2077 892 erga
2107 837 2227 875 eam
2251 823 2340 876 ani
2359 851 2379 866 ι

804 940 914 984 tuo,
979 931 1249 989 quantave
1303 919 1566 972 charitatc
1618 925 1770 970 esset
1832 914 2081 968 allectus.
2140 912 2380 982 Cogente

805 1012 1078 1081 siquidem
1112 1011 1379 1066 bellorum
1411 1009 1740 1077 frequentia,
1779 1006 2077 1074 imperator
2097 1004 2178 1058 rei
2215 1019 2379 1072 pecu-

807 1105 997 1158 niarite
1028 1105 1266 1172 inopiam
1298 1103 1559 1165 tolerans,
1594 1100 1793 1153 tributa
1819 1099 2008 1152 indixit
2036 1096 2375 1152 civitatibus.

804 1195 947 1251 Urbs
978 1195 1142 1263 igitur
1176 1193 1462 1247 Antiochia
1501 1208 1622 1246 cum
1653 1191 1787 1244 alias
1819 1191 1981 1244 urbes
2012 1189 2232 1243 tribulis
2267 1189 2376 1243 illis

803 1285 1056 1342 subditas
1075 1287 1440 1356 conspiceret,
1460 1283 1721 1352 pecunias
1739 1296 1870 1335 vero
1888 1295 1983 1350 per
2005 1281 2110 1334 vim
2129 1279 2296 1349 exigi.
2312 1294 2375 1333 ac

803 1379 954 1434 nulla
984 1379 1221 1434 admissa
1253 1376 1638 1438 excusatione;
1668 1385 1961 1426 commune
1996 1371 2100 1424 hoc
2141 1369 2372 1440 vectigal

803 1484 1148 1540 nequaquam
1180 1467 1385 1531 ferens,
1419 1465 1514 1519 sed
1549 1464 1829 1518 turbarum
1859 1461 2206 1517 occasionem
2244 1463 2374 1516 hinc

804 1559 1096 1624 arripiens,
1138 1556 1321 1626 qualia
1358 1556 1552 1624 vulgus
1588 1553 1766 1607 facere
1798 1552 1958 1616 solet,
1997 1554 2271 1620 patravit;
2317 1564 2374 1608 et

802 1650 1157 1703 nobiliSsinne
1183 1649 1437 1707 Placillae,
1461 1646 1563 1699 hoc
1590 1645 1737 1698 enim
1761 1653 1883 1698 erat
1909 1645 2245 1714 imperatrici
2273 1662 2373 1701 no-

807 1757 953 1803 men,
986 1755 1183 1794 aeream
1216 1748 1450 1792 statuam
1478 1738 1594 1791 solo
1623 1735 1854 1804 adﬂixit,
1879 1737 2052 1807 ipsam
2080 1737 2244 1792 etiam
2270 1753 2368 1808 per

803 1834 985 1901 plures
1008 1832 1248 1885 civitatis
1279 1829 1430 1883 vicos
1459 1828 1808 1898 pertrahens.

872 1943 1039 1997 XXX.
1067 1944 1392 2013 Imperator,
1416 1942 1519 1995 hac
1542 1957 1598 1995 re
1621 1941 1687 1996 ad
1711 1955 1770 1995 se
1786 1941 1990 2005 delata,
2019 1948 2231 1998 tantum
2256 1957 2372 1997 mo-

800 2047 993 2099 lestiae,
1021 2045 1285 2104 quantum
1309 2034 1557 2095 decebat,
1582 2033 1714 2089 hinc
1737 2033 2068 2104 percipiens,
2091 2050 2212 2090 eam
2234 2035 2368 2090 civi-

803 2139 967 2180 tatem
1005 2127 1244 2196 propriis
1283 2125 1498 2196 legibus
1527 2124 1723 2180 ablatis
1756 2127 1974 2188 multat,
2014 2127 2369 2196 vicinamque

803 2225 993 2273 urbem
1019 2218 1362 2283 Laodiceam,
1385 2233 1506 2287 qua:
1523 2226 1749 2287 propter
1769 2218 1925 2272 littus
1947 2217 2113 2272 maris
2135 2218 2235 2272 sita
2261 2229 2365 2286 est,

801 2314 876 2365 illi
907 2313 1156 2380 μτωεὶρὶι,
1187 2311 1285 2366 hac
1321 2309 1663 2380 potissimum
1689 2309 1774 2363 via
1803 2310 1902 2379 ipsi
1927 2325 2068 2381 tegre
2103 2325 2160 2364 se
2186 2311 2366 2366 facere

801 2420 863 2470 pe
875 2417 1118 2454 rsuasum
1143 2402 1371 2465 habens;
1389 2415 1623 2468 namque
1643 2400 1991 2454 Antiochiam
2007 2415 2040 2454 a
2059 2400 2221 2470 longo
2238 2410 2367 2455 tem-

800 2508 928 2560 pore
957 2493 1315 2546 aemulabatur
1337 2489 1629 2545 Laodicea.
1668 2489 1895 2561 Insuper
1924 2501 2107 2545 autem
2134 2492 2279 2545 illam
2309 2507 2365 2547 se

799 2588 1152 2639 incensurum
1187 2599 1250 2638 ac
1281 2584 1590 2638 deletorum
1620 2582 2002 2648 minitabatur,
2037 2598 2139 2637 nec
2167 2598 2272 2636 non
2309 2583 2363 2636 in

799 2694 999 2748 pagum
1021 2678 1266 2731 eamdem
1290 2692 1346 2730 se
1365 2691 1781 2730 conversurum:
1803 2690 2060 2745 proceres
2082 2691 2215 2730 νει-ο
2231 2691 2368 2731 11011-

799 2771 962 2824 nullis
983 2771 1038 2823 in
1060 2770 1178 2836 ipso
1196 2769 1458 2824 facinoris
1476 2776 1601 2822 actu
1626 2768 1916 2837 correptis,
1937 2778 2229 2837 antequam
2253 2777 2360 2821 tra-

798 2864 1030 2930 gmdiam
1069 2860 1296 2915 resciret
1351 2875 1633 2929 princeps,
1665 2867 1896 2913 mortem
1933 2859 2259 2928 irrogarunt.
2297 2857 2364 2912 Et

798 2953 912 3007 haec
934 2953 1155 3022 quidem
1179 2961 1379 3006 cuncta
1403 2951 1842 3004 comminabatur
1869 2949 2230 3014 Theodosius,
2253 2965 2361 3004 non

797 3055 976 3098 tamen
1003 3045 1152 3097 illico
1175 3043 1591 3111 exsequebatur,
1616 3040 1947 3110 prohibente
1972 3040 2074 3092 hoc
2101 3039 2360 3092 nimirum

796 3137 934 3202 lege,
956 3150 1116 3203 quam
1140 3135 1355 3187 hortatu
1376 3149 1476 3188 suo
1496 3146 1723 3201 magnus
1741 3131 2063 3185 Ambrosius
2080 3130 2360 3184 ferendam

2484 553 2608 622 δρὸς
2647 555 2808 624 ἔφερε
2845 556 3148 627 σπέρμασι.
3193 557 3439 627 Προτέρα
3478 559 3663 628 μέντοι
3698 559 3792 611 τοῦ
3830 559 4072 625 συζύγου

2483 644 2822 713 ἐτελεύτησε,
2852 647 2946 700 καὶ
2977 647 3173 716 συνέϐη
3210 650 3351 715 μετὰ
3379 650 3570 718 χρόνον
3597 652 3720 702 τινὰ
3751 650 3851 717 τῆς
3880 652 4073 703 τελευ-

2482 735 2582 802 τῆς
2632 737 2839 789 τοιόνδε
2897 753 2949 790 τι
2989 738 3245 805 γενέσθαι
3278 739 3415 808 ὅπερ
3466 741 3567 809 τὴν
3606 741 3808 810 πολλὴν
3847 742 4072 812 εκείνην

2480 826 2574 880 τοῦ
2612 826 2880 896 βασιλέως
2916 827 3047 898 περὶ
3074 829 3246 898 αὐτὴν
3279 830 3518 883 διάθεσιν
3553 832 3647 884 καὶ
3671 833 4072 901 φιλοστοργίαν

2481 917 2786 981 ἀπέδειξεν.
2836 919 2974 971 ’Υπδ
2999 919 3109 988 γὰρ
3136 920 3244 971 τῶν
3279 921 3489 990 συχνῶν
3523 923 3777 989 πολέμων
3820 923 4071 989 ἀναγκα-

2480 1009 2706 1079 ζόμενος
2737 1013 2765 1062 ό
2789 1009 3044 1080 βασιλεὺς
3074 1013 3168 1064 καὶ
3200 1014 3499 1082 χρημάτων
3529 1014 3830 1077 σπανίζων,
3861 1016 4070 1084 φόρους

2477 1103 2597 1164 ταῖς
2632 1103 2850 1156 πόλεσιν
2890 1104 3262 1174 ἐπεγράψατο.
3304 1104 3368 1157 Ἥ
3413 1106 3690 1176 Ἀντιόχου
3744 1108 3936 1159 τοίνυν
3969 1125 4069 1174 φο-

2481 1192 2874 1261 ρολογουμένας
2914 1194 3013 1258 τὰς
3045 1195 3242 1265 ἑτέρας
3286 1197 3469 1260 πόλεις
3497 1196 3682 1267 δρῶσα
3712 1200 3809 1250 καὶ
3839 1200 3944 1250 σὺν
3972 1198 4067 1267 βίᾳ.

2474 1286 2542 1336 τὰ
2586 1286 2848 1354 χρήματα
2882 1287 2974 1340 καὶ
3009 1288 3403 1357 ἀπαραιτήτως
3438 1291 3948 1359 εἰσπραττομένας,
4009 1292 4066 1342 τὸ

2475 1378 2657 1428 κοινὸν
2708 1377 2867 1431 τοῦτο
2905 1377 3057 1440 τέλος
3100 1378 3200 1431 οὐκ
3257 1379 3582 1446 ἐνεγκοῦσα,
3621 1381 3754 1433 ἄλλα
3803 1399 3864 1433 τε
3903 1385 4066 1435 ὁποῖα

2476 1465 2622 1533 φιλεῖ
2656 1465 2810 1536 ὄχλος
2842 1467 3116 1537 πρόφασιν
3141 1470 3219 1531 είς
3247 1469 3476 1536 ἀταξίαν
3507 1470 3806 1539 λαμϐάνων
3838 1473 4061 1542 ἔδρασε,

2474 1558 2569 1610 καὶ
2599 1559 2696 1627 τὴν
2728 1557 2935 1626 χαλκῆν
2985 1560 3166 1612 είκόνα
3200 1561 3299 1629 τῆς
3331 1561 3693 1630 πανευφήμου
3745 1565 4029 1631 Π)ακί).ὶ.η
4039 1582 4062 1625 ς

2474 1647 2654 1717 (τοῦτο
2682 1649 2794 1718 γὰρ
2823 1646 2890 1720 ἦν
2922 1649 3094 1720 ὄνομα
3123 1654 3185 1719 τῇ
3216 1649 3470 1721 βασιλίδι)
3490 1655 3809 1724 -κατήνεγκε
3843 1658 3940 1708 καὶ
3969 1659 4061 1709 ἐπὶ

2474 1741 2606 1793 πολὺ
2636 1741 2732 1810 τῆς
2765 1741 2974 1804 πόλεως
3007 1744 3478 1814 κατασυράμενος.

2542 1935 2623 1991 Δ’.
2656 1937 2839 1991 Ταῦτα
2877 1938 3175 2008 πυθόμενος
3208 1941 3236 1993 ό
3275 1939 3530 2010 βασιλεὺς
3575 1944 3668 1997 καὶ
3711 1945 4053 2016 χαλεπήνας,

2470 2026 2659 2100 ὥσπερ
2695 2032 2838 2095 εἰκὸς
2869 2027 2956 2104 ἦν,
2989 2034 3058 2087 τά
3081 2050 3138 2086 τε
3169 2035 3266 2103 τῆς
3295 2035 3503 2100 πόλεως
3547 2038 3809 2105 ἀφείλετο
3843 2042 4053 2104 δίκαια,

2473 2122 2564 2174 καὶ
2604 2124 2669 2192 τῇ
2713 2124 2914 2190 γείτονι
2963 2125 3115 2177 πόλει
3157 2127 3447 2197 Λαοδικείᾳ
3481 2131 3544 2198 τῇ
3591 2131 3740 2198 παρὰ
3771 2131 4056 2184 Θάλασσαν

2468 2213 2664 2267 δέδωκε
2696 2215 2792 2285 τὴν
2825 2216 3148 2285 ἠγεμονίαν,
3182 2219 3354 2290 ταύτῃ
3397 2221 3634 2288 μάλιστα
3684 2222 3930 2290 νομίζων
3958 2225 4052 2276 αὖ·

2469 2303 2592 2364 τοὺς
2651 2304 2935 2357 ἀνιάσειν·
2977 2306 3305 2376 ἐζηλοτύπει
3347 2311 3455 2380 γὰρ
3514 2312 3547 2379 ή
3604 2312 3900 2366 Λαοδίκεια
3956 2313 4051 2382 τὴν

2483 2393 2821 2463 Ἀντιόχειαν
2850 2396 3078 2450 ἄνωθεν.
3123 2399 3277 2452 Μετὰ
3315 2398 3370 2451 δὲ
3415 2400 3587 2454 ταῦτα
3625 2402 3720 2455 καὶ
3759 2403 4052 2474 ἐμπιπρᾷν

2468 2485 2682 2552 ἠπείλει
2719 2488 2811 2540 καὶ
2852 2487 3144 2541 καταλύειν
3198 2491 3292 2542 καὶ
3330 2493 3410 2554 είς
3455 2492 3649 2562 κώμην
3681 2495 3741 2546 τὸ
3781 2494 3921 2547 ἄστυ
3957 2514 4049 2564 με-

2466 2577 2832 2632 ταϐαλεῖν.οί
2884 2579 2941 2632 δὲ
2971 2579 3233 2650 ἄρχοντες
3282 2583 3376 2634 καὶ
3432 2584 3641 2636 ἁνεῖλόν
3697 2602 3851 2648 τινας
3916 2586 4049 2656 παρ’

2468 2669 2597 2721 αὐτὸ
2633 2670 2988 2734 συλλαϐόντες
3023 2671 3084 2724 τδ
3105 2673 3362 2742 τόλμημα
3385 2674 3514 2744 πρὶν
3542 2675 3746 2742 γνῶναι
3769 2679 3862 2730 τὸν
3896 2678 4050 2748 βασι-

2467 2759 2562 2812 λέα
2617 2762 2715 2830 τὴν
2753 2763 3083 2831 τραγῳδίαν.
3134 2764 3317 2816 Ταῦτα
3351 2765 3408 2818 δὲ
3471 2767 3649 2819 πάντα
3702 2770 3730 2821 δ
3791 2769 4050 2838 βασιλεὺς

2465 2852 2682 2921 ἠπείλει
2719 2853 2844 2922 μὲν,
2877 2856 2938 2906 οὐ
2991 2855 3099 2923 μὴν
3138 2859 3479 2928 παραχρῆμα
3511 2860 3717 2924 ἐποίει,
3751 2861 3915 2915 τοῦτο
3954 2864 4047 2916 τοῦ

2467 2946 2633 3013 νόμου
2663 2945 2965 3007 κωλύοντος
2983 2945 3040 2998 δν
3068 2946 3388 3016 Ἀμδρόσιος
3412 2950 3438 2999 ό
3459 2949 3631 3018 μέγας
3657 2951 3887 3020 τεθῆναι
3910 2970 4049 3021 παρ-

2464 3036 2675 3105 ῄνεσεν.
2694 3035 2914 3106 Ἐπειδὴ
2956 3036 3010 3089 δὲ
3033 3037 3185 3106 παρὰ
3229 3038 3326 3108 τὴν
3355 3041 3684 3109 Ἀντιόχειαν
3713 3038 3850 3110 ἧκον
3869 3045 3920 3095 οί
3953 3048 4046 3106 τὰς

2469 3127 2694 3189 ἀπειλὰς
2718 3128 2928 3189 ὲκείνας
2953 3128 3267 3196 κομίζοντες
3290 3134 3305 3196 (
3326 3129 3623 3199 Ἐλλὲνιχός
3645 3149 3702 3184 τε
3737 3137 4047 3202 στρατηγὶς

797 3200 1223 3280 etiravcrat.Sed
1245 3200 1706 3293 posteaquamiqui
1728 3222 1904 3276 minas
1925 3221 2044 3276 illas
2059 3221 2357 3291 ferrejussi
2388 3200 2428 3259 ο
2465 3234 2472 3250 ⁸

2388 3200 2428 3259 c
2465 3217 2760 3287 τηνικαῦτα
2781 3217 2854 3268 ὢν
2878 3219 2971 3270 καὶ
2988 3219 3283 3284 Καισάριος
3332 3219 3771 3289 τῶνβασιλείων
3810 3226 4047 3294 ἡγούμε-

799 3327 946 3376 sunt,
965 3325 1235 3368 venerunt
1256 3316 1306 3367 in
1328 3315 1517 3368 urbem
1536 3313 1878 3367 Antiochiam
1899 3313 2028 3379 (dux
2043 3319 2223 3378 autem
2243 3321 2360 3367 erat

798 3416 926 3460 tunc
972 3406 1340 3467 llellonichus,
1410 3415 1466 3458 et
1502 3404 1770 3460 Caesarius
1818 3404 2107 3473 prafectus
2161 3413 2357 3473 prato-

799 3501 983 3552 rianis.
1027 3496 1280 3563 magister
1310 3510 1437 3548 vero
1466 3511 1493 3548 a
1521 3496 1778 3548 Romanis
1820 3495 2021 3549 dicitur
2047 3536 2060 3559 ,
2093 3496 2185 3563 qui
2227 3494 2358 3549 ade-

797 3598 924 3654 ptus
967 3595 1050 3638 est
1109 3586 1247 3638 hanc
1301 3584 1681 3654 dignitatem),
1727 3585 1964 3638 universi
2029 3586 2250 3655 quidem
2303 3586 2356 3639 in

795 3684 941 3728 metu
974 3673 1352 3732 versabantur.
1375 3673 1642 3726 minarum
1677 3677 1881 3727 exitum
1920 3673 2354 3728 reformidantes.

803 3766 1025 3818 \"irlults
1075 3773 1257 3817 autem
1307 3766 1382 3817 illi
1420 3765 1634 3817 athleta:
1662 3806 1675 3829 ,
1705 3765 1798 3833 qui
1837 3764 1903 3817 ad
1941 3765 2155 3819 radices
2205 3779 2360 3818 mon-

799 3871 932 3908 tiutn
973 3856 1314 3915 habitabant,
1349 3871 1580 3922 quorum
1629 3856 1822 3924 ingens
1851 3866 1968 3909 erat
2013 3864 2142 3908 tunc
2165 3855 2354 3908 multi-

2465 3323 2552 3366 νος
2578 3347 2590 3369 ,
2635 3306 2932 3375 μάγιστρον
2977 3305 3033 3358 δὲ
3075 3308 3120 3358 oi
3155 3307 3412 3377 Ῥωμαῖοι
3438 3311 3662 3363 καλοῦσι
3692 3313 3786 3365 τὸν
3834 3316 4040 3384 ταύτην,

2465 3397 2653 3466 ῐχοντα
2698 3398 2796 3467 τὴν
2821 3396 3037 3466 ἀρχὴν),
3065 3396 3123 3450 ιν
3171 3396 3278 3450 δέει
3313 3399 3412 3466 μὲν
3456 3395 3596 3469 ἦσαν
3646 3402 3892 3468 ἅπαντες
3946 3409 4042 3466 τὰς

2457 3489 2694 3549 ἀπειλὰς
2746 3489 3201 3555 περιπεφρικότες
3233 3504 3246 3516 ·
3275 3492 3324 3542 οί
3379 3490 3434 3541 δὲ
3488 3493 3586 3561 τὴν
3635 3494 3924 3564 ὑπώρεεαν
3964 3503 4041 3551 οἱα

2462 3578 2684 3639 κοῦντες
2729 3577 2826 3644 τῆς
2875 3576 3076 3645 ἀρετῆς
3118 3577 3349 3646 ἀθληταὶ
3394 3580 3600 3650 (πολλοὶ
3633 3583 3689 3634 δὲ
3724 3580 3868 3653 ἦσαν
3922 3591 4038 3639 κατ’

2460 3669 2635 3719 ἐκεῖνο
2691 3664 2904 3734 καιροῦ)
2951 3665 3278 3734 συνήχθοντο
3330 3671 3441 3729 τοῖς
3484 3673 3546 3738 τῇ
3601 3672 3801 3743 ἀπειλῇ
3847 3677 4040 3730 ὐποσε.

2461 3759 2782 3828 ὁλημένοις,
2818 3761 2912 3809 καὶ
2973 3760 3326 3828 περιέτρεχον
3381 3765 3658 3832 πανταχοῦ
3688 3803 3702 3828 ,
3737 3768 3838 3819 καὶ
3898 3772 4035 3836 ὑπὲρ

2457 3854 2566 3903 τὼν
2603 3849 2981 3916 κολαζομένων
3010 3849 3084 3913 ὡς
3119 3849 3339 3902 δυνατὸν
3378 3855 3741 3921 παρεκάλουν.

799 3948 950 4010 tudo,
992 3949 1060 4000 iis
1085 3962 1221 4015 quos
1260 3947 1587 4015 percellebat
1660 3947 2049 4010 comminatio,
2118 3945 2607 4014 compatiebantur,
2656 3949 2711 3995 et
2781 3941 3210 4010 circumquaque
3283 3954 3601 4010 cursantes,
3664 3947 3732 4002 de
3794 3951 3864 4005 iis
3907 3954 4031 4007 viri:

796 4040 886 4106 qui
929 4037 1197 4105 supplicio
1226 4037 1655 4101 fuerantall‘ecti,
1681 4049 1943 4106 quantum
1969 4039 2186 4102 licebat,
2217 4039 2353 4091 alios
2392 4035 2735 4090 solabamur.

866 4128 1056 4180 XXXI.
1107 4129 1258 4182 Unus
1315 4140 1494 4181 autem
1554 4144 1618 4197 ex
1674 4130 1782 4183 illis
1829 4140 1946 4184 erat
1991 4132 2072 4182 vir
2102 4140 2347 4192 sanctus,

795 4228 1095 4272 exornatus
1121 4218 1269 4271 omni
1298 4219 1519 4280 virtute,
1547 4227 1602 4270 et
1634 4218 1725 4286 qui
1756 4217 1844 4272 die
1884 4229 2153 4288 nocteque
2182 4234 2345 4286 puras

795 4319 1073 4369 orationes
1113 4317 1353 4366 omnium
1379 4313 1645 4367 Salvatori
1680 4313 1963 4366 offerebat.
2005 4312 2102 4366 Hic
2133 4327 2234 4365 nec
2257 4313 2358 4364 im—

797 4405 1064 4473 peratoris
1137 4406 1269 4457 iram
1339 4414 1607 4468 metuens,
1641 4418 1744 4459 nec
1791 4419 1980 4458 eorum
2047 4403 2140 4471 qui
2201 4403 2351 4457 missi

795 4507 971 4559 erant,
1019 4501 1338 4562 potestatem
1392 4494 1574 4549 animo
1621 4507 1896 4563 reputans,
1949 4508 2071 4548 cum
2129 4494 2186 4547 in
2242 4509 2355 4549 me-

2530 4127 2655 4178 AA'.
2690 4119 2779 4186 Εἷς
2805 4123 2861 4178 δέ
2891 4141 2975 4186 τις
2995 4124 3054 4188 ἐξ
3083 4123 3262 4177 αὐτῶν
3293 4127 3431 4195 ἀνὴρ
3455 4129 3629 4196 ἅγιος,
3667 4133 3841 4203 ἀρετῇ
3879 4138 4031 4209 πασῃ

2457 4215 2869 4285 κεκοσμημένος
2898 4217 2990 4268 καὶ
3022 4217 3236 4285 νύκτωρ
3274 4220 3367 4270 καὶ
3403 4221 3520 4288 μεθ’
3554 4223 3771 4292 ἡμέραν
3807 4226 3890 4295 τῷ
3921 4229 4030 4281 Σωρ

2459 4309 2588 4378 τῆρι
2621 4308 2727 4361 τῶν
2773 4308 2910 4360 ὅλων
2960 4307 3206 4379 καθαρὰς
3261 4313 3586 4382 προσφέρων
3631 4316 3820 4383 εὐχὰς,
3873 4315 4027 4382 οὗτος

2466 4397 2587 4450 οὕτε
2640 4397 2733 4449 τοῦ
2775 4397 3039 4467 βασιλέως
3085 4399 3451 4479 καταπλαγεὶς
3510 4404 3606 4474 τὴν
3660 4407 3835 4477 ὀργὴν
3901 4410 4022 4464 οὔτε

2461 4487 2874 4540 ἀποσταλέντων
2923 4488 3020 4558 τὴν
3065 4488 3312 4552 ἐξουσίαν
3357 4493 3435 4554 εις
3479 4492 3604 4546 νοῦν
3643 4495 3847 4565 λαϐὼν,
3885 4504 4024 4557 κατὰ

797 4589 938 4638 diam
999 4586 1188 4637 urbem
1249 4585 1510 4648 venisset,
1546 4593 1600 4638 et
1651 4585 1886 4637 amiculo
1926 4584 2162 4637 alterum
2210 4584 2354 4651 lcga-
2386 4579 2472 4646 οι

2348 4614 2354 4621 .
2386 4579 2428 4636 D
2461 4579 2624 4646 μέσον
2657 4579 2714 4630 τὸ
2751 4579 2882 4632 ἄστυ
2908 4579 3220 4648 γενόμενος,
3256 4584 3348 4634 καὶ
3387 4583 3484 4650 τῆς
3518 4585 3764 4653 χλανίδος
3793 4589 4023 4662 Θατέρου

797 4690 974 4729 torum
1032 4675 1511 4743 apprehendisset,
1549 4676 1712 4744 jussit
1768 4685 2062 4743 utrumque
2103 4690 2168 4728 ex
2198 4677 2355 4743 equis

795 4769 1149 4822 descendere.
1193 4765 1256 4818 Hi
1312 4781 1441 4820 vero
1473 4781 1702 4835 parvum
1745 4767 2080 4829 seniculum,
2117 4782 2356 4835 eumque

795 4859 885 4909 vili
927 4872 1102 4923 panno
1135 4857 1388 4909 vestitum
1428 4855 1748 4924 conspicati,
1790 4857 1968 4925 primo
2017 4857 2238 4924 quidem
2274 4858 2355 4910 in-

797 4949 1182 5015 ilignabantur.
1239 4949 1308 4999 At
1357 4961 1481 5000 cum
1522 4954 1708 5014 postea
1764 4946 1985 5014 quidam
2047 4963 2114 5000 ex
2161 4947 2230 5001 iis
2259 4948 2350 5015 qui

794 5036 1184 5102 sequebantur,
1233 5035 1490 5087 virtutem
1527 5033 1629 5086 viri
1685 5033 2144 5099 manifestassent,
2181 5034 2355 5088 conti-

791 5139 904 5176 nuo
927 5120 1249 5175 desilio-runt
1277 5135 1343 5175 ex
1366 5122 1543 5189 equis,
1578 5130 1632 5174 et
1656 5123 1816 5176 illius
1844 5137 2020 5191 genua
2055 5122 2349 5190 complexi,

793 5214 1005 5266 veniam
1064 5212 1360 5280 petierunt.
1394 5212 1485 5268 Vir
1522 5223 1702 5266 autem
1749 5223 1972 5268 sanctus
1999 5256 2012 5280 ,
2067 5229 2133 5269 ac
2163 5214 2353 5267 divina

793 5306 988 5372 plenus
1037 5303 1328 5370 sapientia,
1370 5305 1459 5356 tali
1484 5305 1627 5373 apud
1656 5319 1750 5358 eos
1785 5320 1914 5359 usus
1939 5315 2024 5360 est
2045 5306 2298 5360 oratione
2333 5322 2344 5356 :

795 5395 988 5458 Dicite,
1025 5408 1057 5446 ο
1093 5407 1216 5445 cara
1247 5393 1446 5460 capita,
1503 5395 1856 5463 imperatori:
1889 5397 2005 5450 Non
2051 5395 2350 5463 imperator

794 5486 988 5545 solum,
1030 5498 1217 5536 verum
1259 5482 1420 5536 etiam
1470 5483 1634 5536 homo
1690 5485 1946 5538 exsistis:
1987 5501 2055 5540 ne
2081 5487 2246 5554 igitur
2269 5503 2354 5540 so-

793 5578 906 5628 ium
963 5577 1275 5641 imperium,
1305 5574 1398 5627 sed
1441 5575 1611 5642 ipsam
1667 5590 1886 5644 quoque
1925 5584 2174 5629 naturam
2227 5592 2355 5630 con-

795 5668 1044 5727 sideres;
1090 5681 1214 5718 cum
1277 5667 1426 5719 ettint
1485 5666 1647 5719 homo
1675 5667 1769 5730 sis,
1834 5667 2080 5735 ejusdem
2143 5677 2349 5721 natura:

799 5756 1144 5809 constirtibus
1197 5756 1450 5825 impcras.
1513 5758 1755 5810 llumana
1816 5773 1979 5826 porro
2036 5769 2226 5813 natura
2287 5761 2350 5812 ad

2455 4669 2565 4720 τῶν
2590 4670 2999 4726 ἀποσταλέντων
3029 4671 3305 4741 ἀρχόντων
3329 4673 3648 4746 λασόμενος,
3677 4681 4024 4753 ἀμφοτέρους

2454 4765 2518 4817 εκ
2551 4763 2657 4816 τῶν
2693 4765 2874 4818 ἵππων
2913 4766 3224 4835 καταϐῆναι
3265 4770 3498 4824 κελεύει.
3539 4775 3599 4826 Οί
3642 4775 3697 4827 δὲ
3737 4782 3944 4849 μικρόν
3979 4799 4022 4834 τι

2456 4856 2732 4924 γερόντιον
2763 4856 2952 4925 εὐτελῆ
2996 4858 3160 4926 ῥάκια
3197 4860 3664 4932 περιϐεϐλημένον
3707 4867 3936 4937 ἰδόντες,
3969 4873 4021 4925 τὸ

2459 4945 2668 5014 πρῶτον
2710 4947 2808 5016 μὲν
2840 4949 2933 5000 καὶ
2981 4948 3232 5016 χαλεπῶς
3284 4951 3499 5022 ἔφερον,
3549 4955 3739 5010 ἔπειτα
3782 4959 3838 5012 δέ
3883 4979 4020 5023 τινες

2463 5036 2570 5088 τῶν
2604 5040 2982 5107 συνεπομένων
3010 5040 3109 5109 τὴν
3136 5042 3231 5094 τοῦ
3260 5043 3450 5113 ἀνδρὸς
3474 5047 3750 5115 ἐδήλωσαν
3778 5055 3984 5122 ἀρετήν
4005 5074 4016 5084 ·

2453 5129 2837 5197 κατεπήδησαν
2876 5147 2936 5183 τε
2965 5133 3072 5183 τῶν
3107 5134 3289 5187 ἵππων
3317 5136 3498 5199 εὐθὺς,
3535 5142 3628 5192 καὶ
3659 5141 3769 5192 τῶν
3811 5146 4016 5199 ἐκείνου

2453 5221 2693 5284 γονάτων
2723 5220 3014 5288 λαϐόμενοι
3045 5225 3383 5295 συγγνώμην
3415 5229 3660 5298 ἐζήτουν.
3700 5233 3762 5285 Ὀ
3791 5235 3846 5287 δὲ
3875 5236 4012 5295 ὅσιος

2453 5309 2591 5378 ἀνὴρ
2620 5310 2717 5378 τῆς
2746 5310 2894 5372 θείας
2924 5313 3115 5380 σοφίας
3147 5316 3476 5386 ίμφορηθεὶς
3500 5323 3725 5374 τοιοῖσδε
3764 5327 3904 5394 προς
3930 5330 4013 5379 αἰν-

2457 5401 2580 5460 τους
2604 5402 2873 5471 ἐχρήσατο
2900 5403 3078 5466 λόγοις
3105 5420 3119 5436 ο
3141 5405 3342 5460 Είπατε
3363 5408 3443 5477 δὴ,
3465 5405 3509 5462 ὦ
3536 5412 3676 5477 φίλοι
3711 5416 3923 5484 ἄνδρες,
3943 5418 4012 5483 τῷ

2463 5491 2672 5558 βασιλεῖ
2697 5507 2707 5520 ·
2733 5493 2808 5544 Οὐ
2845 5491 3092 5561 βασιλεὺς
3127 5491 3176 5547 εί
3204 5497 3380 5564 μόνον,
3412 5500 3546 5553 ἀλλὰ
3577 5505 3670 5556 κσιί⁵
3696 5505 4007 5574 ἄνθρωπος·

2466 5582 2539 5651 μὴ
2561 5583 2739 5637 τοίνυν
2776 5584 2912 5651 πρὸς
2951 5585 3117 5654 μόνην
3147 5585 3245 5655 δρα
3304 5589 3400 5657 τὴν
3429 5590 3729 5659 βασιλείαν,
3763 5598 3896 5650 ἀλλὰ
3929 5603 4007 5650 καὶ

2460 5672 2557 5736 τὴν
2593 5670 2750 5738 φύσιν
2781 5673 2950 5742 αὐτὴν
3003 5674 3212 5740 λογίζου
3240 5693 3252 5706 ·
3288 5677 3572 5749 ἄνθρωπος
3611 5688 3717 5754 γὰρ
3763 5688 3857 5749 ὦν,
3891 5692 3985 5758 ὁμο

2461 5761 2610 5827 φυὼν
2658 5760 2982 5828 βασιλεύεις.
3025 5765 3158 5817 Κατ’
3191 5768 3374 5821 εἰκόνα
3408 5771 3462 5822 δὲ
3501 5773 3647 5825 θείαν
3682 5781 3776 5831 καὶ
3828 5782 4010 5847 ὁμοίω-
