4242 6442
250 376 351 442 881
1541 379 1716 437 ὶἸΤΛ
1834 373 1925 443 1Ᾱί

1858 376 2204 442 AMBROSI
2223 385 2265 441 Ι.
3432 377 3533 437 889

256 512 344 549 σιν
400 496 617 557 πάντως
669 498 838 564 ἡτῶν
874 499 1181 561 ἀνθρώπων
1236 500 1704 569 δεδημιούργηται
1743 495 1841 561 φύ-
1868 500 1911 553 Α

1868 500 1911 553 Α
1950 495 2243 565 imaginem
2271 514 2334 550 ac
2366 499 2784 552 similitudinem
2820 498 3062 550 divinam
3097 497 3323 548 omnino
3354 496 3526 550 eﬂicta

256 605 375 651 σις·
411 591 486 659 μὴ
537 590 715 642 τοίνυν
752 590 921 659 ὠμῶς
958 592 1103 645 οὕτω
1154 598 1248 647 καὶ
1276 590 1503 660 ἀπηνῶς
1553 590 1647 641 τοῦ
1702 588 1837 640 Θεοῦ

1946 597 2077 652 cst;
2139 589 2404 657 quocirca
2447 591 2561 642 noii
2608 600 2713 641 tam
2781 591 3086 641 crudeliter
3144 595 3311 654 atque
3341 590 3530 638 imma-

252 681 357 747 τὴν
392 684 577 734 εἰκόνα
606 683 796 734 κέλευε
826 685 1306 752 κατασφάττεσθαι
1328 702 1342 715 ·
1378 682 1703 751 παροξύνεις
1732 680 1839 748 γὰρ

1946 683 2091 734 niter
2149 682 2442 750 imaginem
2481 682 2575 734 Ι)ιί
2638 680 2997 748 jugulandam
3048 678 3353 746 praecipere
3393 695 3406 737 ;
3452 676 3529 729 sic

252 772 399 823 οὕτω
448 772 541 824 τὸν
572 775 937 843 Δημιουργδν,
960 775 1058 842 τὴν
1090 775 1298 828 ἐκείνου
1340 774 1587 837 κολάζων
1631 773 1836 825 εἰκόνα.

256 868 543 937 Σκόπησον
594 870 725 936 γοῦν
765 871 840 929 ὼς
872 873 968 925 καὶ
1003 872 1068 923 σὺ
1105 871 1314 939 χαλκῆς
1345 869 1511 923 ἕνεκα
1551 868 1843 937 δυσχεραί-

256 978 364 1012 νων
400 961 605 1022 εἰκόνος
639 960 812 1013 ταῦτα
841 966 1038 1017 ποιεῖς.
1070 963 1237 1014 Ὅσον
1267 962 1323 1015 δὶ
1360 964 1457 1033 τῆς
1490 960 1697 1031 ἀψύχου
1728 961 1840 1013 δια-

261 1052 420 1120 φέρει
452 1054 483 1123 ὴ
524 1053 765 1121 ἔμψυχος
799 1058 895 1108 καὶ
930 1054 1081 1117 ζῶσα
1115 1060 1208 1109 καὶ
1238 1055 1452 1125 λογικὴ,
1479 1056 1635 1123 δῆλον
1666 1056 1837 1108 ἅπασι

256 1148 370 1208 τοῖς
404 1163 462 1197 τε
508 1146 632 1198 νοῦν
667 1147 890 1216 ἔχουσιν
919 1149 1123 1218 ὁμοίως
1165 1152 1259 1203 καί⁸
1289 1148 1570 1219 αῖσθησιν.
1612 1148 1753 1217 {Iqu
1784 1148 1838 1199 δὲ

257 1238 474 1300 τούτοις
528 1238 837 1305 λογισάσθω
893 1243 1146 1293 κάκεῖνον
1180 1242 1279 1304 -ὠς
1315 1244 1449 1310 ἡμῖν
1515 1241 1613 1310 μὲν
1658 1240 1839 1311 ῥᾴδιον

255 1330 381 1384 ἀντὶ
418 1330 515 1398 τῆς
555 1332 760 1395 εἰκόνος
804 1332 966 1400 τῆσδε
1005 1334 1205 1397 πολλὰς
1250 1334 1658 1403 δημιουργήσας
1706 1334 1839 1404 χαλ-

257 1421 362 1481 κᾶς
388 1437 401 1449 ·
436 1420 584 1484 αὐτῷ
621 1421 677 1473 δὲ
731 1422 1027 1490 προφανῶς
1078 1425 1338 1478 ἀδύνατον
1388 1426 1515 1494 μίαν
1567 1424 1699 1492 γοῦν
1728 1425 1839 1477 τῶν

257 1512 659 1582 ἀναιρεθέντων
694 1516 755 1582 δη
766 1518 1101 1585 μιουργῆσαι
1137 1518 1319 1587 τρίχα.

330 1784 453 1835 AB’.
494 1783 714 1835 Τούτων
783 1783 1119 1848 ἀκούσαντες
1174 1788 1221 1838 oi
1276 1786 1584 1856 θαυμαστοὶ
1642 1788 1839 1857 ἄνδρες

256 1876 479 1938 ἐκεῖνοι,
520 1875 786 1944 μηνύουσι
838 1876 914 1945 τῷ
947 1877 1159 1945 βασιλεί
1197 1882 1262 1932 τὰ
1303 1882 1569 1950 εἰρημένα
1616 1885 1708 1937 καί¹
1737 1882 1834 1952 τὴν

255 1967 355 2019 τοῦ
387 1968 560 2038 θυμοῦ
591 1969 934 2023 κατέσϐεσαν
958 1971 1163 2039 φλόγα·
1195 1974 1271 2035 ὡς
1302 1976 1423 2027 ἀντὶ
1459 1973 1568 2025 τῶν
1582 1975 1835 2027 ἀπειλῶν

258 2061 486 2115 ὲκείνων
515 2062 815 2129 ἀπολογίαν
852 2080 911 2115 τι
951 2062 1148 2117 αὐτίκα
1176 2065 1385 2136 γράψαι
1415 2065 1512 2118 καὶ
1542 2066 1639 2133 τῆς
1664 2068 1834 2136 ὀργῆς

256 2152 357 2219 τὴν
397 2150 576 2203 αἰτίαν
599 2151 864 2221 δηλῶσαι.
895 2154 1008 2206 Οὐκ
1040 2154 1147 2207 ἔδει
1178 2156 1308 2226 γὰρ,
1338 2156 1464 2225 ἔφη,
1488 2157 1622 2224 ἐμοῦ
1652 2158 1838 2227 πὶημ-

262 2244 622 2311 μελήσαντος,
673 2247 910 2311 γυναῖκα
965 2246 1148 2315 πάσης
1202 2247 1475 2316 εὐφημίας
1528 2247 1837 2319 ἀξιωτάτην

254 2335 529 2400 τοσαύτην
575 2336 714 2405 μετά
756 2336 1012 2406 τελευτὴν
1056 2338 1315 2401 δέξασσαι
1356 2342 1679 2408 παροινίαν·
1716 2342 1836 2395 κατ’

258 2426 397 2495 ὲμοῦ
432 2427 488 2480 δὲ
523 2428 689 2498 ἐχρῆν
723 2429 814 2481 τὸν
848 2429 1019 2499 Θυμδν
1050 2431 1174 2493 τοὺς
1216 2433 1664 2499 ἀγανακτοῦντας
1690 2432 1840 2485 ὁπλί-

263 2536 377 2573 σαι.
406 2518 723 2586 Προσετίθει
758 2517 813 2572 δὲ
844 2520 1024 2585 τοῦτο,
1068 2523 1143 2584 ὼς
1183 2523 1335 2574 ἀλύει
1381 2528 1473 2577 καὶ
1506 2526 1725 2577 ἀνιᾶται
1758 2544 1839 2579 τι·

261 2628 362 2675 νας
386 2611 489 2663 ὑπὸ
519 2611 627 2665 τῶν
660 2612 939 2681 ἀρχόντων
978 2614 1281 2686 ἀνῃρῆσθαι
1310 2614 1517 2684 μαθών.
1548 2616 1705 2669 Οὕτω
1740 2618 1839 2685 μὶν

259 2702 357 2757 οὒν
386 2705 413 2756 ὁ
439 2703 782 2773 φιλόχριστος
815 2704 1066 2773 βασιλεὺς
1093 2709 1185 2760 καὶ
1207 2706 1429 2759 τοιαῦτα
1458 2708 1559 2759 ὑπὸ
1587 2712 1679 2762 τοῦ
1708 2708 1839 2763 Θαυ-

266 2794 476 2863 μαστοῧ
523 2795 848 2865 Ἀμδροαίου
902 2798 1253 2861 πεπαίδευτο,
1288 2802 1384 2853 καὶ
1411 2798 1677 2869 τοσαύτης
1707 2802 1841 2870 παρ⁹

261 2886 430 2940 αὐτοῦ
463 2886 563 2956 τῆς
612 2887 834 2958 χάριτος
879 2889 973 2942 καὶ
1007 2888 1102 2959 τῆς
1150 2890 1529 2960 πνευματικῆς
1573 2890 1840 2959 ὠφελείας

262 2978 592 3033 ἀπέλαυσεν.

339 3243 462 3299 AI".
515 3245 574 3299 '0
620 3247 678 3300 δδ
736 3248 876 3312 θεῖος
937 3242 1092 3313 οὗτος
1137 3251 1486 3322 Ἀμδρόσιος,
1513 3252 1574 3304 ὃν
1620 3252 1837 3323 είρηται

264 3342 490 3406 τρόπον,
519 3340 578 3392 ἑν
604 3342 671 3408 τῇ
710 3339 807 3394 τοῦ
842 3340 1080 3409 Χριστοῦ
1116 3343 1417 3413 Ἐκκλησία
1452 3346 1510 3395 ὲν
1539 3344 1840 3413 ὀρθοδόξοις

264 3431 501 3498 δόγμασι
535 3430 867 3499 διαλάμψας,
901 3431 1146 3504 ζηλωτής
1186 3435 1359 3488 τεκαὶ
1390 3435 1707 3504 ὑπέρμαχος
1741 3436 1839 3505 τῆς

267 3522 528 3593 ἀληθείας
553 3523 863 3591 γενόμενος,
911 3528 1006 3578 καὶ
1043 3525 1475 3595 ἑποικοδομήσας
1523 3528 1617 3581 ἰπὶ
1649 3528 1725 3595 τῷ
1757 3527 1842 3580 θε-

272 3614 445 3683 μσλίῳ
493 3612 601 3665 τῶν
651 3612 964 3667 ἀποστόλων
1011 3616 1108 3669 καὶ
1161 3616 1477 3687 προφητῶν,
1538 3616 1730 3684 λόγους
1778 3634 1839 3670 τε

270 3705 583 3775 ὀρθοδοξίας
627 3706 724 3757 καὶ
766 3705 1118 3767 διδασκαλίας
1166 3706 1481 3775 δκθέμενος,
1518 3711 1613 3761 καὶ
1660 3711 1843 3763 πᾶσαν

272 3800 379 3854 ὑπὸ
413 3799 625 3868 ’Δρείου
660 3802 756 3853 καὶ
792 3799 1203 3869 Ἀπολλιναρίου
1227 3801 1599 3854 καινισθιίσαν
1628 3802 1843 3873 αἰρεσιν

271 3891 554 3953 ἀπελάσας
580 3932 595 3955 ,
630 3890 809 3943 πάντα
833 3906 893 3942 τι
928 3891 997 3945 τὰ
1020 3891 1120 3959 τῆς
1142 3890 1309 3943 αὐτοῦ
1333 3892 1632 3962 ἐκκλησίας
1661 3894 1844 3957 καλῶς

271 3981 614 4047 διαθέμενος,
646 3983 743 4034 καὶ
760 3982 840 4043 τίς
882 3981 1023 4053 βαθὺ
1054 3981 1236 4051 γῆρας
1277 3982 1497 4048 ἱλάσας,
1532 3984 1748 4054 πλήρης
1782 4001 1842 4037 τε

274 4072 499 4143 ἡμερῶν
548 4073 863 4142 γενόμενος,
902 4072 1249 4127 ἀνεπαύσατο
1294 4074 1353 4127 ιν
1403 4075 1614 4147 εἰρήνῃ,
1666 4076 1845 4141 τεθεὶς

272 4169 333 4216 ιν
360 4167 425 4233 τῇ
458 4163 725 4234 ικκλησίᾳ
756 4163 1123 4227 Μεδιολάνων,
1164 4165 1391 4234 μνήμην
1424 4166 1599 4236 ἀληθῆ
1634 4167 1725 4220 τὸν
1753 4170 1847 4221 αὐ-

274 4255 371 4310 τοῦ
400 4256 515 4327 βίον
537 4256 858 4311 καταλιπὼν
880 4258 979 4311 καὶ
1006 4256 1075 4310 τὰ
1099 4257 1502 4327 κατορθώματα
1530 4277 1543 4290 ·
1571 4253 1647 4313 ὧν
1675 4262 1848 4330 ζηλω-

275 4349 375 4411 τὰς
408 4350 502 4401 καὶ
524 4350 675 4417 ἡμᾶς
701 4350 956 4419 γενέσθαι
980 4351 1379 4415 -καταξιὼσειε,
1407 4353 1501 4405 καὶ
1530 4354 1638 4406 τῶν
1666 4356 1848 4408 αὐτῶν

277 4440 526 4507 ἀμοιὸὦν
555 4441 750 4510 ἰκτίνῳ
777 4445 872 4497 καὶ
900 4442 1009 4497 τῶν
1035 4442 1316 4511 στεφάνων
1358 4444 1637 4515 δπιτυχττν
1662 4446 1846 4516 χάριτι

1948 773 2102 826 enim
2130 774 2195 825 ad
2244 774 2381 827 iram
2416 775 2660 829 concitas
2694 774 2998 835 Artificem,
3026 774 3157 824 dum
3210 772 3261 825 in
3311 774 3429 841 ejus
3456 771 3530 824 ef.

1946 865 2126 932 ligiem
2167 865 2584 920 animadvertis.
2627 865 2915 933 Perpende
2965 866 3132 933 igitur
3166 866 3528 933 quemadmo-

1945 956 2076 1010 dum
2119 966 2175 1011 tu
2214 958 2329 1027 ipse
2361 967 2586 1027 preptcr
2626 959 2850 1027 ﬁguram
2878 974 3079 1011 aeream
3111 958 3354 1027 graviter
3380 973 3539 1010 com-

1946 1061 2128 1104 motus
2163 1051 2264 1104 ista
2298 1052 2573 1120 designas.
2600 1050 2815 1115 Quanto
2849 1060 3034 1106 autem
3071 1050 3253 1119 imago
3314 1052 3537 1117 spirans

1941 1151 1999 1196 et
2055 1143 2175 1195 viva
2218 1154 2270 1197 et
2310 1143 2596 1196 rationalis
2657 1144 2846 1210 potior
2894 1153 3013 1207 est,
3051 1157 3216 1212 quam
3270 1142 3529 1207 inanima,

1943 1235 2296 1302 perspicuum
2363 1244 2447 1288 est
2491 1236 2786 1297 omnibus,
2815 1236 2909 1304 qui
2964 1235 3188 1302 quidem
3242 1243 3427 1288 mente
3469 1248 3531 1285 ac

1943 1343 2110 1381 sensu
2158 1330 2268 1381 sint
2304 1328 2546 1396 prmditi.
2595 1328 2866 1381 Praeterea
2904 1335 2957 1379 et
2994 1324 3098 1377 hoc
3126 1339 3313 1377 secum
3369 1339 3532 1397 repu-

1943 1425 2043 1481 tet,
2073 1417 2231 1469 nobis
2291 1417 2477 1485 utique
2510 1416 2827 1482 expeditum
2878 1428 2999 1469 esse
3048 1425 3147 1482 pro
3203 1421 3383 1466 statua
3429 1413 3528 1466 ista

1943 1510 2129 1577 plures
2156 1524 2331 1564 κει-ρας
2358 1510 2495 1563 alias
2526 1507 2764 1561 conﬂare
2798 1526 2810 1559 :
2855 1506 2933 1559 illi
2970 1522 3000 1559 e
3056 1506 3339 1560 contrario
3374 1521 3530 1573 pror-

1943 1617 2037 1655 sus
2076 1602 2433 1669 impossibile,
2465 1616 2682 1663 eorum,
2708 1600 2801 1669 qui
2826 1598 3006 1653 necati
3042 1605 3197 1659 sunt,
3230 1597 3311 1650 vel
3349 1613 3523 1651 unum

1942 1693 2153 1745 crinem
2185 1692 2518 1759 procudere.

2014 1784 2232 1837 XXXII.
2289 1784 2381 1837 His
2434 1784 2667 1845 auditis,
2719 1782 3073 1837 admirabiles
3121 1781 3198 1835 illi
3255 1780 3356 1834 viri
3408 1796 3531 1849 quae

1944 1876 2089 1929 dicta
2142 1876 2377 1939 fuerant,
2416 1875 2731 1945 significant
2776 1874 3093 1944 imperatori
3126 1882 3181 1925 et
3231 1871 3531 1925 iracundia:

1944 1968 2219 2023 flammam
2275 1970 2674 2037 cxstinguunt;
2730 1968 2802 2020 ita
2854 1976 2915 2020 ut
2969 1970 3243 2019 minarum
3299 1964 3530 2019 istarum

1944 2067 2065 2120 loco
2102 2082 2264 2135 quam
2316 2066 2553 2134 primum
2594 2066 2677 2117 sui
2712 2062 2982 2118 scriberet
3012 2060 3446 2119 excusationem.
3478 2069 3534 2111 et

1948 2159 2040 2210 ira:
2095 2173 2207 2209 suae
2253 2172 2473 2211 causam
2515 2165 2836 2223 exponeret.
2885 2154 3000 2208 Non
3069 2151 3302 2205 decebat
3359 2150 3528 2211 enim,

1947 2250 2254 2317 inquiebat,
2308 2265 2392 2302 me
2444 2249 2823 2316 delinquente,
2862 2259 3094 2298 uxorem
3124 2257 3301 2297 meam
3334 2241 3530 2309 pradi-

1945 2342 2162 2397 catione
2196 2342 2343 2395 omni
2376 2344 2535 2411 longe
2584 2338 2963 2407 dignissimam
2999 2343 3211 2389 tantum
3240 2341 3531 2387 contume-

1945 2433 2031 2487 liae
2084 2444 2208 2501 post
2264 2444 2497 2486 mortem
2549 2433 2827 2485 sustinere
2876 2448 2888 2481 :
2940 2429 3037 2483 sed
3084 2443 3181 2482 eos
3215 2425 3310 2496 qui
3346 2426 3530 2481 animo

1947 2539 2047 2577 suo
2099 2524 2575 2595 obtemperarunt,
2621 2533 2815 2576 contra
2861 2538 2946 2576 me
2981 2520 3274 2591 oportebat
3304 2520 3529 2573 iracun-

1947 2614 2093 2667 diam
2140 2630 2353 2668 armare
2400 2630 2575 2668 suam.
2629 2613 2723 2667 llis
2758 2622 3019 2681 praeterea
3057 2610 3341 2678 subjunin
3372 2610 3529 2673 illud,

1946 2707 2066 2775 angi
2132 2722 2188 2759 se
2247 2705 2416 2758 animi
2482 2714 2647 2773 atque
2713 2704 2901 2757 dolere
2968 2701 3115 2770 quod
3183 2702 3533 2771 cognovisset

1948 2815 1976 2852 a
2027 2798 2301 2867 prmiectis
2348 2808 2526 2853 morte
2576 2798 2803 2852 allectos
2852 2796 3119 2866 quosdam
3169 2798 3359 2850 fuisse.
3417 2795 3531 2850 Hoc

1947 2891 2136 2959 itaque
2168 2892 2331 2945 modo
2362 2892 2663 2960 imperator
2709 2889 2915 2943 Christi
2958 2888 3189 2949 amicus,
3221 2887 3531 2956 talibusque

1946 2982 2237 3051 praceptis
2263 2982 2332 3036 ab
2358 2981 2668 3035 admirabili
2695 2980 2988 3035 Ambrosio
3014 2979 3196 3034 fuerat
3222 2979 3528 3044 institutus,

1949 3082 2268 3143 tantamque
2296 3075 2524 3144 gratiam
2559 3088 2621 3128 ac
2654 3073 2999 3141 spiritualem
3037 3071 3330 3127 utilitatem
3364 3071 3435 3125 ab
3463 3086 3530 3126 eo

1876 3181 1921 3239 ο
1953 3175 2296 3236 perceperat.

2016 3258 2255 3312 XXXIII.
2321 3258 2550 3312 Divinus
2596 3264 2780 3309 autem
2825 3255 2916 3309 hic
2951 3252 3275 3308 Ambrosius
3324 3254 3378 3307 in
3429 3252 3528 3307 Ee-

1947 3348 2158 3411 clesia.
2222 3347 2688 3417 quemadmodum
2755 3348 2963 3401 dictum
3028 3357 3151 3410 est,
3207 3346 3530 3401 ortbodoxis

1949 3441 2222 3511 dogmatis
2284 3442 2531 3508 fulgens,
2601 3440 2995 3508 emulatorque
3051 3438 3302 3492 veritatis
3352 3437 3530 3492 factus

1948 3540 2004 3584 et
2034 3540 2432 3601 prapugnator,
2482 3545 2606 3584 cum
2662 3545 2828 3598 super
2860 3528 3281 3583 fundamentum
3312 3538 3532 3598 aposto-

1949 3624 2129 3677 lorum
2165 3639 2229 3677 ac
2263 3622 2651 3691 prophetarum
2691 3622 3040 3685 adificasset,
3074 3635 3177 3675 nec
3224 3636 3336 3674 non
3370 3628 3531 3675 recta:

1950 3713 2219 3768 doctrinae
2266 3730 2329 3767 ac
2370 3713 2673 3781 disciplina
2714 3712 2880 3765 verba
2926 3712 3295 3779 exposuisset,
3347 3709 3529 3779 fugata

1950 3805 2199 3873 qualibet
2244 3804 2439 3858 ἰκεηεί
2471 3803 2539 3856 ab
2573 3804 2702 3856 Ario
2742 3809 2909 3872 atque
2958 3800 3302 3870 Apollinario
3338 3814 3531 3854 recens

1952 3898 2190 3961 invecta,
2246 3905 2302 3951 et
2357 3896 2603 3949 Ecclesia
2638 3911 2733 3948 sua
2780 3895 2834 3946 in
2868 3893 3127 3947 omnibus
3158 3892 3366 3962 optime
3397 3906 3528 3945 eon-

1932 3990 2169 4058 _stituta,
2216 3988 2269 4041 in
2318 3987 2643 4058 profundam
2701 4001 3025 4055 progressus
3052 3994 3417 4046 senectutem,
3468 3997 3531 4037 ac

1953 4082 2166 4135 dierum
2210 4080 2427 4149 plenus,
2476 4080 2528 4132 in
2564 4093 2699 4148 pace
2750 4076 3046 4145 requievit.
3087 4076 3417 4129 Tumulatus
3446 4082 3533 4129 est

1953 4173 2008 4225 in
2071 4172 2303 4226 ecclesia
2354 4168 2783 4228 Mediolanensi,
2844 4183 3026 4221 veram
3072 4168 3393 4221 memoriam
3442 4165 3530 4219 sui

1955 4264 2290 4331 relinquens,
2336 4261 2615 4330 propriam
2648 4260 2839 4329 utique
2871 4258 3038 4312 vitam
3070 4266 3127 4313 et
3162 4266 3311 4312 recte
3340 4257 3480 4311 facta
3516 4273 3528 4308 :

1954 4368 2188 4422 quorum
2252 4358 2307 4405 ut
2365 4364 2467 4404 nos
2516 4364 2736 4419 quoque
2806 4350 3103 4403 evadamus
3183 4349 3530 4412 imitatores,

1955 4446 2259 4514 eademque
2309 4457 2435 4498 cum
2475 4442 2569 4496 illo
2608 4440 2833 4510 prmmia
2881 4448 3043 4509 atque
3101 4454 3335 4493 coronas
3384 4438 3523 4492 obti-

278 4535 376 4586 καὶ
403 4533 782 4605 φιλανθρωπία
807 4535 902 4588 τοῦ
945 4535 1155 4604 Κυρίου
1184 4535 1342 4606 ἡμῶν
1375 4536 1549 4605 Ἰησοῦ
1583 4536 1847 4607 Χριστοῦ,
1884 4530 1928 4586 ι)

1884 4530 1928 4586 ι)
1956 4552 2204 4598 neamus,
2233 4534 2351 4604 ipse
2369 4534 2644 4603 dignetur,
2670 4532 2844 4601 gratia
2868 4540 2924 4585 et
2946 4531 3289 4601 benignitate
3311 4527 3528 4584 Domini

285 4616 325 4688 ἶ)
353 4623 475 4689 δόξα
506 4626 599 4678 καὶ
633 4625 693 4678 τὸ
722 4627 921 4695 κράτος
958 4628 1038 4691 εἰς
1064 4628 1191 4693 τοὺς
1228 4627 1431 4692 αἰῶνας
1468 4632 1579 4681 των
1610 4626 1847 4683 αἰώνων.

294 4718 351 4770 ’Δ
361 4720 483 4787 μήν.

1959 4631 2135 4688 nostri
2180 4630 2311 4686 Jesu
2357 4628 2586 4692 Christi,
2631 4626 2721 4683 cui
2769 4627 2949 4682 honor
2980 4637 3065 4682 est
3096 4638 3262 4696 atque
3292 4632 3532 4695 potestas

1962 4726 2013 4779 in
2039 4721 2233 4779 saecula
2265 4720 2607 4777 saeculorum.
2637 4720 2827 4773 Amen.
