4242 6442
241 382 355 445 885
1490 377 1665 435 ιἰΤΑ
1707 374 1767 432 S.
1810 370 1861 427 P.

1932 368 2040 428 ιιι
2083 368 2193 427 ce.
3391 352 3496 417 886

246 498 604 570 χειροτονίας,
658 498 750 550 καὶ
818 497 1113 564 Ἀρειανῶν
1141 496 1390 556 καθίσας·
1413 493 1703 560 -συνέδριον
1732 488 1822 539 τὸν
1855 526 1861 542 .

1932 485 2191 537 cessisset
2226 482 2427 535 electio
2473 500 2484 533 :
2533 491 2585 533 et
2615 483 2948 546 congregato
3010 474 3341 527 Arianorum
3375 487 3507 527 con-

409 585 617 639 Παῦλον
670 563 950 655 σχολάζειν
1009 584 1441 662 κατεψηφίσατο,
1482 579 1741 633 Εὑσέϐιον
1770 577 1825 627 δι

1934 572 2218 636 ciliabulo,
2279 570 2670 625 condemnavit
2723 566 2947 636 quidem
3002 563 3253 622 Paulum,
3306 563 3505 628 utqui-

246 679 431 747 τριτον
464 678 761 745 ἀμείϐοντα
796 677 983 745 θρόνον
1013 679 1077 729 εκ
1112 675 1454 743 Νικομηδίας
1482 673 1576 739 τῆς
1613 669 1822 739 βασιλί·
1854 728 1861 732 ,

248 767 338 831 ὂος
373 767 669 821 ιπίσκοπον
704 768 1103 821 ἀναδείκνυσιν.
1170 765 1310 819 Ἀλλ’
1355 764 1383 815 6
1418 764 1515 831 μὲν
1542 760 1823 820 δυσσεϐῶς

247 858 429 912 ταῦτα
475 860 685 929 πράξας
722 858 1051 926 ὑποστρέφει
1097 856 1260 910 πάλιν
1292 854 1426 923 πρὸς
1469 852 1822 919 Ἀντιόχειαν

251 951 511 1012 Εὐσέϐιος
544 950 601 1003 δὲ
633 953 811 1003 πάντα
836 950 985 1003 λίθον
1016 950 1184 1003 ικινει
1215 948 1357 1001 ὥστε
1397 944 1672 1017 περιελεῖν
1727 941 1823 996 τοῦ

252 1043 405 1112 ἱερου
439 1041 709 1111 συμϐόλου
737 1041 797 1094 τδ
822 1043 1129 1112 όμοούσιον.

322 1216 405 1270 Γ,
433 1218 661 1284 ’Δγεται
686 1216 749 1287 δὴ
780 1217 849 1269 τά
879 1215 1137 1283 ὲγκαίνια
1168 1216 1266 1285 τῆς
1298 1216 1355 1268 ιν
1397 1214 1699 1285 Ἀντιοχείᾳ
1730 1216 1827 1268 ἑκ-

251 1303 506 1372 κλησεας,
558 1304 623 1374 ἦν
648 1305 1063 1366 Κωνσταντϊνος
1100 1304 1198 1374 μὲν
1232 1306 1259 1355 6
1312 1303 1485 1371 μέγας
1515 1305 1578 1356 ὲκ
1611 1303 1827 1372 βάθρων

250 1394 533 1463 ἀνήγειρε,
587 1394 966 1457 Κωνστάντιος
1014 1395 1072 1447 δι
1127 1394 1533 1464 καθιερωθῆναι
1592 1394 1829 1465 σπουδὴν

250 1484 426 1549 (ﬁsso,
462 1485 556 1538 καὶ
594 1488 660 1555 τῇ
712 1486 823 1538 τῶν
865 1486 1160 1552 ἑγκαινίων
1213 1487 1482 1554 προφάσει
1534 1487 1825 1539 ιπίσκοποι

251 1577 605 1644 συλλέγονται
660 1577 752 1631 τὸν
778 1579 1009 1648 ἀριθμὸν
1044 1579 1391 1649 ὶνενήκοντα.
1435 1579 1686 1648 Μάξιμος
1716 1578 1773 1630 δὲ
1801 1579 1828 1631 6

250 1670 362 1721 τῶν
400 1669 788 1739 Ἱεροσολύμων
822 1673 1018 1741 ἔφορος
1057 1672 1197 1741 ἀνὴρ
1227 1669 1458 1742 εὐσεϐὴς
1514 1670 1576 1722 οὐ
1620 1668 1826 1738 παρῆν,

248 1759 367 1813 ἀλλ’
393 1762 511 1815 οὐδὲ
538 1765 565 1815 ό
607 1764 825 1831 Ῥώμης
869 1763 1084 1827 Ἰούλιος
1117 1762 1229 1817 οὔτ’
1252 1763 1684 1831 αὐτοπρόσωπος
1701 1758 1826 1814 οὔτε

1930 676 2147 719 esceret
2203 680 2215 714 :
2277 663 2574 717 Eusebium
2637 675 2808 723 vero,
2867 657 2961 725 qui
3029 656 3195 710 tertio
3260 652 3509 705 mutabat

1932 757 2121 810 sedem
2174 756 2274 823 (ὅ),
2321 770 2389 809 ex
2438 750 2776 807 Nicomedia:
2824 750 3085 817 episcOpo
3136 754 3291 800 creat
3350 742 3508 796 urbis

1932 849 2092 918 regia:
2123 850 2463 916 episcopum.
2511 844 2615 897 Sed
2662 857 2782 895 cum
2812 842 2901 896 ille
2935 838 3158 906 quidem
3193 834 3360 901 impie
3393 832 3509 887 haec

1931 940 2174 1001 iecisset,
2223 939 2525 992 revertitur
2573 951 2764 989 rursus
2817 931 3187 987 Antiochiam.
3235 928 3508 981 Eusebius

1930 1042 2117 1086 autem
2150 1046 2371 1087 omnem
2407 1028 2663 1082 movebat
2699 1026 2958 1094 lapidem,
2991 1033 3049 1078 ut
3080 1039 3145 1078 ex
3181 1036 3339 1076 sacro
3364 1036 3511 1089 sym-

1932 1117 2058 1171 bolo
2109 1118 2332 1171 tullerct
2370 1116 2720 1178 homousion,
2764 1116 2816 1168 id
2857 1124 2961 1174 est,
3016 1108 3507 1165 consubstantiale.

2002 1210 2091 1264 ιιι.
2134 1210 2461 1265 Celebratur
2510 1206 2783 1262 dedicatio
2833 1206 3083 1261 ecclesia:
3128 1201 3505 1268 Antiochense,

1932 1319 2096 1373 quam
2154 1303 2551 1358 Constantinus
2607 1301 2831 1370 quidem
2884 1301 3114 1368 Magnus
3164 1293 3427 1349 excitavit
3480 1308 3508 1345 a

1931 1396 2366 1463 fundamentis,
2397 1394 2759 1451 Constantius
2810 1404 2992 1447 autem
3048 1389 3290 1443 studium
3349 1385 3509 1439 adlii~

1931 1487 2074 1549 buit,
2126 1496 2187 1541 ut
2232 1495 2690 1551 consecraretur;
2742 1497 2797 1539 et
2837 1484 3205 1539 dedicationis
3239 1488 3509 1551 praetextu

1932 1588 2336 1649 congregantur
2411 1579 2657 1647 episcopi
2728 1592 2961 1631 numero
3029 1573 3318 1644 nonaginta
3382 1571 3509 1640 (ι).

1931 1668 2201 1724 Maximus
2246 1685 2377 1724 vero
2422 1670 2655 1723 antistes
2687 1667 3217 1737 Hierosolymorum,
3258 1664 3341 1717 vir
3366 1663 3511 1731 pius,

1932 1776 2043 1815 non
2097 1761 2305 1822 aderat.
2353 1775 2533 1830 neque
2568 1760 2755 1814 Roma:
2787 1759 2988 1820 Julius,
3028 1772 3129 1810 nec
3161 1770 3253 1823 per
3287 1770 3365 1816 se,
3419 1769 3515 1821 per

248 1852 340 1905 διά
391 1870 535 1916 τινος
586 1856 693 1907 τῶν
726 1827 1025 1910 ὑποτελῶν.
1084 1827 1479 1925 Συγκροτεῑται
1537 1855 1637 1925 μὲν
1671 1853 1824 1925 οὒνὴ

1932 1853 2170 1919 aliquem
2209 1867 2274 1905 ex
2309 1827 2598 1920 subjectis.
2648 1849 3025 1920 Congregatur
3071 1862 3204 1914 ergo
3248 1844 3511 1913 synodus.

253 1946 468 2005 σύνοδος
494 1950 760 2018 παρόντος
790 1953 885 2003 καὶ
918 1951 1322 2004 Κωνσταντίου.
1347 1950 1409 2004 οι
1427 1948 1481 2001 δὲ
1504 1950 1635 2018 περὶ
1665 1947 1831 2001 Εἶδσέ-

250 2038 369 2090 ϐιον
394 2040 628 2109 σπουδὴν
662 2040 854 2109 ἄγουσι
901 2043 1006 2108 πρὸ
1061 2042 1170 2095 τῶν
1208 2042 1383 2097 ἄλλων
1444 2040 1829 2094 ἀποσκευάσα-

253 2126 381 2180 σθαι
422 2129 759 2185 ’Δθανάσιον.
807 2131 1104 2199 Ἐπάγουσι
1134 2131 1191 2184 δι
1221 2131 1370 2199 αὐτῷ
1402 2130 1629 2201 πρώτην
1652 2130 1832 2183 αἰτίαν

249 2218 313 2271 τὸ
342 2220 490 2287 παρὰ
540 2223 741 2276 κανόνα
798 2223 1047 2291 λέγοντες
1076 2224 1304 2293 πρᾶξαι,
1341 2222 1542 2276 κανόνα
1586 2221 1645 2275 δν
1675 2222 1832 2274 αὐτοὶ

251 2311 556 2378 τηνικαῦτα
597 2312 878 2376 ἐξέθεσαν.
926 2313 1272 2368 Ἐπανελθὼν
1303 2312 1833 2382 γὰρ,ῑφασκον,τῆς

257 2402 555 2473 ϐπερορεας
594 2405 717 2474 οὐχὶ
768 2408 921 2477 κοινῇ
946 2406 1140 2478 γνώμῃ
1191 2407 1288 2460 καὶ
1312 2407 1500 2476 ψήφῳ.
1528 2405 1646 2457 ἀλλ’
1669 2404 1833 2467 αὐτὸς

257 2492 437 2564 εαυτῷ
486 2498 584 2565 τὴν
639 2497 1055 2567 ἀρχιερωσύνην
1090 2497 1395 2567 δπὲτρεψε·
1438 2497 1531 2550 καὶ
1574 2496 1835 2563 δευτέραν

260 2583 345 2637 ὅτι
379 2587 520 2638 κατὰ
580 2586 677 2656 τὴν
724 2588 930 2640 εἴσοδον
982 2589 1131 2659 αὐτῷ
1167 2590 1409 2651 στάσεως
1464 2588 1835 2660 συρῥαγεισης

260 2673 451 2726 πολλοὶ
476 2670 843 2730 ὲναπέθανονέ
887 2680 1082 2750 τρίτην
1110 2679 1165 2732 δι
1195 2680 1262 2734 τά
1294 2681 1352 2732 ὲν
1382 2680 1544 2750 Τύρῳ
1586 2695 1837 2747 πεπραγ-

265 2766 429 2834 μένα,
463 2767 521 2833 ἐξ
550 2762 624 2821 ὧν
646 2771 741 2822 καὶ
772 2771 1283 2841 καταψηφισάμενοι
1309 2771 1403 2825 τοῦ
1432 2772 1531 2841 τῆς
1560 2770 1838 2834 εὐσεϐείας

262 2856 505 2926 ἀθλητοῦ
527 2859 825 2931 Γρηγόριον
851 2866 1282 2918 άντικαθιστῶσι
1308 2865 1518 2927 τούτοις
1540 2865 1838 2935 ὁμόφρονα.

262 2948 359 3000 καὶ
401 2947 572 3003 ταῦτα
620 2954 991 3023 τολμήσαντες
1036 2956 1375 3023 ἔπιτολμῶσι
1409 2958 1503 3010 καὶ
1551 2957 1643 3009 τὸν
1676 2974 1841 3027 μεταο

264 3040 515 3109 πλασμδν
568 3044 668 3113 τῆς
718 3047 976 3112 πίστεως,
1035 3048 1186 3100 οὐδὲν
1241 3050 1338 3117 μὲν
1367 3050 1690 3116 καταφανῶς
1732 3048 1842 3103 τῶν

1931 1954 2202 2012 praesente
2237 1944 2403 1997 etiam
2454 1940 2799 1997 Constantio.
2844 1940 3141 1994 Eusebiani
3176 1946 3360 1990 autem
3392 1944 3512 1987 stu-

1931 2035 2066 2089 dent
2116 2044 2240 2087 antc
2290 2034 2419 2096 alia,
2459 2042 2519 2086 ut
2546 2033 2855 2100 deponatur
2885 2030 3238 2084 Athanasius.
3273 2026 3514 2081 Primam

1933 2143 2066 2182 vero
2102 2128 2154 2181 in
2198 2142 2326 2180 eum
2376 2127 2649 2179 intentant
2687 2126 3110 2181 accusationem.
3143 2121 3288 2189 quod
3321 2119 3517 2173 l‘ccerlt

1934 2231 2133 2292 praeter
2166 2222 2449 2291 regulam;
2489 2221 2732 2289 regulam
2758 2220 3028 2276 dicentes,
3063 2230 3225 2284 quam
3250 2221 3382 2267 tunc
3408 2211 3513 2280 ipsi

1933 2315 2239 2368 ediderant.
2271 2315 2551 2368 Reversus
2578 2314 2749 2375 enim,
2783 2312 3023 2373 aiebant,
3058 2308 3127 2363 ab
3161 2308 3380 2367 exsilio.
3406 2318 3516 2358 non

1935 2407 2214 2460 communi
2256 2406 2556 2467 sententia,
2603 2402 2699 2457 sed
2734 2403 2852 2472 ipse
2899 2402 3003 2456 sibi
3041 2400 3269 2455 tradidit
3300 2398 3519 2467 episco-

1934 2507 2146 2568 patum.
2195 2496 2505 2551 Secundam
2553 2504 2762 2557 autem,
2810 2492 2954 2562 quod
3007 2508 3132 2546 cum
3169 2492 3223 2544 in
3259 2490 3378 2559 ejus
3422 2488 3520 2541 ad-

1940 2600 2106 2645 ventu
2166 2600 2357 2645 exorta
2422 2597 2569 2645 esset
2616 2586 2852 2650 seditio,
2908 2584 3065 2638 multi
3118 2583 3232 2636 sint
3291 2579 3517 2635 mortui.

1938 2680 2201 2748 Tertiam,
2251 2696 2313 2735 ea
2359 2695 2481 2749 quae
2523 2680 2664 2733 facta
2706 2686 2836 2733 sunt
2865 2676 3015 2747 Tyri.
3051 2676 3128 2729 Ex
3159 2675 3362 2743 quibus
3388 2687 3520 2725 con—

1939 2774 2199 2830 demnato
2250 2774 2471 2843 pietatis
2523 2772 2767 2834 athleta,
2822 2770 2943 2839 ejus
2998 2769 3119 2822 loco
3176 2767 3524 2822 constituunt

1940 2866 2292 2935 Gregorium,
2321 2867 2416 2934 qui
2447 2865 2639 2919 eadem
2666 2878 2787 2932 quas
2817 2862 2923 2931 ipsi
2957 2860 3249 2915 sentiebat.
3286 2859 3355 2913 Et
3393 2873 3517 2913 cum

1943 2961 2059 3014 haec
2092 2960 2207 3015 ausi
2243 2967 2449 3020 essent,
2483 2956 2688 3012 audent
2712 2956 2877 3010 etiam
2907 2954 3068 3009 fidem
3098 2954 3514 3017 transformare;

1942 3052 2081 3106 nihil
2129 3050 2349 3120 quidem
2400 3058 2587 3119 aperte
2645 3048 3116 3117 reprehendentes
3160 3061 3349 3100 eorum
3398 3061 3521 3113 qua:

264 3134 323 3184 ιν
354 3131 556 3207 Νικαίᾳ
616 3138 985 3206 μεμψάμενοι,
1042 3141 1118 3209 τῷ
1154 3142 1345 3209 ύφάλῳ
1380 3142 1435 3192 δὲ
1487 3142 1581 3193 καὶ
1614 3142 1841 3194 κακοτέ-

1946 3142 2087 3196 facta
2114 3151 2242 3195 sunt
2272 3142 2595 3199 Nicaeae.sed
2627 3140 2877 3208 improbo
2906 3148 2961 3194 et
2989 3138 3264 3193 malitiosa
3288 3136 3522 3192 consilio

264 3241 381 3294 χνῳ
405 3228 500 3294 τῆς
527 3229 765 3290 διανοίας
801 3231 1093 3299 σπέρματα
1120 3232 1665 3299 προκαταϐάλλοντες
1701 3234 1839 3301 πρὸς

260 3314 366 3383 τὴν
422 3316 513 3369 τοῦ
562 3320 849 3387 δμοουσίου
913 3321 1252 3391 καθαίρεσιν.
1293 3325 1402 3375 Καὶ
1451 3326 1485 3392 ἡ
1538 3324 1667 3392 tsva
1693 3326 1838 3378 κατὰ

293 3409 604 3478 Δντιόχειαν
634 3410 866 3474 σύνοδος,
882 3414 1052 3466 ταῦτά
1086 3431 1140 3467 τε
1167 3414 1344 3467 καίτοι
1375 3412 1494 3469 αὖθ’
1523 3415 1686 3486 lupa
1718 3416 1838 3469 τολ-

268 3496 493 3569 μήσασα
529 3504 622 3555 καί
652 3522 769 3557 τινα
805 3507 1154 3568 κανονίσασα,
1181 3507 1479 3562 διαλύεται.

342 3594 413 3645 Δ⁹.
447 3590 704 3657 Εὐσέϐιος
732 3596 787 3648 δὲ
820 3597 952 3664 πρὸς
976 3597 1067 3649 τὸν
1111 3597 1330 3666 Ῥώμης
1366 3600 1585 3653 Ἰούλιον
1613 3601 1839 3671 διαπρε-

266 3676 660 3751 σϐεύεται,τὴν
697 3686 835 3737 κατὰ
877 3684 1194 3738 Ἀθανασίου
1232 3686 1413 3755 ψῆφον
1446 3690 1841 3760 τεχναζόμενος

268 3770 604 3840 κυρωθῆναι.
673 3775 815 3827 Ἀλλ’
855 3777 1003 3829 οὐδὲν
1029 3770 1103 3829 ὧν
1151 3778 1380 3848 ἦλπιζεν
1416 3780 1599 3849 ἠνυσε.
1632 3782 1841 3845 Παῦλος

267 3860 326 3913 δι
373 3864 402 3914 6
454 3866 745 3934 ἀρχιερεὺς
776 3869 872 3937 τὴν
936 3869 1155 3940 Ῥώμην
1198 3872 1739 3944 καταλαϐὼν,ῑτεροι
1784 3893 1841 3929 τε

270 3952 561 4010 ἐπισκοποι
593 3959 691 4012 οὐκ
716 3959 911 4027 ὀλίγοι,
940 3962 1076 4015 άλλά
1099 3965 1191 4015 καὶ
1219 3965 1379 4027 αὐτὸς
1420 3967 1755 4034 ’Δθανάσιος,
1792 3970 1843 4023 οἳ

272 4047 371 4097 καὶ
415 4048 555 4100 κατὰ
614 4055 884 4122 συσκευὴν
935 4054 1297 4124 ἀπηλάθησαν
1324 4055 1609 4123 Εὑσεϐίου,
1656 4058 1843 4128 διῆγον

269 4138 408 4204 όμοῦ
439 4141 497 4193 tv
530 4143 597 4211 τῇ
638 4142 845 4214 Ῥώμῃ.
881 4144 937 4196 '0
959 4145 1014 4197 δὲ
1043 4147 1185 4218 ιερδς
1223 4147 1841 4217 ἰούλιος,συκοφαντιαν

272 4227 415 4283 εἶναι
446 4231 634 4299 μαθὼν
663 4233 732 4286 τά
780 4237 921 4287 κατὰ
969 4235 1078 4288 τῶν
1119 4238 1419 4307 ἀρχιερέων
1458 4239 1841 4310 πεπραγμένα,

273 4323 600 4391 γράμμασιν
633 4326 830 4389 αὐτοὺς
860 4326 1144 4395 ὀχυρώσας
1184 4329 1274 4381 ἐπὶ
1304 4330 1404 4398 τὴν
1428 4332 1693 4400 ἀνατολὴν
1715 4333 1846 4385 άπο-

276 4413 511 4478 στέλλει,
530 4417 619 4467 τόν
650 4432 707 4468 τε
732 4416 928 4468 οἰκεῖον
958 4418 1175 4486 ἑκάστῳ
1207 4418 1393 4487 θρόνον
1419 4417 1724 4483 ἀποδιδοὺς,
1753 4422 1844 4475 καὶ

276 4506 700 4576 συναιτιώμενος
730 4508 855 4570 τοὺς
887 4507 1236 4571 καθελόντας.
1266 4510 1376 4573 Τάς
1402 4512 1501 4580 μὶν
1523 4506 1617 4565 οὖν
1640 4513 1844 4577 οἰκείας

275 4599 575 4668 ἔκκλησιας
600 4598 743 4655 οῦτοι
788 4602 953 4654 πάλιν
982 4603 1441 4671 ἀναλαμϐάνουσι,
1475 4606 1568 4658 καὶ
1597 4606 1696 4671 τὰς
1727 4608 1848 4661 ἑπι-

277 4689 473 4753 στολὰς
502 4686 581 4754 οἷς
624 4691 943 4760 ιγράφησαν
965 4693 1385 4763 διαπέμπονται.
1430 4697 1688 4751 Εὑσεϐἰου
1739 4701 1847 4769 γὰρ

275 4781 705 4851 άποφθαρέντος,
738 4783 945 4844 Παῦλος
970 4787 1050 4847 εις
1084 4787 1172 4838 τὸν
1194 4788 1392 4839 οἰκεῖον
1424 4788 1611 4857 θρόνον
1641 4792 1847 4844 άποκα-

276 4874 563 4927 θισταται·
615 4874 665 4927 οι
718 4875 1121 4945 άρειανίζοντες
1177 4878 1231 4930 δὲ
1268 4881 1325 4931 εν
1353 4882 1417 4949 τῇ
1452 4879 1547 4932 νῦν
1576 4882 1843 4955 λεγομένῃ

276 4968 371 5019 ἐπὶ
406 4965 615 5019 Παῦλον
665 4968 929 5035 ἐκκλησία
958 4968 1323 5036 χειροτονοῦσι
1366 4971 1455 5021 τὸν
1487 4972 1840 5039 Μακεδόνων,

274 5059 335 5120 ὃς
364 5058 454 5110 τὸν
484 5056 611 5110 Υἱδν
640 5062 737 5127 μὲν
766 5056 842 5127 τῷ
871 5059 1042 5126 Πατρι
1062 5060 1315 5128 ἀνόμοιον
1346 5061 1707 5131 ἐϐλασφήμει,
1744 5083 1845 5119 πα-

280 5151 695 5221 ραγραφόμενος
721 5151 780 5203 τὸ
813 5153 1113 5218 όμοούσιον,
1148 5154 1209 5205 τὸ
1240 5153 1293 5205 δὲ
1327 5155 1589 5223 πανάγιον
1617 5156 1847 5228 Πνεῦμα

280 5246 371 5296 καὶ
406 5244 687 5309 παντελῶς
711 5245 992 5313 άλλότριον
1024 5246 1121 5314 τῆς
1153 5247 1423 5317 θεότητος.

355 5556 432 5623 (3)
473 5554 658 5628 Primo
686 5571 935 5628 namque
966 5556 1158 5628 Beryti
1178 5561 1471 5628 episcopus
1496 5558 1693 5620 fuerat.
1723 5556 1850 5617 dein

280 5617 636 5696 Nicomediae.
666 5617 929 5696 Athanas.
966 5617 1110 5696 apol.
1144 5627 1197 5681 2.

354 5697 434 5763 (ι)
480 5695 638 5750 Anno
669 5695 763 5750 36]
778 5737 791 5751 .

356 5766 433 5832 (5)
474 5767 577 5820 Per
609 5766 822 5820 litteras
855 5768 1082 5821 scilicet.

358 5835 435 5905 (6)
474 5835 625 5890 Cum
663 5837 833 5892 semel
872 5847 1081 5894 tantum
1113 5838 1314 5895 Paulus
1361 5839 1587 5895 Romam
1621 5842 1861 5910 venerit,

1940 3231 2149 3284 semina
2173 3231 2326 3299 prius
2345 3232 2607 3298 iacientes
2636 3230 2702 3283 ad
2730 3230 3123 3284 destruendum
3156 3229 3509 3282 homousion.

1940 3322 2007 3376 Et
2029 3338 2149 3391 quze
2179 3322 2483 3376 Antiochiae
2508 3322 2731 3391 quidem
2761 3322 2947 3376 habita
2977 3322 3081 3375 i'uit
3103 3321 3366 3391 synodus,
3396 3335 3520 3374 cum

1943 3414 2060 3469 lucc
2098 3425 2153 3469 et
2184 3416 2498 3484 hujusmodi
2535 3414 2639 3469 alia
2674 3429 2809 3469 ausa
2849 3422 3016 3480 esset,
3057 3425 3113 3468 et
3145 3413 3415 3483 quosdam
3442 3413 3523 3468 fe-

1943 3507 2107 3560 cisset
2135 3521 2397 3568 canones,
2427 3506 2531 3559 fuit
2553 3504 2750 3559 soluta.

2014 3598 2100 3652 IV.
2146 3598 2419 3652 Eusebius
2455 3606 2639 3651 autem
2680 3596 2930 3668 fungitur
2964 3597 3237 3667 legatione
3271 3596 3347 3666 (5)
3377 3597 3522 3665 apud

1941 3690 2144 3756 Julium
2182 3690 2487 3743 Romanum
2534 3690 2880 3758 episcopum,
2932 3689 3255 3743 machinans
3300 3698 3358 3743 ut
3389 3703 3524 3743 con-

1947 3784 2257 3836 ﬁrmaretur
2285 3784 2389 3836 lata
2426 3783 2481 3836 in
2511 3780 2870 3836 Athanasium
2906 3783 3205 3835 sententia.
3243 3781 3348 3837 Sed
3380 3782 3522 3835 nihil

1944 3870 2129 3925 eﬂ'ccit
2160 3887 2355 3926 eorum
2402 3887 2524 3940 qua:
2569 3872 2844 3940 sperabat.
2877 3872 3080 3925 Pauius
3110 3886 3241 3926 vero
3276 3872 3525 3941 pontifex

1932 3978 2067 4044 Icum
2120 3964 2347 4017 Romam
2399 3965 2639 4018 venisset
2687 3964 2788 4034 (6),
2821 3975 2874 4019 et
2907 3966 2998 4019 alii
3046 3981 3153 4019 non
3207 3966 3367 4033 pauci
3411 3965 3527 4033 epi-

1945 4055 2132 4122 scopi,
2190 4056 2321 4122 quin
2369 4055 2532 4108 etiam
2579 4055 2696 4122 ipse
2750 4071 2972 4123 quoque
3019 4057 3374 4121 Athanasius,
3429 4061 3520 4125 qui

1945 4145 2167 4200 fuerant
2218 4147 2456 4215 expulsi,
2510 4146 2847 4212 comparatis
2888 4147 2957 4201 ab
2998 4144 3238 4202 Eusebio
3286 4148 3524 4213 insidiis,

1946 4240 2110 4293 simul
2150 4238 2338 4317 item:
2368 4237 2662 4307 degebant.
2702 4236 2937 4292 Sanctus
2965 4247 3149 4292 autem
3188 4238 3367 4293 Julius
3402 4256 3525 4294 cum

1948 4328 2310 4382 intellexisset
2356 4344 2479 4382 esse
2534 4328 2905 4390 calumniam,
2955 4342 3076 4397 qua:
3118 4329 3259 4385 facta
3312 4331 3529 4385 fuerant

1951 4421 2214 4476 adversus
2250 4422 2556 4490 pontiﬁces,
2592 4436 2687 4475 eos
2719 4422 2917 4475 litteris
2963 4423 3204 4477 munitos
3248 4424 3415 4479 mittit
3460 4426 3525 4479 ad

1954 4512 2257 4574 Orientem,
2310 4529 2463 4566 suam
2513 4513 2811 4582 unicuique
2843 4512 3080 4569 reddens
3107 4515 3320 4578 sedem,
3349 4527 3405 4571 et
3434 4534 3530 4572 eos

1957 4607 2117 4660 simul
2149 4605 2583 4674 reprehendens.
2622 4606 2715 4674 qni
2748 4606 2899 4674 ipsos
2925 4606 3317 4675 deposuerant.
3351 4608 3527 4677 Atque

1956 4713 2083 4752 suas
2119 4698 2341 4765 quidem
2383 4697 2646 4751 ecclesias
2679 4697 2715 4749 ii
2748 4712 2943 4751 rursus
2972 4698 3269 4766 accipiunt.
3310 4708 3366 4752 et
3408 4701 3530 4754 mit—

1956 4798 2080 4843 tunt
2112 4790 2322 4843 litteras
2351 4788 2416 4840 ad
2450 4802 2565 4847 eos.
2592 4788 2657 4840 ad
2684 4801 2823 4856 quos
2858 4788 3078 4857 scripta
3121 4788 3358 4845 fuerant.
3392 4792 3527 4846 Curi

1946 4882 2213 4935 Eusebius
2254 4881 2437 4948 itaque
2469 4879 2794 4943 interiisset.
2829 4880 3034 4935 Paulus
3068 4882 3122 4935 in
3153 4898 3308 4936 suam
3340 4884 3525 4937 sedem

1944 4973 2272 5025 restituitur.
2327 4971 2430 5036 Qui
2478 4980 2657 5025 autem
2720 4982 2902 5035 partes
2956 4972 3071 5025 Arii
3136 4973 3531 5057 sequebantur.

1944 5064 1997 5118 in
2027 5080 2090 5117 ea
2118 5079 2237 5133 qua:
2270 5079 2414 5117 nunc
2442 5063 2508 5116 ad
2539 5063 2764 5116 Paulum
2796 5063 3020 5126 dicitur,
3047 5066 3280 5119 ecclesia
3308 5066 3524 5133 eligunt

1944 5156 2320 5211 Macedonium
2352 5172 2365 5207 :
2398 5157 2490 5224 qui
2529 5156 2846 5225 blaspheme
2877 5157 3098 5225 quidem
3130 5142 3332 5211 Filium
3373 5158 3526 5213 dice-

1961 5248 2052 5302 bat
2104 5264 2224 5303 csso
2283 5248 2425 5300 Patri
2480 5248 2737 5305 similent.
2799 5248 3261 5303 circumscribens
3301 5250 3531 5305 homou-

1956 5339 2101 5392 sium
2140 5356 2151 5390 :
2191 5339 2599 5393 sanctissimum
2644 5348 2823 5392 autem
2871 5337 3134 5409 Spiritum
3169 5354 3198 5393 a
3246 5339 3528 5397 divinitate

1957 5434 2181 5485 omnino
2212 5432 2472 5485 alienum.

1965 5577 2023 5621 ut
2053 5576 2204 5624 notat
2232 5569 2494 5623 Duronius
2531 5584 2676 5621 anno
2708 5568 2830 5631 δι’-2.,
2866 5566 2891 5637 §
2924 5566 3151 5621 Rursum
3183 5585 3318 5627 vero.
3345 5569 3535 5623 diceti-

1965 5639 2094 5691 dum
2146 5649 2251 5701 est,
2299 5640 2350 5691 id
2405 5638 2690 5699 accidisse,
2745 5652 2853 5691 non
2895 5638 3081 5701 modo,
3112 5639 3207 5692 sed
3244 5648 3530 5707 postquam

1967 5708 2309 5778 Hermogene
2342 5710 2526 5778 occiso
2564 5724 2661 5777 per
2690 5707 3072 5764 Constantium
3122 5711 3385 5778 expulsus
3428 5717 3511 5763 est

1968 5787 2024 5831 ut
2058 5777 2197 5833 infra
2226 5778 2402 5847 capite
2432 5777 2484 5831 6.
