4242 6442
276 354 393 418 893

1544 372 1715 432 VITA
1762 373 1824 433 S.
1871 374 2098 435 PAULI
2128 378 2231 438 (ΣΡ,

3442 390 3546 451 894

280 473 421 541 πρὸς
450 472 547 543 τὴν
572 473 829 566 ἀσίϐειαν
852 478 1224 543 ικϐιάζεσθαι.
1263 486 1326 538 Οἱ
1350 485 1425 539 δὲ·
1447 489 1589 540 κατά
1618 490 1678 541 τὸ
1709 490 1860 543 Μαν-
1885 537 1891 547 .

1962 491 2065 555 Qui
2098 503 2282 547 autem
2313 492 2635 550 habitabant
2670 498 3031 565 Mantineum,
3069 514 3257 559 coacta
3296 508 3549 566 multitu.

275 564 480 618 τίνειον
498 565 771 628 οίκοῦντες
806 570 886 632 είς
914 571 1116 640 πλῆθος
1146 577 1442 640 συστάντες
1464 578 1558 630 καὶ
1590 579 1738 648 ζήλῳ
1756 580 1857 649 τῆς

276 656 585 722 εὐσεϐείας,
606 658 843 727 δρέπανα
864 664 958 715 καλ⁸
990 664 1176 729 ἀξίνας
1206 669 1299 720 καὶ
1323 672 1430 723 πᾶν
1448 671 1510 723 τὸ
1540 674 1856 741 παρατυχὺν
1886 732 1891 735 η

273 746 418 799 δπλα
440 749 823 817 ποιησάμενοι,
848 754 1409 824 ἀντιπαραταττονται
1448 763 1564 823 τοῖς
1597 762 1858 831 στρατιώ-

275 853 396 899 ταις
420 853 431 864 ·
465 835 585 892 εῐτα
617 841 891 912 συμϐολῆς
910 847 1230 919 γενομένης,
1275 850 1458 903 πολλοὶ
1488 852 1589 921 μὲν
1617 852 1855 921 διαφθεί-

277 944 466 981 οονται
495 931 589 983 καὶ
626 931 736 986 τῶν
785 934 1182 1004 Παφλαγόνων,
1239 940 1350 995 τῶν
1405 941 1462 994 δὲ
1504 945 1852 1013 στρατιωτῶν

281 1018 419 1089 πλὴν
450 1019 647 1089 ὀλίγων
676 1022 935 1090 ἅπαντες.
968 1028 1118 1097 Δῦτη
1150 1031 1329 1084 τοίνυν
1361 1035 1394 1104 ἡ
1445 1034 1730 1102 μιαιφόνος
1760 1037 1853 1088 καὶ

275 1110 503 1181 ἀναιδὴς
561 1114 759 1183 πρᾶξις
817 1118 877 1171 οὐ
910 1120 1061 1189 παρὰ
1107 1121 1219 1176 τῶν
1270 1125 1619 1196 ἠδικημένων
1669 1127 1849 1195 μόνον,

274 1197 414 1254 ἀλλὰ
447 1203 538 1254 καὶ
572 1206 723 1274 παρά
764 1206 871 1260 τῶν
914 1212 1130 1276 οίκείως
1154 1214 1457 1270 δοκούντων
1499 1215 1645 1287 Ιχειν
1668 1218 1853 1271 Μακε-

272 1290 434 1358 δονίῳ
497 1297 651 1361 μῖσος
682 1298 937 1370 ἀνήγειρε
981 1302 1186 1357 δίκαιον
1209 1320 1224 1337 ⁸
1264 1307 1398 1362 ἀλλά
1444 1310 1539 1361 καὶ
1567 1309 1731 1362 αὐτὸν
1759 1311 1852 1362 τὸν

274 1381 504 1451 βασιλέα
544 1388 831 1457 παρώξυνε
862 1393 993 1461 προς
1022 1397 1340 1466 ἀπέχθειαν.
1368 1400 1443 1453 Οὐ
1485 1398 1642 1452 τοῦτο
1668 1400 1723 1452 δὲ
1758 1400 1853 1469 μό-

272 1490 385 1535 νον,
422 1476 539 1529 ἀλλ⁸
564 1478 647 1533 δτι
676 1482 769 1534 καὶ
786 1483 846 1535 τδ
876 1485 1037 1556 σῶμα
1065 1488 1477 1544 Κωνσταντίνου
1504 1490 1597 1544 τοῦ
1627 1492 1852 1545 εὐσεϐε-

1961 582 2111 647 dinc,
2156 600 2279 639 cum
2336 589 2454 640 zelo
2492 587 2711 655 pietatis
2756 590 2924 646 falces
2954 601 3010 647 et
3050 607 3270 651 secures
3300 608 3356 652 et
3385 603 3548 662 quid-

1960 676 2093 745 quid
2130 693 2187 731 se
2213 677 2513 744 obtulerat,
2542 698 2643 750 pro
2675 686 2842 737 armis
2872 688 3221 754 accepissent
3274 693 3551 751 adversus

1960 768 2184 829 miiites,
2221 770 2493 836 prodeunt
2524 772 2577 824 in
2605 774 2799 831 aciem.
2842 776 3045 831 Deinde
3075 782 3371 835 commisso
3401 801 3547 851 prie-

1957 857 2052 920 lio,
2090 862 2245 913 multi
2271 861 2492 928 quidem
2526 867 2878 931 interierunt,
2912 870 3075 923 etiam
3103 872 3544 942 Paphlagonum,

1958 965 2023 1004 ex
2070 951 2337 1007 militibus
2382 965 2563 1008 autem
2611 972 2820 1020 omnes,
2869 962 3057 1028 paucis
3106 966 3370 1030 exceptis.
3426 968 3547 1019 Hoc

1955 1057 2084 1111 ergo
2114 1044 2336 1098 crudele
2365 1054 2419 1099 et
2451 1048 2742 1116 impudens
2771 1050 2983 1106 facinus
3039 1069 3148 1107 non
3179 1056 3354 1109 solum
3388 1060 3543 1126 apud

1955 1151 2051 1190 eos
2106 1138 2202 1206 qui
2253 1148 2412 1193 erant
2457 1140 2638 1193 aﬂecti
2680 1142 2902 1210 injuria,
2934 1145 3028 1197 sed
3059 1145 3223 1199 etiam
3262 1149 3404 1216 apud
3439 1166 3538 1204 eos

1955 1229 2049 1298 qui
2117 1228 2442 1283 videbantur
2515 1232 2658 1285 bene
2718 1233 2859 1288 velle
2914 1234 3273 1299 Macedonio,
3326 1239 3534 1308 justum

1955 1322 2145 1375 odium
2174 1323 2452 1377 excitavit.
2489 1324 2607 1377 Non
2632 1324 2739 1377 hoc
2773 1334 2954 1380 autem
3003 1327 3203 1393 solum,
3237 1330 3330 1383 sed
3366 1334 3529 1386 etiam

1954 1414 2098 1482 quod
2148 1430 2351 1483 corpus
2406 1416 2775 1480 Constantini,
2816 1418 2869 1471 in
2916 1418 3417 1489 primis,'inquatn,
3457 1405 3531 1490 pii

1956 1506 2306 1574 imperatoris
2360 1508 2674 1577 (videbatur
2715 1509 2864 1562 enim
2897 1510 3063 1574 aedes,
3093 1511 3145 1565 in
3172 1528 3277 1581 qua
3307 1524 3427 1567 erat
3455 1516 3532 1568 si-

276 1566 497 1671 στάτου,
562 1574 727 1642 φημὶ,
786 1574 1049 1643 βασιλέως
1104 1581 1315 1649 (ἐδόκει
1347 1583 1452 1653 γὰρ
1484 1585 1512 1636 ό
1541 1580 1687 1648 οἶκος
1716 1586 1772 1637 ἓν
1806 1580 1850 1652 ᾦ

1957 1606 2091 1661 tum,
2123 1602 2322 1653 minari
2363 1601 2601 1669 ruinam)
2633 1612 2916 1669 acceptum
2956 1604 3074 1658 sine
3108 1606 3227 1671 ejus
3257 1608 3530 1661 sententia

274 1660 564 1715 κατέκειτο
589 1666 755 1733 ἐγγὺς
794 1664 932 1722 εῖναι
962 1670 1052 1723 τοῦ
1082 1675 1449 1745 καταπεσεῖν)
1506 1677 1687 1729 λαϐὼν
1721 1677 1847 1731 ἀνευ

1952 1691 2309 1745 transtulerat
2369 1692 2423 1744 in
2486 1692 2749 1759 templum
2804 1692 2986 1748 Sancti
3036 1660 3240 1750 Ara-cii.
3284 1698 3350 1752 Et
3394 1714 3536 1767 quo-

273 1755 502 1822 γνώμης
525 1755 688 1808 αὑτοῦ
716 1757 795 1819 είς
824 1757 915 1811 τὸν
945 1758 1037 1811 τοῦ
1066 1760 1223 1829 ἁγίου
1259 1762 1513 1815 ’Δκακίου
1534 1762 1669 1815 νεὼν
1694 1781 1850 1833 μετε-
1880 1826 1891 1851 1

1953 1779 2099 1833 niam
2150 1795 2258 1833 non
2295 1780 2542 1849 placebat
2575 1784 2833 1838 omnibus
2868 1786 3171 1851 translatio.
3213 1790 3306 1844 sed
3346 1755 3533 1847 multis

272 1844 491 1911 κόμισε,
522 1847 615 1898 καὶ
643 1847 828 1918 ἐπειδὴ
852 1850 1017 1904 πᾶσιν
1050 1852 1082 1921 ἠ
1113 1826 1406 1921 μετάθεσις
1435 1854 1494 1906 οὐ
1543 1826 1843 1919 συνεδόκει,
1879 1826 1891 1880 1

2151 1826 2258 1833 η-..
2295 1826 2542 1849 rm“--.
2577 1826 2833 1838 .........,....
2868 1826 3171 1851 ..-κω-μυ,
3213 1826 3306 1844 .w
3346 1826 3533 1847 .........

1949 1873 2239 1927 videbatur
2287 1876 2513 1942 impium
2565 1876 2733 1930 eﬂ'odi
2788 1893 3020 1947 corpora
3073 1892 3436 1947 mortuorum,
3477 1896 3536 1939 et

273 1932 411 1985 ἀλλά
442 1935 654 1998 πολλοῖς
679 1937 892 1992 ἀνόσιον
911 1941 1196 2010 ἐνομίζετο
1216 1943 1283 1995 τά
1310 1944 1416 1996 τῶν
1444 1946 1846 2015 κατοιχομένων

1950 1966 2184 2021 maxime
2234 1967 2604 2034 imperatoris,
2645 1970 2739 2037 qui
2786 1970 2890 2023 fuit
2936 1973 3136 2037 pietate
3173 1975 3419 2044 insignis,
3449 1977 3529 2030 fa-

272 2024 664 2092 ἀνορύττεσθαι
711 2027 964 2098 σώματα,
1000 2034 1093 2083 καὶ
1127 2034 1245 2085 τότε
1287 2034 1557 2101 βασιλέως
1605 2036 1662 2087 ἐν
1694 2036 1848 2088 εὐσε-

272 2115 397 2187 ϐείᾳ
454 2118 877 2189 διαλάμψαντος,
928 2123 1087 2190 φόνος
1144 2124 1318 2194 ὲρῥύη
1379 2125 1568 2189 πολὺς,
1600 2128 1694 2178 καὶ
1740 2126 1846 2177 τῶν

276 2208 485 2263 πολλῶν
519 2213 609 2263 καὶ
647 2214 962 2281 ἀνηκέστων
1016 2215 1203 2269 κακῶν
1249 2210 1325 2269 ῶν
1366 2218 1566 2287 ιτὸλμα
1601 2218 1846 2272 Μακεδό-

1946 2068 2031 2111 cta
2088 2070 2169 2111 est
2229 2074 2421 2127 magna
2478 2060 2673 2121 caedes,
2728 2070 2785 2114 et
2830 2064 3128 2117 multorum
3178 2077 3233 2119 et
3279 2070 3538 2135 gravium

1947 2148 2241 2206 malorum.
2288 2166 2409 2217 quae
2450 2150 2656 2204 fecerat
2692 2153 3066 2221 Macedonius,
3118 2172 3311 2225 parvas
3360 2176 3528 2227 quas-

1946 2239 2070 2293 dam
2134 2241 2233 2293 luit
2299 2258 2529 2311 pmnas,
2593 2244 2876 2313 dignitatis
2942 2248 3153 2303 scilicet
3229 2249 3529 2320 depositio.

276 2316 405 2403 νιος,
425 2301 645 2403 ,μικράν
670 2320 789 2357 τινα
817 2304 973 2375 δίκην
1002 2306 1250 2373 ἀπέτισε,
1286 2307 1380 2361 τοῦ
1400 2309 1713 2379 ἀξιώματος
1747 2323 1844 2379 την
1944 2348 2068 2386 nem
2107 2334 2239 2403 (ιε).

274 2392 436 2446 ιαθαί
442 2410 499 2463 ρε
510 2412 612 2447 σιν.

343 2483 445 2538 IB'.
488 2484 738 2554 Ἐκράτει
791 2488 834 2540 δ’
864 2484 957 2542 οὖν
984 2491 1133 2560 ὅμως
1161 2493 1230 2546 τά
1268 2493 1482 2563 ’Δμίου
1535 2492 1604 2545 δι’
1625 2493 1754 2562 ὅλης
1786 2508 1843 2545 τε

276 2575 371 2644 τῆς
395 2579 772 2633 Κωνσταντίου
797 2581 1093 2651 βασιλείας,
1116 2588 1208 2639 καὶ
1233 2585 1311 2639 ἔτι
1336 2586 1532 2653 μᾶλλον
1556 2587 1697 2638 κατὰ
1721 2585 1845 2646 τοὺς.⁹

272 2670 570 2733 οὒάλεντος
602 2672 697 2726 τοῦ
733 2675 1159 2732 δυσσεϐεστάτου
1198 2680 1445 2749 χρόνους,
1473 2679 1577 2739 ἕως
1609 2677 1673 2732 ἂν
1707 2679 1845 2729 ὲ.κεί-

272 2780 363 2814 νον
389 2764 485 2832 μὲν
522 2765 554 2833 ἡ
609 2765 726 2817 θεία
786 2767 1018 2837 μετῆλθε
1050 2770 1196 2840 δίκη,
1252 2770 1531 2825 Θεοδόσιον
1559 2770 1615 2823 δὲ
1655 2770 1748 2822 τὸν
1787 2768 1844 2835 ἐξ

280 2854 559 2919 Ἰσπανίας
588 2856 753 2928 ψήφῳ
802 2860 987 2933 δικαίᾳ
1016 2861 1314 2932 Γρατιανοῦ
1347 2863 1442 2916 τοῦ
1468 2865 1537 2916 τὰ
1577 2865 1843 2933 Ἐσπέρια

2014 2506 2132 2561 XII.
2163 2508 2391 2577 Vigebat
2418 2518 2595 2563 tamen
2634 2526 2720 2565 res
2744 2511 2854 2565 Arii
2889 2526 2986 2581 per
3035 2521 3206 2567 totum
3231 2514 3529 2585 imperium

1942 2595 2281 2653 Constantii.
2308 2608 2362 2652 et
2390 2600 2570 2654 adhuc
2599 2604 2774 2670 magis
2826 2604 3172 2671 temporibus
3233 2606 3386 2675 impii
3426 2608 3527 2661 Va-

1944 2692 2127 2745 lentis.
2162 2691 2339 2745 donec
2374 2692 2439 2745 de
2477 2692 2569 2745 illo
2592 2694 2818 2762 quidem
2857 2696 3093 2764 sumpsit
3125 2712 3315 2765 ρωπος
3344 2697 3531 2751 divina

1939 2783 2175 2852 justitia,
2214 2783 2586 2837 Theodosium
2622 2795 2805 2841 autem
2860 2788 3185 2856 Hispanum.
3214 2790 3361 2857 justa
3394 2805 3524 2844 sen-

1947 2877 2113 2930 tentia
2144 2876 2416 2940 Gratiani,
2444 2881 2537 2947 qui
2577 2880 3001 2934 administrabat
3034 2880 3419 2944 Occidentem,
3456 2884 3525 2937 ad

269 2948 629 3015 περιέπεντος
653 2951 731 3013 είς
746 2950 836 3002 τὸν
863 2951 1134 3019 βασίλειον
1155 2956 1253 3024 τῆς
1272 2955 1533 3024 ἀνατολῆς
1552 2956 1842 3009 ἀνεϐίϐασε

1944 2954 2128 3022 sedem
2158 2968 2567 3036 imperatoriam
2599 2971 2865 3033 provexit
2888 2969 3158 3028 Orientis.
3187 2980 3244 3023 et
3275 2969 3399 3022 ﬁdei
3427 2986 3529 3022 or-

268 3039 480 3110 θρόνον,
512 3043 605 3094 καὶ
638 3045 702 3111 τῇ
733 3043 1011 3116 όρθοδοξία
1043 3046 1108 3098 δι’
1156 3046 1320 3100 αὐτοῦ
1359 3048 1417 3100 τὸ
1455 3049 1655 3117 κράτος
1683 3048 1844 3118 ἐϐρά-

1945 3054 2195 3108 thodoxae
2248 3071 2342 3122 per
2394 3056 2572 3122 ipsum
2610 3057 2780 3109 robur
2830 3054 3109 3124 acquisiit.
3146 3055 3250 3109 Sed
3286 3056 3363 3109 sic
3399 3056 3525 3125 qui-

268 3131 484 3187 ϐευσεν.
523 3132 662 3185 Ἀλλ’
688 3133 831 3186 οὕτω
858 3135 957 3203 μὲν
982 3138 1013 3206 ἡ
1054 3137 1265 3207 Ἀρείου
1289 3138 1499 3210 αἵρεσις
1522 3140 1620 3201 τάς
1644 3140 1839 3208 ὲκκληυ
1869 3159 1891 3218 (

1945 3146 2067 3200 dem
2104 3145 2220 3200 Arii
2250 3146 2494 3208 haeresis,
2535 3163 2655 3215 qua:
2695 3147 3056 3215 quadraginta
3078 3162 3252 3198 annos
3273 3146 3526 3215 depOpu-

270 3224 394 3285 σίας
432 3224 522 3275 ἐπὶ
549 3225 957 3293 τεσσαράκοντα
984 3226 1075 3296 ἔτη
1105 3229 1569 3296 κατανεμηθεῖσα,
1616 3234 1681 3300 τῇ
1715 3230 1841 3283 Θεο-

1944 3240 2050 3288 lata
2100 3236 2280 3289 fuerat
2314 3237 2579 3289 ecclesias
2607 3278 2619 3299 ,
2650 3239 2851 3303 pietate
2883 3237 3179 3290 Theodosii
3210 3236 3312 3290 fuit
3347 3245 3527 3291 exter-

267 3314 442 3367 δοσίου
468 3316 720 3386 εὐσεϐείᾳ
737 3317 1188 3386 ὲξωστρακίξετο,
1225 3320 1318 3372 καὶ
1343 3320 1403 3373 τὸ
1425 3320 1704 3389 όρθόδοξον
1730 3326 1840 3385 τοῖς

268 3411 489 3473 οἰκείοις
511 3411 970 3476 ἐνεκαλλωπίζετο
997 3414 1350 3483 δικαιώμασι.
1384 3417 1684 3486 Συγκροτεῖ
1712 3414 1842 3483 γοῦν

268 3505 299 3557 δ
329 3505 488 3568 αὐτὸς
511 3504 925 3573 Θεοφιλίστατος
953 3507 1203 3576 βασιλεὺς
1238 3507 1579 3572 σύνοδον,διά
1610 3510 1841 3577 μελέτης

268 3597 411 3667 ἔχων
434 3597 678 3659 καὶτοὺς
711 3597 819 3649 ἀπὸ
858 3598 1191 3651 Μακεδονίου
1224 3599 1359 3669 πρὸς
1382 3600 1575 3652 ἕνωσιν
1607 3618 1842 3667 συναγα-

270 3693 387 3757 γεῖν
416 3693 524 3752 τοῖς
544 3688 884 3758 όρθοδοξοῦσι
916 3692 1009 3741 καὶ
1033 3691 1395 3761 πρεσϐεύουσι
1428 3693 1486 3744 τὸ
1514 3693 1801 3761 όμοούσιον
1823 3708 1836 3723 ο

267 3782 350 3835 διδ
372 3781 528 3834 καλεῖ
552 3781 792 3844 καὶτοὺς
827 3781 1174 3849 προεστῶτας
1212 3783 1389 3835 αὐτῶν
1423 3785 1519 3852 τῆς
1549 3787 1837 3852 αἱρέσεως,

270 3875 363 3928 καὶ
388 3872 643 3941 συνῆλθον
697 3872 806 3923 τῶν
838 3872 1265 3941 ὀρθοδοξούντων
1306 3874 1415 3925 ἀπὸ
1446 3876 1545 3942 μὲν
1592 3876 1843 3938 Ἀλεξαν-

267 3965 450 4033 δρείας
474 3962 759 4031 Τιμόθεος,
786 3960 844 4025 ἐξ
886 3962 1288 4032 Ἱεροσολύμων
1338 3963 1392 4016 δί
1426 3965 1711 4031 Κύριλλος,
1741 3966 1842 4019 Με-

268 4057 441 4118 λέτιος
472 4056 527 4108 δὲ
550 4055 605 4121 ἐξ
643 4054 997 4124 Ἀντιοχείας,
1026 4055 1325 4123 Γρηγόριός
1370 4072 1428 4108 τε
1457 4059 1637 4127 παρῆν
1667 4062 1693 4110 ὁ
1716 4060 1844 4110 Θεο-

269 4150 445 4215 λόγος,
468 4148 562 4199 καὶ
618 4145 892 4214 ’Δσχόλιος
920 4147 947 4197 ό
986 4145 1406 4218 Θεσσαλονίκης,
1444 4150 1538 4200 καὶ
1566 4150 1591 4199 ό
1622 4148 1841 4213 Νύσσης

1944 3326 2169 3384 minata.
2205 3336 2262 3379 et
2294 3327 2429 3380 ﬁdes
2463 3329 2771 3380 orthodoxa
2801 3329 2903 3380 fuit
2932 3341 3197 3383 exornata
3223 3329 3528 3394 suisjnstis

1944 3418 2270 3474 honoribus.
2312 3418 2616 3488 Congregat
2650 3421 2837 3487 itaque
2867 3419 3012 3473 idem
3068 3421 3192 3489 pius
3226 3420 3527 3487 imperator

1943 3510 2230 3580 synodum,
2269 3512 2497 3564 studens
2522 3509 2943 3565 Macedonianos
2967 3510 3020 3563 in
3054 3511 3403 3565 concordiam
3431 3527 3523 3565 re-

1942 3596 2128 3664 digere
2164 3611 2287 3650 ettm
2324 3596 2647 3650 orthodoxis
2694 3606 2749 3650 et
2779 3598 2867 3660 iis,
2933 3598 3026 3666 qui
3063 3607 3365 3652 tuebantur
3429 3598 3528 3651 ho-

1944 3686 2215 3738 mousion.
2254 3686 2624 3747 Quamobrem
2683 3698 2843 3739 vocat
2902 3702 3035 3746 eos.
3079 3686 3173 3755 qui
3252 3696 3528 3754 prmersnt

1942 3790 2136 3830 eorum
2172 3777 2365 3830 haeresi
2397 3794 2411 3839 ;
2447 3787 2501 3830 et
2539 3788 2917 3831 convenerunt
2953 3779 3065 3845 (t9)
3097 3794 3159 3831 es
3202 3777 3526 3832 orthodoxis

1945 3866 2012 3918 ab
2050 3864 2377 3917 Alexnndria
2399 3866 2622 3934 quidem
2658 3866 3006 3931 Timotheus,
3036 3867 3108 3918 ab
3130 3866 3527 3937 Hierosolymis

1945 3972 2127 4010 autem
2159 3958 2415 4025 Cyrillus,
2451 3958 2699 4011 “elatius
2729 3958 2796 4010 ah
2831 3959 3122 4011 Antiochia
3152 3975 3167 4021 ;
3220 3959 3521 4026 aderatque

1926 4043 2240 4116 'Gregorius
2276 4050 2613 4117 Theologus.
2647 4061 2703 4103 et
2732 4051 3026 4103 Ascholius
3057 4050 3522 4104 Thessalonicen-

1944 4140 2097 4202 sis,et
2122 4141 2422 4207 Gregorius
2449 4142 2745 4209 Nyssenus,
2766 4153 2822 4195 et
2845 4142 3001 4195 multi
3028 4143 3120 4194 alii
3148 4150 3344 4205 ;erant
3373 4133 3522 4195 enim

269 4241 595 4310 Γρηγόριος,
641 4238 735 4288 καὶ
770 4235 920 4289 ἄλλοι
971 4236 1155 4288 πολλοί
1182 4251 1195 4265 °
1250 4240 1587 4306 πεντήκοντα
1611 4240 1717 4310 γὰρ
1750 4244 1842 4294 καὶ

1946 4241 2165 4285 centum
2198 4242 2253 4285 et
2280 4232 2676 4301 quinquaginta
2730 4244 2907 4288 curtus
2963 4249 3153 4287 eorum
3197 4235 3520 4287 universus.

269 4332 462 4388 ἑκατὸν
488 4326 628 4398 ἦσαν
656 4328 837 4381 αὐτῶν
867 4329 894 4381 ό
926 4331 1031 4391 πᾶς
1058 4327 1331 4397 σύλλογος.
1360 4331 1465 4383 Τοῦ
1493 4332 1538 4384 δ’
1561 4334 1843 4401 αἱρετικοῦ

1946 4310 2231 4377 Βετθιῖοειε
2262 4336 2445 4376 autem
2471 4334 2705 4376 caterva:
2758 4325 2868 4376 dux
2922 4324 3291 4392 eratquidem
3355 4324 3523 4378 Eleu-

269 4425 495 4495 στίφους
515 4424 702 4492 ἠγεῖτο
733 4421 831 4489 μιν
853 4423 881 4472 ό
908 4421 1151 4485 Κυζίκου
1217 4422 1511 4486 Έλεύσιος,
1565 4427 1657 4477 καὶ
1687 4427 1843 4497 Μαρ-

1946 4416 2061 4468 sius
2086 4414 2412 4482 Cyzicenus,
2461 4426 2518 4469 et
2592 4414 2906 4471 Marcianus
2972 4416 3407 4486 Lampsacenus,
3470 4430 3526 4468 et

266 4518 453 4579 κιανὸς
502 4517 530 4568 ό
581 4511 909 4581 Λαμψάκου,
964 4514 1107 4567 καὶὸ
1161 4513 1389 4582 Ἐφέσου
1432 4515 1685 4586 Εὺήτιος,
1745 4497 1891 4571 καὶ]

1947 4509 2174 4563 Evetius
2238 4509 2571 4577 Ephesinus,
2643 4520 2699 4565 et
2733 4510 2853 4574 alii,
2940 4512 3034 4579 qui
3106 4518 3266 4564 erant
3329 4523 3521 4563 omnes

266 4612 414 4665 ἄλλοι
453 4608 616 4673 τινες,
662 4604 723 4670 εξ
753 4604 804 4656 οί
848 4607 1046 4670 πάντες
1082 4606 1177 4661 καὶ
1210 4606 1509 4679 τριάκοντα
1566 4624 1843 4680 συγκεφα-

1951 4600 2118 4655 simul
2156 4601 2381 4671 triginta
2411 4617 2527 4656 sex.

268 4700 414 4756 λαιού
424 4716 595 4769 μενοι.

342 4793 438 4846 II".
479 4790 719 4861 Παρῄνει
756 4790 820 4860 δὴ
851 4788 1101 4858 βασιλεύς
1132 4807 1191 4843 τε
1223 4790 1379 4853 αὐτὸς
1410 4793 1501 4843 καὶ
1532 4794 1655 4846 ὅσον
1685 4792 1840 4862 ὀρθό-

268 4883 416 4949 δςξον
440 4884 565 4944 τοὺς
594 4884 689 4950 τῆς
716 4880 1001 4949 αίρετικῆς
1054 4881 1248 4950 μοίρας
1278 4880 1553 4933 συνελθεῖν
1586 4884 1667 4944 είς
1722 4884 1844 4953 όμο⁶

268 4978 565 5047 φροσύνην,
594 4976 686 5025 καὶ
716 4971 1055 5042 πρεσϐεῦσαι
1089 4973 1149 5024 τδ
1185 4973 1494 5041 ὁμοούσιον,
1528 4974 1845 5043 ὑπομιμνή-

269 5084 487 5129 σκοντες
513 5066 585 5128 ὡς
620 5065 714 5119 καὶ
742 5065 841 5137 τὴν
890 5064 999 5118 τῶν
1048 5063 1347 5134 όρθοδόξων
1393 5065 1677 5117 κοινωνίαν
1724 5066 1845 5157 0/51:-

268 5159 597 5227 επάγγελτοι
615 5158 1020 5228 προσεδέχοντο.
1042 5155 1115 5210 Τὸ
1130 5156 1184 5209 δὲ
1209 5157 1482 5226 αἱρετικὸν
1503 5157 1607 5209 τῶν
1621 5155 1845 5209 δικαίων

269 5254 506 5320 ιλιγχων
532 5249 627 5303 καὶ
658 5248 1055 5319 φιλανθρώπων
1078 5250 1455 5319 παραινέσεων
1476 5250 1663 5301 οὐδένα
1690 5250 1847 5315 ποιή-

269 5362 462 5408 σαντες
514 5344 691 5412 λόγον,
728 5344 827 5413 τῆς
854 5342 1062 5405 οίκείας
1108 5341 1169 5394 οὐ
1223 5340 1468 5411 μεθίεντο
1507 5339 1840 5399 δυσσεϐείας,

279 5436 664 5491 Ἐκϐἀλλονται
698 5435 880 5488 τοίνυν
904 5435 994 5487 διὰ
1019 5432 1175 5486 τοῦτο
1204 5433 1297 5485 καὶ
1318 5432 1412 5485 τοῦ
1444 5431 1723 5501 συνεδρίου
1752 5429 1846 5482 καὶ

266 5529 372 5599 τῆς
398 5528 626 5591 πόλεως,
648 5527 741 5579 καὶ
768 5527 801 5596 ἠ
838 5525 1053 5588 σύνοδος
1078 5515 1371 5595 χειροτονεῖ
1400 5524 1488 5575 τὸν
1519 5522 1839 5590 Νεκτάριον,

269 5618 638 5690 συγκλητικοῦ
701 5617 798 5685 μὶν
834 5617 1059 5688 αἰματος
1098 5616 1247 5683 ὄντα,
1305 5615 1476 5686 ἀρχὴν
1523 5614 1577 5666 δὲ
1611 5614 1706 5681 τὴν
1750 5610 1840 5663 τοῦ

2019 4777 2159 4831 Χιιι.
2196 4778 2541 4833 Admonebat
2564 4787 2749 4834 autem
2796 4780 3125 4848 imperator,
3166 4782 3525 4851 etfquotquot

1945 4877 2103 4922 erant
2169 4868 2489 4931 orthodoxi,
2518 4884 2614 4924 eos
2646 4872 2740 4939 qui
2776 4871 3156 4939 sequebantur
3187 4881 3374 4939 partes
3411 4874 3523 4927 ha:-

1944 4959 2263 5016 reticorum.
2299 4968 2358 5013 ut
2389 4976 2514 5013 cum
2553 4962 2636 5014 eis
2673 4962 3081 5023 consentirent,
3111 4973 3170 5014 et
3229 4970 3523 5016 tuerentur

1943 5051 2292 5113 homousion,
2327 5052 2384 5106 in
2423 5054 2743 5107 memoriam
2774 5063 3120 5117 revocantes,
3155 5056 3301 5122 quod
3327 5057 3521 5109 ortho-

1942 5145 2212 5199 doxornm
2261 5147 2708 5201 communionem
2746 5164 2843 5202 sua
2897 5159 3093 5217 sponte
3150 5147 3520 5203 admiserunt.

1944 5237 2197 5292 Hmretici
2232 5248 2416 5291 autem
2457 5240 2733 5308 iustarum
2784 5240 3278 5308 reprehensionum
3308 5250 3364 5294 et
3420 5241 3521 5295 bc-

1941 5331 2233 5400 nignarum
2283 5331 2722 5387 admonitionum
2772 5333 2981 5386 nullam
3015 5332 3282 5386 ducentes
3335 5333 3509 5387 ratio-

1943 5437 2091 5482 nem.
2133 5438 2286 5476 suam
2328 5438 2437 5477 non
2492 5424 2843 5477 dimittebant
2877 5424 3521 5493 impietatem.Pr0ptcr-

1941 5528 2003 5567 ea
2033 5529 2181 5585 ergo
2205 5515 2500 5577 eiiéiunlur
2528 5531 2556 5567 e
2580 5517 2817 5570 concilio
2848 5524 2903 5570 et
2929 5531 2958 5569 e
2989 5516 3234 5569 civitate.
3262 5514 3519 5585 Synodus

1943 5612 2121 5656 autem
2145 5603 2300 5673 eligit
2329 5604 2665 5667 Nectarium,
2685 5607 2774 5676 qui
2802 5632 2811 5657 ι
2835 5616 2918 5660 rat
2947 5608 3167 5676 quidem
3200 5622 3229 5661 ο
3254 5606 3520 5676 sanguine

348 5797 455 5867 (18)
499 5799 652 5851 Anno
687 5795 811 5851 359.
2041 5791 2152 5860 με»)
2181 5790 2333 5842 Anno
2356 5788 2474 5842 581.
