4242 6442
249 352 353 415 897

1284 360 1461 421 VITA
1502 360 1563 418 S.
1592 357 1908 418 NAZARlI
1946 358 2051 416 ET
2110 355 2523 416 SOCIORUM.

3409 359 3516 423 898

247 486 363 536 νος,
388 471 627 525 πλούσιοι
647 476 743 543 μὲν
757 474 921 543 ipsam
938 475 1027 526 ml
1046 474 1160 545 βίον
1181 476 1272 528 καὶ
1296 474 1518 545 ἀρετὴν,
1538 477 1641 528 ὐπὸ
1656 475 1823 543 καθη-
1853 481 1894 536 Α

1853 481 1894 536 Α
1926 488 2058 527 vero
2092 472 2203 540 ipsa
2238 486 2457 540 quoque
2505 480 2627 523 erat
2660 470 2902 525 Romana
2932 486 3156 541 genere,
3185 472 3349 527 ambo
3387 472 3511 540 qui-

250 566 393 634 γητῇ
424 563 481 616 δὲ
506 565 695 635 Πέτρῳ
732 566 809 636 τῷ
824 566 919 618 τοῦ
942 565 1100 636 χοροῦ
1128 568 1411 637 κορυφαίῳ
1433 566 1543 619 τῶν
1576 567 1832 636 μαθητῶν

249 652 335 722 τῷ
352 654 470 724 Θεῷ
486 655 683 725 μᾶλλον
694 655 1069 719 οίκειωθέντες
1089 658 1185 709 καὶ
1201 657 1578 719 τελειωθέντες
1598 657 1748 710 ὕδατί
1777 673 1830 708 τε

253 747 348 796 καὶ
377 746 672 813 πνεύματι·
694 746 917 807 τούτους
944 748 1133 817 ὥσπερ
1159 746 1443 808 εὐσεϐείας
1464 749 1492 799 6
1522 747 1653 809 Θεὸς
1680 729 1853 817 ἀμειέ

248 833 507 902 ϐόμενος,
552 836 805 905 καθάπερ
846 838 1011 891 πάλαι
1042 839 1171 891 ποτὲ
1206 839 1296 891 τὸν
1336 838 1590 908 ’Δϐραάμ
1612 842 1708 907 τῆς
1751 856 1835 906 φι-

245 926 501 989 -λοξενίας
549 928 681 990 υἱὸν,
733 928 916 991 αὐτοῖς
961 930 1053 982 καὶ
1100 928 1435 999 κληρονόμον
1482 929 1583 998 τῆς
1631 932 1832 999 ἀρετῆς

258 1017 377 1086 ἅμα
415 1020 507 1071 καὶ
560 1020 655 1088 τῆς
704 1022 1022 1090 περιουσίας
1065 1022 1155 1074 τὸν
1187 1021 1463 1092 Ναζὰριον
1494 1021 1733 1074 δίδωσιν.
1774 1021 1832 1073 '0

256 1111 318 1163 δὲ
346 1106 433 1163 οἷα
465 1115 598 1182 προς
628 1113 765 1165 θεοῦ
792 1113 1095 1182 δεδομένος,
1129 1112 1249 1167 ὅλον
1296 1114 1413 1182 θεῷ
1448 1113 1611 1166 πάλιν
1646 1112 1833 1165 ἑαυτὸν

259 1204 585 1258 ἀντιδίδωσι.
642 1205 750 1257 Καὶ
776 1204 1095 1257 υἱοθετεῑται
1124 1205 1219 1273 μὲν
1247 1205 1405 1266 αὐτὸς
1435 1206 1539 1258 ὐπδ
1564 1203 1722 1255 Λίνου
1762 1204 1835 1271 τῷ

264 1293 399 1362 θείῳ
446 1294 804 1363 βαπτίσματι,
862 1294 920 1355 ὃς
970 1290 1038 1365 ἦν
1079 1297 1285 1362 Πέτρου
1321 1295 1459 1364 μετά
1510 1294 1602 1346 τοῦ
1644 1294 1836 1362 Θρόνυυ

261 1384 358 1435 καὶ
384 1384 480 1453 τῆς
514 1385 713 1453 ἀρετῆς
743 1384 991 1454 διάδοχος
1016 1402 1030 1415 ο
1060 1387 1396 1456 τελεωτέρας
1424 1386 1481 1438 δὲ
1531 1386 1835 1454 ἁπτόμενος

250 1476 499 1545 ἡλικίας,
520 1478 851 1544 τελεωτέρας
874 1479 968 1530 καὶ
990 1478 1086 1547 τῆς
1104 1478 1326 1547 χάριτος
1349 1478 1612 1542 ἀξιοῦται.
1638 1477 1838 1547 Συνηύ-

262 1567 390 1632 ξανε
417 1570 524 1637 γὰρ
555 1569 703 1639 αὐτῷ
731 1569 1015 1639 αὐξομένῳ
1044 1572 1140 1640 τὴν
1172 1568 1328 1634 αὐξιν
1375 1571 1472 1641 τὴν
1505 1570 1696 1621 ἑαυτοῦ
1739 1572 1834 1622 καὶ

264 1661 432 1724 πολὺς
472 1664 560 1714 ἐπὶ
584 1661 818 1730 Χριστὸν
845 1662 982 1732 ἔρως
1016 1662 1108 1715 καὶ
1131 1662 1313 1715 πλεῖον
1342 1664 1540 1732 μᾶλλον
1566 1662 1840 1714 ἐδείκνυτο

266 1755 360 1806 καὶ
395 1754 449 1807 οε
462 1756 622 1825 ρμότε
634 1772 741 1823 ρος.

339 1935 411 1987 B'.
462 1935 613 1987 Ἐπεὶ
639 1936 695 1990 δὲ
718 1938 745 1989 6
784 1938 841 1990 ἐν
870 1937 1019 2006 αὐτῷ
1060 1938 1155 2004 τῆς
1191 1937 1474 2000 εὐσεϐείας
1510 1938 1713 2008 πυρσὸς
1745 1937 1837 1990 ἐπὶ

268 2027 413 2095 μέγα
440 2026 599 2097 ᾔρετο
631 2029 752 2098 ήδη,
786 2028 883 2081 καὶ
922 2028 1150 2091 πολλοὺς
1197 2031 1290 2081 ἐπὶ
1322 2031 1411 2081 τὸν
1439 2029 1604 2097 ἄνδρα
1631 2029 1835 2091 ἐκάλει,

265 2121 393 2180 τοὺς
440 2119 698 2188 Θορύϐους
729 2119 918 2191 ὥσπερ
971 2124 1064 2173 καὶ
1110 2121 1206 2188 τὴν
1238 2122 1435 2190 συνεχῆ
1496 2120 1679 2191 ἄφιξιν
1733 2122 1839 2174 τῶν

268 2213 349 2270 εἰς
380 2210 537 2261 αὐτὸν
581 2211 1042 2279 παραϐαλλόντων
1078 2211 1376 2274 ἐκκλίνων,
1416 2212 1556 2279 ἔγνω
1604 2212 1837 2279 πατρίδα

268 2303 364 2353 καὶ
398 2302 626 2365 οἰκείοις
676 2304 982 2368 ἀπολιπεῖν,
1035 2307 1128 2356 καὶ
1166 2306 1222 2357 ἐν
1259 2305 1513 2374 ἀλλοτρίᾳ
1560 2302 1834 2370 γενέσθαι,

269 2396 417 2457 ὅπως
443 2394 518 2464 τῷ
545 2395 860 2467 ποθουμένῳ
892 2414 949 2448 τε
991 2398 1128 2450 κατά
1173 2398 1336 2466 μόνας
1370 2398 1706 2463 συγγένοιτο,
1746 2396 1838 2447 καὶ

271 2488 589 2559 ἀνακηρύξῃ
622 2490 833 2550 πολλοῖς
861 2490 959 2557 τὴν
1003 2489 1304 2544 εὐσέϐειαν.
1348 2490 1450 2541 Τὸν
1483 2488 1838 2541 ἐπιϐάλλοντα

270 2576 449 2628 τοίνυν
474 2577 617 2645 αὐτῷ
638 2578 837 2648 κλῆρον
865 2580 1013 2648 παρά
1031 2578 1137 2630 τῶν
1160 2580 1427 2631 τεκόντων
1472 2577 1651 2631 λαϐὼν
1675 2577 1840 2641 ἔξεισι

269 2666 371 2735 τῆς
408 2669 684 2737 πατρίδος,
716 2671 808 2721 καὶ
850 2670 1000 2723 πόλιν
1039 2672 1102 2721 ἐκ
1153 2671 1356 2732 πόλεως
1387 2668 1630 2738 ἀμείϐων
1659 2664 1738 2732 οἷς
1773 2668 1840 2725 ἂν

274 2759 525 2828 ἐπισταίη
561 2762 623 2811 ἐκ
673 2759 778 2811 τῶν
834 2760 999 2812 όντων
1058 2763 1308 2830 ἐπήρκει-
1368 2762 1555 2813 ἔπειτα
1605 2764 1698 2814 καὶ
1739 2762 1839 2831 τὴν

278 2850 500 2918 μείζονα
536 2852 800 2920 χορηγίαν
836 2853 925 2903 καὶ
960 2852 1095 2919 πρὸς
1130 2853 1226 2923 τὴν
1275 2853 1448 2921 ἀληθῆ
1469 2852 1569 2921 τῆς
1614 2854 1841 2923 Τριάδος

272 2942 473 3009 γνῶσιν
503 2943 881 3011 ἐχειραγώγει.
912 2946 1016 2995 Καὶ
1045 2945 1243 3013 δήποτε
1276 2947 1428 3014 παρά
1462 2946 1613 2999 πόλιν
1649 2946 1838 3013 ἀφικό-

280 3051 435 3102 μενος
464 3036 823 3087 Πλαιιεντίναν
858 3039 947 3089 καὶ
974 3039 1037 3105 τῇ
1074 3038 1414 3089 Μεδιολάνων
1446 3039 1693 3104 ἐπιστὰς,
1712 3042 1843 3109 Προ-

273 3132 447 3196 τασίῳ
497 3130 589 3178 καὶ
650 3128 928 3197 Γερϐασίῳ
986 3131 1096 3190 τοῖς
1130 3128 1466 3197 Θαυμαστοῖς
1500 3132 1836 3197 ἐντυγχὰνει,

1937 566 2063 619 dem
2100 564 2296 617 divites
2325 572 2381 617 ct
2410 562 2763 616 facultatibus
2791 565 3067 616 etvirtute
3101 582 3113 616 :
3147 563 3307 616 Petro
3327 572 3509 615 autem

1938 657 2278 715 institutore,
2315 654 2468 708 chori
2504 653 2899 722 discipulorum
2934 657 3204 724 principe,
3237 656 3346 708 Deo
3385 655 3512 709 red-

1936 750 2035 803 diti
2071 749 2244 817 magis
2271 747 2586 807 familiares,
2624 762 2876 815 aquaque
2909 759 2964 801 et
3009 751 3201 816 spiritu
3250 764 3512 801 consumo

1938 840 2093 894 mali.
2146 840 2348 892 Eurum
2414 840 2669 905 pietatem
2720 838 2860 890 Deus
2910 838 3077 891 veluti
3130 852 3511 898 remunerans,

1936 931 2211 1000 quomodo
2258 929 2387 982 olim
2440 929 2673 982 Abrahae
2722 928 3175 996 hospitalitatem.
3222 932 3301 982 eis
3361 927 3512 983 dedit

1936 1023 2108 1076 filium
2147 1021 2418 1075 basi-edem
2466 1020 2625 1072 simul
2674 1022 2894 1075 virtutis
2928 1031 2981 1074 et
3015 1024 3307 1081 bonorum,
3337 1022 3510 1074 Naza-

1938 1115 2107 1171 rium.
2144 1114 2235 1167 llle
2269 1122 2475 1176 autem,
2507 1119 2765 1179 tanquam
2796 1128 2826 1166 a
2859 1114 2968 1166 Deo
3005 1113 3185 1174 datus,
3215 1128 3273 1165 se
3320 1126 3512 1164 rursus

1938 1213 2114 1258 totum
2155 1201 2319 1256 tradit
2371 1201 2499 1255 Deo.
2527 1202 2592 1255 Et
2636 1203 2749 1270 ipse
2782 1203 3003 1267 quidem
3060 1202 3111 1255 in
3146 1203 3339 1266 divino
3378 1201 3513 1253 ado-

1934 1305 2123 1365 ptatur
2174 1294 2503 1362 baptismate
2548 1310 2576 1347 a
2615 1294 2773 1356 Lino,
2824 1296 2915 1362 qui
2960 1303 3081 1347 erat
3140 1294 3313 1362 ipsius
3364 1293 3509 1347 Petri

1939 1387 2086 1441 sedis
2117 1396 2172 1442 et
2223 1388 2450 1440 virtutis
2494 1402 2801 1441 successor.
2843 1384 2979 1440 Cum
3029 1397 3213 1439 autem
3264 1387 3331 1438 ad
3390 1383 3512 1452 per-

1937 1480 2223 1533 fcctiorcm
2282 1480 2625 1548 pervenisset
2656 1487 2895 1541 aetatem,
2933 1478 3317 1547 perfectinrem
3370 1494 3509 1544 quo-

1940 1586 2047 1640 que
2093 1574 2319 1641 gratiam
2362 1571 2742 1639 consequitur.
2788 1573 2902 1639 Ipse
2953 1571 3098 1624 enim
3134 1570 3298 1623 simul
3345 1586 3515 1636 auge-

1938 1663 2125 1727 batur,
2157 1674 2214 1717 ct
2242 1664 2325 1716 sui
2377 1662 2685 1730 accipiebat
2735 1664 3159 1723 incrementum,
3193 1672 3248 1714 et
3287 1677 3516 1731 magnus

1938 1758 2059 1828 ejus
2107 1771 2261 1810 amor
2308 1740 2672 1811 in-L'liristum
2710 1755 3042 1809 reddebatur
3083 1758 3257 1826 major
3306 1767 3362 1810 et
3408 1757 3516 1809 fer-

1872 1827 1909 1884 ⁸
1943 1849 2177 1903 ventior.

2015 1944 2079 1998 ll.
2129 1944 2266 1999 Cum
2324 1960 2451 1998 vero
2487 1946 2728 2014 pietatis,
2772 1961 2893 2014 qua:
2947 1952 3067 1999 erat
3108 1942 3163 1997 in
3228 1944 3365 2012 ipso,
3425 1943 3513 1996 fax

1940 2036 2100 2090 Valde
2157 2046 2300 2091 esset
2328 2036 2401 2103 {in
2459 2037 2630 2089 altum
2667 2036 2902 2099 sublata,
2957 2048 3012 2091 et
3054 2036 3252 2090 inultos
3282 2036 3348 2089 ad
3386 2052 3512 2089 cum

1941 2133 2185 2186 vocaret,
2240 2134 2296 2176 et
2354 2125 2622 2178 tumultus
2655 2135 2709 2179 et
2743 2127 3066 2180 continuum
3097 2142 3287 2180 eorum
3312 2127 3407 2195 qui
3444 2126 3514 2179 ad

1942 2216 2116 2284 ipsum
2174 2216 2509 2269 accedebant
2573 2216 2869 2271 adventum
2946 2220 3269 2282 declinans,
3323 2220 3517 2272 statuit

1940 2306 2170 2373 patriam
2204 2318 2260 2360 et
2297 2322 2427 2361 suos
2470 2310 2783 2377 relinquere
2814 2315 3177 2370 necessarios.
3214 2322 3268 2363 et
3302 2312 3515 2365 versari

1940 2397 1996 2450 in
2025 2399 2224 2460 aliena.
2262 2409 2319 2451 ut
2346 2409 2401 2453 et
2448 2415 2573 2453 cum
2606 2416 2691 2465 eo,
2728 2416 2892 2470 quem
2939 2402 3307 2463 desiderabat,
3365 2419 3518 2457 seor-

1940 2506 2063 2545 sum
2098 2493 2529 2563 colloqueretur,
2568 2504 2623 2549 et
2658 2497 2847 2551 multis
2873 2497 3195 2565 praedicaret
3232 2498 3514 2566 pietatem.

1940 2583 2077 2637 Cum
2124 2600 2254 2655 ergo
2300 2586 2698 2653 ba-reditatem,
2744 2604 2863 2657 quae
2904 2590 2971 2642 ad
3008 2604 3134 2642 eum
3185 2592 3517 2658 pertinebat,

1941 2678 2245 2745 accepisset
2288 2694 2317 2730 a
2347 2680 2692 2746 parentibus,
2729 2682 3009 2750 egreditur
3044 2698 3073 2736 e
3112 2683 3287 2749 patria
3322 2700 3335 2736 :
3369 2692 3424 2737 et
3453 2698 3521 2736 ex

1944 2784 2051 2822 una
2102 2770 2324 2823 civitate
2371 2772 2647 2826 transiens
2696 2774 2750 2825 in
2807 2773 2969 2827 aliam
2998 2774 3108 2841 ,ad
3164 2790 3522 2845 quoscunque

1941 2860 2283 2921 accessisset,
2319 2861 2385 2913 iis
2421 2876 2581 2930 opem
2631 2863 2844 2918 ferebat
2886 2880 2953 2918 ex
2988 2866 3103 2919 suis
3145 2866 3518 2920 facultatibus.

1943 2953 2151 3006 Deinde
2184 2954 2352 3006 etiam
2384 2955 2467 3008 eis
2498 2956 2707 3023 majora
2742 2957 3151 3025 suppeditabat,
3196 2970 3255 3011 ut
3282 2958 3375 3027 qui
3424 2972 3522 3013 eos

1943 3045 2241 3101 deduceret
2305 3047 2372 3100 ad
2426 3063 2609 3101 veram
2667 3048 2954 3103 Trinitatis
3007 3051 3399 3119 cognitionem.
3456 3051 3524 3105 Et

1944 3152 2067 3190 cum
2105 3138 2344 3191 venisset
2396 3138 2749 3204 Placentiam,
2796 3150 2850 3194 et
2896 3142 3219 3195 accessisset
3260 3142 3523 3196 Mediola-

276 3218 681 3278 κατακλείστοις
710 3218 807 3286 μὲν
842 3220 943 3269 ὐπὸ
982 3220 1074 3270 τοῦ
1108 3218 1361 3287 ἄρχοντος
1402 3221 1627 3281 Ἰταλίας
1664 3224 1844 3274 ⁹Ανου-
1868 3187 1911 3248 C
1947 3247 1951 3282 1

1868 3187 1911 3248 Ο
1947 3246 2096 3293 num,
2130 3231 2389 3285 convenit
2423 3231 2746 3286 Gervasium
2799 3243 2855 3286 et
2887 3233 3194 3287 Protasium
3235 3236 3383 3287 viros
3429 3235 3524 3287 ad-

278 3308 423 3360 λίνου
452 3308 538 3359 δια
568 3308 663 3376 τὴν
694 3311 769 3370 εἰς
802 3311 1033 3379 Χριστὸν
1061 3312 1349 3378 ὁμολογίαν
1370 3312 1701 3379 γενομένοις,
1726 3314 1843 3374 ταῖς

281 3400 752 3467 παραδοξοποιίαις
793 3401 846 3451 δὲ
898 3403 989 3452 καὶ
1030 3404 1142 3463 τοῖς
1188 3401 1426 3471 Θαύμασι
1459 3404 1552 3455 καὶ
1578 3403 1721 3479 πρὸς
1748 3405 1843 3467 τὰς

278 3493 508 3561 ὁμόρους
542 3494 722 3563 χώρας
755 3495 1173 3563 ὲφαπλομένοις.

353 3774 423 3827 I".
474 3775 743 3842 Ἐντυχὼν
770 3775 862 3827 οὖν
894 3778 1003 3836 τοῖς
1043 3776 1298 3843 ἀνδράσιν
1330 3778 1357 3828 6
1392 3777 1533 3839 θεῖος
1570 3778 1846 3847 Ναζάριος

281 3869 342 3935 τῇ
373 3884 429 3915 τε
460 3866 557 3932 τῆς
583 3868 817 3928 πίστεως
850 3868 941 3917 καὶ
971 3870 1035 3934 τῇ
1063 3868 1156 3933 τῆς
1197 3868 1394 3934 ἀρετῆς
1438 3870 1688 3940 κοινωνίᾳ
1710 3871 1847 3937 ,τού-

279 3974 401 4014 τους
430 3958 727 4019 οἰκειιυθεὶς
772 3959 1065 4025 (ἐγγίνεται
1106 3960 1214 4027 γάρ
1246 3976 1297 4011 τι
1341 3959 1561 4029 φίλτρον
1602 3966 1713 4023 τοῖς
1741 3962 1844 4013 τῶν

280 4052 411 4101 ἴσων
446 4050 641 4118 ἐρῶσιν
665 4050 760 4117 οὐχ
796 4044 954 4118 ἧττον
987 4051 1016 4115 ἦ
1044 4052 1150 4111 τοῖς
1182 4049 1273 4101 τοῦ
1308 4050 1470 4101 αὐτοῦ
1499 4051 1842 4103 κοινωνοῦσιν

280 4142 551 4209 αἵματος),
592 4143 725 4208 πρὸς
775 4144 871 4207 τὴν
911 4140 1215 4207 μαρτυρίαν
1272 4141 1464 4200 αὐτοὺς
1525 4141 1841 4207 ὑπαλείφει,

281 4234 371 4281 καὶ
399 4230 553 4298 θήγει
576 4230 779 4291 τούτοις
807 4230 897 4281 τὸν
924 4231 1055 4299 πρὸς
1082 4231 1313 4297 Χριστὸν
1338 4230 1532 4298 ἔρωτα.
1570 4231 1845 4283 Ἐντεῦθεν

279 4321 371 4372 τοῦ
421 4322 612 4389 ἀνδρὸς
648 4325 803 4389 φήμη
854 4324 1155 4388 πανταχόσε
1195 4320 1494 4371 διαδοθείσα
1530 4320 1718 4385 φθάνει
1755 4322 1845 4372 καὶ

283 4416 443 4481 μέχρι
496 4412 587 4464 τοῦ
636 4412 893 4480 ἄρχοντος
938 4410 1263 4463 Ἀνουλίνου.
1305 4411 1365 4465 Ὀ
1404 4411 1459 4463 δέ
1489 4411 1845 4479 παρασττισάπ

284 4521 441 4573 μενος
464 4506 554 4555 τὸν
582 4504 772 4568 Ναζάρ
799 4520 855 4555 ον
876 4497 962 4555 οἷα
995 4502 1287 4571 σύμϐουλός
1318 4519 1377 4554 τε
1405 4503 1550 4571 αὐτῷ
1580 4504 1839 4555 καθίσταο

281 4614 390 4660 ται,
423 4596 517 4648 καὶ
552 4595 624 4664 μὴ
652 4594 864 4647 ἀσεϐεῖν
894 4595 1027 4664 μηδέ
1060 4594 1362 4663 ἐνυϐρίζειν
1382 4594 1461 4656 είς
1486 4596 1610 4656 τοὺς
1637 4597 1841 4647 ἐκείνου

285 4688 438 4750 Θεούς
488 4689 773 4755 παραινεῖ·
809 4683 927 4738 εἶτα
979 4686 1165 4744 ἐπειδὴ
1208 4685 1350 4752 ἔγνω
1398 4686 1486 4737 τὸν
1536 4686 1689 4753 ἅγιον
1726 4685 1841 4738 οὐδέ

286 4779 450 4845 ἀκοῆς
475 4779 630 4841 ἀξίαν
657 4778 955 4847 ἡγούμενον
974 4776 1069 4846 τὴν
1091 4776 1255 4829 αὐτοῦ
1277 4776 1610 4845 συμϐουλὴν,
1639 4778 1710 4845 (τί
1737 4778 1804 4845 γά
1814 4795 1844 4847 ρ

284 4871 452 4932 οὕτως
492 4871 791 4940 ἐπιτήδειον
825 4871 903 4931 είς
952 4869 1110 4938 ὕϐριν
1165 4869 1241 4929 ὡς
1299 4870 1366 4921 τά
1432 4868 1881 4951 βδελύγματαῂ.

283 4964 431 5017 παίει
460 4962 599 5014 κατά
623 4962 729 5014 τῶν
762 4963 1025 5029 σιαγόνων
1049 4961 1267 5026 πολλὰς,
1305 4963 1395 5012 καὶ
1426 4961 1612 5029 ὥσπερ
1640 4980 1688 5014 τι
1718 4962 1846 5028 ἄγος
1882 4967 1890 4977 “

283 5057 310 5107 ό
341 5055 695 5122 ἐναγέστατος
734 5054 941 5123 ἀτίμως
972 5054 1134 5107 αὐτὸν
1172 5055 1267 5124 τῆς
1296 5054 1502 5115 πόλεως
1528 5053 1842 5107 ἀπελαύνει.

281 5148 456 5203 Τοῦτο
481 5148 537 5201 δέ
565 5149 673 5217 ὅσῳ
710 5146 849 5217 μέγα
878 5148 955 5208 είς
980 5147 1248 5219 τιμωρίαν
1279 5146 1453 5198 ἐδόκει
1480 5145 1557 5215 τῷ
1590 5148 1841 5217 δικαστῇ.

282 5244 521 5310 τοσούτῳ
541 5242 725 5310 μεῖζον
743 5241 820 5302 είς
840 5240 1157 5310 εὐεργεσίαν
1178 5239 1429 5308 ἐλογίσθη
1461 5239 1538 5309 τῷ
1566 5239 1842 5307 Ναζαρίῳ·

285 5337 367 5390 δτι
388 5334 480 5387 καὶ
511 5332 731 5403 πληγιῖιν
757 5332 843 5384 διὰ
872 5331 964 5384 τὸν
994 5333 1133 5398 ὑπὲρ
1154 5333 1318 5384 αὐτοῦ
1351 5332 1590 5384 παθόντα
1617 5330 1847 5399 Χριστὸν

285 5420 506 5492 ὴξίωτο.
552 5423 725 5493 Ἑξῄει
753 5422 929 5473 τοίνυν
958 5422 1018 5474 οὐ
1048 5422 1284 5488 σιωπῶν,
1320 5423 1439 5473 οὐδὲ
1474 5423 1573 5489 τὴν
1602 5421 1846 5485 γλῶτταν

286 5514 560 5581 ἄφθογγος
598 5515 691 5566 καὶ
721 5515 797 5583 τῷ
824 5514 930 5566 δέει
966 5514 1354 5581 πεπεδημένος,
1389 5513 1521 5565 ἀλλὰ
1574 5514 1670 5581 τῆς
1718 5529 1847 5563 συν-

286 5607 452 5677 ήοους
472 5608 723 5675 ἐχόμενος
738 5607 1101 5670 διδασκαλίας,
1117 5609 1207 5658 καὶ
1229 5606 1572 5665 πολλοὺςτῶν
1590 5606 1847 5674 ςάπίστων

287 5699 420 5749 εῐσω
466 5698 561 5764 τῆς
596 5696 691 5748 τοῦ
736 5696 975 5766 Χριστοῦ
1019 5699 1258 5763 σαγήνης
1308 5695 1641 5761 ποιούμενος.
1692 5696 1849 5746 Κατά

287 5789 418 5842 γοῦν
453 5790 551 5847 τὴν
598 5788 761 5840 νύκτα
797 5790 1009 5841 ἐκείνην
1062 5789 1233 5839 ὲΞόκει
1285 5788 1543 5843 Νλῖαείω
1590 5790 1616 5835 +
1670 5787 1848 5840 υῆττρ

1873 4547 1923 4607 1)

1946 3319 2247 3382 mirabiles,
2283 3320 2376 3387 qui
2416 3321 2482 3373 aL-
2523 3320 2691 3374 ltaliae
2742 3321 2963 3389 quidem
3001 3322 3231 3389 praeside
3284 3321 3524 3376 Anulino

1940 3410 2051 3479 jam
2101 3410 2319 3464 fuerant
2365 3412 2419 3465 in
2455 3426 2734 3465 carcerem
2774 3413 2968 3465 inclusi
3012 3422 3234 3482 propter
3264 3418 3418 3467 suam
3468 3414 3522 3467 in

1945 3501 2225 3556 Christum
2280 3502 2724 3568 confessionem;
2778 3504 2844 3557 iis
2901 3515 3107 3566 autem,
3149 3521 3269 3572 qua:
3325 3505 3522 3561 fiebant

1946 3603 2145 3660 praeter
2175 3596 2423 3648 omnium
2466 3596 2807 3663 opinionem,
2841 3604 2896 3647 et
2932 3595 3213 3648 miraculis
3256 3592 3518 3650 extende-

1947 3686 2146 3739 bantur
2182 3688 2322 3740 fama
2359 3687 2424 3740 ad
2465 3688 2722 3740 ﬁnitimas
2750 3689 2915 3739 etiam
2953 3690 3226 3755 regiones.

2018 3777 2105 3829 lli.
2147 3778 2283 3831 Cum
2316 3794 2411 3831 eos
2444 3793 2574 3845 ergo
2608 3779 2827 3829 divinus
2860 3780 3208 3831 convenisset
3238 3779 3515 3845 Nazarius,

1950 3865 2073 3917 fidei
2108 3876 2163 3918 et
2189 3869 2409 3921 virtutis
2442 3868 2828 3921 communione
2862 3869 2943 3920 eis
2976 3869 3207 3921 etfectus
3234 3870 3519 3925 familiaris

1951 3956 2325 4025 (ingeni-ratur
2359 3962 2503 4011 enim
2551 3958 2771 4025 quidam
2800 3974 2955 4011 amor
2986 3977 3039 4011 Ill
3081 3961 3147 4011 iis
3179 3961 3270 4028 qui
3304 3975 3517 4014 earum-

1931 4040 2070 4097 dem
2123 4062 2304 4099 rerum
2347 4062 2530 4099 amore
2570 4059 2852 4109 tenentur,
2903 4063 3011 4099 non
3052 4050 3233 4101 minus
3261 4065 3423 4116 quam
3466 4053 3519 4104 in

1948 4138 2395 4205 consanguineis)
2423 4152 2519 4188 eos
2554 4138 2763 4197 incitat,
2800 4146 2855 4188 et
2885 4138 2964 4190 eis
2992 4139 3232 4190 animum
3258 4140 3408 4192 addit
3454 4140 3521 4192 ad

1948 4232 2290 4299 martyrium,
2323 4238 2377 4281 et
2410 4227 2586 4279 reddit
2617 4228 2885 4280 acriorem
2916 4244 3109 4279 eorum
3156 4229 3209 4281 in
3242 4230 3520 4282 Christum

1945 4305 2207 4375 amorem.
2244 4319 2380 4371 Hinc
2412 4318 2625 4370 Nazarii
2656 4318 2797 4370 fama
2833 4318 2886 4369 in
2919 4334 3136 4370 onmem
3202 4332 3407 4385 partem
3438 4320 3522 4373 di—

1948 4434 2158 4488 spersa,
2192 4415 2438 4484 pervenit
2475 4414 2639 4468 etiam
2690 4428 2861 4482 usque
2897 4413 2962 4465 ad
2993 4414 3277 4482 praesidem
3331 4415 3521 4467 Attuli-

1950 4525 2102 4563 num.
2136 4509 2228 4561 Ille
2262 4516 2441 4560 autem
2482 4521 2603 4559 cum
2649 4505 2767 4557 sisti
2813 4516 3057 4557 curasset
3107 4505 3424 4570 Nazarium,
3462 4512 3520 4559 fit

1951 4603 2000 4656 ei
2032 4610 2285 4668 tanquam
2341 4597 2717 4659 consiliarius,
2766 4603 2821 4649 et
2854 4596 3051 4649 suadet
3089 4612 3156 4650 ne
3182 4598 3253 4651 sit
3295 4598 3518 4667 impius.

1947 4708 2047 4746 nec
2091 4692 2239 4745 illius
2270 4688 2402 4743 deos
2436 4688 2651 4757 probris
2704 4687 3006 4740 insectetur
3056 4696 3111 4740 et
3148 4688 3515 4742 contumeliis.

1948 4784 2155 4837 Deinde
2220 4791 2508 4851 postquam
2561 4780 2820 4846 cognovit
2873 4787 3122 4832 sanctum
3183 4795 3248 4832 ne
3297 4780 3518 4848 dignum

1947 4879 2191 4947 quidem,
2248 4876 2391 4944 quod
2440 4874 2748 4937 audiretur,
2812 4883 3005 4941 putare
3040 4873 3330 4926 consilium
3365 4874 3519 4943 (quid

1946 4972 2093 5025 enim
2149 4977 2233 5021 est
2291 4966 2358 5019 ad
2414 4964 2633 5034 probris
2677 4962 3047 5031 appetendum
3094 4963 3297 5032 aptius,
3355 4981 3518 5033 quam

1950 5062 2119 5114 multa
2140 5072 2267 5127 qua
2288 5057 2547 5111 coluntur
2573 5055 2867 5108 simulacra
2907 5054 2949 5120 ?)
2972 5056 3095 5123 ejus
3122 5054 3354 5107 maxillis
3377 5057 3522 5109 mul-

1954 5157 2036 5203 tos
2062 5147 2315 5217 impingit
2338 5146 2688 5215 colaphos,et
2715 5152 2971 5211 tanquam
3000 5143 3220 5211 aliquod
3244 5141 3515 5212 piaculum

1948 5241 2032 5293 vir
2061 5237 2427 5294 exsecrandus
2457 5251 2585 5290 eum
2621 5251 2747 5289 cum
2778 5235 2985 5303 probro
3017 5244 3073 5287 et
3106 5236 3378 5289 dedecore
3420 5251 3515 5288 ex-

1950 5332 2157 5401 pellite
2186 5330 2424 5384 civitate.
2459 5329 2573 5382 Hoc
2607 5338 2788 5380 autem
2843 5340 3107 5395 quantum
3158 5327 3331 5395 judici
3367 5328 3489 5381 vide

1951 5425 2112 5477 batur
2159 5437 2412 5490 magnum
2468 5420 2534 5472 ad
2596 5420 2974 5486 supplicium,
3014 5430 3224 5471 tantum
3288 5419 3503 5471 Nazarit

1950 5513 2319 5565 existimatum
2350 5520 2433 5563 est
2456 5508 2627 5576 majus
2646 5508 2711 5560 ad
2744 5508 3072 5561 beneficium
3104 5550 3119 5571 ,
3148 5508 3291 5575 quod
3321 5507 3510 5576 dignut

1952 5601 2171 5654 liabitus
2202 5600 2273 5652 sit
2305 5601 2487 5667 plagas
2535 5598 2788 5663 accipere
2823 5609 3049 5666 propter
3076 5598 3358 5649 Chrisnum
3426 5596 3516 5662 qui

1954 5708 2055 5760 pro
2092 5692 2210 5759 ipso
2243 5704 2435 5759 passus
2462 5698 2564 5742 est.
2608 5689 2874 5756 Egressus
2904 5697 2987 5740 est
3032 5702 3163 5755 ergo
3190 5703 3297 5739 non
3329 5687 3515 5744 silens,

1956 5798 2130 5839 nctuc
2177 5783 2413 5835 eiinzuis
2464 5794 2526 5833 ac
2576 5792 2781 5833 mutus.
2832 5788 2885 5832 et
2938 5787 3086 5831 metu
3138 5780 3373 5833 vinctus.
3424 5775 3517 5828 sed
