  <div class='ocr_page' id='page_1' title='image "/cluster/home/n/w/nwhite01/storage/ocr_20150623/116/nnc1.0046980156/511.png"; bbox 0 0 4242 6442; ppageno 0'>
   <div class='ocr_carea' id='block_1_1' title="bbox 781 323 892 387">
    <p class='ocr_par' dir='ltr' id='par_1_1' title="bbox 781 323 892 387">
     <span class='ocr_line' id='line_1_1' title="bbox 781 323 892 387; baseline 0 0"><span class='ocrx_word' id='word_1_1' title='bbox 781 323 892 387; x_wconf 77' lang='lat'><strong>898</strong></span> 
     </span>
    </p>
   </div>
   <div class='ocr_carea' id='block_1_2' title="bbox 1995 323 2832 391">
    <p class='ocr_par' dir='ltr' id='par_1_2' title="bbox 1995 323 2832 391">
     <span class='ocr_line' id='line_1_2' title="bbox 1995 323 2832 391; baseline 0.004 -9"><span class='ocrx_word' id='word_1_2' title='bbox 1995 323 2380 386; x_wconf 77' lang='lat' dir='ltr'><strong>ADDENDA.</strong></span> <span class='ocrx_word' id='word_1_3' title='bbox 2413 352 2480 362; x_wconf 88' lang='lat'><strong>—</strong></span> <span class='ocrx_word' id='word_1_4' title='bbox 2519 329 2832 391; x_wconf 75' lang='lat' dir='ltr'><strong>JUNIUS.</strong></span> 
     </span>
    </p>
   </div>
   <div class='ocr_carea' id='block_1_3' title="bbox 3939 330 4048 392">
    <p class='ocr_par' dir='ltr' id='par_1_3' title="bbox 3939 330 4048 392">
     <span class='ocr_line' id='line_1_3' title="bbox 3939 330 4048 392; baseline 0 0"><span class='ocrx_word' id='word_1_5' title='bbox 3939 330 4048 392; x_wconf 66' lang='grc' dir='ltr'><strong>κθ</strong></span> 
     </span>
    </p>
   </div>
   <div class='ocr_carea' id='block_1_4' title="bbox 784 433 2459 513">
    <p class='ocr_par' dir='ltr' id='par_1_4' title="bbox 784 433 2438 506">
     <span class='ocr_line' id='line_1_4' title="bbox 784 433 2438 506; baseline -0.001 -15"><span class='ocrx_word' id='word_1_6' title='bbox 784 449 1019 506; x_wconf 87' lang='lat' dir='ltr'><strong>pergens</strong></span> <span class='ocrx_word' id='word_1_7' title='bbox 1048 433 1248 489; x_wconf 89' lang='lat' dir='ltr'><strong>docere</strong></span> <span class='ocrx_word' id='word_1_8' title='bbox 1275 442 1335 487; x_wconf 90' lang='lat' dir='ltr'><strong>ut</strong></span> <span class='ocrx_word' id='word_1_9' title='bbox 1361 441 1750 499; x_wconf 73' lang='lat' dir='ltr'><strong>consueverat,</strong></span> <span class='ocrx_word' id='word_1_10' title='bbox 1782 444 1839 488; x_wconf 91' lang='lat' dir='ltr'><strong>et</strong></span> <span class='ocrx_word' id='word_1_11' title='bbox 1868 435 2073 488; x_wconf 81' lang='lat' dir='ltr'><strong>multos</strong></span> <span class='ocrx_word' id='word_1_12' title='bbox 2116 437 2365 490; x_wconf 80' lang='lat' dir='ltr'><strong>inﬁdeles</strong></span> <span class='ocrx_word' id='word_1_13' title='bbox 2395 446 2438 498; x_wconf 76' lang='grc' dir='ltr'><strong>Α</strong></span> 
     </span>
    </p>
   </div>
   <div class='ocr_carea' id='block_1_5' title="bbox 2371 433 4046 513">
    <p class='ocr_par' dir='ltr' id='par_1_5' title="bbox 2395 441 4046 513">
     <span class='ocr_line' id='line_1_5' title="bbox 2395 441 4046 513; baseline 0.004 -22"><span class='ocrx_word' id='word_1_14' title='bbox 2395 446 2438 498; x_wconf 76' lang='grc' dir='ltr'><strong>Α</strong></span> <span class='ocrx_word' id='word_1_15' title='bbox 2467 441 2738 495; x_wconf 81' lang='grc' dir='ltr'><strong>ἐπιστᾶσα</strong></span> <span class='ocrx_word' id='word_1_16' title='bbox 2789 445 3118 513; x_wconf 79' lang='grc' dir='ltr'><strong>προτρέπειν</strong></span> <span class='ocrx_word' id='word_1_17' title='bbox 3170 443 3318 510; x_wconf 76' lang='grc' dir='ltr'><strong>αὐτῷ</strong></span> <span class='ocrx_word' id='word_1_18' title='bbox 3361 445 3454 498; x_wconf 73' lang='grc' dir='ltr'><strong>καὶ</strong></span> <span class='ocrx_word' id='word_1_19' title='bbox 3500 445 3599 505; x_wconf 67' lang='grc' dir='ltr'><strong>τὰς</strong></span> <span class='ocrx_word' id='word_1_20' title='bbox 3653 445 3762 496; x_wconf 62' lang='lat' dir='ltr'><strong>silv</strong></span> <span class='ocrx_word' id='word_1_21' title='bbox 3798 443 4046 497; x_wconf 62' lang='grc' dir='ltr'><strong>Γαλλᾶη</strong></span> 
     </span>
    </p>
   </div>
   <div class='ocr_carea' id='block_1_6' title="bbox 785 524 2358 596">
    <p class='ocr_par' dir='ltr' id='par_1_6' title="bbox 785 524 2358 596">
     <span class='ocr_line' id='line_1_6' title="bbox 785 524 2358 596; baseline -0.001 -13"><span class='ocrx_word' id='word_1_22' title='bbox 785 527 1059 583; x_wconf 88' lang='lat' dir='ltr'><strong>inducens</strong></span> <span class='ocrx_word' id='word_1_23' title='bbox 1100 526 1242 581; x_wconf 90' lang='lat' dir='ltr'><strong>intra</strong></span> <span class='ocrx_word' id='word_1_24' title='bbox 1276 524 1479 580; x_wconf 81' lang='lat' dir='ltr'><strong>Christi</strong></span> <span class='ocrx_word' id='word_1_25' title='bbox 1521 540 1797 596; x_wconf 86' lang='lat' dir='ltr'><strong>sagenam.</strong></span> <span class='ocrx_word' id='word_1_26' title='bbox 1835 527 2006 580; x_wconf 86' lang='lat' dir='ltr'><strong>Porro</strong></span> <span class='ocrx_word' id='word_1_27' title='bbox 2043 537 2230 582; x_wconf 90' lang='lat' dir='ltr'><strong>autem</strong></span> <span class='ocrx_word' id='word_1_28' title='bbox 2267 529 2358 582; x_wconf 91' lang='lat' dir='ltr'><strong>illa</strong></span> 
     </span>
    </p>
   </div>
   <div class='ocr_carea' id='block_1_7' title="bbox 779 617 2361 682">
    <p class='ocr_par' dir='ltr' id='par_1_7' title="bbox 779 617 2361 682">
     <span class='ocr_line' id='line_1_7' title="bbox 779 617 2361 682; baseline -0.003 -6"><span class='ocrx_word' id='word_1_29' title='bbox 779 630 949 676; x_wconf 78' lang='lat' dir='ltr'><strong>nocte</strong></span> <span class='ocrx_word' id='word_1_30' title='bbox 986 619 1102 673; x_wconf 91' lang='lat' dir='ltr'><strong>visa</strong></span> <span class='ocrx_word' id='word_1_31' title='bbox 1132 625 1214 671; x_wconf 85' lang='lat' dir='ltr'><strong>est</strong></span> <span class='ocrx_word' id='word_1_32' title='bbox 1247 626 1424 672; x_wconf 95' lang='lat' dir='ltr'><strong>mater</strong></span> <span class='ocrx_word' id='word_1_33' title='bbox 1459 617 1700 672; x_wconf 77' lang='lat' dir='ltr'><strong>Nazario</strong></span> <span class='ocrx_word' id='word_1_34' title='bbox 1729 619 1945 682; x_wconf 85' lang='lat' dir='ltr'><strong>adesse,</strong></span> <span class='ocrx_word' id='word_1_35' title='bbox 1973 627 2032 672; x_wconf 93' lang='lat' dir='ltr'><strong>et</strong></span> <span class='ocrx_word' id='word_1_36' title='bbox 2076 635 2202 672; x_wconf 83' lang='lat' dir='ltr'><strong>eum</strong></span> <span class='ocrx_word' id='word_1_37' title='bbox 2234 619 2361 672; x_wconf 88' lang='lat' dir='ltr'><strong>bor-</strong></span> 
     </span>
    </p>
   </div>
   <div class='ocr_carea' id='block_1_8' title="bbox 785 705 2360 776">
    <p class='ocr_par' dir='ltr' id='par_1_8' title="bbox 785 705 2360 776">
     <span class='ocr_line' id='line_1_8' title="bbox 785 705 2360 776; baseline -0.001 -14"><span class='ocrx_word' id='word_1_38' title='bbox 785 710 913 774; x_wconf 89' lang='lat' dir='ltr'><strong>tari,</strong></span> <span class='ocrx_word' id='word_1_39' title='bbox 947 717 1006 762; x_wconf 88' lang='lat' dir='ltr'><strong>ut</strong></span> <span class='ocrx_word' id='word_1_40' title='bbox 1051 707 1235 761; x_wconf 90' lang='lat' dir='ltr'><strong>obiret</strong></span> <span class='ocrx_word' id='word_1_41' title='bbox 1289 705 1478 760; x_wconf 68' lang='lat' dir='ltr'><strong>Galliae</strong></span> <span class='ocrx_word' id='word_1_42' title='bbox 1533 707 1806 770; x_wconf 72' lang='lat' dir='ltr'><strong>civitates,</strong></span> <span class='ocrx_word' id='word_1_43' title='bbox 1855 716 1912 760; x_wconf 89' lang='lat' dir='ltr'><strong>et</strong></span> <span class='ocrx_word' id='word_1_44' title='bbox 1947 707 1999 759; x_wconf 89' lang='lat' dir='ltr'><strong>in</strong></span> <span class='ocrx_word' id='word_1_45' title='bbox 2042 708 2122 762; x_wconf 87' lang='lat' dir='ltr'><strong>eis</strong></span> <span class='ocrx_word' id='word_1_46' title='bbox 2153 708 2360 776; x_wconf 74' lang='lat' dir='ltr'><strong>iaceret</strong></span> 
     </span>
    </p>
   </div>
   <div class='ocr_carea' id='block_1_9' title="bbox 785 798 2358 860">
    <p class='ocr_par' dir='ltr' id='par_1_9' title="bbox 785 798 2358 860">
     <span class='ocr_line' id='line_1_9' title="bbox 785 798 2358 860; baseline -0.002 -4"><span class='ocrx_word' id='word_1_47' title='bbox 785 803 1000 856; x_wconf 77' lang='lat' dir='ltr'><strong>semina</strong></span> <span class='ocrx_word' id='word_1_48' title='bbox 1035 799 1305 860; x_wconf 83' lang='lat' dir='ltr'><strong>veritatis,</strong></span> <span class='ocrx_word' id='word_1_49' title='bbox 1348 799 1444 852; x_wconf 91' lang='lat' dir='ltr'><strong>llle</strong></span> <span class='ocrx_word' id='word_1_50' title='bbox 1467 809 1672 859; x_wconf 86' lang='lat' dir='ltr'><strong>autem,</strong></span> <span class='ocrx_word' id='word_1_51' title='bbox 1702 807 1762 850; x_wconf 88' lang='lat' dir='ltr'><strong>ut</strong></span> <span class='ocrx_word' id='word_1_52' title='bbox 1789 798 1839 851; x_wconf 81' lang='lat' dir='ltr'><strong>ei</strong></span> <span class='ocrx_word' id='word_1_53' title='bbox 1873 813 1901 851; x_wconf 86' lang='lat' dir='ltr'><strong>a</strong></span> <span class='ocrx_word' id='word_1_54' title='bbox 1941 809 2116 853; x_wconf 83' lang='lat' dir='ltr'><strong>matre</strong></span> <span class='ocrx_word' id='word_1_55' title='bbox 2149 800 2358 854; x_wconf 87' lang='lat' dir='ltr'><strong>dictum</strong></span> 
     </span>
    </p>
   </div>
   <div class='ocr_carea' id='block_1_10' title="bbox 782 890 2360 963">
    <p class='ocr_par' dir='ltr' id='par_1_10' title="bbox 782 890 2360 963">
     <span class='ocr_line' id='line_1_10' title="bbox 782 890 2360 963; baseline -0.003 -13"><span class='ocrx_word' id='word_1_56' title='bbox 782 893 986 960; x_wconf 81' lang='lat' dir='ltr'><strong>fuerat,</strong></span> <span class='ocrx_word' id='word_1_57' title='bbox 1017 894 1169 949; x_wconf 85' lang='lat' dir='ltr'><strong>venit</strong></span> <span class='ocrx_word' id='word_1_58' title='bbox 1198 892 1421 946; x_wconf 83' lang='lat' dir='ltr'><strong>Meliam</strong></span> <span class='ocrx_word' id='word_1_59' title='bbox 1455 890 1558 963; x_wconf 88' lang='lat' dir='ltr'><strong>(est</strong></span> <span class='ocrx_word' id='word_1_60' title='bbox 1594 899 1778 945; x_wconf 90' lang='lat' dir='ltr'><strong>autem</strong></span> <span class='ocrx_word' id='word_1_61' title='bbox 1805 907 1869 945; x_wconf 87' lang='lat' dir='ltr'><strong>ea</strong></span> <span class='ocrx_word' id='word_1_62' title='bbox 1907 908 2015 945; x_wconf 88' lang='lat' dir='ltr'><strong>una</strong></span> <span class='ocrx_word' id='word_1_63' title='bbox 2051 892 2241 946; x_wconf 76' lang='lat' dir='ltr'><strong>Galliae</strong></span> <span class='ocrx_word' id='word_1_64' title='bbox 2275 893 2360 946; x_wconf 83' lang='lat' dir='ltr'><strong>ci-</strong></span> 
     </span>
    </p>
   </div>
   <div class='ocr_carea' id='block_1_11' title="bbox 781 983 2359 1054">
    <p class='ocr_par' dir='ltr' id='par_1_11' title="bbox 781 983 2359 1054">
     <span class='ocr_line' id='line_1_11' title="bbox 781 983 2359 1054; baseline -0.002 -15"><span class='ocrx_word' id='word_1_65' title='bbox 781 985 973 1054; x_wconf 92' lang='lat' dir='ltr'><strong>vitas),</strong></span> <span class='ocrx_word' id='word_1_66' title='bbox 997 995 1054 1038; x_wconf 89' lang='lat' dir='ltr'><strong>et</strong></span> <span class='ocrx_word' id='word_1_67' title='bbox 1084 999 1300 1049; x_wconf 87' lang='lat' dir='ltr'><strong>omnes,</strong></span> <span class='ocrx_word' id='word_1_68' title='bbox 1327 1000 1468 1052; x_wconf 88' lang='lat' dir='ltr'><strong>quos</strong></span> <span class='ocrx_word' id='word_1_69' title='bbox 1494 984 1862 1046; x_wconf 85' lang='lat' dir='ltr'><strong>convenisset,</strong></span> <span class='ocrx_word' id='word_1_70' title='bbox 1898 983 2124 1037; x_wconf 81' lang='lat' dir='ltr'><strong>deducit</strong></span> <span class='ocrx_word' id='word_1_71' title='bbox 2150 984 2220 1038; x_wconf 88' lang='lat' dir='ltr'><strong>ad</strong></span> <span class='ocrx_word' id='word_1_72' title='bbox 2259 983 2359 1038; x_wconf 83' lang='lat' dir='ltr'><strong>Dei</strong></span> 
     </span>
    </p>
   </div>
   <div class='ocr_carea' id='block_1_12' title="bbox 783 1076 2078 1148">
    <p class='ocr_par' dir='ltr' id='par_1_12' title="bbox 783 1076 2078 1148">
     <span class='ocr_line' id='line_1_12' title="bbox 783 1076 2078 1148; baseline -0.002 -16"><span class='ocrx_word' id='word_1_73' title='bbox 783 1078 1177 1148; x_wconf 85' lang='lat' dir='ltr'><strong>cognitionem,</strong></span> <span class='ocrx_word' id='word_1_74' title='bbox 1202 1088 1258 1131; x_wconf 89' lang='lat' dir='ltr'><strong>et</strong></span> <span class='ocrx_word' id='word_1_75' title='bbox 1289 1088 1476 1146; x_wconf 88' lang='lat' dir='ltr'><strong>aperte</strong></span> <span class='ocrx_word' id='word_1_76' title='bbox 1503 1076 1763 1144; x_wconf 65' lang='lat' dir='ltr'><strong>pradicat</strong></span> <span class='ocrx_word' id='word_1_77' title='bbox 1796 1078 2078 1145; x_wconf 80' lang='lat' dir='ltr'><strong>pietatem.</strong></span> 
     </span>
    </p>
   </div>
   <div class='ocr_carea' id='block_1_13' title="bbox 855 1168 2356 1240">
    <p class='ocr_par' dir='ltr' id='par_1_13' title="bbox 855 1168 2356 1240">
     <span class='ocr_line' id='line_1_13' title="bbox 855 1168 2356 1240; baseline 0.001 -16"><span class='ocrx_word' id='word_1_78' title='bbox 855 1170 946 1225; x_wconf 83' lang='lat' dir='ltr'><strong>IV.</strong></span> <span class='ocrx_word' id='word_1_79' title='bbox 973 1171 1200 1225; x_wconf 89' lang='lat' dir='ltr'><strong>Interim</strong></span> <span class='ocrx_word' id='word_1_80' title='bbox 1226 1180 1412 1224; x_wconf 91' lang='lat' dir='ltr'><strong>aute</strong></span> <span class='ocrx_word' id='word_1_81' title='bbox 1440 1168 1509 1224; x_wconf 89' lang='lat' dir='ltr'><strong>ad</strong></span> <span class='ocrx_word' id='word_1_82' title='bbox 1544 1185 1670 1223; x_wconf 89' lang='lat' dir='ltr'><strong>eum</strong></span> <span class='ocrx_word' id='word_1_83' title='bbox 1712 1169 1925 1223; x_wconf 84' lang='lat' dir='ltr'><strong>accedit</strong></span> <span class='ocrx_word' id='word_1_84' title='bbox 1952 1169 2158 1224; x_wconf 81' lang='lat' dir='ltr'><strong>femina</strong></span> <span class='ocrx_word' id='word_1_85' title='bbox 2201 1185 2356 1240; x_wconf 72' lang='lat' dir='ltr'><strong>qua-</strong></span> 
     </span>
    </p>
   </div>
   <div class='ocr_carea' id='block_1_14' title="bbox 775 1262 2355 1334">
    <p class='ocr_par' dir='ltr' id='par_1_14' title="bbox 775 1262 2355 1334">
     <span class='ocr_line' id='line_1_14' title="bbox 775 1262 2355 1334; baseline -0.001 -17"><span class='ocrx_word' id='word_1_86' title='bbox 775 1264 910 1317; x_wconf 86' lang='lat' dir='ltr'><strong>dam</strong></span> <span class='ocrx_word' id='word_1_87' title='bbox 936 1263 1169 1318; x_wconf 81' lang='lat' dir='ltr'><strong>illustris</strong></span> <span class='ocrx_word' id='word_1_88' title='bbox 1199 1271 1256 1317; x_wconf 91' lang='lat' dir='ltr'><strong>et</strong></span> <span class='ocrx_word' id='word_1_89' title='bbox 1282 1278 1352 1317; x_wconf 90' lang='lat' dir='ltr'><strong>ex</strong></span> <span class='ocrx_word' id='word_1_90' title='bbox 1377 1264 1573 1331; x_wconf 83' lang='lat' dir='ltr'><strong>primis</strong></span> <span class='ocrx_word' id='word_1_91' title='bbox 1597 1263 1859 1327; x_wconf 78' lang='lat' dir='ltr'><strong>civitatis,</strong></span> <span class='ocrx_word' id='word_1_92' title='bbox 1883 1262 2166 1318; x_wconf 78' lang='lat' dir='ltr'><strong>adducens</strong></span> <span class='ocrx_word' id='word_1_93' title='bbox 2191 1278 2355 1334; x_wconf 89' lang='lat' dir='ltr'><strong>que</strong></span> 
     </span>
    </p>
   </div>
   <div class='ocr_carea' id='block_1_15' title="bbox 783 1353 2360 1424">
    <p class='ocr_par' dir='ltr' id='par_1_15' title="bbox 783 1353 2360 1424">
     <span class='ocr_line' id='line_1_15' title="bbox 783 1353 2360 1424; baseline -0.001 -14"><span class='ocrx_word' id='word_1_94' title='bbox 783 1355 1021 1411; x_wconf 87' lang='lat' dir='ltr'><strong>habebat</strong></span> <span class='ocrx_word' id='word_1_95' title='bbox 1062 1354 1236 1410; x_wconf 79' lang='lat' dir='ltr'><strong>ﬁlium</strong></span> <span class='ocrx_word' id='word_1_96' title='bbox 1283 1356 1506 1408; x_wconf 85' lang='lat' dir='ltr'><strong>nomine</strong></span> <span class='ocrx_word' id='word_1_97' title='bbox 1541 1353 1807 1417; x_wconf 85' lang='lat' dir='ltr'><strong>Celsium.</strong></span> <span class='ocrx_word' id='word_1_98' title='bbox 1859 1355 1970 1424; x_wconf 82' lang='lat' dir='ltr'><strong>jam</strong></span> <span class='ocrx_word' id='word_1_99' title='bbox 2029 1368 2142 1409; x_wconf 89' lang='lat' dir='ltr'><strong>tres</strong></span> <span class='ocrx_word' id='word_1_100' title='bbox 2184 1370 2360 1410; x_wconf 86' lang='lat' dir='ltr'><strong>annos</strong></span> 
     </span>
    </p>
   </div>
   <div class='ocr_carea' id='block_1_16' title="bbox 783 1447 2358 1518">
    <p class='ocr_par' dir='ltr' id='par_1_16' title="bbox 783 1447 2358 1518">
     <span class='ocr_line' id='line_1_16' title="bbox 783 1447 2358 1518; baseline -0.001 -14"><span class='ocrx_word' id='word_1_101' title='bbox 783 1459 995 1508; x_wconf 86' lang='lat' dir='ltr'><strong>natum.</strong></span> <span class='ocrx_word' id='word_1_102' title='bbox 1028 1459 1085 1503; x_wconf 92' lang='lat' dir='ltr'><strong>et</strong></span> <span class='ocrx_word' id='word_1_103' title='bbox 1109 1450 1334 1518; x_wconf 81' lang='lat' dir='ltr'><strong>deponit</strong></span> <span class='ocrx_word' id='word_1_104' title='bbox 1365 1450 1548 1516; x_wconf 88' lang='lat' dir='ltr'><strong>ipsum</strong></span> <span class='ocrx_word' id='word_1_105' title='bbox 1589 1447 1642 1500; x_wconf 89' lang='lat' dir='ltr'><strong>in</strong></span> <span class='ocrx_word' id='word_1_106' title='bbox 1669 1448 1792 1517; x_wconf 81' lang='lat' dir='ltr'><strong>ejus</strong></span> <span class='ocrx_word' id='word_1_107' title='bbox 1823 1447 2078 1501; x_wconf 87' lang='lat' dir='ltr'><strong>manibus</strong></span> <span class='ocrx_word' id='word_1_108' title='bbox 2106 1464 2122 1501; x_wconf 91' lang='lat'>:</span> <span class='ocrx_word' id='word_1_109' title='bbox 2153 1447 2358 1517; x_wconf 84' lang='lat' dir='ltr'><strong>Seque-</strong></span> 
     </span>
    </p>
   </div>
   <div class='ocr_carea' id='block_1_17' title="bbox 783 1539 2356 1610">
    <p class='ocr_par' dir='ltr' id='par_1_17' title="bbox 783 1539 2356 1610">
     <span class='ocr_line' id='line_1_17' title="bbox 783 1539 2356 1610; baseline -0.001 -17"><span class='ocrx_word' id='word_1_110' title='bbox 783 1551 874 1594; x_wconf 85' lang='lat' dir='ltr'><strong>tur</strong></span> <span class='ocrx_word' id='word_1_111' title='bbox 909 1551 960 1595; x_wconf 88' lang='lat' dir='ltr'><strong>te</strong></span> <span class='ocrx_word' id='word_1_112' title='bbox 991 1541 1082 1594; x_wconf 90' lang='lat' dir='ltr'><strong>hic</strong></span> <span class='ocrx_word' id='word_1_113' title='bbox 1121 1556 1278 1610; x_wconf 87' lang='lat' dir='ltr'><strong>puer,</strong></span> <span class='ocrx_word' id='word_1_114' title='bbox 1327 1540 1539 1602; x_wconf 87' lang='lat' dir='ltr'><strong>dicens,</strong></span> <span class='ocrx_word' id='word_1_115' title='bbox 1580 1540 1634 1593; x_wconf 88' lang='lat' dir='ltr'><strong>in</strong></span> <span class='ocrx_word' id='word_1_116' title='bbox 1686 1540 1834 1592; x_wconf 87' lang='lat' dir='ltr'><strong>omni</strong></span> <span class='ocrx_word' id='word_1_117' title='bbox 1862 1539 1972 1599; x_wconf 89' lang='lat' dir='ltr'><strong>via.</strong></span> <span class='ocrx_word' id='word_1_118' title='bbox 2019 1540 2196 1594; x_wconf 89' lang='lat' dir='ltr'><strong>donec</strong></span> <span class='ocrx_word' id='word_1_119' title='bbox 2241 1539 2356 1608; x_wconf 83' lang='lat' dir='ltr'><strong>ipse</strong></span> 
     </span>
    </p>
   </div>
   <div class='ocr_carea' id='block_1_18' title="bbox 781 1631 2356 1709">
    <p class='ocr_par' dir='ltr' id='par_1_18' title="bbox 781 1631 2356 1709">
     <span class='ocr_line' id='line_1_18' title="bbox 781 1631 2356 1709; baseline -0.001 -22"><span class='ocrx_word' id='word_1_120' title='bbox 781 1648 1000 1703; x_wconf 83' lang='lat' dir='ltr'><strong>quoque</strong></span> <span class='ocrx_word' id='word_1_121' title='bbox 1026 1631 1228 1709; x_wconf 83' lang='lat' dir='ltr'><strong>dignus</strong></span> <span class='ocrx_word' id='word_1_122' title='bbox 1256 1635 1513 1697; x_wconf 79' lang='lat' dir='ltr'><strong>evaserit,</strong></span> <span class='ocrx_word' id='word_1_123' title='bbox 1555 1631 1648 1700; x_wconf 77' lang='lat' dir='ltr'><strong>qui</strong></span> <span class='ocrx_word' id='word_1_124' title='bbox 1675 1631 1903 1684; x_wconf 83' lang='lat' dir='ltr'><strong>sistatur</strong></span> <span class='ocrx_word' id='word_1_125' title='bbox 1929 1643 2055 1687; x_wconf 85' lang='lat' dir='ltr'><strong>ante</strong></span> <span class='ocrx_word' id='word_1_126' title='bbox 2097 1633 2356 1686; x_wconf 81' lang='lat' dir='ltr'><strong>thronum</strong></span> 
     </span>
    </p>
   </div>
   <div class='ocr_carea' id='block_1_19' title="bbox 783 1722 2355 1792">
    <p class='ocr_par' dir='ltr' id='par_1_19' title="bbox 783 1722 2355 1792">
     <span class='ocr_line' id='line_1_19' title="bbox 783 1722 2355 1792; baseline -0.001 -13"><span class='ocrx_word' id='word_1_127' title='bbox 783 1724 999 1779; x_wconf 88' lang='lat' dir='ltr'><strong>Domini</strong></span> <span class='ocrx_word' id='word_1_128' title='bbox 1030 1722 1258 1777; x_wconf 85' lang='lat' dir='ltr'><strong>Christi.</strong></span> <span class='ocrx_word' id='word_1_129' title='bbox 1299 1724 1364 1776; x_wconf 82' lang='lat' dir='ltr'><strong>Et</strong></span> <span class='ocrx_word' id='word_1_130' title='bbox 1410 1723 1503 1776; x_wconf 91' lang='lat' dir='ltr'><strong>illa</strong></span> <span class='ocrx_word' id='word_1_131' title='bbox 1535 1723 1762 1792; x_wconf 85' lang='lat' dir='ltr'><strong>quidem</strong></span> <span class='ocrx_word' id='word_1_132' title='bbox 1797 1723 2050 1777; x_wconf 84' lang='lat' dir='ltr'><strong>discedit.</strong></span> <span class='ocrx_word' id='word_1_133' title='bbox 2094 1723 2355 1778; x_wconf 81' lang='lat' dir='ltr'><strong>Nazarius</strong></span> 
     </span>
    </p>
   </div>
   <div class='ocr_carea' id='block_1_20' title="bbox 781 1814 2353 1884">
    <p class='ocr_par' dir='ltr' id='par_1_20' title="bbox 781 1814 2353 1884">
     <span class='ocr_line' id='line_1_20' title="bbox 781 1814 2353 1884; baseline -0.001 -16"><span class='ocrx_word' id='word_1_134' title='bbox 781 1825 962 1868; x_wconf 82' lang='lat' dir='ltr'><strong>autem</strong></span> <span class='ocrx_word' id='word_1_135' title='bbox 1000 1815 1265 1868; x_wconf 80' lang='lat' dir='ltr'><strong>infantem</strong></span> <span class='ocrx_word' id='word_1_136' title='bbox 1300 1814 1537 1868; x_wconf 86' lang='lat' dir='ltr'><strong>libenter</strong></span> <span class='ocrx_word' id='word_1_137' title='bbox 1586 1814 1786 1880; x_wconf 88' lang='lat' dir='ltr'><strong>accipit</strong></span> <span class='ocrx_word' id='word_1_138' title='bbox 1847 1829 2010 1881; x_wconf 89' lang='lat' dir='ltr'><strong>quem</strong></span> <span class='ocrx_word' id='word_1_139' title='bbox 2061 1829 2353 1884; x_wconf 85' lang='lat' dir='ltr'><strong>propemo-</strong></span> 
     </span>
    </p>
   </div>
   <div class='ocr_carea' id='block_1_21' title="bbox 779 1903 2353 1975">
    <p class='ocr_par' dir='ltr' id='par_1_21' title="bbox 779 1903 2353 1975">
     <span class='ocr_line' id='line_1_21' title="bbox 779 1903 2353 1975; baseline 0.001 -16"><span class='ocrx_word' id='word_1_140' title='bbox 779 1903 910 1959; x_wconf 88' lang='lat' dir='ltr'><strong>dum</strong></span> <span class='ocrx_word' id='word_1_141' title='bbox 942 1905 999 1958; x_wconf 88' lang='lat' dir='ltr'><strong>in</strong></span> <span class='ocrx_word' id='word_1_142' title='bbox 1029 1906 1175 1959; x_wconf 87' lang='lat' dir='ltr'><strong>ulnis</strong></span> <span class='ocrx_word' id='word_1_143' title='bbox 1206 1905 1655 1960; x_wconf 88' lang='lat' dir='ltr'><strong>circumferebat.</strong></span> <span class='ocrx_word' id='word_1_144' title='bbox 1685 1903 1937 1975; x_wconf 78' lang='lat' dir='ltr'><strong>Cumque</strong></span> <span class='ocrx_word' id='word_1_145' title='bbox 1964 1920 2156 1975; x_wconf 85' lang='lat' dir='ltr'><strong>preces</strong></span> <span class='ocrx_word' id='word_1_146' title='bbox 2185 1906 2353 1961; x_wconf 88' lang='lat' dir='ltr'><strong>dixis-</strong></span> 
     </span>
    </p>
   </div>
   <div class='ocr_carea' id='block_1_22' title="bbox 780 1995 2352 2065">
    <p class='ocr_par' dir='ltr' id='par_1_22' title="bbox 780 1995 2352 2065">
     <span class='ocr_line' id='line_1_22' title="bbox 780 1995 2352 2065; baseline 0.001 -17"><span class='ocrx_word' id='word_1_147' title='bbox 780 2005 866 2048; x_wconf 87' lang='lat' dir='ltr'><strong>set</strong></span> <span class='ocrx_word' id='word_1_148' title='bbox 910 2005 1222 2060; x_wconf 85' lang='lat' dir='ltr'><strong>consuetas,</strong></span> <span class='ocrx_word' id='word_1_149' title='bbox 1293 2010 1418 2049; x_wconf 89' lang='lat' dir='ltr'><strong>eum</strong></span> <span class='ocrx_word' id='word_1_150' title='bbox 1473 2010 1572 2065; x_wconf 85' lang='lat' dir='ltr'><strong>per</strong></span> <span class='ocrx_word' id='word_1_151' title='bbox 1629 1995 1962 2064; x_wconf 83' lang='lat' dir='ltr'><strong>baptismum</strong></span> <span class='ocrx_word' id='word_1_152' title='bbox 2014 1995 2182 2052; x_wconf 78' lang='lat' dir='ltr'><strong>eﬂicit</strong></span> <span class='ocrx_word' id='word_1_153' title='bbox 2238 1997 2352 2050; x_wconf 89' lang='lat' dir='ltr'><strong>Deo</strong></span> 
     </span>
    </p>
   </div>
   <div class='ocr_carea' id='block_1_23' title="bbox 779 2082 2354 2154">
    <p class='ocr_par' dir='ltr' id='par_1_23' title="bbox 779 2082 2354 2154">
     <span class='ocr_line' id='line_1_23' title="bbox 779 2082 2354 2154; baseline 0.003 -18"><span class='ocrx_word' id='word_1_154' title='bbox 779 2082 1108 2139; x_wconf 74' lang='lat' dir='ltr'><strong>famiharem</strong></span> <span class='ocrx_word' id='word_1_155' title='bbox 1145 2104 1158 2138; x_wconf 87' lang='lat'><strong>:</strong></span> <span class='ocrx_word' id='word_1_156' title='bbox 1191 2085 1453 2154; x_wconf 80' lang='lat' dir='ltr'><strong>quoniam</strong></span> <span class='ocrx_word' id='word_1_157' title='bbox 1513 2100 1616 2139; x_wconf 92' lang='lat' dir='ltr'><strong>nec</strong></span> <span class='ocrx_word' id='word_1_158' title='bbox 1665 2086 1834 2139; x_wconf 89' lang='lat' dir='ltr'><strong>alium</strong></span> <span class='ocrx_word' id='word_1_159' title='bbox 1881 2094 2110 2140; x_wconf 77' lang='lat' dir='ltr'><strong>noverat</strong></span> <span class='ocrx_word' id='word_1_160' title='bbox 2158 2101 2354 2140; x_wconf 82' lang='lat' dir='ltr'><strong>verum</strong></span> 
     </span>
    </p>
   </div>
   <div class='ocr_carea' id='block_1_24' title="bbox 779 2175 2354 2246">
    <p class='ocr_par' dir='ltr' id='par_1_24' title="bbox 779 2175 2354 2246">
     <span class='ocr_line' id='line_1_24' title="bbox 779 2175 2354 2246; baseline 0.001 -16"><span class='ocrx_word' id='word_1_161' title='bbox 779 2177 1069 2242; x_wconf 81' lang='lat' dir='ltr'><strong>honorem,</strong></span> <span class='ocrx_word' id='word_1_162' title='bbox 1108 2177 1216 2230; x_wconf 83' lang='lat' dir='ltr'><strong>nisi</strong></span> <span class='ocrx_word' id='word_1_163' title='bbox 1252 2191 1377 2230; x_wconf 90' lang='lat' dir='ltr'><strong>cum</strong></span> <span class='ocrx_word' id='word_1_164' title='bbox 1411 2175 1521 2230; x_wconf 89' lang='lat' dir='ltr'><strong>Deo</strong></span> <span class='ocrx_word' id='word_1_165' title='bbox 1551 2176 1999 2246; x_wconf 59' lang='lat' dir='ltr'><strong>conjunctionem</strong></span> <span class='ocrx_word' id='word_1_166' title='bbox 2037 2185 2093 2232; x_wconf 93' lang='lat' dir='ltr'><strong>et</strong></span> <span class='ocrx_word' id='word_1_167' title='bbox 2118 2176 2354 2231; x_wconf 87' lang='lat' dir='ltr'><strong>familia-</strong></span> 
     </span>
    </p>
   </div>
   <div class='ocr_carea' id='block_1_25' title="bbox 778 2267 2349 2335">
    <p class='ocr_par' dir='ltr' id='par_1_25' title="bbox 778 2267 2349 2335">
     <span class='ocr_line' id='line_1_25' title="bbox 778 2267 2349 2335; baseline 0.002 -16"><span class='ocrx_word' id='word_1_168' title='bbox 778 2269 1019 2321; x_wconf 89' lang='lat' dir='ltr'><strong>ritatem.</strong></span> <span class='ocrx_word' id='word_1_169' title='bbox 1054 2267 1144 2320; x_wconf 85' lang='lat' dir='ltr'><strong>Sic</strong></span> <span class='ocrx_word' id='word_1_170' title='bbox 1161 2283 1301 2335; x_wconf 83' lang='lat' dir='ltr'><strong>ergo</strong></span> <span class='ocrx_word' id='word_1_171' title='bbox 1321 2281 1382 2321; x_wconf 89' lang='lat' dir='ltr'><strong>se</strong></span> <span class='ocrx_word' id='word_1_172' title='bbox 1406 2267 1615 2322; x_wconf 79' lang='lat' dir='ltr'><strong>habens</strong></span> <span class='ocrx_word' id='word_1_173' title='bbox 1644 2267 1933 2331; x_wconf 80' lang='lat' dir='ltr'><strong>Naaarius.</strong></span> <span class='ocrx_word' id='word_1_174' title='bbox 1966 2277 2024 2323; x_wconf 92' lang='lat' dir='ltr'><strong>et</strong></span> <span class='ocrx_word' id='word_1_175' title='bbox 2053 2267 2349 2323; x_wconf 83' lang='lat' dir='ltr'><strong>Galliarum</strong></span> 
     </span>
    </p>
   </div>
   <div class='ocr_carea' id='block_1_26' title="bbox 771 2356 2353 2428">
    <p class='ocr_par' dir='ltr' id='par_1_26' title="bbox 771 2356 2353 2428">
     <span class='ocr_line' id='line_1_26' title="bbox 771 2356 2353 2428; baseline 0.001 -16"><span class='ocrx_word' id='word_1_176' title='bbox 771 2359 1027 2414; x_wconf 80' lang='lat' dir='ltr'><strong>civitates</strong></span> <span class='ocrx_word' id='word_1_177' title='bbox 1061 2360 1141 2412; x_wconf 87' lang='lat' dir='ltr'><strong>sic</strong></span> <span class='ocrx_word' id='word_1_178' title='bbox 1177 2356 1426 2411; x_wconf 85' lang='lat' dir='ltr'><strong>doctrina</strong></span> <span class='ocrx_word' id='word_1_179' title='bbox 1451 2357 1844 2425; x_wconf 73' lang='lat' dir='ltr'><strong>complectens,</strong></span> <span class='ocrx_word' id='word_1_180' title='bbox 1870 2372 1940 2411; x_wconf 90' lang='lat' dir='ltr'><strong>ne</strong></span> <span class='ocrx_word' id='word_1_181' title='bbox 1983 2358 2200 2411; x_wconf 86' lang='lat' dir='ltr'><strong>illarum</strong></span> <span class='ocrx_word' id='word_1_182' title='bbox 2229 2358 2353 2428; x_wconf 82' lang='lat' dir='ltr'><strong>qui-</strong></span> 
     </span>
    </p>
   </div>
   <div class='ocr_carea' id='block_1_27' title="bbox 773 2447 2350 2519">
    <p class='ocr_par' dir='ltr' id='par_1_27' title="bbox 773 2447 2350 2519">
     <span class='ocr_line' id='line_1_27' title="bbox 773 2447 2350 2519; baseline 0.001 -17"><span class='ocrx_word' id='word_1_183' title='bbox 773 2449 900 2504; x_wconf 88' lang='lat' dir='ltr'><strong>dem</strong></span> <span class='ocrx_word' id='word_1_184' title='bbox 931 2450 1220 2518; x_wconf 70' lang='lat' dir='ltr'><strong>prazsidem</strong></span> <span class='ocrx_word' id='word_1_185' title='bbox 1249 2449 1412 2500; x_wconf 86' lang='lat' dir='ltr'><strong>latuit</strong></span> <span class='ocrx_word' id='word_1_186' title='bbox 1449 2447 1775 2502; x_wconf 79' lang='lat' dir='ltr'><strong>Dinobaum.</strong></span> <span class='ocrx_word' id='word_1_187' title='bbox 1816 2449 2005 2519; x_wconf 83' lang='lat' dir='ltr'><strong>ltaque</strong></span> <span class='ocrx_word' id='word_1_188' title='bbox 2045 2451 2350 2505; x_wconf 83' lang='lat' dir='ltr'><strong>accersitus</strong></span> 
     </span>
    </p>
   </div>
   <div class='ocr_carea' id='block_1_28' title="bbox 775 2537 2348 2608">
    <p class='ocr_par' dir='ltr' id='par_1_28' title="bbox 775 2537 2348 2608">
     <span class='ocr_line' id='line_1_28' title="bbox 775 2537 2348 2608; baseline 0.001 -14"><span class='ocrx_word' id='word_1_189' title='bbox 775 2540 844 2594; x_wconf 89' lang='lat' dir='ltr'><strong>ad</strong></span> <span class='ocrx_word' id='word_1_190' title='bbox 869 2554 1020 2601; x_wconf 85' lang='lat' dir='ltr'><strong>eum.</strong></span> <span class='ocrx_word' id='word_1_191' title='bbox 1049 2540 1200 2592; x_wconf 87' lang='lat' dir='ltr'><strong>venit</strong></span> <span class='ocrx_word' id='word_1_192' title='bbox 1233 2553 1358 2593; x_wconf 91' lang='lat' dir='ltr'><strong>cum</strong></span> <span class='ocrx_word' id='word_1_193' title='bbox 1381 2552 1554 2605; x_wconf 90' lang='lat' dir='ltr'><strong>puero</strong></span> <span class='ocrx_word' id='word_1_194' title='bbox 1575 2537 1762 2593; x_wconf 89' lang='lat' dir='ltr'><strong>Cclsio</strong></span> <span class='ocrx_word' id='word_1_195' title='bbox 1793 2555 1808 2592; x_wconf 93' lang='lat'><strong>:</strong></span> <span class='ocrx_word' id='word_1_196' title='bbox 1845 2548 1898 2592; x_wconf 89' lang='lat' dir='ltr'><strong>et</strong></span> <span class='ocrx_word' id='word_1_197' title='bbox 1924 2555 1954 2593; x_wconf 90' lang='lat' dir='ltr'><strong>e</strong></span> <span class='ocrx_word' id='word_1_198' title='bbox 1981 2555 2089 2608; x_wconf 82' lang='lat' dir='ltr'><strong>quo</strong></span> <span class='ocrx_word' id='word_1_199' title='bbox 2123 2540 2348 2607; x_wconf 81' lang='lat' dir='ltr'><strong>quidem</strong></span> 
     </span>
    </p>
   </div>
   <div class='ocr_carea' id='block_1_29' title="bbox 773 2628 2348 2702">
    <p class='ocr_par' dir='ltr' id='par_1_29' title="bbox 773 2628 2348 2702">
     <span class='ocr_line' id='line_1_29' title="bbox 773 2628 2348 2702; baseline 0.001 -16"><span class='ocrx_word' id='word_1_200' title='bbox 773 2646 974 2702; x_wconf 90' lang='lat' dir='ltr'><strong>genere</strong></span> <span class='ocrx_word' id='word_1_201' title='bbox 1013 2638 1158 2685; x_wconf 86' lang='lat' dir='ltr'><strong>esset</strong></span> <span class='ocrx_word' id='word_1_202' title='bbox 1193 2639 1378 2692; x_wconf 87' lang='lat' dir='ltr'><strong>natus,</strong></span> <span class='ocrx_word' id='word_1_203' title='bbox 1408 2628 1742 2698; x_wconf 79' lang='lat' dir='ltr'><strong>quibusnam</strong></span> <span class='ocrx_word' id='word_1_204' title='bbox 1777 2639 1961 2683; x_wconf 83' lang='lat' dir='ltr'><strong>autem</strong></span> <span class='ocrx_word' id='word_1_205' title='bbox 2004 2633 2348 2699; x_wconf 85' lang='lat' dir='ltr'><strong>parentibus.</strong></span> 
     </span>
    </p>
   </div>
   <div class='ocr_carea' id='block_1_30' title="bbox 771 2721 2344 2794">
    <p class='ocr_par' dir='ltr' id='par_1_30' title="bbox 771 2721 2344 2794">
     <span class='ocr_line' id='line_1_30' title="bbox 771 2721 2344 2794; baseline -0.001 -16"><span class='ocrx_word' id='word_1_206' title='bbox 771 2733 832 2779; x_wconf 84' lang='lat' dir='ltr'><strong>et</strong></span> <span class='ocrx_word' id='word_1_207' title='bbox 864 2724 1152 2794; x_wconf 85' lang='lat' dir='ltr'><strong>cujusuam</strong></span> <span class='ocrx_word' id='word_1_208' title='bbox 1201 2725 1277 2776; x_wconf 85' lang='lat' dir='ltr'><strong>sit</strong></span> <span class='ocrx_word' id='word_1_209' title='bbox 1324 2722 1628 2790; x_wconf 85' lang='lat' dir='ltr'><strong>religionis,</strong></span> <span class='ocrx_word' id='word_1_210' title='bbox 1685 2722 2032 2789; x_wconf 82' lang='lat' dir='ltr'><strong>percontanti</strong></span> <span class='ocrx_word' id='word_1_211' title='bbox 2060 2721 2344 2777; x_wconf 82' lang='lat' dir='ltr'><strong>Dinobao:</strong></span> 
     </span>
    </p>
   </div>
   <div class='ocr_carea' id='block_1_31' title="bbox 777 2812 2351 2887">
    <p class='ocr_par' dir='ltr' id='par_1_31' title="bbox 777 2812 2351 2887">
     <span class='ocr_line' id='line_1_31' title="bbox 777 2812 2351 2887; baseline -0.001 -16"><span class='ocrx_word' id='word_1_212' title='bbox 777 2818 892 2887; x_wconf 82' lang='lat' dir='ltr'><strong>Ego</strong></span> <span class='ocrx_word' id='word_1_213' title='bbox 931 2814 1185 2885; x_wconf 77' lang='lat' dir='ltr'><strong>quidem,</strong></span> <span class='ocrx_word' id='word_1_214' title='bbox 1213 2813 1412 2882; x_wconf 88' lang='lat' dir='ltr'><strong>inquit,</strong></span> <span class='ocrx_word' id='word_1_215' title='bbox 1454 2827 1654 2881; x_wconf 82' lang='lat' dir='ltr'><strong>genere</strong></span> <span class='ocrx_word' id='word_1_216' title='bbox 1685 2827 1806 2866; x_wconf 86' lang='lat' dir='ltr'><strong>sum</strong></span> <span class='ocrx_word' id='word_1_217' title='bbox 1838 2812 2156 2877; x_wconf 75' lang='lat' dir='ltr'><strong>Romanus;</strong></span> <span class='ocrx_word' id='word_1_218' title='bbox 2190 2812 2351 2869; x_wconf 86' lang='lat' dir='ltr'><strong>Chri-</strong></span> 
     </span>
    </p>
   </div>
   <div class='ocr_carea' id='block_1_32' title="bbox 773 2904 2342 2973">
    <p class='ocr_par' dir='ltr' id='par_1_32' title="bbox 773 2904 2342 2973">
     <span class='ocr_line' id='line_1_32' title="bbox 773 2904 2342 2973; baseline -0.001 -11"><span class='ocrx_word' id='word_1_219' title='bbox 773 2909 1007 2962; x_wconf 84' lang='lat' dir='ltr'><strong>stianam</strong></span> <span class='ocrx_word' id='word_1_220' title='bbox 1031 2915 1220 2961; x_wconf 90' lang='lat' dir='ltr'><strong>autem</strong></span> <span class='ocrx_word' id='word_1_221' title='bbox 1258 2918 1462 2972; x_wconf 70' lang='lat' dir='ltr'><strong>sequor</strong></span> <span class='ocrx_word' id='word_1_222' title='bbox 1493 2904 1836 2973; x_wconf 72' lang='lat' dir='ltr'><strong>religionem,</strong></span> <span class='ocrx_word' id='word_1_223' title='bbox 1879 2915 1935 2960; x_wconf 93' lang='lat' dir='ltr'><strong>ct</strong></span> <span class='ocrx_word' id='word_1_224' title='bbox 1968 2904 2141 2961; x_wconf 79' lang='lat' dir='ltr'><strong>Deum</strong></span> <span class='ocrx_word' id='word_1_225' title='bbox 2177 2905 2342 2963; x_wconf 44' lang='lat' dir='ltr'><strong>conﬁt</strong></span> 
     </span>
    </p>
   </div>
   <div class='ocr_carea' id='block_1_33' title="bbox 777 2995 2347 3067">
    <p class='ocr_par' dir='ltr' id='par_1_33' title="bbox 777 2995 2347 3067">
     <span class='ocr_line' id='line_1_33' title="bbox 777 2995 2347 3067; baseline 0.002 -16"><span class='ocrx_word' id='word_1_226' title='bbox 777 3008 895 3053; x_wconf 84' lang='lat' dir='ltr'><strong>teor</strong></span> <span class='ocrx_word' id='word_1_227' title='bbox 914 3012 1064 3062; x_wconf 89' lang='lat' dir='ltr'><strong>eum,</strong></span> <span class='ocrx_word' id='word_1_228' title='bbox 1111 2997 1206 3067; x_wconf 90' lang='lat' dir='ltr'><strong>qui</strong></span> <span class='ocrx_word' id='word_1_229' title='bbox 1237 2995 1342 3050; x_wconf 88' lang='lat' dir='ltr'><strong>fuit</strong></span> <span class='ocrx_word' id='word_1_230' title='bbox 1380 2996 1696 3050; x_wconf 75' lang='lat' dir='ltr'><strong>cruciﬁxus.</strong></span> <span class='ocrx_word' id='word_1_231' title='bbox 1748 2995 1902 3050; x_wconf 88' lang='lat' dir='ltr'><strong>Tunc</strong></span> <span class='ocrx_word' id='word_1_232' title='bbox 1954 2998 2131 3052; x_wconf 91' lang='lat' dir='ltr'><strong>fertur</strong></span> <span class='ocrx_word' id='word_1_233' title='bbox 2179 3000 2347 3054; x_wconf 84' lang='lat' dir='ltr'><strong>Dino-</strong></span> 
     </span>
    </p>
   </div>
   <div class='ocr_carea' id='block_1_34' title="bbox 2461 531 4048 604">
    <p class='ocr_par' dir='ltr' id='par_1_34' title="bbox 2461 531 4048 604">
     <span class='ocr_line' id='line_1_34' title="bbox 2461 531 4048 604; baseline 0.004 -22"><span class='ocrx_word' id='word_1_234' title='bbox 2461 531 2768 599; x_wconf 78' lang='grc' dir='ltr'><strong>περιελθεῖν</strong></span> <span class='ocrx_word' id='word_1_235' title='bbox 2817 533 3022 594; x_wconf 77' lang='grc' dir='ltr'><strong>πόλεις.</strong></span> <span class='ocrx_word' id='word_1_236' title='bbox 3061 534 3157 586; x_wconf 74' lang='grc' dir='ltr'><strong>καὶ</strong></span> <span class='ocrx_word' id='word_1_237' title='bbox 3205 533 3432 594; x_wconf 74' lang='grc' dir='ltr'><strong>ταύταις</strong></span> <span class='ocrx_word' id='word_1_238' title='bbox 3484 536 3555 587; x_wconf 73' lang='grc' dir='ltr'><strong>τά</strong></span> <span class='ocrx_word' id='word_1_239' title='bbox 3607 535 3910 604; x_wconf 71' lang='grc' dir='ltr'><strong>σπέρματα</strong></span> <span class='ocrx_word' id='word_1_240' title='bbox 3947 535 4048 602; x_wconf 73' lang='grc' dir='ltr'><strong>τῆς</strong></span> 
     </span>
    </p>
   </div>
   <div class='ocr_carea' id='block_1_35' title="bbox 2463 622 4051 697">
    <p class='ocr_par' dir='ltr' id='par_1_35' title="bbox 2463 622 4051 697">
     <span class='ocr_line' id='line_1_35' title="bbox 2463 622 4051 697; baseline 0.004 -25"><span class='ocrx_word' id='word_1_241' title='bbox 2463 622 2723 689; x_wconf 77' lang='grc' dir='ltr'><strong>ἀληθείας</strong></span> <span class='ocrx_word' id='word_1_242' title='bbox 2751 623 3128 678; x_wconf 75' lang='grc' dir='ltr'><strong>’καταδαλεῖν.</strong></span> <span class='ocrx_word' id='word_1_243' title='bbox 3175 624 3234 678; x_wconf 89' lang='lat'><strong>&#39;0</strong></span> <span class='ocrx_word' id='word_1_244' title='bbox 3262 625 3320 678; x_wconf 80' lang='grc' dir='ltr'><strong>δέ</strong></span> <span class='ocrx_word' id='word_1_245' title='bbox 3367 626 3472 678; x_wconf 77' lang='grc' dir='ltr'><strong>ὑπὸ</strong></span> <span class='ocrx_word' id='word_1_246' title='bbox 3499 628 3602 697; x_wconf 82' lang='grc' dir='ltr'><strong>τῆς</strong></span> <span class='ocrx_word' id='word_1_247' title='bbox 3649 628 3865 697; x_wconf 76' lang='grc' dir='ltr'><strong>μητρὸς</strong></span> <span class='ocrx_word' id='word_1_248' title='bbox 3897 626 4051 696; x_wconf 74' lang='grc' dir='ltr'><strong>αὐτῷ</strong></span> 
     </span>
    </p>
   </div>
   <div class='ocr_carea' id='block_1_36' title="bbox 2461 715 4047 787">
    <p class='ocr_par' dir='ltr' id='par_1_36' title="bbox 2461 715 4047 787">
     <span class='ocr_line' id='line_1_36' title="bbox 2461 715 4047 787; baseline 0.006 -23"><span class='ocrx_word' id='word_1_249' title='bbox 2461 715 2753 783; x_wconf 70' lang='grc' dir='ltr'><strong>εἰρημένον</strong></span> <span class='ocrx_word' id='word_1_250' title='bbox 2783 717 2842 768; x_wconf 91' lang='grc' dir='ltr'><strong>ἐν</strong></span> <span class='ocrx_word' id='word_1_251' title='bbox 2871 718 2936 786; x_wconf 75' lang='grc' dir='ltr'><strong>τῇ</strong></span> <span class='ocrx_word' id='word_1_252' title='bbox 2961 716 3139 787; x_wconf 54' lang='lat' dir='ltr'><strong>Mella</strong></span> <span class='ocrx_word' id='word_1_253' title='bbox 3164 717 3344 786; x_wconf 75' lang='grc' dir='ltr'><strong>(πόλις</strong></span> <span class='ocrx_word' id='word_1_254' title='bbox 3377 718 3432 771; x_wconf 85' lang='grc' dir='ltr'><strong>δέ</strong></span> <span class='ocrx_word' id='word_1_255' title='bbox 3465 718 3603 787; x_wconf 69' lang='grc' dir='ltr'><strong>αὕτη</strong></span> <span class='ocrx_word' id='word_1_256' title='bbox 3637 719 3750 772; x_wconf 85' lang='grc' dir='ltr'><strong>τῶν</strong></span> <span class='ocrx_word' id='word_1_257' title='bbox 3774 720 4047 787; x_wconf 60' lang='lat' dir='ltr'><strong>ruma»)</strong></span> 
     </span>
    </p>
   </div>
   <div class='ocr_carea' id='block_1_37' title="bbox 2461 803 4050 882">
    <p class='ocr_par' dir='ltr' id='par_1_37' title="bbox 2461 803 4050 882">
     <span class='ocr_line' id='line_1_37' title="bbox 2461 803 4050 882; baseline 0.006 -26"><span class='ocrx_word' id='word_1_258' title='bbox 2461 809 2696 873; x_wconf 61' lang='grc' dir='ltr'><strong>γίνεηαι,</strong></span> <span class='ocrx_word' id='word_1_259' title='bbox 2727 808 2934 870; x_wconf 80' lang='grc' dir='ltr'><strong>πάντας</strong></span> <span class='ocrx_word' id='word_1_260' title='bbox 2965 824 3024 860; x_wconf 91' lang='grc' dir='ltr'><strong>τε</strong></span> <span class='ocrx_word' id='word_1_261' title='bbox 3046 803 3131 871; x_wconf 76' lang='grc' dir='ltr'><strong>οἷς</strong></span> <span class='ocrx_word' id='word_1_262' title='bbox 3157 809 3224 863; x_wconf 80' lang='grc' dir='ltr'><strong>ἂν</strong></span> <span class='ocrx_word' id='word_1_263' title='bbox 3255 810 3602 880; x_wconf 78' lang='grc' dir='ltr'><strong>συνενεχθείη</strong></span> <span class='ocrx_word' id='word_1_264' title='bbox 3636 812 3775 882; x_wconf 73' lang='grc' dir='ltr'><strong>πρὸς</strong></span> <span class='ocrx_word' id='word_1_265' title='bbox 3810 812 4050 878; x_wconf 75' lang='grc' dir='ltr'><strong>θεογνω-</strong></span> 
     </span>
    </p>
   </div>
   <div class='ocr_carea' id='block_1_38' title="bbox 2463 899 4048 976">
    <p class='ocr_par' dir='ltr' id='par_1_38' title="bbox 2463 899 4048 976">
     <span class='ocr_line' id='line_1_38' title="bbox 2463 899 4048 976; baseline 0.004 -26"><span class='ocrx_word' id='word_1_266' title='bbox 2463 899 2584 952; x_wconf 86' lang='grc' dir='ltr'><strong>οίαν</strong></span> <span class='ocrx_word' id='word_1_267' title='bbox 2611 899 2922 970; x_wconf 76' lang='grc' dir='ltr'><strong>ααθοδηγεῐ,</strong></span> <span class='ocrx_word' id='word_1_268' title='bbox 2953 904 3047 954; x_wconf 75' lang='grc' dir='ltr'><strong>καὶ</strong></span> <span class='ocrx_word' id='word_1_269' title='bbox 3092 902 3461 973; x_wconf 79' lang='grc' dir='ltr'><strong>άνακηρύττει</strong></span> <span class='ocrx_word' id='word_1_270' title='bbox 3490 903 3703 974; x_wconf 80' lang='grc' dir='ltr'><strong>τρανῶς</strong></span> <span class='ocrx_word' id='word_1_271' title='bbox 3747 905 3851 976; x_wconf 69' lang='grc' dir='ltr'><strong>τὴν</strong></span> <span class='ocrx_word' id='word_1_272' title='bbox 3895 905 4048 957; x_wconf 78' lang='grc' dir='ltr'><strong>εὐσέ-</strong></span> 
     </span>
    </p>
   </div>
   <div class='ocr_carea' id='block_1_39' title="bbox 2459 991 2632 1048">
    <p class='ocr_par' dir='ltr' id='par_1_39' title="bbox 2459 991 2632 1048">
     <span class='ocr_line' id='line_1_39' title="bbox 2459 991 2632 1048; baseline 0.029 -5"><span class='ocrx_word' id='word_1_273' title='bbox 2459 991 2632 1048; x_wconf 79' lang='grc' dir='ltr'><strong>σειαν.</strong></span> 
     </span>
    </p>
   </div>
   <div class='ocr_carea' id='block_1_40' title="bbox 2531 1166 4047 1244">
    <p class='ocr_par' dir='ltr' id='par_1_40' title="bbox 2531 1166 4047 1244">
     <span class='ocr_line' id='line_1_40' title="bbox 2531 1166 4047 1244; baseline 0.004 -25"><span class='ocrx_word' id='word_1_274' title='bbox 2531 1169 2606 1220; x_wconf 87' lang='grc' dir='ltr'><strong>Δ’.</strong></span> <span class='ocrx_word' id='word_1_275' title='bbox 2652 1166 2744 1220; x_wconf 71' lang='grc' dir='ltr'>Ἐν</span> <span class='ocrx_word' id='word_1_276' title='bbox 2781 1168 2959 1239; x_wconf 77' lang='grc' dir='ltr'><strong>τούτῳ</strong></span> <span class='ocrx_word' id='word_1_277' title='bbox 3009 1169 3066 1224; x_wconf 84' lang='grc' dir='ltr'><strong>δέ</strong></span> <span class='ocrx_word' id='word_1_278' title='bbox 3100 1169 3352 1241; x_wconf 78' lang='grc' dir='ltr'><strong>πρόσεισί</strong></span> <span class='ocrx_word' id='word_1_279' title='bbox 3395 1187 3481 1234; x_wconf 86' lang='grc' dir='ltr'><strong>τις</strong></span> <span class='ocrx_word' id='word_1_280' title='bbox 3533 1170 3685 1243; x_wconf 78' lang='grc' dir='ltr'><strong>αὐτῷ</strong></span> <span class='ocrx_word' id='word_1_281' title='bbox 3737 1171 3885 1244; x_wconf 58' lang='grc' dir='ltr'><strong>γυνὴ</strong></span> <span class='ocrx_word' id='word_1_282' title='bbox 3937 1172 4047 1225; x_wconf 65' lang='grc' dir='ltr'><strong>νῦν</strong></span> 
     </span>
    </p>
   </div>
   <div class='ocr_carea' id='block_1_41' title="bbox 2459 1259 4046 1333">
    <p class='ocr_par' dir='ltr' id='par_1_41' title="bbox 2459 1259 4046 1333">
     <span class='ocr_line' id='line_1_41' title="bbox 2459 1259 4046 1333; baseline 0.004 -22"><span class='ocrx_word' id='word_1_283' title='bbox 2459 1259 2738 1327; x_wconf 80' lang='grc' dir='ltr'><strong>ἐπιφανῶν</strong></span> <span class='ocrx_word' id='word_1_284' title='bbox 2767 1276 2827 1312; x_wconf 87' lang='grc' dir='ltr'><strong>τε</strong></span> <span class='ocrx_word' id='word_1_285' title='bbox 2877 1262 2970 1315; x_wconf 71' lang='grc' dir='ltr'><strong>καὶ</strong></span> <span class='ocrx_word' id='word_1_286' title='bbox 3025 1262 3262 1332; x_wconf 75' lang='grc' dir='ltr'><strong>πρώτων</strong></span> <span class='ocrx_word' id='word_1_287' title='bbox 3301 1265 3368 1333; x_wconf 79' lang='grc' dir='ltr'><strong>τῇ</strong></span> <span class='ocrx_word' id='word_1_288' title='bbox 3399 1263 3575 1329; x_wconf 78' lang='grc' dir='ltr'><strong>πόλει,</strong></span> <span class='ocrx_word' id='word_1_289' title='bbox 3604 1263 3665 1316; x_wconf 84' lang='grc' dir='ltr'><strong>δν</strong></span> <span class='ocrx_word' id='word_1_290' title='bbox 3717 1259 3839 1333; x_wconf 76' lang='grc' dir='ltr'><strong>εἶχε</strong></span> <span class='ocrx_word' id='word_1_291' title='bbox 3882 1264 4046 1317; x_wconf 63' lang='grc' dir='ltr'><strong>παῖδα</strong></span> 
     </span>
    </p>
   </div>
   <div class='ocr_carea' id='block_1_42' title="bbox 2460 1351 4043 1426">
    <p class='ocr_par' dir='ltr' id='par_1_42' title="bbox 2460 1351 4043 1426">
     <span class='ocr_line' id='line_1_42' title="bbox 2460 1351 4043 1426; baseline 0.003 -25"><span class='ocrx_word' id='word_1_292' title='bbox 2460 1351 2691 1403; x_wconf 61' lang='grc' dir='ltr'><strong>Κάλανον</strong></span> <span class='ocrx_word' id='word_1_293' title='bbox 2720 1353 3094 1422; x_wconf 71' lang='grc' dir='ltr'><strong>προσάγουσα,</strong></span> <span class='ocrx_word' id='word_1_294' title='bbox 3134 1354 3320 1424; x_wconf 88' lang='grc' dir='ltr'><strong>τρίτον</strong></span> <span class='ocrx_word' id='word_1_295' title='bbox 3349 1356 3470 1419; x_wconf 80' lang='grc' dir='ltr'><strong>ετος</strong></span> <span class='ocrx_word' id='word_1_296' title='bbox 3499 1355 3601 1426; x_wconf 63' lang='grc' dir='ltr'><strong>ἤδη</strong></span> <span class='ocrx_word' id='word_1_297' title='bbox 3623 1357 3920 1422; x_wconf 75' lang='grc' dir='ltr'><strong>γεγονότα,</strong></span> <span class='ocrx_word' id='word_1_298' title='bbox 3953 1358 4043 1408; x_wconf 68' lang='grc' dir='ltr'><strong>καὶ</strong></span> 
     </span>
    </p>
   </div>
   <div class='ocr_carea' id='block_1_43' title="bbox 2457 1442 4043 1514">
    <p class='ocr_par' dir='ltr' id='par_1_43' title="bbox 2457 1442 4043 1514">
     <span class='ocr_line' id='line_1_43' title="bbox 2457 1442 4043 1514; baseline 0.003 -22"><span class='ocrx_word' id='word_1_299' title='bbox 2457 1443 2579 1503; x_wconf 81' lang='grc' dir='ltr'><strong>ταῖς</strong></span> <span class='ocrx_word' id='word_1_300' title='bbox 2613 1442 2779 1495; x_wconf 75' lang='grc' dir='ltr'><strong>αὐτοῦ</strong></span> <span class='ocrx_word' id='word_1_301' title='bbox 2825 1445 2982 1514; x_wconf 80' lang='grc' dir='ltr'><strong>χερσὶ</strong></span> <span class='ocrx_word' id='word_1_302' title='bbox 3029 1444 3427 1514; x_wconf 72' lang='grc' dir='ltr'><strong>παρατίθεται,</strong></span> <span class='ocrx_word' id='word_1_303' title='bbox 3468 1445 3863 1513; x_wconf 74' lang='grc' dir='ltr'><strong>’Δκολουθήσει</strong></span> <span class='ocrx_word' id='word_1_304' title='bbox 3897 1463 3984 1499; x_wconf 83' lang='grc' dir='ltr'><strong>σοι</strong></span> <span class='ocrx_word' id='word_1_305' title='bbox 4015 1447 4043 1497; x_wconf 98' lang='lat'><strong>6</strong></span> 
     </span>
    </p>
   </div>
   <div class='ocr_carea' id='block_1_44' title="bbox 2461 1528 4040 1606">
    <p class='ocr_par' dir='ltr' id='par_1_44' title="bbox 2461 1528 4040 1606">
     <span class='ocr_line' id='line_1_44' title="bbox 2461 1528 4040 1606; baseline 0.004 -22"><span class='ocrx_word' id='word_1_306' title='bbox 2461 1536 2590 1596; x_wconf 86' lang='grc' dir='ltr'><strong>παῖς</strong></span> <span class='ocrx_word' id='word_1_307' title='bbox 2612 1528 2766 1596; x_wconf 78' lang='grc' dir='ltr'><strong>οὗτος</strong></span> <span class='ocrx_word' id='word_1_308' title='bbox 2780 1536 2840 1587; x_wconf 82' lang='grc' dir='ltr'><strong>ἐν</strong></span> <span class='ocrx_word' id='word_1_309' title='bbox 2853 1536 3004 1606; x_wconf 78' lang='grc' dir='ltr'><strong>πάσῃ</strong></span> <span class='ocrx_word' id='word_1_310' title='bbox 3026 1537 3150 1605; x_wconf 74' lang='grc' dir='ltr'><strong>ὁδῷ,</strong></span> <span class='ocrx_word' id='word_1_311' title='bbox 3174 1536 3427 1601; x_wconf 70' lang='grc' dir='ltr'><strong>εἰποῦσα,</strong></span> <span class='ocrx_word' id='word_1_312' title='bbox 3452 1536 3558 1600; x_wconf 68' lang='lat' dir='ltr'><strong>lto;</strong></span> <span class='ocrx_word' id='word_1_313' title='bbox 3582 1536 3872 1597; x_wconf 61' lang='lat' dir='ltr'><strong>stata-516;</strong></span> <span class='ocrx_word' id='word_1_314' title='bbox 3892 1536 4040 1599; x_wconf 72' lang='grc' dir='ltr'><strong>ἄξιος</strong></span> 
     </span>
    </p>
   </div>
   <div class='ocr_carea' id='block_1_45' title="bbox 2459 1626 4042 1700">
    <p class='ocr_par' dir='ltr' id='par_1_45' title="bbox 2459 1626 4042 1700">
     <span class='ocr_line' id='line_1_45' title="bbox 2459 1626 4042 1700; baseline 0.003 -22"><span class='ocrx_word' id='word_1_315' title='bbox 2459 1626 2682 1697; x_wconf 66' lang='grc' dir='ltr'><strong>γένηται</strong></span> <span class='ocrx_word' id='word_1_316' title='bbox 2719 1627 2798 1695; x_wconf 83' lang='grc' dir='ltr'><strong>τῷ</strong></span> <span class='ocrx_word' id='word_1_317' title='bbox 2841 1629 2936 1681; x_wconf 79' lang='grc' dir='ltr'><strong>τοῦ</strong></span> <span class='ocrx_word' id='word_1_318' title='bbox 2969 1630 3244 1682; x_wconf 84' lang='grc' dir='ltr'><strong>Δεσπότου</strong></span> <span class='ocrx_word' id='word_1_319' title='bbox 3293 1631 3531 1700; x_wconf 82' lang='grc' dir='ltr'><strong>Χριστοῦ</strong></span> <span class='ocrx_word' id='word_1_320' title='bbox 3572 1631 3751 1699; x_wconf 81' lang='grc' dir='ltr'>θρόνῳ</span> <span class='ocrx_word' id='word_1_321' title='bbox 3802 1647 4042 1699; x_wconf 81' lang='grc' dir='ltr'><strong>συμπα-</strong></span> 
     </span>
    </p>
   </div>
   <div class='ocr_carea' id='block_1_46' title="bbox 2461 1719 4038 1792">
    <p class='ocr_par' dir='ltr' id='par_1_46' title="bbox 2461 1719 4038 1792">
     <span class='ocr_line' id='line_1_46' title="bbox 2461 1719 4038 1792; baseline 0.004 -24"><span class='ocrx_word' id='word_1_322' title='bbox 2461 1719 2746 1787; x_wconf 86' lang='grc' dir='ltr'><strong>ραστῆναι.</strong></span> <span class='ocrx_word' id='word_1_323' title='bbox 2783 1721 2894 1773; x_wconf 76' lang='grc' dir='ltr'><strong>Καὶ</strong></span> <span class='ocrx_word' id='word_1_324' title='bbox 2932 1722 2965 1790; x_wconf 81' lang='grc' dir='ltr'><strong>ἠ</strong></span> <span class='ocrx_word' id='word_1_325' title='bbox 2999 1721 3100 1790; x_wconf 81' lang='grc' dir='ltr'><strong>μέν</strong></span> <span class='ocrx_word' id='word_1_326' title='bbox 3125 1721 3551 1775; x_wconf 59' lang='grc' dir='ltr'><strong>ἀππλλάττεται*</strong></span> <span class='ocrx_word' id='word_1_327' title='bbox 3583 1723 3612 1774; x_wconf 84' lang='lat'><strong>6</strong></span> <span class='ocrx_word' id='word_1_328' title='bbox 3635 1723 3692 1774; x_wconf 82' lang='grc' dir='ltr'><strong>δέ</strong></span> <span class='ocrx_word' id='word_1_329' title='bbox 3734 1723 3913 1792; x_wconf 73' lang='grc' dir='ltr'><strong>ἡδέως</strong></span> <span class='ocrx_word' id='word_1_330' title='bbox 3948 1723 4038 1775; x_wconf 72' lang='grc' dir='ltr'><strong>τὸν</strong></span> 
     </span>
    </p>
   </div>
   <div class='ocr_carea' id='block_1_47' title="bbox 2457 1811 4039 1881">
    <p class='ocr_par' dir='ltr' id='par_1_47' title="bbox 2457 1811 4039 1881">
     <span class='ocr_line' id='line_1_47' title="bbox 2457 1811 4039 1881; baseline 0.001 -19"><span class='ocrx_word' id='word_1_331' title='bbox 2457 1811 2624 1863; x_wconf 81' lang='grc' dir='ltr'><strong>παῖδα</strong></span> <span class='ocrx_word' id='word_1_332' title='bbox 2639 1811 2856 1879; x_wconf 77' lang='grc' dir='ltr'><strong>δέχεται</strong></span> <span class='ocrx_word' id='word_1_333' title='bbox 2885 1815 2979 1865; x_wconf 82' lang='grc' dir='ltr'><strong>καὶ</strong></span> <span class='ocrx_word' id='word_1_334' title='bbox 3011 1813 3172 1881; x_wconf 88' lang='grc' dir='ltr'><strong>μόνον</strong></span> <span class='ocrx_word' id='word_1_335' title='bbox 3197 1813 3295 1864; x_wconf 81' lang='grc' dir='ltr'><strong>οὐκ</strong></span> <span class='ocrx_word' id='word_1_336' title='bbox 3320 1813 3414 1865; x_wconf 78' lang='grc' dir='ltr'><strong>ἐπὶ</strong></span> <span class='ocrx_word' id='word_1_337' title='bbox 3437 1813 3546 1866; x_wconf 83' lang='grc' dir='ltr'><strong>τῶν</strong></span> <span class='ocrx_word' id='word_1_338' title='bbox 3567 1811 3822 1879; x_wconf 74' lang='grc' dir='ltr'><strong>ἀγκαλῶν</strong></span> <span class='ocrx_word' id='word_1_339' title='bbox 3852 1811 4039 1880; x_wconf 78' lang='grc' dir='ltr'><strong>περιί-</strong></span> 
     </span>
    </p>
   </div>
   <div class='ocr_carea' id='block_1_48' title="bbox 2457 1899 4038 1972">
    <p class='ocr_par' dir='ltr' id='par_1_48' title="bbox 2457 1899 4038 1972">
     <span class='ocr_line' id='line_1_48' title="bbox 2457 1899 4038 1972; baseline -0.001 -21"><span class='ocrx_word' id='word_1_340' title='bbox 2457 1916 2640 1970; x_wconf 79' lang='grc' dir='ltr'><strong>φερεν,</strong></span> <span class='ocrx_word' id='word_1_341' title='bbox 2690 1901 2856 1969; x_wconf 81' lang='grc' dir='ltr'><strong>εὐχάς</strong></span> <span class='ocrx_word' id='word_1_342' title='bbox 2906 1917 2967 1954; x_wconf 89' lang='grc' dir='ltr'><strong>τε</strong></span> <span class='ocrx_word' id='word_1_343' title='bbox 3013 1900 3162 1971; x_wconf 82' lang='grc' dir='ltr'><strong>αὐτῷ</strong></span> <span class='ocrx_word' id='word_1_344' title='bbox 3193 1902 3291 1964; x_wconf 71' lang='grc' dir='ltr'><strong>τὰς</strong></span> <span class='ocrx_word' id='word_1_345' title='bbox 3343 1901 3596 1972; x_wconf 76' lang='grc' dir='ltr'><strong>συνήθεις</strong></span> <span class='ocrx_word' id='word_1_346' title='bbox 3639 1900 3889 1968; x_wconf 65' lang='grc' dir='ltr'><strong>ἐπιλέγει</strong></span> <span class='ocrx_word' id='word_1_347' title='bbox 3944 1899 4038 1952; x_wconf 75' lang='grc' dir='ltr'><strong>καὶ</strong></span> 
     </span>
    </p>
   </div>
   <div class='ocr_carea' id='block_1_49' title="bbox 2453 1989 4036 2061">
    <p class='ocr_par' dir='ltr' id='par_1_49' title="bbox 2453 1989 4036 2061">
     <span class='ocr_line' id='line_1_49' title="bbox 2453 1989 4036 2061; baseline -0.004 -18"><span class='ocrx_word' id='word_1_348' title='bbox 2453 1991 2647 2044; x_wconf 83' lang='grc' dir='ltr'><strong>οίκειοῖ</strong></span> <span class='ocrx_word' id='word_1_349' title='bbox 2693 1990 2812 2061; x_wconf 85' lang='grc' dir='ltr'><strong>Θεῷ</strong></span> <span class='ocrx_word' id='word_1_350' title='bbox 2856 1991 2948 2044; x_wconf 80' lang='grc' dir='ltr'><strong>διά</strong></span> <span class='ocrx_word' id='word_1_351' title='bbox 2996 1990 3091 2044; x_wconf 79' lang='grc' dir='ltr'><strong>τοῦ</strong></span> <span class='ocrx_word' id='word_1_352' title='bbox 3142 1991 3502 2061; x_wconf 80' lang='grc' dir='ltr'><strong>βαπτίματος·</strong></span> <span class='ocrx_word' id='word_1_353' title='bbox 3532 1992 3654 2045; x_wconf 79' lang='grc' dir='ltr'><strong>ἐπεὶ</strong></span> <span class='ocrx_word' id='word_1_354' title='bbox 3687 1990 3828 2060; x_wconf 76' lang='grc' dir='ltr'><strong>μηδέ</strong></span> <span class='ocrx_word' id='word_1_355' title='bbox 3866 1989 4036 2058; x_wconf 74' lang='grc' dir='ltr'><strong>τιμὴν</strong></span> 
     </span>
    </p>
   </div>
   <div class='ocr_carea' id='block_1_50' title="bbox 2455 2081 4032 2154">
    <p class='ocr_par' dir='ltr' id='par_1_50' title="bbox 2455 2081 4032 2154">
     <span class='ocr_line' id='line_1_50' title="bbox 2455 2081 4032 2154; baseline -0.001 -19"><span class='ocrx_word' id='word_1_356' title='bbox 2455 2081 2650 2151; x_wconf 72' lang='grc' dir='ltr'><strong>ἑτέραν</strong></span> <span class='ocrx_word' id='word_1_357' title='bbox 2675 2083 2789 2153; x_wconf 70' lang='grc' dir='ltr'><strong>ᾔδει</strong></span> <span class='ocrx_word' id='word_1_358' title='bbox 2816 2082 3076 2152; x_wconf 74' lang='grc' dir='ltr'><strong>ἀληθινὴν</strong></span> <span class='ocrx_word' id='word_1_359' title='bbox 3096 2084 3175 2136; x_wconf 86' lang='grc' dir='ltr'><strong>ὅτι</strong></span> <span class='ocrx_word' id='word_1_360' title='bbox 3208 2084 3283 2154; x_wconf 82' lang='grc' dir='ltr'><strong>μὴ</strong></span> <span class='ocrx_word' id='word_1_361' title='bbox 3306 2085 3443 2152; x_wconf 76' lang='grc' dir='ltr'><strong>πρὸς</strong></span> <span class='ocrx_word' id='word_1_362' title='bbox 3463 2083 3526 2136; x_wconf 67' lang='lat' dir='ltr'><strong>sb</strong></span> <span class='ocrx_word' id='word_1_363' title='bbox 3542 2082 3696 2134; x_wconf 73' lang='grc' dir='ltr'><strong>Θεϊον</strong></span> <span class='ocrx_word' id='word_1_364' title='bbox 3724 2083 4032 2138; x_wconf 64' lang='lat' dir='ltr'><strong>eluctus“.</strong></span> 
     </span>
    </p>
   </div>
   <div class='ocr_carea' id='block_1_51' title="bbox 2455 2170 4032 2243">
    <p class='ocr_par' dir='ltr' id='par_1_51' title="bbox 2455 2170 4032 2243">
     <span class='ocr_line' id='line_1_51' title="bbox 2455 2170 4032 2243; baseline -0.001 -18"><span class='ocrx_word' id='word_1_365' title='bbox 2455 2173 2613 2225; x_wconf 80' lang='grc' dir='ltr'><strong>Οὕτω</strong></span> <span class='ocrx_word' id='word_1_366' title='bbox 2647 2174 2938 2243; x_wconf 77' lang='grc' dir='ltr'><strong>τοιγαροῦν</strong></span> <span class='ocrx_word' id='word_1_367' title='bbox 2967 2173 3108 2242; x_wconf 79' lang='grc' dir='ltr'><strong>ιχων</strong></span> <span class='ocrx_word' id='word_1_368' title='bbox 3139 2173 3415 2243; x_wconf 79' lang='grc' dir='ltr'><strong>Ναζάριος</strong></span> <span class='ocrx_word' id='word_1_369' title='bbox 3463 2174 3559 2226; x_wconf 72' lang='grc' dir='ltr'><strong>καὶ</strong></span> <span class='ocrx_word' id='word_1_370' title='bbox 3605 2172 3750 2226; x_wconf 79' lang='grc' dir='ltr'><strong>οὕτω</strong></span> <span class='ocrx_word' id='word_1_371' title='bbox 3789 2172 3895 2234; x_wconf 76' lang='grc' dir='ltr'><strong>τὰς</strong></span> <span class='ocrx_word' id='word_1_372' title='bbox 3925 2170 4032 2224; x_wconf 85' lang='grc' dir='ltr'><strong>τῶν</strong></span> 
     </span>
    </p>
   </div>
   <div class='ocr_carea' id='block_1_52' title="bbox 2453 2263 4030 2336">
    <p class='ocr_par' dir='ltr' id='par_1_52' title="bbox 2453 2263 4030 2336">
     <span class='ocr_line' id='line_1_52' title="bbox 2453 2263 4030 2336; baseline 0.001 -20"><span class='ocrx_word' id='word_1_373' title='bbox 2453 2265 2494 2316; x_wconf 91' lang='grc' dir='ltr'><strong>Γ</strong></span> <span class='ocrx_word' id='word_1_374' title='bbox 2498 2264 2694 2317; x_wconf 79' lang='grc' dir='ltr'><strong>αλλιῶν</strong></span> <span class='ocrx_word' id='word_1_375' title='bbox 2740 2264 2922 2327; x_wconf 80' lang='grc' dir='ltr'><strong>πόλεις</strong></span> <span class='ocrx_word' id='word_1_376' title='bbox 2955 2267 3024 2336; x_wconf 72' lang='grc' dir='ltr'><strong>τῇ</strong></span> <span class='ocrx_word' id='word_1_377' title='bbox 3064 2264 3386 2333; x_wconf 71' lang='grc' dir='ltr'><strong>διδασκαλία</strong></span> <span class='ocrx_word' id='word_1_378' title='bbox 3421 2263 3877 2334; x_wconf 71' lang='grc' dir='ltr'><strong>περιλαμϐάνων,</strong></span> <span class='ocrx_word' id='word_1_379' title='bbox 3913 2263 4030 2317; x_wconf 65' lang='grc' dir='ltr'><strong>οὐδὲ</strong></span> 
     </span>
    </p>
   </div>
   <div class='ocr_carea' id='block_1_53' title="bbox 2452 2354 4028 2424">
    <p class='ocr_par' dir='ltr' id='par_1_53' title="bbox 2452 2354 4028 2424">
     <span class='ocr_line' id='line_1_53' title="bbox 2452 2354 4028 2424; baseline -0.001 -16"><span class='ocrx_word' id='word_1_380' title='bbox 2452 2357 2546 2410; x_wconf 76' lang='grc' dir='ltr'><strong>τὸν</strong></span> <span class='ocrx_word' id='word_1_381' title='bbox 2583 2356 2817 2424; x_wconf 74' lang='grc' dir='ltr'><strong>ἄρχοντα</strong></span> <span class='ocrx_word' id='word_1_382' title='bbox 2867 2354 3056 2408; x_wconf 82' lang='grc' dir='ltr'><strong>τοῦτον</strong></span> <span class='ocrx_word' id='word_1_383' title='bbox 3108 2355 3392 2408; x_wconf 77' lang='grc' dir='ltr'><strong>Δεινόὸαον</strong></span> <span class='ocrx_word' id='word_1_384' title='bbox 3431 2354 3710 2424; x_wconf 73' lang='grc' dir='ltr'><strong>ἐλελήθει,</strong></span> <span class='ocrx_word' id='word_1_385' title='bbox 3741 2355 3886 2407; x_wconf 69' lang='grc' dir='ltr'>ἀλλὰ</span> <span class='ocrx_word' id='word_1_386' title='bbox 3931 2370 4028 2422; x_wconf 82' lang='grc' dir='ltr'><strong>με·</strong></span> 
     </span>
    </p>
   </div>
   <div class='ocr_carea' id='block_1_54' title="bbox 2449 2445 4025 2518">
    <p class='ocr_par' dir='ltr' id='par_1_54' title="bbox 2449 2445 4025 2518">
     <span class='ocr_line' id='line_1_54' title="bbox 2449 2445 4025 2518; baseline -0.003 -17"><span class='ocrx_word' id='word_1_387' title='bbox 2449 2449 2774 2518; x_wconf 79' lang='grc' dir='ltr'><strong>τάπεμπτός</strong></span> <span class='ocrx_word' id='word_1_388' title='bbox 2811 2464 2869 2499; x_wconf 89' lang='grc' dir='ltr'><strong>τε</strong></span> <span class='ocrx_word' id='word_1_389' title='bbox 2901 2446 3049 2517; x_wconf 81' lang='grc' dir='ltr'><strong>αὐτῷ</strong></span> <span class='ocrx_word' id='word_1_390' title='bbox 3073 2447 3212 2516; x_wconf 77' lang='grc' dir='ltr'><strong>μετὰ</strong></span> <span class='ocrx_word' id='word_1_391' title='bbox 3250 2447 3345 2500; x_wconf 84' lang='grc' dir='ltr'><strong>τοῦ</strong></span> <span class='ocrx_word' id='word_1_392' title='bbox 3378 2447 3563 2508; x_wconf 72' lang='grc' dir='ltr'><strong>παιδὸς</strong></span> <span class='ocrx_word' id='word_1_393' title='bbox 3611 2447 3740 2516; x_wconf 62' lang='lat' dir='ltr'><strong>{put</strong></span> <span class='ocrx_word' id='word_1_394' title='bbox 3763 2445 4025 2506; x_wconf 71' lang='grc' dir='ltr'><strong>Κελσίου.</strong></span> 
     </span>
    </p>
   </div>
   <div class='ocr_carea' id='block_1_55' title="bbox 2451 2532 4026 2608">
    <p class='ocr_par' dir='ltr' id='par_1_55' title="bbox 2451 2532 4026 2608">
     <span class='ocr_line' id='line_1_55' title="bbox 2451 2532 4026 2608; baseline -0.005 -16"><span class='ocrx_word' id='word_1_395' title='bbox 2451 2542 2546 2592; x_wconf 78' lang='grc' dir='ltr'><strong>καὶ</strong></span> <span class='ocrx_word' id='word_1_396' title='bbox 2575 2539 2691 2592; x_wconf 80' lang='grc' dir='ltr'><strong>οἴου</strong></span> <span class='ocrx_word' id='word_1_397' title='bbox 2727 2539 2824 2608; x_wconf 79' lang='grc' dir='ltr'><strong>μέν</strong></span> <span class='ocrx_word' id='word_1_398' title='bbox 2851 2539 3044 2605; x_wconf 65' lang='grc' dir='ltr'><strong>γάνους</strong></span> <span class='ocrx_word' id='word_1_399' title='bbox 3085 2537 3213 2606; x_wconf 74' lang='grc' dir='ltr'><strong>ἐφυ,</strong></span> <span class='ocrx_word' id='word_1_400' title='bbox 3253 2537 3418 2589; x_wconf 80' lang='grc' dir='ltr'><strong>τίνων</strong></span> <span class='ocrx_word' id='word_1_401' title='bbox 3465 2536 3524 2588; x_wconf 82' lang='grc' dir='ltr'><strong>δέ</strong></span> <span class='ocrx_word' id='word_1_402' title='bbox 3567 2537 3845 2605; x_wconf 70' lang='grc' dir='ltr'><strong>πατέρων,</strong></span> <span class='ocrx_word' id='word_1_403' title='bbox 3882 2532 4026 2595; x_wconf 82' lang='grc' dir='ltr'><strong>τίνος</strong></span> 
     </span>
    </p>
   </div>
   <div class='ocr_carea' id='block_1_56' title="bbox 2445 2624 4024 2699">
    <p class='ocr_par' dir='ltr' id='par_1_56' title="bbox 2445 2624 4024 2699">
     <span class='ocr_line' id='line_1_56' title="bbox 2445 2624 4024 2699; baseline -0.004 -16"><span class='ocrx_word' id='word_1_404' title='bbox 2445 2630 2506 2683; x_wconf 75' lang='grc' dir='ltr'><strong>δὲ</strong></span> <span class='ocrx_word' id='word_1_405' title='bbox 2560 2629 2862 2699; x_wconf 77' lang='grc' dir='ltr'><strong>θρησκείας</strong></span> <span class='ocrx_word' id='word_1_406' title='bbox 2914 2629 3032 2682; x_wconf 86' lang='grc' dir='ltr'><strong>ἐστὶ</strong></span> <span class='ocrx_word' id='word_1_407' title='bbox 3086 2628 3481 2696; x_wconf 66' lang='grc' dir='ltr'><strong>πυνθανομένῳ</strong></span> <span class='ocrx_word' id='word_1_408' title='bbox 3513 2625 3820 2694; x_wconf 70' lang='grc' dir='ltr'><strong>Δεινοδάῳ,</strong></span> <span class='ocrx_word' id='word_1_409' title='bbox 3865 2624 4024 2690; x_wconf 74' lang='grc' dir='ltr'><strong>Ἐγὼ,</strong></span> 
     </span>
    </p>
   </div>
   <div class='ocr_carea' id='block_1_57' title="bbox 2447 2717 4027 2792">
    <p class='ocr_par' dir='ltr' id='par_1_57' title="bbox 2447 2717 4027 2792">
     <span class='ocr_line' id='line_1_57' title="bbox 2447 2717 4027 2792; baseline -0.005 -16"><span class='ocrx_word' id='word_1_410' title='bbox 2447 2722 2578 2792; x_wconf 66' lang='grc' dir='ltr'><strong>ἔφη,</strong></span> <span class='ocrx_word' id='word_1_411' title='bbox 2622 2722 2683 2775; x_wconf 75' lang='grc' dir='ltr'><strong>τὸ</strong></span> <span class='ocrx_word' id='word_1_412' title='bbox 2739 2721 2838 2792; x_wconf 73' lang='grc' dir='ltr'><strong>μὶν</strong></span> <span class='ocrx_word' id='word_1_413' title='bbox 2865 2721 3020 2789; x_wconf 74' lang='grc' dir='ltr'><strong>γένος</strong></span> <span class='ocrx_word' id='word_1_414' title='bbox 3062 2720 3182 2790; x_wconf 76' lang='grc' dir='ltr'><strong>εἰμὶ</strong></span> <span class='ocrx_word' id='word_1_415' title='bbox 3219 2719 3506 2788; x_wconf 77' lang='grc' dir='ltr'><strong>Ῥωμαῖος,</strong></span> <span class='ocrx_word' id='word_1_416' title='bbox 3537 2717 3828 2787; x_wconf 70' lang='grc' dir='ltr'><strong>πρεσϐεύω</strong></span> <span class='ocrx_word' id='word_1_417' title='bbox 3868 2717 3925 2770; x_wconf 86' lang='grc' dir='ltr'><strong>δέ</strong></span> <span class='ocrx_word' id='word_1_418' title='bbox 3960 2717 4027 2767; x_wconf 80' lang='grc' dir='ltr'><strong>τά</strong></span> 
     </span>
    </p>
   </div>
   <div class='ocr_carea' id='block_1_58' title="bbox 2456 2809 4026 2884">
    <p class='ocr_par' dir='ltr' id='par_1_58' title="bbox 2456 2809 4026 2884">
     <span class='ocr_line' id='line_1_58' title="bbox 2456 2809 4026 2884; baseline -0.004 -16"><span class='ocrx_word' id='word_1_419' title='bbox 2456 2815 2819 2884; x_wconf 82' lang='grc' dir='ltr'><strong>Χριστιανῶν,</strong></span> <span class='ocrx_word' id='word_1_420' title='bbox 2865 2814 2958 2867; x_wconf 71' lang='grc' dir='ltr'><strong>καὶ</strong></span> <span class='ocrx_word' id='word_1_421' title='bbox 2999 2812 3130 2865; x_wconf 82' lang='grc' dir='ltr'><strong>Θεδν</strong></span> <span class='ocrx_word' id='word_1_422' title='bbox 3169 2809 3418 2881; x_wconf 79' lang='grc' dir='ltr'><strong>ὁμολογῶ</strong></span> <span class='ocrx_word' id='word_1_423' title='bbox 3464 2811 3556 2862; x_wconf 83' lang='grc' dir='ltr'><strong>τδν</strong></span> <span class='ocrx_word' id='word_1_424' title='bbox 3585 2810 4026 2878; x_wconf 65' lang='grc' dir='ltr'><strong>ἐσταυρωμένον.</strong></span> 
     </span>
    </p>
   </div>
   <div class='ocr_carea' id='block_1_59' title="bbox 2452 2900 4030 2976">
    <p class='ocr_par' dir='ltr' id='par_1_59' title="bbox 2452 2900 4030 2976">
     <span class='ocr_line' id='line_1_59' title="bbox 2452 2900 4030 2976; baseline -0.009 -13"><span class='ocrx_word' id='word_1_425' title='bbox 2452 2909 2587 2963; x_wconf 73' lang='grc' dir='ltr'><strong>Τότε</strong></span> <span class='ocrx_word' id='word_1_426' title='bbox 2631 2907 2850 2976; x_wconf 70' lang='grc' dir='ltr'><strong>λέγεται</strong></span> <span class='ocrx_word' id='word_1_427' title='bbox 2887 2905 3024 2975; x_wconf 78' lang='grc' dir='ltr'><strong>πρὸς</strong></span> <span class='ocrx_word' id='word_1_428' title='bbox 3050 2904 3221 2973; x_wconf 78' lang='grc' dir='ltr'><strong>ὀργὴν</strong></span> <span class='ocrx_word' id='word_1_429' title='bbox 3251 2903 3537 2972; x_wconf 71' lang='grc' dir='ltr'><strong>κινηθίνια</strong></span> <span class='ocrx_word' id='word_1_430' title='bbox 3565 2900 3874 2961; x_wconf 76' lang='grc' dir='ltr'><strong>Δεινόδαον,</strong></span> <span class='ocrx_word' id='word_1_431' title='bbox 3907 2902 4030 2952; x_wconf 69' lang='grc' dir='ltr'><strong>Δαιμ-</strong></span> 
     </span>
    </p>
   </div>
   <div class='ocr_carea' id='block_1_60' title="bbox 2454 2991 4028 3072">
    <p class='ocr_par' dir='ltr' id='par_1_60' title="bbox 2454 2991 4028 3072">
     <span class='ocr_line' id='line_1_60' title="bbox 2454 2991 4028 3072; baseline -0.008 -16"><span class='ocrx_word' id='word_1_432' title='bbox 2454 3003 2636 3072; x_wconf 81' lang='grc' dir='ltr'><strong>μόνιον</strong></span> <span class='ocrx_word' id='word_1_433' title='bbox 2658 3002 2825 3071; x_wconf 76' lang='grc' dir='ltr'><strong>ἐχεις,</strong></span> <span class='ocrx_word' id='word_1_434' title='bbox 2864 2999 3050 3066; x_wconf 74' lang='grc' dir='ltr'><strong>φάναι.</strong></span> <span class='ocrx_word' id='word_1_435' title='bbox 3079 2998 3150 3052; x_wconf 84' lang='grc' dir='ltr'><em>Ἦ</em></span> <span class='ocrx_word' id='word_1_436' title='bbox 3180 2997 3231 3050; x_wconf 90' lang='grc' dir='ltr'><strong>τί</strong></span> <span class='ocrx_word' id='word_1_437' title='bbox 3253 3012 3316 3065; x_wconf 90' lang='grc' dir='ltr'><strong>γε</strong></span> <span class='ocrx_word' id='word_1_438' title='bbox 3344 2995 3475 3051; x_wconf 65' lang='grc' dir='ltr'><strong>ἀλλο</strong></span> <span class='ocrx_word' id='word_1_439' title='bbox 3501 2995 3536 3066; x_wconf 72' lang='grc' dir='ltr'><strong>ἠ</strong></span> <span class='ocrx_word' id='word_1_440' title='bbox 3565 2994 3804 3061; x_wconf 81' lang='grc' dir='ltr'><strong>τοσαύτη</strong></span> <span class='ocrx_word' id='word_1_441' title='bbox 3847 2991 4028 3061; x_wconf 72' lang='grc' dir='ltr'><strong>βούλε-</strong></span> 
     </span>
    </p>
   </div>
   <div class='ocr_carea' id='block_1_61' title="bbox 775 3086 2450 3173">
    <p class='ocr_par' dir='ltr' id='par_1_61' title="bbox 775 3088 2418 3173">
     <span class='ocr_line' id='line_1_61' title="bbox 775 3088 2418 3173; baseline 0.001 -28"><span class='ocrx_word' id='word_1_442' title='bbox 775 3091 933 3152; x_wconf 85' lang='lat' dir='ltr'><strong>baus,</strong></span> <span class='ocrx_word' id='word_1_443' title='bbox 961 3089 1032 3143; x_wconf 80' lang='lat' dir='ltr'><strong>ad</strong></span> <span class='ocrx_word' id='word_1_444' title='bbox 1073 3089 1208 3142; x_wconf 88' lang='lat' dir='ltr'><strong>iram</strong></span> <span class='ocrx_word' id='word_1_445' title='bbox 1252 3099 1455 3153; x_wconf 88' lang='lat' dir='ltr'><strong>motus,</strong></span> <span class='ocrx_word' id='word_1_446' title='bbox 1488 3088 1692 3142; x_wconf 79' lang='lat' dir='ltr'><strong>dixisse</strong></span> <span class='ocrx_word' id='word_1_447' title='bbox 1729 3128 1741 3140; x_wconf 92' lang='lat'><strong>.</strong></span> <span class='ocrx_word' id='word_1_448' title='bbox 1778 3089 1957 3143; x_wconf 85' lang='lat' dir='ltr'><strong>Habes</strong></span> <span class='ocrx_word' id='word_1_449' title='bbox 1995 3090 2343 3147; x_wconf 68' lang='lat' dir='ltr'><strong>damonium.</strong></span> <span class='ocrx_word' id='word_1_450' title='bbox 2374 3114 2418 3173; x_wconf 69' lang='grc' dir='ltr'>ο</span> 
     </span>
    </p>
   </div>
   <div class='ocr_carea' id='block_1_62' title="bbox 2347 3086 4022 3173">
    <p class='ocr_par' dir='ltr' id='par_1_62' title="bbox 2374 3086 4022 3173">
     <span class='ocr_line' id='line_1_62' title="bbox 2374 3086 4022 3173; baseline -0.005 -27"><span class='ocrx_word' id='word_1_451' title='bbox 2374 3114 2418 3173; x_wconf 72' lang='lat' dir='ltr'>c</span> <span class='ocrx_word' id='word_1_452' title='bbox 2455 3095 2545 3147; x_wconf 87' lang='grc' dir='ltr'><strong>ταί</strong></span> <span class='ocrx_word' id='word_1_453' title='bbox 2581 3111 2662 3146; x_wconf 90' lang='grc' dir='ltr'><strong>σοι</strong></span> <span class='ocrx_word' id='word_1_454' title='bbox 2687 3091 2958 3162; x_wconf 47' lang='lat' dir='ltr'><strong>etcapta;</strong></span> <span class='ocrx_word' id='word_1_455' title='bbox 2990 3092 3104 3144; x_wconf 74' lang='grc' dir='ltr'><strong>Οὐκ</strong></span> <span class='ocrx_word' id='word_1_456' title='bbox 3131 3088 3245 3142; x_wconf 84' lang='grc' dir='ltr'><strong>ἐστι</strong></span> <span class='ocrx_word' id='word_1_457' title='bbox 3276 3105 3358 3140; x_wconf 90' lang='grc' dir='ltr'><strong>σοι</strong></span> <span class='ocrx_word' id='word_1_458' title='bbox 3383 3088 3568 3156; x_wconf 81' lang='grc' dir='ltr'><strong>πατήρ</strong></span> <span class='ocrx_word' id='word_1_459' title='bbox 3593 3102 3611 3152; x_wconf 87' lang='lat'><strong>;</strong></span> <span class='ocrx_word' id='word_1_460' title='bbox 3636 3086 3734 3139; x_wconf 77' lang='grc' dir='ltr'><strong>οὐκ</strong></span> <span class='ocrx_word' id='word_1_461' title='bbox 3769 3086 3888 3138; x_wconf 77' lang='grc' dir='ltr'><strong>ἐστι</strong></span> <span class='ocrx_word' id='word_1_462' title='bbox 3917 3086 4022 3153; x_wconf 75' lang='grc' dir='ltr'><strong>μή·</strong></span> 
     </span>
    </p>
   </div>
   <div class='ocr_carea' id='block_1_63' title="bbox 772 3175 2447 3255">
    <p class='ocr_par' dir='ltr' id='par_1_63' title="bbox 772 3180 2348 3251">
     <span class='ocr_line' id='line_1_63' title="bbox 772 3180 2348 3251; baseline 0.001 -13"><span class='ocrx_word' id='word_1_463' title='bbox 772 3182 912 3249; x_wconf 85' lang='lat' dir='ltr'><strong>Quid</strong></span> <span class='ocrx_word' id='word_1_464' title='bbox 941 3182 1082 3236; x_wconf 86' lang='lat' dir='ltr'><strong>enim</strong></span> <span class='ocrx_word' id='word_1_465' title='bbox 1120 3180 1269 3235; x_wconf 89' lang='lat' dir='ltr'><strong>aliud</strong></span> <span class='ocrx_word' id='word_1_466' title='bbox 1307 3180 1413 3234; x_wconf 89' lang='lat' dir='ltr'><strong>sibi</strong></span> <span class='ocrx_word' id='word_1_467' title='bbox 1452 3182 1647 3234; x_wconf 87' lang='lat' dir='ltr'><strong>volunt</strong></span> <span class='ocrx_word' id='word_1_468' title='bbox 1681 3180 1764 3233; x_wconf 68' lang='lat' dir='ltr'><strong>ha:</strong></span> <span class='ocrx_word' id='word_1_469' title='bbox 1805 3188 1970 3234; x_wconf 78' lang='lat' dir='ltr'><strong>tanta:</strong></span> <span class='ocrx_word' id='word_1_470' title='bbox 2001 3184 2203 3251; x_wconf 66' lang='lat' dir='ltr'><strong>auge?</strong></span> <span class='ocrx_word' id='word_1_471' title='bbox 2229 3184 2348 3239; x_wconf 82' lang='lat' dir='ltr'><strong>Non</strong></span> 
     </span>
    </p>
   </div>
   <div class='ocr_carea' id='block_1_64' title="bbox 2349 3175 4024 3255">
    <p class='ocr_par' dir='ltr' id='par_1_64' title="bbox 2454 3175 4024 3255">
     <span class='ocr_line' id='line_1_64' title="bbox 2454 3175 4024 3255; baseline -0.005 -17"><span class='ocrx_word' id='word_1_472' title='bbox 2454 3201 2593 3255; x_wconf 80' lang='grc' dir='ltr'><strong>τηρς</strong></span> <span class='ocrx_word' id='word_1_473' title='bbox 2637 3186 2696 3237; x_wconf 89' lang='lat'><strong>&#39;0</strong></span> <span class='ocrx_word' id='word_1_474' title='bbox 2732 3187 2812 3247; x_wconf 80' lang='grc' dir='ltr'><strong>δέ,</strong></span> <span class='ocrx_word' id='word_1_475' title='bbox 2847 3184 2910 3238; x_wconf 79' lang='grc' dir='ltr'><strong>Εἰ</strong></span> <span class='ocrx_word' id='word_1_476' title='bbox 2947 3182 3224 3252; x_wconf 84' lang='grc' dir='ltr'><strong>δαιμόνιον</strong></span> <span class='ocrx_word' id='word_1_477' title='bbox 3261 3177 3436 3250; x_wconf 77' lang='grc' dir='ltr'><strong>εἰχον,</strong></span> <span class='ocrx_word' id='word_1_478' title='bbox 3471 3175 3648 3242; x_wconf 78' lang='grc' dir='ltr'><strong>εἶπεν,</strong></span> <span class='ocrx_word' id='word_1_479' title='bbox 3684 3178 3786 3231; x_wconf 78' lang='grc' dir='ltr'><strong>οὐκ</strong></span> <span class='ocrx_word' id='word_1_480' title='bbox 3821 3176 3892 3230; x_wconf 74' lang='grc' dir='ltr'><strong>ἂν</strong></span> <span class='ocrx_word' id='word_1_481' title='bbox 3933 3175 4024 3240; x_wconf 72' lang='grc' dir='ltr'><strong>οὓς</strong></span> 
     </span>
    </p>
   </div>
   <div class='ocr_carea' id='block_1_65' title="bbox 771 3267 2446 3343">
    <p class='ocr_par' dir='ltr' id='par_1_65' title="bbox 771 3268 2348 3343">
     <span class='ocr_line' id='line_1_65' title="bbox 771 3268 2348 3343; baseline 0.003 -13"><span class='ocrx_word' id='word_1_482' title='bbox 771 3285 857 3330; x_wconf 81' lang='lat' dir='ltr'><strong>est</strong></span> <span class='ocrx_word' id='word_1_483' title='bbox 897 3274 996 3328; x_wconf 87' lang='lat' dir='ltr'><strong>tibi</strong></span> <span class='ocrx_word' id='word_1_484' title='bbox 1045 3277 1235 3343; x_wconf 74' lang='lat' dir='ltr'><strong>pater!</strong></span> <span class='ocrx_word' id='word_1_485' title='bbox 1283 3287 1392 3326; x_wconf 91' lang='lat' dir='ltr'><strong>non</strong></span> <span class='ocrx_word' id='word_1_486' title='bbox 1437 3281 1523 3326; x_wconf 88' lang='lat' dir='ltr'><strong>est</strong></span> <span class='ocrx_word' id='word_1_487' title='bbox 1550 3273 1648 3327; x_wconf 86' lang='lat' dir='ltr'><strong>tibi</strong></span> <span class='ocrx_word' id='word_1_488' title='bbox 1679 3274 1901 3326; x_wconf 75' lang='lat' dir='ltr'><strong>mater?</strong></span> <span class='ocrx_word' id='word_1_489' title='bbox 1945 3272 2040 3329; x_wconf 89' lang='lat' dir='ltr'><strong>llle</strong></span> <span class='ocrx_word' id='word_1_490' title='bbox 2083 3291 2258 3332; x_wconf 86' lang='lat' dir='ltr'><strong>vero:</strong></span> <span class='ocrx_word' id='word_1_491' title='bbox 2289 3268 2348 3334; x_wconf 82' lang='lat' dir='ltr'><strong>Si</strong></span> 
     </span>
    </p>
   </div>
   <div class='ocr_carea' id='block_1_66' title="bbox 2348 3267 4023 3343">
    <p class='ocr_par' dir='ltr' id='par_1_66' title="bbox 2457 3267 4023 3343">
     <span class='ocr_line' id='line_1_66' title="bbox 2457 3267 4023 3343; baseline -0.004 -16"><span class='ocrx_word' id='word_1_492' title='bbox 2457 3276 2636 3338; x_wconf 76' lang='grc' dir='ltr'><strong>σέσεις</strong></span> <span class='ocrx_word' id='word_1_493' title='bbox 2672 3274 2930 3343; x_wconf 81' lang='grc' dir='ltr'><strong>δαίμονας</strong></span> <span class='ocrx_word' id='word_1_494' title='bbox 2965 3273 3029 3325; x_wconf 82' lang='grc' dir='ltr'><strong>σὺ</strong></span> <span class='ocrx_word' id='word_1_495' title='bbox 3073 3271 3260 3336; x_wconf 77' lang='grc' dir='ltr'><strong>αὐτὸς,</strong></span> <span class='ocrx_word' id='word_1_496' title='bbox 3290 3269 3524 3342; x_wconf 73' lang='grc' dir='ltr'><strong>ᾔσχυναν</strong></span> <span class='ocrx_word' id='word_1_497' title='bbox 3547 3269 3640 3322; x_wconf 76' lang='grc' dir='ltr'><strong>καὶ</strong></span> <span class='ocrx_word' id='word_1_498' title='bbox 3668 3267 4023 3336; x_wconf 69' lang='grc' dir='ltr'><strong>καθύϐριζαν.</strong></span> 
     </span>
    </p>
   </div>
   <div class='ocr_carea' id='block_1_67' title="bbox 772 3360 2447 3433">
    <p class='ocr_par' dir='ltr' id='par_1_67' title="bbox 772 3363 2346 3433">
     <span class='ocr_line' id='line_1_67' title="bbox 772 3363 2346 3433; baseline 0.003 -14"><span class='ocrx_word' id='word_1_499' title='bbox 772 3367 1103 3420; x_wconf 69' lang='lat' dir='ltr'><strong>daemonium</strong></span> <span class='ocrx_word' id='word_1_500' title='bbox 1157 3364 1440 3426; x_wconf 86' lang='lat' dir='ltr'><strong>haberem,</strong></span> <span class='ocrx_word' id='word_1_501' title='bbox 1487 3363 1689 3432; x_wconf 86' lang='lat' dir='ltr'><strong>inquit.</strong></span> <span class='ocrx_word' id='word_1_502' title='bbox 1751 3379 1860 3417; x_wconf 82' lang='lat' dir='ltr'><strong>non</strong></span> <span class='ocrx_word' id='word_1_503' title='bbox 1901 3380 2043 3431; x_wconf 85' lang='lat' dir='ltr'><strong>quos</strong></span> <span class='ocrx_word' id='word_1_504' title='bbox 2090 3375 2148 3420; x_wconf 91' lang='lat' dir='ltr'><strong>tu</strong></span> <span class='ocrx_word' id='word_1_505' title='bbox 2186 3368 2346 3433; x_wconf 84' lang='lat' dir='ltr'><strong>colis,</strong></span> 
     </span>
    </p>
   </div>
   <div class='ocr_carea' id='block_1_68' title="bbox 2349 3360 4024 3433">
    <p class='ocr_par' dir='ltr' id='par_1_68' title="bbox 2453 3360 4024 3432">
     <span class='ocr_line' id='line_1_68' title="bbox 2453 3360 4024 3432; baseline -0.005 -13"><span class='ocrx_word' id='word_1_506' title='bbox 2453 3369 2560 3419; x_wconf 78' lang='grc' dir='ltr'><strong>Καὶ</strong></span> <span class='ocrx_word' id='word_1_507' title='bbox 2597 3368 2626 3419; x_wconf 88' lang='lat'><strong>6</strong></span> <span class='ocrx_word' id='word_1_508' title='bbox 2655 3365 2959 3427; x_wconf 77' lang='grc' dir='ltr'><strong>Δεινόσαος,</strong></span> <span class='ocrx_word' id='word_1_509' title='bbox 2988 3366 3062 3432; x_wconf 79' lang='grc' dir='ltr'><strong>μὴ</strong></span> <span class='ocrx_word' id='word_1_510' title='bbox 3095 3361 3381 3431; x_wconf 84' lang='grc' dir='ltr'><strong>κατασχὼν</strong></span> <span class='ocrx_word' id='word_1_511' title='bbox 3406 3362 3504 3432; x_wconf 74' lang='grc' dir='ltr'><strong>τὴν</strong></span> <span class='ocrx_word' id='word_1_512' title='bbox 3531 3362 3750 3431; x_wconf 85' lang='grc' dir='ltr'><strong>μανίαν,</strong></span> <span class='ocrx_word' id='word_1_513' title='bbox 3801 3360 3896 3413; x_wconf 72' lang='grc' dir='ltr'><strong>τὸν</strong></span> <span class='ocrx_word' id='word_1_514' title='bbox 3925 3362 4024 3430; x_wconf 81' lang='grc' dir='ltr'><strong>μέν</strong></span> 
     </span>
    </p>
   </div>
   <div class='ocr_carea' id='block_1_69' title="bbox 772 3453 2447 3523">
    <p class='ocr_par' dir='ltr' id='par_1_69' title="bbox 772 3454 2342 3523">
     <span class='ocr_line' id='line_1_69' title="bbox 772 3454 2342 3523; baseline 0.002 -14"><span class='ocrx_word' id='word_1_515' title='bbox 772 3457 1051 3510; x_wconf 63' lang='lat' dir='ltr'><strong>daemones</strong></span> <span class='ocrx_word' id='word_1_516' title='bbox 1078 3455 1385 3510; x_wconf 85' lang='lat' dir='ltr'><strong>insectarer</strong></span> <span class='ocrx_word' id='word_1_517' title='bbox 1430 3454 1651 3523; x_wconf 87' lang='lat' dir='ltr'><strong>probris</strong></span> <span class='ocrx_word' id='word_1_518' title='bbox 1689 3463 1746 3508; x_wconf 85' lang='lat' dir='ltr'><strong>et</strong></span> <span class='ocrx_word' id='word_1_519' title='bbox 1778 3455 2147 3512; x_wconf 82' lang='lat' dir='ltr'><strong>contumeliis.</strong></span> <span class='ocrx_word' id='word_1_520' title='bbox 2173 3457 2342 3513; x_wconf 82' lang='lat' dir='ltr'><strong>Dino-</strong></span> 
     </span>
    </p>
   </div>
   <div class='ocr_carea' id='block_1_70' title="bbox 2350 3453 4025 3523">
    <p class='ocr_par' dir='ltr' id='par_1_70' title="bbox 2451 3453 4025 3523">
     <span class='ocr_line' id='line_1_70' title="bbox 2451 3453 4025 3523; baseline -0.003 -14"><span class='ocrx_word' id='word_1_521' title='bbox 2451 3459 2615 3511; x_wconf 80' lang='grc' dir='ltr'><strong>παῖδα</strong></span> <span class='ocrx_word' id='word_1_522' title='bbox 2652 3458 2884 3510; x_wconf 75' lang='grc' dir='ltr'><strong>Κέλσιον</strong></span> <span class='ocrx_word' id='word_1_523' title='bbox 2913 3456 3020 3508; x_wconf 84' lang='grc' dir='ltr'><strong>τῶν</strong></span> <span class='ocrx_word' id='word_1_524' title='bbox 3051 3457 3261 3507; x_wconf 81' lang='grc' dir='ltr'><strong>ἐκείνου</strong></span> <span class='ocrx_word' id='word_1_525' title='bbox 3296 3453 3495 3523; x_wconf 83' lang='grc' dir='ltr'><strong>χειρῶν</strong></span> <span class='ocrx_word' id='word_1_526' title='bbox 3527 3455 3860 3515; x_wconf 75' lang='grc' dir='ltr'><strong>ἀποσπάσας</strong></span> <span class='ocrx_word' id='word_1_527' title='bbox 3888 3453 4025 3522; x_wconf 64' lang='lat'><strong><em>1111;-</em></strong></span> 
     </span>
    </p>
   </div>
   <div class='ocr_carea' id='block_1_71' title="bbox 774 3527 2449 3618">
    <p class='ocr_par' dir='ltr' id='par_1_71' title="bbox 774 3527 2346 3608">
     <span class='ocr_line' id='line_1_71' title="bbox 774 3527 2346 3608; baseline 0.001 -7"><span class='ocrx_word' id='word_1_528' title='bbox 774 3527 911 3601; x_wconf 46' lang='lat' dir='ltr'><strong>ba‘us</strong></span> <span class='ocrx_word' id='word_1_529' title='bbox 953 3555 1137 3600; x_wconf 84' lang='lat' dir='ltr'><strong>autem</strong></span> <span class='ocrx_word' id='word_1_530' title='bbox 1186 3546 1432 3599; x_wconf 87' lang='lat' dir='ltr'><strong>furorem</strong></span> <span class='ocrx_word' id='word_1_531' title='bbox 1479 3559 1588 3597; x_wconf 90' lang='lat' dir='ltr'><strong>non</strong></span> <span class='ocrx_word' id='word_1_532' title='bbox 1643 3545 1828 3598; x_wconf 86' lang='lat' dir='ltr'><strong>valens</strong></span> <span class='ocrx_word' id='word_1_533' title='bbox 1870 3547 2180 3608; x_wconf 86' lang='lat' dir='ltr'><strong>continere,</strong></span> <span class='ocrx_word' id='word_1_534' title='bbox 2219 3561 2346 3602; x_wconf 89' lang='lat' dir='ltr'><strong>cum</strong></span> 
     </span>
    </p>
   </div>
   <div class='ocr_carea' id='block_1_72' title="bbox 2352 3527 4027 3618">
    <p class='ocr_par' dir='ltr' id='par_1_72' title="bbox 2452 3545 4027 3618">
     <span class='ocr_line' id='line_1_72' title="bbox 2452 3545 4027 3618; baseline 0.001 -20"><span class='ocrx_word' id='word_1_535' title='bbox 2452 3549 2576 3613; x_wconf 83' lang='grc' dir='ltr'><strong>γαῖς</strong></span> <span class='ocrx_word' id='word_1_536' title='bbox 2605 3546 2884 3599; x_wconf 79' lang='grc' dir='ltr'><strong>ἐπιδάλλει</strong></span> <span class='ocrx_word' id='word_1_537' title='bbox 2924 3545 2986 3598; x_wconf 77' lang='grc' dir='ltr'><strong>οὐ</strong></span> <span class='ocrx_word' id='word_1_538' title='bbox 3030 3549 3313 3614; x_wconf 75' lang='grc' dir='ltr'><strong>φορηταῖς.</strong></span> <span class='ocrx_word' id='word_1_539' title='bbox 3361 3549 3389 3598; x_wconf 89' lang='lat'><strong>6</strong></span> <span class='ocrx_word' id='word_1_540' title='bbox 3421 3549 3550 3610; x_wconf 84' lang='grc' dir='ltr'><strong>παῖς</strong></span> <span class='ocrx_word' id='word_1_541' title='bbox 3581 3551 3700 3610; x_wconf 74' lang='grc' dir='ltr'><strong>ταῖς</strong></span> <span class='ocrx_word' id='word_1_542' title='bbox 3739 3552 3909 3618; x_wconf 81' lang='grc' dir='ltr'><strong>φρεσὶ</strong></span> <span class='ocrx_word' id='word_1_543' title='bbox 3937 3552 4027 3603; x_wconf 78' lang='grc' dir='ltr'><strong>τὸν</strong></span> 
     </span>
    </p>
   </div>
   <div class='ocr_carea' id='block_1_73' title="bbox 771 3630 2446 3708">
    <p class='ocr_par' dir='ltr' id='par_1_73' title="bbox 771 3633 2343 3706">
     <span class='ocr_line' id='line_1_73' title="bbox 771 3633 2343 3706; baseline 0 -16"><span class='ocrx_word' id='word_1_544' title='bbox 771 3652 1004 3706; x_wconf 89' lang='lat' dir='ltr'><strong>puerum</strong></span> <span class='ocrx_word' id='word_1_545' title='bbox 1032 3637 1256 3706; x_wconf 90' lang='lat' dir='ltr'><strong>quidem</strong></span> <span class='ocrx_word' id='word_1_546' title='bbox 1281 3635 1521 3688; x_wconf 82' lang='lat' dir='ltr'><strong>Celsiutn</strong></span> <span class='ocrx_word' id='word_1_547' title='bbox 1551 3633 1907 3688; x_wconf 78' lang='lat' dir='ltr'><strong>abstraxisset</strong></span> <span class='ocrx_word' id='word_1_548' title='bbox 1937 3650 2005 3689; x_wconf 90' lang='lat' dir='ltr'><strong>ex</strong></span> <span class='ocrx_word' id='word_1_549' title='bbox 2048 3636 2198 3690; x_wconf 87' lang='lat' dir='ltr'><strong>illius</strong></span> <span class='ocrx_word' id='word_1_550' title='bbox 2225 3652 2343 3690; x_wconf 89' lang='lat' dir='ltr'><strong>ma-</strong></span> 
     </span>
    </p>
   </div>
   <div class='ocr_carea' id='block_1_74' title="bbox 2350 3630 4025 3708">
    <p class='ocr_par' dir='ltr' id='par_1_74' title="bbox 2450 3630 4025 3708">
     <span class='ocr_line' id='line_1_74' title="bbox 2450 3630 4025 3708; baseline 0.003 -19"><span class='ocrx_word' id='word_1_551' title='bbox 2450 3637 2632 3689; x_wconf 79' lang='grc' dir='ltr'><strong>πολιὸν</strong></span> <span class='ocrx_word' id='word_1_552' title='bbox 2667 3637 2765 3706; x_wconf 75' lang='grc' dir='ltr'><strong>τὴν</strong></span> <span class='ocrx_word' id='word_1_553' title='bbox 2815 3636 3051 3688; x_wconf 76' lang='grc' dir='ltr'><strong>σύνεσινο</strong></span> <span class='ocrx_word' id='word_1_554' title='bbox 3083 3630 3202 3688; x_wconf 72' lang='grc' dir='ltr'><strong>εἶτα</strong></span> <span class='ocrx_word' id='word_1_555' title='bbox 3252 3636 3346 3689; x_wconf 77' lang='grc' dir='ltr'><strong>καὶ</strong></span> <span class='ocrx_word' id='word_1_556' title='bbox 3379 3640 3445 3708; x_wconf 71' lang='grc' dir='ltr'><strong>τῇ</strong></span> <span class='ocrx_word' id='word_1_557' title='bbox 3494 3638 3686 3708; x_wconf 72' lang='grc' dir='ltr'><strong>εἱρκτῇ</strong></span> <span class='ocrx_word' id='word_1_558' title='bbox 3742 3639 4025 3707; x_wconf 79' lang='grc' dir='ltr'><strong>ἐμϐάλλει,</strong></span> 
     </span>
    </p>
   </div>
   <div class='ocr_carea' id='block_1_75' title="bbox 771 3725 2446 3800">
    <p class='ocr_par' dir='ltr' id='par_1_75' title="bbox 771 3725 2446 3798">
     <span class='ocr_line' id='line_1_75' title="bbox 771 3725 2446 3798; baseline 0.001 -16"><span class='ocrx_word' id='word_1_559' title='bbox 771 3728 984 3791; x_wconf 84' lang='lat' dir='ltr'><strong>nibus,</strong></span> <span class='ocrx_word' id='word_1_560' title='bbox 1037 3725 1402 3780; x_wconf 81' lang='lat' dir='ltr'><strong>intolerandis</strong></span> <span class='ocrx_word' id='word_1_561' title='bbox 1451 3739 1577 3778; x_wconf 89' lang='lat' dir='ltr'><strong>eum</strong></span> <span class='ocrx_word' id='word_1_562' title='bbox 1641 3725 1814 3795; x_wconf 82' lang='lat' dir='ltr'><strong>plagis</strong></span> <span class='ocrx_word' id='word_1_563' title='bbox 1874 3725 2059 3791; x_wconf 85' lang='lat' dir='ltr'><strong>allicit,</strong></span> <span class='ocrx_word' id='word_1_564' title='bbox 2127 3728 2346 3798; x_wconf 82' lang='lat' dir='ltr'><strong>ingenio</strong></span> <span class='ocrx_word' id='word_1_565' title='bbox 2445 3752 2446 3759; x_wconf 53' lang='grc' dir='ltr'><strong>η</strong></span> 
     </span>
    </p>
   </div>
   <div class='ocr_carea' id='block_1_76' title="bbox 2350 3725 4025 3800">
    <p class='ocr_par' dir='ltr' id='par_1_76' title="bbox 2445 3726 4025 3800">
     <span class='ocr_line' id='line_1_76' title="bbox 2445 3726 4025 3800; baseline 0.003 -20"><span class='ocrx_word' id='word_1_566' title='bbox 2445 3727 2840 3797; x_wconf 71' lang='grc' dir='ltr'><strong>ταμιευόμενος</strong></span> <span class='ocrx_word' id='word_1_567' title='bbox 2869 3730 2952 3790; x_wconf 69' lang='lat' dir='ltr'><strong>sic</strong></span> <span class='ocrx_word' id='word_1_568' title='bbox 2988 3726 3087 3797; x_wconf 74' lang='grc' dir='ltr'><strong>τὴν</strong></span> <span class='ocrx_word' id='word_1_569' title='bbox 3114 3727 3427 3796; x_wconf 80' lang='grc' dir='ltr'><strong>ὑστεραίαν.</strong></span> <span class='ocrx_word' id='word_1_570' title='bbox 3464 3727 3531 3783; x_wconf 81' lang='grc' dir='ltr'><strong>Ἦ</strong></span> <span class='ocrx_word' id='word_1_571' title='bbox 3553 3736 3660 3798; x_wconf 69' lang='grc' dir='ltr'><strong>γάρ</strong></span> <span class='ocrx_word' id='word_1_572' title='bbox 3681 3729 3855 3800; x_wconf 76' lang='grc' dir='ltr'><strong>πολλὴ</strong></span> <span class='ocrx_word' id='word_1_573' title='bbox 3877 3731 4025 3800; x_wconf 79' lang='grc' dir='ltr'><strong>ὠμό-</strong></span> 
     </span>
    </p>
   </div>
   <div class='ocr_carea' id='block_1_77' title="bbox 769 3816 2444 3890">
    <p class='ocr_par' dir='ltr' id='par_1_77' title="bbox 769 3817 2340 3888">
     <span class='ocr_line' id='line_1_77' title="bbox 769 3817 2340 3888; baseline 0 -15"><span class='ocrx_word' id='word_1_574' title='bbox 769 3834 908 3888; x_wconf 87' lang='lat' dir='ltr'><strong>puer</strong></span> <span class='ocrx_word' id='word_1_575' title='bbox 952 3832 1103 3880; x_wconf 89' lang='lat' dir='ltr'><strong>eum,</strong></span> <span class='ocrx_word' id='word_1_576' title='bbox 1134 3817 1229 3886; x_wconf 85' lang='lat' dir='ltr'><strong>qui</strong></span> <span class='ocrx_word' id='word_1_577' title='bbox 1262 3825 1384 3871; x_wconf 87' lang='lat' dir='ltr'><strong>erat</strong></span> <span class='ocrx_word' id='word_1_578' title='bbox 1414 3831 1585 3870; x_wconf 86' lang='lat' dir='ltr'><strong>canus</strong></span> <span class='ocrx_word' id='word_1_579' title='bbox 1622 3817 1932 3885; x_wconf 88' lang='lat' dir='ltr'><strong>prudentia.</strong></span> <span class='ocrx_word' id='word_1_580' title='bbox 1965 3817 2175 3873; x_wconf 86' lang='lat' dir='ltr'><strong>Deinde</strong></span> <span class='ocrx_word' id='word_1_581' title='bbox 2213 3834 2340 3873; x_wconf 85' lang='lat' dir='ltr'><strong>eum</strong></span> 
     </span>
    </p>
   </div>
   <div class='ocr_carea' id='block_1_78' title="bbox 2348 3816 4023 3890">
    <p class='ocr_par' dir='ltr' id='par_1_78' title="bbox 2447 3816 4023 3890">
     <span class='ocr_line' id='line_1_78' title="bbox 2447 3816 4023 3890; baseline 0.003 -18"><span class='ocrx_word' id='word_1_582' title='bbox 2447 3836 2549 3890; x_wconf 77' lang='grc' dir='ltr'><strong>της</strong></span> <span class='ocrx_word' id='word_1_583' title='bbox 2580 3819 2674 3872; x_wconf 78' lang='grc' dir='ltr'><strong>καὶ</strong></span> <span class='ocrx_word' id='word_1_584' title='bbox 2719 3816 3087 3884; x_wconf 72' lang='grc' dir='ltr'><strong>ἀπάνθρωπον</strong></span> <span class='ocrx_word' id='word_1_585' title='bbox 3137 3818 3258 3872; x_wconf 82' lang='grc' dir='ltr'><strong>οὑδέ</strong></span> <span class='ocrx_word' id='word_1_586' title='bbox 3311 3820 3530 3887; x_wconf 74' lang='grc' dir='ltr'><strong>ἡλικίας</strong></span> <span class='ocrx_word' id='word_1_587' title='bbox 3576 3821 3730 3890; x_wconf 78' lang='grc' dir='ltr'><strong>αὐτῷ</strong></span> <span class='ocrx_word' id='word_1_588' title='bbox 3763 3825 4023 3887; x_wconf 69' lang='grc' dir='ltr'><strong>τοιαύτης</strong></span> 
     </span>
    </p>
   </div>
   <div class='ocr_carea' id='block_1_79' title="bbox 769 3901 2444 3980">
    <p class='ocr_par' dir='ltr' id='par_1_79' title="bbox 769 3907 2342 3976">
     <span class='ocr_line' id='line_1_79' title="bbox 769 3907 2342 3976; baseline 0.002 -14"><span class='ocrx_word' id='word_1_589' title='bbox 769 3909 997 3976; x_wconf 70' lang='lat' dir='ltr'><strong>coniicit</strong></span> <span class='ocrx_word' id='word_1_590' title='bbox 1020 3908 1074 3961; x_wconf 88' lang='lat' dir='ltr'><strong>in</strong></span> <span class='ocrx_word' id='word_1_591' title='bbox 1103 3922 1409 3969; x_wconf 86' lang='lat' dir='ltr'><strong>carcerem,</strong></span> <span class='ocrx_word' id='word_1_592' title='bbox 1443 3907 1498 3961; x_wconf 90' lang='lat' dir='ltr'><strong>in</strong></span> <span class='ocrx_word' id='word_1_593' title='bbox 1547 3917 1874 3975; x_wconf 89' lang='lat' dir='ltr'><strong>sequentem</strong></span> <span class='ocrx_word' id='word_1_594' title='bbox 1914 3907 2061 3961; x_wconf 84' lang='lat' dir='ltr'><strong>diem</strong></span> <span class='ocrx_word' id='word_1_595' title='bbox 2093 3924 2220 3963; x_wconf 86' lang='lat' dir='ltr'><strong>eum</strong></span> <span class='ocrx_word' id='word_1_596' title='bbox 2252 3925 2342 3965; x_wconf 81' lang='lat' dir='ltr'><strong>re-</strong></span> 
     </span>
    </p>
   </div>
   <div class='ocr_carea' id='block_1_80' title="bbox 2343 3901 4018 3980">
    <p class='ocr_par' dir='ltr' id='par_1_80' title="bbox 2447 3901 4018 3980">
     <span class='ocr_line' id='line_1_80' title="bbox 2447 3901 4018 3980; baseline 0.002 -16"><span class='ocrx_word' id='word_1_597' title='bbox 2447 3901 2598 3964; x_wconf 62' lang='grc' dir='ltr'><strong>ἔλεον</strong></span> <span class='ocrx_word' id='word_1_598' title='bbox 2627 3909 2820 3962; x_wconf 77' lang='grc' dir='ltr'><strong>οὐδένα</strong></span> <span class='ocrx_word' id='word_1_599' title='bbox 2847 3908 3040 3972; x_wconf 75' lang='grc' dir='ltr'><strong>ἐδίδου,</strong></span> <span class='ocrx_word' id='word_1_600' title='bbox 3082 3907 3222 3977; x_wconf 77' lang='grc' dir='ltr'><strong>ὅπερ</strong></span> <span class='ocrx_word' id='word_1_601' title='bbox 3267 3908 3335 3962; x_wconf 74' lang='grc' dir='ltr'><strong>ἂν</strong></span> <span class='ocrx_word' id='word_1_602' title='bbox 3378 3913 3473 3964; x_wconf 75' lang='grc' dir='ltr'><strong>καὶ</strong></span> <span class='ocrx_word' id='word_1_603' title='bbox 3506 3911 3645 3980; x_wconf 75' lang='grc' dir='ltr'><strong>πρὸς</strong></span> <span class='ocrx_word' id='word_1_604' title='bbox 3687 3912 3864 3978; x_wconf 78' lang='grc' dir='ltr'><strong>άλογα</strong></span> <span class='ocrx_word' id='word_1_605' title='bbox 3903 3912 4018 3975; x_wconf 78' lang='grc' dir='ltr'><strong>ζῶα</strong></span> 
     </span>
    </p>
   </div>
   <div class='ocr_carea' id='block_1_81' title="bbox 767 3997 2442 4072">
    <p class='ocr_par' dir='ltr' id='par_1_81' title="bbox 767 3999 2344 4068">
     <span class='ocr_line' id='line_1_81' title="bbox 767 3999 2344 4068; baseline 0.002 -13"><span class='ocrx_word' id='word_1_606' title='bbox 767 4016 1016 4056; x_wconf 83' lang='lat' dir='ltr'><strong>servans.</strong></span> <span class='ocrx_word' id='word_1_607' title='bbox 1076 3999 1267 4068; x_wconf 74' lang='lat' dir='ltr'><strong>Magna</strong></span> <span class='ocrx_word' id='word_1_608' title='bbox 1317 4000 1466 4052; x_wconf 86' lang='lat' dir='ltr'><strong>enim</strong></span> <span class='ocrx_word' id='word_1_609' title='bbox 1517 3999 1817 4054; x_wconf 84' lang='lat' dir='ltr'><strong>crudelitas</strong></span> <span class='ocrx_word' id='word_1_610' title='bbox 1861 4008 1916 4054; x_wconf 86' lang='lat' dir='ltr'><strong>et</strong></span> <span class='ocrx_word' id='word_1_611' title='bbox 1965 4000 2344 4059; x_wconf 86' lang='lat' dir='ltr'><strong>inhumanitas</strong></span> 
     </span>
    </p>
   </div>
   <div class='ocr_carea' id='block_1_82' title="bbox 2343 3997 4018 4072">
    <p class='ocr_par' dir='ltr' id='par_1_82' title="bbox 2343 3997 4018 4072">
     <span class='ocr_line' id='line_1_82' title="bbox 2343 3997 4018 4072; baseline 0.005 -27"><span class='ocrx_word' id='word_1_612' title='bbox 2343 4039 2344 4045; x_wconf 47' lang='grc' dir='ltr'><strong>η</strong></span> <span class='ocrx_word' id='word_1_613' title='bbox 2444 4003 2539 4056; x_wconf 78' lang='grc' dir='ltr'><strong>καὶ</strong></span> <span class='ocrx_word' id='word_1_614' title='bbox 2567 4000 2703 4069; x_wconf 76' lang='grc' dir='ltr'><strong>πρὸς</strong></span> <span class='ocrx_word' id='word_1_615' title='bbox 2730 3997 2900 4068; x_wconf 84' lang='grc' dir='ltr'><strong>νεαρὰ</strong></span> <span class='ocrx_word' id='word_1_616' title='bbox 2931 3999 3073 4066; x_wconf 80' lang='grc' dir='ltr'><strong>φυτά</strong></span> <span class='ocrx_word' id='word_1_617' title='bbox 3107 3998 3490 4067; x_wconf 76' lang='grc' dir='ltr'><strong>φιλάνθρωπος</strong></span> <span class='ocrx_word' id='word_1_618' title='bbox 3520 4001 3683 4053; x_wconf 81' lang='grc' dir='ltr'><strong>πάθοι</strong></span> <span class='ocrx_word' id='word_1_619' title='bbox 3710 4001 3885 4072; x_wconf 71' lang='grc' dir='ltr'><strong>ψυχὴ,</strong></span> <span class='ocrx_word' id='word_1_620' title='bbox 3924 4004 4018 4056; x_wconf 78' lang='grc' dir='ltr'><strong>καὶ</strong></span> 
     </span>
    </p>
   </div>
   <div class='ocr_carea' id='block_1_83' title="bbox 767 4088 2442 4161">
    <p class='ocr_par' dir='ltr' id='par_1_83' title="bbox 767 4091 2337 4161">
     <span class='ocr_line' id='line_1_83' title="bbox 767 4091 2337 4161; baseline 0.002 -14"><span class='ocrx_word' id='word_1_621' title='bbox 767 4109 838 4147; x_wconf 90' lang='lat' dir='ltr'><strong>ne</strong></span> <span class='ocrx_word' id='word_1_622' title='bbox 877 4094 1100 4146; x_wconf 65' lang='lat' dir='ltr'><strong>tantula!</strong></span> <span class='ocrx_word' id='word_1_623' title='bbox 1129 4091 1352 4161; x_wconf 81' lang='lat' dir='ltr'><strong>quidem</strong></span> <span class='ocrx_word' id='word_1_624' title='bbox 1378 4092 1555 4144; x_wconf 69' lang='lat' dir='ltr'><strong>aetatis</strong></span> <span class='ocrx_word' id='word_1_625' title='bbox 1576 4091 1903 4144; x_wconf 70' lang='lat' dir='ltr'><strong>movebatur</strong></span> <span class='ocrx_word' id='word_1_626' title='bbox 1933 4093 2337 4150; x_wconf 88' lang='lat' dir='ltr'><strong>misericordia.</strong></span> 
     </span>
    </p>
   </div>
   <div class='ocr_carea' id='block_1_84' title="bbox 2344 4088 4019 4161">
    <p class='ocr_par' dir='ltr' id='par_1_84' title="bbox 2443 4088 4019 4160">
     <span class='ocr_line' id='line_1_84' title="bbox 2443 4088 4019 4160; baseline 0.002 -17"><span class='ocrx_word' id='word_1_627' title='bbox 2443 4089 2656 4160; x_wconf 76' lang='grc' dir='ltr'><strong>φειδοῦς</strong></span> <span class='ocrx_word' id='word_1_628' title='bbox 2677 4090 2814 4144; x_wconf 82' lang='grc' dir='ltr'><strong>αὐτὰ</strong></span> <span class='ocrx_word' id='word_1_629' title='bbox 2838 4088 3140 4152; x_wconf 78' lang='grc' dir='ltr'><strong>ἀξιώσειεν.</strong></span> <span class='ocrx_word' id='word_1_630' title='bbox 3183 4089 3428 4160; x_wconf 80' lang='grc' dir='ltr'><strong>Ἐδέχετο</strong></span> <span class='ocrx_word' id='word_1_631' title='bbox 3456 4090 3556 4160; x_wconf 71' lang='grc' dir='ltr'><strong>μὲν</strong></span> <span class='ocrx_word' id='word_1_632' title='bbox 3580 4090 3676 4146; x_wconf 77' lang='grc' dir='ltr'><strong>οὖν</strong></span> <span class='ocrx_word' id='word_1_633' title='bbox 3713 4093 3813 4157; x_wconf 73' lang='grc' dir='ltr'><strong>τὰς</strong></span> <span class='ocrx_word' id='word_1_634' title='bbox 3847 4095 4019 4148; x_wconf 70' lang='grc' dir='ltr'><strong>ἀνυπ-</strong></span> 
     </span>
    </p>
   </div>
   <div class='ocr_carea' id='block_1_85' title="bbox 766 4180 2441 4253">
    <p class='ocr_par' dir='ltr' id='par_1_85' title="bbox 766 4181 2441 4253">
     <span class='ocr_line' id='line_1_85' title="bbox 766 4181 2441 4253; baseline 0.003 -15"><span class='ocrx_word' id='word_1_635' title='bbox 766 4183 922 4250; x_wconf 86' lang='lat' dir='ltr'><strong>Quod</strong></span> <span class='ocrx_word' id='word_1_636' title='bbox 945 4183 1166 4253; x_wconf 87' lang='lat' dir='ltr'><strong>quidem</strong></span> <span class='ocrx_word' id='word_1_637' title='bbox 1219 4182 1390 4235; x_wconf 89' lang='lat' dir='ltr'><strong>etiam</strong></span> <span class='ocrx_word' id='word_1_638' title='bbox 1425 4181 1479 4235; x_wconf 90' lang='lat' dir='ltr'><strong>in</strong></span> <span class='ocrx_word' id='word_1_639' title='bbox 1516 4181 1677 4235; x_wconf 83' lang='lat' dir='ltr'><strong>bruta</strong></span> <span class='ocrx_word' id='word_1_640' title='bbox 1721 4183 2022 4238; x_wconf 57' lang='lat' dir='ltr'><strong>animantia</strong></span> <span class='ocrx_word' id='word_1_641' title='bbox 2073 4196 2131 4241; x_wconf 87' lang='lat' dir='ltr'><strong>et</strong></span> <span class='ocrx_word' id='word_1_642' title='bbox 2169 4203 2340 4244; x_wconf 90' lang='lat' dir='ltr'><strong>novas</strong></span> <span class='ocrx_word' id='word_1_643' title='bbox 2439 4209 2441 4222; x_wconf 70' lang='grc' dir='ltr'><strong>ε</strong></span> 
     </span>
    </p>
   </div>
   <div class='ocr_carea' id='block_1_86' title="bbox 2340 4180 4015 4253">
    <p class='ocr_par' dir='ltr' id='par_1_86' title="bbox 2439 4180 4015 4251">
     <span class='ocr_line' id='line_1_86' title="bbox 2439 4180 4015 4251; baseline 0.003 -16"><span class='ocrx_word' id='word_1_644' title='bbox 2439 4182 2652 4243; x_wconf 79' lang='grc' dir='ltr'><strong>οίστους</strong></span> <span class='ocrx_word' id='word_1_645' title='bbox 2677 4180 2891 4251; x_wconf 81' lang='grc' dir='ltr'><strong>πληγὰς</strong></span> <span class='ocrx_word' id='word_1_646' title='bbox 2930 4180 3019 4233; x_wconf 78' lang='grc' dir='ltr'><strong>διὰ</strong></span> <span class='ocrx_word' id='word_1_647' title='bbox 3046 4181 3280 4249; x_wconf 77' lang='grc' dir='ltr'><strong>Χριστὸν</strong></span> <span class='ocrx_word' id='word_1_648' title='bbox 3329 4181 3498 4250; x_wconf 72' lang='grc' dir='ltr'><strong>ἡδέως</strong></span> <span class='ocrx_word' id='word_1_649' title='bbox 3524 4184 3553 4236; x_wconf 87' lang='lat'><strong>6</strong></span> <span class='ocrx_word' id='word_1_650' title='bbox 3589 4185 3718 4245; x_wconf 74' lang='grc' dir='ltr'><strong>παις</strong></span> <span class='ocrx_word' id='word_1_651' title='bbox 3763 4185 4015 4248; x_wconf 62' lang='lat' dir='ltr'><strong>nam.</strong></span> 
     </span>
    </p>
   </div>
   <div class='ocr_carea' id='block_1_87' title="bbox 769 4269 2444 4346">
    <p class='ocr_par' dir='ltr' id='par_1_87' title="bbox 769 4272 2444 4346">
     <span class='ocr_line' id='line_1_87' title="bbox 769 4272 2444 4346; baseline 0.007 -19"><span class='ocrx_word' id='word_1_652' title='bbox 769 4275 981 4343; x_wconf 88' lang='lat' dir='ltr'><strong>plantas</strong></span> <span class='ocrx_word' id='word_1_653' title='bbox 1024 4274 1282 4328; x_wconf 81' lang='lat' dir='ltr'><strong>clementi</strong></span> <span class='ocrx_word' id='word_1_654' title='bbox 1333 4281 1391 4328; x_wconf 91' lang='lat' dir='ltr'><strong>et</strong></span> <span class='ocrx_word' id='word_1_655' title='bbox 1437 4272 1691 4343; x_wconf 74' lang='lat' dir='ltr'><strong>benigna:</strong></span> <span class='ocrx_word' id='word_1_656' title='bbox 1714 4276 1969 4331; x_wconf 76' lang='lat' dir='ltr'><strong>evenerit</strong></span> <span class='ocrx_word' id='word_1_657' title='bbox 1998 4279 2229 4346; x_wconf 66' lang='lat' dir='ltr'><strong>anima;</strong></span> <span class='ocrx_word' id='word_1_658' title='bbox 2273 4297 2339 4337; x_wconf 87' lang='lat' dir='ltr'><strong>ea</strong></span> <span class='ocrx_word' id='word_1_659' title='bbox 2439 4293 2444 4308; x_wconf 89' lang='lat'><em>‘</em></span> 
     </span>
    </p>
   </div>
   <div class='ocr_carea' id='block_1_88' title="bbox 2339 4269 4014 4346">
    <p class='ocr_par' dir='ltr' id='par_1_88' title="bbox 2439 4269 4014 4345">
     <span class='ocr_line' id='line_1_88' title="bbox 2439 4269 4014 4345; baseline 0.001 -19"><span class='ocrx_word' id='word_1_660' title='bbox 2439 4271 2599 4326; x_wconf 81' lang='grc' dir='ltr'><strong>τοῦτο</strong></span> <span class='ocrx_word' id='word_1_661' title='bbox 2626 4272 2785 4341; x_wconf 84' lang='grc' dir='ltr'><strong>μόνον</strong></span> <span class='ocrx_word' id='word_1_662' title='bbox 2810 4269 3139 4345; x_wconf 74' lang='grc' dir='ltr'><strong>ψελλιζούσῃ</strong></span> <span class='ocrx_word' id='word_1_663' title='bbox 3159 4271 3380 4341; x_wconf 65' lang='grc' dir='ltr'><strong>γλώσσῃ</strong></span> <span class='ocrx_word' id='word_1_664' title='bbox 3412 4271 3918 4344; x_wconf 74' lang='grc' dir='ltr'><strong>ἐπιφθεγγόμενος,</strong></span> <span class='ocrx_word' id='word_1_665' title='bbox 3954 4273 4014 4327; x_wconf 84' lang='grc'><strong>’0</strong></span> 
     </span>
    </p>
   </div>
   <div class='ocr_carea' id='block_1_89' title="bbox 769 4357 2444 4442">
    <p class='ocr_par' dir='ltr' id='par_1_89' title="bbox 769 4365 2444 4442">
     <span class='ocr_line' id='line_1_89' title="bbox 769 4365 2444 4442; baseline 0.005 -23"><span class='ocrx_word' id='word_1_666' title='bbox 769 4381 1004 4434; x_wconf 88' lang='lat' dir='ltr'><strong>namque</strong></span> <span class='ocrx_word' id='word_1_667' title='bbox 1039 4368 1225 4435; x_wconf 82' lang='lat' dir='ltr'><strong>digna,</strong></span> <span class='ocrx_word' id='word_1_668' title='bbox 1254 4365 1464 4434; x_wconf 83' lang='lat' dir='ltr'><strong>quibus</strong></span> <span class='ocrx_word' id='word_1_669' title='bbox 1494 4375 1769 4434; x_wconf 84' lang='lat' dir='ltr'><strong>precatur,</strong></span> <span class='ocrx_word' id='word_1_670' title='bbox 1811 4370 2111 4424; x_wconf 87' lang='lat' dir='ltr'><strong>censuerit.</strong></span> <span class='ocrx_word' id='word_1_671' title='bbox 2159 4370 2337 4442; x_wconf 79' lang='lat' dir='ltr'><strong>Atque</strong></span> <span class='ocrx_word' id='word_1_672' title='bbox 2369 4437 2403 4442; x_wconf 79' lang='lat'><strong><em>_</em></strong></span> <span class='ocrx_word' id='word_1_673' title='bbox 2439 4372 2444 4407; x_wconf 84' lang='grc'><strong>¹</strong></span> 
     </span>
    </p>
   </div>
   <div class='ocr_carea' id='block_1_90' title="bbox 2334 4357 4009 4442">
    <p class='ocr_par' dir='ltr' id='par_1_90' title="bbox 2334 4357 4009 4442">
     <span class='ocr_line' id='line_1_90' title="bbox 2334 4357 4009 4442; baseline 0.001 -26"><span class='ocrx_word' id='word_1_674' title='bbox 2334 4397 2337 4423; x_wconf 64' lang='grc' dir='ltr'>ν</span> <span class='ocrx_word' id='word_1_675' title='bbox 2369 4437 2403 4442; x_wconf 72' lang='lat'><strong><em>_</em></strong></span> <span class='ocrx_word' id='word_1_676' title='bbox 2439 4362 2593 4429; x_wconf 76' lang='grc' dir='ltr'><strong>Θεὸς,</strong></span> <span class='ocrx_word' id='word_1_677' title='bbox 2622 4357 2668 4432; x_wconf 79' lang='grc' dir='ltr'>ᾧ</span> <span class='ocrx_word' id='word_1_678' title='bbox 2701 4361 2812 4430; x_wconf 88' lang='grc' dir='ltr'><strong>ἐγὼ</strong></span> <span class='ocrx_word' id='word_1_679' title='bbox 2857 4362 3127 4432; x_wconf 75' lang='grc' dir='ltr'><strong>λατρεύω,</strong></span> <span class='ocrx_word' id='word_1_680' title='bbox 3165 4363 3328 4426; x_wconf 82' lang='grc' dir='ltr'><strong>αὑτός</strong></span> <span class='ocrx_word' id='word_1_681' title='bbox 3377 4378 3438 4415; x_wconf 90' lang='grc' dir='ltr'><strong>σε</strong></span> <span class='ocrx_word' id='word_1_682' title='bbox 3485 4365 3692 4433; x_wconf 74' lang='grc' dir='ltr'><strong>κρινεῖ,</strong></span> <span class='ocrx_word' id='word_1_683' title='bbox 3735 4365 3972 4419; x_wconf 72' lang='grc' dir='ltr'><strong>δικαστά</strong></span> <span class='ocrx_word' id='word_1_684' title='bbox 3997 4379 4009 4393; x_wconf 94' lang='grc'><strong>·</strong></span> 
     </span>
    </p>
   </div>
   <div class='ocr_carea' id='block_1_91' title="bbox 771 4437 2446 4532">
    <p class='ocr_par' dir='ltr' id='par_1_91' title="bbox 771 4437 2446 4532">
     <span class='ocr_line' id='line_1_91' title="bbox 771 4437 2446 4532; baseline 0.005 -21"><span class='ocrx_word' id='word_1_685' title='bbox 771 4457 1152 4512; x_wconf 86' lang='lat' dir='ltr'><strong>intolerabiles</strong></span> <span class='ocrx_word' id='word_1_686' title='bbox 1181 4456 1404 4526; x_wconf 90' lang='lat' dir='ltr'><strong>quidem</strong></span> <span class='ocrx_word' id='word_1_687' title='bbox 1439 4456 1622 4525; x_wconf 80' lang='lat' dir='ltr'><strong>plagas</strong></span> <span class='ocrx_word' id='word_1_688' title='bbox 1649 4465 1873 4527; x_wconf 82' lang='lat' dir='ltr'><strong>prepter</strong></span> <span class='ocrx_word' id='word_1_689' title='bbox 1894 4458 2175 4515; x_wconf 78' lang='lat' dir='ltr'><strong>Christum</strong></span> <span class='ocrx_word' id='word_1_690' title='bbox 2201 4437 2339 4532; x_wconf 78' lang='lat' dir='ltr'><strong>puer</strong></span> <span class='ocrx_word' id='word_1_691' title='bbox 2365 4437 2420 4498; x_wconf 67' lang='grc' dir='ltr'><strong>θ</strong></span> <span class='ocrx_word' id='word_1_692' title='bbox 2444 4476 2446 4485; x_wconf 78' lang='lat'><em>‘</em></span> 
     </span>
    </p>
   </div>
   <div class='ocr_carea' id='block_1_92' title="bbox 2340 4437 4015 4532">
    <p class='ocr_par' dir='ltr' id='par_1_92' title="bbox 2365 4437 4015 4528">
     <span class='ocr_line' id='line_1_92' title="bbox 2365 4437 4015 4528; baseline 0.001 -18"><span class='ocrx_word' id='word_1_693' title='bbox 2365 4437 2420 4498; x_wconf 79' lang='grc' dir='ltr'><strong>Ῑ)</strong></span> <span class='ocrx_word' id='word_1_694' title='bbox 2444 4458 2538 4510; x_wconf 73' lang='grc' dir='ltr'><strong>καὶ</strong></span> <span class='ocrx_word' id='word_1_695' title='bbox 2576 4455 2930 4525; x_wconf 78' lang='grc' dir='ltr'><strong>παρακνίζων</strong></span> <span class='ocrx_word' id='word_1_696' title='bbox 2972 4454 3069 4507; x_wconf 77' lang='grc' dir='ltr'><strong>καὶ</strong></span> <span class='ocrx_word' id='word_1_697' title='bbox 3110 4455 3272 4517; x_wconf 80' lang='grc' dir='ltr'><strong>αὐτὸς</strong></span> <span class='ocrx_word' id='word_1_698' title='bbox 3322 4456 3606 4509; x_wconf 76' lang='grc' dir='ltr'><strong>Δεινόδαον</strong></span> <span class='ocrx_word' id='word_1_699' title='bbox 3653 4457 3731 4526; x_wconf 81' lang='grc' dir='ltr'><strong>τῷ</strong></span> <span class='ocrx_word' id='word_1_700' title='bbox 3775 4458 4015 4528; x_wconf 79' lang='grc' dir='ltr'><strong>περὶτδν</strong></span> 
     </span>
    </p>
   </div>
   <div class='ocr_carea' id='block_1_93' title="bbox 768 4543 2443 4622">
    <p class='ocr_par' dir='ltr' id='par_1_93' title="bbox 768 4547 2338 4622">
     <span class='ocr_line' id='line_1_93' title="bbox 768 4547 2338 4622; baseline 0.004 -19"><span class='ocrx_word' id='word_1_701' title='bbox 768 4549 1004 4605; x_wconf 80' lang='lat' dir='ltr'><strong>libenter</strong></span> <span class='ocrx_word' id='word_1_702' title='bbox 1040 4547 1351 4616; x_wconf 78' lang='lat' dir='ltr'><strong>accipiebat</strong></span> <span class='ocrx_word' id='word_1_703' title='bbox 1372 4547 1608 4613; x_wconf 86' lang='lat' dir='ltr'><strong>Celsius,</strong></span> <span class='ocrx_word' id='word_1_704' title='bbox 1636 4547 1983 4606; x_wconf 86' lang='lat' dir='ltr'><strong>balbutiente</strong></span> <span class='ocrx_word' id='word_1_705' title='bbox 2017 4551 2204 4622; x_wconf 89' lang='lat' dir='ltr'><strong>lingua</strong></span> <span class='ocrx_word' id='word_1_706' title='bbox 2233 4555 2338 4610; x_wconf 88' lang='lat' dir='ltr'><strong>hoc</strong></span> 
     </span>
    </p>
   </div>
   <div class='ocr_carea' id='block_1_94' title="bbox 2338 4543 4013 4622">
    <p class='ocr_par' dir='ltr' id='par_1_94' title="bbox 2444 4543 4013 4618">
     <span class='ocr_line' id='line_1_94' title="bbox 2444 4543 4013 4618; baseline 0.001 -16"><span class='ocrx_word' id='word_1_707' title='bbox 2444 4547 2677 4618; x_wconf 68' lang='grc' dir='ltr'><strong>Χριστὸν</strong></span> <span class='ocrx_word' id='word_1_708' title='bbox 2697 4543 2872 4615; x_wconf 76' lang='grc' dir='ltr'><strong>πόθῳ,</strong></span> <span class='ocrx_word' id='word_1_709' title='bbox 2907 4545 3158 4616; x_wconf 81' lang='grc' dir='ltr'><strong>καθάπερ</strong></span> <span class='ocrx_word' id='word_1_710' title='bbox 3202 4545 3382 4616; x_wconf 80' lang='grc' dir='ltr'><strong>πολλῷ</strong></span> <span class='ocrx_word' id='word_1_711' title='bbox 3427 4546 3693 4617; x_wconf 75' lang='grc' dir='ltr'><strong>πρότερον</strong></span> <span class='ocrx_word' id='word_1_712' title='bbox 3728 4546 4013 4611; x_wconf 82' lang='grc' dir='ltr'><strong>Ἰουδαίους</strong></span> 
     </span>
    </p>
   </div>
   <div class='ocr_carea' id='block_1_95' title="bbox 767 4637 2442 4717">
    <p class='ocr_par' dir='ltr' id='par_1_95' title="bbox 767 4640 2341 4717">
     <span class='ocr_line' id='line_1_95' title="bbox 767 4640 2341 4717; baseline 0.004 -22"><span class='ocrx_word' id='word_1_713' title='bbox 767 4642 946 4696; x_wconf 89' lang='lat' dir='ltr'><strong>solum</strong></span> <span class='ocrx_word' id='word_1_714' title='bbox 975 4640 1201 4695; x_wconf 86' lang='lat' dir='ltr'><strong>dicens:</strong></span> <span class='ocrx_word' id='word_1_715' title='bbox 1234 4640 1402 4702; x_wconf 84' lang='lat' dir='ltr'><strong>Dens.</strong></span> <span class='ocrx_word' id='word_1_716' title='bbox 1430 4640 1517 4693; x_wconf 91' lang='lat' dir='ltr'><strong>cui</strong></span> <span class='ocrx_word' id='word_1_717' title='bbox 1569 4655 1668 4710; x_wconf 90' lang='lat' dir='ltr'><strong>ego</strong></span> <span class='ocrx_word' id='word_1_718' title='bbox 1693 4641 1897 4705; x_wconf 83' lang='lat' dir='ltr'><strong>servio.</strong></span> <span class='ocrx_word' id='word_1_719' title='bbox 1941 4641 2058 4712; x_wconf 86' lang='lat' dir='ltr'><strong>ipse</strong></span> <span class='ocrx_word' id='word_1_720' title='bbox 2100 4655 2153 4700; x_wconf 90' lang='lat' dir='ltr'><strong>te</strong></span> <span class='ocrx_word' id='word_1_721' title='bbox 2193 4646 2341 4717; x_wconf 81' lang='lat' dir='ltr'><strong>judi-</strong></span> 
     </span>
    </p>
   </div>
   <div class='ocr_carea' id='block_1_96' title="bbox 2338 4637 4013 4717">
    <p class='ocr_par' dir='ltr' id='par_1_96' title="bbox 2338 4637 4013 4710">
     <span class='ocr_line' id='line_1_96' title="bbox 2338 4637 4013 4710; baseline 0.004 -23"><span class='ocrx_word' id='word_1_722' title='bbox 2338 4677 2341 4687; x_wconf 90' lang='lat'><strong>.</strong></span> <span class='ocrx_word' id='word_1_723' title='bbox 2443 4645 2473 4696; x_wconf 78' lang='grc' dir='ltr'><strong>δ</strong></span> <span class='ocrx_word' id='word_1_724' title='bbox 2513 4642 2621 4695; x_wconf 84' lang='grc' dir='ltr'><strong>τῶν</strong></span> <span class='ocrx_word' id='word_1_725' title='bbox 2672 4639 2874 4709; x_wconf 61' lang='grc' dir='ltr'><strong>ἡλίκων</strong></span> <span class='ocrx_word' id='word_1_726' title='bbox 2918 4637 3123 4691; x_wconf 87' lang='grc' dir='ltr'><strong>παίδων</strong></span> <span class='ocrx_word' id='word_1_727' title='bbox 3156 4637 3336 4707; x_wconf 75' lang='grc' dir='ltr'><strong>χορὸς,</strong></span> <span class='ocrx_word' id='word_1_728' title='bbox 3395 4637 3695 4707; x_wconf 77' lang='grc' dir='ltr'><strong>ὑμνοῦντες</strong></span> <span class='ocrx_word' id='word_1_729' title='bbox 3737 4639 3832 4692; x_wconf 75' lang='grc' dir='ltr'><strong>τὸν</strong></span> <span class='ocrx_word' id='word_1_730' title='bbox 3879 4641 4013 4710; x_wconf 71' lang='grc' dir='ltr'><strong>ἐμὸν</strong></span> 
     </span>
    </p>
   </div>
   <div class='ocr_carea' id='block_1_97' title="bbox 767 4724 2442 4806">
    <p class='ocr_par' dir='ltr' id='par_1_97' title="bbox 767 4732 2337 4804">
     <span class='ocr_line' id='line_1_97' title="bbox 767 4732 2337 4804; baseline 0.004 -17"><span class='ocrx_word' id='word_1_731' title='bbox 767 4733 950 4797; x_wconf 87' lang='lat' dir='ltr'><strong>cabit,</strong></span> <span class='ocrx_word' id='word_1_732' title='bbox 1013 4747 1049 4786; x_wconf 92' lang='grc' dir='ltr'><strong>ο</strong></span> <span class='ocrx_word' id='word_1_733' title='bbox 1089 4733 1278 4801; x_wconf 85' lang='lat' dir='ltr'><strong>judex,</strong></span> <span class='ocrx_word' id='word_1_734' title='bbox 1331 4732 1558 4785; x_wconf 84' lang='lat' dir='ltr'><strong>irritans</strong></span> <span class='ocrx_word' id='word_1_735' title='bbox 1616 4733 1732 4801; x_wconf 84' lang='lat' dir='ltr'><strong>ipse</strong></span> <span class='ocrx_word' id='word_1_736' title='bbox 1774 4748 1994 4804; x_wconf 85' lang='lat' dir='ltr'><strong>quoque</strong></span> <span class='ocrx_word' id='word_1_737' title='bbox 2032 4733 2337 4794; x_wconf 88' lang='lat' dir='ltr'><strong>Dinobaum</strong></span> 
     </span>
    </p>
   </div>
   <div class='ocr_carea' id='block_1_98' title="bbox 1960 4724 3635 4806">
    <p class='ocr_par' dir='ltr' id='par_1_98' title="bbox 1963 4724 3635 4806">
     <span class='ocr_line' id='line_1_98' title="bbox 1963 4724 3635 4806; baseline -0.002 -17"><span class='ocrx_word' id='word_1_738' title='bbox 1963 4749 1994 4789; x_wconf 88' lang='lat' dir='ltr'><strong>e</strong></span> <span class='ocrx_word' id='word_1_739' title='bbox 2032 4733 2337 4794; x_wconf 86' lang='lat' dir='ltr'><strong>Dinobaum</strong></span> <span class='ocrx_word' id='word_1_740' title='bbox 2458 4733 2689 4806; x_wconf 79' lang='grc' dir='ltr'><strong>Ἰησοῦν,</strong></span> <span class='ocrx_word' id='word_1_741' title='bbox 2713 4731 2810 4786; x_wconf 76' lang='grc' dir='ltr'><strong>καὶ</strong></span> <span class='ocrx_word' id='word_1_742' title='bbox 2833 4724 2983 4786; x_wconf 85' lang='grc' dir='ltr'><strong>αῐνον</strong></span> <span class='ocrx_word' id='word_1_743' title='bbox 3019 4730 3170 4802; x_wconf 81' lang='grc' dir='ltr'><strong>αὐτῷ</strong></span> <span class='ocrx_word' id='word_1_744' title='bbox 3191 4731 3635 4800; x_wconf 71' lang='grc' dir='ltr'><strong>καταρτίζοντες.</strong></span> 
     </span>
    </p>
   </div>
   <div class='ocr_carea' id='block_1_99' title="bbox 770 4821 4010 4896">
    <p class='ocr_par' dir='ltr' id='par_1_99' title="bbox 770 4821 4010 4896">
     <span class='ocr_line' id='line_1_99' title="bbox 770 4821 4010 4896; baseline -0.001 -16"><span class='ocrx_word' id='word_1_745' title='bbox 770 4835 997 4896; x_wconf 80' lang='lat' dir='ltr'><strong>propter</strong></span> <span class='ocrx_word' id='word_1_746' title='bbox 1024 4839 1184 4879; x_wconf 84' lang='lat' dir='ltr'><strong>suum</strong></span> <span class='ocrx_word' id='word_1_747' title='bbox 1216 4823 1270 4877; x_wconf 84' lang='lat' dir='ltr'><strong>in</strong></span> <span class='ocrx_word' id='word_1_748' title='bbox 1312 4821 1589 4877; x_wconf 86' lang='lat' dir='ltr'><strong>Christum</strong></span> <span class='ocrx_word' id='word_1_749' title='bbox 1639 4823 2000 4892; x_wconf 86' lang='lat' dir='ltr'><strong>desiderium,</strong></span> <span class='ocrx_word' id='word_1_750' title='bbox 2051 4828 2194 4884; x_wconf 86' lang='lat' dir='ltr'><strong>sicut</strong></span> <span class='ocrx_word' id='word_1_751' title='bbox 2222 4829 2325 4886; x_wconf 82' lang='lat' dir='ltr'><strong>diu</strong></span> <span class='ocrx_word' id='word_1_752' title='bbox 2369 4839 2498 4885; x_wconf 90' lang='lat' dir='ltr'><strong>ante</strong></span> <span class='ocrx_word' id='word_1_753' title='bbox 2539 4825 2758 4884; x_wconf 73' lang='lat' dir='ltr'><strong>Judaos</strong></span> <span class='ocrx_word' id='word_1_754' title='bbox 2806 4823 3101 4894; x_wconf 70' lang='lat' dir='ltr'><strong>cqualium</strong></span> <span class='ocrx_word' id='word_1_755' title='bbox 3153 4836 3450 4892; x_wconf 83' lang='lat' dir='ltr'><strong>puerorum</strong></span> <span class='ocrx_word' id='word_1_756' title='bbox 3529 4822 3756 4886; x_wconf 74' lang='lat' dir='ltr'><strong>chorus.</strong></span> <span class='ocrx_word' id='word_1_757' title='bbox 3827 4839 4010 4880; x_wconf 73' lang='lat' dir='ltr'><strong>mea</strong></span> 
     </span>
    </p>
   </div>
   <div class='ocr_carea' id='block_1_100' title="bbox 767 4914 2559 4990">
    <p class='ocr_par' dir='ltr' id='par_1_100' title="bbox 767 4914 2559 4990">
     <span class='ocr_line' id='line_1_100' title="bbox 767 4914 2559 4990; baseline 0.001 -20"><span class='ocrx_word' id='word_1_758' title='bbox 767 4917 954 4970; x_wconf 77' lang='lat' dir='ltr'><strong>.Iesum</strong></span> <span class='ocrx_word' id='word_1_759' title='bbox 1007 4915 1222 4985; x_wconf 84' lang='lat' dir='ltr'><strong>hymnis</strong></span> <span class='ocrx_word' id='word_1_760' title='bbox 1273 4914 1625 4969; x_wconf 84' lang='lat' dir='ltr'><strong>celebrantes</strong></span> <span class='ocrx_word' id='word_1_761' title='bbox 1685 4925 1742 4970; x_wconf 90' lang='lat' dir='ltr'><strong>et</strong></span> <span class='ocrx_word' id='word_1_762' title='bbox 1807 4916 2026 4973; x_wconf 85' lang='lat' dir='ltr'><strong>laudem</strong></span> <span class='ocrx_word' id='word_1_763' title='bbox 2075 4920 2125 4975; x_wconf 85' lang='lat' dir='ltr'><strong>ei</strong></span> <span class='ocrx_word' id='word_1_764' title='bbox 2191 4921 2559 4990; x_wconf 77' lang='lat' dir='ltr'><strong>perﬁcientes.</strong></span> 
     </span>
    </p>
   </div>
   <div class='ocr_carea' id='block_1_101' title="bbox 839 5004 2514 5080">
    <p class='ocr_par' dir='ltr' id='par_1_101' title="bbox 839 5004 2514 5076">
     <span class='ocr_line' id='line_1_101' title="bbox 839 5004 2514 5076; baseline 0.007 -21"><span class='ocrx_word' id='word_1_765' title='bbox 839 5005 905 5058; x_wconf 73' lang='grc' dir='ltr'><strong>ν.</strong></span> <span class='ocrx_word' id='word_1_766' title='bbox 945 5004 1204 5072; x_wconf 65' lang='lat' dir='ltr'><strong>Quadam</strong></span> <span class='ocrx_word' id='word_1_767' title='bbox 1242 5013 1425 5059; x_wconf 89' lang='lat' dir='ltr'><strong>autem</strong></span> <span class='ocrx_word' id='word_1_768' title='bbox 1465 5005 1694 5075; x_wconf 89' lang='lat' dir='ltr'><strong>insignis</strong></span> <span class='ocrx_word' id='word_1_769' title='bbox 1739 5007 1966 5076; x_wconf 81' lang='lat' dir='ltr'><strong>femina,</strong></span> <span class='ocrx_word' id='word_1_770' title='bbox 1988 5011 2212 5066; x_wconf 84' lang='lat' dir='ltr'><strong>nomine</strong></span> <span class='ocrx_word' id='word_1_771' title='bbox 2250 5012 2341 5067; x_wconf 77' lang='lat' dir='ltr'><strong>Di-</strong></span> <span class='ocrx_word' id='word_1_772' title='bbox 2509 5013 2514 5066; x_wconf 75' lang='grc'><strong>1</strong></span> 
     </span>
    </p>
   </div>
   <div class='ocr_carea' id='block_1_102' title="bbox 2335 5004 4010 5080">
    <p class='ocr_par' dir='ltr' id='par_1_102' title="bbox 2335 5007 4010 5080">
     <span class='ocr_line' id='line_1_102' title="bbox 2335 5007 4010 5080; baseline -0.003 -14"><span class='ocrx_word' id='word_1_773' title='bbox 2335 5043 2341 5053; x_wconf 92' lang='lat'><strong><em>-</em></strong></span> <span class='ocrx_word' id='word_1_774' title='bbox 2509 5011 2583 5066; x_wconf 63' lang='grc' dir='ltr'><strong>δ’.</strong></span> <span class='ocrx_word' id='word_1_775' title='bbox 2607 5009 2749 5080; x_wconf 70' lang='grc' dir='ltr'><strong>Γυνὴ</strong></span> <span class='ocrx_word' id='word_1_776' title='bbox 2766 5009 2824 5063; x_wconf 76' lang='grc' dir='ltr'><strong>δι</strong></span> <span class='ocrx_word' id='word_1_777' title='bbox 2845 5025 2928 5071; x_wconf 86' lang='grc' dir='ltr'><strong>τις</strong></span> <span class='ocrx_word' id='word_1_778' title='bbox 2948 5007 3059 5062; x_wconf 84' lang='grc' dir='ltr'><strong>τῶν</strong></span> <span class='ocrx_word' id='word_1_779' title='bbox 3089 5007 3485 5078; x_wconf 69' lang='grc' dir='ltr'><strong>περιϐλέπτων,</strong></span> <span class='ocrx_word' id='word_1_780' title='bbox 3501 5007 3675 5076; x_wconf 76' lang='grc' dir='ltr'><strong>δνομα</strong></span> <span class='ocrx_word' id='word_1_781' title='bbox 3697 5009 4010 5079; x_wconf 69' lang='grc' dir='ltr'><strong>Δεινομέδα.</strong></span> 
     </span>
    </p>
   </div>
   <div class='ocr_carea' id='block_1_103' title="bbox 769 5095 2444 5174">
    <p class='ocr_par' dir='ltr' id='par_1_103' title="bbox 769 5097 2444 5169">
     <span class='ocr_line' id='line_1_103' title="bbox 769 5097 2444 5169; baseline 0.005 -17"><span class='ocrx_word' id='word_1_782' title='bbox 769 5097 1028 5164; x_wconf 87' lang='lat' dir='ltr'><strong>nomeda,</strong></span> <span class='ocrx_word' id='word_1_783' title='bbox 1061 5097 1302 5153; x_wconf 85' lang='lat' dir='ltr'><strong>consulit</strong></span> <span class='ocrx_word' id='word_1_784' title='bbox 1323 5097 1539 5169; x_wconf 77' lang='lat' dir='ltr'><strong>conjugi</strong></span> <span class='ocrx_word' id='word_1_785' title='bbox 1574 5099 1830 5163; x_wconf 85' lang='lat' dir='ltr'><strong>Dinobal.</strong></span> <span class='ocrx_word' id='word_1_786' title='bbox 1862 5110 1922 5156; x_wconf 90' lang='lat' dir='ltr'><strong>ut</strong></span> <span class='ocrx_word' id='word_1_787' title='bbox 1946 5101 2184 5158; x_wconf 83' lang='lat' dir='ltr'><strong>suadeat</strong></span> <span class='ocrx_word' id='word_1_788' title='bbox 2224 5118 2339 5159; x_wconf 85' lang='lat' dir='ltr'><strong>ma-</strong></span> <span class='ocrx_word' id='word_1_789' title='bbox 2439 5124 2444 5152; x_wconf 73' lang='grc' dir='ltr'><strong>ε</strong></span> 
     </span>
    </p>
   </div>
   <div class='ocr_carea' id='block_1_104' title="bbox 2338 5095 4013 5174">
    <p class='ocr_par' dir='ltr' id='par_1_104' title="bbox 2338 5095 4013 5174">
     <span class='ocr_line' id='line_1_104' title="bbox 2338 5095 4013 5174; baseline -0.004 -17"><span class='ocrx_word' id='word_1_790' title='bbox 2338 5135 2339 5141; x_wconf 58' lang='grc' dir='ltr'><strong>η</strong></span> <span class='ocrx_word' id='word_1_791' title='bbox 2439 5101 2795 5174; x_wconf 61' lang='grc' dir='ltr'><strong>συμβουλεύει</strong></span> <span class='ocrx_word' id='word_1_792' title='bbox 2823 5103 2890 5171; x_wconf 74' lang='grc' dir='ltr'><strong>τῇ</strong></span> <span class='ocrx_word' id='word_1_793' title='bbox 2919 5099 3189 5170; x_wconf 77' lang='grc' dir='ltr'><strong>Δεινοδάῳ</strong></span> <span class='ocrx_word' id='word_1_794' title='bbox 3221 5095 3400 5154; x_wconf 74' lang='grc' dir='ltr'><strong>οἶκτον</strong></span> <span class='ocrx_word' id='word_1_795' title='bbox 3437 5100 3534 5171; x_wconf 76' lang='grc' dir='ltr'><strong>τῆς</strong></span> <span class='ocrx_word' id='word_1_796' title='bbox 3557 5099 3651 5152; x_wconf 84' lang='grc' dir='ltr'><strong>τοῦ</strong></span> <span class='ocrx_word' id='word_1_797' title='bbox 3677 5101 3876 5163; x_wconf 72' lang='grc' dir='ltr'><strong>παιδὸς</strong></span> <span class='ocrx_word' id='word_1_798' title='bbox 3903 5101 4013 5171; x_wconf 58' lang='grc' dir='ltr'>ἠλεί</span> 
     </span>
    </p>
   </div>
   <div class='ocr_carea' id='block_1_105' title="bbox 769 5190 2444 5261">
    <p class='ocr_par' dir='ltr' id='par_1_105' title="bbox 769 5191 2444 5261">
     <span class='ocr_line' id='line_1_105' title="bbox 769 5191 2444 5261; baseline 0.003 -19"><span class='ocrx_word' id='word_1_799' title='bbox 769 5192 896 5253; x_wconf 80' lang='lat' dir='ltr'><strong>rito,</strong></span> <span class='ocrx_word' id='word_1_800' title='bbox 926 5198 987 5244; x_wconf 89' lang='lat' dir='ltr'><strong>ut</strong></span> <span class='ocrx_word' id='word_1_801' title='bbox 1014 5199 1300 5244; x_wconf 86' lang='lat' dir='ltr'><strong>moveatur</strong></span> <span class='ocrx_word' id='word_1_802' title='bbox 1317 5191 1691 5246; x_wconf 81' lang='lat' dir='ltr'><strong>misericordia</strong></span> <span class='ocrx_word' id='word_1_803' title='bbox 1739 5193 1898 5261; x_wconf 88' lang='lat' dir='ltr'><strong>pueri</strong></span> <span class='ocrx_word' id='word_1_804' title='bbox 1948 5193 2147 5259; x_wconf 63' lang='lat' dir='ltr'><strong>atatis.</strong></span> <span class='ocrx_word' id='word_1_805' title='bbox 2179 5204 2234 5249; x_wconf 90' lang='lat' dir='ltr'><strong>et</strong></span> <span class='ocrx_word' id='word_1_806' title='bbox 2264 5195 2340 5248; x_wconf 86' lang='lat' dir='ltr'><strong>si-</strong></span> <span class='ocrx_word' id='word_1_807' title='bbox 2436 5211 2444 5247; x_wconf 72' lang='grc' dir='ltr'><strong>ι</strong></span> 
     </span>
    </p>
   </div>
   <div class='ocr_carea' id='block_1_106' title="bbox 2340 5190 4015 5261">
    <p class='ocr_par' dir='ltr' id='par_1_106' title="bbox 2436 5190 4015 5261">
     <span class='ocr_line' id='line_1_106' title="bbox 2436 5190 4015 5261; baseline -0.001 -14"><span class='ocrx_word' id='word_1_808' title='bbox 2436 5195 2561 5256; x_wconf 66' lang='grc' dir='ltr'><strong>θείας</strong></span> <span class='ocrx_word' id='word_1_809' title='bbox 2589 5194 2686 5246; x_wconf 74' lang='grc' dir='ltr'><strong>καὶ</strong></span> <span class='ocrx_word' id='word_1_810' title='bbox 2715 5191 2881 5247; x_wconf 76' lang='grc' dir='ltr'><strong>αὑτοῦ</strong></span> <span class='ocrx_word' id='word_1_811' title='bbox 2917 5191 3197 5261; x_wconf 74' lang='grc' dir='ltr'><strong>Ναζαρίου</strong></span> <span class='ocrx_word' id='word_1_812' title='bbox 3223 5191 3429 5254; x_wconf 74' lang='grc' dir='ltr'><strong>λαθεῖν.</strong></span> <span class='ocrx_word' id='word_1_813' title='bbox 3457 5192 3550 5246; x_wconf 68' lang='grc' dir='ltr'><strong>καὶ</strong></span> <span class='ocrx_word' id='word_1_814' title='bbox 3578 5190 3698 5261; x_wconf 58' lang='grc' dir='ltr'><strong>ἅμα</strong></span> <span class='ocrx_word' id='word_1_815' title='bbox 3727 5192 3786 5245; x_wconf 99' lang='grc' dir='ltr'><strong>δέ</strong></span> <span class='ocrx_word' id='word_1_816' title='bbox 3830 5192 4015 5256; x_wconf 74' lang='grc' dir='ltr'><strong>Ναζά-</strong></span> 
     </span>
    </p>
   </div>
   <div class='ocr_carea' id='block_1_107' title="bbox 771 5281 2340 5339">
    <p class='ocr_par' dir='ltr' id='par_1_107' title="bbox 771 5281 2340 5339">
     <span class='ocr_line' id='line_1_107' title="bbox 771 5281 2340 5339; baseline 0.002 -3"><span class='ocrx_word' id='word_1_817' title='bbox 771 5283 885 5336; x_wconf 89' lang='lat' dir='ltr'><strong>mul</strong></span> <span class='ocrx_word' id='word_1_818' title='bbox 933 5282 1100 5338; x_wconf 86' lang='lat' dir='ltr'><strong>etiam</strong></span> <span class='ocrx_word' id='word_1_819' title='bbox 1159 5281 1407 5337; x_wconf 86' lang='lat' dir='ltr'><strong>absolvat</strong></span> <span class='ocrx_word' id='word_1_820' title='bbox 1467 5281 1782 5338; x_wconf 76' lang='lat' dir='ltr'><strong>Nasarlum.</strong></span> <span class='ocrx_word' id='word_1_821' title='bbox 1835 5283 1949 5339; x_wconf 81' lang='lat' dir='ltr'><strong>Illa.</strong></span> <span class='ocrx_word' id='word_1_822' title='bbox 1986 5292 2168 5338; x_wconf 79' lang='lat' dir='ltr'><strong>autent</strong></span> <span class='ocrx_word' id='word_1_823' title='bbox 2224 5285 2340 5339; x_wconf 66' lang='lat' dir='ltr'><strong>hac</strong></span> 
     </span>
    </p>
   </div>
   <div class='ocr_carea' id='block_1_108' title="bbox 773 5372 2337 5442">
    <p class='ocr_par' dir='ltr' id='par_1_108' title="bbox 773 5372 2337 5442">
     <span class='ocr_line' id='line_1_108' title="bbox 773 5372 2337 5442; baseline 0.001 -14"><span class='ocrx_word' id='word_1_824' title='bbox 773 5387 966 5428; x_wconf 84' lang='lat' dir='ltr'><strong>marito</strong></span> <span class='ocrx_word' id='word_1_825' title='bbox 1016 5372 1407 5436; x_wconf 88' lang='lat' dir='ltr'><strong>communicat,</strong></span> <span class='ocrx_word' id='word_1_826' title='bbox 1456 5373 1731 5442; x_wconf 86' lang='lat' dir='ltr'><strong>quomodo</strong></span> <span class='ocrx_word' id='word_1_827' title='bbox 1783 5374 1912 5427; x_wconf 90' lang='lat' dir='ltr'><strong>olim</strong></span> <span class='ocrx_word' id='word_1_828' title='bbox 1960 5391 2101 5429; x_wconf 85' lang='lat' dir='ltr'><strong>uxor</strong></span> <span class='ocrx_word' id='word_1_829' title='bbox 2143 5375 2337 5430; x_wconf 82' lang='lat' dir='ltr'><strong>Pilato.</strong></span> 
     </span>
    </p>
   </div>
   <div class='ocr_carea' id='block_1_109' title="bbox 769 5461 2339 5534">
    <p class='ocr_par' dir='ltr' id='par_1_109' title="bbox 769 5461 2339 5534">
     <span class='ocr_line' id='line_1_109' title="bbox 769 5461 2339 5534; baseline 0.002 -17"><span class='ocrx_word' id='word_1_830' title='bbox 769 5461 1044 5517; x_wconf 85' lang='lat' dir='ltr'><strong>Postridie</strong></span> <span class='ocrx_word' id='word_1_831' title='bbox 1079 5466 1262 5532; x_wconf 87' lang='lat' dir='ltr'><strong>itaque</strong></span> <span class='ocrx_word' id='word_1_832' title='bbox 1297 5477 1421 5517; x_wconf 89' lang='lat' dir='ltr'><strong>cum</strong></span> <span class='ocrx_word' id='word_1_833' title='bbox 1451 5464 1635 5518; x_wconf 77' lang='lat' dir='ltr'><strong>sedem</strong></span> <span class='ocrx_word' id='word_1_834' title='bbox 1665 5465 2019 5534; x_wconf 84' lang='lat' dir='ltr'><strong>judiciariam</strong></span> <span class='ocrx_word' id='word_1_835' title='bbox 2057 5467 2339 5522; x_wconf 89' lang='lat' dir='ltr'><strong>ascendis-</strong></span> 
     </span>
    </p>
   </div>
   <div class='ocr_carea' id='block_1_110' title="bbox 767 5552 2339 5620">
    <p class='ocr_par' dir='ltr' id='par_1_110' title="bbox 767 5552 2339 5620">
     <span class='ocr_line' id='line_1_110' title="bbox 767 5552 2339 5620; baseline 0.003 -14"><span class='ocrx_word' id='word_1_836' title='bbox 767 5561 854 5606; x_wconf 81' lang='lat' dir='ltr'><strong>set</strong></span> <span class='ocrx_word' id='word_1_837' title='bbox 913 5552 1210 5616; x_wconf 82' lang='lat' dir='ltr'><strong>Dinobaus,</strong></span> <span class='ocrx_word' id='word_1_838' title='bbox 1245 5565 1299 5606; x_wconf 90' lang='lat' dir='ltr'><strong>et</strong></span> <span class='ocrx_word' id='word_1_839' title='bbox 1337 5553 1654 5608; x_wconf 86' lang='lat' dir='ltr'><strong>adduxisset</strong></span> <span class='ocrx_word' id='word_1_840' title='bbox 1699 5555 2020 5620; x_wconf 84' lang='lat' dir='ltr'><strong>Nazarium,</strong></span> <span class='ocrx_word' id='word_1_841' title='bbox 2074 5557 2339 5611; x_wconf 85' lang='lat' dir='ltr'><strong>suadebat</strong></span> 
     </span>
    </p>
   </div>
   <div class='ocr_carea' id='block_1_111' title="bbox 765 5645 2335 5718">
    <p class='ocr_par' dir='ltr' id='par_1_111' title="bbox 765 5645 2335 5718">
     <span class='ocr_line' id='line_1_111' title="bbox 765 5645 2335 5718; baseline 0.003 -21"><span class='ocrx_word' id='word_1_842' title='bbox 765 5659 868 5712; x_wconf 86' lang='lat' dir='ltr'><strong>pro</strong></span> <span class='ocrx_word' id='word_1_843' title='bbox 920 5645 1154 5704; x_wconf 85' lang='lat' dir='ltr'><strong>viribus.</strong></span> <span class='ocrx_word' id='word_1_844' title='bbox 1210 5656 1271 5700; x_wconf 85' lang='lat' dir='ltr'><strong>ut</strong></span> <span class='ocrx_word' id='word_1_845' title='bbox 1317 5647 1679 5701; x_wconf 86' lang='lat' dir='ltr'><strong>sssentiretur</strong></span> <span class='ocrx_word' id='word_1_846' title='bbox 1726 5648 2018 5718; x_wconf 88' lang='lat' dir='ltr'><strong>impietati.</strong></span> <span class='ocrx_word' id='word_1_847' title='bbox 2075 5649 2154 5703; x_wconf 84' lang='lat' dir='ltr'><strong>Ne</strong></span> <span class='ocrx_word' id='word_1_848' title='bbox 2212 5665 2335 5702; x_wconf 88' lang='lat' dir='ltr'><strong>eum</strong></span> 
     </span>
    </p>
   </div>
   <div class='ocr_carea' id='block_1_112' title="bbox 765 5734 2333 5805">
    <p class='ocr_par' dir='ltr' id='par_1_112' title="bbox 765 5734 2333 5805">
     <span class='ocr_line' id='line_1_112' title="bbox 765 5734 2333 5805; baseline 0.002 -17"><span class='ocrx_word' id='word_1_849' title='bbox 765 5734 913 5788; x_wconf 85' lang='lat' dir='ltr'><strong>enim</strong></span> <span class='ocrx_word' id='word_1_850' title='bbox 968 5747 1101 5790; x_wconf 90' lang='lat' dir='ltr'><strong>tunc</strong></span> <span class='ocrx_word' id='word_1_851' title='bbox 1134 5735 1377 5805; x_wconf 87' lang='lat' dir='ltr'><strong>puniret,</strong></span> <span class='ocrx_word' id='word_1_852' title='bbox 1414 5737 1786 5805; x_wconf 83' lang='lat' dir='ltr'><strong>prohibebant</strong></span> <span class='ocrx_word' id='word_1_853' title='bbox 1819 5739 2008 5793; x_wconf 90' lang='lat' dir='ltr'><strong>uxoris</strong></span> <span class='ocrx_word' id='word_1_854' title='bbox 2033 5741 2333 5793; x_wconf 65' lang='lat' dir='ltr'><strong>suasioni-zz.</strong></span> 
     </span>
    </p>
   </div>
   <div class='ocr_carea' id='block_1_113' title="bbox 2442 5281 4011 5356">
    <p class='ocr_par' dir='ltr' id='par_1_113' title="bbox 2442 5281 4011 5356">
     <span class='ocr_line' id='line_1_113' title="bbox 2442 5281 4011 5356; baseline -0.001 -20"><span class='ocrx_word' id='word_1_855' title='bbox 2442 5301 2557 5356; x_wconf 89' lang='grc' dir='ltr'><strong>ριον</strong></span> <span class='ocrx_word' id='word_1_856' title='bbox 2578 5283 2865 5338; x_wconf 76' lang='grc' dir='ltr'><strong>ἀπολῦσαι.</strong></span> <span class='ocrx_word' id='word_1_857' title='bbox 2884 5283 2949 5336; x_wconf 81' lang='grc' dir='ltr'><strong>Ἦ</strong></span> <span class='ocrx_word' id='word_1_858' title='bbox 2970 5283 3026 5336; x_wconf 91' lang='grc' dir='ltr'><strong>δέ</strong></span> <span class='ocrx_word' id='word_1_859' title='bbox 3049 5283 3129 5353; x_wconf 82' lang='grc' dir='ltr'><strong>τῷ</strong></span> <span class='ocrx_word' id='word_1_860' title='bbox 3152 5283 3305 5352; x_wconf 78' lang='grc' dir='ltr'><strong>ἀνδρί</strong></span> <span class='ocrx_word' id='word_1_861' title='bbox 3329 5298 3385 5335; x_wconf 88' lang='grc' dir='ltr'><strong>τε</strong></span> <span class='ocrx_word' id='word_1_862' title='bbox 3407 5281 3581 5336; x_wconf 83' lang='grc' dir='ltr'><strong>ταῦτα</strong></span> <span class='ocrx_word' id='word_1_863' title='bbox 3599 5281 4011 5350; x_wconf 76' lang='grc' dir='ltr'><strong>κοινολογεῐται,</strong></span> 
     </span>
    </p>
   </div>
   <div class='ocr_carea' id='block_1_114' title="bbox 2439 5369 4014 5446">
    <p class='ocr_par' dir='ltr' id='par_1_114' title="bbox 2439 5369 4014 5446">
     <span class='ocr_line' id='line_1_114' title="bbox 2439 5369 4014 5446; baseline -0.002 -19"><span class='ocrx_word' id='word_1_864' title='bbox 2439 5369 2529 5446; x_wconf 75' lang='grc' dir='ltr'><strong>οἷά</strong></span> <span class='ocrx_word' id='word_1_865' title='bbox 2553 5376 2700 5443; x_wconf 68' lang='grc' dir='ltr'><strong>ξποτε</strong></span> <span class='ocrx_word' id='word_1_866' title='bbox 2733 5377 2874 5443; x_wconf 82' lang='grc' dir='ltr'><strong>τάχα</strong></span> <span class='ocrx_word' id='word_1_867' title='bbox 2911 5376 2945 5443; x_wconf 75' lang='grc' dir='ltr'><strong>ἡ</strong></span> <span class='ocrx_word' id='word_1_868' title='bbox 2976 5373 3191 5444; x_wconf 80' lang='grc' dir='ltr'><strong>γαμετὴ</strong></span> <span class='ocrx_word' id='word_1_869' title='bbox 3237 5373 3315 5442; x_wconf 85' lang='grc' dir='ltr'><strong>τῷ</strong></span> <span class='ocrx_word' id='word_1_870' title='bbox 3342 5374 3582 5443; x_wconf 83' lang='grc' dir='ltr'><strong>Πιλάτῳ,</strong></span> <span class='ocrx_word' id='word_1_871' title='bbox 3613 5373 3706 5426; x_wconf 76' lang='grc' dir='ltr'><strong>καὶ</strong></span> <span class='ocrx_word' id='word_1_872' title='bbox 3753 5375 3817 5443; x_wconf 75' lang='grc' dir='ltr'><strong>τῇ</strong></span> <span class='ocrx_word' id='word_1_873' title='bbox 3862 5375 4014 5426; x_wconf 83' lang='grc' dir='ltr'><strong>ὑστε-</strong></span> 
     </span>
    </p>
   </div>
   <div class='ocr_carea' id='block_1_115' title="bbox 2449 5463 4011 5536">
    <p class='ocr_par' dir='ltr' id='par_1_115' title="bbox 2449 5463 4011 5536">
     <span class='ocr_line' id='line_1_115' title="bbox 2449 5463 4011 5536; baseline -0.003 -17"><span class='ocrx_word' id='word_1_874' title='bbox 2449 5467 2578 5536; x_wconf 73' lang='grc' dir='ltr'><strong>ραίᾳ</strong></span> <span class='ocrx_word' id='word_1_875' title='bbox 2603 5467 2696 5519; x_wconf 78' lang='grc' dir='ltr'><strong>ἐπὶ</strong></span> <span class='ocrx_word' id='word_1_876' title='bbox 2735 5467 2825 5519; x_wconf 70' lang='grc' dir='ltr'><strong>τὸν</strong></span> <span class='ocrx_word' id='word_1_877' title='bbox 2869 5466 3189 5518; x_wconf 75' lang='grc' dir='ltr'><strong>δικαστικὸν</strong></span> <span class='ocrx_word' id='word_1_878' title='bbox 3230 5465 3417 5535; x_wconf 78' lang='grc' dir='ltr'><strong>θρόνον</strong></span> <span class='ocrx_word' id='word_1_879' title='bbox 3468 5464 3673 5525; x_wconf 74' lang='grc' dir='ltr'><strong>ἀναϐάς</strong></span> <span class='ocrx_word' id='word_1_880' title='bbox 3725 5463 4011 5523; x_wconf 73' lang='grc' dir='ltr'><strong>Δεινόὸαος</strong></span> 
     </span>
    </p>
   </div>
   <div class='ocr_carea' id='block_1_116' title="bbox 2446 5549 4013 5626">
    <p class='ocr_par' dir='ltr' id='par_1_116' title="bbox 2446 5549 4013 5626">
     <span class='ocr_line' id='line_1_116' title="bbox 2446 5549 4013 5626; baseline -0.003 -18"><span class='ocrx_word' id='word_1_881' title='bbox 2446 5556 2538 5608; x_wconf 84' lang='grc' dir='ltr'><strong>τδν</strong></span> <span class='ocrx_word' id='word_1_882' title='bbox 2570 5555 2842 5625; x_wconf 70' lang='grc' dir='ltr'><strong>Ναζάριὸν</strong></span> <span class='ocrx_word' id='word_1_883' title='bbox 2887 5573 2948 5609; x_wconf 89' lang='grc' dir='ltr'><strong>τε</strong></span> <span class='ocrx_word' id='word_1_884' title='bbox 2997 5554 3220 5622; x_wconf 79' lang='grc' dir='ltr'><strong>ἀγαγὼν</strong></span> <span class='ocrx_word' id='word_1_885' title='bbox 3248 5557 3482 5626; x_wconf 77' lang='grc' dir='ltr'><strong>παρῄνει</strong></span> <span class='ocrx_word' id='word_1_886' title='bbox 3524 5555 3600 5616; x_wconf 83' lang='grc' dir='ltr'><strong>ὡς</strong></span> <span class='ocrx_word' id='word_1_887' title='bbox 3647 5549 3762 5606; x_wconf 72' lang='grc' dir='ltr'><strong>οἷόν</strong></span> <span class='ocrx_word' id='word_1_888' title='bbox 3788 5570 3848 5604; x_wconf 90' lang='grc' dir='ltr'><strong>τε</strong></span> <span class='ocrx_word' id='word_1_889' title='bbox 3895 5569 4013 5605; x_wconf 84' lang='grc' dir='ltr'><strong>συν-</strong></span> 
     </span>
    </p>
   </div>
   <div class='ocr_carea' id='block_1_117' title="bbox 2445 5644 4010 5717">
    <p class='ocr_par' dir='ltr' id='par_1_117' title="bbox 2445 5644 4010 5717">
     <span class='ocr_line' id='line_1_117' title="bbox 2445 5644 4010 5717; baseline -0.002 -19"><span class='ocrx_word' id='word_1_890' title='bbox 2445 5646 2632 5699; x_wconf 80' lang='grc' dir='ltr'><strong>θέσθαι</strong></span> <span class='ocrx_word' id='word_1_891' title='bbox 2651 5649 2719 5717; x_wconf 70' lang='grc' dir='ltr'><strong>τῇ</strong></span> <span class='ocrx_word' id='word_1_892' title='bbox 2743 5646 2992 5716; x_wconf 78' lang='grc' dir='ltr'><strong>άσεδείᾳ.</strong></span> <span class='ocrx_word' id='word_1_893' title='bbox 3018 5644 3283 5710; x_wconf 62' lang='grc' dir='ltr'><strong>Κολάξαιν</strong></span> <span class='ocrx_word' id='word_1_894' title='bbox 3303 5648 3412 5716; x_wconf 77' lang='grc' dir='ltr'><strong>γὰρ</strong></span> <span class='ocrx_word' id='word_1_895' title='bbox 3437 5647 3575 5707; x_wconf 68' lang='grc' dir='ltr'><strong>τέως</strong></span> <span class='ocrx_word' id='word_1_896' title='bbox 3592 5645 3758 5698; x_wconf 77' lang='grc' dir='ltr'><strong>αὑτὸν</strong></span> <span class='ocrx_word' id='word_1_897' title='bbox 3777 5644 4010 5697; x_wconf 77' lang='grc' dir='ltr'><strong>ἐκώλυον</strong></span> 
     </span>
    </p>
   </div>
   <div class='ocr_carea' id='block_1_118' title="bbox 2446 5735 4008 5808">
    <p class='ocr_par' dir='ltr' id='par_1_118' title="bbox 2446 5735 4008 5808">
     <span class='ocr_line' id='line_1_118' title="bbox 2446 5735 4008 5808; baseline -0.003 -20"><span class='ocrx_word' id='word_1_898' title='bbox 2446 5738 2500 5788; x_wconf 85' lang='grc' dir='ltr'><strong>αί</strong></span> <span class='ocrx_word' id='word_1_899' title='bbox 2534 5737 3011 5808; x_wconf 20' lang='grc' dir='ltr'><strong>παραινέσεις-τῆς</strong></span> <span class='ocrx_word' id='word_1_900' title='bbox 3045 5737 3320 5803; x_wconf 75' lang='grc' dir='ltr'><strong>γυναικός.</strong></span> <span class='ocrx_word' id='word_1_901' title='bbox 3372 5736 3526 5788; x_wconf 75' lang='grc' dir='ltr'><strong>Ἐπεὶ</strong></span> <span class='ocrx_word' id='word_1_902' title='bbox 3568 5735 3624 5787; x_wconf 82' lang='grc' dir='ltr'><strong>δέ</strong></span> <span class='ocrx_word' id='word_1_903' title='bbox 3661 5735 3876 5788; x_wconf 80' lang='grc' dir='ltr'><strong>πείθειν</strong></span> <span class='ocrx_word' id='word_1_904' title='bbox 3919 5735 4008 5787; x_wconf 70' lang='grc' dir='ltr'><strong>οὐκ</strong></span> 
     </span>
    </p>
   </div>
  </div>
