4242 6442
181 422 301 486 901

1228 414 1402 477 VlTA
1444 413 1500 475 S.
1546 408 1862 472 NAZARII
1890 407 1985 467 ET
2020 406 2433 469 SOCIORUM.

3362 398 3469 463 902

183 534 345 603 εἶχε,
374 533 470 603 τῆς
502 531 711 594 πόλεως
739 528 1033 586 ἀπελαύνει
1064 528 1156 582 τὸν
1198 528 1395 599 ἄνδρας
1431 529 1619 600 πράως
1650 525 1793 578 οὑτω

1896 518 2191 589 Postquam
2222 530 2405 574 autem
2438 535 2548 573 non
2595 528 2771 587 potuit
2802 510 3156 583 persuadere,
3216 526 3343 567 eum
3392 526 3487 565 ex-

189 626 346 695 πρὸς
393 623 555 677 αὑτὸν
586 622 985 695 φθεγξάμενος·
1018 624 1081 675 At
1109 620 1211 689 τῆς
1242 621 1477 689 συζύγου
1518 636 1619 689 μου
1651 635 1790 687 συμ-

195 717 417 771 δουλίαι
442 720 623 787 πάσης
653 718 936 787 ἐλεύθερον
959 718 1152 785 ἀφιᾶσι
1181 733 1238 769 σε
1266 715 1561 785 τιμωρίας.
1589 716 1789 767 Ἀπειο
1828 790 1831 793 η

196 827 293 862 σιν
330 808 422 861 οὖν
456 810 665 862 ἐκεῖθεν
690 809 967 878 Ναζάριος
996 808 1147 878 παρὰ
1170 808 1269 877 τὴν
1300 808 1519 875 γείτονα
1554 804 1789 873 Τίμερον

198 902 349 969 μετὰ
381 900 473 953 τοῦ
520 901 704 962 παιδὸς
761 901 1020 953 Κελσίου·
1053 899 1205 960 πόλις
1233 898 1288 949 δὲ
1318 900 1350 967 ἡ
1386 898 1618 965 Τίμερος
1652 894 1791 962 αὕτη

198 999 302 1046 καὶ
359 995 464 1047 τῶν
520 994 825 1064 προσοίκων
876 996 940 1063 τῇ
995 992 1192 1059 Μελίᾳ.
1251 990 1389 1058 Παρ’
1427 988 1561 1057 αὐτῇ
1612 986 1791 1038 τοίνυν

193 1088 430 1160 διῃτᾶτο
466 1089 586 1149 ταῖς
619 1088 747 1157 περὶ
787 1085 922 1139 Θεοῦ
957 1087 1047 1138 καὶ
1074 1084 1247 1145 θείαις
1276 1082 1508 1141 ἐκείναις
1534 1079 1794 1131 διδασκα-

197 1180 354 1239 λίαις
389 1179 485 1248 τὴν
518 1179 611 1231 τοῦ
644 1176 883 1249 Χριστοῦ
919 1177 1155 1244 ποίμνην
1186 1172 1366 1237 αὔξων
1395 1173 1488 1223 καὶ
1517 1169 1644 1231 τοὺς
1672 1168 1798 1221 πολ-

197 1272 338 1331 λοὺς
372 1270 505 1336 πρὸς
532 1268 827 1334 ἐπίγνωσιν
858 1266 1217 1334 ἐπαγόμενος.
1246 1263 1361 1314 Οὑκ
1388 1261 1550 1330 ἔφερε
1580 1260 1636 1313 δὲ
1665 1260 1797 1313 πάν-

210 1378 322 1421 τως
354 1363 381 1412 ὁ
412 1361 510 1428 τὴν
543 1359 841 1428 βασκανίαν
872 1357 1078 1408 ὠδίνων
1108 1354 1352 1414 διάϐολος
1379 1355 1444 1404 τά
1472 1350 1566 1404 τοῦ
1616 1351 1797 1421 πράγ-

207 1467 385 1519 ματος
421 1452 613 1517 ἔχοντα
638 1448 833 1510 οὑτως.
869 1447 992 1509 Πῶς
1023 1448 1129 1517 γάρ
1155 1487 1168 1510 ,
1208 1448 1257 1497 εί
1284 1444 1533 1505 διάϐολος
1561 1438 1627 1510 ἦν
1653 1444 1797 1494 ἐκεῖ·

204 1562 297 1603 νος
324 1546 413 1595 καὶ
436 1544 529 1594 ἀπ’
552 1543 724 1611 ἀρχῆς
748 1544 855 1600 τοῖς
878 1541 1102 1607 ἀγαθοῖς
1130 1538 1502 1604 ἀντικείμενος
1531 1552 1544 1600 ;
1576 1535 1794 1603 Ἀμέλει

206 1638 306 1688 καὶ
361 1638 454 1687 τὸν
504 1636 742 1704 ἄρχοντα
797 1633 896 1702 τῆς
952 1632 1160 1692 πόλεως
1202 1626 1450 1682 ὑπελθὼν
1502 1626 1681 1677 πείθει
1731 1624 1802 1677 τὰ.

207 1732 346 1799 περὶ
379 1729 658 1799 Ναζαρίου
696 1729 912 1797 Νέρωνι
938 1727 1015 1795 τῷ
1051 1724 1259 1796 βασιλεί
1296 1723 1549 1794 μηνῦσαι.
1590 1721 1679 1785 Ὠς
1708 1719 1800 1773 οὑν

206 1827 412 1895 ὲκείνῳ
463 1825 530 1877 τὰ
588 1825 715 1895 περὶ
764 1822 857 1877 τοῦ
908 1822 1102 1890 ἀνδρὸς
1136 1819 1463 1890 ἐγνωρίσθη,
1496 1816 1801 1886 γράμματα

1897 612 2053 681 pellit
2085 628 2115 665 e
2144 612 2392 674 civitate,
2426 612 2506 663 sic
2536 624 2661 662 eum
2690 604 2904 677 placide
2931 606 3204 658 allocutus
3235 619 3248 655 :
3281 602 3475 659 Uxoris

1898 719 2032 757 meae
2067 703 2299 756 consilia
2336 711 2387 755 te
2436 701 2674 754 liberum
2720 699 3009 752 dimittunt
3046 698 3114 750 ab
3148 696 3295 749 omni
3344 711 3470 748 cru-

1899 796 2067 851 ciatu.
2097 796 2252 849 Illinc
2281 810 2411 863 ergo
2449 796 2563 849 abit
2593 793 2856 847 Nazarius
2890 793 2945 846 in
2980 792 3212 845 vicinam
3271 790 3468 843 Teme~

1901 906 2021 942 rum
2061 905 2185 943 cum
2223 904 2396 957 puero
2443 888 2652 941 Cclsio.
2699 886 2795 939 Est
2844 894 3025 939 autem
3080 883 3194 937 haec
3227 885 3357 935 urbs
3386 881 3489 935 Te-

1902 995 2088 1033 merus
2118 979 2429 1047 propinqua
2457 978 2647 1031 Melite.
2705 976 2764 1030 ln
2795 990 2859 1029 ea
2907 989 3038 1043 ergo
3070 973 3235 1025 vitan-
3270 971 3490 1040 agebat,

1904 1070 2112 1127 divinis
2158 1072 2277 1125 suis
2317 1070 2590 1124 doctrinis
2645 1082 2852 1138 augens
2898 1080 3116 1135 gregem
3156 1063 3389 1120 Christi.
3443 1072 3499 1115 et

1905 1164 2107 1219 multos
2137 1164 2407 1217 inducens
2436 1163 2500 1216 ad
2533 1163 2889 1232 agnitionem.
2923 1160 3042 1213 Non
3075 1160 3283 1213 ferri-at
3309 1167 3492 1210 autem

1905 1256 2150 1317 omnino,
2186 1257 2279 1324 qui
2312 1257 2574 1310 invidiam
2608 1256 2966 1323 parturiebat,
3006 1252 3259 1305 diabolus
3294 1265 3383 1302 res
3418 1250 3493 1301 ita

1907 1364 1965 1402 se
2007 1349 2293 1403 habentes.
2331 1351 2619 1414 Quomodo
2647 1349 2815 1409 enim,
2857 1348 2899 1401 si
2939 1348 3026 1400 ille
3067 1354 3184 1399 erat
3214 1332 3489 1405 diabolus,

1910 1451 1964 1496 et
1988 1443 2082 1511 qui
2117 1443 2186 1496 ab
2211 1442 2370 1495 initio
2402 1442 2563 1495 benis
2590 1441 3023 1495 adversabatur?
3055 1439 3278 1491 Blandis
3307 1438 3490 1504 itaque

1910 1535 2098 1586 verbis
2128 1534 2452 1603 aggrediens
2477 1533 2759 1601 prasidem
2790 1531 3052 1593 civitatis,
3085 1528 3399 1596 persuadet,
3434 1533 3495 1579 ut

1911 1623 2115 1676 Nx'roni
2151 1626 2467 1692 imperatori
2515 1622 2786 1691 signiﬁcet
2817 1623 2883 1675 de
2916 1622 3165 1675 Nazario.
3195 1618 3329 1673 Cum
3359 1634 3491 1688 ergo

1912 1716 1980 1769 de
2010 1717 2244 1770 Nazario
2270 1720 2317 1769 ei
2348 1728 2493 1771 esset
2519 1719 2908 1785 signiﬁcatum.
2937 1717 3115 1768 missas
3137 1722 3264 1767 sunt
3291 1715 3487 1766 littera:

1913 1827 2009 1879 per
2042 1813 2357 1865 universam
2414 1812 2559 1863 illam
2609 1812 2910 1879 regionem,
2958 1807 3217 1876 jubentes
3272 1820 3489 1859 summo

206 1917 355 1968 κατὰ
419 1917 593 1985 πάσης
636 1916 826 1983 ἐφοίτα
881 1914 980 1983 τῆς
1035 1913 1274 1982 ὑπηκόου
1328 1912 1606 1982 Ναζάριον
1642 1913 1798 1979 ἐρευ-

1866 1900 1871 1941 ί
1904 1904 2083 1958 studio
2112 1906 2285 1973 quaeri
2321 1903 2637 1964 Nazarium,
2668 1912 2723 1955 et
2751 1918 2898 1966 eum,
2924 1902 3018 1972 qui
3054 1902 3378 1965 invenisset,
3420 1898 3489 1953 ad

208 2008 411 2061 νᾶσθαι
449 2009 587 2060 κατᾶ
630 2007 867 2076 σπουδὴν
899 2007 1286 2075 ἐπιτρέποντα,
1323 2005 1415 2056 καὶ
1449 2005 1537 2057 τὸν
1569 2004 1799 2072 εὑρόντα

208 2118 278 2168 γε
317 2100 389 2162 ὡς
426 2102 585 2153 αὑτὸν
627 2102 805 2167 ἄγειν.

292 2191 381 2256 ς’.
420 2189 573 2242 Ἐπεὶ
612 2190 667 2243 δὲ
695 2189 1038 2261 κρύπτεσθαι
1080 2190 1171 2243 τὸν
1201 2190 1369 2259 ἄνδρα
1395 2192 1493 2243 οὑκ
1525 2186 1591 2261 ἦν
1620 2184 1706 2242 οἷα
1744 2194 1801 2244 ἐν

208 2283 294 2352 τῷ
332 2285 620 2353 περιφανεῖ
645 2284 741 2352 τῆς
778 2283 979 2351 ἀρετῆς
1017 2283 1228 2335 ἑστῶτα
1254 2284 1345 2336 καὶ
1381 2283 1471 2336 ὑπ’
1506 2283 1675 2351 αὐτῆς
1708 2301 1802 2351 με-

211 2375 369 2443 γάλῳ
408 2376 637 2443 στόματι
683 2376 1113 2445 κηρυττόμενον,
1155 2377 1291 2445 ταχὺ
1341 2380 1453 2438 τοῖς
1505 2376 1800 2445 ἐρευνῶσιν

211 2468 550 2536 εὑρίσκεται.
587 2469 648 2519 Οἱ
676 2468 753 2533 δὲ,
814 2469 937 2521 ἐπεὶ
981 2468 1138 2538 δῆλος
1191 2469 1373 2531 αὑτοῖς
1407 2468 1652 2535 γέγονεν,
1695 2468 1799 2538 ἤδη

211 2561 498 2629 χαίροντες
522 2561 780 2629 χαίροντα
795 2561 1011 2629 Νέρωνι
1035 2561 1433 2631 παριστῶσι.’1“ί
1450 2557 1543 2616 οὖν
1561 2564 1763 2625 ἐκεῖνος
1784 2578 1797 2626 ;

214 2651 344 2704 Τῶν
400 2652 782 2721 κολαστηρίων
842 2652 991 2724 αὑτῷ
1050 2655 1431 2723 προκειμένων
1485 2654 1801 2716 κολακεῐαις

217 2746 498 2814 ὑπήρχετο
528 2744 620 2797 τὸν
652 2746 953 2814 Ναζάριον,
986 2746 1073 2798 ἵνα
1099 2750 1211 2809 τοῖς
1250 2747 1348 2815 μὲν
1378 2747 1563 2813 φόϐον,
1594 2748 1710 2809 ταῖς
1743 2747 1799 2798 δὲ

220 2836 491 2908 μαλακίαν
521 2836 695 2899 ἐνθεὶς
727 2839 907 2890 πείσοι
942 2838 1079 2908 πρὸς
1114 2836 1174 2889 τὸ
1209 2838 1374 2890 αὑτοῦ
1417 2836 1669 2907 βούλημα
1705 2856 1797 2906 με-

220 2928 510 2982 ταθέσθαι.
553 2928 831 2999 Ναζάριος
864 2929 1002 2982 δὲτὸ
1043 2929 1303 3000 παράπαν
1339 2930 1669 2999 άμετάθετος
1709 2925 1798 3000 ἧν,

216 3019 410 3086 ὥσπερ
445 3018 548 3071 ὑπὸ
576 3020 780 3072 τούτων
812 3019 1015 3087 μᾶλλον
1046 3021 1182 3090 πρὸς
1202 3022 1300 3089 τὴν
1338 3023 1648 3091 μαρτυρίαν
1683 3038 1802 3074 στο-

222 3110 517 3179 μούμενος,
549 3111 608 3163 οὑ
635 3113 834 3181 χαυνού
845 3129 1027 3181 μενος,
1053 3112 1147 3164 καὶ
1170 3112 1259 3165 διὰ
1287 3112 1440 3165 τοῦτο
1467 3116 1560 3165 καὶ
1593 3113 1797 3166 πλείονι

217 3201 288 3269 τῇ
337 3199 586 3252 ὲνστάσει
640 3200 942 3270 χρώμενος.
998 3200 1188 3270 Νέρων
1229 3201 1322 3254 οὖν
1366 3203 1464 3254 οὑκ
1508 3203 1647 3271 ἔχων
1685 3204 1712 3255 ὅ
1743 3219 1795 3255 τι

1905 1998 2083 2066 ipsum
2113 2001 2317 2052 ducere

1979 2181 2062 2234 Vl.
2100 2181 2234 2235 Cum
2270 2190 2453 2235 autem
2504 2182 2549 2232 is
2592 2182 2763 2232 latere
2808 2193 2916 2229 non
2955 2188 3157 2244 posset,
3212 2187 3270 2231 ut
3299 2194 3390 2245 qui
3436 2177 3488 2231 in

1902 2273 2104 2326 illustri
2140 2283 2306 2327 staret
2353 2274 2472 2326 loco
2504 2273 2743 2333 virtutis,
2778 2279 2835 2323 et
2875 2286 3070 2339 magno
3116 2285 3209 2323 ore
3255 2272 3322 2325 ab
3375 2273 3491 2340 ipsa

1902 2367 2328 2434 praedicaretur.
2382 2368 2491 2420 vito
2534 2367 2813 2418 invenitur
2865 2364 2934 2415 ab
2986 2364 3073 2425 iis,
3134 2364 3225 2430 qui
3278 2375 3490 2418 scruta-

1906 2460 2127 2510 bantur.
2171 2458 2251 2511 Illi
2281 2472 2487 2518 autem,
2517 2474 2642 2510 cuin
2679 2458 2725 2509 is
2762 2457 2870 2526 jam
2905 2456 2985 2509 eis
3020 2459 3285 2510 evasisset
3316 2458 3491 2512 mani-

1904 2550 2103 2612 festus,
2136 2552 2245 2604 laeti
2276 2551 2461 2604 laetum
2488 2551 2689 2604 sistunt
2711 2560 2838 2602 ante
2866 2548 3163 2603 Neronem.
3190 2550 3330 2613 Quid
3356 2565 3489 2620 ergo

1904 2643 2036 2697 ille?
2071 2645 2377 2713 PrOpositis
2413 2644 2463 2697 ei
2514 2644 2827 2706 tormentis,
2884 2644 3350 2696 asscntationibns
3396 2659 3488 2713 ag-

1903 2748 2128 2800 gressus
2161 2744 2244 2787 est
2274 2734 2593 2794 Nazarium,
2632 2743 2693 2785 ut
2722 2749 2848 2787 cum
2882 2734 2990 2787 illis
3032 2734 3256 2803 quidem
3294 2736 3343 2788 ei
3380 2746 3486 2789 ter-

1904 2836 2084 2875 rorem
2127 2825 2423 2887 attulisset,
2466 2825 2552 2877 his
2598 2833 2782 2877 autem
2809 2838 2936 2876 eum
2981 2824 3326 2887 emolliisset,
3364 2839 3489 2893 per-

1901 2915 2158 2968 suaderet
2183 2917 2252 2977 ei,
2289 2926 2346 2968 ut
2382 2916 2644 2968 transiret
2676 2915 2744 2969 ad
2788 2930 2941 2968 suam
2982 2917 3342 2971 voluntatem.
3380 2918 3489 2973 Na-

1901 2994 2083 3059 zarius
2138 3022 2270 3059 vero
2327 3019 2445 3059 erat
2506 3008 2735 3059 omnino
2793 3007 3114 3072 immobilis,
3150 3018 3209 3061 ut
3261 3010 3353 3076 qui
3417 3010 3486 3065 ab

1900 3097 1988 3151 his
2050 3100 2115 3150 ad
2183 3100 2508 3167 martyrium
2563 3100 2733 3165 magis
2780 3109 3094 3160 acueretur,
3126 3115 3235 3153 non
3300 3110 3483 3155 autem

1900 3191 2263 3245 emollirctur.
2300 3192 2366 3243 Et
2422 3192 2544 3245 ideo
2588 3192 2781 3261 majori
2846 3194 3100 3248 utebatur
3153 3196 3481 3249 constantia.

216 3249 463 3363 δράσειε,
502 3249 714 3364 φυλακῇ
750 3249 1014 3357 τίως’τὺν
1068 3249 1235 3365 ἑνδρα
1276 3297 1411 3363 μετὰ
1460 3249 1569 3350 τοί
1611 3296 1795 3360 παιδὸς
1822 3249 1866 3310 C
1906 3282 2040 3334 cum
2079 3282 2322 3335 ηεδείίεῑ
2374 3297 2504 3349 ergo
2552 3249 2694 3336 Νετό
2729 3285 2861 3352 quid
2920 3296 3128 3354 δεενοῑ,
3178 3296 3308 3340 ωηο
3358 3304 3483 3342 eum

216 3386 426 3441 δίδωσι.
466 3387 650 3457 Βραχὺ
678 3387 739 3439 τὸ
780 3390 835 3439 ὲν
880 3388 1052 3456 μέσῳ,
1104 3388 1199 3438 καὶ
1244 3388 1471 3457 Νέρωνα
1509 3390 1609 3457 μὲν
1639 3391 1799 3442 πάλιν

216 3478 249 3529 ό
269 3477 584 3541 δικαστικός
612 3472 725 3549 εἶχε
750 3478 964 3547 θρόνος,
988 3476 1259 3548 Ναζάριο;
1291 3479 1346 3530 δὲ
1376 3481 1631 3548 είσήγετο
1661 3481 1798 3548 μετά

218 3567 320 3620 τοῦ
360 3569 551 3631 παιδός
578 3586 591 3600 ⁸
625 3571 720 3622 καὶ
758 3570 922 3621 πάλιν
963 3569 1163 3638 ὁμοίως
1202 3569 1295 3621 νῦν
1337 3572 1434 3639 μὲν
1467 3572 1632 3633 πολὺς
1673 3568 1740 3640 ἦν
1772 3576 1799 3624 ό

217 3660 414 3731 Νέρων
444 3664 562 3723 ταῖς
602 3662 878 3723 ἀπειλαῖς,
915 3659 1008 3712 νῦν
1052 3660 1107 3712 δὲ
1146 3662 1267 3721 ταῖς
1313 3662 1626 3721 κολακείαις
1669 3662 1797 3729 ἡδὺς

218 3753 319 3803 καὶ
350 3754 467 3813 ταῖς
498 3752 878 3820 ὑποσχέσεσιν.
929 3751 1018 3812 Ὠς
1058 3749 1115 3801 δὲ
1145 3751 1239 3802 ἐπὶ
1267 3751 1363 3819 τῆς
1403 3750 1573 3817 αὑτῆς
1610 3751 1801 3803 ἐνστά-

222 3857 359 3904 σεως
393 3843 483 3893 τὸν
529 3842 701 3910 ἄνδρα
746 3842 915 3908 ἐώρα,
953 3842 1227 3908 ἀπογνοὺς
1265 3841 1341 3909 τῷ
1374 3841 1543 3901 οὑτως
1589 3843 1801 3908 ὑπαγα-

220 3932 415 3999 γέσθαι
446 3932 750 4001 Ναζάριον,
785 3933 863 4001 τῷ
897 3932 997 4002 τῆς
1040 3932 1314 3999 θαλάσσης
1365 3934 1797 4001 ὲναπορῥιςῆναι

224 4022 375 4091 βυθῷ
410 4026 547 4091 μετά
595 4021 689 4073 τοῦ
730 4022 920 4084 παιδὸς
971 4023 1308 4089 προστάσσει
1349 4022 1612 4082 Κελσίου,
1651 4024 1797 4085 ὅπως

226 4117 363 4186 μηδὲ
414 4116 551 4185 όρᾷν
605 4115 715 4183 εχοι
771 4113 865 4176 οὓς
913 4115 1047 4182 μηδί
1095 4113 1193 4182 ζῇν
1239 4112 1380 4165 οὕτω
1423 4114 1797 4181 διακειμένους

222 4210 501 4264 ἐϐούλετο.
521 4209 665 4262 Ἀλλ’
692 4204 835 4279 ἦσαν
863 4206 1087 4275 ἀληθεῖς
1119 4207 1337 4267 πάντως
1368 4207 1418 4257 οἱ
1450 4208 1543 4259 τοῦ
1572 4207 1797 4275 θεόφρο-

223 4318 315 4364 νος
356 4300 582 4354 Ἡσατου
632 4301 804 4366 λόγοι,
855 4296 1045 4367 ὥσπερ
1086 4298 1222 4367 πρὸς
1264 4298 1461 4360 αὑτοὺς
1492 4298 1791 4367 εἰρημένου

232 4409 253 4441 ε
302 4389 428 4443 Ἐάν
486 4388 770 4458 διαϐαίνῃς
809 4389 877 4440 δι’
930 4386 1142 4449 ὓδατος,
1199 4390 1338 4457 μετὰ
1380 4389 1470 4441 σοῦ
1515 4392 1655 4459 εἰμι,
1700 4368 1796 4443 καὶ

224 4482 461 4549 ποταμοὶ
492 4480 553 4533 οὑ
590 4479 967 4548 συγκλείσουσί
1007 4496 1065 4531 σε
1094 4495 1107 4509 ·
1183 4480 1277 4532 καὶ
1320 4481 1416 4531 ἐὰν
1462 4479 1677 4552 διέλθῃς
1708 4481 1796 4534 διὰ

226 4571 418 4641 πυρὸς,
437 4571 497 4623 οὑ
532 4570 608 4641 μὴ
635 4570 1035 4641 κατακαυθῇς.»
1057 4570 1213 4624 Ἐπεὶ
1238 4570 1345 4640 γὰρ
1369 4570 1566 4633 αὑτοὺς
1586 4573 1612 4622 ό
1637 4570 1796 4639 βυθὸς

236 4659 382 4735 εῖχεν
411 4663 534 4733 ήδη,
571 4664 665 4716 καὶ
701 4664 749 4716 οί
777 4665 843 4733 τῇ
885 4662 1130 4735 θαλάσσῃ
1175 4662 1429 4731 ῥίψαντες
1459 4665 1802 4734 προσεδόκων

226 4755 364 4807 πολὺ
389 4753 497 4806 τῶν
537 4752 733 4823 ἰχθύων
774 4752 969 4823 βρῶμα
1015 4752 1391 4824 περιμάχητον
1424 4754 1622 4817 αὐτοὺς
1655 4757 1802 4820 γενέ-

230 4846 380 4911 σθαι,
415 4845 684 4913 άτγελική
735 4861 816 4907 τις
866 4844 1093 4914 δύναμις
1143 4844 1352 4898 άνωθεν
1385 4846 1674 4899 καταϐᾶσα
1708 4848 1802 4900 τοῦ

230 4935 398 5005 βυθοῦ
433 4935 769 5002 ἀνεσώσατο,
820 4936 918 4988 καὶ
968 4938 1032 5007 τῇ
1062 4936 1244 5006 χέρσῳ
1289 4937 1549 5001 ἀϐλαϐεῖς
1603 4941 1833 5009 αὐτοὺς,

227 5028 558 5091 ἀποδέδωκε,
592 5028 687 5080 τοῦ
728 5027 917 5091 παιδὸς
968 5027 1201 5080 Κελσίου
1231 5027 1320 5080 διά
1359 5027 1420 5080 τὺ
1457 5029 1554 5097 τῆς
1588 5028 1801 5097 ἡλικίας
1834 5025 1843 5036 “

228 5120 418 5177 ἀτελὲς
464 5117 544 5171 ἔτι
597 5118 841 5184 ναυτίας,
867 5117 1054 5189 ὥσπερ
1084 5118 1255 5186 είκδς,
1288 5119 1384 5172 καὶ
1429 5119 1621 5187 ἀηδίας
1666 5121 1800 5173 ὑπο-

228 5211 581 5280 πλησθέντος.
627 5209 771 5265 Ἀλλ’
802 5211 934 5281 εὐχῇ
984 5210 1174 5264 τοῦτον
1221 5211 1314 5265 καὶ
1358 5211 1515 5281 τύπῳ
1564 5212 1799 5283 σταυροῦ

228 5304 324 5357 καὶ
356 5303 486 5372 θείῳ
514 5302 784 5372 φιλήματι
818 5303 946 5369 ὑγιᾶ
980 5301 1255 5374 Ναζάριος
1277 5302 1569 5358 δείκνυσιν.

299 5397 374 5449 Ζ’.
415 5396 665 5463 Ἀγρεύει
698 5395 758 5449 τδ
786 5395 970 5464 θαῦμα
1000 5395 1158 5447 τοῦτο
1192 5394 1445 5465 καθάπερ
1482 5396 1669 5465 ἰχθύας
1704 5398 1799 5449 καὶ

226 5488 351 5549 τοὺς
383 5488 473 5539 επὶ
497 5487 594 5556 τῆς
616 5487 889 5555 θαλάσσης
915 5488 1113 5549 αὐτοὺς
1136 5487 1399 5546 καθέντας
1435 5487 1529 5538 τοῦ
1550 5488 1797 5555 Νέρωνος

229 5579 527 5650 ὑπηρέτας.
564 5578 637 5631 Τὸ
686 5579 797 5648 γάρ
842 5581 949 5632 άπὸ
994 5576 1184 5630 τούτου
1230 5577 1509 5630 ἀκόλουθοι
1544 5583 1796 5645 γεγόνασι

224 5672 303 5745 τῷ
335 5674 497 5743 ἁγίῳ,
528 5674 621 5726 καὶ
649 5671 820 5735 οὕτως
845 5673 993 5742 αὑτῷ
1025 5673 1435 5743 προσετέθησαν
1468 5674 1541 5734 ὡς
1576 5674 1666 5725 καὶ
1704 5675 1795 5725 τοῦ

228 5766 494 5834 προτέρου
552 5765 667 5834 βίου
716 5764 884 5818 πολλὰ
942 5764 1264 5833 μεταμέλειν
1319 5765 1521 5828 αὐτοῖς,
1580 5767 1667 5815 καὶ
1716 5768 1794 5816 ὅτι

326 5858 386 5911 ἐκ
417 5857 607 5910 πολλοῦ
629 5858 878 5928 Νέρωνος
908 5857 1236 5910 ἀποστάντες
1264 5855 1455 5922 εκείνῳ
1486 5858 1788 5925 προσεῖχον,

1906 3387 2029 3425 cum
2062 3389 2234 3442 puero
2264 3375 2427 3426 tradit
2456 3375 2508 3427 in
2545 3376 2873 3429 custodiant.
2919 3377 3116 3431 Parum
3175 3380 3485 3434 intercesst

1908 3467 2191 3534 temporis.
2222 3476 2276 3519 ct
2318 3468 2587 3520 Neronem
2617 3468 2840 3536 quidem
2881 3485 3074 3523 rursus
3105 3471 3264 3526 sedes
3292 3472 3485 3526 habuit

1902 3564 2218 3631 judiciaria.
2256 3564 2612 3617 Introductus
2659 3575 2841 3618 autem
2909 3565 3013 3619 fuit
3062 3568 3325 3622 Nazarius
3355 3586 3479 3624 cum

1906 3668 2096 3721 puero.
2138 3656 2201 3706 Et
2238 3670 2429 3707 rursus
2480 3655 2755 3720 similiter,
2819 3672 2967 3710 nunc
3028 3659 3249 3726 quidem
3312 3661 3479 3714 minis

1905 3747 2202 3800 vehemens
2230 3756 2347 3801 erat
2372 3747 2535 3806 Nero.
2587 3764 2735 3801 nunc
2767 3758 2948 3802 autem
2982 3750 3166 3803 suavis
3199 3752 3476 3807 blanditiis

1905 3845 1961 3889 et
1996 3838 2301 3902 promissis.
2340 3837 2632 3902 Postquam
2660 3846 2841 3891 autem
2868 3840 3005 3893 vidit
3033 3856 3156 3893 eum
3188 3850 3331 3896 tanta
3356 3859 3476 3898 esse

1906 3931 2234 3990 constantia,
2267 3928 2571 3995 desperans
2616 3930 2695 3981 sic
2723 3943 2883 3998 posse
2935 3930 3120 3984 induci
3160 3932 3473 4002 Nazurium,

1902 4019 2060 4088 jubet
2091 4036 2216 4072 cum
2281 4021 2429 4088 injici
2482 4021 2535 4073 in
2567 4022 2895 4088 profundum
2931 4027 3097 4074 maris
3145 4041 3267 4077 cum
3300 4042 3472 4094 puero

1890 4100 2104 4170 'Celsio.
2152 4120 2210 4162 ut
2253 4126 2354 4164 nec
2410 4125 2506 4164 eos
2535 4112 2756 4179 quidem
2792 4128 2973 4180 posset
2997 4114 3202 4176 videre,
3237 4133 3373 4184 quos
3404 4134 3473 4172 ne

1905 4202 2122 4255 volebat
2143 4201 2364 4270 quidem
2388 4204 2572 4256 vivere
2601 4204 2679 4257 sic
2703 4203 2948 4258 aﬂ'ectos.
2972 4205 3077 4258 Sed
3110 4217 3267 4261 erant
3298 4213 3476 4263 omni-

1905 4308 1975 4346 uo
2012 4309 2160 4357 vera,
2193 4309 2314 4361 qua:
2340 4295 2475 4348 dixit
2509 4296 2730 4348 divinus
2769 4295 2951 4357 Isaias,
2992 4306 3247 4366 tanquam
3281 4302 3345 4353 de
3390 4305 3472 4357 eis

1906 4387 2301 4453 praenuntiata:
2330 4387 2383 4440 Si
2419 4388 2701 4441 transieris
2731 4402 2828 4456 per
2853 4404 3073 4457 aquam,
3101 4400 3278 4445 tecum
3306 4410 3423 4448 sum
3453 4413 3465 4447 :

1904 4485 2085 4531 etnon
2126 4486 2178 4532 te
2218 4479 2547 4532 concludant
2609 4479 2782 4532 ﬂuvii.
2842 4480 2983 4535 Etsi
3034 4486 3318 4540 transieris
3372 4503 3471 4556 per

1829 4600 1877 4658 υ
1906 4568 2104 4638 ignem.
2169 4585 2277 4623 non
2308 4570 2672 4623 combureris.
2705 4570 2839 4624 Nam
2888 4587 3012 4626 cum
3052 4576 3161 4643 jam
3203 4587 3387 4632 essent
3412 4580 3465 4633 in

1905 4659 2196 4728 profundo,
2232 4669 2289 4714 et
2317 4661 2409 4729 qui
2435 4677 2532 4715 eos
2553 4664 2818 4730 jecerant,
2849 4665 3142 4719 crederent
3170 4667 3307 4729 fore,
3342 4680 3400 4723 ut
3438 4689 3462 4721 α

1904 4755 2090 4808 multis
2119 4754 2365 4822 piscibus
2414 4755 2816 4809 devorarentur
2858 4772 3048 4825 magna
3091 4764 3462 4825 contentione,

1904 4847 2147 4916 angelica
2190 4847 2436 4915 quadam
2483 4849 2661 4901 virtus
2709 4848 2944 4917 desuper
2999 4850 3293 4914 advolavit.
3341 4865 3397 4908 et
3435 4873 3465 4910 e

1905 4938 2181 5007 profundo
2228 4940 2485 4997 servavit.
2538 4948 2593 4992 et
2645 4937 2842 4993 illaesos
2894 4955 2990 4993 eos
3016 4950 3173 4997 terra:
3202 4945 3460 5009 reddidit,

1898 5043 2077 5096 puero
2104 5028 2284 5083 Celsio
2329 5038 2552 5097 propter
2585 5038 2799 5082 aetatem
2826 5029 3009 5083 adhuc
3061 5032 3455 5099 imperfectam,

1903 5135 2105 5174 nausea
2130 5129 2187 5175 et
2217 5120 2434 5174 fastidio
2461 5121 2641 5187 pleno,
2669 5127 2729 5173 ut
2746 5129 2831 5174 est
2859 5133 3312 5180 consentaneum.
3356 5127 3459 5181 Sed

1901 5214 2159 5282 precibus
2182 5222 2236 5267 et
2271 5213 2422 5281 signo
2461 5212 2663 5268 crucis.
2687 5221 2743 5265 et
2768 5212 2956 5268 divino
2986 5216 3173 5269 osculo
3200 5208 3323 5270 eum
3352 5222 3457 5272 sal-

1902 5317 2029 5355 vum
2055 5303 2295 5355 reddidit
2324 5302 2604 5354 Nazarius.

1971 5395 2079 5448 V‘ll.
2101 5394 2545 5462 C:ipit.tanquam
2567 5393 2761 5464 pisces,
2788 5395 2889 5448 hoc
2922 5396 3244 5448 miraculum
3294 5398 3453 5453 Nero-

1901 5486 1985 5539 nis
2014 5500 2229 5553 quoque
2264 5499 2470 5545 ενι-νος,
2504 5485 2594 5549 qui
2637 5484 2778 5549 ipsos
2812 5485 2861 5536 in
2896 5500 3042 5536 mare
3098 5487 3451 5540 demiserunt.

1900 5578 2155 5630 Sanctum
2214 5577 2359 5626 enim
2414 5575 2671 5638 tit‘lnCPI‘S
2712 5586 2836 5628 sunt
2882 5578 3077 5639 secuti,
3130 5588 3183 5629 ct
3212 5583 3278 5630 ita
3315 5594 3372 5631 se
3403 5582 3452 5632 ei

1899 5669 2286 5735 adjunxi-ruut.
2344 5677 2400 5717 ut
2452 5665 2650 5732 prioris
2704 5667 2827 5718 vitae
2873 5682 3060 5733 magna
3114 5668 3451 5721 ducerentur

1899 5760 2236 5827 pwmtentia.
2269 5768 2322 5809 et
2349 5772 2487 5823 aegre
2520 5756 2725 5809 ferrent
2750 5758 2894 5822 quod
2936 5774 3042 5811 non
3069 5758 3159 5811 diu
3194 5770 3337 5820 ante,
3370 5774 3443 5810 re-

1903 5852 2028 5905 licto
2059 5850 2288 5909 Nerone,
2327 5850 2563 5899 animum
2602 5848 2675 5899 illi
2699 5849 3093 5903 adhibuissent.
3120 5850 3299 5903 Terra
3320 5865 3451 5917 ergo
