4214 6444
229 379 337 443 885

1474 374 1649 432 VlTA
1691 372 1751 429 S.
1794 364 2023 425 PAULI
2067 365 2176 424 (ΞΡ.

3375 348 3480 413 836

232 496 587 568 χειροτονίας,
642 496 734 548 καὶ
802 494 1097 562 Ἀριιανῶν
1125 494 1375 553 καθίσας·
1396 491 1687 558 -συνέδριον
1716 487 1806 536 τὸν
1838 529 1840 536 ,

1921 482 2175 534 cessisset
2210 479 2410 533 electio
2456 497 2468 530 ;
2516 487 2569 531 ct
2599 480 2931 543 congregato
2994 472 3324 524 Arianorum
3358 484 3490 523 con-

234 586 335 656 μὶν
393 584 601 637 Παῦλον
654 583 934 653 σχολάζειν
993 582 1425 660 κατεψηφίσατο,
1466 577 1724 630 Εὑσέϐιον
1754 574 1809 624 δὲ

231 677 415 746 τρίτον
448 675 745 743 άμείσοντα
780 674 967 743 θρόνον
997 676 1061 726 ὲκ
1096 673 1437 740 Νικομηδίας
1466 671 1559 737 τῆς
1597 667 1806 736 βασιλέι
1838 726 1845 729 _

232 765 321 829 δος
356 765 653 819 ιπίσκοπον
687 766 1087 819 ἀναδείκνυσιν.
1154 763 1295 817 Ἀλλ’
1339 762 1367 813 ὸ
1402 762 1499 828 μὲν
1526 758 1807 817 δυσσεὸὦς

232 856 412 910 ταῦτα
460 857 669 926 πράξας
706 856 1035 924 ὑποστρέφει
1082 854 1244 908 πάλιν
1276 852 1409 921 πρὸς
1452 848 1806 917 ’Δντιόχειανσ

235 948 495 1010 Εὐσέϐιος
528 948 585 1001 δὲ
617 950 796 1001 πάντα
820 948 969 1000 λίθον
1000 947 1167 1001 ικίνει
1199 946 1341 999 ὥστε
1381 942 1656 1015 περιελεῖν
1711 938 1807 993 τοῦ

236 1041 387 1109 lapso
422 1039 694 1108 συμϐόλου
721 1039 782 1092 τὸ
807 1041 1113 1110 ὁμοούσιον.

305 1214 381 1268 Γ.
417 1216 645 1283 ’Δγεται
670 1215 734 1285 δὴ
765 1214 833 1268 τά
863 1213 1121 1281 ιγκαίνια
1152 1214 1250 1283 τῆς
1282 1214 1339 1267 δν
1381 1212 1683 1283 ’Δντιοχείᾳ
1714 1213 1811 1265 ἑκ-

236 1300 490 1370 κλησίας,
542 1302 607 1371 ἢν
633 1303 1047 1364 κωνσταντῐνος
1085 1302 1182 1371 μὶν
1216 1304 1244 1353 ὁ
1295 1301 1469 1369 μέγας
1499 1303 1563 1354 ὲκ
1595 1301 1811 1371 βάθρων

235 1392 517 1462 άνὴγειρε,
572 1392 951 1455 Κωνστάντιος
998 1393 1057 1445 δδ
1112 1392 1517 1462 καθιερωθῆναι
1576 1392 1813 1462 σπουδὴν

235 1482 410 1546 ῑθετο,
447 1483 541 1536 καὶ
578 1486 644 1553 τῇ
696 1484 807 1536 τῶν
850 1484 1144 1550 ἑγκαινίων
1196 1485 1465 1553 προφάσει
1518 1485 1809 1537 ιπίσκοποι

237 1575 590 1643 συλλέγονται
644 1575 737 1629 τδν
762 1576 994 1646 ἀριθμὸν
1028 1577 1375 1647 ἂνενήκοντα.
1420 1576 1671 1645 Μάξιμος
1700 1575 1757 1628 δὲ
1784 1576 1813 1629 δ

235 1668 345 1719 τῶν
383 1668 773 1737 Ἰεροσολύμων
806 1670 1003 1739 ἔφορος
1041 1670 1181 1739 ἀνὴρ
1212 1667 1443 1739 εὐσεϐὴς
1498 1667 1559 1720 οὐ
1604 1666 1810 1736 παρῆν,

234 1757 351 1811 ἀλλ’
377 1760 496 1813 οὐδὲ
523 1762 549 1813 ό
592 1761 810 1830 Ῥώμης
854 1762 1069 1825 Ἰούλιος
1101 1760 1214 1815 οὔτ’
1237 1760 1668 1829 αὐτοπρόσωπος
1685 1756 1810 1811 οὔτε

234 1850 324 1903 διά
375 1868 520 1915 τινος
570 1854 677 1906 τῶν
705 1824 1009 1908 Ἳὺποτελῶν.
1068 1824 1463 1923 Συγκροτείται
1521 1853 1621 1922 μὲν
1655 1851 1809 1922 οῦνὴ
1846 1824 1884 1879 Β

239 1944 453 2003 σύνοδος
479 1948 743 2016 παρόντος
775 1950 869 2002 καὶ
902 1948 1306 2002 Κωνσταντίου.
1331 1948 1394 2001 Οί
1411 1946 1465 1999 δὲ
1489 1948 1619 2016 περὶ
1649 1945 1816 1998 Εὖσέ-

236 2036 352 2089 ειον
378 2039 613 2108 σπουδὴν
646 2038 838 2107 ἄγουσι
886 2041 991 2105 πρὸ
1045 2041 1154 2093 τῶν
1192 2040 1367 2094 ἀλλων
1428 2038 1813 2093 ἀποσκευάσα-

239 2125 365 2179 σθαι
406 2127 743 2183 Ἀθανάσιον.
792 2129 1088 2197 ἐπάγουσι
1119 2129 1175 2182 δὲ
1206 2129 1354 2197 αὐτῷ
1387 2127 1614 2199 πρώτην
1636 2128 1817 2180 αἰτίαν

235 2216 297 2269 τδ
326 2219 475 2286 παρὰ
525 2221 726 2274 κανόνα
783 2221 1031 2288 λέγοντες
1061 2222 1288 2291 πρᾶξαι,
1326 2220 1525 2273 κανόνα
1570 2219 1629 2273 δν
1659 2220 1817 2272 αὐτοὶ

236 2309 541 2376 τηνικαῦτα
582 2310 862 2374 ἐξέθεσαν.
910 2312 1257 2366 Ἐπανελθὼν
1288 2310 1817 2380 γάρ,ῑφασκον,τῆς

243 2400 540 2471 ὑπερορίας
579 2404 701 2473 οὐχὶ
752 2407 905 2475 κοινῇ
930 2404 1124 2476 γνώμῃ
1176 2405 1273 2458 καὶ
1297 2404 1484 2473 ψήφῳ.
1513 2402 1630 2455 ἀλλ’
1653 2402 1817 2465 αὐτὸς

243 2491 421 2562 ἑαυτῷ
471 2496 569 2564 τὴν
624 2495 1040 2565 ἀρχιερωσύνην
1075 2494 1380 2565 ἐπέτρεψε·
1423 2494 1516 2548 καὶ
1558 2494 1820 2561 δευτέραν

246 2582 329 2635 δτι
363 2586 505 2636 κατὰ
565 2584 662 2654 τὴν
708 2586 914 2638 εῐσοδον
967 2587 1116 2657 αὑτῷ
1152 2588 1394 2648 στάσεως
1449 2586 1819 2657 συρραγείσης

245 2671 435 2724 πολλοὶ
461 2675 789 2728 ἐναπέθανον
814 2667 827 2704 ί
872 2678 1067 2748 τρίτην
1095 2677 1150 2729 δὲ
1180 2678 1247 2732 τά
1279 2680 1337 2730 ἐν
1367 2678 1529 2747 Τύρῳ
1571 2693 1822 2744 πεπραγ-

251 2764 413 2832 μένα,
448 2765 506 2831 ιε
535 2760 609 2819 ὧν
631 2769 725 2820 καὶ
757 2769 1267 2839 καταψηφισάμενοι
1294 2769 1387 2822 τοῦ
1416 2770 1515 2838 τῆς
1544 2768 1822 2832 εὐσεϐείας

248 2854 490 2925 ἀθλητοῦ
512 2857 811 2929 Γρηγόριον
836 2863 1266 2916 άντικαθιστῶσι
1292 2862 1503 2925 τούτοις
1524 2863 1823 2932 ὁμόφρονα,

249 2946 344 2998 καὶ
386 2945 557 3001 ταῦτα
606 2952 975 3020 τολμήσαντες
1021 2953 1359 3020 επιτολμῶσι
1394 2956 1488 3007 καὶ
1536 2954 1628 3007 τὸν
1661 2971 1827 3025 μεταο

250 3038 500 3107 πλασμδν
554 3042 653 3111 τῆς
704 3045 960 3109 πίστεως,
1020 3046 1171 3098 οὐδὲν
1226 3047 1322 3115 μὲν
1352 3047 1675 3113 καταφανῶς
1717 3046 1827 3099 τῶν

1918 569 2202 633 ciliabulo,
2263 566 2653 623 condemnavit
2707 563 2930 633 quidem
2986 560 3236 619 Paulum,
3290 558 3489 625 utqui-

1913 673 2131 716 escerct
2186 679 2198 712 :
2261 660 2557 713 Eusebium
2621 672 2791 719 vero,
2851 654 2945 722 qui
3013 652 3179 707 tertio
3243 649 3493 702 mutabat

1916 754 2105 807 sedem
2158 754 2258 820 (3).
2305 767 2373 806 ex
2422 748 2759 805 Nicomediae
2808 746 3069 813 episcopo
3120 751 3275 797 creat
3333 739 3492 793 urbis

1915 847 2076 915 regia:
2107 848 2447 913 episcopum.
2495 840 2599 895 Sed
2645 854 2766 891 cum
2796 839 2885 893 ille
2918 835 3141 903 quidem
3177 832 3343 898 impie
3376 829 3493 884 haec

1915 937 2158 998 fecisset,
2208 936 2508 990 revertitur
2557 948 2748 987 rursus
2800 928 3171 985 Antiochiam.
3219 924 3492 978 Eusebius

1914 1039 2100 1084 autem
2134 1043 2356 1084 omnem
2391 1026 2647 1079 movebat
2682 1023 2942 1091 lapidem,
2974 1030 3033 1075 ut
3063 1036 3129 1075 es
3166 1034 3323 1073 sacro
3348 1032 3494 1086 svm—

1916 1115 2042 1168 bolo
2093 1116 2315 1169 tolleret
2354 1114 2704 1175 homousion,
2748 1113 2799 1165 id
2842 1120 2945 1171 est,
3000 1104 3490 1163 consubstantiale.

1986 1208 2075 1262 ιιι.
2118 1207 2445 1263 Celebratur
2494 1204 2767 1259 dedicatio
2818 1202 3067 1258 ecclesia
3112 1198 3489 1265 Antiochena.

1915 1316 2079 1371 quam
2138 1300 2535 1355 Constantinus
2591 1298 2816 1367 quidem
2868 1298 3098 1365 Magnus
3148 1290 3423 1346 excitavit
3464 1305 3492 1342 a

1915 1394 2349 1461 fundamentis,.
2381 1391 2743 1448 Constantius
2794 1401 2976 1444 autem
3032 1386 3275 1441 studium
3334 1382 3493 1437 adbi—

1916 1484 2058 1547 buit,
2110 1494 2170 1538 ut
2216 1493 2674 1547 consecraretur;
2726 1493 2781 1536 et
2821 1481 3189 1536 dedicationis
3223 1486 3493 1548 praztextu

1916 1586 2320 1646 congregantur
2395 1576 2641 1644 episcopi
2712 1590 2946 1628 numero
3013 1570 3302 1640 nonaginta
3366 1568 3492 1637 (ι).

1916 1666 2185 1721 Maximus
2230 1683 2361 1721 vero
2406 1666 2639 1721 antistes
2671 1664 3201 1733 Hierosolymorum,
3242 1661 3324 1714 vir
3350 1660 3495 1727 pius.

1916 1774 2027 1812 non
2081 1758 2289 1820 aderat.
2337 1773 2518 1827 neque
2552 1757 2739 1811 Romae
2771 1756 2972 1817 Julius,
3013 1769 3114 1807 nec
3145 1766 3238 1820 per
3272 1768 3349 1813 se,
3403 1766 3499 1818 per

1915 1850 2155 1917 aliquem
2194 1865 2259 1903 ex
2294 1848 2582 1917 subjectis.
2632 1846 3010 1917 Congregatur
3055 1859 3188 1911 ergo
3232 1840 3495 1910 synodus.

1915 1950 2186 2009 praesente
2221 1941 2387 1994 etiam
2439 1938 2782 1994 Constantio.
2828 1936 3126 1991 Eusebiani
3160 1943 3344 1987 autem
3376 1940 3496 1984 stu-

1916 2032 2050 2086 dent
2100 2040 2225 2085 antc
2275 2032 2403 2093 alia,
2443 2039 2503 2084 ut
2531 2030 2840 2098 deponatur
2870 2026 3223 2081 Athanasius.
3258 2023 3499 2077 Primam

1918 2141 2051 2180 vero
2086 2125 2139 2178 in
2182 2140 2309 2177 eum
2360 2124 2633 2177 intentant
2671 2124 3095 2179 accusationem.
3127 2118 3273 2186 quod
3306 2116 3502 2169 fecerit

1918 2229 2117 2289 prater
2150 2220 2433 2288 regulam;
2474 2218 2717 2287 regulam
2743 2216 3012 2274 dicentes.
3047 2227 3210 2281 quam
3235 2218 3367 2264 tunc
3392 2207 3497 2277 ipsi

1918 2313 2224 2366 ediderant.
2255 2312 2535 2365 Reversus
2562 2312 2733 2372 enim,
2767 2309 3008 2370 aiebant,
3044 2305 3112 2359 ab
3145 2304 3365 2363 exsilio.
3391 2315 3501 2355 non

1920 2404 2199 2457 communi
2240 2402 2540 2465 sententia,
2587 2399 2683 2454 sed
2719 2400 2836 2469 ipse
2884 2399 2988 2453 sibi
3026 2396 3254 2452 tradidit
3284 2395 3504 2463 episeo-

1919 2504 2131 2565 patum.
2179 2493 2491 2549 Secundam
2538 2500 2747 2553 autem,
2794 2490 2939 2559 quod
2992 2504 3117 2543 cum
3154 2488 3207 2541 in
3244 2487 3362 2555 ejus
3406 2484 3503 2538 ad-

1925 2597 2091 2642 ventu
2151 2597 2343 2642 exorta
2406 2594 2553 2642 esset
2601 2583 2837 2647 seditio,
2894 2581 3049 2634 multi
3103 2580 3216 2633 sint
3275 2576 3500 2632 mortui.

1923 2678 2186 2745 Tertiam,
2235 2694 2299 2733 ea
2344 2693 2466 2746 quae
2508 2677 2649 2731 facta
2690 2684 2820 2731 sunt
2850 2673 2999 2744 Tyri.
3036 2673 3113 2726 Es
3144 2671 3346 2739 quibus
3372 2684 3505 2722 con-

1924 2771 2183 2827 demnato
2235 2771 2456 2840 pietatis
2508 2769 2751 2832 athleta,
2806 2767 2927 2836 ejus
2982 2766 3103 2819 loco
3160 2764 3509 2818 constituunt

1924 2864 2276 2933 Gregorium.
2306 2864 2401 2931 qui
2432 2862 2624 2916 eadem
2651 2875 2772 2929 qua:
2802 2859 2907 2928 ipsi
2941 2856 3234 2912 sentiebat.
3271 2856 3339 2910 Et
3378 2870 3501 2909 cum

1927 2959 2045 3011 hare
2076 2958 2192 3012 ausi
2228 2964 2434 3018 essent,
2467 2954 2673 3010 audent
2697 2954 2861 3007 etiam
2892 2951 3053 3006 fidem
3082 2950 3499 3014 transformare;

1927 3049 2065 3104 nihil
2114 3048 2334 3118 quidem
2385 3054 2573 3115 aperte
2630 3045 3101 3114 reprehendentes
3144 3058 3333 3097 eorum
3383 3057 3506 3109 qua:

251 3132 308 3183 ιν
338 3130 541 3205 Νικαίᾳ
601 3136 969 3204 μεμψάμενοι,
1026 3138 1103 3207 τῷ
1139 3139 1329 3207 ύφάλῳ
1364 3140 1420 3190 δὲ
1472 3140 1566 3191 καὶ
1599 3139 1826 3191 κακοτέ-

1931 3139 2072 3193 facta
2098 3148 2226 3193 sunt
2257 3139 2580 3197 Niewte.sed
2612 3136 2862 3205 improbo
2890 3146 2945 3191 et
2974 3135 3249 3190 malitiosa
3273 3134 3506 3188 consllio

251 3240 366 3292 χνῳ
390 3226 485 3292 τῆς
512 3227 749 3288 διανοίας
786 3228 1078 3297 σπέρματα
1106 3230 1651 3297 προκατασάλλοντες
1686 3232 1824 3299 πρὸς

248 3312 351 3380 τὴν
407 3315 499 3367 τοῦ
548 3317 834 3385 ιμοουσίου
898 3319 1237 3388 καθαίρεσιν.
1278 3322 1387 3374 Καὶ
1436 3323 1470 3389 ἡ
1523 3322 1652 3389 ph}
1678 3324 1824 3376 κατὰ

280 3408 589 3476 Αντιόχειαν
619 3409 851 3472 σύνοδος,
868 3411 1037 3464 ταῦτά
1071 3428 1126 3464 τε
1152 3412 1329 3466 καίτοι
1360 3409 1479 3466 αὖθ’
1509 3412 1671 3483 lupa
1703 3414 1823 3467 τολ-

256 3494 479 3567 μήσασα
514 3502 607 3553 καί
636 3520 754 3556 τινα
790 3506 1139 3567 κανονίσασα,
1166 3505 1464 3560 διαλύεται.

326 3592 399 3643 Δ⁹.
433 3588 689 3655 Εὐσέϐιος
717 3594 772 3647 δὲ
806 3595 937 3662 πρὸς
961 3595 1053 3647 τὸν
1096 3594 1315 3665 Ῥώμης
1350 3598 1569 3651 Ἰούλιον
1598 3598 1824 3669 διαπρε-

254 3674 645 3749 σϐεύεται,τὴν
682 3684 821 3735 κατὰ
862 3682 1179 3736 Ἀθανασίου
1217 3683 1399 3753 ψῆφον
1432 3688 1825 3757 τεχναζόμενος

256 3768 589 3839 κυρωθῆναι.
658 3773 801 3825 Ἀλλ’
840 3775 989 3827 οὐδὲν
1014 3767 1089 3827 ὧν
1136 3776 1366 3846 ἧλπιζεν
1402 3777 1585 3847 ἤνυσε.
1618 3780 1827 3843 Παῦλος

255 3859 311 3911 δι
359 3862 387 3912 δ
440 3864 731 3932 ἀρχιερεὺς
761 3867 858 3935 τὴν
922 3866 1140 3937 Ῥώμην
1182 3870 1725 3942 καταλαϐὼν,ἒτεροί
1770 3891 1827 3927 τε

258 3950 547 4008 ιπίσκοποι
578 3957 677 4010 οὐκ
702 3957 897 4025 ὀλίγοι,
925 3959 1061 4013 ἀλλὰ
1085 3962 1177 4013 καὶ
1205 3963 1365 4025 αὐτὸς
1405 3965 1740 4031 Ἀθανάσιος,
1778 3967 1827 4020 οἶ

260 4045 357 4096 καὶ
401 4047 540 4098 κατὰ
600 4053 869 4120 συσκευὴν
921 4051 1282 4122 ἀπηλάθησαν
1310 4053 1595 4121 Εὑσεὸίου,
1641 4056 1829 4125 διῆγον

257 4136 394 4202 ὁμοῦ
425 4140 483 4191 ιν
516 4142 582 4209 τῇ
623 4140 831 4213 Ῥώμῃ.
866 4142 923 4194 '0
945 4142 1000 4195 δὲ
1028 4145 1171 4216 ίερδς
1209 4145 1447 4210 Ἰούλιος,
1466 4148 1827 4215 συκοφαντίαν

259 4225 401 4281 εῐναι
431 4229 619 4298 μαθὼν
649 4230 717 4285 τά
766 4234 907 4285 κατά
954 4233 1063 4285 τῶν
1105 4235 1405 4305 ἀρχιερέων
1443 4236 1827 4307 πεπραγμένα,

261 4321 585 4390 γράμμασιν
618 4324 816 4385 αὐτοὺς
846 4324 1129 4393 ὀχυρώσας
1170 4327 1260 4379 επὶ
1290 4328 1390 4396 τὴν
1413 4329 1678 4397 ἀνατολὴν
1700 4330 1831 4382 άπο-

264 4412 497 4476 στέλλει,
516 4414 605 4465 τόν
636 4430 693 4466 τε
718 4414 914 4465 οίκείον
944 4415 1161 4484 ἑκάστῳ
1193 4415 1379 4484 θρόνον
1404 4415 1709 4480 ἀποδιδοὺς,
1739 4419 1829 4472 καὶ

263 4505 687 4574 συναιτιώμενος
716 4507 840 4568 τοὺς
873 4505 1221 4569 καθελόντας.
1252 4508 1362 4571 Τὰς
1388 4510 1486 4578 μεν
1509 4504 1602 4563 οὖν
1625 4510 1829 4575 οἰκείας

262 4598 560 4667 ἐκκλησίας
586 4597 729 4654 οὗτοι
774 4599 939 4652 πάλιν
968 4600 1427 4668 ἀναλαμϐάνουσι,
1460 4603 1554 4656 καὶ
1583 4604 1681 4668 τὰς
1713 4605 1834 4658 ἑπι-

264 4688 458 4752 στολὰς
487 4684 567 4753 οἷς
610 4689 929 4758 ἐγράφησαν
951 4692 1371 4761 διαπέμπονται.
1415 4694 1673 4748 Εὑσεόίου
1725 4698 1833 4766 γὰρ

262 4780 691 4849 άποφθαρέντος,
724 4781 930 4842 Παῦλος
956 4785 1035 4844 είς
1069 4786 1159 4836 τὸν
1180 4785 1379 4837 οἰκεῖον
1409 4786 1597 4854 θρόνον
1627 4789 1833 4841 ἀποκα-

263 4872 549 4925 θίσταταιο
600 4872 650 4925 οί
704 4874 1107 4943 άρειανίζοντες
1163 4876 1217 4927 δὲ
1254 4878 1311 4928 ἑν
1339 4879 1403 4947 τῇ
1438 4877 1532 4929 νῦν
1562 4878 1829 4953 λεγομένῃ

263 4967 356 5017 ἐπὶ
392 4964 601 5017 Παῦλον
652 4965 916 5033 ἐκκλησίᾳ
944 4965 1309 5034 χειροτονοῦσι
1352 4968 1441 5019 τδν
1472 4969 1826 5036 Μακεδόνων,

260 5057 321 5119 ὃς
350 5056 439 5108 τὸν
470 5055 597 5108 Υἰδν
626 5060 724 5123 μὲν
752 5053 828 5125 τῷ
856 5056 1028 5124 Πατρὶ
1048 5057 1301 5124 ἀνόμοιον
1333 5058 1693 5128 ιδλασφὴμει,
1729 5080 1831 5116 πα-

267 5150 681 5219 ραγραφάμενος
706 5149 766 5200 τὸ
798 5150 1099 5214 όμοούσιον,
1134 5151 1194 5202 τὸ
1226 5150 1279 5203 δὲ
1313 5152 1575 5220 πανάγιον
1602 5153 1832 5225 Πνεῦμα

266 5244 357 5294 καὶ
392 5242 674 5306 παντελῶς
696 5243 978 5310 ἀλλότριον
1010 5244 1107 5312 τῆς
1139 5244 1409 5314 θεότητος.

341 5554 417 5621 (3)
458 5552 645 5625 Primo
674 5569 921 5625 namque
952 5554 1132 5625 Beryti
1164 5558 1457 5625 episcopus
1482 5556 1679 5617 fuerat.
1709 5553 1836 5614 dein

266 5615 622 5679 Nicomediae.
653 5615 915 5680 Albanas.
953 5615 1097 5693 apol.
1129 5624 1184 5679 2.

341 5694 420 5762 (ι)
466 5694 624 5748 Anno
655 5693 778 5748 5M.

343 5764 418 5830 (5)
459 5765 563 5818 Per
596 5763 808 5818 litteras
841 5766 1068 5819 scilicet.

344 5833 421 5902 (6)
460 5833 611 5889 Cum
650 5835 819 5889 semel
858 5845 1068 5891 tantum
1100 5835 1300 5892 Paulus
1348 5836 1574 5892 Romam
1608 5840 1847 5905 venerit,

1926 3230 2132 3281 semina
2157 3228 2593 3297 priusjaeientes
2621 3227 2687 3279 ad
2715 3227 3108 3281 destruendum
3140 3226 3493 3279 homousion.

1925 3319 1991 3374 Et
2014 3336 2134 3389 quae
2163 3320 2468 3374 Antiochiae
2493 3320 2717 3388 quidem
2746 3319 2932 3373 habita
2961 3318 3066 3373 fuit
3088 3318 3351 3388 synodus.
3381 3332 3505 3371 cum

1928 3412 2045 3466 haec
2083 3421 2138 3466 et
2169 3413 2483 3481 huiusmodi
2520 3412 2624 3466 alia
2659 3426 2794 3466 ausa
2834 3420 3001 3476 esset,
3042 3422 3097 3465 et
3130 3410 3400 3480 quosdam
3427 3409 3508 3465 fe-

1928 3505 2092 3558 cisset
2120 3518 2381 3565 canones,
2412 3503 2516 3557 fuit
2538 3502 2735 3556 soluta.

1999 3595 2085 3651 IV.
2132 3595 2404 3649 Eusebius
2440 3603 2624 3648 autem
2666 3593 2915 3665 fongitur
2949 3594 3222 3664 legatione
3256 3593 3333 3663 (5)
3362 3594 3506 3662 apud

1926 3687 2129 3754 Julium
2167 3688 2471 3740 Romanum
2519 3687 2865 3755 episcOpum,
2916 3686 3240 3741 machinans
3285 3695 3343 3740 ut
3374 3700 3509 3739 eon-

1932 3782 2241 3834 ﬁrmaretur
2270 3782 2375 3833 lata
2412 3780 2467 3832 in
2497 3778 2854 3833 Athanasium
2891 3780 3190 3833 sententia.
3228 3777 3333 3833 Sed
3366 3779 3506 3832 nihil

1929 3868 2114 3923 en'ceit
2146 3884 2340 3924 eorum
2386 3884 2509 3937 qua:
2554 3869 2829 3938 sperabat.
2862 3869 3066 3923 Paulus
3095 3883 3226 3923 vero
3261 3869 3509 3937 pontifex

1917 3976 2052 4042 eum
2105 3962 2332 4015 Romam
2384 3962 2625 4015 venisset
2672 3962 2773 4031 (6),
2806 3972 2859 4016 et
2892 3962 2983 4015 alii
3030 3978 3137 4016 non
3192 3963 3351 4031 pauci
3396 3962 3512 4030 cpi-

1930 4052 2117 4119 scopi,
2175 4053 2306 4119 quin
2354 4052 2517 4105 etiam
2564 4052 2681 4119 ipse
2736 4068 2958 4121 quoque
3004 4054 3360 4117 Athanasius,
3415 4058 3506 4122 qui

1931 4142 2152 4197 fuerant
2204 4144 2441 4213 expulsi,
2494 4143 2833 4209 comparatis
2872 4144 2943 4199 ab
2983 4141 3223 4199 Eusebio
3272 4145 3509 4209 insidiis,

1932 4237 2095 4291 simul
2136 4235 2323 4314 Roma:
2354 4234 2647 4304 degebant.
2687 4233 2922 4289 Sanctus
2951 4245 3134 4289 autem
3172 4235 3352 4291 Julius
3387 4253 3510 4291 cum

1933 4326 2295 4379 intellexisset
2341 4341 2464 4379 esse
2520 4325 2891 4387 calumniam,
2940 4340 3061 4394 qua:
3104 4326 3244 4382 facta
3297 4327 3514 4382 fuerant

1937 4418 2199 4473 adversus
2235 4418 2541 4487 pontiﬁces,
2578 4434 2673 4473 eos
2704 4419 2903 4473 litteris
2950 4420 3190 4473 munitos
3233 4420 3400 4475 mittit
3446 4423 3511 4475 ad

1939 4510 2242 4572 Orientem,
2295 4526 2449 4564 suam
2499 4510 2796 4579 unicuique
2828 4510 3066 4566 reddens
3093 4512 3305 4575 sedem.
3334 4524 3390 4569 et
3420 4531 3515 4569 eos

1943 4604 2102 4657 simul
2135 4602 2568 4671 reprehendens.
2607 4604 2701 4671 qui
2733 4603 2885 4671 ipsos
2910 4603 3303 4672 deposuerant.
3336 4606 3512 4673 Atque

1942 4710 2069 4748 suas
2104 4695 2327 4761 quidem
2368 4694 2632 4747 ecclesias
2664 4694 2701 4746 ii
2733 4709 2928 4748 rursus
2957 4695 3255 4763 accipiunt.
3296 4704 3351 4749 et
3394 4698 3517 4751 mit-

1942 4795 2065 4840 tunt
2098 4787 2308 4840 litteras
2336 4785 2402 4837 ad
2436 4799 2550 4844 eos.
2578 4785 2643 4837 ad
2670 4798 2809 4853 quos
2844 4785 3065 4854 scripta:
3107 4785 3343 4841 fuerant.
3378 4788 3512 4843 Curi

1932 4879 2199 4931 Eusebius
2240 4879 2422 4945 itaque
2454 4877 2780 4940 interiissct,
2815 4876 3020 4932 Paulus
3054 4880 3108 4932 in
3139 4894 3294 4932 suam
3325 4880 3511 4934 sedem

1930 4970 2258 5023 restituitur.
2313 4968 2416 5033 Qui
2464 4977 2643 5021 autem
2706 4978 2888 5032 partes
2942 4969 3056 5023 Arii
3121 4970 3517 5053 sequebantur.

1930 5062 1982 5115 in
2013 5077 2076 5114 ea
2103 5076 2223 5130 quze
2255 5076 2400 5115 nunc
2428 5060 2495 5113 ad
2525 5060 2750 5113 Paulum
2782 5059 3005 5122 dicitur,
3033 5063 3266 5116 ecclesia
3294 5063 3510 5129 eligunt

1930 5153 2306 5208 Maecdonium
2338 5170 2351 5204 :
2384 5154 2476 5221 qui
2514 5153 2832 5221 blaspheme
2863 5154 3084 5221 quidem
3116 5139 3317 5208 Filium
3358 5155 3512 5210 dice-

1946 5246 2037 5299 bat
2090 5261 2210 5300 csse
2269 5245 2411 5298 Patri
2466 5245 2722 5301 similem.
2785 5245 3247 5300 circumscribens
3286 5246 3516 5301 homon-

1943 5336 2087 5389 sium
2126 5353 2137 5387 :
2178 5337 2585 5390 sanctissimum
2629 5344 2810 5389 autem
2857 5334 3119 5406 Spiritum
3155 5351 3183 5389 a
3232 5336 3514 5393 divinitate

1944 5432 2167 5482 omnino
2198 5429 2458 5483 alienum.

1951 5575 2009 5618 ut
2039 5572 2190 5621 notat
2218 5566 2480 5619 Daronius
2517 5581 2663 5618 anno
2694 5565 2816 5627 559,
2852 5563 2878 5633 ᾗ
2911 5563 3137 5617 Rursum
3169 5582 3304 5624 vero.
3331 5566 3520 5620 dicen-

1951 5636 2080 5688 dum
2132 5646 2236 5699 est,
2285 5637 2336 5689 id
2391 5635 2677 5695 accidisse.
2732 5649 2839 5687 non
2881 5636 3067 5698 modo,
3098 5636 3192 5688 sed
3230 5645 3516 5703 postquam

1954 5705 2295 5775 Hermogene
2329 5706 2513 5775 occiso
2550 5721 2647 5774 per
2676 5703 3058 5760 Constantium
3108 5708 3371 5775 expulsus
3414 5714 3497 5759 cst

1955 5785 2010 5829 ut
2044 5774 2184 5830 infra
2212 5776 2387 5845 capite
2418 5774 2470 5828 6.
