4214 6444
746 347 851 415 891
1966 333 2353 394 ADDENDA.
2389 354 2454 364 -
2493 328 2797 388 JUNlUS.
3903 323 4013 390 Μ

751 456 1080 521 inimicitiis,
1109 469 1247 522 quas
1273 452 1540 524 gerebant
1567 451 1621 503 in
1655 449 1914 512 athletas,
1947 462 1974 499 a
2002 461 2059 500 se
2092 444 2326 497 invicem
2365 449 2391 499 Α

2434 439 2567 507 πρὸς
2615 439 2740 498 τοὺς
2772 435 3010 507 ἀθλητὰς
3043 437 3248 506 ιχθρας
3304 437 3598 506 ὑπίληγον,
3639 435 4015 506 διασχίζονται

747 549 1077 604 scinduntur
1101 561 1118 600 :
1151 555 1210 599 et
1236 560 1361 598 cum
1390 543 1694 610 Philippos,
1724 554 1846 608 qua:
1875 547 1958 590 est
1989 535 2319 589 Macedoniae

2425 530 2522 581 ἀπ’
2562 528 2832 597 ἀλλήλων,
2866 529 2962 581 καὶ
2989 529 3087 596 τὴν
3122 532 3181 581 ιν
3219 527 3537 582 Μακεδονία
3565 527 3841 581 Φιλίππου
3879 530 3932 581 οί
3959 527 4021 592 ιε

749 639 968 699 civitas,
1020 636 1300 688 venissent
1349 631 1686 690 Orientales,
1744 637 2144 697 congregantur
2193 643 2205 678 :
2264 636 2318 680 et

2436 620 2729 688 ’Δνατολῆς
2776 618 3178 682 καταλαϐόντες
3238 619 3707 690 συναθροίζονται,
3736 620 3833 672 καὶ
3861 636 4021 689 τηνι-

745 738 878 780 tunc
933 736 1120 795 aperte
1179 723 1514 777 anathemati
1591 720 1890 788 subjiciunt
1961 718 2311 772 bomousion.

2424 709 2602 762 καῦτα
2626 711 2704 770 εἰς
2730 709 2794 762 τδ
2818 709 3058 778 ἐμφανὲς
3076 709 3137 762 τδ
3168 709 3457 778 όμοούσιον
3482 710 4010 778 ἀναθεματίζουσιν·

742 818 847 884 Qui
877 827 1058 871 autem
1085 827 1243 871 erant
1268 816 1527 880 Sardicae,
1551 828 1648 868 eos
1667 814 1924 867 absentes
1948 811 2318 866 condemnant

2424 801 2474 851 οί
2499 803 2557 852 ὲν
2585 801 2823 872 Σαρδικῇ
2851 801 2908 854 δι
2937 803 3158 864 τούτους
3200 801 3302 870 μὶν
3333 800 3516 872 ἐρήμῃ
3549 803 3674 872 δίκῃ
3704 803 4016 856 καταδικά-

746 919 802 962 et
850 909 1136 978 deponunt
1188 918 1446 976 tanquam
1500 904 1959 969 calumniatores;
2015 918 2133 972 quae
2185 917 2317 956 vero

2422 888 2593 956 ζουσι,
2631 892 2725 945 καὶ
2752 891 3100 963 καθαιροῦσιν
3133 892 3209 955 ὠς
3242 892 3615 965 συκοφάντας·
3664 892 3764 961 τὴν
3801 894 3860 946 ὲν
3900 893 4010 945 Νι-

746 975 945 1054 Nicaea:
992 975 1313 1054 conﬁrmata
1365 997 1563 1061 fuerat,
1602 996 1764 1050 ﬁdem
1825 996 2208 1057 corroborant.
2262 1003 2318 1050 et

2420 981 2549 1050 καίᾳ
2594 980 2651 1033 δὲ
2689 981 3029 1049 κυρωθεῖσαν
3065 981 3265 1035 πίστιν.
3299 1019 3338 1035 ..
3362 975 3439 1035 ὦν
3458 983 3558 1050 τὴν
3606 981 3810 1049 γνῶσιν
3837 983 3866 1034 6
3905 982 4017 1034 τῶν

748 1092 1082 1146 anathemati
1131 1091 1438 1160 subjiciunt
1471 1088 1800 1158 ,όμοιούσιον
1831 1089 1968 1158 (lt),
2004 1087 2056 1141 id
2091 1096 2198 1150 est,
2231 1102 2319 1142 es-

2420 1071 2689 1140 ἑσπερίων
2727 1070 2980 1142 βασιλεὺς
3029 1072 3292 1135 Κῶνστας
3317 1070 3516 1136 λαϐὼν,
3568 1071 3925 1124 ἀναδιδάσκει
3952 1086 4014 1123 τε

2417 1164 2503 1218 διὰ
2540 1167 2881 1236 γραμμάτων
2909 1167 3002 1220 τδν
3040 1167 3267 1236 ἀδελφὺν
3309 1167 3710 1229 Κωνστάντιον,
3735 1165 3834 1218 καὶ
3869 1182 4018 1234 παρ-

2417 1256 2559 1308 αινεῐ
2587 1256 2830 1324 εὐμενῶς
2862 1256 3162 1310 διακεῖσθαι
3219 1255 3354 1325 πρδς
3385 1248 3592 1309 Παῦλον
3633 1255 3726 1307 καὶ
3765 1254 4007 1308 usus.

2421 1359 2554 1407 σιον,
2587 1345 2682 1396 καὶ
2710 1343 2976 1412 μηδαμῶς
3016 1345 3200 1407 αὐτοῖς
3261 1342 3510 1413 ἐμποδὼν
3564 1341 3823 1397 ῑστσσθαι
3867 1345 4014 1411 πρὸς

2425 1434 2524 1504 τὴν
2553 1434 2662 1487 τῶν
2697 1435 2915 1488 οίκείων
2943 1435 3389 1488 ἀποκατάστασιν
3433 1434 3659 1498 θρόνων,
3686 1433 4014 1503 προστιθεὶς

2418 1526 2513 1592 ὡς,
2536 1529 2583 1580 εί
2613 1530 2687 1599 μὴ
2718 1525 2860 1580 ἑκὼν
2895 1529 3010 1590 τοῖς
3045 1526 3270 1588 δικαίως
3312 1525 3495 1594 ἔχουσι
3529 1523 3881 1587 κατανεύσει,
3912 1524 4012 1576 a6-

2418 1616 2509 1678 τδς
2533 1615 2925 1687 παραγεγονὼς
2952 1618 3047 1670 καὶ
3085 1617 3310 1676 ἀκοντος
3334 1615 3392 1666 τὸ
3427 1614 3634 1667 δίκαιον
3677 1615 3788 1675 τοις
3817 1614 4012 1682 ἠδικη-

2920 1709 3114 1769 Δείσας
3134 1706 3229 1760 οῦν
3257 1707 3357 1774 τὴν
3385 1705 3478 1758 τοῦ
3510 1703 3739 1770 ἀδελφοῦ
3773 1704 4014 1772 ἀπειλὴν

2424 1799 2452 1851 ό
2477 1799 2857 1860 Κωνστάντιος
2881 1800 2972 1851 τὸν
3003 1798 3102 1866 μὶν
3123 1799 3269 1850 ὅσιον
3294 1797 3507 1850 Παῦλον
3531 1799 3597 1866 τῇ
3635 1797 3745 1866 ma
3775 1797 4009 1849 ιπίσκοο

2426 1891 2498 1957 πῇ
2539 1888 2638 1940 οὐκ
2671 1887 2945 1941 ἐκώλυσεν
2972 1885 3334 1955 ινιδρύεσθαι,
3359 1888 3450 1939 τὸν
3477 1887 3534 1940 δι
3566 1886 3832 1956 σύναιθλον
3851 1885 4014 1938 Ἀθα-

2425 1980 2608 2033 νάσιον
2640 1977 2914 2048 διαφόροις
2952 1979 3262 2041 ἐπιστολαῖς
3290 1978 3420 2050 παρ’
3477 1976 3640 2031 αὑτὸν
3691 1978 3869 2040 καλεῖ,
3915 1979 4013 2031 καὶ

2427 2070 2646 2122 usum
2695 2068 2938 2139 εὐμενῶς
2972 2069 3353 2139 προσδέχεται,
3385 2069 3480 2123 καὶ
3507 2069 3584 2138 τῷ
3613 2069 3802 2139 οίκείῳ
3830 2069 4013 2140 θρόνῳ

2425 2162 2874 2230 ἀποκαθίστησιν.
2899 2159 3058 2214 Οὕτω
3082 2161 3181 2229 μὶν
3206 2161 3234 2212 6
3266 2161 3432 2224 πολὺς
3453 2162 3690 2230 τάραχος
3717 2161 4008 2228 ἰγαληνία,

2425 2253 2517 2305 καὶ
2553 2254 2585 2319 ἠ
2632 2252 2928 2322 Ἐκκλησία
2956 2252 3081 2316 τοὺς
3111 2253 3210 2322 τῆς
3252 2253 3534 2318 εὐσεϐείας
3561 2254 3788 2326 ἔχαιρεν
3806 2254 4010 2325 ιχουσα

2429 2342 2767 2413 προμάχους.

747 1181 940 1237 sentin
987 1181 1433 1237 similitudinem.
1463 1181 1596 1247 Quae
1627 1196 1750 1234 cum
1792 1180 2138 1248 cognovisset
2166 1179 2314 1234 Con-

750 1285 905 1329 stans
959 1275 1258 1343 imperator
1301 1272 1632 1336 Occidentis,
1656 1271 1989 1342 perlitteras
2025 1271 2186 1326 docet
2207 1273 2316 1326 fra-

747 1373 888 1425 trem
924 1366 1333 1428 Constantium,
1369 1375 1425 1419 et
1453 1365 1647 1419 suadet
1679 1376 1737 1419 ut
1765 1365 1837 1420 sit
1865 1367 2108 1420 clemens
2135 1376 2190 1420 et
2217 1367 2313 1420 be-

748 1460 949 1528 nignus
973 1460 1025 1513 in
1066 1459 1292 1513 Paulum
1327 1467 1380 1512 et
1410 1458 1806 1524 Athanasium;
1847 1468 1901 1512 et
1933 1474 1998 1513 ne
2022 1461 2092 1513 sit
2118 1459 2316 1512 eisim-

746 1550 1088 1621 pedimento,
1124 1551 1421 1619 quominus
1471 1551 1586 1605 suis
1635 1551 1861 1605 sedibus
1915 1552 2312 1617 restituantur;

746 1642 1013 1712 atljiciens
1040 1643 1183 1712 quod
1217 1643 1325 1697 nisi
1345 1642 1529 1695 volens
1552 1641 1757 1696 faveret
1782 1643 1848 1695 iis
1868 1643 1960 1712 qui
1978 1645 2098 1713 jure
2125 1644 2315 1698 nitun-

747 1706 856 1800 tur,
892 1734 1007 1804 ipse
1051 1706 1256 1797 veniet,
1284 1744 1340 1788 et
1381 1734 1743 1803 eoinvitojus
1768 1706 2048 1789 reddctiis
2077 1735 2172 1804 qui
2209 1737 2324 1790 alli-
2356 1719 2391 1777 Β

2430 1707 2611 1777 μένοις
2640 1706 2887 1779 ἀποδοίη.

745 1829 970 1882 ciuntur
1015 1828 1234 1897 injuria.
1287 1827 1498 1882 Fratris
1528 1828 1711 1898 itaque
1743 1825 1918 1880 minas
1952 1828 2319 1882 evtimesceus

745 1919 1125 1984 Constantius,
1170 1928 1422 1974 sanctum
1457 1921 1680 1988 quidem
1723 1920 1948 1973 Paulum
1983 1935 2092 1974 non
2131 1921 2319 1990 probi-

749 2013 872 2068 buit
921 2011 1134 2066 restitui
1184 2028 1284 2066 suo
1325 2013 1666 2081 episcopatui
1711 2012 1852 2083 (15)
1900 2029 1915 2069 :
1966 2014 2086 2082 ejus
2134 2026 2316 2067 autem

750 2103 1068 2158 certaminis
1144 2104 1354 2157 socium
1427 2103 1789 2157 Athanasium
1851 2104 2086 2158 diversis
2141 2106 2206 2160 ad
2261 2122 2318 2160 se

750 2197 986 2252 accersit
1014 2197 1231 2259 litteris,
1279 2205 1335 2252 et
1382 2212 1506 2252 cum
1539 2198 1799 2260 venisset,
1835 2198 2066 2268 benigne
2096 2200 2317 2270 accipit,

750 2295 808 2341 et
855 2303 967 2343 suc
1015 2287 1134 2344 sedi
1185 2290 1447 2345 restituit.
1495 2290 1585 2345 Sic
1626 2291 1846 2360 quidem
1883 2307 2073 2361 magna
2109 2301 2321 2359 pertur-

751 2378 902 2434 batio
949 2380 1167 2436 redacta
1205 2382 1307 2436 luit
1341 2383 1405 2438 ad
1442 2384 1925 2452 tranquillitatem,
1976 2394 2032 2440 et
2075 2385 2322 2444 Ecclesia

751 2469 1024 2537 gaudebat
1051 2487 1110 2526 se
1140 2471 1345 2527 habere
1370 2471 1688 2528 delensores
1717 2474 1956 2544 pietatis.

824 2559 892 2615 Χ.
917 2560 1053 2616 Cum
1077 2573 1258 2616 autem
1280 2564 1620 2633 Magnentius
1645 2567 1937 2620 invasisset
1957 2569 2319 2638 tyrannidem,

751 2659 808 2707 et
841 2651 1210 2709 interemisset
1258 2654 1608 2709 Constantem
1638 2657 2023 2726 imperatorem
2053 2659 2324 2716 Occiden-

753 2745 843 2806 tis,
873 2759 1066 2800 rursus
1114 2746 1329 2801 Arianae
1364 2747 1587 2804 insaniae
1614 2749 1851 2819 procella
1874 2751 2024 2805 orbis
2054 2761 2323 2808 terrarum

753 2837 1120 2892 conturbabat
1167 2839 1430 2893 ecclesias
1474 2854 1490 2896 :
1542 2848 1598 2893 et
1656 2856 1847 2896 rursus
1901 2843 2125 2911 quidem
2185 2844 2325 2915 fugit

751 2927 1092 2982 Athanasius
1145 2947 1158 2983 :
1212 2931 1335 2999 ejus
1388 2939 1571 2985 autem
1624 2932 1807 2985 sedem
1867 2934 2062 3003 arripit
2114 2934 2322 3004 Grego-

751 3015 868 3071 rius
909 3015 1043 3086 (l6),
1079 3025 1134 3070 ct
1178 3019 1448 3088 relegatur
1491 3021 1694 3075 Paulus
1736 3020 2010 3076 Cucusum
2050 3023 2322 3082 Armenia:
2350 3009 2391 3065 ο

751 3105 971 3174 pietatis
1023 3107 1297 3162 defensor.
1346 3109 1465 3174 Quo
1512 3110 1566 3164 in
1614 3113 1735 3166 loco
1769 3129 1866 3181 per
1895 3114 2150 3184 laqueum
2183 3133 2318 3172 con-

754 3206 1062 3250 summatur
1094 3201 1360 3268 martyrio
1391 3201 1736 3270 (l7),impiis
1766 3213 1927 3257 noctu
1959 3205 2317 3263 irrm-nlibus.

753 3286 1227 3358 ConstantinOpoli
1260 3300 1448 3344 autem
1477 3295 1596 3362 ejus
1631 3293 1754 3347 loco
1805 3295 2173 3353 introducitur
2218 3301 2320 3353 im-

754 3383 879 3452 pius
915 3386 1287 3449 Macedonius.
1317 3398 1372 3444 et
1395 3390 1762 3446 extruduntur
1801 3404 2048 3461 pastores
2092 3409 2158 3449 ex
2200 3398 2324 3452 aliis

753 3478 1023 3537 ecclesiis,
1053 3493 1149 3534 eas
1170 3494 1301 3534 vero
1326 3497 1521 3535 rursus
1546 3482 1817 3536 invadunt
1838 3484 1974 3552 lupi.
1998 3494 2053 3539 et
2078 3488 2319 3552 gentium

756 3567 812 3621 in
853 3567 1197 3625 Christianos
1252 3572 1632 3627 crudelitatem
1691 3579 1976 3632 contendit
2024 3579 2322 3636 obscurare

756 3659 967 3714 insania
994 3661 1313 3717 Macedonii.
1342 3665 1407 3719 Et
1435 3667 1724 3723 universus
1753 3668 1974 3736 quidem
1993 3669 2189 3726 Oriens
2209 3689 2321 3727 ma-

755 3751 827 3806 lis
871 3753 1244 3821 allligebatur.
1279 3759 1549 3826 praecipue
1583 3769 1766 3813 autem
1794 3760 2321 3831 Constantincpolis.

755 3842 876 3908 Quo
927 3854 1170 3915 tempore
1227 3847 1490 3914 Angelius
1532 3865 1753 3918 quoque
1805 3852 2099 3921 episc0pus
2150 3853 2327 3907 Novu-

756 3935 1052 3999 tianorum,
1100 3948 1159 3992 ut
1204 3941 1297 4008 qui
1345 3943 1460 4010 ipse
1507 3957 1726 4011 quoque
1797 3954 2041 3999 tueretur
2090 3946 2325 4000 homon-

756 4027 920 4088 sion.
977 4030 1216 4085 mittitur
1277 4033 1330 4086 in
1413 4035 1715 4100 exsilium;
1813 4046 2041 4104 eratque
2096 4037 2322 4104 malum,

750 4120 899 4188 quod
938 4137 1044 4175 non
1098 4132 1278 4191 potest
1325 4125 1606 4194 explicari,
1654 4141 1763 4179 non
1802 4127 1978 4180 solum
2017 4129 2325 4197 procedens

753 4226 928 4280 usque
965 4214 1030 4266 ad
1065 4216 1347 4282 pontifices
1390 4225 1449 4270 et
1479 4216 1809 4281 sacerdotes,
1846 4218 1939 4270 sed
1970 4218 2135 4271 etiam
2169 4218 2324 4272 femi-

753 4315 853 4354 nas
881 4311 937 4354 et
964 4318 1186 4371 pueros,
1233 4306 1325 4373 qui
1369 4305 1670 4360 Macedonii
1715 4308 2323 4376 repellebantcommu-

755 4396 999 4459 nionem,
1032 4411 1330 4462 occupans.
1367 4398 1502 4452 Nam
1529 4399 1693 4452 ubera
1717 4399 1939 4468 quidem
1970 4399 2320 4464 feminarum,

754 4499 789 4540 ο
829 4487 1098 4548 insaniam
1119 4489 1131 4540 ι
1155 4489 1350 4556 partim
1382 4488 1604 4558 quidem
1643 4491 1701 4544 in
1734 4505 1983 4545 arearum
2014 4499 2325 4562 tegumenta

755 4577 950 4646 injecta
976 4586 1031 4631 et
1059 4592 1368 4646 compressa
1398 4579 1883 4644 exscindebantur,
1916 4581 2110 4646 partim
2139 4593 2322 4638 autem

757 4670 927 4732 lerro,
963 4679 1020 4724 et
1049 4670 1154 4724 alia
1185 4670 1238 4724 in
1295 4671 1431 4725 alios
1474 4671 1925 4740 excogitabantur
1969 4673 2152 4743 gravia
2191 4688 2325 4743 sup-

755 4759 939 4828 plicia.
971 4759 1106 4814 Nam
1131 4777 1250 4829 quae
1274 4762 1355 4814 vel
1383 4778 1412 4815 a
1435 4762 1545 4816 Deo
1572 4763 1780 4817 alienos
1809 4764 2041 4834 gentiles
2066 4764 2328 4820 adversus

756 4866 1106 4905 communem
1138 4865 1388 4906 naturam
1417 4855 1729 4922 excogitare
1760 4855 2094 4922 impediebat
2123 4855 2325 4926 pudor,

755 4958 818 4995 ea
853 4951 983 4997 tunc
1011 4943 1190 5001 facere
1228 4943 1412 5014 impiis
1444 4946 1593 5000 venit
1626 4947 1681 5000 in
1717 4953 1973 5000 mentem.

827 5032 918 5087 Xl.
961 5034 1219 5091 Extendit
1246 5036 1454 5091 rabiem
1483 5035 1837 5092 Macedonius
1866 5037 2033 5092 etiam
2063 5037 2328 5094 adversus

2500 2605 2554 2658 l'.
2589 2605 2928 2671 Μιγνεντίου
2947 2605 3004 2658 δι
3030 2608 3321 2677 τυραννίδα
3350 2608 3696 2678 ιπιθεμινου,
3727 2611 3822 2663 καὶ
3857 2611 4009 2666 Κών-

2429 2710 2631 2749 σταντα
2680 2695 2772 2749 τὸν
2804 2696 2902 2766 τῆς
2964 2696 3235 2767 Ἐσπίρας
3289 2698 3644 2768 βασιλεύοντα
3679 2701 4006 2769 ἀνελόντος,

2429 2792 2594 2845 πάλιν
2615 2793 2652 2860 ἡ
2680 2793 2780 2861 τῆς
2825 2794 3033 2863 ’Δρείου
3051 2793 3267 2862 λύσσης
3289 2798 3546 2862 καταιγὶς
3581 2795 3682 2857 τὰς
3708 2795 3813 2866 τῆς
3832 2798 4011 2848 οίκου-

2434 2884 2601 2952 μόνης
2627 2883 2891 2953 ίτάραττε
2910 2901 2925 2916 ·
2954 2885 3049 2938 καὶ
3071 2884 3262 2954 φεύγει
3311 2888 3410 2952 μὶν
3445 2880 3609 2940 πάλιν
3660 2887 4006 2948 unum“.

2430 2973 2676 3041 ἁρπάζει
2713 2974 2769 3026 δὲ
2798 2974 2890 3028 τὸν
2918 2974 3086 3028 αὐτοῦ
3113 2975 3301 3045 θρόνον
3333 2976 3656 3047 Γρηγόριος,
3708 2979 3801 3032 καὶ
3837 2979 4002 3045 ύπερο

2423 3064 2663 3133 ορίζεται
2691 3065 2898 3128 Παῦλος
2927 3067 2985 3120 tv
3013 3066 3442 3137 Κουκουσῷτῆς
3500 3067 3815 3138 Ἀρμενίας,
3856 3070 3885 3122 6
3908 3067 4009 3136 τῆς

2421 3154 2703 3218 εὐσεϐείας
2736 3156 3070 3226 ύπέρμαχος.
3099 3159 3272 3213 ⁶’[ζνθα
3294 3161 3388 3214 καὶ
3418 3158 3505 3231 τῷ
3530 3161 3599 3214 δι’
3631 3162 3869 3231 ἀγχόνης
3901 3162 4008 3214 τῶν

2423 3242 2704 3295 δυσσεϐῶν
2750 3244 2965 3314 νύκτωρ
2995 3247 3433 3302 ιπισπευδόντων
3457 3249 3758 3303 τελειοῦται
3799 3268 4008 3318 μαρτυ-

2425 3332 2544 3401 ρίῳ.
2593 3334 3001 3404 Ἀντεισάγεται
3036 3337 3094 3390 ει
3125 3341 3192 3408 τῇ
3227 3339 3804 3393 Κωνσταντινουπόλει
3834 3343 3862 3393 6
3884 3343 4008 3394 δυσ-

2424 3422 2587 3491 σεϐὴς
2645 3425 2998 3490 Μακεδόνιος.
3041 3428 3138 3481 καὶ
3191 3427 3520 3494 ἐξωθοῦνται
3549 3431 3790 3484 καὶτῶν
3832 3432 4007 3485 ἀλλων

2422 3512 2728 3582 ἐκκλησιῶν
2781 3518 2831 3566 οι
2888 3515 3176 3584 ποιμένες,
3232 3519 3611 3588 ιπεισπηδῶσι
3659 3520 3718 3573 δι
3775 3521 4004 3582 αὖθιςοξ

2422 3603 2596 3668 λύκοι,
2628 3606 2724 3660 καὶ
2749 3607 2849 3675 τὴν
2873 3609 3014 3659 κατά
3044 3607 3390 3677 Χριστιανῶν
3438 3611 3713 3679 Ἐλλήνων
3742 3611 4004 3680 ὠμότητα

2424 3695 2457 3764 ὴ
2487 3695 2826 3750 Mandavisti
2854 3698 3021 3765 μανία
3047 3699 3313 3768 κρύπτειν
3339 3702 3684 3768 ἐφιλονείκει.
3719 3704 3829 3756 Καὶ
3858 3707 4006 3758 πᾶνα

2429 3785 2526 3852 μὲν
2558 3785 2591 3853 ἡ
2618 3785 2846 3857 ἀνατολὴ
2877 3788 2989 3848 τοῖς
3013 3786 3208 3852 δεινοῖς
3259 3790 3618 3861 διεφθείρετο,
3650 3795 3683 3862 ἠ
3717 3795 4005 3846 Κωνσταν-

2421 3873 2567 3926 τίνου
2597 3873 2654 3928 δὲ
2683 3874 2824 3928 κατὰ
2856 3875 3238 3946 τὸιξαίρετον,
3263 3880 3352 3933 ὅτε
3387 3881 3481 3933 καὶ
3520 3881 3807 3946 ’Δγγέλιος
3839 3885 3867 3934 6
3896 3885 4002 3935 τῶν

2425 3965 2786 4022 Ναυατιανῶν
2807 3967 3131 4034 ιπίσκοπος,
3148 3964 3238 4023 οἷα
3262 3969 3326 4038 δὴ
3347 3969 3441 4024 καὶ
3463 3973 3624 4035 αὐτὸς
3641 3972 3701 4025 τὸ
3721 3973 4002 4040 όμοούσισθ

2423 4057 2764 4124 πρεσϐεύων,
2798 4057 3201 4129 ὑπερορίζεται.
3259 4061 3366 4114 Καὶ
3396 4056 3464 4130 ἦν
3497 4062 3794 4131 ἀδιήγητον
3816 4065 3876 4117 τὺ
3909 4083 4002 4116 κα-

2422 4147 2537 4211 κὸν,
2569 4148 2630 4199 οὐ
2665 4148 2855 4218 μέχρις
2881 4149 3188 4219 ἀρχιερέων
3216 4150 3426 4216 ὁδεῦον,
3450 4153 3586 4206 ἀλλά
3617 4160 3712 4207 καὶ
3734 4158 4000 4222 γυναῖκας

2424 4239 2520 4290 καὶ
2542 4239 2737 4302 παῖδας
2766 4242 2882 4293 ὅσοι
2918 4241 3020 4312 τὴν
3059 4242 3398 4296 Μακεδονίου
3429 4244 3784 4312 παρωθοῦντο
3815 4263 4002 4300 κοινω-

2355 4353 2399 4409 D
2426 4335 3014 4404 viav,tmtstv6jttvov.
3046 4339 3261 4392 Μαστοὶ
3310 4339 3421 4408 γὰρ
3469 4341 3766 4406 γυναικῶν,
3815 4341 3862 4393 ῶ
3908 4342 4003 4408 τῆς

2427 4427 2654 4495 μανίαςί
2711 4429 2762 4481 οί
2793 4430 2892 4498 μὶν
2923 4428 3171 4484 κιϐωτῶν
3219 4430 3576 4500 καλύμμασιν
3606 4430 4004 4500 ἐμϐαλλόμενοι

2421 4533 2480 4571 τε
2539 4519 2634 4572 καὶ
2699 4519 3127 4588 συμπιεζόμενοι
3187 4521 3562 4588 εξεκόπτοντο,
3596 4525 3644 4576 ot
3694 4523 3750 4576 ει
3778 4525 4001 4594 σιδήρῳ,

2422 4607 2576 4662 ἄλλαι
2609 4626 2669 4662 τε
2700 4610 2823 4663 κατ’
2873 4610 3047 4664 ἀλλων
3080 4612 3316 4681 χαλεπαὶ
3379 4614 3630 4677 κολάσεις
3653 4618 4002 4672 επενοοῦντο·

2421 4697 2456 4752 ἀ
2481 4699 2589 4769 γὰρ
2621 4701 2715 4755 καὶ
2771 4703 2897 4765 τοὺς
2955 4702 3147 4765 ἀθέους
3184 4704 3454 4772 Ἕλληνας
3489 4707 3632 4760 κατά
3682 4709 3782 4775 τῆς
3821 4714 4005 4779 κοινῆς

2427 4788 2644 4855 φύσεως
2666 4793 2901 4845 ὲπινοεῑν
2923 4792 3088 4856 αίδὼς
3106 4795 3435 4865 ἀνεχαίτιζε,
3462 4799 3726 4872 πράττειν
3755 4802 3876 4852 τότε
3902 4802 4006 4863 τοῖς

2424 4876 2745 4932 δυσσεϐίσιν
2779 4880 2873 4932 ἰπὶ
2911 4881 3034 4933 νοῦν
3065 4875 3219 4951 ἧκεν.

2501 5049 2604 5104 lA'.
2653 5051 2913 5108 Ἐκτείνει
2937 5053 3034 5123 τὴν
3062 5054 3266 5107 λύσσαν
3298 5055 3628 5121 Μακεδόνιος
3659 5059 3752 5112 καὶ
3781 5061 3878 5114 επὶ
3911 5062 4002 5130 τὴν

767 5126 1039 5192 regionem
1089 5126 1535 5196 Paphlagonum;
1570 5129 1821 5185 audierat
1859 5129 2005 5183 enim
2037 5131 2235 5184 multos
2263 5147 2329 5186 ex

2429 5140 2536 5192 τῶν
2578 5142 2943 5211 Παφλαγόνων
2971 5142 3187 5214 χώραν·
3238 5146 3466 5210 πολλοὺς
3506 5149 3612 5219 γὰρ
3641 5152 3873 5220 ἠκηκόει
3919 5126 4006 5206 καὶ

773 5215 1082 5271 trthodoxis
1130 5228 1186 5271 et
1233 5219 1552 5274 Novatianis
1599 5223 1654 5275 in
1703 5236 1766 5276 ea
1800 5223 2028 5283 versari,
2058 5229 2113 5275 et
2145 5222 2330 5286 ellicit,

2428 5231 2535 5282 τῶν
2560 5231 2858 5299 όρθοδόξων
2879 5233 2970 5286 καὶ
2990 5233 3100 5286 τῶν
3133 5235 3240 5289 ἀπὸ
3266 5236 3520 5292 Ναυάτου
3544 5241 3604 5292 ὲν
3632 5242 3772 5312 αὐτῇ
3800 5245 4001 5314 διατρί-

850 5321 1086 5377 quatuor
1115 5313 1372 5369 cohortes
1407 5324 1741 5372 armatorum
1786 5317 2021 5374 militum
2068 5315 2335 5370 adversus

2429 5320 2579 5374 ϐειν·
2615 5323 2709 5376 καὶ
2737 5324 3004 5394 τέσσαρας
3059 5325 3346 5396 φάλαγγας
3393 5333 3739 5400 στρατιωτῶν
3769 5335 4003 5389 δνόπλων

761 5415 859 5455 eos
909 5404 1215 5470 mittantur,
1254 5415 1309 5461 et
1336 5407 1503 5461 armis
1538 5418 1805 5478 cogantur
1836 5407 1905 5462 ad
1966 5407 2326 5476 impietatem.

838 5564 948 5642 {Hi
984 5567 1147 5621 Error
1172 5577 1275 5630 est,
1303 5581 1357 5642 et
1390 5571 1676 5642 legendum
1695 5572 1969 5642 ἀνόμοιον,
2003 5569 2054 5623 id
2088 5576 2172 5625 est
2200 5568 2326 5624 Ριιίἰ

763 5647 794 5685 a
824 5630 984 5693 Patre
1005 5644 1255 5693 essentia:
1285 5630 1807 5696 dissimilitudinem:

842 5702 956 5772 (15)
996 5706 1196 5763 Paulus
1232 5725 1377 5765 anno
1413 5711 1515 5766 548
1554 5721 1607 5767 et
1655 5711 1987 5768 Athanasius
2046 5723 2188 5765 anno
2231 5705 2333 5762 569

765 5777 1155 5832 restituuntur.

2440 5415 2848 5486 παρασκευάζει
2883 5418 3146 5490 σταλῆναι
3180 5420 3298 5490 κατ’
3330 5421 3533 5488 αὐτῶν,
3564 5426 3661 5478 καὶ
3688 5428 3801 5491 τοῖς
3830 5429 4005 5493 ὅπλοις

2513 5579 2623 5659 (16)
2673 5581 2798 5659 lion
2835 5581 3155 5659 gregarius,
3181 5585 3276 5642 sed
3327 5585 3617 5659 Georgius.
3653 5589 3789 5647 Vide
3849 5593 4000 5648 vitam

2443 5649 2728 5706 Athanasii
2767 5651 2803 5706 2
2833 5649 2976 5709 Maii:

2522 5719 2630 5787 (l7)
2669 5722 2825 5777 Anno
2863 5723 2987 5811 351.
