4214 6444
221 341 324 404 897

1255 348 1432 409 VITA
1473 348 1534 406 S.
1563 345 1880 405 NAZABiI
1918 345 2023 403 ET
2081 342 2494 403 SOCIORUM.

3380 344 3487 408 898

220 476 334 525 νος,
359 460 599 514 πλούσιοι
620 465 716 532 μὲν
729 463 893 531 ἄμφω
910 463 999 515 καὶ
1018 462 1132 533 βίον
1153 464 1244 516 καὶ
1268 462 1490 533 ἀρετὴν,
1510 464 1612 515 ὑπὸ
1627 463 1795 531 καθη·

1914 475 2029 515 rero
2063 458 2175 527 ipsa
2210 472 2428 527 quoque
2477 466 2599 511 erat
2632 457 2874 511 Romana
2904 472 3128 526 genere.
3156 458 3320 513 ambo
3358 458 3483 525 qui-

222 555 364 623 γητῇ
396 552 453 605 δὲ
478 553 667 623 Πέτρῳ
705 554 781 625 τῷ
796 554 891 606 τοῦ
913 554 1073 625 χοροῦ
1100 556 1383 625 κορυφαίῳ
1406 554 1515 606 τῶν
1548 555 1804 623 μαθητῶν

221 641 306 711 τῷ
323 643 442 713 Θεῷ
458 644 656 714 μᾶλλον
666 644 1041 707 οίκειωθέντις
1061 646 1157 697 καὶ
1173 645 1550 707 τελειωθέντες
1570 645 1719 697 ὕδατί
1749 661 1803 695 τε

226 736 319 785 καὶ
350 734 644 801 πνεύματιο
667 734 889 796 τούτους
916 736 1105 805 ὥσπερ
1132 734 1415 795 εὐσεϐείας
1437 736 1463 787 ὁ
1494 734 1625 796 Θεὸς
1652 716 1826 803 ἀμει-⁶

222 822 480 892 ϐόμενος,
526 825 778 894 καθάπερ
818 826 983 879 πάλαι
1014 827 1143 879 ποτέ
1178 826 1268 879 τὸν
1308 826 1562 895 ’Δϐραάμ
1584 829 1680 894 τῆς
1723 844 1807 893 φι-

220 915 472 978 -λοξενίας
521 916 654 979 υίδν,
706 917 888 979 αὐτοῖς
933 918 1026 970 καὶ
1072 916 1406 987 κληρονόμον
1454 917 1556 985 τῆς
1603 919 1805 987 ἀρετῆς

232 1007 349 1075 αμα
388 1008 480 1060 καὶ
532 1009 628 1077 τῆς
677 1010 995 1079 περιουσίας
1038 1010 1127 1062 τὸν
1160 1009 1436 1080 Ναζάριον
1466 1008 1706 1061 δίδωσιν.
1746 1009 1805 1061 '0

231 1100 289 1153 δέ
318 1095 406 1152 οἷα
438 1104 571 1171 πρὸς
601 1102 738 1153 Θεοῦ
765 1102 1068 1171 δεδομένος,
1102 1100 1221 1155 ὅλον
1269 1102 1385 1170 Θεῷ
1421 1101 1583 1153 πάλιν
1618 1099 1806 1152 ἐαυτὸν

233 1192 558 1247 ἀντιδίδωσι.
615 1193 723 1246 Καὶ
749 1192 1067 1245 υίοθετείται
1097 1193 1192 1262 μέν
1219 1193 1378 1254 ante;
1408 1193 1511 1246 ύπδ
1536 1190 1694 1243 Λίνου
1734 1190 1808 1259 τῷ

238 1282 372 1351 θείῳ
418 1282 777 1352 βαπτίσματι,
836 1282 893 1344 δς
943 1278 1011 1354 ἦν
1052 1285 1257 1351 Πέτρου
1294 1282 1431 1352 μετὰ
1483 1282 1575 1334 τοῦ
1617 1281 1808 1350 θρόνου

234 1373 331 1425 καὶ
357 1373 453 1441 τῆς
487 1373 687 1443 ἀρετῆς
716 1373 964 1443 διάδοχος
989 1390 1002 1403 ·
1033 1374 1368 1444 τελεωτέρας
1397 1374 1453 1426 δὲ
1504 1374 1808 1442 ἁπτόμενος

224 1464 472 1533 ⁴ἡλικίας,
493 1466 825 1532 τελεωτέρας
848 1468 941 1519 καὶ
964 1467 1059 1535 τῆς
1077 1466 1299 1535 χάριτος
1322 1465 1584 1530 ἀξιοῦται.
1610 1464 1811 1535 Συνηύ-

236 1556 363 1621 ξανε
390 1559 498 1626 γὰρ
528 1557 677 1627 αὐτῷ
704 1558 988 1628 αὐξομένῳ
1017 1560 1113 1629 τὴν
1145 1556 1301 1622 αὒξιν
1348 1559 1445 1629 τὴν
1478 1557 1669 1609 ἐαυτοῦ
1712 1559 1807 1609 καὶ

238 1650 405 1713 πολὺς
446 1652 533 1703 ἐπὶ
558 1650 791 1718 Χριστὸν
819 1650 955 1721 ερως
989 1650 1082 1703 καὶ
1104 1650 1286 1702 πλεῖον
1316 1651 1513 1720 μᾶλλον
1540 1649 1813 1701 ἐδείκνυτο

240 1744 333 1794 καὶ
368 1743 424 1795 θε
436 1745 595 1813 ρμότε
607 1761 715 1812 ρος.

312 1923 385 1976 B'.
436 1924 587 1976 Ἐπεὶ
613 1924 669 1979 δέ
692 1927 718 1977 ὁ
758 1926 814 1978 ἐν
844 1925 993 1995 αὐτῷ
1033 1925 1129 1993 τῆς
1164 1925 1447 1987 εὐσεϐείας
1484 1926 1686 1995 πυρσὸς
1718 1925 1811 1977 ἐπὶ

243 2016 387 2083 μέγα
414 2015 573 2085 ᾔρετο
604 2017 726 2086 ἢδη,
760 2017 856 2069 καὶ
897 2016 1124 2079 πολλοὺς
1171 2018 1263 2069 ἐπὶ
1296 2019 1385 2069 τὸν
1413 2016 1577 2084 ἄνδρα
1604 2016 1809 2079 ἐκάλει,

240 2108 366 2169 τοὺς
415 2108 672 2177 θορύϐους
703 2107 892 2179 ὥσπερ
945 2112 1037 2161 καὶ
1083 2108 1180 2176 τὴν
1212 2110 1409 2178 συνεχῆ
1470 2108 1653 2178 ἄφιξιν
1706 2109 1813 2161 τῶν

242 2202 322 2259 εἰς
354 2199 511 2250 αὑτὸν
555 2199 1016 2268 παραϐαλλόντων
1052 2199 1350 2262 ἐκκλίνων,
1390 2199 1530 2266 ἔγνω
1578 2199 1811 2267 πατρίδα

242 2292 339 2341 καὶ
372 2291 600 2353 οἰκείους
650 2292 956 2357 ἀπολιπεῖν,
1009 2294 1102 2344 καὶ
1140 2293 1196 2344 ἐν
1233 2293 1486 2362 ἀλλοτρίᾳ
1534 2290 1808 2357 γενέσθαι,

244 2385 392 2446 ὅπως
418 2382 493 2453 τῷ
519 2384 835 2455 ποθουμένῳ
866 2402 923 2436 τε
966 2385 1102 2438 κατά
1148 2386 1310 2454 μόνας
1344 2385 1680 2450 συγγένοιτο,
1720 2383 1812 2435 καὶ

246 2476 564 2547 ἀνακηρύξῃ
596 2478 807 2539 πολλοῖς
835 2478 933 2545 τὴν
978 2477 1278 2531 εὐσέϐειαν.
1322 2478 1425 2528 Τὸν
1457 2475 1812 2529 ἐπιϐάλλοντα

244 2565 424 2617 τοίνυν
448 2566 591 2633 αὐτῷ
611 2567 812 2637 κλῆρον
839 2569 987 2635 παρὰ
1006 2566 1111 2618 τῶν
1134 2567 1401 2619 τεκόντων
1446 2564 1625 2618 λαϐὼν
1649 2564 1814 2629 ἔξεισι

244 2655 346 2724 τῆς
383 2658 659 2726 πατρίδος,
690 2660 782 2709 καὶ
824 2658 975 2711 πόλιν
1014 2660 1077 2709 ἐκ
1127 2659 1331 2720 πόλεως
1361 2656 1604 2725 ἀμείϐων
1633 2652 1712 2719 οἷς
1747 2655 1814 2712 ἂν

248 2747 500 2816 ἐπισταίη
536 2750 598 2799 ἐκ
648 2747 753 2799 τῶν
808 2749 974 2801 ὄντων
1032 2750 1282 2818 ἐπήρκει·
1342 2749 1529 2801 ἔπειτα
1578 2750 1673 2801 καὶ
1714 2749 1814 2817 τὴν

254 2838 475 2906 μείζονα
510 2840 774 2909 χορηγίαν
811 2841 900 2892 καὶ
935 2840 1070 2907 πρὸς
1105 2841 1201 2911 τὴν
1249 2841 1423 2909 ἀληθῆ
1443 2839 1543 2908 τῆς
1588 2841 1815 2911 Τριάδος

247 2931 448 2997 γνῶσιν
478 2931 856 2999 ἐχειραγώγει.
886 2934 991 2984 Καὶ
1020 2934 1218 3001 δήποτε
1251 2934 1403 3002 παρὰ
1436 2934 1588 2986 πόλιν
1623 2933 1813 3000 ἀφικό-

254 3040 409 3091 μενος
438 3024 797 3075 [Ῐλαιιεντίναν
833 3026 923 3077 καὶ
949 3027 1011 3092 τῇ
1049 3025 1389 3077 Μεδιολάνων
1420 3027 1667 3091 ἐπιστὰς,
1687 3029 1818 3096 Upo-

248 3120 422 3184 τασῐῳ
472 3119 564 3166 καὶ
624 3117 903 3185 Γερϐασίῳ
961 3119 1071 3178 τοῖς
1104 3116 1440 3185 θαυμαστοῖς
1474 3120 1811 3185 ἐντυγχάνει,

251 3207 656 3267 κατακλείστοις
686 3206 781 3273 μὲν
817 3208 919 3257 ὑπὸ
957 3208 1049 3258 τοῦ
1083 3206 1336 3275 ἄρχοντος
1377 3208 1602 3268 Ἰταλίας
1640 3212 1819 3261 Ἀνου-

253 3296 398 3348 λίνου
427 3297 513 3348 διὰ
543 3296 639 3364 τὴν
669 3300 744 3358 εἰς
778 3299 1009 3367 Χριστὸν
1036 3299 1324 3366 ὁμολογίαν
1346 3299 1675 3365 γενομένοις,
1702 3302 1817 3361 ταῖς

256 3388 728 3456 παραδοξοποιίαις
769 3390 821 3439 δέ
872 3390 965 3440 καὶ
1005 3392 1117 3451 τοῖς
1163 3389 1401 3459 θαύμασι
1435 3392 1526 3442 καὶ
1553 3390 1696 3467 πρὸς
1722 3392 1818 3453 τὰς

254 3482 484 3551 ὁμόρους
517 3483 697 3551 χώρας
730 3483 1149 3551 ἐφαπλομένοις.

328 3763 399 3817 Γ.
449 3762 719 3831 Ἐντυχὼν
746 3763 837 3815 οὖν
870 3766 979 3824 τοῖς
1018 3764 1273 3831 ἀνδράσιν
1305 3766 1332 3816 ό
1367 3764 1509 3827 θεῖος
1545 3765 1822 3834 Ναζάριος

256 3858 319 3924 τῇ
348 3872 404 3905 τε
435 3855 533 3920 τῆς
559 3856 793 3915 πίστεως
827 3856 917 3905 καὶ
947 3858 1011 3922 τῇ
1039 3856 1131 3921 τῆς
1173 3856 1370 3922 ἀρετῆς
1414 3858 1663 3927 κοινωνίᾳ
1685 3858 1823 3924 ,τού-

254 3964 376 4002 τους
405 3946 703 4007 οἱκειιυθεὶς
748 3947 1041 4013 (ἐγγίνεται
1082 3947 1190 4014 γάρ
1222 3964 1273 3999 τι
1317 3947 1537 4016 φίλτρον
1578 3952 1689 4010 τοῖς
1716 3949 1820 4000 τῶν

256 4040 387 4090 ἴσων
422 4039 617 4107 ἐρῶσιν
640 4038 736 4105 οὐχ
772 4032 930 4106 ἦττον
963 4039 992 4103 ἢ
1020 4040 1126 4098 τοῖς
1157 4036 1249 4089 τοῦ
1284 4036 1446 4088 αὑτοῦ
1475 4038 1818 4090 κοινωνοῦσιν

256 4131 526 4197 αἵματος),
568 4130 701 4196 πρὸς
752 4132 847 4195 τὴν
887 4128 1191 4195 μαρτυρίαν
1248 4128 1440 4187 αὐτοὺς
1500 4128 1817 4194 ὑπαλείφει,

257 4222 346 4270 καὶ
375 4220 529 4287 θήγει
552 4219 756 4279 τούτοις
784 4218 873 4269 τὸν
899 4218 1031 4287 πρὸς
1058 4219 1289 4285 Χριστὸν
1314 4217 1507 4285 ἔρωτα.
1546 4218 1821 4269 Ἐντεῦθεν

255 4310 348 4360 τοῦ
397 4310 589 4377 ἀνδρὸς
625 4313 779 4377 φήμη
830 4310 1131 4376 πανταχόσε
1172 4307 1470 4358 διαδοθείσα
1506 4308 1694 4373 φθάνει
1730 4309 1821 4358 καὶ

260 4404 419 4469 μέχρι
472 4400 563 4453 τοῦ
613 4400 869 4468 ἄρχοντος
914 4397 1240 4451 Ἀνουλίνου.
1282 4398 1341 4452 ’0
1381 4398 1435 4450 δέ
1465 4398 1821 4465 παραστησάς

260 4510 417 4562 μενος
440 4494 530 4544 τὸν
558 4491 749 4557 Ναςαρ
776 4508 831 4543 ον
853 4485 939 4542 οἷα
972 4489 1264 4559 σύμϐουλός
1295 4506 1353 4540 τε
1381 4489 1527 4558 αὑτῷ
1556 4490 1815 4542 καθίστα-

258 4602 366 4648 ται,
400 4585 493 4635 καὶ
529 4583 601 4652 μὴ
628 4583 841 4635 ἀσεϐεῖν
871 4582 1004 4651 μηδέ
1036 4581 1339 4650 ἐνυϐρίζειν
1358 4582 1437 4644 είς
1463 4583 1587 4643 τοὺς
1613 4584 1818 4635 ἐκείνου

262 4676 414 4739 θεοὺς
464 4677 750 4744 παραινείο
786 4670 904 4726 εἶτα
956 4673 1142 4732 ἐπειδὴ
1184 4672 1326 4740 έγνω
1374 4674 1463 4724 τὸν
1512 4672 1665 4740 ἀγιον
1702 4673 1818 4725 ούδέ

262 4767 426 4833 ἀκοῆς
452 4767 607 4829 ἀξίαν
634 4766 932 4835 ἡγούμενον
950 4764 1045 4833 τὴν
1068 4763 1231 4817 αὑτοῦ
1254 4762 1586 4831 συμϐουλὴν,
1615 4764 1687 4832 (τί
1714 4765 1821 4833 γάρ

261 4859 429 4921 οὕτως
468 4859 768 4927 ἐπιτήδειον
802 4858 880 4919 είς
929 4856 1087 4926 ὕϐριν
1142 4856 1217 4916 ὡς
1276 4857 1343 4908 τὰ
1409 4856 1820 4925 βδελύγματα;)

260 4952 408 5005 παίει
437 4951 576 5003 κατά
599 4950 706 5003 τῶν
739 4951 1002 5017 σιαγόνων
1026 4948 1244 5014 πολλὰς,
1282 4950 1373 5000 καὶ
1403 4948 1588 5016 ὥσπερ
1617 4966 1665 5001 τι
1695 4949 1823 5015 ἄγος
1854 4934 1868 4964 λ’

260 5045 288 5095 δ
318 5044 672 5111 invictam;
711 5041 919 5111 ἀτίμως
950 5041 1111 5093 αὑτὸν
1149 5042 1244 5111 τῆς
1274 5040 1479 5102 πόλεως
1505 5040 1819 5093 ἀπελαύνει.

259 5136 433 5191 Τοῦτο
458 5137 513 5189 δέ
542 5138 650 5205 ὅσῳ
686 5135 826 5205 μέγα
855 5136 932 5196 είς
957 5134 1225 5205 τιμωρίαν
1256 5133 1430 5185 ἐδόκει
1457 5133 1534 5201 τῷ
1567 5135 1818 5203 δικαστῇ,

260 5232 498 5299 τοσούτῳ
518 5229 702 5297 μεῖζον
720 5229 797 5290 είς
817 5228 1135 5298 εὐεργεσίαν
1156 5226 1406 5295 ἐλογίσθη
1438 5226 1515 5296 τῷ
1542 5226 1819 5294 Ναζαρίῳο

263 5326 344 5378 δτι
366 5323 458 5375 καὶ
488 5320 709 5391 πληγῶν
734 5320 821 5372 διὰ
849 5320 941 5371 τὸν
972 5320 1110 5386 ὑπὲρ
1132 5320 1296 5372 αὑτοῦ
1328 5319 1567 5371 παθόντα
1595 5317 1824 5386 Χριστὸν

262 5408 483 5481 ἠξίωτο.
529 5411 703 5481 Ὲξῄει
730 5410 906 5461 τοίνυν
936 5410 995 5461 οὐ
1026 5410 1262 5475 σιωπῶν,
1299 5409 1416 5460 οὐδὲ
1452 5410 1551 5476 τὴν
1579 5408 1824 5472 γλῶτταν

262 5503 537 5570 ἄφθογγος
576 5503 669 5553 καὶ
698 5502 775 5571 τῷ
802 5502 908 5553 δέει
943 5501 1332 5568 πεπεδημένος,
1366 5500 1499 5551 ἀλλὰ
1552 5502 1649 5568 τῆς
1696 5516 1825 5550 συν-

262 5595 429 5665 ήθους
449 5596 700 5663 ἐχόμενος
716 5595 1079 5657 διδασκαλίας,
1094 5596 1185 5646 καί
1207 5592 1550 5653 πολλοὺςτῶν
1568 5592 1825 5661 ρὰπίστων

264 5687 397 5737 εῐσω
443 5686 539 5752 τῆς
574 5684 669 5735 τοῦ
714 5684 953 5754 Χριστοῦ
996 5686 1236 5750 σαγήνης
1286 5682 1619 5749 ποτούμενος.
1670 5682 1826 5733 Κατά

265 5778 396 5831 γοῦν
430 5778 529 5835 τὴν
576 5776 739 5828 νύκτα
775 5777 987 5828 ὲκείντνν
1041 5776 1211 5826 ὲίόκει
1263 5774 1521 5829 Νλζαςίω
1568 5777 1595 5822 +
1648 5774 1827 5827 υῆττβ

1849 4534 1900 4594 1)

1910 554 2035 607 dem
2072 551 2268 604 divites
2297 558 2353 604 ct
2382 548 2735 602 facultatibus
2763 551 3039 603 etvirtute
3073 568 3086 601 :
3119 549 3279 602 Petro
3300 558 3481 601 autem

1909 644 2250 702 institutore,
2287 641 2440 695 chori
2477 639 2872 708 discipulorum
2907 642 3175 710 principe.
3208 641 3318 694 Deo
3357 641 3484 694 red-

1908 737 2007 791 diti
2043 735 2216 804 magis
2243 734 2559 794 familiares.
2595 748 2848 802 aquaque
2880 745 2937 787 et
2980 738 3174 802 spiritu
3222 750 3484 787 consum-

1910 827 2066 881 mati.
2119 826 2321 879 Eurum
2386 826 2642 891 pietatem
2692 824 2833 876 Deus
2882 824 3049 877 veluti
3102 838 3483 883 remunerans,

1908 917 2183 987 quomodo
2230 916 2359 968 olim
2413 915 2645 969 Abrahae
2694 914 3147 982 h08pitalitatem,
3195 918 3273 968 eis
3332 913 3484 968 dedit

1909 1010 2080 1063 ﬁlium
2119 1008 2391 1062 haeredein
2438 1007 2598 1059 simul
2646 1008 2867 1061 virtutis
2900 1017 2954 1059 et
2987 1010 3280 1067 bonorum,
3309 1007 3483 1059 Naza-

1910 1102 2079 1157 rium.
2117 1101 2207 1154 llle
2241 1109 2448 1163 autem,
2480 1105 2737 1166 tanquam
2769 1114 2798 1152 a
2832 1101 2940 1153 Deo
2977 1100 3158 1159 datus,
3188 1113 3245 1151 se
3292 1112 3485 1149 rursus

1911 1200 2087 1245 tntum
2127 1188 2291 1242 tradit
2343 1188 2472 1241 Deo.
2499 1188 2564 1241 Et
2608 1189 2722 1255 ipse
2755 1189 2976 1253 quidem
3032 1188 3083 1240 in
3118 1188 3311 1252 divino,
3350 1187 3486 1238 ado-

1907 1292 2096 1352 ptatur
2148 1281 2476 1349 baptismate
2521 1296 2549 1333 a
2588 1280 2747 1341 Lino,
2796 1281 2888 1348 qui
2933 1289 3054 1333 crat
3113 1280 3285 1348 ipsius
3336 1279 3483 1332 Petri

1912 1374 2059 1429 sedis
2090 1383 2145 1429 et
2194 1375 2423 1427 virtutis
2467 1388 2774 1426 successor.
2815 1371 2951 1425 Cum
3001 1384 3185 1424 autem
3237 1372 3303 1424 ad
3363 1368 3484 1438 per~

1909 1467 2195 1521 fectiorcm
2255 1466 2598 1535 pervenisset
2629 1473 2867 1528 aetatem,
2906 1463 3290 1533 perfectiorem
3342 1480 3482 1530 quo-

1913 1574 2019 1627 que
2066 1561 2292 1628 gratiam
2335 1557 2715 1625 consequitur.
2761 1559 2875 1625 Ipse
2926 1556 3070 1610 enim
3107 1556 3271 1609 simul
3318 1572 3488 1621 auge-

1912 1650 2099 1713 batur,
2130 1661 2187 1703 et
2214 1650 2298 1703 sui
2350 1648 2659 1717 accipiebat
2708 1650 3132 1709 incrementum,
3166 1657 3221 1699 et
3260 1662 3489 1716 magnus

1911 1746 2032 1815 ejus
2080 1758 2234 1797 amor
2281 1727 2645 1797 in-Cliristum
2682 1741 3015 1796 reddebatur
3056 1743 3231 1811 major
3278 1753 3335 1795 et
3382 1742 3489 1795 fcr-

1845 1815 1881 1871 εί
1916 1836 2150 1890 ventior.

1988 1931 2052 1985 ll.
2102 1930 2239 1986 Cum
2297 1946 2424 1985 vero
2460 1932 2701 2000 pietatis,
2745 1947 2867 2000 qua:
2920 1938 3040 1985 erat
3080 1928 3136 1983 in
3201 1929 3338 1998 ipso,
3398 1928 3486 1982 fax

1914 2024 2074 2077 Valde
2130 2033 2273 2077 esset
2301 2022 2375 2089 [in
2432 2023 2603 2076 altum
2640 2022 2875 2085 sublata,
2931 2034 2985 2077 et
3028 2022 3226 2076 inultos
3255 2022 3321 2075 ad
3358 2037 3485 2075 cum

1914 2120 2159 2172 vocaret,
2214 2120 2269 2163 et
2327 2112 2595 2165 tumultus
2629 2122 2683 2165 et
2717 2112 3039 2165 continuum
3071 2128 3260 2166 eorum
3285 2114 3381 2181 qui
3417 2111 3487 2164 ad

1915 2202 2089 2271 ipsum
2148 2202 2483 2257 accedebant
2547 2202 2843 2257 adventum
2920 2205 3242 2267 declinans,
3296 2205 3491 2257 statuit

1913 2293 2143 2361 patriam
2178 2305 2234 2347 et
2271 2309 2401 2347 suos
2444 2296 2757 2363 relinquere
2788 2300 3151 2356 necessarius,
3188 2307 3241 2349 et
3276 2297 3488 2351 versari

1913 2384 1969 2437 in
1999 2385 2198 2447 aliena,
2235 2396 2292 2437 ut
2320 2395 2375 2439 et
2422 2402 2547 2439 cum
2580 2402 2665 2450 eo,
2702 2403 2866 2455 quem
2912 2388 3281 2450 desiderabat,
3339 2404 3491 2443 seor-

1914 2493 2036 2532 sum
2072 2480 2503 2549 colloqueretur,
2542 2490 2597 2535 et
2632 2482 2821 2537 multis
2847 2483 3169 2551 praedicaret
3206 2483 3488 2552 pietatem.

1914 2570 2051 2625 Cum
2098 2587 2228 2642 ergo
2275 2573 2673 2639 lia-reditatem,
2718 2591 2837 2643 quae
2877 2576 2946 2628 ad
2982 2590 3108 2628 eum
3159 2577 3491 2644 pertinebat,

1915 2665 2219 2732 accepisset
2262 2680 2291 2717 a
2321 2666 2666 2732 parentibus,
2703 2668 2983 2736 egreditur
3018 2684 3047 2722 e
3086 2668 3261 2734 patria
3296 2686 3310 2720 :
3343 2677 3398 2722 et
3428 2684 3495 2721 ex

1918 2770 2025 2809 una
2077 2756 2298 2810 civitate
2345 2758 2621 2811 transiens
2671 2759 2724 2811 in
2781 2759 2943 2813 aliam
2973 2760 3083 2827 ,ad
3137 2775 3496 2830 quoscunque

1915 2847 2258 2908 accessisset,
2293 2848 2359 2899 iis
2396 2862 2556 2917 Opem
2605 2849 2819 2905 ferebat
2861 2865 2927 2904 ex
2963 2852 3077 2905 suis
3118 2851 3492 2906 facultatibus.

1917 2940 2125 2993 Deinde
2158 2940 2327 2993 etiam
2359 2942 2441 2994 eis
2473 2942 2681 3010 majora
2716 2942 3126 3011 suppeditabat,
3171 2956 3229 2996 ut
3256 2944 3349 3012 qui
3399 2957 3497 2998 eos

1918 3032 2216 3087 deduceret
2279 3033 2347 3086 ad
2400 3049 2583 3087 veram
2642 3034 2929 3089 Trinitatis
2982 3037 3373 3105 cognitionem.
3430 3037 3498 3091 Et

1919 3139 2042 3177 cum
2080 3125 2319 3178 venisset
2370 3124 2723 3189 Placentiam,
2770 3136 2825 3179 et
2871 3126 3193 3181 accessisset
3234 3127 3498 3181 Mediola-

1922 3233 2071 3280 num,
2104 3218 2364 3272 convenit
2398 3217 2721 3273 Gervasium
2774 3229 2829 3273 et
2862 3219 3168 3273 Protasium
3209 3222 3358 3273 viros
3404 3220 3500 3273 ad-

1920 3306 2222 3369 mirabiles,
2258 3307 2351 3373 qui
2391 3307 2457 3359 ab
2497 3307 2665 3361 italia:
2717 3306 2938 3375 quidem
2976 3308 3205 3375 praeside
3258 3306 3498 3361 Anulino

1915 3397 2026 3466 jam
2076 3396 2294 3450 fuerant
2339 3398 2395 3452 in
2430 3412 2709 3451 carcerem
2749 3399 2943 3451 inclusi
2987 3408 3209 3467 propter
3239 3404 3393 3452 suam
3442 3399 3496 3452 in

1920 3488 2200 3542 Christum
2255 3488 2699 3554 confessionem;
2753 3490 2819 3543 iis
2876 3500 3082 3551 autem,
3124 3506 3244 3558 qua:
3300 3490 3496 3546 fiebant

1922 3590 2121 3647 praeter
2150 3584 2398 3634 omnium
2442 3582 2781 3649 opinionem,
2816 3590 2871 3633 et
2907 3581 3188 3634 miraculis
3231 3578 3493 3635 extende-

1922 3673 2121 3725 bantur
2158 3675 2297 3727 fama
2334 3673 2399 3726 ad
2440 3674 2698 3726 finitimas
2725 3674 2890 3725 etiam
2929 3675 3201 3740 regiones.

1994 3764 2080 3816 Ill.
2123 3764 2258 3817 Cum
2291 3780 2386 3818 eos
2420 3779 2549 3832 ergo
2584 3765 2803 3815 divinus
2836 3765 3184 3817 convenisset
3212 3764 3490 3829 anarius,

1926 3851 2048 3905 fidei
2083 3862 2139 3905 et
2165 3855 2385 3907 virtutis
2417 3854 2804 3908 communione
2838 3855 2919 3906 eis
2951 3855 3182 3907 eﬂcctus
3209 3854 3494 3910 familiaris

1927 3943 2301 4012 (ingeni-ratur
2334 3948 2478 3997 enim
2526 3944 2747 4011 quidam
2776 3960 2930 3996 amor
2963 3950 3014 3997 In
3056 3946 3123 3997 iis
3154 3948 3246 4013 qui
3280 3960 3492 3999 earum-

1907 4028 2045 4084 dem
2098 4049 2279 4085 rerum
2323 4049 2506 4085 amore
2547 4045 2828 4094 tenentur,
2880 4048 2986 4084 non
3027 4036 3209 4086 minus
3237 4051 3399 4102 quam
3441 4038 3495 4089 in

1924 4125 2371 4191 consanguineis)
2398 4138 2495 4175 eos
2529 4124 2739 4182 incitat.
2776 4132 2831 4174 et
2861 4123 2940 4176 eis
2968 4124 3207 4176 animum
3233 4126 3384 4177 addit
3430 4125 3496 4177 ad

1924 4218 2265 4285 martyrium,
2299 4224 2354 4267 et
2386 4214 2562 4265 reddit
2593 4214 2861 4266 acriorem
2891 4229 3085 4265 eorum
3132 4214 3185 4265 in
3218 4215 3495 4267 Christum

1921 4292 2184 4363 amorem.
2220 4305 2356 4358 Hinc
2388 4304 2601 4357 Nazarii
2632 4304 2773 4356 fama
2809 4304 2863 4355 in
2895 4319 3112 4356 omnem
3178 4317 3383 4371 partem
3414 4305 3498 4358 di—

1925 4421 2134 4475 spersa,
2169 4402 2414 4470 pervenit
2452 4400 2615 4454 etiam
2666 4414 2837 4468 usque
2873 4398 2938 4452 ad
2970 4400 3253 4467 praesidem
3307 4401 3498 4453 Anuli-

1926 4512 2079 4549 num.
2112 4496 2205 4548 llle
2239 4502 2418 4546 autem
2458 4506 2579 4545 cum
2626 4490 2743 4543 sisti
2789 4501 3033 4543 curasset
3084 4490 3400 4555 Nazarium,
3438 4496 3496 4544 fit

1927 4590 1977 4642 ei
2008 4596 2262 4654 tanquam
2317 4583 2693 4644 consiliarius,
2742 4589 2797 4634 et
2830 4582 3027 4635 suadet
3065 4597 3132 4635 ne
3159 4584 3229 4636 sit
3271 4583 3495 4652 impius.

1924 4694 2024 4733 nec
2068 4678 2215 4731 illius
2247 4675 2379 4729 deos
2413 4675 2627 4743 probris
2680 4673 2983 4726 insectetur
3032 4681 3088 4726 et
3125 4673 3492 4727 contumeliis.

1925 4770 2132 4824 Deinde
2196 4778 2485 4838 postquam
2538 4767 2797 4831 cognovit
2850 4773 3099 4818 sanctum
3160 4780 3224 4818 ne
3273 4765 3494 4833 dignum

1924 4865 2168 4934 quidem,
2225 4862 2368 4930 quod
2417 4860 2725 4922 audiretur,
2789 4869 2982 4927 putare
3016 4858 3306 4912 consilium
3342 4859 3495 4928 (quid

1923 4959 2070 5010 enim
2126 4963 2209 5007 est
2268 4952 2335 5006 ad
2390 4950 2610 5020 probris
2654 4948 3024 5017 appetendum
3072 4949 3274 5018 aptius,
3332 4966 3494 5017 quam

1927 5048 2096 5101 multa
2117 5059 2244 5113 qua
2266 5043 2524 5097 coluntur
2551 5040 2844 5094 simulacra
2883 5039 2926 5106 Ἰ)
2949 5040 3072 5109 ejus
3098 5039 3330 5093 maxillis
3354 5042 3499 5094 mula

1931 5144 2013 5189 tos
2039 5134 2292 5203 impingit
2315 5131 2665 5201 colaphos,et
2692 5138 2948 5197 tanquam
2977 5128 3197 5197 aliquod
3221 5126 3492 5197 piaculum

1925 5228 2010 5279 vir
2038 5223 2404 5280 exsecrandus
2434 5237 2562 5276 eum
2599 5237 2724 5275 cum
2756 5221 2961 5289 probro
2994 5229 3050 5273 et
3083 5221 3354 5274 dedecore
3398 5236 3491 5273 ex-

1927 5319 2135 5388 pellite
2163 5317 2402 5370 civitate.
2437 5315 2550 5368 lloc
2584 5324 2766 5366 autem
2820 5325 3085 5380 quantum
3135 5312 3308 5381 judici
3343 5313 3466 5366 vide

1928 5412 2089 5464 batur
2138 5422 2390 5476 magnum
2446 5406 2512 5458 ad
2573 5406 2903 5472 supplicium
2940 5444 2951 5466 ,
2991 5415 3202 5456 tantum
3264 5404 3480 5456 Nazarii

1928 5500 2296 5567 existimatum
2328 5505 2410 5549 est
2433 5494 2604 5562 majus
2623 5494 2689 5546 ad
2721 5493 3049 5546 beneficium
3082 5535 3097 5556 ,
3125 5493 3268 5559 quod
3298 5492 3487 5561 dignust

1930 5588 2149 5640 habitus
2180 5586 2251 5639 sit
2283 5587 2465 5653 plagas
2512 5583 2765 5649 accipere
2801 5594 3027 5650 propter
3054 5582 3335 5635 Chrisnum
3402 5581 3493 5646 qui

1932 5694 2032 5747 pro
2070 5678 2188 5745 ipso
2220 5690 2413 5745 passus
2440 5683 2541 5728 est.
2585 5674 2852 5741 Egressus
2882 5682 2964 5725 est
3010 5688 3140 5740 ergo
3168 5688 3275 5724 non
3306 5672 3493 5729 silens,

1933 5785 2108 5825 nciue
2155 5769 2391 5821 elinzuis
2442 5780 2503 5818 ac
2553 5777 2758 5819 mutus.
2811 5774 2863 5817 et
2916 5772 3064 5816 metu
3115 5765 3350 5818 vinctus.
3402 5760 3493 5813 sed
