4214 6444
770 322 881 386 898

1983 322 2368 386 ADDENDA.
2401 351 2468 362 --
2507 329 2820 391 JUNIUS.

3925 331 4032 393 sco

773 447 1008 505 pergens
1037 431 1237 488 docere
1264 441 1324 486 ut
1349 439 1739 498 consueverat,
1770 443 1828 486 et
1857 435 2062 488 multos
2104 436 2344 491 inﬁdeles

2455 440 2726 496 ἐπιστᾶσα
2777 445 3107 514 προτρέπειν
3158 445 3306 511 αὗτῷ
3349 446 3442 499 καὶ
3487 445 3586 506 τὰς
3641 446 3751 498 silv
3788 443 4031 499 Γαλλῶν

773 526 1047 582 inducens
1088 525 1232 579 intra
1265 523 1468 579 Cbristi
1508 539 1786 594 sagenam.
1823 526 1995 580 Porro
2031 536 2217 582 autem
2255 528 2346 582 illa

768 628 937 674 nocte
974 618 1091 672 visa
1120 624 1203 670 est
1236 625 1411 670 mater
1446 616 1688 670 Nazario
1717 618 1933 681 adesse,
1962 627 2020 672 et
2065 635 2191 672 eum
2222 619 2349 672 bor-

767 708 901 772 atari,
936 716 996 761 ut
1039 706 1223 759 obiret
1278 704 1466 760 Gallia:
1522 705 1795 769 civitates,
1843 715 1900 759 et
1935 707 1987 759 in
2031 707 2110 762 eis
2141 708 2349 776 iaceret

773 801 988 854 semina
1022 798 1294 860 veritatis,
1336 797 1432 851 llle
1455 808 1660 859 autem,
1690 806 1751 850 ut
1777 797 1827 851 ei
1862 813 1890 850 a
1929 809 2104 852 matre
2137 799 2346 854 dictum

770 892 974 958 fuerat,
1006 893 1157 947 venit
1187 890 1409 945 Meliam
1443 889 1547 962 (est
1583 899 1766 944 autem
1794 906 1857 944 ea
1895 907 2004 945 una
2039 892 2229 946 Gallia
2263 892 2347 946 ci-

769 983 962 1052 vitas),
986 991 1042 1037 et
1072 998 1288 1048 omnes,
1315 999 1457 1050 quos
1482 983 1850 1046 convenisset,
1886 983 2112 1037 deducit
2137 984 2208 1038 ad
2248 983 2346 1038 Dei

771 1076 1165 1147 cognitionem,
1190 1086 1246 1131 et
1277 1087 1464 1145 aperte
1491 1076 1751 1144 praedicat
1785 1077 2066 1144 pietatem.

843 1169 935 1224 ιν.
961 1170 1188 1224 Interim
1214 1179 1400 1224 autem
1428 1167 1497 1222 ad
1531 1184 1658 1222 eum
1700 1169 1913 1223 accedit
1939 1169 2145 1224 femina
2189 1185 2344 1240 qua-

762 1262 897 1315 dam
923 1263 1156 1316 illustris
1187 1270 1244 1316 et
1269 1277 1340 1316 ex
1364 1262 1561 1330 primis
1585 1261 1846 1327 civitatis,
1871 1262 2154 1318 adducens
2178 1279 2343 1334 quem

771 1353 1009 1410 habebat
1049 1353 1224 1408 filium
1271 1355 1494 1407 nomine
1529 1352 1794 1416 Celsium.
1846 1355 1958 1424 jam
2016 1367 2128 1409 tres
2171 1370 2347 1410 annos

771 1457 983 1507 natum.
1015 1458 1072 1502 et
1097 1448 1322 1517 deponit
1353 1449 1535 1514 ipsum
1575 1446 1629 1500 in
1656 1447 1778 1516 ejus
1810 1446 2066 1501 manibus
2094 1464 2109 1501 :
2141 1447 2346 1517 Seque-

763 1549 861 1592 tur
897 1549 948 1593 te
979 1540 1070 1593 hic
1109 1555 1265 1608 puer,
1315 1539 1526 1602 dicens,
1568 1539 1622 1592 in
1673 1540 1821 1592 omni
1849 1538 1959 1599 via,
2007 1539 2183 1594 donec
2229 1539 2344 1609 ipse

764 1646 987 1701 quoque
1013 1630 1215 1709 dignus
1243 1633 1500 1696 evaserit,
1543 1630 1635 1699 qui
1662 1630 1890 1684 sistatur
1915 1642 2042 1687 ante
2085 1633 2343 1686 thronum

771 1722 986 1777 Domini
1017 1721 1244 1776 Christi.
1286 1723 1351 1776 Et
1397 1722 1489 1775 illa
1522 1723 1749 1792 quidem
1784 1722 2037 1777 discedit.
2081 1723 2342 1778 Nazarius

768 1823 950 1867 autem
987 1813 1252 1866 infantem
1286 1813 1524 1868 libenter
1573 1813 1786 1880 accipit.
1834 1828 1996 1881 quem
2047 1829 2341 1884 propemo-

767 1902 896 1957 dum
930 1903 985 1957 in
1016 1905 1162 1958 ulnis
1193 1904 1642 1959 circumferebat.
1673 1903 1924 1975 Cumque
1951 1920 2144 1975 preces
2171 1906 2340 1962 dixis-

768 2003 853 2047 set
897 2004 1210 2058 consuetas,
1280 2009 1406 2048 eum
1461 2009 1559 2064 per
1616 1994 1949 2064 baptismum
2001 1995 2170 2051 edicit
2225 1997 2338 2050 Deo

767 2081 1095 2138 familiarem
1132 2103 1144 2137 :
1178 2085 1440 2153 quoniam
1500 2099 1604 2138 nec
1652 2085 1821 2138 alium
1868 2094 2097 2140 noverat
2145 2101 2340 2140 verum

766 2175 1055 2240 honorem,
1095 2176 1202 2229 nisi
1239 2191 1364 2229 cum
1398 2174 1508 2229 Deo
1538 2176 1986 2245 conjunctionem
2023 2184 2080 2232 et
2105 2176 2341 2231 familia-

765 2267 1006 2320 ritatem.
1041 2266 1130 2319 Sic
1149 2281 1288 2335 ergo
1308 2281 1369 2320 se
1393 2266 1602 2322 habens
1631 2267 1920 2330 Nazarius,
1953 2277 2010 2323 et
2039 2267 2335 2322 Galliarum

758 2358 1014 2413 civitates
1048 2358 1128 2410 sic
1163 2355 1412 2410 doctrina
1439 2356 1831 2424 complectens,
1857 2371 1926 2411 ne
1970 2358 2187 2411 illarum
2216 2358 2339 2427 qui-

761 2447 887 2502 dem
918 2449 1206 2517 prtesidem
1236 2449 1399 2500 latuit
1436 2446 1761 2502 Dinobaum.
1803 2449 1992 2518 Itaque
2031 2450 2336 2505 accersitus

763 2538 831 2592 ad
856 2553 1006 2598 eum.
1035 2539 1186 2591 venit
1219 2552 1345 2592 cum
1368 2551 1540 2605 puero
1562 2535 1748 2592 Cclsio
1779 2555 1794 2592 :
1831 2547 1885 2592 et
1911 2555 1941 2593 e
1967 2554 2076 2607 quo
2109 2540 2334 2607 quidem

761 2645 961 2700 genere
1000 2637 1144 2684 esset
1179 2638 1365 2691 natus,
1394 2628 1729 2697 quibusnam
1764 2638 1947 2682 autem
1990 2632 2334 2699 parentibus.

758 2732 819 2777 et
850 2722 1138 2792 cuiusnam
1187 2725 1264 2775 sit
1311 2721 1614 2790 religionis,
1671 2722 2018 2789 percontanti
2046 2721 2330 2777 Dinobao:

763 2815 878 2886 Ego
918 2813 1171 2883 quidem,
1199 2811 1399 2881 inquit,
1441 2827 1640 2881 genere
1671 2827 1792 2866 sum
1825 2811 2142 2877 Romanus;
2177 2812 2337 2869 Chri-

760 2907 994 2960 stianam
1017 2913 1206 2960 autem
1244 2917 1448 2971 sequor
1479 2903 1821 2973 religionem,
1865 2915 1921 2959 et
1953 2904 2127 2960 Deum
2163 2904 2328 2963 conli-~

2450 531 2756 600 περιελθεῖν
2805 534 3011 595 πόλεις.
3049 535 3145 587 καὶ
3193 534 3420 595 ταύταις
3471 537 3542 589 τὰ
3595 536 3895 606 σπέρματα
3932 536 4032 604 τῆς

2451 622 2712 690 ἀληθείας
2740 623 3116 679 ’καταϐαλεῖν.
3163 624 3223 678 '0
3250 625 3308 678 δέ
3355 627 3459 679 ὑπὸ
3488 629 3590 698 τῆς
3636 629 3850 698 μητρὸς
3881 628 4034 697 αὐτῷ

2449 716 2741 784 εἰρημένον
2771 717 2830 768 ἐν
2860 718 2924 786 τῇ
2950 716 3127 788 Μελίᾳ
3153 718 3333 786 (πόλις
3366 719 3420 772 δέ
3454 719 3591 789 αῦτη
3623 721 3736 773 τῶν
3761 721 4032 789 Felici”)

2448 809 2631 873 γίνενο
2644 825 2684 872 ι,
2716 808 2922 871 πάντας
2953 825 3012 861 τε
3034 803 3119 872 οἷς
3144 810 3212 864 ἂν
3243 811 3590 882 συνενεχθείη
3623 813 3764 883 πρὸς
3799 813 4034 879 θεοτνω-

2451 898 2572 952 σίαν
2599 900 2909 970 ιιαθοδηγεῐ,
2941 905 3036 955 καὶ
3080 902 3448 975 ἀνακηρύττει
3478 904 3692 976 τρανῶς
3733 907 3834 977 τὴν
3878 905 4033 958 εὐσέ-

2447 991 2620 1049 ϐειαν.

2518 1169 2594 1220 Δ⁹.
2640 1167 2731 1221 Ἐκ·
2769 1168 2947 1240 τούτῳ
2997 1170 3054 1224 δέ
3087 1170 3339 1242 πρόσεισί
3374 1189 3468 1236 ’τις
3520 1171 3673 1244 αὐτῷ
3723 1172 3867 1246 γυνὴ
3921 1173 4030 1226 τῶν

2447 1259 2726 1327 ἐπιφανῶν
2755 1277 2815 1312 τε
2864 1263 2958 1316 καὶ
3013 1262 3249 1333 πρώτων
3288 1265 3355 1335 τῇ
3386 1263 3562 1330 πόλει,
3592 1264 3652 1317 δν
3703 1261 3822 1334 εἶχε
3864 1265 4030 1318 παῖδα

2448 1351 2678 1404 Κέλσιον
2707 1353 3081 1423 προσάγουσα,
3121 1355 3307 1424 τρίτον
3337 1357 3458 1420 ετος
3486 1357 3588 1427 ήδη
3611 1358 3904 1423 γεγονότα,
3936 1358 4027 1409 καὶ

2445 1443 2567 1503 ταῖς
2600 1443 2766 1496 αὑτοῦ
2812 1446 2970 1514 χερσὶ
3017 1445 3414 1516 παρατίθεται,
3455 1446 3844 1514 ’Διιολουθήσει
3879 1464 3968 1500 σοι
3999 1448 4027 1498 ὸ

2449 1536 2578 1597 παῖς
2599 1528 2753 1596 οὗτος
2768 1537 2826 1587 ἐν
2840 1537 2991 1607 πάσῃ
3013 1537 3138 1606 ὀδῷ,
3161 1536 3414 1603 εἰποῦσα,
3438 1537 3545 1601 ῑως
3570 1537 3666 1592 καὶ
3685 1537 3854 1598 αὐτὸς
3875 1537 4024 1601 ἄξιος

2446 1626 2669 1698 γένηται
2706 1627 2785 1696 τῷ
2828 1629 2924 1682 τοῦ
2957 1631 3231 1683 Δεσπότου
3280 1631 3518 1701 Χριστοῦ
3559 1633 3734 1700 θρόνῳ
3788 1649 4025 1701 συμπα-

2449 1719 2734 1788 ραστῆναι.
2770 1721 2881 1774 Καὶ
2919 1722 2952 1790 ἡ
2985 1721 3087 1791 μὲν
3112 1723 3538 1776 ὰπςνλλάττεται·
3570 1724 3678 1776 δδέ
3717 1725 3896 1792 ἡδέως
3932 1724 4022 1776 τὸν

2444 1811 2611 1864 παῖδα
2626 1811 2842 1880 δέχεται
2871 1815 2966 1866 καὶ
2997 1813 3159 1882 μόνον
3184 1814 3282 1865 οὐκ
3307 1815 3401 1866 ἐπὶ
3423 1814 3532 1867 τῶν
3553 1813 3808 1880 ἀγκαλῶν
3834 1813 4023 1881 περιέ.

2444 1916 2627 1971 φερεν,
2677 1901 2843 1969 εὐχάς
2893 1918 2954 1955 τε
3000 1901 3149 1971 αὑτῷ
3180 1902 3278 1964 τὰς
3330 1902 3583 1972 συνήθεις
3625 1901 3872 1968 ἐπιλέγει
3928 1900 4022 1952 καὶ

2440 1991 2634 2044 οίκειοῖ
2681 1990 2800 2061 Θεῷ
2843 1991 2935 2045 διὰ
2983 1991 3078 2045 τοῦ
3128 1991 3488 2062 βαπτίματοςο
3517 1993 3640 2045 ἐπεὶ
3673 1991 3814 2061 μηδι
3849 1989 4020 2059 τιμὴν

2442 2082 2636 2152 ἑτέραν
2661 2083 2775 2153 ᾔδει
2803 2083 3063 2153 ἀληθινὴν
3082 2085 3162 2137 ὅτι
3195 2085 3270 2154 μὴ
3293 2085 3429 2153 πρὸς
3449 2083 3512 2138 τδ
3528 2083 3682 2135 Θεῖον
3709 2084 4016 2140 οίιιείωσιν.

2441 2173 2600 2225 Οῦτω
2633 2174 2925 2244 τοιγαροῦν
2953 2174 3094 2243 έχων
3126 2174 3402 2244 Ναζάριος
3448 2175 3544 2226 καὶ
3591 2173 3734 2226 οὕτω
3775 2173 3878 2234 τὰς
3907 2171 4016 2226 τῶν

2439 2264 2681 2317 Γαλλιῶν
2727 2265 2909 2327 πόλεις
2942 2268 3011 2337 τῇ
3051 2264 3373 2335 διδασκαλίᾳ
3407 2264 3860 2335 περιλαμϐάνων,
3897 2264 4015 2318 οὺδέ

2438 2356 2532 2410 τὸν
2569 2355 2803 2424 ἄρχοντα
2853 2355 3042 2409 τοῦτον
3094 2355 3378 2408 Δεινόϐαον
3417 2355 3696 2425 ἐλελήθει,
3727 2356 3869 2408 ἀλλὰ
3915 2370 4011 2423 με·

2436 2449 2760 2518 τάπεμπτός
2797 2465 2855 2500 τε
2887 2447 3035 2518 αὐτῷ
3060 2448 3198 2516 μετὰ
3236 2447 3331 2500 τοῦ
3364 2447 3550 2510 παιδὸς
3597 2448 3724 2518 ἥκει
3749 2445 4008 2508 Κελσίου.

2438 2542 2532 2594 καὶ
2561 2539 2676 2592 οἴου
2713 2540 2811 2607 μὲν
2838 2540 3030 2606 γένους
3069 2538 3199 2606 (eo,
3239 2538 3404 2590 τίνων
3450 2537 3510 2590 δέ
3553 2538 3830 2606 πατέρων,
3866 2534 4010 2596 τίνος

2431 2630 2492 2683 δὲ
2546 2629 2848 2699 θρησκείας
2900 2630 3019 2682 ἐστὶ
3072 2629 3465 2697 πυνθανομένῳ
3499 2626 3806 2695 Δεινοϐάῳ.
3849 2625 4008 2691 Ἐγὼ,

2433 2722 2564 2792 εφη,
2608 2722 2668 2775 τὸ
2725 2721 2824 2792 μὶν
2851 2721 3006 2789 γένος
3048 2721 3168 2790 είμὶ
3205 2720 3492 2788 Ῥωμαῖος,
3521 2717 3814 2788 πρεσϐεύω
3852 2718 3910 2771 δέ
3945 2717 4011 2769 τὰ

2442 2815 2804 2884 Χριστιανῶν,
2850 2814 2944 2868 καὶ
2984 2812 3116 2865 Θεὸν
3155 2810 3404 2882 ὁμολογῶ
3449 2812 3540 2864 τὸν
3570 2812 4010 2879 ἐσταυρωμένον.

2437 2909 2573 2963 Τότε
2617 2907 2836 2977 λέγεται
2873 2905 3010 2976 πρὸς
3036 2905 3206 2974 ὀργὴν
3237 2904 3522 2972 κινηθένια
3550 2901 3858 2962 Δεινόϐαον,
3892 2903 4015 2953 Δαιμ-

763 3006 881 3052 teor
901 3011 1050 3061 eum,
1097 2995 1192 3066 qui
1223 2994 1328 3049 fuit
1366 2995 1682 3050 crucifixus.
1733 2995 1888 3050 Tunc
1940 2998 2118 3052 fertur
2165 2999 2334 3054 Dino-

2447 3003 2622 3071 μόνιον
2644 3002 2811 3071 ἔχεις,
2849 2999 3036 3066 φάναι.
3065 2999 3136 3053 Ἦ
3166 2997 3217 3051 τί
3239 3012 3302 3066 γε
3330 2996 3460 3052 ἄλλο
3486 2996 3520 3066 ἡ
3549 2995 3789 3062 τοσαύτη
3830 2992 4013 3062 βούλε-

761 3090 919 3150 baus,
948 3088 1019 3142 ad
1059 3087 1195 3141 iram
1239 3098 1441 3152 motus,
1474 3088 1678 3142 dixisse
1715 3127 1728 3140 .
1763 3087 1943 3142 Habes
1982 3089 2329 3147 demonium.

2447 3095 2530 3147 ταί
2567 3111 2648 3146 σοι
2673 3092 2943 3162 sinapis;
2976 3092 3090 3144 οὐκ
3116 3089 3231 3143 ἐστι
3261 3106 3344 3142 σοι
3369 3089 3553 3157 πατήρ
3578 3103 3596 3152 ;
3620 3087 3718 3139 οὐκ
3753 3087 3873 3139 ἐστι
3903 3087 4008 3155 μή·

758 3181 898 3247 Quid
926 3181 1069 3234 enim
1106 3179 1256 3234 aliud
1293 3179 1399 3234 sibi
1437 3181 1632 3233 volunt
1666 3179 1750 3232 ha:
1791 3188 1956 3234 tantae
1986 3184 2188 3251 nugae?
2215 3183 2334 3238 Non

2447 3201 2579 3254 τηρς
2622 3186 2681 3238 '0
2718 3187 2798 3247 δέ,
2834 3185 2896 3238 El
2933 3183 3210 3252 δαιμόνιον
3254 3177 3421 3251 εἶχον,
3457 3176 3632 3243 εἶπεν,
3669 3179 3771 3232 οὐκ
3807 3177 3876 3232 ἂν
3917 3176 4012 3241 οὓς

757 3283 843 3328 εει
883 3273 983 3326 tibi
1031 3275 1221 3342 pater!
1269 3286 1379 3325 non
1422 3280 1508 3326 est
1536 3272 1633 3326 tibi
1665 3273 1887 3326 mater?
1931 3272 2026 3329 llle
2068 3290 2244 3332 vero:
2274 3268 2333 3333 Si

2447 3275 2621 3338 σέϐεις
2658 3275 2916 3343 δαίμονας
2950 3274 3015 3325 σὺ
3058 3271 3245 3337 αὐτδς,
3276 3269 3510 3342 ᾔσχυνον
3531 3269 3624 3323 καὶ
3652 3267 4012 3337 καθύϐριζαν.

758 3365 1088 3419 demonium
1143 3363 1426 3425 haberem,
1473 3362 1675 3432 inquit.
1737 3379 1846 3416 non
1887 3380 2028 3431 quos
2075 3375 2134 3419 tu
2171 3367 2331 3433 colis,

2447 3368 2545 3420 Καὶ
2583 3369 2611 3419 ὁ
2640 3365 2944 3427 Δεινόϐαος,
2974 3365 3047 3432 μὴ
3081 3361 3366 3432 κατασχὼν
3391 3362 3489 3433 τὴν
3515 3362 3734 3431 μανίαν,
3785 3360 3881 3414 τδν
3911 3363 4012 3431 μέν

759 3455 1037 3509 ύεπιοιιεδ
1063 3454 1370 3508 insectarer
1415 3453 1636 3522 probris
1675 3463 1732 3507 et
1764 3455 2132 3511 contumeliis.
2159 3457 2328 3512 Dino-

2447 3459 2600 3512 παῖδα
2636 3458 2869 3510 Κέλσιον
2898 3456 3006 3508 τῶν
3036 3456 3246 3508 ἐκείνου
3281 3453 3480 3525 χειρῶν
3511 3455 3843 3516 ἀποσπάσας
3873 3455 4012 3522 πλη-

760 3526 897 3601 ιιεύε
939 3553 1123 3598 autem
1172 3545 1418 3598 furorem
1465 3559 1574 3597 non
1628 3544 1814 3597 valens
1857 3546 2166 3607 continere,
2204 3561 2331 3601 cum

2447 3549 2560 3614 γατς
2590 3546 2870 3599 ἐπιϐάλλει
2909 3545 2972 3598 οὐ
3015 3550 3298 3614 φορηταῑς.
3346 3549 3374 3599 δ
3407 3550 3534 3610 παῖς
3565 3552 3684 3610 ταῖς
3724 3554 3893 3619 φρεσὶ
3922 3553 4015 3604 τὸν

757 3651 989 3705 puerum
1018 3635 1242 3705 quidem
1266 3634 1506 3688 Celsium
1536 3633 1893 3688 abstraxisset
1922 3649 1991 3689 ex
2033 3635 2184 3690 illius
2210 3651 2329 3690 ma-

2447 3637 2618 3689 πολιδν
2652 3637 2751 3706 τὴν
2800 3636 3036 3688 σύνεσιν·
3067 3630 3187 3689 εἶτα
3237 3636 3331 3689 καὶ
3364 3640 3430 3708 τῇ
3479 3639 3671 3708 εἱρκτῇ
3726 3640 4012 3708 ἐμϐάλλει,

757 3726 970 3790 uibus,
1023 3723 1386 3779 intolerandis
1437 3738 1562 3777 eum
1627 3725 1800 3794 plagis
1859 3724 2044 3791 allicit,
2112 3727 2331 3798 ingenio

2447 3727 2826 3797 ιαμιευὸμενος
2855 3729 2938 3790 sic
2973 3726 3072 3797 τὴν
3099 3727 3411 3796 ὑστεραίαν.
3449 3728 3515 3783 Ἦ
3537 3737 3645 3799 γὰρ
3667 3730 3839 3801 πολλὴ
3861 3732 4013 3802 ὡμό-

755 3833 894 3886 puer
938 3831 1088 3879 eum,
1119 3816 1214 3885 qui
1247 3824 1370 3870 erat
1399 3830 1570 3869 canus
1607 3816 1918 3884 prudentia.
1951 3817 2160 3873 Deinde
2198 3834 2325 3873 eum

2447 3836 2534 3890 της
2565 3819 2660 3872 καὶ
2704 3817 3072 3884 ἀπάνθρωπον
3122 3819 3244 3872 οὺδέ
3297 3820 3515 3888 ἡλικίας
3561 3822 3714 3891 αὐτῷ
3747 3825 4010 3888 τοιαύτης

755 3907 982 3974 coniicit
1005 3907 1060 3960 in
1089 3920 1394 3968 carcerem,
1428 3906 1483 3960 in
1532 3917 1859 3975 sequentem
1900 3906 2046 3960 diem
2078 3923 2204 3962 eum
2237 3925 2327 3965 re-

2447 3901 2583 3964 ίλεον
2612 3909 2806 3962 οὐδένα
2832 3908 3025 3972 ἐδίδου,
3067 3908 3208 3978 ὅπερ
3252 3908 3321 3962 ἄν
3363 3913 3457 3964 καὶ
3491 3911 3630 3982 πρὸς
3672 3913 3848 3980 ᾶλογα
3888 3913 4005 3977 ζῶα

753 4014 1002 4054 servans.
1061 3998 1252 4067 Magna
1303 3999 1452 4052 enim
1501 3999 1802 4054 crudelitas
1846 4007 1903 4053 et
1951 4000 2328 4058 inhumanitas

2447 4003 2524 4056 ιαὶ
2553 4000 2689 4070 πρὸς
2715 3997 2886 4068 νεαρὰ
2916 4000 3058 4067 φυτὰ
3092 3999 3475 4069 φιλάνθρωπος
3505 4001 3668 4054 πάθοι
3695 4002 3870 4073 ψυχὴ,
3909 4005 4005 4057 καὶ

753 4107 823 4146 ne
862 4093 1085 4145 tantula:
1114 4090 1338 4159 quidem
1363 4091 1540 4143 aetatis
1561 4090 1889 4143 movebatur
1918 4092 2322 4150 misericordia.

2447 4089 2641 4159 ρειδοῦς
2662 4090 2800 4144 αὐτὰ
2823 4088 3125 4152 ἀξιώσειεν.
3168 4089 3413 4161 ἐδέχετο
3441 4091 3540 4161 μὲν
3565 4090 3660 4146 οῦν
3697 4094 3799 4158 τὰς
3830 4096 4006 4149 ἀνυπε-

752 4181 908 4248 Quod
931 4182 1150 4252 quidem
1204 4181 1376 4234 etiam
1410 4180 1464 4233 in
1501 4180 1662 4234 bruta
1707 4183 2007 4238 animant’a
2058 4195 2116 4241 et
2154 4203 2325 4244 novas

2447 4182 2636 4244 ilotov;
2662 4180 2876 4251 πληγὰς
2915 4180 3004 4233 διὰ
3031 4181 3264 4250 Χριστὸν
3313 4182 3482 4251 ἡδέως
3508 4184 3537 4236 6
3574 4186 3702 4246 παῖς
3747 4186 4002 4250 ﬁdem.

755 4273 966 4341 plautas
1009 4273 1267 4327 elementi
1318 4280 1376 4327 et
1422 4271 1676 4343 benigna:
1700 4275 1954 4330 evenerit
1984 4279 2213 4346 anima;
2255 4297 2324 4337 ea

2447 4271 2583 4326 τοῦτο
2610 4272 2770 4341 μόνον
2795 4270 3124 4344 ψελλιζούσῃ
3143 4271 3365 4343 γλώσσῃ
3396 4272 3902 4344 ἐπιφθεγγόμενος,
3940 4275 4001 4328 ⁸0

754 4379 990 4433 namque
1025 4367 1210 4434 digna,
1238 4365 1448 4433 quibus
1479 4374 1754 4433 precatur.
1796 4369 2096 4424 censuerit.
2144 4369 2322 4442 Atque

2447 4362 2578 4429 Dsb;,
2607 4357 2653 4432 ᾧ
2685 4362 2797 4430 ἐγὼ
2842 4363 3111 4433 λατρεύω,
3149 4363 3312 4426 αὐτός
3363 4379 3422 4416 σε
3470 4366 3678 4434 κρινεῖ,
3719 4366 3958 4420 δικαστά
3983 4381 3997 4395 ·

756 4455 1137 4510 intolerabiles
1166 4455 1388 4524 quidem
1423 4455 1607 4524 plagas
1634 4464 1858 4526 propter
1879 4457 2160 4514 Christum
2186 4438 2324 4532 puer

2447 4458 2522 4510 ιαὶ
2560 4455 2915 4525 παρακνίζων
2956 4454 3054 4508 καὶ
3094 4455 3256 4518 αὐτὸς
3307 4456 3591 4510 Δεινόϐαον
3637 4457 3715 4527 τῷ
3759 4461 3888 4528 περὶ
3912 4460 4003 4514 τὸν

754 4548 989 4603 libenter
1024 4546 1334 4615 accipiebat
1357 4546 1593 4612 Celsius,
1621 4547 1967 4606 balbutiente
2001 4551 2188 4622 lingua
2217 4554 2323 4610 hoe

2447 4548 2662 4618 (ριστὸν
2681 4543 2857 4616 πόθῳ,
2891 4545 3142 4617 καθάπερ
3186 4546 3366 4616 πολλῷ
3412 4547 3678 4618 πρότερον
3711 4547 4000 4613 Ἰουδαίους

752 4641 930 4694 solum
959 4639 1185 4693 dicens:
1219 4639 1386 4701 Deus.
1415 4638 1502 4692 cui
1553 4654 1654 4710 ego
1677 4640 1882 4704 servio,
1925 4641 2043 4712 ipse
2085 4654 2138 4699 te
2178 4646 2326 4717 judl-

2447 4645 2457 4696 ί
2497 4641 2606 4695 τῶν
2657 4639 2859 4709 ἡλίκων
2903 4636 3107 4692 παίδων
3140 4637 3321 4707 χορὸς,
3380 4638 3680 4708 ὑμνοῦντες
3721 4639 3816 4693 τὸν
3863 4643 4000 4711 ἐμὸν

751 4732 934 4796 eabit,
998 4746 1033 4785 ο
1073 4732 1262 4800 judex.
1316 4731 1542 4784 irritans
1600 4731 1716 4800 ipse
1759 4748 1979 4803 quoque
2018 4733 2322 4792 Dinobaum

2447 4733 2673 4806 Ἰησοῦν,
2698 4732 2795 4787 καὶ
2817 4725 2967 4785 αῐνον
3004 4730 3154 4802 αὐτῷ
3175 4731 3620 4801 καταρτίζοντες.

755 4833 981 4894 propter
1008 4837 1168 4878 suum
1201 4821 1254 4876 in
1296 4821 1573 4877 Christum
1624 4823 1985 4892 desiderium,
2036 4827 2178 4884 sicut
2206 4829 2310 4885 diu
2353 4838 2482 4886 ante
2523 4825 2743 4883 Judzos
2791 4823 3085 4895 equalium
3137 4837 3435 4892 puerorum
3513 4822 3740 4886 chorus.
3810 4840 3997 4882 meum

751 4915 939 4969 .Iesum
991 4913 1207 4984 hymnis
1258 4913 1610 4969 celebrantes
1669 4924 1726 4969 et
1791 4915 2011 4972 laudem
2060 4919 2109 4974 ei
2176 4921 2544 4990 perﬁcientes.

823 5004 890 5057 ν.
929 5003 1189 5071 Quaedam
1227 5012 1410 5058 autem
1449 5004 1679 5075 insignis
1722 5007 1950 5075 femina,
1972 5010 2196 5066 nomine
2234 5012 2325 5067 Di-

2493 5010 2568 5066 E'.
2591 5009 2734 5080 Γυνὴ
2751 5009 2808 5064 δέ
2829 5026 2913 5072 τις
2933 5007 3044 5063 τῶν
3073 5007 3468 5079 περιϐλέπτων,
3484 5007 3660 5077 δνομα
3681 5010 3996 5080 Δεικμὲδα.

753 5095 1013 5163 nomeda,
1046 5096 1286 5152 consulit
1308 5096 1524 5168 conjugi
1558 5098 1814 5163 Dinobal.
1845 5110 1906 5156 ut
1931 5101 2169 5158 suadeat
2208 5117 2324 5158 ma-

2447 5103 2780 5174 τυμιευλεύει
2807 5103 2874 5171 τῇ
2903 5099 3172 5171 Διινοϐάῳ
3204 5096 3385 5154 οἶκτον
3421 5100 3518 5172 τῆς
3540 5100 3636 5153 τοῦ
3662 5101 3859 5164 «παιδὸς
3885 5102 3999 5173 ﬁlio

752 5190 880 5252 rito,
910 5197 972 5243 ut
998 5197 1284 5242 moveatur
1303 5189 1675 5245 misericordia
1722 5193 1881 5261 pueri
1932 5193 2131 5258 atatis,
2163 5203 2219 5249 et
2244 5194 2324 5248 si-

2447 5194 2546 5256 ιίας
2574 5194 2671 5246 καὶ
2699 5191 2865 5246 αὐτοῦ
2901 5192 3180 5261 Ναζερίου
3207 5192 3413 5254 λαϐεῖν.
3441 5192 3535 5247 ιιαὶ
3563 5191 3682 5262 ἅμα
3711 5193 3770 5246 δέ
3814 5193 4001 5256 Nau-

754 5282 870 5335 mul
917 5281 1084 5337 etiam
1144 5280 1391 5336 absolvat
1451 5280 1765 5338 Nasarium.
1819 5283 1915 5338 Illa
1970 5292 2152 5338 autem
2207 5284 2324 5338 bac

2447 5301 2542 5336 ιιον
2563 5283 2849 5337 ἀπολῦσαι.
2868 5283 2933 5336 Ἡ
2954 5283 3010 5336 δέ
3034 5283 3113 5353 τῷ
3135 5283 3289 5352 ἀνδρί
3313 5299 3369 5335 τε
3391 5281 3566 5336 ταῦτα
3583 5283 3995 5350 κοινολογεῐται,

756 5385 951 5427 marito
999 5371 1392 5435 communicat,
1440 5372 1715 5441 quomodo
1766 5373 1896 5427 olim
1944 5389 2085 5429 uxor
2127 5375 2322 5430 Pilato.

2447 5369 2513 5446 μίᾲ
2537 5376 2684 5442 ξποτε
2717 5377 2857 5443 τάχα
2895 5377 2929 5443 ἡ
2960 5373 3175 5444 γαμετὴ
3221 5373 3299 5443 τῷ
3326 5374 3567 5443 Πιλάτῳ,
3597 5375 3691 5427 καὶ
3737 5376 3802 5444 τῇ
3845 5376 3998 5426 ὑστε-

753 5461 1027 5516 Postridie
1063 5464 1246 5530 itaque
1281 5476 1404 5516 cum
1434 5463 1619 5517 sedem
1649 5464 2003 5534 judiciariam
2041 5467 2323 5523 ascendis-

2447 5467 2562 5534 ιαίᾳ
2587 5467 2680 5519 ἐπὶ
2719 5467 2810 5519 τὸν
2852 5467 3173 5518 δικαστικὸν
3214 5465 3401 5536 θρόνον
3452 5465 3658 5526 ἀναϐὰς
3709 5464 3994 5524 Δεινὸϐαος

750 5559 838 5605 set
897 5551 1194 5616 Dinobaus,
1229 5564 1283 5605 et
1320 5552 1637 5608 adduxisset
1683 5555 2004 5620 Nazarium,
2058 5557 2323 5611 suadebat

2447 5556 2522 5608 ιδν
2555 5555 2826 5625 Ναζάριόν
2871 5573 2932 5609 τε
2981 5555 3203 5623 ἀγαγὼν
3231 5557 3466 5627 παρῄνει
3509 5556 3584 5617 ὡς
3632 5549 3746 5607 οἶόν
3772 5571 3830 5606 τε
3880 5570 3996 5606 συν-

749 5658 852 5711 pro
904 5643 1138 5704 viribus.
1194 5656 1254 5699 ut
1301 5647 1663 5700 assentiretur
1710 5647 2002 5717 impietati.
2059 5649 2137 5703 Ne
2195 5665 2318 5703 eum

2447 5646 2616 5698 Ιέσθαι
2636 5650 2702 5717 τῇ
2727 5646 2976 5716 ἀσεϐείᾳ.
3002 5645 3266 5710 Κολάζειν
3287 5649 3396 5716 γὰρ
3421 5647 3560 5708 τέως
3576 5646 3743 5699 αὐτὸν
3761 5646 3992 5698 ἐκώλυον

749 5732 897 5786 enini
953 5745 1085 5788 tunc
1118 5734 1361 5804 puniret,
1397 5736 1770 5804 prohibebant
1803 5739 1992 5792 uxoris
2017 5741 2316 5793 suasione-3.

2447 5737 2484 5789 ιί
2517 5737 2864 5805 παραινέσεις
2899 5737 2994 5805 τῆς
3028 5737 3303 5803 γυναικός.
3356 5736 3510 5789 Ἐπεὶ
3553 5736 3608 5789 δέ
3646 5736 3860 5789 πείθειν
3901 5736 3990 5788 οὐκ
