4214 6444
192 406 297 471 901

1223 403 1397 464 νιΤΑ
1439 402 1495 464 S.
1541 398 1858 462 NAZARII
1886 398 1980 458 ET
2016 398 2428 459 SOCIORUM.

3357 394 3464 459 902

194 519 339 588 εἶχε,
368 518 465 589 τῆς
497 517 705 580 πόλεως
733 515 1028 573 ἀπελαύνει
1058 515 1151 570 τὸν
1192 516 1390 588 ἄνδρας
1426 518 1613 589 πράως
1644 515 1787 568 οὑτω

1891 509 2186 580 Postquam
2216 522 2400 566 autem
2434 528 2542 565 non
2590 522 2766 580 pomn
2796 504 3150 577 persuadere,
3210 521 3337 562 eum
3386 522 3482 561 ex-

199 610 340 680 πρὸς
388 609 550 663 αὑτὸν
580 608 979 681 φθεγξάμενος·
1012 612 1075 662 Ai
1104 608 1205 677 τῆς
1237 609 1471 677 συζύγου
1512 626 1613 678 μου
1645 624 1785 676 συμ-

203 702 411 756 multa:
437 706 617 773 πάσης
647 704 929 774 ιλεύθερον
953 705 1146 771 ἀφιᾶσι
1175 721 1232 757 σε
1259 704 1555 773 τιμωρίας.
1583 706 1782 757 Ἀπει-

203 812 287 847 σιν
323 793 416 846 οὖν
450 796 659 847 ἐκεῖθεν
684 796 961 865 Ναζάριος
990 795 1141 865 παρὰ
1164 796 1263 865 τὴν
1294 796 1513 864 γείτονα
1547 793 1783 863 Τίμερον

204 888 343 954 μετὰ
375 886 467 938 τοῦ
513 887 698 947 παιδὸς
755 888 1013 940 Κελσίου·
1046 886 1199 948 πόλις
1226 886 1281 938 δὲ
1312 887 1343 955 ἡ
1380 886 1612 954 Τίμερος
1646 884 1785 952 αὕτη

204 985 295 1031 καὶ
352 980 458 1032 τῶν
513 980 819 1050 προσοίκων
869 983 933 1050 τῇ
988 980 1185 1047 Μελίᾳ.
1244 979 1382 1047 Παρ⁹
1420 978 1555 1046 αὐτῇ
1605 976 1785 1027 τοίνυν

199 1074 423 1144 διῃτᾶτο
459 1074 579 1134 ταῖς
612 1074 739 1142 περὶ
780 1072 915 1125 Θεοῦ
949 1074 1040 1125 καὶ
1067 1072 1240 1133 θείαις
1268 1070 1501 1130 ἐκείναις
1527 1068 1787 1121 διδασκα-

201 1164 346 1225 λίαις
382 1164 478 1233 τὴν
512 1165 603 1216 τοῦ
636 1163 876 1235 Χριστοῦ
912 1165 1148 1232 ποίμνην
1179 1160 1358 1225 αὔξων
1388 1162 1481 1212 καὶ
1510 1158 1636 1221 τοὺς
1664 1158 1790 1211 πολ-

201 1256 330 1317 λοὺς
365 1255 498 1321 πρὸς
524 1254 819 1321 ἐπίγνωσιν
851 1254 1209 1321 ἑπαγόμενος.
1239 1252 1353 1303 Οὐκ
1380 1250 1542 1319 ἔφερε
1573 1250 1629 1302 δὲ
1657 1250 1789 1303 πάν-

208 1363 314 1406 τως
346 1348 373 1397 ό
404 1347 502 1414 τὴν
535 1345 833 1413 βασκανίαν
864 1344 1070 1395 ὠδίνων
1100 1342 1344 1403 διάόολος
1371 1344 1436 1393 τὰ
1464 1340 1557 1393 τοῦ
1608 1341 1789 1411 πράγο

204 1453 377 1504 ματος
412 1438 604 1503 ἔχοντα
630 1434 824 1497 οὕτως.
862 1434 983 1497 Πῶς
1015 1436 1120 1505 γάρ
1146 1475 1159 1497 ,
1200 1436 1248 1485 εί
1277 1433 1524 1495 διάϐολος
1553 1427 1618 1499 ἦν
1645 1434 1787 1484 ἐκεῖ·

201 1547 288 1588 νος
316 1531 404 1580 καὶ
427 1529 520 1580 ἀπ’
543 1530 715 1597 ἀρχῆς
739 1530 847 1587 τοῖς
870 1528 1093 1594 ἀγαθοῖς
1121 1526 1493 1592 ἀντικείμενος
1522 1542 1535 1589 ;
1568 1525 1785 1592 Ἀμέλει

202 1624 297 1673 καὶ
352 1623 445 1672 τὸν
495 1622 733 1690 ἄρχοντα
788 1620 887 1689 τῆς
943 1619 1151 1680 πόλεως
1193 1615 1441 1670 ὑπελθὼν
1493 1616 1671 1667 πείθει
1722 1614 1793 1667 τὰ

202 1717 337 1784 περὶ
370 1715 648 1784 Ναζσρίου
687 1716 902 1783 Νέρωνι
928 1714 1005 1782 τῷ
1042 1713 1251 1783 βασιλεῖ
1287 1712 1540 1782 μηνῦσαι.
1581 1711 1670 1774 Ὠς
1698 1709 1790 1762 οὖν

201 1812 402 1880 ἐκείνῳ
453 1811 520 1863 τά
578 1812 705 1881 περὶ
755 1808 848 1863 τοῦ
898 1809 1093 1877 ἀνδρὸς
1126 1808 1453 1878 ἐγνωρίσθη,
1486 1806 1791 1875 γράμματα

1892 602 2048 671 pellit
2080 618 2110 656 e
2139 604 2386 666 civitate,
2420 604 2501 656 sic
2530 617 2656 655 eum
2684 598 2897 670 placide
2925 601 3197 653 allocutus
3229 614 3242 651 :
3275 598 3469 654 Uxoris

1892 710 2027 748 mea
2062 695 2292 747 consilia
2329 703 2381 747 te
2430 694 2667 746 liberum
2715 693 3002 746 dimittunt
3040 693 3107 744 ab
3142 692 3289 743 omni
3338 706 3463 743 cru-

1892 787 2061 842 ciatu.
2091 787 2245 840 Illinc
2274 802 2405 855 ergo
2443 788 2556 841 abit
2587 786 2849 840 Nazarius
2883 787 2938 839 in
2972 787 3205 839 vicinam
3265 785 3461 838 Teme-

1895 896 2015 933 rum
2055 897 2178 934 cum
2216 896 2389 949 puero
2436 880 2646 933 Celsio.
2693 879 2788 932 Est
2838 888 3019 933 autem
3073 877 3187 931 haec
3220 880 3349 929 urbs
3379 876 3483 931 Te-

1896 986 2081 1025 merus
2111 971 2422 1039 propinqua
2450 970 2640 1023 Melize.
2698 968 2756 1022 ln
2788 984 2851 1022 ea
2900 983 3031 1037 ergo
3064 968 3228 1019 vitam
3263 966 3482 1035 agebat,

1897 1062 2105 1118 divinis
2151 1064 2270 1116 suis
2310 1062 2582 1116 doctrinis
2637 1076 2844 1131 augens
2890 1074 3109 1129 gregem
3149 1058 3381 1116 Chrisu.
3436 1067 3491 1110 et

1897 1155 2099 1210 multos
2130 1155 2399 1210 inducens
2429 1156 2493 1209 ad
2526 1155 2882 1225 agnitionem.
2914 1153 3034 1207 Non
3067 1154 3276 1207 femini!
3301 1162 3484 1205 autem

1897 1248 2143 1309 omnino,
2178 1248 2271 1316 qui
2305 1249 2566 1301 invidiam
2600 1249 2958 1316 parturiebat,
2998 1246 3251 1299 diabolus
3286 1260 3375 1297 res
3410 1245 3484 1296 ita

1899 1354 1956 1393 se
1998 1340 2284 1394 habentes.
2323 1343 2611 1406 Quomodo
2638 1342 2806 1402 enim,
2848 1342 2891 1395 si
2931 1342 3017 1393 ille
3058 1349 3177 1393 erat
3206 1327 3481 1401 diabolus,

1902 1442 1955 1487 et
1980 1434 2073 1501 qui
2108 1435 2178 1486 ab
2203 1434 2361 1487 initio
2393 1434 2553 1487 b0nis
2582 1434 3014 1488 adversabatur”!
3048 1434 3269 1485 Blandis
3298 1433 3481 1499 itaque

1902 1526 2088 1577 verbis
2120 1526 2443 1595 aggrediens
2468 1526 2750 1593 praesidem
2780 1525 3043 1588 civitatis,
3076 1523 3389 1590 persuadet,
3425 1528 3486 1574 ut

1902 1614 2106 1667 Nx-roni
2141 1617 2458 1683 imperatori
2506 1615 2776 1684 signiﬁcet
2808 1617 2874 1668 de
2906 1616 3155 1669 Nazario.
3185 1613 3320 1668 Cum
3350 1630 3481 1683 ergo

1903 1706 1970 1759 de
2000 1708 2234 1760 Nazario
2260 1711 2307 1761 ei
2339 1720 2483 1763 esset
2509 1712 2899 1777 signiﬁcatum.
2928 1711 3105 1762 missa:
3128 1718 3255 1761 sunt
3282 1710 3478 1761 littera:

1903 1818 1999 1869 per
2033 1803 2347 1855 universam
2404 1804 2549 1855 illam
2599 1805 2900 1872 regionem,
2948 1801 3207 1870 jubentes
3262 1815 3479 1854 summo

200 1902 345 1953 κατὰ
409 1903 583 1970 πάσης
626 1902 816 1969 ἐφοίτα
871 1901 969 1970 τῆς
1025 1901 1264 1969 ὑπηκόου
1318 1900 1596 1970 Ναζάριον
1632 1903 1788 1968 ἐρευ-

1893 1895 2074 1948 studio
2102 1897 2274 1964 quaeri
2311 1896 2627 1955 Nazarium,
2658 1906 2712 1949 et
2741 1911 2887 1960 eum,
2914 1896 3008 1965 qui
3044 1897 3368 1961 invenisset,
3410 1894 3479 1949 ad

202 1994 400 2046 visJat
440 1995 576 2045 κατᾶ
620 1994 857 2063 σπουδὴν
889 1994 1275 2063 ἐπιτρέποντα,
1312 1993 1405 2045 καὶ
1438 1994 1527 2045 τὸν
1558 1993 1788 2061 εὑρόντα

200 2103 266 2152 γε
306 2085 378 2147 ὼς
416 2088 575 2139 αὑτὸν
616 2088 794 2154 ἄγειν.

280 2177 369 2240 ς’.
410 2175 562 2228 Ἐπεὶ
601 2176 655 2228 δὲ
684 2176 1027 2247 κρύπτεσθαι
1069 2178 1159 2231 τὸν
1190 2179 1357 2247 ἄνδρα
1384 2181 1481 2231 οὑκ
1514 2175 1580 2251 ἦν
1609 2173 1695 2232 οἷα
1732 2183 1790 2233 ἐν

199 2268 283 2337 τῷ
321 2270 609 2338 περιφανεῖ
634 2270 730 2338 τῆς
767 2270 968 2338 ἀρετῆς
1006 2270 1217 2323 ἑστῶτα
1242 2272 1333 2324 καὶ
1370 2272 1459 2324 ὑπ’
1494 2272 1663 2340 αὐτῆς
1697 2291 1790 2341 με-

201 2359 357 2427 γάλῳ
396 2361 626 2428 στόματι
672 2362 1101 2433 κηρυττόμενον,
1144 2365 1279 2433 ταχὺ
1330 2368 1441 2427 τοῖς
1494 2366 1788 2434 ἐρευνῶσιν

200 2452 539 2521 εὑρίσκεται.
576 2455 636 2505 Οἱ
664 2454 741 2519 δὲ,
802 2455 925 2507 ἐπεὶ
969 2454 1125 2525 δῆλος
1179 2457 1361 2519 αὑτοῖς
1395 2457 1640 2524 γέγονεν,
1683 2458 1786 2527 ἤδη

200 2546 485 2614 χαίροντες
510 2546 767 2615 χαίροντα
784 2547 998 2616 Νέρωνι
1022 2549 1420 2618 παριστῶσι.Τί
1438 2546 1530 2604 οὖν
1549 2553 1750 2615 ἐκεῖνος
1772 2567 1784 2615 ;

202 2636 331 2689 Τῶν
388 2638 769 2707 κολαστηρίων
830 2638 977 2711 αὑτῷ
1036 2643 1418 2711 προκειμένων
1473 2644 1788 2706 κολακείαις

204 2731 485 2799 ὑπήρχετο
516 2730 607 2783 τὸν
640 2732 939 2801 Ναζάριον,
972 2734 1060 2785 ἴνα
1086 2738 1197 2797 τοῖς
1236 2735 1335 2803 μὲν
1365 2735 1549 2801 φόϐον,
1580 2736 1697 2798 ταῖς
1730 2736 1785 2788 δὲ

206 2822 478 2893 μαλακίαν
508 2822 682 2885 ἐνθεὶς
713 2825 894 2877 πείσοι
930 2826 1066 2895 πρὸς
1100 2824 1161 2877 τὸ
1195 2826 1360 2879 αὑτοῦ
1404 2826 1655 2895 βούλημα
1692 2846 1784 2895 με·

207 2914 497 2967 ταθὲσθαι.
539 2914 817 2986 Ναζάριος
850 2916 989 2969 δὲτὸ
1029 2918 1289 2987 παράπαν
1326 2919 1656 2987 ὰμετὰθετος
1695 2915 1785 2989 ἦν,

202 3004 397 3071 ὥσπερ
431 3004 534 3057 ὑπὸ
562 3006 765 3059 τούτων
798 3006 1001 3074 μᾶλλον
1032 3009 1169 3077 πρὸς
1188 3010 1287 3077 τὴν
1324 3012 1634 3080 μαρτυρίαν
1669 3028 1789 3063 στο-

208 3095 503 3165 μούμενος,
535 3097 593 3149 οὑ
620 3099 1012 3168 χαυνούμενος,
1038 3100 1133 3152 καὶ⁵
1156 3100 1244 3153 διὰ
1273 3101 1426 3153 τοῦτο
1452 3104 1546 3154 καὶ
1578 3103 1783 3156 πλείονι

203 3186 274 3254 τῇ
322 3185 571 3238 ὲνστάσει
626 3188 927 3257 χρώμενος.
982 3188 1173 3257 Νέρων
1214 3188 1308 3243 οὖν
1351 3192 1449 3243 οὑκ
1494 3192 1632 3260 ἔχων
1670 3194 1697 3245 ὃ
1728 3210 1780 3244 τι

1895 1989 2072 2056 ipsum
2102 1992 2306 2043 ducere

1968 2172 2051 2224 γι.
2089 2171 2224 2225 Cum
2259 2181 2442 2226 autem
2494 2174 2538 2224 is
2581 2174 2752 2225 latere
2797 2186 2905 2223 non
2944 2182 3147 2237 posset,
3201 2182 3258 2225 ut
3288 2188 3379 2239 qui
3424 2172 3477 2226 in

1890 2263 2093 2316 illustri
2128 2275 2295 2318 staret
2341 2266 2461 2317 loco
2493 2266 2732 2326 virtutis,
2767 2273 2824 2316 et
2864 2279 3059 2332 magno
3104 2280 3198 2317 ore
3244 2267 3311 2319 ab
3364 2268 3479 2336 ipsa

1891 2358 2317 2424 prtedicaretur.
2370 2360 2479 2412 cito
2522 2360 2801 2411 invenitur
2854 2357 2922 2409 ab
2974 2358 3061 2419 iis,
3122 2359 3213 2424 qui
3267 2371 3478 2413 scruta-

1894 2449 2115 2500 bantur.
2159 2449 2239 2502 Illi
2269 2463 2475 2511 autem,
2506 2466 2630 2503 cuin
2667 2450 2713 2502 is
2750 2451 2857 2518 jam
2893 2450 2973 2502 eis
3008 2453 3273 2505 evasisset
3304 2454 3479 2507 maui-

1892 2540 2090 2603 festus,
2124 2542 2232 2595 lati
2264 2543 2449 2595 laetum
2476 2544 2677 2595 sistunt
2698 2553 2825 2595 ante
2854 2541 3150 2596 Neronem.
3178 2544 3317 2608 Quid
3344 2561 3477 2615 ergo

1891 2632 2023 2687 ille?
2059 2636 2365 2704 PrOpositis
2400 2636 2450 2689 ei
2501 2637 2814 2699 tormentis,
2871 2638 3337 2691 asscntationibus
3383 2654 3476 2707 ag-

1890 2738 2115 2790 gressus
2148 2736 2231 2777 est
2262 2726 2580 2786 Nazarium,
2618 2736 2679 2778 ut
2709 2742 2835 2779 cum
2869 2728 2977 2780 illis
3019 2728 3243 2796 quidem
3281 2730 3329 2783 ei
3367 2740 3474 2784 ter—

1890 2827 2071 2866 rorem
2114 2816 2410 2880 attulisset,
2453 2817 2539 2869 his
2585 2826 2768 2870 autem
2796 2831 2923 2869 eum
2967 2818 3312 2881 emolliisset,
3351 2834 3476 2887 per-

1888 2906 2144 2959 suaderet
2169 2908 2238 2968 ei,
2275 2917 2333 2959 ut
2368 2908 2631 2961 transiret
2662 2908 2729 2962 ad
2774 2923 2927 2961 suam
2968 2911 3329 2966 voluntatem.
3366 2913 3475 2967 Na-

1887 2984 2069 3050 zarius
2124 3014 2256 3051 vero
2313 3011 2431 3051 erat
2492 3002 2721 3052 omnino
2780 3000 3100 3065 immobilis,
3136 3012 3195 3056 ut
3248 3005 3339 3070 qui
3403 3005 3472 3059 ab

1885 3088 1973 3141 bis
2036 3091 2101 3141 ad
2168 3092 2494 3159 martyrium
2549 3094 2718 3158 magis
2765 3104 3079 3155 acueretur,
3111 3110 3220 3147 non
3285 3105 3469 3151 autem

1886 3182 2249 3235 emolliretur.
2285 3183 2352 3235 Et
2406 3184 2529 3237 ideo
2574 3185 2766 3254 majori
2831 3188 3085 3241 utebatur
3139 3191 3466 3245 constantia.

202 3240 447 3348 δράσειε,
487 3240 699 3350 φυλακῇ
734 3240 999 3345 τίως’τὸν
1053 3240 1220 3353 άνδρα
1260 3285 1396 3351 μετὰ
1446 3240 1554 3339 τοῖς
1596 3286 1780 3349 παιδὸς

1891 3272 2025 3324 Cum
2065 3274 2307 3326 nesciret
2359 3289 2489 3340 ergo
2537 3276 2679 3329 Nero
2714 3278 2846 3345 quid
2905 3291 3113 3348 ageret,
3163 3291 3293 3335 tunc
3342 3299 3467 3337 eum

202 3372 410 3426 δίδωσι.
452 3373 634 3442 Βραχὺ
663 3374 723 3426 τὸ
765 3377 820 3426 ἑν
865 3376 1036 3443 μέσῳ,
1090 3376 1183 3427 καὶ
1230 3377 1455 3445 Νέρωνα
1493 3379 1594 3447 μὲν
1624 3380 1783 3431 πάλιν

202 3463 233 3514 6
254 3462 568 3527 δικαστικός
596 3458 709 3535 εἶχε
733 3466 948 3534 θρόνος,
972 3464 1244 3535 Ναζὰριος
1276 3467 1330 3518 δὲ
1360 3471 1615 3537 είσήγετο
1646 3471 1782 3537 μετά

202 3552 304 3606 τοῦ
344 3555 535 3617 παιδός
562 3572 575 3586 ·
608 3557 704 3609 καὶ⁸
743 3557 906 3609 πάλιν
947 3557 1147 3625 ὁμοίως
1185 3558 1279 3609 νῦν
1321 3560 1419 3627 μὲν
1451 3561 1615 3622 πολὺς
1657 3558 1724 3630 ἦν
1756 3566 1783 3614 ό

202 3646 398 3717 Νέρων
427 3650 546 3710 ταῖς
586 3648 862 3709 ἀπειλαῖς,
900 3646 992 3699 νῦν
1035 3647 1090 3700 δὲ
1129 3650 1251 3709 ταῖς
1297 3650 1610 3710 κολακείαις
1652 3652 1781 3718 ἡδὺς

202 3738 302 3788 καὶ
333 3740 451 3799 ταῖς
482 3738 862 3806 ὑποσχέσεσιν.
912 3738 1001 3799 Ὠς
1041 3737 1098 3789 ει
1128 3739 1222 3791 ἐπὶ
1250 3740 1346 3807 τῆς
1387 3739 1556 3805 αὑτῆς
1594 3741 1784 3793 ἐνστά-

205 3843 343 3889 σεως
376 3828 466 3879 τὸν
512 3829 683 3896 ἄνδρα
730 3828 898 3895 ἑώρα,
936 3830 1210 3896 ἀπογνοὺς
1248 3829 1324 3898 τῷ
1356 3830 1526 3890 οὕτως
1573 3832 1784 3898 ὑπαγα-

203 3917 398 3984 γέσθαι
429 3918 732 3987 Ναζάριον,
768 3919 847 3987 τῷ
880 3920 980 3989 τῆς
1023 3919 1297 3988 θαλάσσης
1348 3923 1780 3990 ἑναποῤῥιφῆναι

206 4007 358 4077 βυθῷ
392 4012 529 4076 μετά
578 4008 671 4060 τοῦ
712 4009 903 4071 παιδὸς
953 4011 1289 4077 προστάσσει
1331 4010 1594 4071 Κελσίου,
1634 4014 1780 4075 ὅπως

208 4103 346 4171 μηδὲ
397 4102 534 4171 ὸρᾷν
586 4101 697 4169 ἔχοι
753 4100 847 4163 οὒς
895 4102 1029 4169 μηδὲ
1076 4101 1175 4170 ζῇν
1221 4101 1362 4153 οὕτω
1405 4103 1779 4170 διακειμένους

204 4194 483 4249 ιὸοὐλετο.
503 4195 646 4247 Ἀλλ’
673 4190 817 4265 ἦσαν
845 4193 1069 4262 ἀληθεῖς
1100 4195 1319 4255 πάντως
1350 4196 1399 4246 οἱ
1432 4196 1525 4249 τοῦ
1554 4196 1779 4264 θεόφρο-

204 4304 297 4349 νος
338 4286 563 4339 Ἤσαΐου
613 4287 785 4352 λόγοι,
836 4284 1026 4355 ὥσπερ
1067 4286 1203 4355 πρὸς
1246 4286 1442 4348 αὑτοὺς
1474 4288 1772 4356 είρημὲνοι·

213 4394 234 4425 ι
284 4374 410 4428 Ἐὰν
468 4374 751 4444 διαδαίνῃς
791 4375 858 4427 δι’
910 4374 1123 4437 ὓδατος,
1181 4379 1319 4445 μετά
1361 4378 1451 4429 σοῦ
1496 4381 1636 4448 εἰμι,
1682 4357 1777 4433 καὶ

205 4468 442 4534 ποταμοὶ
473 4466 533 4519 οὐ
570 4466 947 4534 συγκλιίσουσί
988 4482 1046 4518 σε
1075 4483 1088 4496 ·
1164 4468 1257 4519 καὶ
1300 4469 1396 4519 ἐὰν
1443 4468 1657 4541 διέλθῃς
1689 4471 1777 4524 διὰ

1891 3377 2014 3416 cum
2047 3380 2219 3433 puero
2248 3368 2412 3418 tradit
2440 3368 2493 3419 in
2530 3369 2858 3423 custodiam.
2903 3371 3101 3424 Parum
3160 3375 3470 3430 intercesst

1892 3457 2176 3525 temporis,
2206 3468 2260 3510 et
2303 3459 2571 3512 Neronem
2603 3462 2824 3529 quidem
2865 3479 3058 3518 rursus
3090 3466 3249 3521 sedes
3277 3467 3469 3521 habuit

1886 3554 2202 3622 judiciaria.
2240 3556 2596 3610 Introductus
2643 3568 2825 3611 autem
2894 3559 2996 3613 fuit
3046 3562 3309 3617 Nazarius
3339 3581 3463 3619 cum

1890 3659 2080 3712 puero.
2122 3647 2184 3697 Et
2222 3662 2413 3699 rursus
2464 3648 2738 3713 similiter,
2803 3665 2951 3704 nunc
3012 3653 3233 3720 quidem
3296 3656 3463 3709 minis

1889 3737 2185 3791 vehemens
2213 3748 2331 3792 erat
2356 3740 2518 3799 Nero.
2571 3756 2718 3793 nunc
2751 3751 2931 3795 autem
2966 3745 3150 3798 suavis
3182 3746 3459 3802 blanditiis

1888 3835 1944 3879 et
1979 3830 2284 3892 promissis.
2323 3829 2616 3893 Postquam
2643 3840 2824 3884 autem
2851 3834 2988 3887 vidit
3016 3850 3140 3888 eum
3172 3845 3314 3890 tanta
3339 3855 3459 3894 esse

1889 3922 2217 3980 constantia,
2250 3920 2553 3986 desperans
2599 3922 2677 3973 sic
2706 3936 2866 3991 posse
2918 3924 3103 3979 induci
3142 3927 3456 3997 Nazarium,

1884 4009 2042 4079 jubet
2074 4027 2199 4063 eum
2264 4013 2412 4079 injici
2466 4013 2518 4065 in
2550 4015 2878 4080 profundum
2914 4022 3080 4069 maris
3128 4036 3250 4072 cum
3282 4038 3454 4089 puero

1872 4090 2087 4161 Celsio,
2134 4111 2193 4154 ut
2235 4118 2337 4155 nec
2393 4117 2489 4156 eos
2518 4104 2739 4172 quidem
2775 4120 2955 4173 posset
2979 4108 3185 4170 videre,
3219 4128 3355 4179 quas
3386 4130 3455 4167 ne

1886 4193 2103 4246 volebat
2125 4192 2347 4261 quidem
2371 4196 2555 4248 vivere
2584 4196 2661 4249 sic
2685 4196 2930 4251 aﬂectos.
2954 4199 3059 4251 Sed
3092 4213 3249 4255 erant
3279 4208 3458 4258 omni-

1887 4298 1957 4336 no
1993 4299 2141 4348 vera,
2175 4300 2295 4353 quae
2322 4288 2457 4339 dixit
2491 4288 2711 4340 divinus
2751 4288 2933 4350 Isaias,
2974 4300 3228 4360 tanquam
3262 4297 3327 4348 de
3372 4300 3453 4353 eis

1887 4379 2283 4444 praenuntiata:
2312 4380 2365 4432 Si
2400 4380 2683 4433 transieris
2713 4395 2809 4449 per
2835 4398 3054 4450 aquam,
3082 4394 3259 4439 tecum
3288 4405 3405 4443 sum
3435 4408 3445 4442 :

1885 4475 2066 4521 etnon
2107 4477 2159 4523 te
2200 4471 2527 4524 concludant
2590 4471 2763 4525 ﬂuvii.
2824 4473 2964 4529 Etsi
3015 4480 3299 4535 transieris
3353 4498 3452 4550 per

207 4556 399 4626 πυρὸς,
418 4557 479 4609 οὑ
513 4555 589 4627 μὴ
616 4557 1015 4627 κατακαυθῇςδ
1038 4557 1193 4611 Ἐπεὶ
1218 4558 1325 4628 γὰρ
1350 4559 1546 4621 αὐτοὺς
1567 4562 1592 4611 ό
1617 4560 1777 4628 βυθὸς

1891 4558 2085 4627 ignem.
2150 4576 2257 4615 non
2288 4562 2652 4616 combureris.
2686 4563 2819 4617 Nam
2869 4581 2993 4619 cum
3033 4570 3141 4637 jam
3184 4575 3446 4629 essentin

216 4644 362 4719 εἶχεν
391 4648 515 4719 ἤδη,
550 4651 646 4701 καὶ
682 4651 729 4701 oi
757 4653 823 4720 τῇ
865 4650 1110 4723 θαλάσσῃ
1154 4650 1409 4719 ῥίψαντες
1438 4654 1782 4722 προσεδόκων

206 4740 345 4792 πολὺ
370 4738 477 4791 τῶν
517 4738 714 4808 ἰχθύων
995 4740 1371 4811 περιμάχητον
1403 4743 1601 4806 αὐτοὺς
1635 4746 1782 4810 γινέ-

208 4831 359 4895 σθαι,
395 4831 664 4899 άτγελική
715 4848 795 4894 τις
845 4832 1073 4901 δύναμις
1122 4832 1331 4886 ἀνωθεν
1364 4835 1653 4889 καταϐᾶσα
1687 4839 1781 4890 τοῦ

208 4920 377 4989 βυθοῦ
412 4920 748 4988 ἀνεσώσατο,
800 4923 897 4975 καὶ
947 4926 1011 4994 τῇ
1040 4924 1223 4994 χέρσῳ
1268 4926 1528 4990 ἀϐλασείς
1582 4931 1781 4993 αὐτοὺς

206 5012 537 5076 ἀποδέδωκε,
571 5013 666 5066 τοῦ
706 5014 896 5078 παιδὸς
947 5014 1180 5067 Κελσίου
1210 5015 1299 5068 διὰ
1338 5016 1399 5069 τὸ
1437 5018 1532 5085 τῆς
1567 5018 1780 5087 ἡλικίας
1814 5015 1823 5025 ’

206 5105 397 5162 ἀτελὲς
443 5102 523 5157 ἔτι
576 5105 819 5171 ναυτίας,
846 5104 1033 5176 ὥσπερ
1063 5106 1234 5174 είκδς,
1267 5107 1363 5161 καὶ
1407 5108 1599 5177 ἀηδίας
1645 5111 1779 5163 ὑπο-

207 5196 560 5265 πλησθέντος.
607 5196 750 5251 Ἀλλ’
780 5198 912 5269 εὐχῇ
963 5198 1153 5251 τοῦτον
1199 5199 1293 5253 καὶ
1337 5200 1493 5269 τύπῳ
1542 5203 1777 5272 σταυροῦ

207 5289 301 5341 καὶ
334 5288 464 5357 θείῳ
493 5288 762 5358 φιλήματι
796 5290 924 5355 ὑγιᾶ
958 5289 1234 5361 Ναζάριος
1255 5290 1547 5347 δείκνυσιν.

277 5382 351 5434 Z'.
393 5381 643 5449 Ἀγριύει
676 5382 736 5435 τὸ
763 5381 947 5451 θαῦμα
978 5382 1136 5435 τοῦτο
1170 5383 1422 5453 καθάπερ
1459 5386 1647 5454 ίχθύας
1682 5389 1776 5439 καὶ

204 5474 329 5534 τοὺς
360 5473 450 5524 ἰπὶ
475 5472 571 5541 τῆς
594 5472 867 5542 θαλάσσης
892 5475 1090 5536 αὑτοὺς
1114 5475 1376 5535 καθέντας
1413 5476 1507 5527 τοῦ
1527 5478 1774 5545 Νέρωνος

207 5564 505 5635 ὑπηρέτας.
542 5564 615 5617 Τὸ
663 5566 775 5635 γάρ
820 5568 927 5618 ἀπὸ
972 5564 1161 5617 τούτου
1207 5566 1485 5618 ἀκόλουθοι
1521 5573 1772 5635 γεγόνασι

202 5657 280 5729 τῷ
312 5660 474 5728 ἁγίῳ,
506 5659 599 5711 καὶ
626 5658 797 5722 οὑτως
822 5660 971 5729 αὑτῷ
1002 5662 1411 5730 προσετέθησαν
1444 5663 1518 5723 ὡς
1552 5664 1643 5714 καὶ
1681 5665 1771 5715 τοῦ

204 5750 471 5819 προτέρου
530 5751 643 5821 βίου
693 5751 861 5805 πολλὰ
919 5752 1241 5821 μεταμέλειν
1296 5754 1497 5817 αὐτοῖς,
1557 5757 1643 5804 καί
1692 5757 1769 5806 ὃτι

208 5842 282 5912 μὴ
302 5844 363 5895 ἐκ
394 5842 584 5896 πολλοῦ
606 5844 855 5914 Νέρωνος
884 5845 1212 5897 ἀποστάντες
1240 5843 1431 5911 δκείνῳ
1462 5848 1764 5915 προσεῖχον,

1885 4650 2176 4718 profundo,
2213 4660 2269 4705 et
2298 4652 2389 4721 qui
2416 4669 2513 4707 eos
2534 4656 2798 4723 jecerant,
2830 4658 3122 4713 crederent
3150 4662 3287 4724 fore,
3322 4674 3381 4718 ut
3418 4684 3443 4717 ει

1884 4746 2070 4798 multis
2099 4745 2345 4813 piscibus
2395 4747 2796 4801 devorarentur
2837 4765 3028 4819 magna
3072 4759 3441 4819 contentione,

1884 4838 2127 4907 angelica
2170 4839 2416 4907 quaedam
2463 4841 2641 4893 virtus
2689 4840 2924 4910 desuper
2979 4844 3272 4908 advolavit.
3321 4860 3376 4903 et
3414 4868 3444 4905 e

1884 4930 2160 4997 profundo
2208 4932 2465 4990 servavit,
2517 4940 2573 4984 et
2624 4930 2822 4985 illaesos
2873 4948 2969 4986 eos
2996 4944 3152 4990 terra:
3182 4940 3439 5003 reddidit,

1884 5034 2055 5087 puero
2083 5020 2263 5074 Celsio
2308 5030 2531 5089 propter
2564 5030 2777 5075 atatem
2805 5023 2987 5077 adhuc
3040 5026 3434 5093 imperfectam,

1881 5126 2083 5165 nausea
2108 5120 2164 5166 et
2194 5111 2412 5166 fastidio
2440 5113 2619 5179 pleno,
2648 5120 2708 5166 ut
2725 5123 2810 5167 est
2838 5127 3291 5175 consentaneum.
3334 5122 3438 5177 Sed

1880 5204 2137 5272 precibus
2160 5214 2215 5257 et
2249 5205 2401 5272 signo
2439 5205 2641 5260 crucis.
2666 5214 2722 5259 et
2746 5206 2934 5261 divino
2964 5210 3151 5263 osculo
3178 5202 3301 5265 cum
3332 5218 3435 5267 sal-

1880 5307 2007 5345 vum
2033 5295 2272 5346 reddidit
2302 5293 2582 5346 Nazarius.

1948 5385 2056 5439 VII.
2079 5384 2523 5453 Capit.tanquam
2544 5386 2739 5457 pisces,
2766 5388 2867 5441 hoc
2900 5389 3221 5442 miraculum
3271 5392 3430 5448 Nero~

1878 5477 1962 5529 nis
1991 5490 2207 5543 quoque
2242 5491 2447 5536 s-‘rvos,
2482 5477 2571 5541 qui
2614 5477 2755 5542 ipsos
2789 5478 2838 5529 in
2874 5494 3019 5530 mare
3076 5482 3428 5535 demiseraut.

1876 5568 2131 5620 Sanctum
2192 5568 2336 5618 enim
2391 5568 2598 5630 demee;
2625 5583 2648 5618 s
2688 5579 2813 5621 sunt
2859 5572 3053 5633 secuti,
3107 5582 3160 5623 et
3189 5584 3255 5624 ita
3292 5589 3349 5625 se
3380 5576 3428 5627 ei

1876 5659 2262 5726 adjunxvrunt.
2321 5669 2376 5709 ut
2428 5658 2627 5724 prioris
2681 5660 2803 5711 vitae
2849 5675 3037 5726 magna
3091 5662 3427 5715 ducerentur

1875 5752 2211 5817 pwmtcntia.
2244 5760 2298 5800 et
2326 5764 2463 5815 mng
2496 5749 2701 5801 ferrent
2726 5751 2870 5815 quod
2913 5768 3018 5804 non
3046 5753 3135 5805 diu
3169 5764 3313 5815 ante,
3346 5770 3419 5805 re-

1879 5842 2003 5895 licto
2035 5841 2265 5900 Nerone,
2302 5841 2539 5891 animum
2578 5841 2651 5892 illi
2676 5842 3069 5896 adhibuissent.
3096 5844 3275 5897 Terra
3296 5860 3426 5911 ergo
