  <div class='ocr_page' id='page_1' title='image "/cluster/home/n/w/nwhite01/storage/ocr_20150623/116/nnc1.0046980156/523.png"; bbox 0 0 4214 6444; ppageno 0'>
   <div class='ocr_carea' id='block_1_1' title="bbox 769 393 880 455">
    <p class='ocr_par' dir='ltr' id='par_1_1' title="bbox 769 393 880 455">
     <span class='ocr_line' id='line_1_1' title="bbox 769 393 880 455; baseline -0.018 0"><span class='ocrx_word' id='word_1_1' title='bbox 769 393 880 455; x_wconf 76' lang='lat'><strong>903</strong></span> 
     </span>
    </p>
   </div>
   <div class='ocr_carea' id='block_1_2' title="bbox 1981 387 2820 450">
    <p class='ocr_par' dir='ltr' id='par_1_2' title="bbox 1981 387 2820 450">
     <span class='ocr_line' id='line_1_2' title="bbox 1981 387 2820 450; baseline 0.007 -7"><span class='ocrx_word' id='word_1_2' title='bbox 1981 387 2232 446; x_wconf 60' lang='lat' dir='ltr'><strong>ADDEJ’</strong></span> <span class='ocrx_word' id='word_1_3' title='bbox 2249 387 2364 446; x_wconf 72' lang='grc' dir='ltr'><strong>ΟΛ..</strong></span> <span class='ocrx_word' id='word_1_4' title='bbox 2423 411 2476 422; x_wconf 71' lang='grc' dir='ltr'><strong>-ο</strong></span> <span class='ocrx_word' id='word_1_5' title='bbox 2517 388 2820 450; x_wconf 71' lang='lat' dir='ltr'><strong>JUNiUS.</strong></span> 
     </span>
    </p>
   </div>
   <div class='ocr_carea' id='block_1_3' title="bbox 3922 389 4033 450">
    <p class='ocr_par' dir='ltr' id='par_1_3' title="bbox 3922 389 4033 450">
     <span class='ocr_line' id='line_1_3' title="bbox 3922 389 4033 450; baseline 0 -2"><span class='ocrx_word' id='word_1_6' title='bbox 3922 389 4033 450; x_wconf 66' lang='lat'><strong>904</strong></span> 
     </span>
    </p>
   </div>
   <div class='ocr_carea' id='block_1_4' title="bbox 769 499 2420 578">
    <p class='ocr_par' dir='ltr' id='par_1_4' title="bbox 769 499 2412 578">
     <span class='ocr_line' id='line_1_4' title="bbox 769 499 2412 578; baseline -0.009 -13"><span class='ocrx_word' id='word_1_7' title='bbox 769 525 897 565; x_wconf 90' lang='lat' dir='ltr'><strong>eum</strong></span> <span class='ocrx_word' id='word_1_8' title='bbox 924 524 1095 578; x_wconf 89' lang='lat' dir='ltr'><strong>puero</strong></span> <span class='ocrx_word' id='word_1_9' title='bbox 1131 505 1380 561; x_wconf 84' lang='lat' dir='ltr'><strong>redditus</strong></span> <span class='ocrx_word' id='word_1_10' title='bbox 1421 504 1707 566; x_wconf 77' lang='lat' dir='ltr'><strong>Nasarius,</strong></span> <span class='ocrx_word' id='word_1_11' title='bbox 1739 503 1942 557; x_wconf 82' lang='lat' dir='ltr'><strong>transit</strong></span> <span class='ocrx_word' id='word_1_12' title='bbox 1987 519 2113 557; x_wconf 90' lang='lat' dir='ltr'><strong>cum</strong></span> <span class='ocrx_word' id='word_1_13' title='bbox 2151 516 2218 554; x_wconf 86' lang='lat' dir='ltr'><strong>eo</strong></span> <span class='ocrx_word' id='word_1_14' title='bbox 2270 499 2336 552; x_wconf 86' lang='lat' dir='ltr'><strong>ad</strong></span> <span class='ocrx_word' id='word_1_15' title='bbox 2365 499 2412 557; x_wconf 78' lang='grc' dir='ltr'><strong>Α</strong></span> 
     </span>
    </p>
   </div>
   <div class='ocr_carea' id='block_1_5' title="bbox 2440 499 4033 578">
    <p class='ocr_par' dir='ltr' id='par_1_5' title="bbox 2440 501 4033 573">
     <span class='ocr_line' id='line_1_5' title="bbox 2440 501 4033 573; baseline 0.001 -20"><span class='ocrx_word' id='word_1_16' title='bbox 2440 501 2628 565; x_wconf 79' lang='grc' dir='ltr'><strong>δεινῶς</strong></span> <span class='ocrx_word' id='word_1_17' title='bbox 2658 502 2938 572; x_wconf 70' lang='grc' dir='ltr'><strong>ἀχθεσθαι.</strong></span> <span class='ocrx_word' id='word_1_18' title='bbox 2982 502 3292 566; x_wconf 78' lang='grc' dir='ltr'><strong>’Δποδοθεὶς</strong></span> <span class='ocrx_word' id='word_1_19' title='bbox 3324 505 3506 555; x_wconf 69' lang='grc' dir='ltr'><strong>τοίνυν</strong></span> <span class='ocrx_word' id='word_1_20' title='bbox 3543 502 3683 573; x_wconf 69' lang='grc' dir='ltr'><strong>μετὰ</strong></span> <span class='ocrx_word' id='word_1_21' title='bbox 3712 503 3809 553; x_wconf 80' lang='grc' dir='ltr'><strong>τοῦ</strong></span> <span class='ocrx_word' id='word_1_22' title='bbox 3835 503 4033 564; x_wconf 71' lang='grc' dir='ltr'><strong>παιδὸς</strong></span> 
     </span>
    </p>
   </div>
   <div class='ocr_carea' id='block_1_6' title="bbox 767 591 2337 667">
    <p class='ocr_par' dir='ltr' id='par_1_6' title="bbox 767 591 2337 667">
     <span class='ocr_line' id='line_1_6' title="bbox 767 591 2337 667; baseline -0.01 -11"><span class='ocrx_word' id='word_1_23' title='bbox 767 601 1074 663; x_wconf 82' lang='lat' dir='ltr'><strong>civitatem,</strong></span> <span class='ocrx_word' id='word_1_24' title='bbox 1103 613 1234 667; x_wconf 67' lang='lat' dir='ltr'><strong>qua</strong></span> <span class='ocrx_word' id='word_1_25' title='bbox 1265 596 1467 650; x_wconf 91' lang='lat' dir='ltr'><strong>dicitur</strong></span> <span class='ocrx_word' id='word_1_26' title='bbox 1500 593 1718 648; x_wconf 82' lang='lat' dir='ltr'><strong>Tenusa</strong></span> <span class='ocrx_word' id='word_1_27' title='bbox 1741 609 1758 659; x_wconf 88' lang='lat'><strong>;</strong></span> <span class='ocrx_word' id='word_1_28' title='bbox 1785 601 1841 646; x_wconf 90' lang='lat' dir='ltr'><strong>et</strong></span> <span class='ocrx_word' id='word_1_29' title='bbox 1866 593 2016 647; x_wconf 91' lang='lat' dir='ltr'><strong>illinc</strong></span> <span class='ocrx_word' id='word_1_30' title='bbox 2039 591 2337 661; x_wconf 82' lang='lat' dir='ltr'><strong>prolectus,</strong></span> 
     </span>
    </p>
   </div>
   <div class='ocr_carea' id='block_1_7' title="bbox 773 687 2343 755">
    <p class='ocr_par' dir='ltr' id='par_1_7' title="bbox 773 687 2343 755">
     <span class='ocr_line' id='line_1_7' title="bbox 773 687 2343 755; baseline -0.006 -9"><span class='ocrx_word' id='word_1_31' title='bbox 773 695 924 747; x_wconf 74' lang='lat' dir='ltr'><strong>venit</strong></span> <span class='ocrx_word' id='word_1_32' title='bbox 946 691 1314 744; x_wconf 72' lang='lat' dir='ltr'><strong>Mediolanum</strong></span> <span class='ocrx_word' id='word_1_33' title='bbox 1331 729 1351 754; x_wconf 91' lang='lat'><strong>,</strong></span> <span class='ocrx_word' id='word_1_34' title='bbox 1376 701 1571 740; x_wconf 92' lang='lat' dir='ltr'><strong>rursus</strong></span> <span class='ocrx_word' id='word_1_35' title='bbox 1587 701 1806 755; x_wconf 89' lang='lat' dir='ltr'><strong>quoque</strong></span> <span class='ocrx_word' id='word_1_36' title='bbox 1835 687 2078 754; x_wconf 76' lang='lat' dir='ltr'><strong>priorem</strong></span> <span class='ocrx_word' id='word_1_37' title='bbox 2110 699 2343 754; x_wconf 78' lang='lat' dir='ltr'><strong>pergens</strong></span> 
     </span>
    </p>
   </div>
   <div class='ocr_carea' id='block_1_8' title="bbox 770 773 2339 845">
    <p class='ocr_par' dir='ltr' id='par_1_8' title="bbox 770 773 2339 845">
     <span class='ocr_line' id='line_1_8' title="bbox 770 773 2339 845; baseline -0.006 -11"><span class='ocrx_word' id='word_1_38' title='bbox 770 784 904 835; x_wconf 86' lang='lat' dir='ltr'><strong>dare</strong></span> <span class='ocrx_word' id='word_1_39' title='bbox 940 782 1273 842; x_wconf 87' lang='lat' dir='ltr'><strong>doctrinam,</strong></span> <span class='ocrx_word' id='word_1_40' title='bbox 1309 789 1369 833; x_wconf 92' lang='lat' dir='ltr'><strong>et</strong></span> <span class='ocrx_word' id='word_1_41' title='bbox 1419 777 1567 831; x_wconf 87' lang='lat' dir='ltr'><strong>dulei</strong></span> <span class='ocrx_word' id='word_1_42' title='bbox 1590 785 1787 845; x_wconf 81' lang='lat' dir='ltr'><strong>potare</strong></span> <span class='ocrx_word' id='word_1_43' title='bbox 1831 785 2055 828; x_wconf 89' lang='lat' dir='ltr'><strong>nectare</strong></span> <span class='ocrx_word' id='word_1_44' title='bbox 2093 790 2211 837; x_wconf 87' lang='lat' dir='ltr'><strong>eos,</strong></span> <span class='ocrx_word' id='word_1_45' title='bbox 2238 773 2339 841; x_wconf 86' lang='lat' dir='ltr'><strong>qui</strong></span> 
     </span>
    </p>
   </div>
   <div class='ocr_carea' id='block_1_9' title="bbox 769 868 2342 939">
    <p class='ocr_par' dir='ltr' id='par_1_9' title="bbox 769 868 2342 939">
     <span class='ocr_line' id='line_1_9' title="bbox 769 868 2342 939; baseline -0.006 -13"><span class='ocrx_word' id='word_1_46' title='bbox 769 882 934 927; x_wconf 83' lang='lat' dir='ltr'><strong>erant</strong></span> <span class='ocrx_word' id='word_1_47' title='bbox 959 888 1087 926; x_wconf 83' lang='lat' dir='ltr'><strong>vere</strong></span> <span class='ocrx_word' id='word_1_48' title='bbox 1111 870 1207 924; x_wconf 77' lang='lat' dir='ltr'><strong>lilii</strong></span> <span class='ocrx_word' id='word_1_49' title='bbox 1241 869 1420 939; x_wconf 71' lang='lat' dir='ltr'><strong>regni.</strong></span> <span class='ocrx_word' id='word_1_50' title='bbox 1446 868 1556 923; x_wconf 84' lang='lat' dir='ltr'><strong>Sed</strong></span> <span class='ocrx_word' id='word_1_51' title='bbox 1580 869 1727 921; x_wconf 85' lang='lat' dir='ltr'><strong>cives</strong></span> <span class='ocrx_word' id='word_1_52' title='bbox 1769 882 1965 921; x_wconf 87' lang='lat' dir='ltr'><strong>rursus</strong></span> <span class='ocrx_word' id='word_1_53' title='bbox 1992 868 2042 920; x_wconf 90' lang='lat' dir='ltr'><strong>ei</strong></span> <span class='ocrx_word' id='word_1_54' title='bbox 2080 881 2188 920; x_wconf 90' lang='lat' dir='ltr'><strong>non</strong></span> <span class='ocrx_word' id='word_1_55' title='bbox 2220 881 2342 934; x_wconf 88' lang='lat' dir='ltr'><strong>per-</strong></span> 
     </span>
    </p>
   </div>
   <div class='ocr_carea' id='block_1_10' title="bbox 775 958 2336 1031">
    <p class='ocr_par' dir='ltr' id='par_1_10' title="bbox 775 958 2336 1031">
     <span class='ocr_line' id='line_1_10' title="bbox 775 958 2336 1031; baseline -0.004 -13"><span class='ocrx_word' id='word_1_56' title='bbox 775 963 1064 1018; x_wconf 88' lang='lat' dir='ltr'><strong>mittebant</strong></span> <span class='ocrx_word' id='word_1_57' title='bbox 1100 961 1278 1016; x_wconf 90' lang='lat' dir='ltr'><strong>libere</strong></span> <span class='ocrx_word' id='word_1_58' title='bbox 1297 961 1598 1031; x_wconf 68' lang='lat' dir='ltr'><strong>praedicare</strong></span> <span class='ocrx_word' id='word_1_59' title='bbox 1647 974 1834 1013; x_wconf 80' lang='lat' dir='ltr'><strong>veram</strong></span> <span class='ocrx_word' id='word_1_60' title='bbox 1865 959 2206 1028; x_wconf 82' lang='lat' dir='ltr'><strong>religionem,</strong></span> <span class='ocrx_word' id='word_1_61' title='bbox 2242 958 2336 1012; x_wconf 88' lang='lat' dir='ltr'><strong>sed</strong></span> 
     </span>
    </p>
   </div>
   <div class='ocr_carea' id='block_1_11' title="bbox 772 1049 2336 1123">
    <p class='ocr_par' dir='ltr' id='par_1_11' title="bbox 772 1049 2336 1123">
     <span class='ocr_line' id='line_1_11' title="bbox 772 1049 2336 1123; baseline -0.004 -14"><span class='ocrx_word' id='word_1_62' title='bbox 772 1072 898 1111; x_wconf 87' lang='lat' dir='ltr'><strong>eum</strong></span> <span class='ocrx_word' id='word_1_63' title='bbox 949 1053 1517 1123; x_wconf 80' lang='lat' dir='ltr'><strong>comprehenderunt,</strong></span> <span class='ocrx_word' id='word_1_64' title='bbox 1572 1059 1630 1105; x_wconf 91' lang='lat' dir='ltr'><strong>et</strong></span> <span class='ocrx_word' id='word_1_65' title='bbox 1675 1066 1800 1103; x_wconf 90' lang='lat' dir='ltr'><strong>eum</strong></span> <span class='ocrx_word' id='word_1_66' title='bbox 1831 1050 2048 1120; x_wconf 72' lang='lat' dir='ltr'><strong>praesidi</strong></span> <span class='ocrx_word' id='word_1_67' title='bbox 2075 1049 2336 1112; x_wconf 82' lang='lat' dir='ltr'><strong>Anulino,</strong></span> 
     </span>
    </p>
   </div>
   <div class='ocr_carea' id='block_1_12' title="bbox 772 1141 2335 1217">
    <p class='ocr_par' dir='ltr' id='par_1_12' title="bbox 772 1141 2335 1217">
     <span class='ocr_line' id='line_1_12' title="bbox 772 1141 2335 1217; baseline -0.004 -16"><span class='ocrx_word' id='word_1_68' title='bbox 772 1148 867 1217; x_wconf 89' lang='lat' dir='ltr'><strong>qui</strong></span> <span class='ocrx_word' id='word_1_69' title='bbox 897 1148 947 1200; x_wconf 89' lang='lat' dir='ltr'><strong>ei</strong></span> <span class='ocrx_word' id='word_1_70' title='bbox 978 1147 1130 1216; x_wconf 87' lang='lat' dir='ltr'><strong>prius</strong></span> <span class='ocrx_word' id='word_1_71' title='bbox 1155 1145 1353 1198; x_wconf 86' lang='lat' dir='ltr'><strong>multas</strong></span> <span class='ocrx_word' id='word_1_72' title='bbox 1389 1145 1693 1212; x_wconf 77' lang='lat' dir='ltr'><strong>impegerat</strong></span> <span class='ocrx_word' id='word_1_73' title='bbox 1719 1142 1924 1209; x_wconf 80' lang='lat' dir='ltr'><strong>alapas.</strong></span> <span class='ocrx_word' id='word_1_74' title='bbox 1967 1141 2335 1204; x_wconf 76' lang='lat' dir='ltr'><strong>tradiderunt,</strong></span> 
     </span>
    </p>
   </div>
   <div class='ocr_carea' id='block_1_13' title="bbox 775 1232 2338 1309">
    <p class='ocr_par' dir='ltr' id='par_1_13' title="bbox 775 1232 2338 1309">
     <span class='ocr_line' id='line_1_13' title="bbox 775 1232 2338 1309; baseline -0.005 -15"><span class='ocrx_word' id='word_1_75' title='bbox 775 1241 858 1294; x_wconf 81' lang='lat' dir='ltr'><strong>vel</strong></span> <span class='ocrx_word' id='word_1_76' title='bbox 896 1257 993 1309; x_wconf 89' lang='lat' dir='ltr'><strong>per</strong></span> <span class='ocrx_word' id='word_1_77' title='bbox 1024 1240 1166 1297; x_wconf 84' lang='lat' dir='ltr'><strong>illos,</strong></span> <span class='ocrx_word' id='word_1_78' title='bbox 1210 1247 1270 1290; x_wconf 87' lang='lat' dir='ltr'><strong>ut</strong></span> <span class='ocrx_word' id='word_1_79' title='bbox 1306 1238 1494 1290; x_wconf 86' lang='lat' dir='ltr'><strong>verius</strong></span> <span class='ocrx_word' id='word_1_80' title='bbox 1521 1235 1722 1295; x_wconf 88' lang='lat' dir='ltr'><strong>dicam,</strong></span> <span class='ocrx_word' id='word_1_81' title='bbox 1760 1233 1809 1285; x_wconf 90' lang='lat' dir='ltr'><strong>is</strong></span> <span class='ocrx_word' id='word_1_82' title='bbox 1830 1235 1923 1300; x_wconf 90' lang='lat' dir='ltr'><strong>qni</strong></span> <span class='ocrx_word' id='word_1_83' title='bbox 1958 1232 2062 1286; x_wconf 82' lang='lat' dir='ltr'><strong>fuit</strong></span> <span class='ocrx_word' id='word_1_84' title='bbox 2085 1234 2154 1286; x_wconf 92' lang='lat' dir='ltr'><strong>ab</strong></span> <span class='ocrx_word' id='word_1_85' title='bbox 2179 1234 2338 1287; x_wconf 77' lang='lat' dir='ltr'><strong>initio</strong></span> 
     </span>
    </p>
   </div>
   <div class='ocr_carea' id='block_1_14' title="bbox 773 1323 2341 1395">
    <p class='ocr_par' dir='ltr' id='par_1_14' title="bbox 773 1323 2341 1395">
     <span class='ocr_line' id='line_1_14' title="bbox 773 1323 2341 1395; baseline -0.005 -9"><span class='ocrx_word' id='word_1_86' title='bbox 773 1331 1014 1390; x_wconf 84' lang='lat' dir='ltr'><strong>invidus,</strong></span> <span class='ocrx_word' id='word_1_87' title='bbox 1049 1338 1103 1383; x_wconf 91' lang='lat' dir='ltr'><strong>ct</strong></span> <span class='ocrx_word' id='word_1_88' title='bbox 1130 1330 1258 1388; x_wconf 78' lang='lat' dir='ltr'><strong>odio</strong></span> <span class='ocrx_word' id='word_1_89' title='bbox 1295 1329 1487 1381; x_wconf 77' lang='lat' dir='ltr'><strong>habuit</strong></span> <span class='ocrx_word' id='word_1_90' title='bbox 1516 1326 1788 1379; x_wconf 82' lang='lat' dir='ltr'><strong>homines.</strong></span> <span class='ocrx_word' id='word_1_91' title='bbox 1822 1323 1913 1379; x_wconf 88' lang='lat' dir='ltr'><strong>ille</strong></span> <span class='ocrx_word' id='word_1_92' title='bbox 1964 1336 2147 1378; x_wconf 88' lang='lat' dir='ltr'><strong>autem</strong></span> <span class='ocrx_word' id='word_1_93' title='bbox 2182 1325 2341 1395; x_wconf 86' lang='lat' dir='ltr'><strong>jubet</strong></span> 
     </span>
    </p>
   </div>
   <div class='ocr_carea' id='block_1_15' title="bbox 767 1413 2336 1484">
    <p class='ocr_par' dir='ltr' id='par_1_15' title="bbox 767 1413 2336 1484">
     <span class='ocr_line' id='line_1_15' title="bbox 767 1413 2336 1484; baseline -0.006 -8"><span class='ocrx_word' id='word_1_94' title='bbox 767 1438 897 1476; x_wconf 90' lang='lat' dir='ltr'><strong>eum</strong></span> <span class='ocrx_word' id='word_1_95' title='bbox 957 1436 1149 1473; x_wconf 89' lang='lat' dir='ltr'><strong>rursus</strong></span> <span class='ocrx_word' id='word_1_96' title='bbox 1204 1418 1409 1472; x_wconf 89' lang='lat' dir='ltr'><strong>includi</strong></span> <span class='ocrx_word' id='word_1_97' title='bbox 1473 1416 1527 1469; x_wconf 91' lang='lat' dir='ltr'><strong>in</strong></span> <span class='ocrx_word' id='word_1_98' title='bbox 1563 1413 1732 1484; x_wconf 82' lang='lat' dir='ltr'><strong>priori</strong></span> <span class='ocrx_word' id='word_1_99' title='bbox 1768 1416 2037 1468; x_wconf 81' lang='lat' dir='ltr'><strong>custodia.</strong></span> <span class='ocrx_word' id='word_1_100' title='bbox 2104 1415 2336 1470; x_wconf 76' lang='lat' dir='ltr'><strong>Nazario</strong></span> 
     </span>
    </p>
   </div>
   <div class='ocr_carea' id='block_1_16' title="bbox 769 1500 2334 1577">
    <p class='ocr_par' dir='ltr' id='par_1_16' title="bbox 769 1500 2334 1577">
     <span class='ocr_line' id='line_1_16' title="bbox 769 1500 2334 1577; baseline -0.008 -12"><span class='ocrx_word' id='word_1_101' title='bbox 769 1520 952 1565; x_wconf 89' lang='lat' dir='ltr'><strong>antem</strong></span> <span class='ocrx_word' id='word_1_102' title='bbox 983 1512 1096 1577; x_wconf 80' lang='lat' dir='ltr'><strong>ipsa</strong></span> <span class='ocrx_word' id='word_1_103' title='bbox 1126 1506 1375 1560; x_wconf 89' lang='lat' dir='ltr'><strong>custodia</strong></span> <span class='ocrx_word' id='word_1_104' title='bbox 1411 1513 1530 1557; x_wconf 88' lang='lat' dir='ltr'><strong>erat</strong></span> <span class='ocrx_word' id='word_1_105' title='bbox 1583 1503 1772 1556; x_wconf 85' lang='lat' dir='ltr'><strong>multis</strong></span> <span class='ocrx_word' id='word_1_106' title='bbox 1813 1503 1977 1570; x_wconf 78' lang='lat' dir='ltr'><strong>regiis</strong></span> <span class='ocrx_word' id='word_1_107' title='bbox 2021 1500 2334 1570; x_wconf 77' lang='lat' dir='ltr'><strong>pretiosior,</strong></span> 
     </span>
    </p>
   </div>
   <div class='ocr_carea' id='block_1_17' title="bbox 772 1592 2334 1671">
    <p class='ocr_par' dir='ltr' id='par_1_17' title="bbox 772 1592 2334 1671">
     <span class='ocr_line' id='line_1_17' title="bbox 772 1592 2334 1671; baseline -0.008 -16"><span class='ocrx_word' id='word_1_108' title='bbox 772 1611 986 1671; x_wconf 89' lang='lat' dir='ltr'><strong>pratum</strong></span> <span class='ocrx_word' id='word_1_109' title='bbox 1033 1601 1310 1657; x_wconf 86' lang='lat' dir='ltr'><strong>ﬂoridum.</strong></span> <span class='ocrx_word' id='word_1_110' title='bbox 1369 1611 1542 1650; x_wconf 80' lang='lat' dir='ltr'><strong>n0vus</strong></span> <span class='ocrx_word' id='word_1_111' title='bbox 1565 1595 1871 1664; x_wconf 78' lang='lat' dir='ltr'><strong>paradisus.</strong></span> <span class='ocrx_word' id='word_1_112' title='bbox 1933 1592 1989 1645; x_wconf 91' lang='lat' dir='ltr'><strong>in</strong></span> <span class='ocrx_word' id='word_1_113' title='bbox 2022 1609 2142 1646; x_wconf 91' lang='lat' dir='ltr'><strong>eam</strong></span> <span class='ocrx_word' id='word_1_114' title='bbox 2188 1593 2334 1644; x_wconf 90' lang='lat' dir='ltr'><strong>enim</strong></span> 
     </span>
    </p>
   </div>
   <div class='ocr_carea' id='block_1_18' title="bbox 773 1684 2336 1760">
    <p class='ocr_par' dir='ltr' id='par_1_18' title="bbox 773 1684 2336 1760">
     <span class='ocr_line' id='line_1_18' title="bbox 773 1684 2336 1760; baseline -0.006 -14"><span class='ocrx_word' id='word_1_115' title='bbox 773 1694 1072 1760; x_wconf 79' lang='lat' dir='ltr'><strong>ingressus,</strong></span> <span class='ocrx_word' id='word_1_116' title='bbox 1133 1689 1456 1744; x_wconf 79' lang='lat' dir='ltr'><strong>versabatur</strong></span> <span class='ocrx_word' id='word_1_117' title='bbox 1509 1703 1633 1739; x_wconf 89' lang='lat' dir='ltr'><strong>cum</strong></span> <span class='ocrx_word' id='word_1_118' title='bbox 1681 1685 1947 1739; x_wconf 87' lang='lat' dir='ltr'><strong>Gervasio</strong></span> <span class='ocrx_word' id='word_1_119' title='bbox 1995 1693 2050 1738; x_wconf 82' lang='lat' dir='ltr'><strong>et</strong></span> <span class='ocrx_word' id='word_1_120' title='bbox 2086 1684 2336 1738; x_wconf 81' lang='lat' dir='ltr'><strong>Protasio</strong></span> 
     </span>
    </p>
   </div>
   <div class='ocr_carea' id='block_1_19' title="bbox 771 1777 2331 1847">
    <p class='ocr_par' dir='ltr' id='par_1_19' title="bbox 771 1777 2331 1847">
     <span class='ocr_line' id='line_1_19' title="bbox 771 1777 2331 1847; baseline -0.009 -7"><span class='ocrx_word' id='word_1_121' title='bbox 771 1787 937 1840; x_wconf 79' lang='lat' dir='ltr'><strong>sociis</strong></span> <span class='ocrx_word' id='word_1_122' title='bbox 965 1781 1278 1836; x_wconf 81' lang='lat' dir='ltr'><strong>certaminis</strong></span> <span class='ocrx_word' id='word_1_123' title='bbox 1313 1799 1325 1830; x_wconf 93' lang='lat'><strong><em>:</em></strong></span> <span class='ocrx_word' id='word_1_124' title='bbox 1368 1794 1395 1831; x_wconf 87' lang='lat' dir='ltr'><strong>a</strong></span> <span class='ocrx_word' id='word_1_125' title='bbox 1438 1779 1640 1847; x_wconf 88' lang='lat' dir='ltr'><strong>quibus</strong></span> <span class='ocrx_word' id='word_1_126' title='bbox 1665 1777 1887 1831; x_wconf 89' lang='lat' dir='ltr'><strong>assidue</strong></span> <span class='ocrx_word' id='word_1_127' title='bbox 1929 1777 2044 1838; x_wconf 90' lang='lat' dir='ltr'><strong>ille,</strong></span> <span class='ocrx_word' id='word_1_128' title='bbox 2072 1783 2331 1843; x_wconf 83' lang='lat' dir='ltr'><strong>tanquam</strong></span> 
     </span>
    </p>
   </div>
   <div class='ocr_carea' id='block_1_20' title="bbox 770 1869 2333 1943">
    <p class='ocr_par' dir='ltr' id='par_1_20' title="bbox 770 1869 2333 1943">
     <span class='ocr_line' id='line_1_20' title="bbox 770 1869 2333 1943; baseline -0.005 -14"><span class='ocrx_word' id='word_1_129' title='bbox 770 1881 837 1929; x_wconf 92' lang='lat' dir='ltr'><strong>ab</strong></span> <span class='ocrx_word' id='word_1_130' title='bbox 860 1876 1139 1943; x_wconf 83' lang='lat' dir='ltr'><strong>aliquibus</strong></span> <span class='ocrx_word' id='word_1_131' title='bbox 1186 1871 1528 1932; x_wconf 79' lang='lat' dir='ltr'><strong>ﬂuminibus,</strong></span> <span class='ocrx_word' id='word_1_132' title='bbox 1585 1871 1864 1939; x_wconf 71' lang='lat' dir='ltr'><strong>irrigatus,</strong></span> <span class='ocrx_word' id='word_1_133' title='bbox 1911 1869 2173 1937; x_wconf 81' lang='lat' dir='ltr'><strong>carpebat</strong></span> <span class='ocrx_word' id='word_1_134' title='bbox 2211 1882 2333 1921; x_wconf 87' lang='lat' dir='ltr'><strong>sua-</strong></span> 
     </span>
    </p>
   </div>
   <div class='ocr_carea' id='block_1_21' title="bbox 769 1961 2336 2029">
    <p class='ocr_par' dir='ltr' id='par_1_21' title="bbox 769 1961 2336 2029">
     <span class='ocr_line' id='line_1_21' title="bbox 769 1961 2336 2029; baseline -0.007 -7"><span class='ocrx_word' id='word_1_135' title='bbox 769 1969 1026 2022; x_wconf 82' lang='lat' dir='ltr'><strong>vissimus</strong></span> <span class='ocrx_word' id='word_1_136' title='bbox 1051 1967 1213 2018; x_wconf 86' lang='lat' dir='ltr'><strong>liores</strong></span> <span class='ocrx_word' id='word_1_137' title='bbox 1235 1964 1456 2017; x_wconf 80' lang='lat' dir='ltr'><strong>illorum</strong></span> <span class='ocrx_word' id='word_1_138' title='bbox 1487 1961 1927 2022; x_wconf 77' lang='lat' dir='ltr'><strong>consuetudinis,</strong></span> <span class='ocrx_word' id='word_1_139' title='bbox 1967 1969 2025 2013; x_wconf 91' lang='lat' dir='ltr'><strong>ut</strong></span> <span class='ocrx_word' id='word_1_140' title='bbox 2047 1973 2336 2029; x_wconf 86' lang='lat' dir='ltr'><strong>propemo-</strong></span> 
     </span>
    </p>
   </div>
   <div class='ocr_carea' id='block_1_22' title="bbox 771 2053 2337 2128">
    <p class='ocr_par' dir='ltr' id='par_1_22' title="bbox 771 2053 2337 2128">
     <span class='ocr_line' id='line_1_22' title="bbox 771 2053 2337 2128; baseline -0.006 -15"><span class='ocrx_word' id='word_1_141' title='bbox 771 2062 901 2112; x_wconf 89' lang='lat' dir='ltr'><strong>dum</strong></span> <span class='ocrx_word' id='word_1_142' title='bbox 958 2059 1160 2128; x_wconf 80' lang='lat' dir='ltr'><strong>gratias</strong></span> <span class='ocrx_word' id='word_1_143' title='bbox 1198 2057 1426 2108; x_wconf 85' lang='lat' dir='ltr'><strong>haberet</strong></span> <span class='ocrx_word' id='word_1_144' title='bbox 1473 2055 1726 2116; x_wconf 83' lang='lat' dir='ltr'><strong>Anulinn,</strong></span> <span class='ocrx_word' id='word_1_145' title='bbox 1780 2053 1926 2121; x_wconf 87' lang='lat' dir='ltr'><strong>quod</strong></span> <span class='ocrx_word' id='word_1_146' title='bbox 1977 2067 2101 2104; x_wconf 87' lang='lat' dir='ltr'><strong>eum</strong></span> <span class='ocrx_word' id='word_1_147' title='bbox 2145 2066 2337 2104; x_wconf 85' lang='lat' dir='ltr'><strong>rursus</strong></span> 
     </span>
    </p>
   </div>
   <div class='ocr_carea' id='block_1_23' title="bbox 770 2141 2336 2218">
    <p class='ocr_par' dir='ltr' id='par_1_23' title="bbox 770 2141 2336 2218">
     <span class='ocr_line' id='line_1_23' title="bbox 770 2141 2336 2218; baseline -0.007 -12"><span class='ocrx_word' id='word_1_148' title='bbox 770 2148 1145 2218; x_wconf 81' lang='lat' dir='ltr'><strong>conjunxisset</strong></span> <span class='ocrx_word' id='word_1_149' title='bbox 1169 2145 1408 2206; x_wconf 86' lang='lat' dir='ltr'><strong>cnmiis,</strong></span> <span class='ocrx_word' id='word_1_150' title='bbox 1461 2159 1600 2213; x_wconf 91' lang='lat' dir='ltr'><strong>quos</strong></span> <span class='ocrx_word' id='word_1_151' title='bbox 1639 2143 2008 2197; x_wconf 88' lang='lat' dir='ltr'><strong>desiderabat.</strong></span> <span class='ocrx_word' id='word_1_152' title='bbox 2063 2141 2201 2196; x_wconf 89' lang='lat' dir='ltr'><strong>Cum</strong></span> <span class='ocrx_word' id='word_1_153' title='bbox 2256 2143 2336 2196; x_wconf 91' lang='lat' dir='ltr'><strong>eis</strong></span> 
     </span>
    </p>
   </div>
   <div class='ocr_carea' id='block_1_24' title="bbox 771 2235 2338 2310">
    <p class='ocr_par' dir='ltr' id='par_1_24' title="bbox 771 2235 2338 2310">
     <span class='ocr_line' id='line_1_24' title="bbox 771 2235 2338 2310; baseline -0.006 -16"><span class='ocrx_word' id='word_1_154' title='bbox 771 2257 902 2310; x_wconf 73' lang='lat' dir='ltr'><strong>ergo</strong></span> <span class='ocrx_word' id='word_1_155' title='bbox 932 2253 1284 2306; x_wconf 73' lang='lat' dir='ltr'><strong>congressus,</strong></span> <span class='ocrx_word' id='word_1_156' title='bbox 1311 2245 1368 2289; x_wconf 91' lang='lat' dir='ltr'><strong>et</strong></span> <span class='ocrx_word' id='word_1_157' title='bbox 1410 2249 1660 2304; x_wconf 79' lang='lat' dir='ltr'><strong>magnam</strong></span> <span class='ocrx_word' id='word_1_158' title='bbox 1690 2236 1906 2302; x_wconf 84' lang='lat' dir='ltr'><strong>accepit</strong></span> <span class='ocrx_word' id='word_1_159' title='bbox 1929 2235 2243 2299; x_wconf 83' lang='lat' dir='ltr'><strong>utilitatem,</strong></span> <span class='ocrx_word' id='word_1_160' title='bbox 2279 2243 2338 2286; x_wconf 88' lang='lat' dir='ltr'><strong>ut</strong></span> 
     </span>
    </p>
   </div>
   <div class='ocr_carea' id='block_1_25' title="bbox 768 2326 2339 2400">
    <p class='ocr_par' dir='ltr' id='par_1_25' title="bbox 768 2326 2339 2400">
     <span class='ocr_line' id='line_1_25' title="bbox 768 2326 2339 2400; baseline -0.005 -14"><span class='ocrx_word' id='word_1_161' title='bbox 768 2331 889 2400; x_wconf 86' lang='lat' dir='ltr'><strong>ipse</strong></span> <span class='ocrx_word' id='word_1_162' title='bbox 919 2332 1082 2384; x_wconf 83' lang='lat' dir='ltr'><strong>etiam</strong></span> <span class='ocrx_word' id='word_1_163' title='bbox 1115 2329 1352 2382; x_wconf 83' lang='lat' dir='ltr'><strong>vicissim</strong></span> <span class='ocrx_word' id='word_1_164' title='bbox 1401 2327 1587 2380; x_wconf 82' lang='lat' dir='ltr'><strong>intulit</strong></span> <span class='ocrx_word' id='word_1_165' title='bbox 1629 2343 1692 2380; x_wconf 85' lang='lat' dir='ltr'><strong>ea</strong></span> <span class='ocrx_word' id='word_1_166' title='bbox 1731 2342 1852 2394; x_wconf 76' lang='lat' dir='ltr'><strong>qua:</strong></span> <span class='ocrx_word' id='word_1_167' title='bbox 1877 2326 2245 2392; x_wconf 81' lang='lat' dir='ltr'><strong>erantutilia;</strong></span> <span class='ocrx_word' id='word_1_168' title='bbox 2284 2335 2339 2378; x_wconf 89' lang='lat' dir='ltr'><strong>et</strong></span> 
     </span>
    </p>
   </div>
   <div class='ocr_carea' id='block_1_26' title="bbox 769 2417 2336 2488">
    <p class='ocr_par' dir='ltr' id='par_1_26' title="bbox 769 2417 2336 2488">
     <span class='ocr_line' id='line_1_26' title="bbox 769 2417 2336 2488; baseline -0.004 -10"><span class='ocrx_word' id='word_1_169' title='bbox 769 2438 871 2478; x_wconf 89' lang='lat' dir='ltr'><strong>eos</strong></span> <span class='ocrx_word' id='word_1_170' title='bbox 901 2422 1037 2476; x_wconf 88' lang='lat' dir='ltr'><strong>satis</strong></span> <span class='ocrx_word' id='word_1_171' title='bbox 1066 2419 1133 2474; x_wconf 90' lang='lat' dir='ltr'><strong>ad</strong></span> <span class='ocrx_word' id='word_1_172' title='bbox 1167 2419 1494 2484; x_wconf 89' lang='lat' dir='ltr'><strong>certamina,</strong></span> <span class='ocrx_word' id='word_1_173' title='bbox 1543 2428 1599 2473; x_wconf 88' lang='lat' dir='ltr'><strong>et</strong></span> <span class='ocrx_word' id='word_1_174' title='bbox 1651 2433 1883 2488; x_wconf 88' lang='lat' dir='ltr'><strong>puerum</strong></span> <span class='ocrx_word' id='word_1_175' title='bbox 1922 2419 2170 2473; x_wconf 84' lang='lat' dir='ltr'><strong>incitavit</strong></span> <span class='ocrx_word' id='word_1_176' title='bbox 2216 2417 2336 2473; x_wconf 86' lang='lat' dir='ltr'><strong>Cel-</strong></span> 
     </span>
    </p>
   </div>
   <div class='ocr_carea' id='block_1_27' title="bbox 772 2509 2336 2581">
    <p class='ocr_par' dir='ltr' id='par_1_27' title="bbox 772 2509 2336 2581">
     <span class='ocr_line' id='line_1_27' title="bbox 772 2509 2336 2581; baseline -0.003 -14"><span class='ocrx_word' id='word_1_177' title='bbox 772 2516 961 2568; x_wconf 90' lang='lat' dir='ltr'><strong>sium:</strong></span> <span class='ocrx_word' id='word_1_178' title='bbox 1005 2528 1167 2580; x_wconf 89' lang='lat' dir='ltr'><strong>quem</strong></span> <span class='ocrx_word' id='word_1_179' title='bbox 1224 2527 1456 2580; x_wconf 85' lang='lat' dir='ltr'><strong>puerum</strong></span> <span class='ocrx_word' id='word_1_180' title='bbox 1506 2511 1730 2580; x_wconf 86' lang='lat' dir='ltr'><strong>quidem</strong></span> <span class='ocrx_word' id='word_1_181' title='bbox 1779 2527 1985 2575; x_wconf 84' lang='lat' dir='ltr'><strong>sermo,</strong></span> <span class='ocrx_word' id='word_1_182' title='bbox 2028 2509 2336 2581; x_wconf 74' lang='lat' dir='ltr'><strong>perfectum</strong></span> 
     </span>
    </p>
   </div>
   <div class='ocr_carea' id='block_1_28' title="bbox 771 2601 1418 2657">
    <p class='ocr_par' dir='ltr' id='par_1_28' title="bbox 771 2601 1418 2657">
     <span class='ocr_line' id='line_1_28' title="bbox 771 2601 1418 2657; baseline -0.002 0"><span class='ocrx_word' id='word_1_183' title='bbox 771 2612 958 2657; x_wconf 59' lang='lat' dir='ltr'><strong>autem</strong></span> <span class='ocrx_word' id='word_1_184' title='bbox 988 2601 1229 2655; x_wconf 60' lang='lat' dir='ltr'><strong>Osielldil</strong></span> <span class='ocrx_word' id='word_1_185' title='bbox 1258 2601 1418 2656; x_wconf 65' lang='lat' dir='ltr'><strong>actio.</strong></span> 
     </span>
    </p>
   </div>
   <div class='ocr_carea' id='block_1_29' title="bbox 846 2802 2341 2872">
    <p class='ocr_par' dir='ltr' id='par_1_29' title="bbox 846 2802 2341 2872">
     <span class='ocr_line' id='line_1_29' title="bbox 846 2802 2341 2872; baseline -0.004 -10"><span class='ocrx_word' id='word_1_186' title='bbox 846 2807 981 2862; x_wconf 84' lang='lat' dir='ltr'><strong>Vill.</strong></span> <span class='ocrx_word' id='word_1_187' title='bbox 1023 2804 1293 2860; x_wconf 84' lang='lat' dir='ltr'><strong>Anuiinus</strong></span> <span class='ocrx_word' id='word_1_188' title='bbox 1356 2810 1540 2857; x_wconf 82' lang='lat' dir='ltr'><strong>autem</strong></span> <span class='ocrx_word' id='word_1_189' title='bbox 1586 2819 1713 2856; x_wconf 87' lang='lat' dir='ltr'><strong>cum</strong></span> <span class='ocrx_word' id='word_1_190' title='bbox 1759 2803 1826 2858; x_wconf 90' lang='lat' dir='ltr'><strong>de</strong></span> <span class='ocrx_word' id='word_1_191' title='bbox 1862 2802 2091 2858; x_wconf 82' lang='lat' dir='ltr'><strong>Nazario</strong></span> <span class='ocrx_word' id='word_1_192' title='bbox 2127 2803 2341 2872; x_wconf 79' lang='lat' dir='ltr'><strong>singula</strong></span> 
     </span>
    </p>
   </div>
   <div class='ocr_carea' id='block_1_30' title="bbox 774 2893 2344 2962">
    <p class='ocr_par' dir='ltr' id='par_1_30' title="bbox 774 2893 2344 2962">
     <span class='ocr_line' id='line_1_30' title="bbox 774 2893 2344 2962; baseline -0.004 -10"><span class='ocrx_word' id='word_1_193' title='bbox 774 2908 967 2952; x_wconf 83' lang='lat' dir='ltr'><strong>exacte</strong></span> <span class='ocrx_word' id='word_1_194' title='bbox 980 2895 1282 2956; x_wconf 83' lang='lat' dir='ltr'><strong>didicisset,</strong></span> <span class='ocrx_word' id='word_1_195' title='bbox 1307 2893 1615 2948; x_wconf 86' lang='lat' dir='ltr'><strong>mirabatur</strong></span> <span class='ocrx_word' id='word_1_196' title='bbox 1647 2894 2107 2962; x_wconf 87' lang='lat' dir='ltr'><strong>quemadmodum</strong></span> <span class='ocrx_word' id='word_1_197' title='bbox 2133 2894 2344 2962; x_wconf 55' lang='lat' dir='ltr'><strong>potuis.</strong></span> 
     </span>
    </p>
   </div>
   <div class='ocr_carea' id='block_1_31' title="bbox 775 2984 2344 3055">
    <p class='ocr_par' dir='ltr' id='par_1_31' title="bbox 775 2984 2344 3055">
     <span class='ocr_line' id='line_1_31' title="bbox 775 2984 2344 3055; baseline -0.003 -12"><span class='ocrx_word' id='word_1_198' title='bbox 775 2997 863 3043; x_wconf 90' lang='lat' dir='ltr'><strong>set</strong></span> <span class='ocrx_word' id='word_1_199' title='bbox 911 2986 1151 3055; x_wconf 75' lang='lat' dir='ltr'><strong>ell‘ugere</strong></span> <span class='ocrx_word' id='word_1_200' title='bbox 1189 2984 1463 3039; x_wconf 78' lang='lat' dir='ltr'><strong>Neronem</strong></span> <span class='ocrx_word' id='word_1_201' title='bbox 1512 2985 1743 3054; x_wconf 83' lang='lat' dir='ltr'><strong>(sciebat</strong></span> <span class='ocrx_word' id='word_1_202' title='bbox 1782 2986 1951 3048; x_wconf 88' lang='lat' dir='ltr'><strong>enim,</strong></span> <span class='ocrx_word' id='word_1_203' title='bbox 1990 3000 2153 3053; x_wconf 91' lang='lat' dir='ltr'><strong>quam</strong></span> <span class='ocrx_word' id='word_1_204' title='bbox 2198 2997 2344 3040; x_wconf 63' lang='lat' dir='ltr'><strong>esset</strong></span> 
     </span>
    </p>
   </div>
   <div class='ocr_carea' id='block_1_32' title="bbox 777 3075 2341 3147">
    <p class='ocr_par' dir='ltr' id='par_1_32' title="bbox 777 3075 2341 3147">
     <span class='ocr_line' id='line_1_32' title="bbox 777 3075 2341 3147; baseline -0.004 -12"><span class='ocrx_word' id='word_1_205' title='bbox 777 3081 1092 3135; x_wconf 77' lang='lat' dir='ltr'><strong>furiosuset</strong></span> <span class='ocrx_word' id='word_1_206' title='bbox 1111 3092 1273 3144; x_wconf 88' lang='lat' dir='ltr'><strong>quam</strong></span> <span class='ocrx_word' id='word_1_207' title='bbox 1292 3076 1443 3129; x_wconf 77' lang='lat' dir='ltr'><strong>ferus</strong></span> <span class='ocrx_word' id='word_1_208' title='bbox 1463 3075 1652 3144; x_wconf 85' lang='lat' dir='ltr'><strong>Nero),</strong></span> <span class='ocrx_word' id='word_1_209' title='bbox 1671 3075 1855 3145; x_wconf 90' lang='lat' dir='ltr'><strong>lupum</strong></span> <span class='ocrx_word' id='word_1_210' title='bbox 1875 3092 2068 3147; x_wconf 75' lang='lat' dir='ltr'><strong>agnus,</strong></span> <span class='ocrx_word' id='word_1_211' title='bbox 2095 3085 2154 3130; x_wconf 90' lang='lat' dir='ltr'><strong>ut</strong></span> <span class='ocrx_word' id='word_1_212' title='bbox 2169 3077 2341 3129; x_wconf 88' lang='lat' dir='ltr'><strong>aiunt.</strong></span> 
     </span>
    </p>
   </div>
   <div class='ocr_carea' id='block_1_33' title="bbox 2443 594 4030 668">
    <p class='ocr_par' dir='ltr' id='par_1_33' title="bbox 2443 594 4030 668">
     <span class='ocr_line' id='line_1_33' title="bbox 2443 594 4030 668; baseline -0.001 -22"><span class='ocrx_word' id='word_1_213' title='bbox 2443 598 2508 665; x_wconf 77' lang='grc' dir='ltr'><strong>τῇ</strong></span> <span class='ocrx_word' id='word_1_214' title='bbox 2549 598 2730 668; x_wconf 81' lang='grc' dir='ltr'>χέρσῳ</span> <span class='ocrx_word' id='word_1_215' title='bbox 2769 595 3046 667; x_wconf 76' lang='grc' dir='ltr'><strong>Ναζάριος</strong></span> <span class='ocrx_word' id='word_1_216' title='bbox 3081 597 3162 660; x_wconf 82' lang='grc' dir='ltr'><strong>είς</strong></span> <span class='ocrx_word' id='word_1_217' title='bbox 3204 597 3362 650; x_wconf 80' lang='grc' dir='ltr'><strong>πόλιν</strong></span> <span class='ocrx_word' id='word_1_218' title='bbox 3409 598 3684 650; x_wconf 78' lang='grc' dir='ltr'><strong>Τένουσαν</strong></span> <span class='ocrx_word' id='word_1_219' title='bbox 3723 594 4030 662; x_wconf 71' lang='grc' dir='ltr'><strong>λεγομένην</strong></span> 
     </span>
    </p>
   </div>
   <div class='ocr_carea' id='block_1_34' title="bbox 2445 687 4032 759">
    <p class='ocr_par' dir='ltr' id='par_1_34' title="bbox 2445 687 4032 759">
     <span class='ocr_line' id='line_1_34' title="bbox 2445 687 4032 759; baseline -0.001 -19"><span class='ocrx_word' id='word_1_220' title='bbox 2445 688 2542 740; x_wconf 84' lang='grc' dir='ltr'><strong>σὺν</strong></span> <span class='ocrx_word' id='word_1_221' title='bbox 2579 689 2727 757; x_wconf 86' lang='grc' dir='ltr'><strong>αὑτῷ</strong></span> <span class='ocrx_word' id='word_1_222' title='bbox 2760 689 3098 759; x_wconf 76' lang='grc' dir='ltr'><strong>μεταϐαίνει,</strong></span> <span class='ocrx_word' id='word_1_223' title='bbox 3147 689 3403 742; x_wconf 68' lang='grc' dir='ltr'><strong>κάκεῖθεν</strong></span> <span class='ocrx_word' id='word_1_224' title='bbox 3439 690 3663 757; x_wconf 77' lang='grc' dir='ltr'><strong>ἀπάρας</strong></span> <span class='ocrx_word' id='word_1_225' title='bbox 3713 689 3775 739; x_wconf 75' lang='grc' dir='ltr'><strong>ὲν</strong></span> <span class='ocrx_word' id='word_1_226' title='bbox 3828 687 4032 738; x_wconf 55' lang='lat' dir='ltr'><strong>mea.</strong></span> 
     </span>
    </p>
   </div>
   <div class='ocr_carea' id='block_1_35' title="bbox 2441 775 4033 850">
    <p class='ocr_par' dir='ltr' id='par_1_35' title="bbox 2441 775 4033 850">
     <span class='ocr_line' id='line_1_35' title="bbox 2441 775 4033 850; baseline -0.004 -19"><span class='ocrx_word' id='word_1_227' title='bbox 2441 780 2623 842; x_wconf 85' lang='grc' dir='ltr'><strong>λάνοις</strong></span> <span class='ocrx_word' id='word_1_228' title='bbox 2655 781 2898 848; x_wconf 89' lang='grc' dir='ltr'><strong>γίνεται,</strong></span> <span class='ocrx_word' id='word_1_229' title='bbox 2927 779 3027 849; x_wconf 82' lang='grc' dir='ltr'><strong>τῆς</strong></span> <span class='ocrx_word' id='word_1_230' title='bbox 3059 782 3326 850; x_wconf 80' lang='grc' dir='ltr'><strong>προτέρας</strong></span> <span class='ocrx_word' id='word_1_231' title='bbox 3358 783 3454 831; x_wconf 79' lang='grc' dir='ltr'><strong>καὶ</strong></span> <span class='ocrx_word' id='word_1_232' title='bbox 3480 775 3636 841; x_wconf 78' lang='grc' dir='ltr'><strong>αὖθις</strong></span> <span class='ocrx_word' id='word_1_233' title='bbox 3670 777 4033 841; x_wconf 67' lang='grc' dir='ltr'><strong>διδασκαλίας</strong></span> 
     </span>
    </p>
   </div>
   <div class='ocr_carea' id='block_1_36' title="bbox 2440 867 4028 941">
    <p class='ocr_par' dir='ltr' id='par_1_36' title="bbox 2440 867 4028 941">
     <span class='ocr_line' id='line_1_36' title="bbox 2440 867 4028 941; baseline -0.002 -19"><span class='ocrx_word' id='word_1_234' title='bbox 2440 872 2720 941; x_wconf 75' lang='grc' dir='ltr'><strong>ἐχόμενος,</strong></span> <span class='ocrx_word' id='word_1_235' title='bbox 2747 875 2842 925; x_wconf 75' lang='grc' dir='ltr'><strong>καὶ</strong></span> <span class='ocrx_word' id='word_1_236' title='bbox 2872 872 3071 941; x_wconf 72' lang='grc' dir='ltr'><strong>νέκταρ</strong></span> <span class='ocrx_word' id='word_1_237' title='bbox 3102 871 3200 940; x_wconf 63' lang='grc' dir='ltr'><strong>ἡδὺ</strong></span> <span class='ocrx_word' id='word_1_238' title='bbox 3229 873 3358 934; x_wconf 83' lang='grc' dir='ltr'><strong>τοὺς</strong></span> <span class='ocrx_word' id='word_1_239' title='bbox 3401 872 3552 933; x_wconf 71' lang='grc' dir='ltr'><strong>υίοίδς</strong></span> <span class='ocrx_word' id='word_1_240' title='bbox 3575 871 3747 930; x_wconf 76' lang='grc' dir='ltr'><strong>ὅντως</strong></span> <span class='ocrx_word' id='word_1_241' title='bbox 3779 867 4028 930; x_wconf 73' lang='grc' dir='ltr'><strong>ποτίζων</strong></span> 
     </span>
    </p>
   </div>
   <div class='ocr_carea' id='block_1_37' title="bbox 2438 958 4029 1031">
    <p class='ocr_par' dir='ltr' id='par_1_37' title="bbox 2438 958 4029 1031">
     <span class='ocr_line' id='line_1_37' title="bbox 2438 958 4029 1031; baseline -0.004 -17"><span class='ocrx_word' id='word_1_242' title='bbox 2438 962 2540 1030; x_wconf 80' lang='grc' dir='ltr'><strong>τῆς</strong></span> <span class='ocrx_word' id='word_1_243' title='bbox 2574 961 2879 1031; x_wconf 70' lang='grc' dir='ltr'><strong>βασιλείας.</strong></span> <span class='ocrx_word' id='word_1_244' title='bbox 2923 961 3082 1014; x_wconf 77' lang='grc' dir='ltr'><strong>Ἀλλὰ</strong></span> <span class='ocrx_word' id='word_1_245' title='bbox 3115 961 3276 1014; x_wconf 84' lang='grc' dir='ltr'><strong>πάλιν</strong></span> <span class='ocrx_word' id='word_1_246' title='bbox 3316 961 3480 1013; x_wconf 76' lang='grc' dir='ltr'><strong>αὐτὸν</strong></span> <span class='ocrx_word' id='word_1_247' title='bbox 3517 961 3569 1010; x_wconf 77' lang='lat' dir='ltr'><strong>oi</strong></span> <span class='ocrx_word' id='word_1_248' title='bbox 3601 959 3697 1025; x_wconf 83' lang='grc' dir='ltr'><strong>τῆς</strong></span> <span class='ocrx_word' id='word_1_249' title='bbox 3721 958 3939 1018; x_wconf 77' lang='grc' dir='ltr'><strong>πόλεως</strong></span> <span class='ocrx_word' id='word_1_250' title='bbox 3968 958 4029 1008; x_wconf 78' lang='grc' dir='ltr'><strong>τδ</strong></span> 
     </span>
    </p>
   </div>
   <div class='ocr_carea' id='block_1_38' title="bbox 2439 1048 4028 1122">
    <p class='ocr_par' dir='ltr' id='par_1_38' title="bbox 2439 1048 4028 1122">
     <span class='ocr_line' id='line_1_38' title="bbox 2439 1048 4028 1122; baseline -0.005 -18"><span class='ocrx_word' id='word_1_251' title='bbox 2439 1051 2538 1121; x_wconf 81' lang='grc' dir='ltr'><strong>τῆς</strong></span> <span class='ocrx_word' id='word_1_252' title='bbox 2587 1051 2870 1113; x_wconf 69' lang='grc' dir='ltr'><strong>εὐσεϐείας</strong></span> <span class='ocrx_word' id='word_1_253' title='bbox 2918 1054 3179 1122; x_wconf 76' lang='grc' dir='ltr'><strong>κήρυγμα</strong></span> <span class='ocrx_word' id='word_1_254' title='bbox 3235 1049 3581 1118; x_wconf 72' lang='grc' dir='ltr'><strong>διαγγέλλειν</strong></span> <span class='ocrx_word' id='word_1_255' title='bbox 3637 1048 3698 1099; x_wconf 86' lang='grc' dir='ltr'><strong>οῦ</strong></span> <span class='ocrx_word' id='word_1_256' title='bbox 3759 1048 4028 1115; x_wconf 67' lang='grc' dir='ltr'><strong>παρείκοι</strong></span> 
     </span>
    </p>
   </div>
   <div class='ocr_carea' id='block_1_39' title="bbox 2439 1140 4029 1216">
    <p class='ocr_par' dir='ltr' id='par_1_39' title="bbox 2439 1140 4029 1216">
     <span class='ocr_line' id='line_1_39' title="bbox 2439 1140 4029 1216; baseline -0.004 -20"><span class='ocrx_word' id='word_1_257' title='bbox 2439 1146 2784 1216; x_wconf 73' lang='grc' dir='ltr'><strong>ιλευθερίως.</strong></span> <span class='ocrx_word' id='word_1_258' title='bbox 2814 1145 2952 1198; x_wconf 74' lang='grc' dir='ltr'><strong>ἀλλὰ</strong></span> <span class='ocrx_word' id='word_1_259' title='bbox 2995 1144 3078 1214; x_wconf 83' lang='grc' dir='ltr'><strong>τῷ</strong></span> <span class='ocrx_word' id='word_1_260' title='bbox 3115 1145 3336 1214; x_wconf 75' lang='grc' dir='ltr'><strong>ἄρχοντι</strong></span> <span class='ocrx_word' id='word_1_261' title='bbox 3377 1141 3666 1212; x_wconf 80' lang='grc' dir='ltr'><strong>Ἀνουλίνῳ</strong></span> <span class='ocrx_word' id='word_1_262' title='bbox 3698 1141 3780 1209; x_wconf 86' lang='grc' dir='ltr'><strong>τῷ</strong></span> <span class='ocrx_word' id='word_1_263' title='bbox 3823 1140 4029 1200; x_wconf 73' lang='grc' dir='ltr'><strong>πολλάς</strong></span> 
     </span>
    </p>
   </div>
   <div class='ocr_carea' id='block_1_40' title="bbox 2438 1232 4026 1308">
    <p class='ocr_par' dir='ltr' id='par_1_40' title="bbox 2438 1232 4026 1308">
     <span class='ocr_line' id='line_1_40' title="bbox 2438 1232 4026 1308; baseline -0.007 -17"><span class='ocrx_word' id='word_1_264' title='bbox 2438 1237 2586 1305; x_wconf 83' lang='grc' dir='ltr'><strong>αὑτῷ</strong></span> <span class='ocrx_word' id='word_1_265' title='bbox 2635 1239 2727 1290; x_wconf 79' lang='grc' dir='ltr'><strong>καὶ</strong></span> <span class='ocrx_word' id='word_1_266' title='bbox 2771 1239 3033 1308; x_wconf 82' lang='grc' dir='ltr'><strong>πρότερον</strong></span> <span class='ocrx_word' id='word_1_267' title='bbox 3085 1236 3226 1288; x_wconf 80' lang='grc' dir='ltr'><strong>κατὰ.</strong></span> <span class='ocrx_word' id='word_1_268' title='bbox 3268 1235 3378 1287; x_wconf 83' lang='grc' dir='ltr'><strong>τῶν</strong></span> <span class='ocrx_word' id='word_1_269' title='bbox 3421 1233 3667 1304; x_wconf 81' lang='grc' dir='ltr'><strong>παρειῶν</strong></span> <span class='ocrx_word' id='word_1_270' title='bbox 3728 1232 4026 1294; x_wconf 81' lang='grc' dir='ltr'><strong>παίσαντι,</strong></span> 
     </span>
    </p>
   </div>
   <div class='ocr_carea' id='block_1_41' title="bbox 2443 1323 4028 1398">
    <p class='ocr_par' dir='ltr' id='par_1_41' title="bbox 2443 1323 4028 1398">
     <span class='ocr_line' id='line_1_41' title="bbox 2443 1323 4028 1398; baseline -0.004 -17"><span class='ocrx_word' id='word_1_271' title='bbox 2443 1327 2795 1390; x_wconf 58' lang='lat' dir='ltr'><strong>mximam;</strong></span> <span class='ocrx_word' id='word_1_272' title='bbox 2857 1327 3271 1396; x_wconf 71' lang='grc' dir='ltr'><strong>παραδιδοῦσιν,</strong></span> <span class='ocrx_word' id='word_1_273' title='bbox 3324 1327 3356 1398; x_wconf 74' lang='grc' dir='ltr'>ἢ</span> <span class='ocrx_word' id='word_1_274' title='bbox 3410 1325 3476 1378; x_wconf 80' lang='grc' dir='ltr'><strong>δι’</strong></span> <span class='ocrx_word' id='word_1_275' title='bbox 3530 1325 3780 1388; x_wconf 76' lang='grc' dir='ltr'><strong>ἐκείνων,</strong></span> <span class='ocrx_word' id='word_1_276' title='bbox 3823 1323 4028 1392; x_wconf 70' lang='grc' dir='ltr'><strong>μᾶλλον</strong></span> 
     </span>
    </p>
   </div>
   <div class='ocr_carea' id='block_1_42' title="bbox 2437 1416 4026 1490">
    <p class='ocr_par' dir='ltr' id='par_1_42' title="bbox 2437 1416 4026 1490">
     <span class='ocr_line' id='line_1_42' title="bbox 2437 1416 4026 1490; baseline -0.006 -17"><span class='ocrx_word' id='word_1_277' title='bbox 2437 1419 2748 1490; x_wconf 78' lang='grc' dir='ltr'><strong>φιλαληθῶς</strong></span> <span class='ocrx_word' id='word_1_278' title='bbox 2773 1423 2968 1483; x_wconf 86' lang='grc' dir='ltr'><strong>εἰπεῖν,</strong></span> <span class='ocrx_word' id='word_1_279' title='bbox 3000 1421 3027 1471; x_wconf 81' lang='grc' dir='ltr'><strong>δ</strong></span> <span class='ocrx_word' id='word_1_280' title='bbox 3055 1419 3113 1483; x_wconf 78' lang='grc' dir='ltr'>ἐξ</span> <span class='ocrx_word' id='word_1_281' title='bbox 3143 1421 3319 1490; x_wconf 78' lang='grc' dir='ltr'><strong>ἀρχῆς</strong></span> <span class='ocrx_word' id='word_1_282' title='bbox 3352 1419 3622 1488; x_wconf 77' lang='grc' dir='ltr'><strong>βάσκανος</strong></span> <span class='ocrx_word' id='word_1_283' title='bbox 3681 1419 3777 1469; x_wconf 72' lang='grc' dir='ltr'><strong>καὶ</strong></span> <span class='ocrx_word' id='word_1_284' title='bbox 3831 1416 4026 1482; x_wconf 76' lang='grc' dir='ltr'><strong>μισάν-</strong></span> 
     </span>
    </p>
   </div>
   <div class='ocr_carea' id='block_1_43' title="bbox 2439 1508 4028 1583">
    <p class='ocr_par' dir='ltr' id='par_1_43' title="bbox 2439 1508 4028 1583">
     <span class='ocr_line' id='line_1_43' title="bbox 2439 1508 4028 1583; baseline -0.006 -17"><span class='ocrx_word' id='word_1_285' title='bbox 2439 1514 2678 1583; x_wconf 86' lang='grc' dir='ltr'><strong>θρωπος.</strong></span> <span class='ocrx_word' id='word_1_286' title='bbox 2711 1511 2774 1565; x_wconf 82' lang='grc' dir='ltr'>Ὀ</span> <span class='ocrx_word' id='word_1_287' title='bbox 2799 1512 2854 1564; x_wconf 86' lang='grc' dir='ltr'><strong>δὲ</strong></span> <span class='ocrx_word' id='word_1_288' title='bbox 2880 1515 2961 1574; x_wconf 86' lang='grc' dir='ltr'><strong>είς</strong></span> <span class='ocrx_word' id='word_1_289' title='bbox 2986 1514 3085 1580; x_wconf 75' lang='grc' dir='ltr'><strong>τὴν</strong></span> <span class='ocrx_word' id='word_1_290' title='bbox 3125 1513 3397 1581; x_wconf 83' lang='grc' dir='ltr'><strong>προτέραν</strong></span> <span class='ocrx_word' id='word_1_291' title='bbox 3436 1512 3532 1563; x_wconf 76' lang='grc' dir='ltr'><strong>καὶ</strong></span> <span class='ocrx_word' id='word_1_292' title='bbox 3565 1509 3724 1570; x_wconf 79' lang='grc' dir='ltr'><strong>αὖθις</strong></span> <span class='ocrx_word' id='word_1_293' title='bbox 3775 1508 4028 1574; x_wconf 53' lang='grc' dir='ltr'><strong>φρουρὰν</strong></span> 
     </span>
    </p>
   </div>
   <div class='ocr_carea' id='block_1_44' title="bbox 2439 1601 4026 1674">
    <p class='ocr_par' dir='ltr' id='par_1_44' title="bbox 2439 1601 4026 1674">
     <span class='ocr_line' id='line_1_44' title="bbox 2439 1601 4026 1674; baseline -0.006 -17"><span class='ocrx_word' id='word_1_294' title='bbox 2439 1605 2825 1657; x_wconf 67' lang='grc' dir='ltr'><strong>κατάκλειστον</strong></span> <span class='ocrx_word' id='word_1_295' title='bbox 2887 1605 3218 1674; x_wconf 75' lang='grc' dir='ltr'><strong>προστάττει</strong></span> <span class='ocrx_word' id='word_1_296' title='bbox 3277 1603 3554 1671; x_wconf 81' lang='grc' dir='ltr'><strong>γενέσθαι.</strong></span> <span class='ocrx_word' id='word_1_297' title='bbox 3632 1601 3904 1668; x_wconf 78' lang='grc' dir='ltr'><strong>Ναζαρίῳ</strong></span> <span class='ocrx_word' id='word_1_298' title='bbox 3972 1601 4026 1649; x_wconf 78' lang='grc' dir='ltr'><strong>δὲ</strong></span> 
     </span>
    </p>
   </div>
   <div class='ocr_carea' id='block_1_45' title="bbox 2439 1693 4023 1769">
    <p class='ocr_par' dir='ltr' id='par_1_45' title="bbox 2439 1693 4023 1769">
     <span class='ocr_line' id='line_1_45' title="bbox 2439 1693 4023 1769; baseline -0.008 -18"><span class='ocrx_word' id='word_1_299' title='bbox 2439 1701 2471 1766; x_wconf 75' lang='grc' dir='ltr'><strong>ἡ</strong></span> <span class='ocrx_word' id='word_1_300' title='bbox 2491 1699 2703 1769; x_wconf 74' lang='grc' dir='ltr'><strong>φρουρά</strong></span> <span class='ocrx_word' id='word_1_301' title='bbox 2731 1697 2871 1765; x_wconf 79' lang='grc' dir='ltr'><strong>αὕτη</strong></span> <span class='ocrx_word' id='word_1_302' title='bbox 2901 1697 3111 1749; x_wconf 80' lang='grc' dir='ltr'><strong>πολλῶν</strong></span> <span class='ocrx_word' id='word_1_303' title='bbox 3135 1695 3424 1764; x_wconf 84' lang='grc' dir='ltr'><strong>βασιλείων</strong></span> <span class='ocrx_word' id='word_1_304' title='bbox 3453 1693 3754 1762; x_wconf 87' lang='grc' dir='ltr'><strong>τιμιωτέρα</strong></span> <span class='ocrx_word' id='word_1_305' title='bbox 3789 1694 4023 1756; x_wconf 77' lang='grc' dir='ltr'><strong>γίνεται,</strong></span> 
     </span>
    </p>
   </div>
   <div class='ocr_carea' id='block_1_46' title="bbox 2440 1783 4026 1856">
    <p class='ocr_par' dir='ltr' id='par_1_46' title="bbox 2440 1783 4026 1856">
     <span class='ocr_line' id='line_1_46' title="bbox 2440 1783 4026 1856; baseline -0.006 -17"><span class='ocrx_word' id='word_1_306' title='bbox 2440 1788 2644 1856; x_wconf 81' lang='grc' dir='ltr'><strong>λειμὼν</strong></span> <span class='ocrx_word' id='word_1_307' title='bbox 2664 1787 2915 1856; x_wconf 76' lang='grc' dir='ltr'><strong>εὐανθὴς,</strong></span> <span class='ocrx_word' id='word_1_308' title='bbox 2948 1789 3067 1849; x_wconf 80' lang='grc' dir='ltr'><strong>νέος</strong></span> <span class='ocrx_word' id='word_1_309' title='bbox 3092 1787 3441 1856; x_wconf 75' lang='grc' dir='ltr'><strong>παράδεισος.</strong></span> <span class='ocrx_word' id='word_1_310' title='bbox 3486 1785 3692 1836; x_wconf 71' lang='grc' dir='ltr'><strong>Ἐκεῖπε</strong></span> <span class='ocrx_word' id='word_1_311' title='bbox 3718 1783 3828 1850; x_wconf 70' lang='grc' dir='ltr'><strong>γὰρ</strong></span> <span class='ocrx_word' id='word_1_312' title='bbox 3856 1783 4026 1831; x_wconf 71' lang='grc' dir='ltr'><strong>είτελ-</strong></span> 
     </span>
    </p>
   </div>
   <div class='ocr_carea' id='block_1_47' title="bbox 2437 1874 4023 1949">
    <p class='ocr_par' dir='ltr' id='par_1_47' title="bbox 2437 1874 4023 1949">
     <span class='ocr_line' id='line_1_47' title="bbox 2437 1874 4023 1949; baseline -0.009 -17"><span class='ocrx_word' id='word_1_313' title='bbox 2437 1880 2546 1932; x_wconf 82' lang='grc' dir='ltr'><strong>θὼν</strong></span> <span class='ocrx_word' id='word_1_314' title='bbox 2566 1880 2847 1949; x_wconf 78' lang='grc' dir='ltr'><strong>Γερὸασίῳ</strong></span> <span class='ocrx_word' id='word_1_315' title='bbox 2865 1897 2924 1932; x_wconf 89' lang='grc' dir='ltr'><strong>τε</strong></span> <span class='ocrx_word' id='word_1_316' title='bbox 2949 1881 3044 1932; x_wconf 81' lang='grc' dir='ltr'><strong>καὶ</strong></span> <span class='ocrx_word' id='word_1_317' title='bbox 3073 1879 3359 1947; x_wconf 61' lang='grc' dir='ltr'><strong>Προτασίῳ</strong></span> <span class='ocrx_word' id='word_1_318' title='bbox 3383 1879 3492 1937; x_wconf 86' lang='grc' dir='ltr'><strong>τοῖς</strong></span> <span class='ocrx_word' id='word_1_319' title='bbox 3520 1874 3808 1934; x_wconf 78' lang='grc' dir='ltr'><strong>συνάολοις</strong></span> <span class='ocrx_word' id='word_1_320' title='bbox 3833 1889 3901 1921; x_wconf 72' lang='grc' dir='ltr'><strong>συ</strong></span> <span class='ocrx_word' id='word_1_321' title='bbox 3921 1874 4023 1939; x_wconf 65' lang='grc' dir='ltr'><strong>κῆν,</strong></span> 
     </span>
    </p>
   </div>
   <div class='ocr_carea' id='block_1_48' title="bbox 2440 1962 4024 2041">
    <p class='ocr_par' dir='ltr' id='par_1_48' title="bbox 2440 1962 4024 2041">
     <span class='ocr_line' id='line_1_48' title="bbox 2440 1962 4024 2041; baseline -0.009 -19"><span class='ocrx_word' id='word_1_322' title='bbox 2440 1969 2528 2037; x_wconf 74' lang='grc' dir='ltr'><strong>ὑφ’</strong></span> <span class='ocrx_word' id='word_1_323' title='bbox 2553 1963 2628 2022; x_wconf 79' lang='grc' dir='ltr'><strong>ὢν</strong></span> <span class='ocrx_word' id='word_1_324' title='bbox 2654 1970 2774 2021; x_wconf 85' lang='grc' dir='ltr'><strong>ὅσαι</strong></span> <span class='ocrx_word' id='word_1_325' title='bbox 2806 1963 2946 2041; x_wconf 78' lang='grc' dir='ltr'><strong>ὧραι</strong></span> <span class='ocrx_word' id='word_1_326' title='bbox 2978 1969 3229 2036; x_wconf 82' lang='grc' dir='ltr'><strong>καθάπερ</strong></span> <span class='ocrx_word' id='word_1_327' title='bbox 3263 1967 3366 2018; x_wconf 74' lang='grc' dir='ltr'><strong>ὑπό</strong></span> <span class='ocrx_word' id='word_1_328' title='bbox 3393 1983 3555 2016; x_wconf 82' lang='grc' dir='ltr'><strong>τινων</strong></span> <span class='ocrx_word' id='word_1_329' title='bbox 3584 1963 3847 2028; x_wconf 71' lang='grc' dir='ltr'><strong>ποταμιὶν</strong></span> <span class='ocrx_word' id='word_1_330' title='bbox 3880 1962 4024 2009; x_wconf 77' lang='grc' dir='ltr'><strong>εκεί-</strong></span> 
     </span>
    </p>
   </div>
   <div class='ocr_carea' id='block_1_49' title="bbox 2439 2055 4024 2130">
    <p class='ocr_par' dir='ltr' id='par_1_49' title="bbox 2439 2055 4024 2130">
     <span class='ocr_line' id='line_1_49' title="bbox 2439 2055 4024 2130; baseline -0.008 -16"><span class='ocrx_word' id='word_1_331' title='bbox 2439 2080 2533 2130; x_wconf 87' lang='grc' dir='ltr'><strong>νης</strong></span> <span class='ocrx_word' id='word_1_332' title='bbox 2560 2062 2928 2130; x_wconf 76' lang='grc' dir='ltr'><strong>ἁρδευομένης</strong></span> <span class='ocrx_word' id='word_1_333' title='bbox 2953 2063 3018 2112; x_wconf 82' lang='grc' dir='ltr'><strong>τὰ</strong></span> <span class='ocrx_word' id='word_1_334' title='bbox 3043 2061 3239 2128; x_wconf 64' lang='grc' dir='ltr'><strong>ἥδιστα</strong></span> <span class='ocrx_word' id='word_1_335' title='bbox 3265 2060 3363 2125; x_wconf 78' lang='grc' dir='ltr'><strong>τῆς</strong></span> <span class='ocrx_word' id='word_1_336' title='bbox 3398 2059 3622 2108; x_wconf 73' lang='grc' dir='ltr'><strong>ἐκείνων</strong></span> <span class='ocrx_word' id='word_1_337' title='bbox 3645 2056 3863 2122; x_wconf 73' lang='grc' dir='ltr'><strong>ὁμιλίας</strong></span> <span class='ocrx_word' id='word_1_338' title='bbox 3894 2055 4024 2121; x_wconf 71' lang='grc' dir='ltr'><strong>άιθη</strong></span> 
     </span>
    </p>
   </div>
   <div class='ocr_carea' id='block_1_50' title="bbox 2438 2147 4028 2222">
    <p class='ocr_par' dir='ltr' id='par_1_50' title="bbox 2438 2147 4028 2222">
     <span class='ocr_line' id='line_1_50' title="bbox 2438 2147 4028 2222; baseline -0.006 -17"><span class='ocrx_word' id='word_1_339' title='bbox 2438 2154 2768 2222; x_wconf 84' lang='grc' dir='ltr'><strong>δρεπόμενος</strong></span> <span class='ocrx_word' id='word_1_340' title='bbox 2791 2149 2880 2222; x_wconf 78' lang='grc' dir='ltr'><strong>ἦν,</strong></span> <span class='ocrx_word' id='word_1_341' title='bbox 2897 2153 2970 2214; x_wconf 71' lang='grc' dir='ltr'><strong>ὡς</strong></span> <span class='ocrx_word' id='word_1_342' title='bbox 2988 2150 3186 2221; x_wconf 82' lang='grc' dir='ltr'><strong>μικροῦ</strong></span> <span class='ocrx_word' id='word_1_343' title='bbox 3212 2153 3304 2202; x_wconf 76' lang='grc' dir='ltr'><strong>καὶ</strong></span> <span class='ocrx_word' id='word_1_344' title='bbox 3329 2150 3488 2218; x_wconf 79' lang='grc' dir='ltr'><strong>χάριν</strong></span> <span class='ocrx_word' id='word_1_345' title='bbox 3531 2149 3820 2215; x_wconf 75' lang='grc' dir='ltr'><strong>ὁμολογείν</strong></span> <span class='ocrx_word' id='word_1_346' title='bbox 3838 2147 4028 2197; x_wconf 54' lang='grc' dir='ltr'><strong>Ἀνομ-</strong></span> 
     </span>
    </p>
   </div>
   <div class='ocr_carea' id='block_1_51' title="bbox 2440 2237 4022 2317">
    <p class='ocr_par' dir='ltr' id='par_1_51' title="bbox 2440 2237 4022 2317">
     <span class='ocr_line' id='line_1_51' title="bbox 2440 2237 4022 2317; baseline -0.006 -22"><span class='ocrx_word' id='word_1_347' title='bbox 2440 2245 2569 2313; x_wconf 82' lang='grc' dir='ltr'><strong>λίνῳ</strong></span> <span class='ocrx_word' id='word_1_348' title='bbox 2596 2244 2679 2296; x_wconf 82' lang='grc' dir='ltr'><strong>ὃτι</strong></span> <span class='ocrx_word' id='word_1_349' title='bbox 2711 2245 2806 2294; x_wconf 71' lang='grc' dir='ltr'><strong>καὶ</strong></span> <span class='ocrx_word' id='word_1_350' title='bbox 2844 2244 3004 2317; x_wconf 70' lang='grc' dir='ltr'><strong>πάλιν</strong></span> <span class='ocrx_word' id='word_1_351' title='bbox 3033 2242 3196 2294; x_wconf 66' lang='grc' dir='ltr'><strong>αὑτὸν</strong></span> <span class='ocrx_word' id='word_1_352' title='bbox 3245 2240 3448 2309; x_wconf 69' lang='grc' dir='ltr'><strong>συνῆψε</strong></span> <span class='ocrx_word' id='word_1_353' title='bbox 3491 2242 3603 2298; x_wconf 81' lang='grc' dir='ltr'><strong>τοῖς</strong></span> <span class='ocrx_word' id='word_1_354' title='bbox 3637 2237 4022 2303; x_wconf 78' lang='grc' dir='ltr'><strong>ποθουμένοις.</strong></span> 
     </span>
    </p>
   </div>
   <div class='ocr_carea' id='block_1_52' title="bbox 2440 2329 4022 2405">
    <p class='ocr_par' dir='ltr' id='par_1_52' title="bbox 2440 2329 4022 2405">
     <span class='ocr_line' id='line_1_52' title="bbox 2440 2329 4022 2405; baseline -0.008 -16"><span class='ocrx_word' id='word_1_355' title='bbox 2440 2338 2844 2405; x_wconf 86' lang='grc' dir='ltr'><strong>Συγγενόμενος</strong></span> <span class='ocrx_word' id='word_1_356' title='bbox 2898 2334 3193 2403; x_wconf 80' lang='grc' dir='ltr'><strong>τοιγαροῦν</strong></span> <span class='ocrx_word' id='word_1_357' title='bbox 3249 2336 3363 2396; x_wconf 81' lang='grc' dir='ltr'><strong>τοῖς</strong></span> <span class='ocrx_word' id='word_1_358' title='bbox 3423 2332 3649 2400; x_wconf 80' lang='grc' dir='ltr'><strong>ἀνδράσι</strong></span> <span class='ocrx_word' id='word_1_359' title='bbox 3701 2329 3905 2396; x_wconf 66' lang='grc' dir='ltr'><strong>πολλῆς</strong></span> <span class='ocrx_word' id='word_1_360' title='bbox 3969 2345 4022 2376; x_wconf 79' lang='grc' dir='ltr'><strong>τε</strong></span> 
     </span>
    </p>
   </div>
   <div class='ocr_carea' id='block_1_53' title="bbox 2442 2422 4024 2496">
    <p class='ocr_par' dir='ltr' id='par_1_53' title="bbox 2442 2422 4024 2496">
     <span class='ocr_line' id='line_1_53' title="bbox 2442 2422 4024 2496; baseline -0.008 -12"><span class='ocrx_word' id='word_1_361' title='bbox 2442 2431 2750 2484; x_wconf 72' lang='grc' dir='ltr'><strong>ἀπέλαυσεν</strong></span> <span class='ocrx_word' id='word_1_362' title='bbox 2779 2427 3067 2496; x_wconf 73' lang='grc' dir='ltr'><strong>ὠφελείας,</strong></span> <span class='ocrx_word' id='word_1_363' title='bbox 3093 2426 3183 2479; x_wconf 77' lang='grc' dir='ltr'><strong>καὶ</strong></span> <span class='ocrx_word' id='word_1_364' title='bbox 3213 2428 3370 2488; x_wconf 76' lang='grc' dir='ltr'><strong>αὐτὸς</strong></span> <span class='ocrx_word' id='word_1_365' title='bbox 3399 2429 3456 2477; x_wconf 75' lang='grc' dir='ltr'><strong>ὲν</strong></span> <span class='ocrx_word' id='word_1_366' title='bbox 3477 2426 3551 2493; x_wconf 77' lang='grc' dir='ltr'><strong>τῷ</strong></span> <span class='ocrx_word' id='word_1_367' title='bbox 3578 2425 3759 2493; x_wconf 77' lang='grc' dir='ltr'><strong>μέρει,</strong></span> <span class='ocrx_word' id='word_1_368' title='bbox 3787 2425 3857 2475; x_wconf 72' lang='grc' dir='ltr'><strong>τὰ</strong></span> <span class='ocrx_word' id='word_1_369' title='bbox 3891 2422 4024 2491; x_wconf 69' lang='grc' dir='ltr'><strong>πρὸς</strong></span> 
     </span>
    </p>
   </div>
   <div class='ocr_carea' id='block_1_54' title="bbox 2441 2513 4024 2587">
    <p class='ocr_par' dir='ltr' id='par_1_54' title="bbox 2441 2513 4024 2587">
     <span class='ocr_line' id='line_1_54' title="bbox 2441 2513 4024 2587; baseline -0.006 -14"><span class='ocrx_word' id='word_1_370' title='bbox 2441 2520 2708 2584; x_wconf 78' lang='grc' dir='ltr'><strong>ὠφέλειαν</strong></span> <span class='ocrx_word' id='word_1_371' title='bbox 2735 2519 3154 2587; x_wconf 81' lang='grc' dir='ltr'><strong>ἀντεισήγαγεν,</strong></span> <span class='ocrx_word' id='word_1_372' title='bbox 3186 2518 3390 2578; x_wconf 79' lang='grc' dir='ltr'><strong>ἱκανῶς</strong></span> <span class='ocrx_word' id='word_1_373' title='bbox 3412 2534 3470 2568; x_wconf 86' lang='grc' dir='ltr'><strong>τε</strong></span> <span class='ocrx_word' id='word_1_374' title='bbox 3494 2517 3694 2577; x_wconf 68' lang='grc' dir='ltr'><strong>αὐτοὺς</strong></span> <span class='ocrx_word' id='word_1_375' title='bbox 3726 2515 3868 2581; x_wconf 78' lang='grc' dir='ltr'><strong>πρὸς</strong></span> <span class='ocrx_word' id='word_1_376' title='bbox 3900 2513 4024 2573; x_wconf 71' lang='grc' dir='ltr'><strong>τοὺς</strong></span> 
     </span>
    </p>
   </div>
   <div class='ocr_carea' id='block_1_55' title="bbox 2443 2602 4024 2678">
    <p class='ocr_par' dir='ltr' id='par_1_55' title="bbox 2443 2602 4024 2678">
     <span class='ocr_line' id='line_1_55' title="bbox 2443 2602 4024 2678; baseline -0.006 -14"><span class='ocrx_word' id='word_1_377' title='bbox 2443 2611 2662 2678; x_wconf 82' lang='grc' dir='ltr'><strong>ἀγῶνας</strong></span> <span class='ocrx_word' id='word_1_378' title='bbox 2709 2610 2803 2662; x_wconf 77' lang='grc' dir='ltr'><strong>καὶ</strong></span> <span class='ocrx_word' id='word_1_379' title='bbox 2833 2608 2925 2661; x_wconf 78' lang='grc' dir='ltr'><strong>τὸν</strong></span> <span class='ocrx_word' id='word_1_380' title='bbox 2979 2611 3144 2661; x_wconf 82' lang='grc' dir='ltr'><strong>παῖδα</strong></span> <span class='ocrx_word' id='word_1_381' title='bbox 3179 2608 3406 2661; x_wconf 67' lang='grc' dir='ltr'><strong>Κέλσιω</strong></span> <span class='ocrx_word' id='word_1_382' title='bbox 3444 2606 3654 2676; x_wconf 65' lang='grc' dir='ltr'><strong>ἤλειφε,</strong></span> <span class='ocrx_word' id='word_1_383' title='bbox 3689 2605 3930 2656; x_wconf 80' lang='grc' dir='ltr'><strong>Κὲλσιον</strong></span> <span class='ocrx_word' id='word_1_384' title='bbox 3965 2602 4024 2655; x_wconf 76' lang='grc' dir='ltr'><strong>ὃν</strong></span> 
     </span>
    </p>
   </div>
   <div class='ocr_carea' id='block_1_56' title="bbox 2448 2695 4021 2770">
    <p class='ocr_par' dir='ltr' id='par_1_56' title="bbox 2448 2695 4021 2770">
     <span class='ocr_line' id='line_1_56' title="bbox 2448 2695 4021 2770; baseline -0.005 -16"><span class='ocrx_word' id='word_1_385' title='bbox 2448 2704 2612 2754; x_wconf 86' lang='grc' dir='ltr'><strong>παῖδα</strong></span> <span class='ocrx_word' id='word_1_386' title='bbox 2652 2702 2748 2770; x_wconf 78' lang='grc' dir='ltr'><strong>μὲν</strong></span> <span class='ocrx_word' id='word_1_387' title='bbox 2781 2703 2809 2754; x_wconf 85' lang='grc' dir='ltr'>ὀ</span> <span class='ocrx_word' id='word_1_388' title='bbox 2839 2700 3021 2768; x_wconf 84' lang='grc' dir='ltr'><strong>λόγος,</strong></span> <span class='ocrx_word' id='word_1_389' title='bbox 3055 2700 3259 2752; x_wconf 83' lang='grc' dir='ltr'><strong>τέλειον</strong></span> <span class='ocrx_word' id='word_1_390' title='bbox 3293 2700 3348 2752; x_wconf 81' lang='grc' dir='ltr'><strong>δὲ</strong></span> <span class='ocrx_word' id='word_1_391' title='bbox 3379 2700 3412 2766; x_wconf 78' lang='grc' dir='ltr'>ἡ</span> <span class='ocrx_word' id='word_1_392' title='bbox 3439 2699 3634 2767; x_wconf 74' lang='grc' dir='ltr'><strong>πρᾶξις</strong></span> <span class='ocrx_word' id='word_1_393' title='bbox 3667 2695 4021 2765; x_wconf 73' lang='grc' dir='ltr'><strong>παρίστησιν.</strong></span> 
     </span>
    </p>
   </div>
   <div class='ocr_carea' id='block_1_57' title="bbox 2517 2787 4025 2862">
    <p class='ocr_par' dir='ltr' id='par_1_57' title="bbox 2517 2787 4025 2862">
     <span class='ocr_line' id='line_1_57' title="bbox 2517 2787 4025 2862; baseline -0.007 -16"><span class='ocrx_word' id='word_1_394' title='bbox 2517 2795 2598 2846; x_wconf 79' lang='grc' dir='ltr'><strong>Η⁸.</strong></span> <span class='ocrx_word' id='word_1_395' title='bbox 2636 2792 2940 2854; x_wconf 82' lang='grc' dir='ltr'><strong>’Δνουλῖνος</strong></span> <span class='ocrx_word' id='word_1_396' title='bbox 2977 2791 3032 2843; x_wconf 80' lang='grc' dir='ltr'><strong>δὲ</strong></span> <span class='ocrx_word' id='word_1_397' title='bbox 3064 2794 3183 2862; x_wconf 73' lang='grc' dir='ltr'><strong>(καὶ</strong></span> <span class='ocrx_word' id='word_1_398' title='bbox 3211 2793 3321 2860; x_wconf 82' lang='grc' dir='ltr'><strong>γὰρ</strong></span> <span class='ocrx_word' id='word_1_399' title='bbox 3348 2791 3407 2840; x_wconf 83' lang='grc' dir='ltr'><strong>τὸ</strong></span> <span class='ocrx_word' id='word_1_400' title='bbox 3444 2789 3673 2858; x_wconf 72' lang='grc' dir='ltr'><strong>μανικὸν</strong></span> <span class='ocrx_word' id='word_1_401' title='bbox 3721 2788 3906 2840; x_wconf 69' lang='grc' dir='ltr'><strong>ἐκεῖνο</strong></span> <span class='ocrx_word' id='word_1_402' title='bbox 3934 2787 4025 2838; x_wconf 69' lang='grc' dir='ltr'><strong>καὶ</strong></span> 
     </span>
    </p>
   </div>
   <div class='ocr_carea' id='block_1_58' title="bbox 2445 2875 4024 2955">
    <p class='ocr_par' dir='ltr' id='par_1_58' title="bbox 2445 2875 4024 2955">
     <span class='ocr_line' id='line_1_58' title="bbox 2445 2875 4024 2955; baseline -0.006 -18"><span class='ocrx_word' id='word_1_403' title='bbox 2445 2882 2710 2955; x_wconf 80' lang='grc' dir='ltr'><strong>θηριῶδες</strong></span> <span class='ocrx_word' id='word_1_404' title='bbox 2740 2883 2858 2953; x_wconf 67' lang='grc' dir='ltr'><strong>ᾔδει</strong></span> <span class='ocrx_word' id='word_1_405' title='bbox 2889 2881 2982 2934; x_wconf 87' lang='grc' dir='ltr'><strong>τοῦ</strong></span> <span class='ocrx_word' id='word_1_406' title='bbox 3007 2882 3260 2952; x_wconf 79' lang='grc' dir='ltr'><strong>Νέρωνος</strong></span> <span class='ocrx_word' id='word_1_407' title='bbox 3296 2878 3557 2950; x_wconf 74' lang='grc' dir='ltr'><strong>ἀκριϐῶς)</strong></span> <span class='ocrx_word' id='word_1_408' title='bbox 3581 2878 3648 2931; x_wconf 81' lang='grc' dir='ltr'><strong>τά</strong></span> <span class='ocrx_word' id='word_1_409' title='bbox 3676 2878 3806 2946; x_wconf 79' lang='grc' dir='ltr'><strong>περὶ</strong></span> <span class='ocrx_word' id='word_1_410' title='bbox 3837 2875 4024 2937; x_wconf 77' lang='grc' dir='ltr'><strong>Ναζα-</strong></span> 
     </span>
    </p>
   </div>
   <div class='ocr_carea' id='block_1_59' title="bbox 2451 2969 4024 3049">
    <p class='ocr_par' dir='ltr' id='par_1_59' title="bbox 2451 2969 4024 3049">
     <span class='ocr_line' id='line_1_59' title="bbox 2451 2969 4024 3049; baseline -0.005 -19"><span class='ocrx_word' id='word_1_411' title='bbox 2451 2978 2565 3049; x_wconf 85' lang='grc' dir='ltr'><strong>ρίου</strong></span> <span class='ocrx_word' id='word_1_412' title='bbox 2614 2975 2803 3045; x_wconf 85' lang='grc' dir='ltr'><strong>μαθὼν</strong></span> <span class='ocrx_word' id='word_1_413' title='bbox 2835 2978 2891 3028; x_wconf 84' lang='grc' dir='ltr'><strong>ὲν</strong></span> <span class='ocrx_word' id='word_1_414' title='bbox 2919 2973 3157 3044; x_wconf 80' lang='grc' dir='ltr'><strong>θαύματι</strong></span> <span class='ocrx_word' id='word_1_415' title='bbox 3195 2975 3446 3034; x_wconf 74' lang='grc' dir='ltr'><strong>ἐποιεῖτο,</strong></span> <span class='ocrx_word' id='word_1_416' title='bbox 3497 2971 3610 3033; x_wconf 82' lang='grc' dir='ltr'><strong>πῶς</strong></span> <span class='ocrx_word' id='word_1_417' title='bbox 3636 2971 3746 3040; x_wconf 77' lang='grc' dir='ltr'><strong>ἄρα</strong></span> <span class='ocrx_word' id='word_1_418' title='bbox 3788 2972 3884 3021; x_wconf 72' lang='grc' dir='ltr'><strong>καὶ</strong></span> <span class='ocrx_word' id='word_1_419' title='bbox 3919 2969 4024 3022; x_wconf 71' lang='grc' dir='ltr'><strong>Νέε-</strong></span> 
     </span>
    </p>
   </div>
   <div class='ocr_carea' id='block_1_60' title="bbox 2451 3065 4021 3138">
    <p class='ocr_par' dir='ltr' id='par_1_60' title="bbox 2451 3065 4021 3138">
     <span class='ocr_line' id='line_1_60' title="bbox 2451 3065 4021 3138; baseline -0.003 -17"><span class='ocrx_word' id='word_1_420' title='bbox 2451 3087 2597 3138; x_wconf 87' lang='grc' dir='ltr'><strong>ρωνα</strong></span> <span class='ocrx_word' id='word_1_421' title='bbox 2628 3070 2822 3136; x_wconf 80' lang='grc' dir='ltr'><strong>φυγεῖν</strong></span> <span class='ocrx_word' id='word_1_422' title='bbox 2869 3067 3129 3136; x_wconf 67' lang='grc' dir='ltr'><strong>ἠδυνήθη,</strong></span> <span class='ocrx_word' id='word_1_423' title='bbox 3167 3068 3257 3118; x_wconf 73' lang='grc' dir='ltr'><strong>τὸν</strong></span> <span class='ocrx_word' id='word_1_424' title='bbox 3305 3065 3486 3128; x_wconf 76' lang='grc' dir='ltr'><strong>λύκον,</strong></span> <span class='ocrx_word' id='word_1_425' title='bbox 3521 3067 3707 3132; x_wconf 65' lang='grc' dir='ltr'><strong>φασὶν,</strong></span> <span class='ocrx_word' id='word_1_426' title='bbox 3745 3066 3774 3114; x_wconf 83' lang='grc' dir='ltr'>ὁ</span> <span class='ocrx_word' id='word_1_427' title='bbox 3825 3065 4021 3133; x_wconf 75' lang='grc' dir='ltr'><strong>ἀμνὸς.</strong></span> 
     </span>
    </p>
   </div>
   <div class='ocr_carea' id='block_1_61' title="bbox 778 3155 2420 3236">
    <p class='ocr_par' dir='ltr' id='par_1_61' title="bbox 778 3167 2413 3236">
     <span class='ocr_line' id='line_1_61' title="bbox 778 3167 2413 3236; baseline -0.004 -11"><span class='ocrx_word' id='word_1_428' title='bbox 778 3171 918 3226; x_wconf 79' lang='lat' dir='ltr'><strong>Hinc</strong></span> <span class='ocrx_word' id='word_1_429' title='bbox 953 3170 1118 3223; x_wconf 87' lang='lat' dir='ltr'><strong>etiam</strong></span> <span class='ocrx_word' id='word_1_430' title='bbox 1148 3168 1216 3221; x_wconf 86' lang='lat' dir='ltr'><strong>de</strong></span> <span class='ocrx_word' id='word_1_431' title='bbox 1251 3178 1444 3221; x_wconf 82' lang='lat' dir='ltr'><strong>sancto</strong></span> <span class='ocrx_word' id='word_1_432' title='bbox 1476 3167 1708 3221; x_wconf 82' lang='lat' dir='ltr'><strong>Nazario</strong></span> <span class='ocrx_word' id='word_1_433' title='bbox 1764 3175 1824 3220; x_wconf 89' lang='lat' dir='ltr'><strong>et</strong></span> <span class='ocrx_word' id='word_1_434' title='bbox 1864 3169 1981 3236; x_wconf 88' lang='lat' dir='ltr'><strong>ejus</strong></span> <span class='ocrx_word' id='word_1_435' title='bbox 2018 3168 2182 3219; x_wconf 85' lang='lat' dir='ltr'><strong>sociis</strong></span> <span class='ocrx_word' id='word_1_436' title='bbox 2215 3182 2340 3219; x_wconf 88' lang='lat' dir='ltr'><strong>eum</strong></span> <span class='ocrx_word' id='word_1_437' title='bbox 2374 3173 2413 3229; x_wconf 75' lang='grc' dir='ltr'><strong>ο</strong></span> 
     </span>
    </p>
   </div>
   <div class='ocr_carea' id='block_1_62' title="bbox 2440 3155 4023 3236">
    <p class='ocr_par' dir='ltr' id='par_1_62' title="bbox 2459 3155 4023 3229">
     <span class='ocr_line' id='line_1_62' title="bbox 2459 3155 4023 3229; baseline -0.005 -15"><span class='ocrx_word' id='word_1_438' title='bbox 2459 3161 2738 3214; x_wconf 78' lang='grc' dir='ltr'><strong>Ἐντεῦθεν</strong></span> <span class='ocrx_word' id='word_1_439' title='bbox 2769 3162 2859 3212; x_wconf 75' lang='grc' dir='ltr'><strong>καὶ</strong></span> <span class='ocrx_word' id='word_1_440' title='bbox 2899 3159 3228 3229; x_wconf 85' lang='grc' dir='ltr'><strong>γράμμασιν</strong></span> <span class='ocrx_word' id='word_1_441' title='bbox 3279 3159 3426 3226; x_wconf 73' lang='grc' dir='ltr'><strong>αὐτῷ</strong></span> <span class='ocrx_word' id='word_1_442' title='bbox 3471 3160 3538 3209; x_wconf 74' lang='grc' dir='ltr'><strong>τὰ</strong></span> <span class='ocrx_word' id='word_1_443' title='bbox 3582 3155 3830 3225; x_wconf 76' lang='grc' dir='ltr'><strong>περὶτοῦ</strong></span> <span class='ocrx_word' id='word_1_444' title='bbox 3865 3156 4023 3222; x_wconf 82' lang='grc' dir='ltr'><strong>ἁγίου</strong></span> 
     </span>
    </p>
   </div>
   <div class='ocr_carea' id='block_1_63' title="bbox 777 3259 2344 3328">
    <p class='ocr_par' dir='ltr' id='par_1_63' title="bbox 777 3259 2344 3328">
     <span class='ocr_line' id='line_1_63' title="bbox 777 3259 2344 3328; baseline -0.003 -10"><span class='ocrx_word' id='word_1_445' title='bbox 777 3263 916 3318; x_wconf 76' lang='lat' dir='ltr'><strong>facit</strong></span> <span class='ocrx_word' id='word_1_446' title='bbox 944 3263 1139 3316; x_wconf 78' lang='lat' dir='ltr'><strong>litteris</strong></span> <span class='ocrx_word' id='word_1_447' title='bbox 1166 3260 1484 3322; x_wconf 82' lang='lat' dir='ltr'><strong>certiorem,</strong></span> <span class='ocrx_word' id='word_1_448' title='bbox 1511 3274 1708 3327; x_wconf 79' lang='lat' dir='ltr'><strong>rogans</strong></span> <span class='ocrx_word' id='word_1_449' title='bbox 1725 3259 1988 3328; x_wconf 83' lang='lat' dir='ltr'><strong>quidnam</strong></span> <span class='ocrx_word' id='word_1_450' title='bbox 2013 3259 2256 3328; x_wconf 87' lang='lat' dir='ltr'><strong>juberet,</strong></span> <span class='ocrx_word' id='word_1_451' title='bbox 2286 3270 2344 3314; x_wconf 92' lang='lat' dir='ltr'><strong>ut</strong></span> 
     </span>
    </p>
   </div>
   <div class='ocr_carea' id='block_1_64' title="bbox 777 3349 2342 3407">
    <p class='ocr_par' dir='ltr' id='par_1_64' title="bbox 777 3349 2342 3407">
     <span class='ocr_line' id='line_1_64' title="bbox 777 3349 2342 3407; baseline -0.001 0"><span class='ocrx_word' id='word_1_452' title='bbox 777 3353 986 3407; x_wconf 80' lang='lat' dir='ltr'><strong>laceret</strong></span> <span class='ocrx_word' id='word_1_453' title='bbox 1007 3351 1233 3404; x_wconf 83' lang='lat' dir='ltr'><strong>sanctis.</strong></span> <span class='ocrx_word' id='word_1_454' title='bbox 1254 3349 1353 3403; x_wconf 84' lang='lat' dir='ltr'><strong>Ille</strong></span> <span class='ocrx_word' id='word_1_455' title='bbox 1376 3358 1559 3403; x_wconf 79' lang='lat' dir='ltr'><strong>autem</strong></span> <span class='ocrx_word' id='word_1_456' title='bbox 1585 3365 1710 3403; x_wconf 88' lang='lat' dir='ltr'><strong>cum</strong></span> <span class='ocrx_word' id='word_1_457' title='bbox 1734 3350 2036 3404; x_wconf 86' lang='lat' dir='ltr'><strong>audivisset</strong></span> <span class='ocrx_word' id='word_1_458' title='bbox 2053 3351 2342 3405; x_wconf 77' lang='lat' dir='ltr'><strong>Nazarium</strong></span> 
     </span>
    </p>
   </div>
   <div class='ocr_carea' id='block_1_65' title="bbox 778 3441 2344 3511">
    <p class='ocr_par' dir='ltr' id='par_1_65' title="bbox 778 3441 2344 3511">
     <span class='ocr_line' id='line_1_65' title="bbox 778 3441 2344 3511; baseline -0.001 -13"><span class='ocrx_word' id='word_1_459' title='bbox 778 3445 961 3499; x_wconf 87' lang='lat' dir='ltr'><strong>adbuc</strong></span> <span class='ocrx_word' id='word_1_460' title='bbox 987 3457 1107 3497; x_wconf 84' lang='lat' dir='ltr'><strong>esse</strong></span> <span class='ocrx_word' id='word_1_461' title='bbox 1142 3441 1522 3511; x_wconf 83' lang='lat' dir='ltr'><strong>superstitem,</strong></span> <span class='ocrx_word' id='word_1_462' title='bbox 1557 3441 1761 3495; x_wconf 64' lang='lat' dir='ltr'><strong>cadem</strong></span> <span class='ocrx_word' id='word_1_463' title='bbox 1804 3443 2049 3510; x_wconf 84' lang='lat' dir='ltr'><strong>spirabat</strong></span> <span class='ocrx_word' id='word_1_464' title='bbox 2078 3441 2344 3497; x_wconf 72' lang='lat' dir='ltr'><strong>adversus</strong></span> 
     </span>
    </p>
   </div>
   <div class='ocr_carea' id='block_1_66' title="bbox 780 3532 2342 3602">
    <p class='ocr_par' dir='ltr' id='par_1_66' title="bbox 780 3532 2342 3602">
     <span class='ocr_line' id='line_1_66' title="bbox 780 3532 2342 3602; baseline -0.005 -11"><span class='ocrx_word' id='word_1_465' title='bbox 780 3537 1022 3599; x_wconf 73' lang='lat' dir='ltr'><strong>lictores,</strong></span> <span class='ocrx_word' id='word_1_466' title='bbox 1049 3534 1252 3599; x_wconf 84' lang='lat' dir='ltr'><strong>quibus</strong></span> <span class='ocrx_word' id='word_1_467' title='bbox 1276 3533 1537 3602; x_wconf 89' lang='lat' dir='ltr'><strong>jusserat,</strong></span> <span class='ocrx_word' id='word_1_468' title='bbox 1567 3542 1625 3584; x_wconf 92' lang='lat' dir='ltr'><strong>ut</strong></span> <span class='ocrx_word' id='word_1_469' title='bbox 1662 3546 1786 3585; x_wconf 89' lang='lat' dir='ltr'><strong>eum</strong></span> <span class='ocrx_word' id='word_1_470' title='bbox 1826 3532 1879 3584; x_wconf 92' lang='lat' dir='ltr'><strong>in</strong></span> <span class='ocrx_word' id='word_1_471' title='bbox 1908 3533 2074 3584; x_wconf 87' lang='lat' dir='ltr'><strong>maris</strong></span> <span class='ocrx_word' id='word_1_472' title='bbox 2114 3533 2342 3601; x_wconf 83' lang='lat' dir='ltr'><strong>profun-</strong></span> 
     </span>
    </p>
   </div>
   <div class='ocr_carea' id='block_1_67' title="bbox 780 3623 2342 3695">
    <p class='ocr_par' dir='ltr' id='par_1_67' title="bbox 780 3623 2342 3695">
     <span class='ocr_line' id='line_1_67' title="bbox 780 3623 2342 3695; baseline -0.004 -12"><span class='ocrx_word' id='word_1_473' title='bbox 780 3627 912 3683; x_wconf 91' lang='lat' dir='ltr'><strong>dum</strong></span> <span class='ocrx_word' id='word_1_474' title='bbox 969 3628 1291 3695; x_wconf 86' lang='lat' dir='ltr'><strong>injicerent;</strong></span> <span class='ocrx_word' id='word_1_475' title='bbox 1324 3634 1379 3678; x_wconf 80' lang='grc' dir='ltr'><strong>ει</strong></span> <span class='ocrx_word' id='word_1_476' title='bbox 1431 3639 1542 3692; x_wconf 67' lang='lat' dir='ltr'><strong>prae</strong></span> <span class='ocrx_word' id='word_1_477' title='bbox 1581 3624 1660 3677; x_wconf 88' lang='lat' dir='ltr'><strong>ira</strong></span> <span class='ocrx_word' id='word_1_478' title='bbox 1703 3639 1734 3676; x_wconf 91' lang='lat' dir='ltr'><strong>e</strong></span> <span class='ocrx_word' id='word_1_479' title='bbox 1763 3623 1893 3677; x_wconf 89' lang='lat' dir='ltr'><strong>sede</strong></span> <span class='ocrx_word' id='word_1_480' title='bbox 1925 3624 2187 3677; x_wconf 84' lang='lat' dir='ltr'><strong>exsiliens</strong></span> <span class='ocrx_word' id='word_1_481' title='bbox 2217 3639 2342 3677; x_wconf 91' lang='lat' dir='ltr'><strong>cum</strong></span> 
     </span>
    </p>
   </div>
   <div class='ocr_carea' id='block_1_68' title="bbox 780 3714 2346 3784">
    <p class='ocr_par' dir='ltr' id='par_1_68' title="bbox 780 3714 2346 3784">
     <span class='ocr_line' id='line_1_68' title="bbox 780 3714 2346 3784; baseline -0.001 -14"><span class='ocrx_word' id='word_1_482' title='bbox 780 3717 1173 3772; x_wconf 80' lang='lat' dir='ltr'><strong>vociferatione</strong></span> <span class='ocrx_word' id='word_1_483' title='bbox 1200 3716 1458 3770; x_wconf 89' lang='lat' dir='ltr'><strong>currebat</strong></span> <span class='ocrx_word' id='word_1_484' title='bbox 1482 3730 1580 3784; x_wconf 91' lang='lat' dir='ltr'><strong>per</strong></span> <span class='ocrx_word' id='word_1_485' title='bbox 1603 3714 1829 3784; x_wconf 76' lang='lat' dir='ltr'><strong>regiam,</strong></span> <span class='ocrx_word' id='word_1_486' title='bbox 1855 3715 2099 3769; x_wconf 84' lang='lat' dir='ltr'><strong>clamans</strong></span> <span class='ocrx_word' id='word_1_487' title='bbox 2121 3715 2346 3769; x_wconf 87' lang='lat' dir='ltr'><strong>insidia-</strong></span> 
     </span>
    </p>
   </div>
   <div class='ocr_carea' id='block_1_69' title="bbox 782 3804 2344 3877">
    <p class='ocr_par' dir='ltr' id='par_1_69' title="bbox 782 3804 2344 3877">
     <span class='ocr_line' id='line_1_69' title="bbox 782 3804 2344 3877; baseline -0.004 -15"><span class='ocrx_word' id='word_1_488' title='bbox 782 3818 948 3870; x_wconf 85' lang='lat' dir='ltr'><strong>tores,</strong></span> <span class='ocrx_word' id='word_1_489' title='bbox 985 3809 1246 3877; x_wconf 76' lang='lat' dir='ltr'><strong>ingratos,</strong></span> <span class='ocrx_word' id='word_1_490' title='bbox 1275 3805 1542 3858; x_wconf 85' lang='lat' dir='ltr'><strong>adversus</strong></span> <span class='ocrx_word' id='word_1_491' title='bbox 1567 3804 1703 3860; x_wconf 88' lang='lat' dir='ltr'><strong>deos</strong></span> <span class='ocrx_word' id='word_1_492' title='bbox 1735 3805 1962 3873; x_wconf 85' lang='lat' dir='ltr'><strong>impios.</strong></span> <span class='ocrx_word' id='word_1_493' title='bbox 1997 3815 2053 3859; x_wconf 86' lang='lat' dir='ltr'><strong>et</strong></span> <span class='ocrx_word' id='word_1_494' title='bbox 2084 3805 2344 3874; x_wconf 88' lang='lat' dir='ltr'><strong>cupiebat</strong></span> 
     </span>
    </p>
   </div>
   <div class='ocr_carea' id='block_1_70' title="bbox 778 3895 2341 3965">
    <p class='ocr_par' dir='ltr' id='par_1_70' title="bbox 778 3895 2341 3965">
     <span class='ocr_line' id='line_1_70' title="bbox 778 3895 2341 3965; baseline -0.004 -11"><span class='ocrx_word' id='word_1_495' title='bbox 778 3899 1158 3960; x_wconf 87' lang='lat' dir='ltr'><strong>eosinvenire,</strong></span> <span class='ocrx_word' id='word_1_496' title='bbox 1199 3906 1259 3950; x_wconf 91' lang='lat' dir='ltr'><strong>ut</strong></span> <span class='ocrx_word' id='word_1_497' title='bbox 1289 3899 1437 3965; x_wconf 88' lang='lat' dir='ltr'><strong>ipsos</strong></span> <span class='ocrx_word' id='word_1_498' title='bbox 1458 3896 1624 3949; x_wconf 87' lang='lat' dir='ltr'><strong>etiam</strong></span> <span class='ocrx_word' id='word_1_499' title='bbox 1654 3895 1998 3950; x_wconf 87' lang='lat' dir='ltr'><strong>interimeret</strong></span> <span class='ocrx_word' id='word_1_500' title='bbox 2021 3895 2187 3948; x_wconf 85' lang='lat' dir='ltr'><strong>simul</strong></span> <span class='ocrx_word' id='word_1_501' title='bbox 2214 3911 2341 3950; x_wconf 89' lang='lat' dir='ltr'><strong>cum</strong></span> 
     </span>
    </p>
   </div>
   <div class='ocr_carea' id='block_1_71' title="bbox 783 3986 2341 4056">
    <p class='ocr_par' dir='ltr' id='par_1_71' title="bbox 783 3986 2341 4056">
     <span class='ocr_line' id='line_1_71' title="bbox 783 3986 2341 4056; baseline -0.002 -14"><span class='ocrx_word' id='word_1_502' title='bbox 783 3989 1144 4054; x_wconf 68' lang='lat' dir='ltr'><strong>martyribus,</strong></span> <span class='ocrx_word' id='word_1_503' title='bbox 1197 3988 1455 4055; x_wconf 73' lang='lat' dir='ltr'><strong>ignorans</strong></span> <span class='ocrx_word' id='word_1_504' title='bbox 1502 3986 1757 4051; x_wconf 86' lang='lat' dir='ltr'><strong>stolidus,</strong></span> <span class='ocrx_word' id='word_1_505' title='bbox 1805 3986 1952 4056; x_wconf 91' lang='lat' dir='ltr'><strong>quod</strong></span> <span class='ocrx_word' id='word_1_506' title='bbox 1987 3986 2130 4040; x_wconf 85' lang='lat' dir='ltr'><strong>Deus</strong></span> <span class='ocrx_word' id='word_1_507' title='bbox 2165 3995 2341 4056; x_wconf 86' lang='lat' dir='ltr'><strong>potest</strong></span> 
     </span>
    </p>
   </div>
   <div class='ocr_carea' id='block_1_72' title="bbox 777 4076 2346 4145">
    <p class='ocr_par' dir='ltr' id='par_1_72' title="bbox 777 4076 2346 4145">
     <span class='ocr_line' id='line_1_72' title="bbox 777 4076 2346 4145; baseline -0.003 -13"><span class='ocrx_word' id='word_1_508' title='bbox 777 4095 887 4132; x_wconf 87' lang='lat' dir='ltr'><strong>non</strong></span> <span class='ocrx_word' id='word_1_509' title='bbox 909 4079 1089 4133; x_wconf 83' lang='lat' dir='ltr'><strong>solum</strong></span> <span class='ocrx_word' id='word_1_510' title='bbox 1112 4094 1142 4131; x_wconf 90' lang='lat' dir='ltr'><strong>a</strong></span> <span class='ocrx_word' id='word_1_511' title='bbox 1168 4077 1305 4136; x_wconf 86' lang='lat' dir='ltr'><strong>mari</strong></span> <span class='ocrx_word' id='word_1_512' title='bbox 1333 4092 1558 4131; x_wconf 83' lang='lat' dir='ltr'><strong>servare</strong></span> <span class='ocrx_word' id='word_1_513' title='bbox 1585 4093 1710 4130; x_wconf 90' lang='lat' dir='ltr'><strong>cum</strong></span> <span class='ocrx_word' id='word_1_514' title='bbox 1734 4077 1829 4144; x_wconf 92' lang='lat' dir='ltr'><strong>qui</strong></span> <span class='ocrx_word' id='word_1_515' title='bbox 1860 4077 1916 4129; x_wconf 92' lang='lat' dir='ltr'><strong>in</strong></span> <span class='ocrx_word' id='word_1_516' title='bbox 1949 4077 2067 4145; x_wconf 88' lang='lat' dir='ltr'><strong>ipso</strong></span> <span class='ocrx_word' id='word_1_517' title='bbox 2089 4076 2346 4129; x_wconf 87' lang='lat' dir='ltr'><strong>habuerit</strong></span> 
     </span>
    </p>
   </div>
   <div class='ocr_carea' id='block_1_73' title="bbox 779 4165 2344 4235">
    <p class='ocr_par' dir='ltr' id='par_1_73' title="bbox 779 4165 2344 4235">
     <span class='ocr_line' id='line_1_73' title="bbox 779 4165 2344 4235; baseline -0.003 -12"><span class='ocrx_word' id='word_1_518' title='bbox 779 4169 1060 4231; x_wconf 73' lang='lat' dir='ltr'><strong>ﬁduciam,</strong></span> <span class='ocrx_word' id='word_1_519' title='bbox 1084 4168 1180 4222; x_wconf 87' lang='lat' dir='ltr'><strong>sed</strong></span> <span class='ocrx_word' id='word_1_520' title='bbox 1203 4169 1368 4222; x_wconf 90' lang='lat' dir='ltr'><strong>etiam</strong></span> <span class='ocrx_word' id='word_1_521' title='bbox 1392 4169 1568 4235; x_wconf 89' lang='lat' dir='ltr'><strong>ipsum</strong></span> <span class='ocrx_word' id='word_1_522' title='bbox 1591 4183 1743 4222; x_wconf 90' lang='lat' dir='ltr'><strong>mare</strong></span> <span class='ocrx_word' id='word_1_523' title='bbox 1767 4167 2062 4221; x_wconf 77' lang='lat' dir='ltr'><strong>exsiccare.</strong></span> <span class='ocrx_word' id='word_1_524' title='bbox 2089 4165 2344 4220; x_wconf 85' lang='lat' dir='ltr'><strong>Testatur</strong></span> 
     </span>
    </p>
   </div>
   <div class='ocr_carea' id='block_1_74' title="bbox 776 4256 2342 4327">
    <p class='ocr_par' dir='ltr' id='par_1_74' title="bbox 776 4256 2342 4327">
     <span class='ocr_line' id='line_1_74' title="bbox 776 4256 2342 4327; baseline -0.002 -13"><span class='ocrx_word' id='word_1_525' title='bbox 776 4267 961 4315; x_wconf 86' lang='lat' dir='ltr'><strong>autem</strong></span> <span class='ocrx_word' id='word_1_526' title='bbox 997 4258 1155 4312; x_wconf 88' lang='lat' dir='ltr'><strong>divus</strong></span> <span class='ocrx_word' id='word_1_527' title='bbox 1185 4257 1353 4311; x_wconf 90' lang='lat' dir='ltr'><strong>David</strong></span> <span class='ocrx_word' id='word_1_528' title='bbox 1386 4258 1600 4321; x_wconf 83' lang='lat' dir='ltr'><strong>dicens,</strong></span> <span class='ocrx_word' id='word_1_529' title='bbox 1630 4273 1756 4312; x_wconf 91' lang='lat' dir='ltr'><strong>enm</strong></span> <span class='ocrx_word' id='word_1_530' title='bbox 1789 4258 2038 4327; x_wconf 82' lang='lat' dir='ltr'><strong>posuisse</strong></span> <span class='ocrx_word' id='word_1_531' title='bbox 2065 4257 2260 4311; x_wconf 79' lang='lat' dir='ltr'><strong>ﬂuvios</strong></span> <span class='ocrx_word' id='word_1_532' title='bbox 2287 4256 2342 4311; x_wconf 92' lang='lat' dir='ltr'><strong>in</strong></span> 
     </span>
    </p>
   </div>
   <div class='ocr_carea' id='block_1_75' title="bbox 778 4349 2340 4417">
    <p class='ocr_par' dir='ltr' id='par_1_75' title="bbox 778 4349 2340 4417">
     <span class='ocr_line' id='line_1_75' title="bbox 778 4349 2340 4417; baseline -0.001 -13"><span class='ocrx_word' id='word_1_533' title='bbox 778 4350 1085 4413; x_wconf 85' lang='lat' dir='ltr'><strong>desertum,</strong></span> <span class='ocrx_word' id='word_1_534' title='bbox 1109 4357 1302 4403; x_wconf 89' lang='lat' dir='ltr'><strong>contra</strong></span> <span class='ocrx_word' id='word_1_535' title='bbox 1322 4359 1528 4412; x_wconf 89' lang='lat' dir='ltr'><strong>autem,</strong></span> <span class='ocrx_word' id='word_1_536' title='bbox 1551 4349 1772 4404; x_wconf 87' lang='lat' dir='ltr'><strong>deserta</strong></span> <span class='ocrx_word' id='word_1_537' title='bbox 1791 4350 1845 4403; x_wconf 91' lang='lat' dir='ltr'><strong>in</strong></span> <span class='ocrx_word' id='word_1_538' title='bbox 1861 4349 2013 4403; x_wconf 88' lang='lat' dir='ltr'><strong>lacus</strong></span> <span class='ocrx_word' id='word_1_539' title='bbox 2030 4350 2340 4417; x_wconf 75' lang='lat' dir='ltr'><strong>aquarum‘.</strong></span> 
     </span>
    </p>
   </div>
   <div class='ocr_carea' id='block_1_76' title="bbox 775 4439 2330 4510">
    <p class='ocr_par' dir='ltr' id='par_1_76' title="bbox 775 4439 2330 4510">
     <span class='ocr_line' id='line_1_76' title="bbox 775 4439 2330 4510; baseline 0 -14"><span class='ocrx_word' id='word_1_540' title='bbox 775 4439 911 4496; x_wconf 86' lang='lat' dir='ltr'><strong>Cum</strong></span> <span class='ocrx_word' id='word_1_541' title='bbox 938 4454 1035 4494; x_wconf 92' lang='lat' dir='ltr'><strong>eos</strong></span> <span class='ocrx_word' id='word_1_542' title='bbox 1064 4454 1195 4510; x_wconf 76' lang='lat' dir='ltr'><strong>ergo</strong></span> <span class='ocrx_word' id='word_1_543' title='bbox 1244 4440 1476 4494; x_wconf 86' lang='lat' dir='ltr'><strong>multum</strong></span> <span class='ocrx_word' id='word_1_544' title='bbox 1524 4441 1890 4509; x_wconf 66' lang='lat' dir='ltr'><strong>quasivisset,</strong></span> <span class='ocrx_word' id='word_1_545' title='bbox 1932 4449 1989 4495; x_wconf 87' lang='lat' dir='ltr'><strong>et</strong></span> <span class='ocrx_word' id='word_1_546' title='bbox 2019 4457 2128 4496; x_wconf 91' lang='lat' dir='ltr'><strong>non</strong></span> <span class='ocrx_word' id='word_1_547' title='bbox 2192 4442 2330 4496; x_wconf 69' lang='lat' dir='ltr'><strong>int-e-</strong></span> 
     </span>
    </p>
   </div>
   <div class='ocr_carea' id='block_1_77' title="bbox 779 4512 2420 4599">
    <p class='ocr_par' dir='ltr' id='par_1_77' title="bbox 779 4512 2420 4599">
     <span class='ocr_line' id='line_1_77' title="bbox 779 4512 2420 4599; baseline 0.004 -17"><span class='ocrx_word' id='word_1_548' title='bbox 779 4531 974 4592; x_wconf 84' lang='lat' dir='ltr'><strong>nisset,</strong></span> <span class='ocrx_word' id='word_1_549' title='bbox 1021 4529 1101 4584; x_wconf 85' lang='lat' dir='ltr'><strong>sic</strong></span> <span class='ocrx_word' id='word_1_550' title='bbox 1132 4529 1337 4584; x_wconf 85' lang='lat' dir='ltr'><strong>litteris</strong></span> <span class='ocrx_word' id='word_1_551' title='bbox 1366 4531 1590 4599; x_wconf 81' lang='lat' dir='ltr'><strong>exponit</strong></span> <span class='ocrx_word' id='word_1_552' title='bbox 1621 4546 1775 4586; x_wconf 86' lang='lat' dir='ltr'><strong>suam</strong></span> <span class='ocrx_word' id='word_1_553' title='bbox 1817 4531 2080 4587; x_wconf 88' lang='lat' dir='ltr'><strong>adversus</strong></span> <span class='ocrx_word' id='word_1_554' title='bbox 2124 4543 2340 4588; x_wconf 87' lang='lat' dir='ltr'><strong>sanctos</strong></span> <span class='ocrx_word' id='word_1_555' title='bbox 2368 4512 2420 4571; x_wconf 79' lang='lat' dir='ltr'><strong>D</strong></span> 
     </span>
    </p>
   </div>
   <div class='ocr_carea' id='block_1_78' title="bbox 777 4619 2344 4692">
    <p class='ocr_par' dir='ltr' id='par_1_78' title="bbox 777 4619 2344 4692">
     <span class='ocr_line' id='line_1_78' title="bbox 777 4619 2344 4692; baseline 0.004 -19"><span class='ocrx_word' id='word_1_556' title='bbox 777 4621 1105 4675; x_wconf 69' lang='lat' dir='ltr'><strong>sententiam</strong></span> <span class='ocrx_word' id='word_1_557' title='bbox 1140 4637 1153 4674; x_wconf 91' lang='lat'><strong>:</strong></span> <span class='ocrx_word' id='word_1_558' title='bbox 1188 4619 1457 4687; x_wconf 86' lang='lat' dir='ltr'><strong>Quoniam</strong></span> <span class='ocrx_word' id='word_1_559' title='bbox 1488 4623 1547 4686; x_wconf 92' lang='lat' dir='ltr'><strong>ii,</strong></span> <span class='ocrx_word' id='word_1_560' title='bbox 1582 4623 1676 4692; x_wconf 87' lang='lat' dir='ltr'><strong>qui</strong></span> <span class='ocrx_word' id='word_1_561' title='bbox 1700 4633 1825 4676; x_wconf 86' lang='lat' dir='ltr'><strong>ante</strong></span> <span class='ocrx_word' id='word_1_562' title='bbox 1846 4638 1950 4678; x_wconf 91' lang='lat' dir='ltr'><strong>nos</strong></span> <span class='ocrx_word' id='word_1_563' title='bbox 1975 4626 2344 4680; x_wconf 88' lang='lat' dir='ltr'><strong>ascenderunt</strong></span> 
     </span>
    </p>
   </div>
   <div class='ocr_carea' id='block_1_79' title="bbox 780 4711 2339 4783">
    <p class='ocr_par' dir='ltr' id='par_1_79' title="bbox 780 4711 2339 4783">
     <span class='ocr_line' id='line_1_79' title="bbox 780 4711 2339 4783; baseline 0.004 -19"><span class='ocrx_word' id='word_1_564' title='bbox 780 4713 833 4765; x_wconf 92' lang='lat' dir='ltr'><strong>in</strong></span> <span class='ocrx_word' id='word_1_565' title='bbox 884 4711 1027 4767; x_wconf 82' lang='lat' dir='ltr'><strong>hanc</strong></span> <span class='ocrx_word' id='word_1_566' title='bbox 1059 4713 1332 4768; x_wconf 82' lang='lat' dir='ltr'><strong>excelsam</strong></span> <span class='ocrx_word' id='word_1_567' title='bbox 1364 4713 1580 4783; x_wconf 88' lang='lat' dir='ltr'><strong>imperii</strong></span> <span class='ocrx_word' id='word_1_568' title='bbox 1619 4714 1830 4782; x_wconf 83' lang='lat' dir='ltr'><strong>sedem,</strong></span> <span class='ocrx_word' id='word_1_569' title='bbox 1863 4731 1972 4769; x_wconf 92' lang='lat' dir='ltr'><strong>non</strong></span> <span class='ocrx_word' id='word_1_570' title='bbox 2013 4715 2189 4770; x_wconf 87' lang='lat' dir='ltr'><strong>solum</strong></span> <span class='ocrx_word' id='word_1_571' title='bbox 2224 4731 2339 4782; x_wconf 88' lang='lat' dir='ltr'><strong>eos,</strong></span> 
     </span>
    </p>
   </div>
   <div class='ocr_carea' id='block_1_80' title="bbox 777 4795 2342 4874">
    <p class='ocr_par' dir='ltr' id='par_1_80' title="bbox 777 4795 2342 4874">
     <span class='ocr_line' id='line_1_80' title="bbox 777 4795 2342 4874; baseline 0.004 -19"><span class='ocrx_word' id='word_1_572' title='bbox 777 4804 870 4872; x_wconf 90' lang='lat' dir='ltr'><strong>qui</strong></span> <span class='ocrx_word' id='word_1_573' title='bbox 913 4804 968 4856; x_wconf 91' lang='lat' dir='ltr'><strong>in</strong></span> <span class='ocrx_word' id='word_1_574' title='bbox 1003 4805 1271 4858; x_wconf 88' lang='lat' dir='ltr'><strong>maximos</strong></span> <span class='ocrx_word' id='word_1_575' title='bbox 1301 4804 1434 4859; x_wconf 90' lang='lat' dir='ltr'><strong>deos</strong></span> <span class='ocrx_word' id='word_1_576' title='bbox 1457 4795 1617 4858; x_wconf 73' lang='lat' dir='ltr'><strong>erant</strong></span> <span class='ocrx_word' id='word_1_577' title='bbox 1651 4803 1827 4874; x_wconf 85' lang='lat' dir='ltr'><strong>impii,</strong></span> <span class='ocrx_word' id='word_1_578' title='bbox 1862 4814 2039 4860; x_wconf 90' lang='lat' dir='ltr'><strong>morte</strong></span> <span class='ocrx_word' id='word_1_579' title='bbox 2065 4822 2162 4861; x_wconf 83' lang='lat' dir='ltr'><strong>sua</strong></span> <span class='ocrx_word' id='word_1_580' title='bbox 2191 4807 2342 4861; x_wconf 88' lang='lat' dir='ltr'><strong>dam-</strong></span> 
     </span>
    </p>
   </div>
   <div class='ocr_carea' id='block_1_81' title="bbox 776 4895 2341 4961">
    <p class='ocr_par' dir='ltr' id='par_1_81' title="bbox 776 4895 2341 4961">
     <span class='ocr_line' id='line_1_81' title="bbox 776 4895 2341 4961; baseline 0.004 -13"><span class='ocrx_word' id='word_1_581' title='bbox 776 4899 985 4949; x_wconf 84' lang='lat' dir='ltr'><strong>nabant</strong></span> <span class='ocrx_word' id='word_1_582' title='bbox 1023 4897 1321 4960; x_wconf 85' lang='lat' dir='ltr'><strong>sententia,</strong></span> <span class='ocrx_word' id='word_1_583' title='bbox 1372 4895 1468 4950; x_wconf 85' lang='lat' dir='ltr'><strong>sed</strong></span> <span class='ocrx_word' id='word_1_584' title='bbox 1502 4895 1690 4961; x_wconf 88' lang='lat' dir='ltr'><strong>etiam,</strong></span> <span class='ocrx_word' id='word_1_585' title='bbox 1733 4897 1778 4951; x_wconf 84' lang='lat' dir='ltr'><strong>si</strong></span> <span class='ocrx_word' id='word_1_586' title='bbox 1824 4898 2206 4953; x_wconf 88' lang='lat' dir='ltr'><strong>invenirentur</strong></span> <span class='ocrx_word' id='word_1_587' title='bbox 2241 4901 2341 4956; x_wconf 81' lang='lat' dir='ltr'><strong>ali-</strong></span> 
     </span>
    </p>
   </div>
   <div class='ocr_carea' id='block_1_82' title="bbox 776 4986 2336 5062">
    <p class='ocr_par' dir='ltr' id='par_1_82' title="bbox 776 4986 2336 5062">
     <span class='ocr_line' id='line_1_82' title="bbox 776 4986 2336 5062; baseline 0.004 -22"><span class='ocrx_word' id='word_1_588' title='bbox 776 4987 892 5054; x_wconf 88' lang='lat' dir='ltr'><strong>qui,</strong></span> <span class='ocrx_word' id='word_1_589' title='bbox 925 4987 1022 5057; x_wconf 81' lang='lat' dir='ltr'><strong>qui</strong></span> <span class='ocrx_word' id='word_1_590' title='bbox 1048 4986 1333 5042; x_wconf 76' lang='lat' dir='ltr'><strong>maleﬁciis</strong></span> <span class='ocrx_word' id='word_1_591' title='bbox 1360 4996 1416 5042; x_wconf 92' lang='lat' dir='ltr'><strong>et</strong></span> <span class='ocrx_word' id='word_1_592' title='bbox 1447 4989 1740 5059; x_wconf 68' lang='lat' dir='ltr'><strong>praestigiis</strong></span> <span class='ocrx_word' id='word_1_593' title='bbox 1768 4990 1970 5045; x_wconf 89' lang='lat' dir='ltr'><strong>multos</strong></span> <span class='ocrx_word' id='word_1_594' title='bbox 2012 5006 2336 5062; x_wconf 86' lang='lat' dir='ltr'><strong>corrumpe-</strong></span> 
     </span>
    </p>
   </div>
   <div class='ocr_carea' id='block_1_83' title="bbox 777 5080 2338 5152">
    <p class='ocr_par' dir='ltr' id='par_1_83' title="bbox 777 5080 2338 5152">
     <span class='ocr_line' id='line_1_83' title="bbox 777 5080 2338 5152; baseline 0.005 -22"><span class='ocrx_word' id='word_1_595' title='bbox 777 5087 924 5139; x_wconf 86' lang='lat' dir='ltr'><strong>rent,</strong></span> <span class='ocrx_word' id='word_1_596' title='bbox 981 5093 1081 5147; x_wconf 86' lang='lat' dir='ltr'><strong>par</strong></span> <span class='ocrx_word' id='word_1_597' title='bbox 1122 5093 1342 5148; x_wconf 87' lang='lat' dir='ltr'><strong>quoque</strong></span> <span class='ocrx_word' id='word_1_598' title='bbox 1383 5080 1437 5132; x_wconf 89' lang='lat' dir='ltr'><strong>in</strong></span> <span class='ocrx_word' id='word_1_599' title='bbox 1490 5096 1587 5136; x_wconf 90' lang='lat' dir='ltr'><strong>eos</strong></span> <span class='ocrx_word' id='word_1_600' title='bbox 1633 5082 1946 5135; x_wconf 87' lang='lat' dir='ltr'><strong>statuebant</strong></span> <span class='ocrx_word' id='word_1_601' title='bbox 1984 5084 2338 5152; x_wconf 87' lang='lat' dir='ltr'><strong>supplicium,</strong></span> 
     </span>
    </p>
   </div>
   <div class='ocr_carea' id='block_1_84' title="bbox 775 5168 2342 5242">
    <p class='ocr_par' dir='ltr' id='par_1_84' title="bbox 775 5168 2342 5242">
     <span class='ocr_line' id='line_1_84' title="bbox 775 5168 2342 5242; baseline 0.003 -21"><span class='ocrx_word' id='word_1_602' title='bbox 775 5177 965 5222; x_wconf 84' lang='lat' dir='ltr'><strong>nostra</strong></span> <span class='ocrx_word' id='word_1_603' title='bbox 992 5181 1210 5236; x_wconf 87' lang='lat' dir='ltr'><strong>quoque</strong></span> <span class='ocrx_word' id='word_1_604' title='bbox 1244 5168 1492 5224; x_wconf 86' lang='lat' dir='ltr'><strong>decernit</strong></span> <span class='ocrx_word' id='word_1_605' title='bbox 1534 5172 1798 5239; x_wconf 87' lang='lat' dir='ltr'><strong>potentia,</strong></span> <span class='ocrx_word' id='word_1_606' title='bbox 1839 5172 1987 5240; x_wconf 91' lang='lat' dir='ltr'><strong>quod</strong></span> <span class='ocrx_word' id='word_1_607' title='bbox 2029 5173 2119 5226; x_wconf 88' lang='lat' dir='ltr'><strong>isti</strong></span> <span class='ocrx_word' id='word_1_608' title='bbox 2149 5189 2342 5242; x_wconf 85' lang='lat' dir='ltr'><strong>quam-</strong></span> 
     </span>
    </p>
   </div>
   <div class='ocr_carea' id='block_1_85' title="bbox 775 5256 2336 5333">
    <p class='ocr_par' dir='ltr' id='par_1_85' title="bbox 775 5256 2336 5333">
     <span class='ocr_line' id='line_1_85' title="bbox 775 5256 2336 5333; baseline 0.006 -24"><span class='ocrx_word' id='word_1_609' title='bbox 775 5256 1014 5326; x_wconf 87' lang='lat' dir='ltr'><strong>primum</strong></span> <span class='ocrx_word' id='word_1_610' title='bbox 1073 5259 1184 5312; x_wconf 89' lang='lat' dir='ltr'><strong>vita</strong></span> <span class='ocrx_word' id='word_1_611' title='bbox 1224 5260 1534 5328; x_wconf 87' lang='lat' dir='ltr'><strong>priventur,</strong></span> <span class='ocrx_word' id='word_1_612' title='bbox 1585 5261 1766 5330; x_wconf 72' lang='lat' dir='ltr'><strong>gladio</strong></span> <span class='ocrx_word' id='word_1_613' title='bbox 1821 5264 2095 5333; x_wconf 83' lang='lat' dir='ltr'><strong>capitibus</strong></span> <span class='ocrx_word' id='word_1_614' title='bbox 2143 5279 2336 5318; x_wconf 89' lang='lat' dir='ltr'><strong>eorum</strong></span> 
     </span>
    </p>
   </div>
   <div class='ocr_carea' id='block_1_86' title="bbox 773 5348 2338 5425">
    <p class='ocr_par' dir='ltr' id='par_1_86' title="bbox 773 5348 2338 5425">
     <span class='ocr_line' id='line_1_86' title="bbox 773 5348 2338 5425; baseline 0.006 -25"><span class='ocrx_word' id='word_1_615' title='bbox 773 5349 1072 5416; x_wconf 80' lang='lat' dir='ltr'><strong>amputatis</strong></span> <span class='ocrx_word' id='word_1_616' title='bbox 1105 5364 1123 5404; x_wconf 87' lang='lat'><strong>:</strong></span> <span class='ocrx_word' id='word_1_617' title='bbox 1149 5348 1349 5405; x_wconf 86' lang='lat' dir='ltr'><strong>deinde</strong></span> <span class='ocrx_word' id='word_1_618' title='bbox 1372 5367 1564 5407; x_wconf 91' lang='lat' dir='ltr'><strong>eorum</strong></span> <span class='ocrx_word' id='word_1_619' title='bbox 1588 5369 1819 5424; x_wconf 91' lang='lat' dir='ltr'><strong>corpora</strong></span> <span class='ocrx_word' id='word_1_620' title='bbox 1843 5356 2177 5425; x_wconf 75' lang='lat' dir='ltr'><strong>objiciuntur</strong></span> <span class='ocrx_word' id='word_1_621' title='bbox 2208 5355 2338 5410; x_wconf 77' lang='lat' dir='ltr'><strong>ieris</strong></span> 
     </span>
    </p>
   </div>
   <div class='ocr_carea' id='block_1_87' title="bbox 777 5437 2334 5512">
    <p class='ocr_par' dir='ltr' id='par_1_87' title="bbox 777 5437 2334 5512">
     <span class='ocr_line' id='line_1_87' title="bbox 777 5437 2334 5512; baseline 0.008 -23"><span class='ocrx_word' id='word_1_622' title='bbox 777 5437 842 5489; x_wconf 81' lang='lat' dir='ltr'><strong>ad</strong></span> <span class='ocrx_word' id='word_1_623' title='bbox 867 5437 1261 5496; x_wconf 44' lang='lat' dir='ltr'><strong>devorandum,</strong></span> <span class='ocrx_word' id='word_1_624' title='bbox 1293 5451 1352 5493; x_wconf 89' lang='lat' dir='ltr'><strong>ut</strong></span> <span class='ocrx_word' id='word_1_625' title='bbox 1377 5456 1443 5495; x_wconf 88' lang='lat' dir='ltr'><strong>ne</strong></span> <span class='ocrx_word' id='word_1_626' title='bbox 1464 5445 1709 5498; x_wconf 81' lang='lat' dir='ltr'><strong>omnium</strong></span> <span class='ocrx_word' id='word_1_627' title='bbox 1737 5446 1958 5512; x_wconf 86' lang='lat' dir='ltr'><strong>quidem</strong></span> <span class='ocrx_word' id='word_1_628' title='bbox 1986 5461 2334 5502; x_wconf 71' lang='lat' dir='ltr'><strong>communem</strong></span> 
     </span>
    </p>
   </div>
   <div class='ocr_carea' id='block_1_88' title="bbox 776 5532 2331 5604">
    <p class='ocr_par' dir='ltr' id='par_1_88' title="bbox 776 5532 2331 5604">
     <span class='ocr_line' id='line_1_88' title="bbox 776 5532 2331 5604; baseline 0.01 -26"><span class='ocrx_word' id='word_1_629' title='bbox 776 5538 1185 5596; x_wconf 75' lang='lat' dir='ltr'><strong>consequantur</strong></span> <span class='ocrx_word' id='word_1_630' title='bbox 1230 5532 1592 5598; x_wconf 83' lang='lat' dir='ltr'><strong>scpulturam.</strong></span> <span class='ocrx_word' id='word_1_631' title='bbox 1632 5534 1713 5588; x_wconf 85' lang='lat' dir='ltr'><strong>Sit</strong></span> <span class='ocrx_word' id='word_1_632' title='bbox 1759 5551 1891 5604; x_wconf 75' lang='lat' dir='ltr'><strong>ergo</strong></span> <span class='ocrx_word' id='word_1_633' title='bbox 1935 5536 2028 5590; x_wconf 87' lang='lat' dir='ltr'><strong>tibi</strong></span> <span class='ocrx_word' id='word_1_634' title='bbox 2077 5551 2222 5592; x_wconf 67' lang='lat' dir='ltr'><strong>cura:</strong></span> <span class='ocrx_word' id='word_1_635' title='bbox 2258 5540 2331 5603; x_wconf 90' lang='lat' dir='ltr'><strong>id,</strong></span> 
     </span>
    </p>
   </div>
   <div class='ocr_carea' id='block_1_89' title="bbox 777 5617 2332 5695">
    <p class='ocr_par' dir='ltr' id='par_1_89' title="bbox 777 5617 2332 5695">
     <span class='ocr_line' id='line_1_89' title="bbox 777 5617 2332 5695; baseline 0.011 -28"><span class='ocrx_word' id='word_1_636' title='bbox 777 5617 920 5686; x_wconf 76' lang='lat' dir='ltr'><strong>quod</strong></span> <span class='ocrx_word' id='word_1_637' title='bbox 963 5619 1018 5672; x_wconf 92' lang='lat' dir='ltr'><strong>in</strong></span> <span class='ocrx_word' id='word_1_638' title='bbox 1056 5621 1347 5689; x_wconf 67' lang='lat' dir='ltr'><strong>prasentia</strong></span> <span class='ocrx_word' id='word_1_639' title='bbox 1391 5627 1550 5694; x_wconf 84' lang='lat' dir='ltr'><strong>jussi,</strong></span> <span class='ocrx_word' id='word_1_640' title='bbox 1590 5628 1836 5695; x_wconf 77' lang='lat' dir='ltr'><strong>exsequi.</strong></span> <span class='ocrx_word' id='word_1_641' title='bbox 1891 5629 1984 5680; x_wconf 81' lang='lat' dir='ltr'><strong>Est</strong></span> <span class='ocrx_word' id='word_1_642' title='bbox 2015 5629 2161 5683; x_wconf 90' lang='lat' dir='ltr'><strong>enim</strong></span> <span class='ocrx_word' id='word_1_643' title='bbox 2197 5630 2332 5684; x_wconf 83' lang='lat' dir='ltr'><strong>milii</strong></span> 
     </span>
    </p>
   </div>
   <div class='ocr_carea' id='block_1_90' title="bbox 844 5793 1290 5854">
    <p class='ocr_par' dir='ltr' id='par_1_90' title="bbox 844 5793 1290 5854">
     <span class='ocr_line' id='line_1_90' title="bbox 844 5793 1290 5854; baseline 0.016 -7"><span class='ocrx_word' id='word_1_644' title='bbox 844 5797 858 5826; x_wconf 85' lang='grc'><strong><em>³</em></strong></span> <span class='ocrx_word' id='word_1_645' title='bbox 890 5793 1035 5847; x_wconf 78' lang='lat' dir='ltr'><strong>Psal.</strong></span> <span class='ocrx_word' id='word_1_646' title='bbox 1062 5810 1170 5854; x_wconf 88' lang='lat' dir='ltr'><strong>cvt.</strong></span> <span class='ocrx_word' id='word_1_647' title='bbox 1203 5798 1290 5854; x_wconf 78' lang='lat'><strong>55.</strong></span> 
     </span>
    </p>
   </div>
   <div class='ocr_carea' id='block_1_91' title="bbox 2446 3248 4024 3318">
    <p class='ocr_par' dir='ltr' id='par_1_91' title="bbox 2446 3248 4024 3318">
     <span class='ocr_line' id='line_1_91' title="bbox 2446 3248 4024 3318; baseline -0.006 -11"><span class='ocrx_word' id='word_1_648' title='bbox 2446 3255 2539 3307; x_wconf 67' lang='grc' dir='ltr'><strong>καὶ</strong></span> <span class='ocrx_word' id='word_1_649' title='bbox 2570 3255 2678 3306; x_wconf 79' lang='grc' dir='ltr'><strong>τῶν</strong></span> <span class='ocrx_word' id='word_1_650' title='bbox 2737 3251 3017 3304; x_wconf 84' lang='grc' dir='ltr'><strong>συνάθ).ων</strong></span> <span class='ocrx_word' id='word_1_651' title='bbox 3069 3250 3324 3318; x_wconf 87' lang='grc' dir='ltr'><strong>γνώριμα</strong></span> <span class='ocrx_word' id='word_1_652' title='bbox 3357 3248 3608 3316; x_wconf 78' lang='grc' dir='ltr'><strong>καθιστᾷ,</strong></span> <span class='ocrx_word' id='word_1_653' title='bbox 3651 3248 3916 3316; x_wconf 73' lang='grc' dir='ltr'><strong>προσθεὶς</strong></span> <span class='ocrx_word' id='word_1_654' title='bbox 3945 3248 4024 3298; x_wconf 76' lang='grc' dir='ltr'><strong>ὅτι</strong></span> 
     </span>
    </p>
   </div>
   <div class='ocr_carea' id='block_1_92' title="bbox 2443 3332 4023 3411">
    <p class='ocr_par' dir='ltr' id='par_1_92' title="bbox 2443 3332 4023 3411">
     <span class='ocr_line' id='line_1_92' title="bbox 2443 3332 4023 3411; baseline -0.008 -12"><span class='ocrx_word' id='word_1_655' title='bbox 2443 3348 2538 3399; x_wconf 72' lang='grc' dir='ltr'><strong>καὶ</strong></span> <span class='ocrx_word' id='word_1_656' title='bbox 2569 3345 2686 3408; x_wconf 83' lang='grc' dir='ltr'><strong>πῶς</strong></span> <span class='ocrx_word' id='word_1_657' title='bbox 2716 3342 2861 3411; x_wconf 73' lang='grc' dir='ltr'><strong>αὐτῷ</strong></span> <span class='ocrx_word' id='word_1_658' title='bbox 2894 3345 2953 3395; x_wconf 70' lang='grc' dir='ltr'><strong>τὸ</strong></span> <span class='ocrx_word' id='word_1_659' title='bbox 2978 3341 3163 3392; x_wconf 81' lang='grc' dir='ltr'><strong>λοιπὸν</strong></span> <span class='ocrx_word' id='word_1_660' title='bbox 3196 3332 3526 3410; x_wconf 77' lang='grc' dir='ltr'><strong>προστάττει</strong></span> <span class='ocrx_word' id='word_1_661' title='bbox 3568 3338 3883 3408; x_wconf 81' lang='grc' dir='ltr'><strong>χρήσασθαι</strong></span> <span class='ocrx_word' id='word_1_662' title='bbox 3915 3340 4023 3399; x_wconf 81' lang='grc' dir='ltr'><strong>τοῖς</strong></span> 
     </span>
    </p>
   </div>
   <div class='ocr_carea' id='block_1_93' title="bbox 2445 3428 4024 3506">
    <p class='ocr_par' dir='ltr' id='par_1_93' title="bbox 2445 3428 4024 3506">
     <span class='ocr_line' id='line_1_93' title="bbox 2445 3428 4024 3506; baseline -0.007 -15"><span class='ocrx_word' id='word_1_663' title='bbox 2445 3428 2641 3506; x_wconf 75' lang='grc' dir='ltr'><strong>ἁγίοις.</strong></span> <span class='ocrx_word' id='word_1_664' title='bbox 2686 3436 2746 3488; x_wconf 89' lang='lat'><strong>&#39;0</strong></span> <span class='ocrx_word' id='word_1_665' title='bbox 2778 3436 2833 3491; x_wconf 80' lang='grc' dir='ltr'><strong>δὲ</strong></span> <span class='ocrx_word' id='word_1_666' title='bbox 2864 3432 3111 3502; x_wconf 80' lang='grc' dir='ltr'><strong>ἀκηκοὼς</strong></span> <span class='ocrx_word' id='word_1_667' title='bbox 3130 3433 3209 3485; x_wconf 68' lang='grc' dir='ltr'><strong>ἔτι</strong></span> <span class='ocrx_word' id='word_1_668' title='bbox 3230 3432 3504 3501; x_wconf 75' lang='grc' dir='ltr'><strong>Ναςάριον</strong></span> <span class='ocrx_word' id='word_1_669' title='bbox 3559 3431 3856 3498; x_wconf 73' lang='grc' dir='ltr'><strong>περιεῖναι,</strong></span> <span class='ocrx_word' id='word_1_670' title='bbox 3890 3429 4024 3480; x_wconf 70' lang='grc' dir='ltr'><strong>πολὺ</strong></span> 
     </span>
    </p>
   </div>
   <div class='ocr_carea' id='block_1_94' title="bbox 2444 3520 4025 3593">
    <p class='ocr_par' dir='ltr' id='par_1_94' title="bbox 2444 3520 4025 3593">
     <span class='ocr_line' id='line_1_94' title="bbox 2444 3520 4025 3593; baseline -0.006 -11"><span class='ocrx_word' id='word_1_671' title='bbox 2444 3531 2585 3582; x_wconf 78' lang='grc' dir='ltr'><strong>κατὰ</strong></span> <span class='ocrx_word' id='word_1_672' title='bbox 2613 3527 2720 3580; x_wconf 86' lang='grc' dir='ltr'><strong>τῶν</strong></span> <span class='ocrx_word' id='word_1_673' title='bbox 2751 3528 3119 3593; x_wconf 73' lang='grc' dir='ltr'><strong>ὲπιταγίντων</strong></span> <span class='ocrx_word' id='word_1_674' title='bbox 3146 3526 3306 3576; x_wconf 71' lang='grc' dir='ltr'><strong>αὑτὸν</strong></span> <span class='ocrx_word' id='word_1_675' title='bbox 3327 3522 3626 3593; x_wconf 73' lang='grc' dir='ltr'><strong>δημίωντῷ</strong></span> <span class='ocrx_word' id='word_1_676' title='bbox 3654 3520 3914 3590; x_wconf 68' lang='grc' dir='ltr'><strong>βυθῷτῆ,</strong></span> <span class='ocrx_word' id='word_1_677' title='bbox 3936 3521 4025 3573; x_wconf 83' lang='grc' dir='ltr'><strong>θα-</strong></span> 
     </span>
    </p>
   </div>
   <div class='ocr_carea' id='block_1_95' title="bbox 2444 3615 4023 3689">
    <p class='ocr_par' dir='ltr' id='par_1_95' title="bbox 2444 3615 4023 3689">
     <span class='ocr_line' id='line_1_95' title="bbox 2444 3615 4023 3689; baseline -0.005 -17"><span class='ocrx_word' id='word_1_678' title='bbox 2444 3621 2649 3689; x_wconf 83' lang='grc' dir='ltr'><strong>λάσσης</strong></span> <span class='ocrx_word' id='word_1_679' title='bbox 2676 3617 3023 3686; x_wconf 58' lang='grc' dir='ltr'><strong>εκιαφείναιτδ</strong></span> <span class='ocrx_word' id='word_1_680' title='bbox 3051 3615 3269 3684; x_wconf 73' lang='grc' dir='ltr'><strong>φονικὸν</strong></span> <span class='ocrx_word' id='word_1_681' title='bbox 3286 3618 3491 3678; x_wconf 74' lang='grc' dir='ltr'><strong>ὲπνίει,</strong></span> <span class='ocrx_word' id='word_1_682' title='bbox 3517 3617 3620 3668; x_wconf 74' lang='grc' dir='ltr'><strong>ὑπὸ</strong></span> <span class='ocrx_word' id='word_1_683' title='bbox 3640 3617 3739 3682; x_wconf 78' lang='grc' dir='ltr'><strong>τῆς</strong></span> <span class='ocrx_word' id='word_1_684' title='bbox 3769 3615 3940 3682; x_wconf 75' lang='grc' dir='ltr'><strong>ὀργῆς</strong></span> <span class='ocrx_word' id='word_1_685' title='bbox 3967 3630 4023 3665; x_wconf 83' lang='grc' dir='ltr'><strong>τε</strong></span> 
     </span>
    </p>
   </div>
   <div class='ocr_carea' id='block_1_96' title="bbox 2446 3706 4022 3781">
    <p class='ocr_par' dir='ltr' id='par_1_96' title="bbox 2446 3706 4022 3781">
     <span class='ocr_line' id='line_1_96' title="bbox 2446 3706 4022 3781; baseline -0.004 -17"><span class='ocrx_word' id='word_1_686' title='bbox 2446 3715 2534 3765; x_wconf 86' lang='grc' dir='ltr'><strong>καί</strong></span> <span class='ocrx_word' id='word_1_687' title='bbox 2569 3712 2661 3764; x_wconf 85' lang='grc' dir='ltr'><strong>τοῦ</strong></span> <span class='ocrx_word' id='word_1_688' title='bbox 2704 3711 2895 3781; x_wconf 86' lang='grc' dir='ltr'><strong>θρόνου</strong></span> <span class='ocrx_word' id='word_1_689' title='bbox 2920 3709 3168 3778; x_wconf 81' lang='grc' dir='ltr'><strong>άνέθορε,</strong></span> <span class='ocrx_word' id='word_1_690' title='bbox 3199 3711 3294 3760; x_wconf 77' lang='grc' dir='ltr'><strong>καὶ</strong></span> <span class='ocrx_word' id='word_1_691' title='bbox 3320 3709 3458 3776; x_wconf 84' lang='grc' dir='ltr'><strong>μετά</strong></span> <span class='ocrx_word' id='word_1_692' title='bbox 3477 3707 3603 3775; x_wconf 77' lang='grc' dir='ltr'><strong>βοῆς</strong></span> <span class='ocrx_word' id='word_1_693' title='bbox 3657 3709 3725 3759; x_wconf 73' lang='grc' dir='ltr'><strong>τὰ</strong></span> <span class='ocrx_word' id='word_1_694' title='bbox 3774 3706 4022 3775; x_wconf 74' lang='grc' dir='ltr'><strong>βασίλεια</strong></span> 
     </span>
    </p>
   </div>
   <div class='ocr_carea' id='block_1_97' title="bbox 2445 3799 4017 3870">
    <p class='ocr_par' dir='ltr' id='par_1_97' title="bbox 2445 3799 4017 3870">
     <span class='ocr_line' id='line_1_97' title="bbox 2445 3799 4017 3870; baseline -0.003 -16"><span class='ocrx_word' id='word_1_695' title='bbox 2445 3802 2633 3867; x_wconf 78' lang='grc' dir='ltr'><strong>διέθει,</strong></span> <span class='ocrx_word' id='word_1_696' title='bbox 2663 3806 2789 3863; x_wconf 73' lang='grc' dir='ltr'><strong>τοὺς</strong></span> <span class='ocrx_word' id='word_1_697' title='bbox 2816 3801 3135 3863; x_wconf 73' lang='grc' dir='ltr'><strong>ἐπιϐούλους</strong></span> <span class='ocrx_word' id='word_1_698' title='bbox 3175 3801 3487 3870; x_wconf 80' lang='grc' dir='ltr'><strong>κεκραγὼς,</strong></span> <span class='ocrx_word' id='word_1_699' title='bbox 3509 3801 3634 3861; x_wconf 67' lang='grc' dir='ltr'><strong>τοὺς</strong></span> <span class='ocrx_word' id='word_1_700' title='bbox 3665 3799 4017 3867; x_wconf 71' lang='grc' dir='ltr'><strong>ἀχαρίστους.</strong></span> 
     </span>
    </p>
   </div>
   <div class='ocr_carea' id='block_1_98' title="bbox 2445 3891 4021 3962">
    <p class='ocr_par' dir='ltr' id='par_1_98' title="bbox 2445 3891 4021 3962">
     <span class='ocr_line' id='line_1_98' title="bbox 2445 3891 4021 3962; baseline -0.005 -14"><span class='ocrx_word' id='word_1_701' title='bbox 2445 3896 2568 3954; x_wconf 74' lang='grc' dir='ltr'><strong>τοὺς</strong></span> <span class='ocrx_word' id='word_1_702' title='bbox 2599 3895 2727 3962; x_wconf 79' lang='grc' dir='ltr'><strong>περὶ</strong></span> <span class='ocrx_word' id='word_1_703' title='bbox 2745 3896 2868 3956; x_wconf 76' lang='grc' dir='ltr'><strong>τοὺς</strong></span> <span class='ocrx_word' id='word_1_704' title='bbox 2895 3892 3049 3955; x_wconf 81' lang='grc' dir='ltr'><strong>θεοὺς</strong></span> <span class='ocrx_word' id='word_1_705' title='bbox 3076 3892 3313 3958; x_wconf 78' lang='grc' dir='ltr'><strong>ἀσεϐεῖς,</strong></span> <span class='ocrx_word' id='word_1_706' title='bbox 3341 3892 3522 3959; x_wconf 72' lang='grc' dir='ltr'><strong>ἐζήτει</strong></span> <span class='ocrx_word' id='word_1_707' title='bbox 3551 3907 3608 3942; x_wconf 86' lang='grc' dir='ltr'><strong>τε</strong></span> <span class='ocrx_word' id='word_1_708' title='bbox 3634 3891 3831 3950; x_wconf 74' lang='grc' dir='ltr'><strong>αὐτοὺς</strong></span> <span class='ocrx_word' id='word_1_709' title='bbox 3864 3891 4021 3956; x_wconf 49' lang='lat' dir='ltr'><strong>ipsa-</strong></span> 
     </span>
    </p>
   </div>
   <div class='ocr_carea' id='block_1_99' title="bbox 2446 3982 4019 4057">
    <p class='ocr_par' dir='ltr' id='par_1_99' title="bbox 2446 3982 4019 4057">
     <span class='ocr_line' id='line_1_99' title="bbox 2446 3982 4019 4057; baseline -0.004 -19"><span class='ocrx_word' id='word_1_710' title='bbox 2446 3988 2561 4057; x_wconf 88' lang='grc' dir='ltr'><strong>ρείν</strong></span> <span class='ocrx_word' id='word_1_711' title='bbox 2595 3985 2682 4038; x_wconf 81' lang='grc' dir='ltr'><strong>τνα</strong></span> <span class='ocrx_word' id='word_1_712' title='bbox 2709 3987 2802 4038; x_wconf 79' lang='grc' dir='ltr'><strong>καὶ</strong></span> <span class='ocrx_word' id='word_1_713' title='bbox 2838 3985 3105 4056; x_wconf 79' lang='grc' dir='ltr'><strong>συνανέλῃ</strong></span> <span class='ocrx_word' id='word_1_714' title='bbox 3156 3989 3269 4047; x_wconf 82' lang='grc' dir='ltr'><strong>τοῖς</strong></span> <span class='ocrx_word' id='word_1_715' title='bbox 3303 3986 3589 4054; x_wconf 86' lang='grc' dir='ltr'><strong>μάρτυσιν,</strong></span> <span class='ocrx_word' id='word_1_716' title='bbox 3615 3982 3828 4050; x_wconf 84' lang='grc' dir='ltr'><strong>άγνοῶν</strong></span> <span class='ocrx_word' id='word_1_717' title='bbox 3861 3985 3889 4033; x_wconf 84' lang='grc' dir='ltr'>ὁ</span> <span class='ocrx_word' id='word_1_718' title='bbox 3920 3982 4019 4047; x_wconf 75' lang='grc' dir='ltr'><strong>μά-</strong></span> 
     </span>
    </p>
   </div>
   <div class='ocr_carea' id='block_1_100' title="bbox 2443 4075 4014 4147">
    <p class='ocr_par' dir='ltr' id='par_1_100' title="bbox 2443 4075 4014 4147">
     <span class='ocr_line' id='line_1_100' title="bbox 2443 4075 4014 4147; baseline -0.004 -17"><span class='ocrx_word' id='word_1_719' title='bbox 2443 4095 2592 4141; x_wconf 71' lang='grc' dir='ltr'><strong>ταίος</strong></span> <span class='ocrx_word' id='word_1_720' title='bbox 2617 4079 2699 4130; x_wconf 82' lang='grc' dir='ltr'><strong>ὅτι</strong></span> <span class='ocrx_word' id='word_1_721' title='bbox 2727 4078 2950 4130; x_wconf 75' lang='grc' dir='ltr'><strong>δυνατὸν</strong></span> <span class='ocrx_word' id='word_1_722' title='bbox 2978 4079 3095 4147; x_wconf 83' lang='grc' dir='ltr'><strong>Θεῷ</strong></span> <span class='ocrx_word' id='word_1_723' title='bbox 3120 4080 3195 4147; x_wconf 77' lang='grc' dir='ltr'><strong>μὴ</strong></span> <span class='ocrx_word' id='word_1_724' title='bbox 3222 4078 3305 4130; x_wconf 77' lang='grc' dir='ltr'><strong>ὅτι</strong></span> <span class='ocrx_word' id='word_1_725' title='bbox 3333 4093 3396 4142; x_wconf 86' lang='grc' dir='ltr'><strong>γε</strong></span> <span class='ocrx_word' id='word_1_726' title='bbox 3427 4076 3705 4144; x_wconf 75' lang='grc' dir='ltr'><strong>Θαλάσσης</strong></span> <span class='ocrx_word' id='word_1_727' title='bbox 3727 4075 3902 4126; x_wconf 81' lang='grc' dir='ltr'><strong>σῶσαι</strong></span> <span class='ocrx_word' id='word_1_728' title='bbox 3927 4076 4014 4125; x_wconf 66' lang='grc' dir='ltr'><strong>τὶν</strong></span> 
     </span>
    </p>
   </div>
   <div class='ocr_carea' id='block_1_101' title="bbox 2446 4166 4017 4239">
    <p class='ocr_par' dir='ltr' id='par_1_101' title="bbox 2446 4166 4017 4239">
     <span class='ocr_line' id='line_1_101' title="bbox 2446 4166 4017 4239; baseline -0.004 -18"><span class='ocrx_word' id='word_1_729' title='bbox 2446 4171 2623 4239; x_wconf 80' lang='grc' dir='ltr'><strong>ἑαυτῷ</strong></span> <span class='ocrx_word' id='word_1_730' title='bbox 2669 4171 2986 4232; x_wconf 76' lang='grc' dir='ltr'><strong>πεποιθότα,</strong></span> <span class='ocrx_word' id='word_1_731' title='bbox 3025 4169 3161 4221; x_wconf 75' lang='grc' dir='ltr'><strong>ἀλλὰ</strong></span> <span class='ocrx_word' id='word_1_732' title='bbox 3209 4170 3303 4220; x_wconf 76' lang='grc' dir='ltr'><strong>καὶ</strong></span> <span class='ocrx_word' id='word_1_733' title='bbox 3353 4168 3524 4235; x_wconf 73' lang='grc' dir='ltr'><strong>αὐτὴν</strong></span> <span class='ocrx_word' id='word_1_734' title='bbox 3557 4167 3730 4234; x_wconf 75' lang='grc' dir='ltr'><strong>δήπου</strong></span> <span class='ocrx_word' id='word_1_735' title='bbox 3781 4166 4017 4235; x_wconf 61' lang='grc' dir='ltr'><strong>ξηρά-νει</strong></span> 
     </span>
    </p>
   </div>
   <div class='ocr_carea' id='block_1_102' title="bbox 2444 4257 4016 4330">
    <p class='ocr_par' dir='ltr' id='par_1_102' title="bbox 2444 4257 4016 4330">
     <span class='ocr_line' id='line_1_102' title="bbox 2444 4257 4016 4330; baseline -0.004 -17"><span class='ocrx_word' id='word_1_736' title='bbox 2444 4263 2543 4330; x_wconf 81' lang='grc' dir='ltr'><strong>τὴν</strong></span> <span class='ocrx_word' id='word_1_737' title='bbox 2583 4260 2880 4315; x_wconf 71' lang='grc' dir='ltr'><strong>θάλασσαν.</strong></span> <span class='ocrx_word' id='word_1_738' title='bbox 2923 4262 3032 4312; x_wconf 69' lang='grc' dir='ltr'><strong>Καὶ</strong></span> <span class='ocrx_word' id='word_1_739' title='bbox 3072 4259 3344 4329; x_wconf 79' lang='grc' dir='ltr'><strong>μαρτυρεῖ</strong></span> <span class='ocrx_word' id='word_1_740' title='bbox 3371 4257 3534 4311; x_wconf 78' lang='grc' dir='ltr'><strong>Δαυῖδ</strong></span> <span class='ocrx_word' id='word_1_741' title='bbox 3573 4259 3600 4308; x_wconf 80' lang='grc' dir='ltr'><strong>ὁ</strong></span> <span class='ocrx_word' id='word_1_742' title='bbox 3645 4258 3810 4318; x_wconf 86' lang='grc' dir='ltr'><strong>θεῖος,</strong></span> <span class='ocrx_word' id='word_1_743' title='bbox 3841 4257 4016 4308; x_wconf 76' lang='grc' dir='ltr'><strong>θεῖναι</strong></span> 
     </span>
    </p>
   </div>
   <div class='ocr_carea' id='block_1_103' title="bbox 2445 4348 4016 4422">
    <p class='ocr_par' dir='ltr' id='par_1_103' title="bbox 2445 4348 4016 4422">
     <span class='ocr_line' id='line_1_103' title="bbox 2445 4348 4016 4422; baseline -0.004 -16"><span class='ocrx_word' id='word_1_744' title='bbox 2445 4354 2618 4422; x_wconf 71' lang='grc' dir='ltr'><strong>λέγων</strong></span> <span class='ocrx_word' id='word_1_745' title='bbox 2665 4353 2827 4405; x_wconf 76' lang='grc' dir='ltr'><strong>αὑτὸν</strong></span> <span class='ocrx_word' id='word_1_746' title='bbox 2858 4355 3132 4420; x_wconf 71' lang='grc' dir='ltr'><strong>ποταμοὺς</strong></span> <span class='ocrx_word' id='word_1_747' title='bbox 3166 4352 3248 4413; x_wconf 88' lang='grc' dir='ltr'><strong>είς</strong></span> <span class='ocrx_word' id='word_1_748' title='bbox 3279 4353 3521 4419; x_wconf 71' lang='grc' dir='ltr'><strong>ἔρημον,</strong></span> <span class='ocrx_word' id='word_1_749' title='bbox 3569 4349 3807 4416; x_wconf 73' lang='grc' dir='ltr'><strong>ἔμπαλιν</strong></span> <span class='ocrx_word' id='word_1_750' title='bbox 3837 4348 3894 4400; x_wconf 74' lang='grc' dir='ltr'><strong>δὲ</strong></span> <span class='ocrx_word' id='word_1_751' title='bbox 3930 4353 4016 4400; x_wconf 69' lang='grc' dir='ltr'><strong>καὶ</strong></span> 
     </span>
    </p>
   </div>
   <div class='ocr_carea' id='block_1_104' title="bbox 2444 4441 4014 4516">
    <p class='ocr_par' dir='ltr' id='par_1_104' title="bbox 2444 4441 4014 4516">
     <span class='ocr_line' id='line_1_104' title="bbox 2444 4441 4014 4516; baseline -0.005 -16"><span class='ocrx_word' id='word_1_752' title='bbox 2444 4447 2544 4516; x_wconf 83' lang='grc' dir='ltr'><strong>τὴν</strong></span> <span class='ocrx_word' id='word_1_753' title='bbox 2573 4446 2777 4516; x_wconf 67' lang='grc' dir='ltr'><strong>ἔρημον</strong></span> <span class='ocrx_word' id='word_1_754' title='bbox 2825 4445 2902 4506; x_wconf 86' lang='grc' dir='ltr'><strong>είς</strong></span> <span class='ocrx_word' id='word_1_755' title='bbox 2932 4445 3126 4514; x_wconf 78' lang='grc' dir='ltr'><strong>λίμνας</strong></span> <span class='ocrx_word' id='word_1_756' title='bbox 3155 4442 3384 4495; x_wconf 80' lang='grc' dir='ltr'><strong>ὑδάτων.</strong></span> <span class='ocrx_word' id='word_1_757' title='bbox 3418 4441 3592 4494; x_wconf 74' lang='grc' dir='ltr'><strong>Πολλὰ</strong></span> <span class='ocrx_word' id='word_1_758' title='bbox 3638 4441 3820 4493; x_wconf 82' lang='grc' dir='ltr'><strong>τοίνυν</strong></span> <span class='ocrx_word' id='word_1_759' title='bbox 3857 4441 4014 4508; x_wconf 51' lang='lat' dir='ltr'><strong>lxii}-</strong></span> 
     </span>
    </p>
   </div>
   <div class='ocr_carea' id='block_1_105' title="bbox 2445 4533 4015 4610">
    <p class='ocr_par' dir='ltr' id='par_1_105' title="bbox 2445 4533 4015 4610">
     <span class='ocr_line' id='line_1_105' title="bbox 2445 4533 4015 4610; baseline -0.006 -18"><span class='ocrx_word' id='word_1_760' title='bbox 2445 4540 2642 4610; x_wconf 77' lang='grc' dir='ltr'><strong>τήσας.</strong></span> <span class='ocrx_word' id='word_1_761' title='bbox 2677 4536 2800 4588; x_wconf 72' lang='grc' dir='ltr'><strong>ἐπεὶ</strong></span> <span class='ocrx_word' id='word_1_762' title='bbox 2859 4534 2935 4605; x_wconf 84' lang='grc' dir='ltr'><strong>μὴ</strong></span> <span class='ocrx_word' id='word_1_763' title='bbox 2991 4533 3210 4603; x_wconf 71' lang='grc' dir='ltr'><strong>ἐφεῦρε,</strong></span> <span class='ocrx_word' id='word_1_764' title='bbox 3245 4534 3534 4602; x_wconf 81' lang='grc' dir='ltr'><strong>γράμμασι</strong></span> <span class='ocrx_word' id='word_1_765' title='bbox 3580 4534 3678 4599; x_wconf 78' lang='grc' dir='ltr'><strong>τὴν</strong></span> <span class='ocrx_word' id='word_1_766' title='bbox 3728 4535 3870 4584; x_wconf 69' lang='grc' dir='ltr'><strong>κατὰ</strong></span> <span class='ocrx_word' id='word_1_767' title='bbox 3911 4533 4015 4583; x_wconf 72' lang='grc' dir='ltr'><strong>τῶν</strong></span> 
     </span>
    </p>
   </div>
   <div class='ocr_carea' id='block_1_106' title="bbox 2446 4625 4011 4700">
    <p class='ocr_par' dir='ltr' id='par_1_106' title="bbox 2446 4625 4011 4700">
     <span class='ocr_line' id='line_1_106' title="bbox 2446 4625 4011 4700; baseline -0.006 -14"><span class='ocrx_word' id='word_1_768' title='bbox 2446 4634 2618 4700; x_wconf 80' lang='grc' dir='ltr'><strong>ἁγίων</strong></span> <span class='ocrx_word' id='word_1_769' title='bbox 2672 4632 2949 4696; x_wconf 72' lang='grc' dir='ltr'><strong>ἀπόφασιν</strong></span> <span class='ocrx_word' id='word_1_770' title='bbox 2995 4627 3268 4680; x_wconf 76' lang='grc' dir='ltr'><strong>ἐκτίθεται</strong></span> <span class='ocrx_word' id='word_1_771' title='bbox 3322 4625 3528 4688; x_wconf 74' lang='grc' dir='ltr'><strong>οὕτως’</strong></span> <span class='ocrx_word' id='word_1_772' title='bbox 3585 4625 3920 4698; x_wconf 76' lang='grc' dir='ltr'><strong>ἐπειδήπερ</strong></span> <span class='ocrx_word' id='word_1_773' title='bbox 3967 4626 4011 4677; x_wconf 78' lang='lat' dir='ltr'><strong>si</strong></span> 
     </span>
    </p>
   </div>
   <div class='ocr_carea' id='block_1_107' title="bbox 2447 4703 4011 4794">
    <p class='ocr_par' dir='ltr' id='par_1_107' title="bbox 2447 4703 4011 4794">
     <span class='ocr_line' id='line_1_107' title="bbox 2447 4703 4011 4794; baseline -0.006 -18"><span class='ocrx_word' id='word_1_774' title='bbox 2447 4726 2554 4794; x_wconf 83' lang='grc' dir='ltr'><strong>πρὸ</strong></span> <span class='ocrx_word' id='word_1_775' title='bbox 2609 4722 2766 4792; x_wconf 79' lang='grc' dir='ltr'><strong>ἡμῶν</strong></span> <span class='ocrx_word' id='word_1_776' title='bbox 2822 4721 2915 4773; x_wconf 72' lang='grc' dir='ltr'><strong>επὶ</strong></span> <span class='ocrx_word' id='word_1_777' title='bbox 2966 4720 3057 4772; x_wconf 81' lang='grc' dir='ltr'><strong>τὸν</strong></span> <span class='ocrx_word' id='word_1_778' title='bbox 3117 4718 3322 4786; x_wconf 69' lang='grc' dir='ltr'><strong>ὑψηλὸν</strong></span> <span class='ocrx_word' id='word_1_779' title='bbox 3373 4717 3559 4769; x_wconf 89' lang='grc' dir='ltr'><strong>τοῦτον</strong></span> <span class='ocrx_word' id='word_1_780' title='bbox 3589 4717 3688 4781; x_wconf 77' lang='grc' dir='ltr'><strong>τῆς</strong></span> <span class='ocrx_word' id='word_1_781' title='bbox 3741 4703 4011 4786; x_wconf 76' lang='grc' dir='ltr'><strong>βασιλείας</strong></span> 
     </span>
    </p>
   </div>
   <div class='ocr_carea' id='block_1_108' title="bbox 2443 4810 4012 4881">
    <p class='ocr_par' dir='ltr' id='par_1_108' title="bbox 2443 4810 4012 4881">
     <span class='ocr_line' id='line_1_108' title="bbox 2443 4810 4012 4881; baseline -0.008 -11"><span class='ocrx_word' id='word_1_782' title='bbox 2443 4815 2748 4877; x_wconf 79' lang='grc' dir='ltr'><strong>ἁνασάντες</strong></span> <span class='ocrx_word' id='word_1_783' title='bbox 2810 4812 2998 4881; x_wconf 80' lang='grc' dir='ltr'><strong>θρόνον</strong></span> <span class='ocrx_word' id='word_1_784' title='bbox 3053 4812 3113 4864; x_wconf 81' lang='grc' dir='ltr'><strong>οὐ</strong></span> <span class='ocrx_word' id='word_1_785' title='bbox 3162 4813 3287 4873; x_wconf 76' lang='grc' dir='ltr'><strong>τοὺς</strong></span> <span class='ocrx_word' id='word_1_786' title='bbox 3339 4810 3471 4880; x_wconf 82' lang='grc' dir='ltr'><strong>περὶ</strong></span> <span class='ocrx_word' id='word_1_787' title='bbox 3523 4810 3816 4877; x_wconf 71' lang='grc' dir='ltr'><strong>μεγίστους</strong></span> <span class='ocrx_word' id='word_1_788' title='bbox 3853 4810 4012 4875; x_wconf 67' lang='grc' dir='ltr'><strong>μόνον</strong></span> 
     </span>
    </p>
   </div>
   <div class='ocr_carea' id='block_1_109' title="bbox 2444 4901 4008 4971">
    <p class='ocr_par' dir='ltr' id='par_1_109' title="bbox 2444 4901 4008 4971">
     <span class='ocr_line' id='line_1_109' title="bbox 2444 4901 4008 4971; baseline -0.005 -12"><span class='ocrx_word' id='word_1_789' title='bbox 2444 4904 2840 4966; x_wconf 74' lang='grc' dir='ltr'><strong>δυσσεϐοῦντας</strong></span> <span class='ocrx_word' id='word_1_790' title='bbox 2873 4903 3029 4966; x_wconf 81' lang='grc' dir='ltr'><strong>θεοὺς</strong></span> <span class='ocrx_word' id='word_1_791' title='bbox 3050 4903 3216 4971; x_wconf 75' lang='grc' dir='ltr'><strong>ψήφῳ</strong></span> <span class='ocrx_word' id='word_1_792' title='bbox 3241 4902 3472 4955; x_wconf 87' lang='grc' dir='ltr'><strong>θανάτου</strong></span> <span class='ocrx_word' id='word_1_793' title='bbox 3512 4901 3857 4970; x_wconf 77' lang='grc' dir='ltr'><strong>κατέκρινον,</strong></span> <span class='ocrx_word' id='word_1_794' title='bbox 3898 4901 4008 4953; x_wconf 72' lang='grc' dir='ltr'><strong>ἀλλ’</strong></span> 
     </span>
    </p>
   </div>
   <div class='ocr_carea' id='block_1_110' title="bbox 2443 4990 4010 5062">
    <p class='ocr_par' dir='ltr' id='par_1_110' title="bbox 2443 4990 4010 5062">
     <span class='ocr_line' id='line_1_110' title="bbox 2443 4990 4010 5062; baseline -0.004 -14"><span class='ocrx_word' id='word_1_795' title='bbox 2443 4997 2492 5048; x_wconf 85' lang='grc' dir='ltr'><strong>εί</strong></span> <span class='ocrx_word' id='word_1_796' title='bbox 2523 4995 2614 5048; x_wconf 73' lang='grc' dir='ltr'><strong>καί</strong></span> <span class='ocrx_word' id='word_1_797' title='bbox 2641 5011 2785 5056; x_wconf 88' lang='grc' dir='ltr'><strong>τινες</strong></span> <span class='ocrx_word' id='word_1_798' title='bbox 2817 4993 3154 5062; x_wconf 77' lang='grc' dir='ltr'><strong>εὑρίσκοιντο</strong></span> <span class='ocrx_word' id='word_1_799' title='bbox 3203 4990 3567 5060; x_wconf 79' lang='grc' dir='ltr'><strong>μαγγανείαις</strong></span> <span class='ocrx_word' id='word_1_800' title='bbox 3607 4991 3715 5060; x_wconf 71' lang='grc' dir='ltr'><strong>ἄρα</strong></span> <span class='ocrx_word' id='word_1_801' title='bbox 3767 4994 3859 5043; x_wconf 76' lang='grc' dir='ltr'><strong>καὶ</strong></span> <span class='ocrx_word' id='word_1_802' title='bbox 3891 5008 4010 5060; x_wconf 68' lang='grc' dir='ltr'><strong>γεηο</strong></span> 
     </span>
    </p>
   </div>
   <div class='ocr_carea' id='block_1_111' title="bbox 2440 5079 4006 5148">
    <p class='ocr_par' dir='ltr' id='par_1_111' title="bbox 2440 5079 4006 5148">
     <span class='ocr_line' id='line_1_111' title="bbox 2440 5079 4006 5148; baseline -0.005 -9"><span class='ocrx_word' id='word_1_803' title='bbox 2440 5087 2613 5148; x_wconf 84' lang='grc' dir='ltr'><strong>τείαις</strong></span> <span class='ocrx_word' id='word_1_804' title='bbox 2647 5085 2772 5144; x_wconf 73' lang='grc' dir='ltr'><strong>τοὺς</strong></span> <span class='ocrx_word' id='word_1_805' title='bbox 2790 5082 3016 5143; x_wconf 70' lang='grc' dir='ltr'><strong>πολλοὺς</strong></span> <span class='ocrx_word' id='word_1_806' title='bbox 3064 5079 3509 5148; x_wconf 79' lang='grc' dir='ltr'><strong>άποφθείροντες,</strong></span> <span class='ocrx_word' id='word_1_807' title='bbox 3540 5079 3633 5132; x_wconf 72' lang='grc' dir='ltr'><strong>καὶ</strong></span> <span class='ocrx_word' id='word_1_808' title='bbox 3672 5079 3857 5143; x_wconf 69' lang='grc' dir='ltr'><strong>αὐτοῖς</strong></span> <span class='ocrx_word' id='word_1_809' title='bbox 3894 5085 4006 5148; x_wconf 73' lang='grc' dir='ltr'><strong>ἴσην</strong></span> 
     </span>
    </p>
   </div>
   <div class='ocr_carea' id='block_1_112' title="bbox 2440 5172 4003 5248">
    <p class='ocr_par' dir='ltr' id='par_1_112' title="bbox 2440 5172 4003 5248">
     <span class='ocr_line' id='line_1_112' title="bbox 2440 5172 4003 5248; baseline -0.003 -17"><span class='ocrx_word' id='word_1_810' title='bbox 2440 5181 2539 5248; x_wconf 75' lang='grc' dir='ltr'><strong>τὴν</strong></span> <span class='ocrx_word' id='word_1_811' title='bbox 2569 5179 2840 5247; x_wconf 83' lang='grc' dir='ltr'><strong>τιμωρίαν</strong></span> <span class='ocrx_word' id='word_1_812' title='bbox 2867 5173 3287 5242; x_wconf 63' lang='grc' dir='ltr'><strong>ἐπιψηφίζοντο,</strong></span> <span class='ocrx_word' id='word_1_813' title='bbox 3317 5172 3564 5235; x_wconf 79' lang='grc' dir='ltr'><strong>θεσπίζει</strong></span> <span class='ocrx_word' id='word_1_814' title='bbox 3596 5174 3691 5224; x_wconf 68' lang='grc' dir='ltr'><strong>καὶ</strong></span> <span class='ocrx_word' id='word_1_815' title='bbox 3723 5173 3778 5224; x_wconf 61' lang='grc' dir='ltr'><strong>τὸ</strong></span> <span class='ocrx_word' id='word_1_816' title='bbox 3811 5175 4003 5242; x_wconf 63' lang='grc' dir='ltr'><strong>ἡμέτε-</strong></span> 
     </span>
    </p>
   </div>
   <div class='ocr_carea' id='block_1_113' title="bbox 2446 5263 4001 5341">
    <p class='ocr_par' dir='ltr' id='par_1_113' title="bbox 2446 5263 4001 5341">
     <span class='ocr_line' id='line_1_113' title="bbox 2446 5263 4001 5341; baseline -0.002 -18"><span class='ocrx_word' id='word_1_817' title='bbox 2446 5288 2536 5341; x_wconf 92' lang='grc' dir='ltr'><strong>ρον</strong></span> <span class='ocrx_word' id='word_1_818' title='bbox 2565 5271 2761 5336; x_wconf 83' lang='grc' dir='ltr'><strong>κράτος</strong></span> <span class='ocrx_word' id='word_1_819' title='bbox 2795 5269 2876 5320; x_wconf 84' lang='grc' dir='ltr'><strong>ὅτι</strong></span> <span class='ocrx_word' id='word_1_820' title='bbox 2904 5268 3069 5336; x_wconf 83' lang='grc' dir='ltr'><strong>τάχος</strong></span> <span class='ocrx_word' id='word_1_821' title='bbox 3117 5267 3317 5329; x_wconf 83' lang='grc' dir='ltr'><strong>αὐτοὺς</strong></span> <span class='ocrx_word' id='word_1_822' title='bbox 3359 5263 3452 5318; x_wconf 84' lang='grc' dir='ltr'><strong>τοῦ</strong></span> <span class='ocrx_word' id='word_1_823' title='bbox 3493 5267 3593 5334; x_wconf 73' lang='grc' dir='ltr'><strong>ζῇν</strong></span> <span class='ocrx_word' id='word_1_824' title='bbox 3641 5268 4001 5338; x_wconf 67' lang='grc' dir='ltr'><strong>στερηθῆναι.</strong></span> 
     </span>
    </p>
   </div>
   <div class='ocr_carea' id='block_1_114' title="bbox 2445 5352 4003 5429">
    <p class='ocr_par' dir='ltr' id='par_1_114' title="bbox 2445 5352 4003 5429">
     <span class='ocr_line' id='line_1_114' title="bbox 2445 5352 4003 5429; baseline 0 -17"><span class='ocrx_word' id='word_1_825' title='bbox 2445 5361 2588 5429; x_wconf 67' lang='grc' dir='ltr'><strong>ξίφει</strong></span> <span class='ocrx_word' id='word_1_826' title='bbox 2621 5359 2717 5423; x_wconf 81' lang='grc' dir='ltr'><strong>τὰς</strong></span> <span class='ocrx_word' id='word_1_827' title='bbox 2757 5359 2996 5428; x_wconf 82' lang='grc' dir='ltr'><strong>κεφαλάς</strong></span> <span class='ocrx_word' id='word_1_828' title='bbox 3045 5357 3442 5426; x_wconf 72' lang='grc' dir='ltr'><strong>ἑκτμηθέντις,</strong></span> <span class='ocrx_word' id='word_1_829' title='bbox 3495 5352 3615 5411; x_wconf 73' lang='grc' dir='ltr'><strong>εἶτα</strong></span> <span class='ocrx_word' id='word_1_830' title='bbox 3673 5364 3838 5428; x_wconf 71' lang='grc' dir='ltr'><strong>θηρσὶ</strong></span> <span class='ocrx_word' id='word_1_831' title='bbox 3889 5364 4003 5420; x_wconf 60' lang='grc' dir='ltr'><strong>τοὺς</strong></span> 
     </span>
    </p>
   </div>
   <div class='ocr_carea' id='block_1_115' title="bbox 2441 5449 4002 5523">
    <p class='ocr_par' dir='ltr' id='par_1_115' title="bbox 2441 5449 4002 5523">
     <span class='ocr_line' id='line_1_115' title="bbox 2441 5449 4002 5523; baseline -0.002 -19"><span class='ocrx_word' id='word_1_832' title='bbox 2441 5454 2666 5523; x_wconf 77' lang='grc' dir='ltr'><strong>νεκροὺς</strong></span> <span class='ocrx_word' id='word_1_833' title='bbox 2694 5451 2872 5505; x_wconf 68' lang='grc' dir='ltr'><strong>αὐτῶν</strong></span> <span class='ocrx_word' id='word_1_834' title='bbox 2912 5451 2989 5511; x_wconf 83' lang='grc' dir='ltr'><strong>εἰς</strong></span> <span class='ocrx_word' id='word_1_835' title='bbox 3045 5449 3211 5517; x_wconf 69' lang='grc' dir='ltr'><strong>βορὰν</strong></span> <span class='ocrx_word' id='word_1_836' title='bbox 3253 5450 3602 5519; x_wconf 80' lang='grc' dir='ltr'><strong>προτεθῆναι,</strong></span> <span class='ocrx_word' id='word_1_837' title='bbox 3638 5450 3714 5512; x_wconf 62' lang='grc' dir='ltr'><strong>(τίς</strong></span> <span class='ocrx_word' id='word_1_838' title='bbox 3764 5452 3830 5503; x_wconf 83' lang='grc' dir='ltr'><strong>άν</strong></span> <span class='ocrx_word' id='word_1_839' title='bbox 3881 5452 4002 5519; x_wconf 73' lang='grc' dir='ltr'><strong>μηδὲ</strong></span> 
     </span>
    </p>
   </div>
   <div class='ocr_carea' id='block_1_116' title="bbox 2440 5538 4002 5613">
    <p class='ocr_par' dir='ltr' id='par_1_116' title="bbox 2440 5538 4002 5613">
     <span class='ocr_line' id='line_1_116' title="bbox 2440 5538 4002 5613; baseline -0.003 -18"><span class='ocrx_word' id='word_1_840' title='bbox 2440 5548 2536 5613; x_wconf 78' lang='grc' dir='ltr'><strong>τῆς</strong></span> <span class='ocrx_word' id='word_1_841' title='bbox 2572 5543 2752 5611; x_wconf 76' lang='grc' dir='ltr'><strong>κοινῆς</strong></span> <span class='ocrx_word' id='word_1_842' title='bbox 2782 5543 3037 5594; x_wconf 84' lang='grc' dir='ltr'><strong>ἁπάντων</strong></span> <span class='ocrx_word' id='word_1_843' title='bbox 3067 5538 3348 5603; x_wconf 79' lang='grc' dir='ltr'><strong>ἀξιωθεῖεν</strong></span> <span class='ocrx_word' id='word_1_844' title='bbox 3372 5541 3568 5609; x_wconf 72' lang='grc' dir='ltr'><strong>ταιρῆς.</strong></span> <span class='ocrx_word' id='word_1_845' title='bbox 3599 5539 3895 5607; x_wconf 73' lang='grc' dir='ltr'><strong>Ἐπιμελες</strong></span> <span class='ocrx_word' id='word_1_846' title='bbox 3923 5541 4002 5593; x_wconf 72' lang='grc' dir='ltr'><strong>οὖν</strong></span> 
     </span>
    </p>
   </div>
   <div class='ocr_carea' id='block_1_117' title="bbox 2441 5629 4003 5705">
    <p class='ocr_par' dir='ltr' id='par_1_117' title="bbox 2441 5629 4003 5705">
     <span class='ocr_line' id='line_1_117' title="bbox 2441 5629 4003 5705; baseline -0.002 -18"><span class='ocrx_word' id='word_1_847' title='bbox 2441 5637 2501 5687; x_wconf 71' lang='grc' dir='ltr'><strong>τὸ</strong></span> <span class='ocrx_word' id='word_1_848' title='bbox 2533 5637 2707 5705; x_wconf 59' lang='grc' dir='ltr'><strong>περόν</strong></span> <span class='ocrx_word' id='word_1_849' title='bbox 2756 5650 2839 5686; x_wconf 87' lang='grc' dir='ltr'><strong>σοι</strong></span> <span class='ocrx_word' id='word_1_850' title='bbox 2881 5631 3042 5684; x_wconf 84' lang='grc' dir='ltr'><strong>τοῦτο</strong></span> <span class='ocrx_word' id='word_1_851' title='bbox 3081 5629 3322 5698; x_wconf 77' lang='grc' dir='ltr'><strong>γενέσθω</strong></span> <span class='ocrx_word' id='word_1_852' title='bbox 3367 5632 3694 5697; x_wconf 68' lang='grc' dir='ltr'><strong>πρῦτταγμα</strong></span> <span class='ocrx_word' id='word_1_853' title='bbox 3730 5633 3810 5691; x_wconf 82' lang='grc' dir='ltr'><strong>εἰς</strong></span> <span class='ocrx_word' id='word_1_854' title='bbox 3843 5633 4003 5702; x_wconf 64' lang='grc' dir='ltr'><strong>πέρας</strong></span> 
     </span>
    </p>
   </div>
  </div>
