4214 6444
722 388 820 451 οιι

1871 380 2262 463 ΑΒΒΕΝΒΛ.
2306 408 2369 415 -
2409 380 2784 442 OCTOBER.

3885 379 3988 442 912

720 501 861 558 forte
893 501 1073 553 animo
1097 498 1397 568 accepisset
1437 497 1719 552 stimulum
1751 499 2068 567 voluptatis,
2106 498 2209 551 hoc
2242 497 2289 549 is
2320 503 2362 558 Α

2320 503 2362 558 Α
2393 497 2722 566 ὑπέκκαυμά
2751 515 2802 550 τι
2845 496 2976 565 πρὸς
3014 497 3238 568 ἀρετὴν,
3269 497 3383 551 ἀνθ’
3416 492 3491 552 ὧν
3521 499 3610 552 iul
3645 497 3741 566 τῆς
3775 499 3982 568 πόρνης

725 593 920 649 habuit
952 591 1243 662 quemdam
1283 590 1530 644 fomitem
1580 590 1648 644 ad
1696 593 1976 646 virtutem.
2007 588 2289 655 Quamob-

723 701 838 742 rem
871 688 916 740 is
933 699 961 738 ε
982 684 1276 739 meretrice
1302 697 1408 737 non
1436 681 1750 757 dim0rebat
1769 681 1980 747 oculos,
2003 679 2098 748 sed
2129 681 2296 733 etiam

723 797 848 834 tum
876 781 963 834 illa
1005 777 1224 832 adesset
1269 777 1376 830 lixo
1407 778 1604 830 obtutu
1641 777 1812 844 ipsam
1869 773 2192 842 aspiciebat,
2243 779 2298 824 et

722 888 846 927 cum
877 872 1074 937 abiret,
1109 870 1225 940 ipse
1249 869 1431 924 adhuc
1466 884 1584 922 eam
1615 867 1875 938 pergebat
1909 863 2294 932 contemplari.

793 963 878 1019 ιγ.
923 963 1128 1018 Deinde
1156 961 1311 1015 valde
1350 961 1718 1030 ingemiscens
1743 969 1800 1012 ct
1845 958 2090 1012 sull'usus
2120 957 2296 1026 lacry-

723 1058 828 1112 m’s
859 1056 1101 1125 seipsum
1131 1052 1368 1108 deﬂebat
1396 1053 1480 1106 vir
1521 1051 1734 1115 beatus,
1759 1059 1814 1104 et
1863 1049 2011 1102 illius
2037 1057 2292 1100 ornatum

723 1151 940 1205 dicebat
974 1163 1128 1202 suam
1160 1163 1282 1202 esse
1331 1146 1866 1207 condemnationem,
1901 1142 2173 1210 siquidem
2203 1141 2292 1193 iila

724 1256 914 1294 amans
939 1237 1163 1310 quidem
1207 1252 1460 1305 corpora,
1486 1236 1538 1288 in
1572 1250 1690 1304 qua:
1723 1234 1872 1288 cadit
1902 1232 2182 1296 interitus,
2215 1231 2297 1284 id-

723 1349 829 1402 que
853 1332 920 1386 ad
957 1333 1039 1386 sui
1077 1329 1362 1384 interitum
1409 1341 1707 1396 veramque
1749 1341 1811 1380 ac
1841 1339 2155 1396 germanam
2202 1324 2297 1380 ha-

724 1427 861 1479 bens
890 1422 1354 1493 pulchritudinem
1399 1422 1452 1475 in
1499 1420 1614 1474 suis
1668 1419 1930 1473 membris
1981 1418 2293 1483 ﬂorentem,

725 1535 833 1571 non
887 1517 1176 1570 dubitabat
1219 1526 1399 1569 tamen
1443 1513 1679 1566 naturali
1737 1510 2137 1581 pulchritudini
2198 1510 2297 1562 ali-

724 1613 854 1680 quid
893 1608 1239 1663 architectari
1290 1615 1346 1660 et
1400 1606 1636 1660 artilicio
1677 1603 1975 1673 adjungerc
2003 1644 2016 1667 ,
2060 1611 2115 1656 et
2171 1616 2294 1656 eam

725 1703 1053 1773 quibusdam
1105 1699 1375 1759 machinis
1422 1710 1478 1753 et
1528 1696 1998 1764 descriptionibus
2059 1695 2294 1750 reddere

725 1795 1182 1866 splendidiorem,
1232 1801 1291 1846 ut
1337 1806 1575 1844 amaram
1623 1789 1865 1858 aliquam
1893 1787 2006 1842 sibi
2059 1786 2294 1841 sulfure-

2401 590 2497 640 οὖκ
2519 589 2718 659 ἀφίστη
2748 589 2858 641 τῶν
2886 589 3202 659 ὀφθαλμῶν,
3232 590 3367 642 ἀλλὰ
3396 592 3490 643 καὶ
3519 589 3802 660 παρούσης
3845 589 3985 656 πρὸς

2381 681 2568 758 ,αὐτὴν
2595 682 2742 748 ἑώρα
2774 681 2982 748 ἀτενὲέ,
3012 684 3105 733 καὶ
3127 683 3396 752 ἀπιούσης
3429 683 3588 744 αὐτὸς
3612 683 3693 734 ἔτι
3723 681 3823 750 τῆς
3857 681 3985 755 θέας

2401 777 2599 846 εἴχετο.

2471 956 2546 1007 Δ’.
2606 951 2740 1008 Εἶτα
2789 956 2880 1008 καὶ
2932 955 3077 1024 μέγα
3127 956 3386 1022 στενάξας
3427 957 3520 1009 καὶ
3570 955 3826 1022 δακρύων
3851 954 3990 1023 πλη-

2401 1036 2545 1109 σθεὶς
2627 1047 2818 1100 ἑαυτὸν
2884 1049 2914 1101 ὁ
2963 1048 3232 1120 μακάριος
3285 1049 3656 1113 ἀπεκλαίετο,
3721 1050 3818 1100 καὶ
3893 1047 3986 1099 τὸν

2399 1140 2612 1208 ἐκείνης
2652 1140 3042 1211 καλλωπισμὸν
3070 1143 3398 1208 κατάκρισιν
3432 1142 3620 1210 ἔλεγεν
3656 1140 3882 1205 ἑαυτοῦ,
3912 1141 3987 1194 εί-

2402 1251 2508 1305 περ
2533 1235 2719 1304 εκείνη
2763 1237 2863 1304 μὲν
2887 1237 3158 1303 σωμάτων
3187 1236 3371 1306 ἐρῶσα
3407 1235 3669 1305 φθαρτῶν
3693 1235 3984 1289 καὶταῦτα

2400 1327 2491 1379 ἐπὶ
2515 1326 2659 1396 λύμῃ
2685 1329 2750 1397 τῇ
2786 1328 2982 1396 ἑαυτῆς
3014 1329 3106 1380 καί
3149 1345 3203 1380 τι
3245 1329 3470 1398 γνήσιον
3516 1328 3716 1397 ἔχουσα
3784 1324 3982 1387 κάλλος

2399 1421 2510 1481 τοῖς
2540 1420 2755 1487 μέλεσιν
2793 1419 3080 1483 ἐπανθοῦν,
3138 1421 3287 1488 ὅμως
3349 1421 3448 1473 οὐκ
3501 1421 3731 1473 ἀποκνεῖ
3783 1419 3978 1488 ἐπιδη-

2404 1510 2736 1579 μιουργοῦσα
2763 1512 2838 1582 τῷ
2864 1511 3076 1582 φυσικῷ
3112 1512 3296 1565 κάλλει
3328 1513 3422 1564 καὶ
3449 1512 3858 1581 ὲπιτεχνωμένη
3890 1511 3982 1564 καί

2398 1621 2513 1656 τισι
2540 1605 2701 1657 τοῦτο
2731 1607 3001 1674 μηχαναῖς
3048 1605 3537 1674 ὲπιλαμπρύνουσα
3593 1607 3688 1659 καὶ
3735 1605 3983 1671 ὑπογρα-

2401 1698 2526 1766 φαῖς
2550 1697 2634 1750 ῖνα
2653 1697 2826 1772 κλέψῃ
2858 1697 3054 1766 δούλην
3088 1698 3291 1768 πικρὰν
3322 1697 3537 1767 ἡδονήν.
3575 1696 3769 1766 Ἡμεῖς
3800 1697 3880 1760 δὲ,
3901 1691 3982 1754 οἷς

2403 1790 2503 1859 μὲν
2555 1789 2824 1850 ἀθάνατος
2877 1789 2904 1840 ό
2964 1787 3257 1857 ἐρώμενος,
3316 1789 3614 1858 προσθήσω
3657 1787 3702 1839 δ’
3752 1788 3835 1840 ὅτι
3889 1791 3981 1840 καὶ

727 1863 815 1944 tur
869 1890 1221 1956 voluptatem.
1286 1886 1396 1940 Nos
1440 1895 1622 1939 autem
1702 1884 1910 1954 quibus
1966 1881 2293 1936 immortalis
2328 1863 2367 1918 Β

2328 1863 2367 1918 Β
2399 1879 2656 1951 ἐραστὴς,
2673 1881 2938 1944 ἀθάνατος
2959 1881 3014 1932 δὲ
3041 1886 3068 1934 ὁ
3092 1882 3338 1950 νυμφὼν,
3363 1883 3396 1950 ἡ
3420 1881 3473 1934 δὲ
3499 1883 3658 1950 χάρις
3676 1883 3791 1942 τοῖς
3807 1881 3977 1940 ὅντως

726 1982 946 2050 quidem
988 1990 1072 2036 est
1116 1981 1160 2033 is
1201 1981 1294 2047 qui
1337 1988 1574 2041 amatur,
1609 1977 1904 2047 adjungam
1939 1977 2107 2029 etiam
2148 1989 2295 2027 ama-

728 2085 810 2124 lor
856 2082 874 2125 t
916 2072 1232 2140 alamusqnc
1269 2068 1612 2131 immortalis,
1652 2077 1706 2120 et
1738 2066 1915 2135 gratia
1949 2066 2019 2119 iis
2045 2065 2140 2134 qui
2166 2079 2293 2118 vere

727 2175 854 2219 s'mt
879 2163 1056 2217 ornati
1087 2178 1192 2215 non
1215 2175 1637 2225 consenescens,
1675 2168 1884 2212 tantum
1915 2146 2072 2214 abest
2117 2167 2178 2211 ut
2207 2171 2298 2209 or-

727 2271 920 2310 nenius
969 2255 1241 2316 animam,
1279 2261 1335 2306 ut
1385 2267 1495 2305 non
1537 2251 1936 2306 erubescamus
1969 2251 2135 2304 etiam
2169 2262 2294 2316 pro-

726 2350 824 2401 bro
856 2346 1072 2400 allicere
1122 2345 1421 2398 naturalem
1463 2344 1584 2412 ejus
1631 2341 2130 2411 pulchritudinem.
2184 2337 2294 2394 Sed

726 2437 1055 2494 contumelia
1091 2447 1191 2491 nos
1237 2439 1386 2506 ipsos
1419 2435 1704 2500 allicimus,
1753 2433 1901 2487 etab
1959 2433 2049 2486 illa
2102 2430 2296 2486 ineffa-

726 2532 819 2584 bili
856 2540 911 2584 et
943 2529 1253 2583 admirabili
1301 2543 1400 2583 nos
1446 2526 1839 2581 miserabiliter
1895 2539 2148 2580 arcemus
2201 2540 2296 2577 vo-

725 2625 954 2693 luptate,
997 2622 1158 2690 idque
1215 2635 1338 2674 cum
1395 2634 1502 2675 non
1538 2620 1855 2688 ignoremus
1885 2659 1899 2682 ,
1941 2616 2088 2686 quod
2134 2616 2294 2670 nobis

728 2715 1009 2786 impendet
1039 2713 1371 2783 supplicium
1420 2721 1477 2766 et
1509 2727 1628 2780 qua:
1675 2721 1805 2765 sunt
1835 2710 1947 2763 illic
1994 2717 2290 2763 tormenta.

727 2811 818 2864 Sic
859 2809 950 2862 ille
987 2807 1234 2877 quidem,
1275 2821 1382 2859 non
1418 2806 1633 2868 solum,
1686 2813 1746 2857 ut
1779 2803 2038 2867 arbitror,
2073 2801 2296 2855 intuens

728 2901 795 2955 ad
831 2900 906 2963 id,
937 2899 1080 2968 quod
1113 2899 1326 2964 aderat,
1360 2897 1456 2952 sed
1499 2899 1612 2966 jam
1637 2903 1804 2950 etiam
1836 2895 2080 2948 futurum
2108 2901 2296 2947 mente

729 2991 1048 3059 praevidens,
1085 2998 1140 3043 et
1188 2989 1368 3042 sciens
1411 2987 1556 3056 quod
1599 3002 1705 3040 non
1741 2986 1912 3038 multo
1966 2993 2088 3052 post
2134 2997 2296 3052 supe-

727 3084 997 3138 rabuntur
1021 3081 1186 3136 etiam
1212 3080 1279 3133 ab
1303 3080 1424 3150 ejus
1451 3079 1645 3133 animae
1681 3075 2121 3147 pulchritudine,
2146 3084 2203 3128 et
2225 3075 2290 3128 ad

2397 1973 2934 2042 κεκαλλωπισμένας
2961 1974 3094 2043 μηδὲ
3141 1976 3501 2044 γηράσκουσα
3548 1971 3807 2026 τοσοῦτον
3839 1972 3977 2023 ἁπέ-

2396 2084 2563 2138 χομεν
2596 2067 2694 2136 τὴν
2722 2067 2989 2119 ἀθάνατον
3013 2066 3380 2131 καλλωπίζειν
3427 2066 3626 2138 ψυχὴν,
3682 2064 3827 2117 ὥστε
3885 2066 3976 2116 καὶ

2394 2162 2454 2212 τὸ
2482 2159 2709 2228 φυσικὸν
2741 2160 2910 2228 αὐτῆς
2939 2157 3134 2221 κάλλος
3163 2159 3510 2227 αἰσχύνοντες
3561 2159 3660 2210 οὐκ
3711 2160 3978 2222 ἐπαισχυ-

2396 2251 2621 2318 νόμεθα,
2668 2250 2784 2302 ἀλλ’
2813 2249 3185 2319 ἐφυϐρίζομεν
3230 2251 3482 2314 ἑαυτοὺς,
3516 2249 3610 2301 καὶ
3647 2250 3744 2317 τῆς
3781 2247 3978 2317 ἡδονῆς

2395 2343 2612 2412 ἐκείνης
2660 2343 2760 2410 τῆς
2816 2343 3144 2412 ἀπορρήτου
3191 2344 3286 2395 καὶ
3337 2341 3662 2412 θαυμαστῆς
3726 2340 3981 2402 ελεεινῶς

2396 2435 2793 2504 ἀπειργόμεθιι.
2820 2435 3110 2487 καὶταῦτα
3141 2435 3275 2504 μηδὲ
3305 2435 3401 2504 τὴν
3427 2435 3821 2504 ὲπηρτημένην
3845 2437 3981 2503 ἡμῖν

2398 2527 2720 2591 ἀγνοοῦντες
2777 2527 3000 2579 κόλασιν
3055 2529 3149 2578 καὶ
3203 2528 3271 2578 τὰ
3330 2525 3546 2578 ἐκεῖθεν
3594 2527 3978 2594 δικαιωτήρια.

2398 2617 2553 2670 Οὕτω
2583 2618 2682 2686 μὲν
2708 2619 2913 2678 ἐκεῖνος
2947 2618 3005 2670 οὖ
3041 2619 3200 2686 μόνον
3231 2618 3364 2685 πρός
3395 2633 3458 2684 γε
3501 2618 3563 2671 τὸ
3612 2618 3793 2684 παρὸν
3845 2618 3980 2669 ὀπο-

2397 2709 2634 2773 ΰλέπων,
2658 2711 2733 2773 ὡς
2756 2710 3037 2779 πείθομαι,
3066 2712 3180 2764 ἀλλ’
3208 2712 3308 2782 ἤδη
3340 2711 3435 2762 καὶ
3465 2711 3527 2763 τὸ
3578 2710 3771 2779 μέλλον
3804 2710 3883 2779 τῷ
3909 2710 3984 2780 νῷ

2399 2803 2676 2873 προορῶν,
2710 2805 2805 2857 καὶ
2841 2804 2994 2865 είδὼς
3031 2804 3106 2867 ὼς
3135 2804 3196 2856 οὺ
3253 2805 3391 2873 μετὰ
3423 2802 3560 2856 πολὺ
3593 2805 3688 2856 καὶ
3743 2803 3839 2856 τοῦ
3886 2802 3985 2872 τῆς

2395 2895 2574 2964 ψυχῆς
2597 2895 2766 2964 αὐτῆς
2809 2895 3212 2965 ἡττηθήσονται
3263 2895 3494 2958 κάλλους
3532 2895 3626 2947 καὶ
3657 2894 3867 2964 πόρνης
3893 2894 3986 2946 θα-

2395 2985 2607 3038 νοῦνται
2637 2989 2771 3056 πρὸς
2800 2987 3017 3054 ἀγῶνας
3063 2991 3472 3057 πνευματικοὺς
3513 2987 3782 3058 δεύτεροι.
3828 2986 3897 3040 Ὃ
3921 2987 3984 3057 δὴ

2395 3077 2490 3129 καὶ
2518 3079 2809 3147 ὀνειράτων
2831 3078 2950 3147 ὄψις
2991 3078 3144 3148 αὐτῷ
3177 3078 3518 3149 προεδείκνυ,
3566 3079 3664 3131 καὶ
3705 3080 3740 3148 ἠ
3789 3079 3986 3150 ὅρασις

728 3174 1030 3229 certamina
1067 3173 1336 3242 spiritalia
1377 3171 1716 3224 videbuntur
1745 3169 1945 3223 cedere
1988 3167 2289 3220 meretrici.
2324 3210 2364 3266 Ε

2082 3167 2289 3220 retrici.
2324 3210 2364 3266 Ε
2399 3169 2572 3225 τοιάδε
2612 3187 2693 3234 τις
2721 3171 2841 3226 Θεία
2869 3173 2961 3224 καὶ
2988 3171 3279 3242 θαυμαστὴ
3302 3173 3392 3227 καὶ
3421 3172 3574 3226 παοὰ
3604 3171 3742 3227 Θεοῦ

727 3266 882 3330 Quod
920 3265 1141 3331 quidem
1194 3263 1244 3316 ei
1281 3259 1742 3329 praesigniﬁcabat
1768 3257 1953 3312 divina
1976 3256 2094 3311 haec
2119 3264 2173 3311 ct
2202 3256 2296 3310 ad-

727 3357 1001 3410 mirabilis
1049 3370 1076 3407 a
1104 3356 1214 3408 Deo
1241 3354 1398 3406 visio.

802 3447 860 3500 ι’.
895 3445 1194 3498 Videbatur
1238 3444 1490 3508 Nonnus,
1526 3458 1650 3496 cum
1710 3441 1960 3496 divinum
2014 3456 2297 3510 peragere-

729 3549 817 3590 tur
849 3536 1242 3601 ministerium,
1297 3535 1414 3604 ipse
1449 3534 1672 3603 quidem
1704 3541 1849 3587 stare
1897 3533 1966 3586 ad
2007 3534 2295 3586 sinistrum

729 3643 900 3681 cornu
943 3626 1150 3691 altaris,
1183 3627 1434 3694 quaedam
1470 3633 1652 3678 autem
1704 3623 1956 3679 columba
2013 3623 2130 3677 luto
2161 3623 2296 3676 illita

727 3737 854 3774 cum
910 3720 1312 3773 circumvolare
1339 3759 1353 3784 ,
1395 3728 1450 3772 ct
1492 3733 1605 3771 non
1644 3717 1806 3770 facile
1859 3717 2119 3770 recedere
2147 3754 2160 3779 ,
2200 3713 2295 3768 sed

730 3829 898 3882 prope
949 3813 1130 3866 volare
1157 3820 1212 3864 ct
1245 3811 1296 3864 ei
1345 3810 1648 3863 molestiam
1707 3809 1990 3872 exhibere,
2049 3815 2105 3860 et
2155 3815 2298 3860 tetro

729 3908 896 3959 odorc
946 3906 1234 3958 maximam
1285 3902 1482 3957 afferre
1518 3902 1814 3965 tristitiam,
1866 3911 1919 3954 et
1958 3901 2074 3954 haec
2120 3899 2298 3952 donec

730 3995 1108 4049 catechumcni
1159 4001 1485 4047 vocarentur
1526 4005 1556 4043 a
1595 3991 1906 4044 sacerdote.
1942 3990 2080 4054 Quid
2111 3999 2294 4043 autem

731 4096 920 4156 postea
947 4095 1031 4139 est
1056 4093 1412 4139 consecutum
1443 4085 1464 4136 2
1501 4084 1619 4151 Ipsa
1653 4083 1876 4152 quidem
1907 4099 2016 4136 non
2068 4098 2298 4152 appare-

731 4178 1110 4248 bat,quandiu
1164 4176 1381 4230 duravit
1412 4185 1628 4245 tempus
1658 4177 2050 4246 mysteriorum
2111 4183 2167 4228 et
2220 4183 2301 4228 to-

731 4273 841 4326 tius
867 4269 1179 4324 ministerii.
1216 4269 1293 4323 Eo
1327 4255 1654 4338 autemjam
1690 4277 1934 4337 peracto,
1973 4267 2075 4336 ipsi
2105 4281 2134 4320 a
2165 4275 2300 4320 tem-

732 4368 822 4434 plo
848 4363 1176 4434 egredienti,
1227 4378 1352 4416 cum
1378 4361 1577 4416 fuisset
1605 4361 1658 4414 in
1690 4361 1897 4424 litniue,
1955 4360 2150 4414 eadem
2181 4376 2301 4412 rur-

731 4470 825 4524 sus
865 4453 1117 4509 columba
1138 4453 1413 4522 apparuit,
1450 4453 1524 4506 ita
1556 4453 1778 4522 quidem
1819 4467 1876 4505 se
1906 4451 2114 4504 habens
2140 4461 2195 4504 et
2227 4450 2299 4503 ita

2475 3441 2546 3496 E'.
2596 3442 2924 3511 Ἐὸόκειτῆς
2982 3443 3130 3506 Θείας
3188 3443 3528 3514 λειτουργίας
3585 3447 3982 3516 τελουμένηςο

2401 3536 2596 3598 Νάννος
2625 3537 2783 3596 αὐτὸς
2811 3537 2906 3604 μὲν
2936 3536 3013 3603 τῷ
3041 3536 3179 3605 λαιῷ
3219 3538 3413 3605 κέρατι
3449 3537 3541 3589 τοῦ
3582 3538 3979 3610 θυσιαστηρίιυ

2401 3637 2830 3696 παρεστηκέναι,
2862 3628 3193 3697 περιστερὰν
3213 3631 3267 3681 δὲ
3297 3627 3789 3700 βεόορῦορωμένην
3817 3634 3983 3686 αὑτὸν

2401 3717 2794 3787 περιπέτεσθαι
2820 3717 2916 3770 καὶ
2929 3719 3062 3788 μηδὲ
3093 3719 3291 3787 ῥαδίως
3309 3721 3662 3788 ἀφίστασθαι,
3683 3723 3821 3776 ἀλλὰ
3848 3726 3950 3791 πλη
3975 3755 3984 3762 ~

2403 3813 2518 3864 οἷον
2553 3809 2811 3863 ἵπτασθαι
2845 3811 2936 3864 καὶ
2961 3813 3190 3880 διοχλεῖν
3228 3815 3322 3864 καὶ
3357 3814 3557 3882 μυρίαν
3609 3815 3866 3882 ἐμποιεῖν
3911 3821 3975 3886 τῇ

2400 3903 2632 3974 δυσωδίᾳ
2654 3902 2754 3972 τὴν
2769 3903 2983 3971 ἀηδίαν,
3007 3905 3103 3956 καὶ
3131 3905 3301 3957 ταῦτα
3334 3908 3498 3975 μέχρι
3530 3907 3630 3973 τῆς
3660 3907 3772 3959 τῶν
3808 3928 3980 3976 κατη-

2401 3996 2680 4066 χουμένων
2707 3999 2856 4065 παρὰ
2878 3997 2972 4048 τοῦ
3007 3995 3194 4064 ίερέως
3222 3997 3637 4066 προσκλήσεως.
3659 3999 3733 4051 Τὸ
3762 3999 3818 4052 δὲ
3845 4004 3981 4069 μετὰ

2400 4088 2576 4143 ταῦτα
2597 4088 2680 4154 τί;
2723 4087 2961 4157 Ἀφανὴς
2987 4089 3088 4158 μὲν
3121 4088 3260 4158 αὕτη
3287 4091 3410 4142 ὅσον
3449 4091 3476 4141 ὸ
3514 4091 3624 4141 τῶν
3659 4097 3981 4162 μυπτηρίων

2403 4181 2496 4232 καὶ
2529 4182 2710 4250 πάσης
2738 4180 2836 4250 τῆς
2865 4181 3210 4250 λειτουργίας
3238 4182 3425 4252 ἐπεῖχε
3479 4184 3705 4253 καιρός’
3760 4187 3860 4255 ἠδη
3923 4187 3979 4239 δε

2401 4273 2607 4335 ταύτης
2629 4274 2980 4340 τελεσθείσης
3006 4274 3349 4344 ἐξερχομένῳ
3380 4275 3470 4327 τοῦ
3500 4279 3647 4344 ίεροῦ
3672 4281 3766 4330 καὶ
3819 4297 3978 4347 γενο-

2407 4363 2553 4433 μένῳ
2587 4364 2719 4432 πρὸς
2740 4365 2804 4432 τῇ
2840 4363 2986 4432 φλιᾷ,
3025 4365 3188 4416 πάλιν
3213 4363 3310 4434 τὴν
3334 4366 3504 4434 αὐτὴν
3533 4368 3771 4436 φανῆναι
3818 4387 3980 4437 περς-

2407 4456 2603 4524 στερὰν
2633 4453 2774 4506 οὕτω
2798 4455 2896 4522 μὲν
2927 4456 3184 4523 ἔχουσαν,
3217 4455 3362 4509 οὕτω
3419 4458 3474 4510 δὲ
3530 4460 3618 4514 καὶ
3689 4461 3974 4525 ποιοῦσαν,

729 4546 955 4611 faciens,
984 4546 1160 4599 donec
1200 4552 1454 4613 porrecta
1500 4542 1747 4608 dextera,
1779 4557 1896 4595 eam
1942 4556 2104 4594 manu
2143 4555 2300 4593 acce-
2329 4542 2378 4600 D

2329 4542 2378 4600 D
2409 4548 2600 4615 μέχρις
2630 4540 2690 4598 οὗ
2730 4547 2909 4607 τείνας
2953 4547 3050 4618 τὴν
3081 4549 3260 4612 δεξιὰν
3296 4551 3389 4602 καὶ
3431 4552 3640 4620 ταύτης
3669 4553 3977 4622 λαϐόμενος

729 4646 898 4705 ptam,
925 4635 1142 4691 demisit
1181 4636 1236 4690 in
1264 4635 1542 4688 lavacrum
1575 4651 1713 4704 aqua
1753 4636 2001 4705 plenum.
2044 4634 2136 4687 Illa
2165 4647 2298 4685 vero

731 4730 993 4798 deinceps
1014 4729 1226 4781 alarum
1256 4728 1448 4799 ejectis
1469 4728 1749 4793 sordibus,
1772 4728 1973 4781 volavit
2003 4728 2059 4782 in
2093 4725 2299 4780 aethera

729 4833 783 4874 et
808 4821 873 4874 ad
898 4830 1101 4874 tantam
1122 4821 1368 4889 pervenit
1387 4821 1753 4885 altitudinem,
1776 4829 1834 4872 ut
1852 4835 1921 4873 ne
1945 4822 2056 4888 ipse
2077 4819 2299 4889 quidem

733 4923 915 4980 posset
947 4912 1013 4965 ad
1031 4927 1149 4966 eam
1181 4913 1492 4982 pertingere
1515 4915 1715 4966 oculis.
1751 4913 1864 4966 lloc
1890 4912 1942 4965 id
1980 4911 2124 4981 quod
2153 4911 2299 4964 [utu-

734 5023 852 5060 rum
875 5014 1009 5069 erat,
1039 5006 1192 5074 prius
1231 5005 1545 5074 descripsit,
1587 5015 1643 5060 ct
1696 5006 1839 5075 quod
1897 5015 2059 5059 noctu
2092 5006 2297 5060 factum

731 5109 839 5164 est,
875 5099 1244 5169 praeﬁguravit
1271 5099 1345 5164 id,
1377 5098 1522 5167 quod
1562 5107 1684 5153 erat
1713 5099 1961 5152 futurum
1991 5097 2252 5152 interdiu.

807 5285 891 5339 Vl.
942 5284 1078 5339 Cum
1122 5298 1278 5337 mane
1311 5299 1443 5354 ergo
1499 5285 1850 5350 surrexisset,
1884 5294 1939 5339 et
1973 5283 2299 5354 quibusdam

733 5379 1199 5433 communicasset
1218 5376 1508 5443 visionem,
1535 5377 1687 5431 venit
1708 5378 1927 5448 quidem
1953 5378 2008 5431 in
2037 5377 2299 5442 templum

734 5471 896 5524 simul
934 5485 1058 5523 cum
1093 5469 1214 5524 aliis
1255 5471 1590 5538 pastoribus,
1631 5487 1754 5525 cum
1790 5479 1970 5525 autem
1999 5469 2209 5523 Novum
2243 5471 2299 5522 ln

735 5577 928 5616 manus
1003 5556 1327 5629 sumpsisset
1385 5561 1818 5626 Testamentum,
1888 5563 2157 5626 divinum,
2213 5561 2300 5614 in-

735 5669 921 5724 quam,
971 5651 1346 5721 Evangelium,
1382 5669 1503 5708 cum
1557 5655 1612 5708 id
1653 5656 1702 5709 ei
1746 5656 2002 5724 jussisset
2036 5653 2298 5723 princeps

735 5757 942 5813 pastor,
976 5743 1046 5794 ob
1073 5755 1191 5794 eam
1221 5756 1343 5810 qua:
1370 5745 1421 5796 in
1469 5744 1586 5812 ipso
1633 5756 1750 5799 erat
1781 5745 2019 5813 Spiritus
2042 5745 2297 5813 gratiam,

731 5837 933 5907 populo
965 5845 1048 5890 est
1097 5837 1514 5892 sermocinatus.
1568 5837 1648 5891 Fit
1689 5852 1820 5907 ergo
1854 5837 1926 5901 id,
1962 5835 2108 5906 quod
2154 5853 2297 5892 nun-

2405 4638 2469 4704 τῇ
2507 4637 2649 4705 χειρὶ⁵
2699 4636 2940 4707 καθῆκεν
2978 4639 3145 4706 αὐτὴν
3199 4642 3289 4692 ἐπὶ
3336 4641 3429 4692 τὸν
3489 4641 3729 4712 λουτῆρα
3785 4645 3979 4710 ὓδατος

2404 4728 2535 4782 ὅντα
2582 4730 3034 4799 πεπληρωμένον.
3080 4733 3323 4800 Κάκείνη
3368 4732 3554 4786 λοιπὸν
3599 4735 3711 4787 τῶν
3760 4741 3978 4809 πτερῶν

2406 4820 2756 4875 ἀποϐαλοῦσα
2804 4823 2894 4874 τὸν
2960 4823 3256 4893 μολυσμὸν,
3310 4825 3553 4894 αίθέριος
3603 4828 3829 4892 ἵπτατο,
3886 4835 3978 4883 καὶ

2406 4913 2541 4982 πρὸς
2567 4913 2818 4966 τοσοῦτον
2847 4913 2974 4980 ὕψος
3008 4918 3251 4983 ἐφέρετο.
3289 4917 3423 4984 πρὸς
3444 4917 3472 4970 ὃ
3503 4914 3637 4988 μηδὲ
3667 4921 3832 4982 acti;
3866 4917 3979 4985 οἶός

2405 5025 2462 5061 τε
2493 5004 2561 5078 ἦν
2587 5007 2914 5072 ἐξικνεῖσθαι
2947 5008 3069 5070 τοὺς
3100 5009 3438 5078 ὀφθαλμούς.
3483 5009 3654 5063 Τοῦτο
3686 5013 3748 5063 τὸ
3785 5015 3979 5081 μέλλον

2406 5101 2844 5170 προεζωγράφει.
2891 5102 2982 5153 καὶ
3021 5101 3079 5152 τὸ
3114 5101 3404 5169 γενέμενον
3433 5104 3488 5153 ὲν
3529 5105 3683 5155 νυκτὶ
3715 5103 3810 5157 τοῦ
3860 5107 3977 5176 μεθ’

2407 5193 2619 5262 ἡμέραν
2657 5188 2723 5261 ἦν
2757 5194 3118 5261 γενητυμένου
3150 5193 3522 5262 προτύπωπις.

2473 5283 2563 5350 ς’.
2599 5283 2806 5336 Ἐωθεν
2834 5280 2924 5336 οὖν
2947 5287 2973 5336 ὸ
3008 5284 3147 5349 ίερδς
3181 5284 3320 5354 ἀνὴρ
3344 5286 3579 5349 ἀναστὰς
3612 5286 3704 5339 καί
3743 5306 3858 5342 τισι
3879 5290 3977 5362 τὴν

2404 5377 2592 5446 ὅρασιν
2636 5378 3039 5447 κοινωσάμενος
3088 5379 3401 5446 ἀφικνεῖται
3445 5381 3543 5450 μὲν
3594 5382 3684 5433 ἐπὶ
3714 5381 3808 5435 τον
3851 5385 3976 5437 ναὸν

2401 5468 2517 5538 ἃμα
2550 5471 2659 5531 τοῖς
2689 5469 2868 5533 ἄλλοις
2915 5469 3173 5538 ποιμέσι,
3196 5471 3294 5540 τὴν
3331 5471 3388 5524 δὲ
3433 5471 3627 5544 καινὴν
3661 5473 3755 5526 επὶ
3784 5479 3973 5545 χεῖρας

2401 5560 2698 5630 Διαθήκην,
2748 5561 2808 5614 τὸ
2852 5561 3012 5625 θεῖον,
3049 5562 3214 5631 φημὶ,
3277 5561 3457 5616 λαϐὼν
3503 5564 3839 5633 Εὐαγγέλιον
3883 5567 3974 5621 τοῦ

2403 5653 2784 5724 ἁρχιτοιμενος
2807 5655 2954 5724 αὐτῷ
2974 5655 3385 5726 ὶπιτρέψαντος,
3404 5657 3491 5710 διὰ
3513 5656 3611 5727 τῆς
3637 5661 3692 5710 εν
3716 5659 3866 5729 αὖτῷ
3881 5659 3973 5712 τοῦ

2404 5743 2713 5812 ιΙνεύματος
2757 5747 2978 5814 χάριτος
3008 5748 3118 5809 τοῖς
3149 5747 3297 5811 λαοῖς
3327 5748 3540 5813 ὡμίλει.
3569 5750 3783 5802 Γίνεται
3809 5747 3918 5811 οὖν,
3947 5752 3973 5802 ὃ

2407 5838 2480 5907 μὴ
2517 5836 2777 5905 πρότερον
2804 5839 2896 5889 καὶ
2921 5839 3151 5908 πρᾶγμα
3180 5839 3291 5893 τῶν
3324 5841 3421 5893 οὐκ
3446 5839 3823 5911 ἐλπιζομένων
3855 5843 3965 5897 sua
