4214 6444
233 298 343 366 913

1508 306 1682 366 VITA
1728 308 1787 366 S.
1834 306 2203 370 FELAGle.

3393 303 3495 366 914

240 416 514 486 συνήθων,
564 418 671 471 τῶν
725 420 885 487 ἱερῶν
940 421 1214 490 exponi],-
1250 420 1441 487 λογων,
1497 425 1588 474 καὶ
1635 423 1686 475 τί
1720 424 1817 491 μὲν

1937 442 2085 492 1uam
2116 425 2290 494 prius,
2320 438 2513 492 resque
2544 434 2660 477 erat
2682 425 2839 492 plane
2865 422 3137 492 insperata
3175 430 3227 473 et
3259 420 3496 485 insueta,

240 510 526 563 ἀκούσασα
551 512 619 563 τὰ
654 512 921 580 παρόντα,
953 513 1004 563 τί
1035 512 1089 565 δὲ
1113 514 1178 565 τὰ
1212 512 1497 579 μέλλοντα,
1530 516 1619 565 καὶ
1643 514 1693 565 τί
1721 514 1820 583 μὲν

243 605 277 671 ἠ
308 602 474 671 ψυχὴ,
509 602 590 664 τίς
622 603 677 656 δὲ
712 604 739 655 ὁ
779 605 986 671 ταύτης
1028 605 1248 673 δεσμδς,
1293 604 1384 656 καὶ
1413 606 1560 667 ὅπως
1595 604 1685 657 τοῦ
1722 606 1823 658 σώ-

248 711 419 762 ματος
445 694 854 762 διαζεύγνυται,
890 696 982 747 καὶ
1014 696 1183 748 πάλιν.
1223 696 1531 759 ἀνίσταται,
1566 699 1658 751 καὶ
1702 698 1824 765 κρί-

244 806 418 851 νεται,
456 790 547 840 καὶ
576 789 718 841 τίσιν
747 789 1080 858 αἰσχύνεται,
1128 790 1172 843 ὣ
1200 792 1291 843 τοῦ
1324 791 1626 859 θαύματοςὲ
1660 792 1823 858 γινώ-

250 895 370 932 σκει
394 879 461 930 τὰ
491 879 712 947 ἑαυτῆς,
742 881 835 932 καὶ
859 880 1078 933 πάντων
1101 882 1505 949 καταγινώσκει
1530 883 1639 936 τῶν
1672 888 1822 955 πρ“·.ν,

248 973 341 1022 κα·⁴
372 968 699 1022 συσταλεῖσα
733 971 867 1039 πρὸς
906 972 1125 1041 ἑαυτὴν,
1162 974 1256 1041 ὅλη
1286 974 1377 1026 τοῦ
1407 974 1572 1026 καλοῦ
1605 977 1699 1027 καὶ
1729 977 1824 1043 τῆς

253 1062 542 1129 μετανοίας
573 1063 808 1129 γίνεται,
841 1064 934 1115 καὶ
956 1064 1167 1134 δάκρυα
1197 1064 1315 1134 χέει
1341 1066 1452 1128 τοῖς
1490 1069 1618 1136 πρὶν
1648 1067 1820 1134 γέλω-

252 1171 336 1205 σιν
368 1154 727 1222 ἀντισούμενα
748 1173 760 1185 ·
792 1151 915 1209 εἶτα
946 1157 1039 1209 καὶ
1066 1158 1277 1220 τούτοις
1323 1158 1521 1228 χρῆται
1553 1160 1686 1228 πρὸς
1721 1177 1817 1211 σωσ

249 1248 450 1314 τηρίαν
478 1242 560 1309 οἷς
596 1247 797 1317 ἐχρῆτο
827 1250 1090 1318 πρότερον
1121 1252 1200 1311 εἰς
1223 1249 1522 1313 ἀπώλειαν,
1562 1251 1658 1305 και
1687 1268 1829 1303 τισιν

252 1339 541 1408 ἐπιτρέπει
598 1339 708 1393 τῶν
758 1341 961 1409 ἑαυτῆς
998 1340 1374 1405 συνεξελθοῦσι
1404 1342 1501 1395 τοῦ
1559 1342 1706 1411 ἱεροῦ
1752 1342 1829 1413 τῷ

252 1431 443 1502 Νάννῳ
470 1434 563 1486 καὶ
589 1433 1090 1505 συνακολουθήσασι
1115 1435 1209 1489 καὶ
1235 1436 1297 1504 δὴ
1326 1435 1421 1489 καὶ
1448 1436 1827 1504 θεασαμένοις,

252 1518 312 1575 οἵ
334 1525 433 1595 τὴν
465 1527 790 1595 κατοίκησιν
820 1529 1078 1591 ποιεῖται,
1107 1528 1338 1597 τάχιστα
1371 1526 1706 1596 ἀπαγγέλλει
1740 1529 1832 1581 αύ-

254 1619 321 1686 τῇ
358 1616 451 1669 καὶ
484 1618 558 1687 μὴ
601 1619 817 1687 μέλλειν
847 1619 982 1687 πρὸς
1010 1621 1111 1688 τὴν
1146 1620 1412 1684 ἐπίταξιν.

327 1709 403 1763 Z’.
438 1709 637 1761 Τούτου
678 1709 742 1778 δὴ
780 1710 1075 1777 γενομένου
1120 1709 1215 1762 καὶ
1249 1711 1361 1763 τῶν
1406 1711 1831 1781 ἐκπεμφθέντων

256 1797 670 1852 ἐπανελθόντων
702 1799 796 1851 καὶ
826 1801 883 1853 τὸ
915 1802 1258 1871 προσταχθὲν
1287 1804 1678 1870 ἀγγειλάντων,
1714 1804 1837 1873 βου-

255 1893 355 1961 ὶὴν
391 1892 707 1962 βουὴύεται
734 1895 991 1960 γενναίαν
1023 1896 1115 1947 καὶ
1148 1896 1409 1965 ἀνδρικὴν
1444 1899 1536 1951 καὶ
1579 1900 1715 1969 πρὸς
1746 1898 1837 1951 τὸν

245 1985 409 2055 ¹ἱερὸν
456 1986 892 2057 παρρησιάζεται
948 1987 1169 2052 Νόννον,
1199 1990 1292 2042 καὶ
1344 1990 1408 2059 δὴ
1455 1991 1549 2044 καὶ
1598 1989 1838 2043 λαϐοῦσα

260 2077 470 2145 χάρτην
514 2077 831 2148 διεχάραξεν
866 2078 1075 2141 οὕτως’
1107 2082 1357 2134 Ἤκουσα
1409 2100 1503 2135 σου
1556 2083 1663 2135 τῶν
1706 2085 1839 2153 Χρι-

261 2169 521 2232 στιανῶν,
556 2170 794 2239 Χριστοῦ
833 2171 1074 2238 μαθητὰ,
1107 2172 1181 2234 ὦς
1205 2174 1339 2241 φησί
1366 2191 1468 2227 που
1499 2176 1608 2227 τῶν
1640 2177 1838 2229 ἑαυτοῦ

262 2261 438 2327 λόγων
471 2264 498 2315 ό
547 2261 639 2325 σὸς
677 2264 956 2333 Δεσπότης
982 2280 995 2293 ·
1036 2282 1054 2316 ι
1101 2266 1214 2318 Ούκ
1250 2262 1427 2336 ἦλθον
1478 2268 1707 2321 καλέσαι
1765 2268 1841 2321 δι-

263 2355 477 2418 καίους,
522 2355 657 2408 ἀλλὰ
684 2356 1042 2425 ἁμαρτωλοὺς
1080 2362 1162 2421 εἰς
1198 2362 1491 2428 μετάνοιαν
1516 2377 1529 2390 ·
1575 2380 1593 2412 ι
1634 2363 1729 2413 καὶ
1764 2363 1841 2426 ὡς

262 2450 329 2516 δὴ
362 2448 454 2500 καὶ
483 2447 745 2509 τελώναις
790 2450 1173 2518 σννανεκλίθη,
1219 2452 1315 2503 καὶ
1342 2451 1572 2521 πόρναις
1614 2470 1841 2507 συνανε-

266 2543 506 2611 στράφη,
549 2541 644 2595 καὶ
679 2541 1031 2613 Σαμαρείτιδι
1078 2542 1214 2611 πρὸς
1251 2543 1312 2594 τὸ
1344 2542 1521 2611 φρέαρ
1569 2543 1840 2613 ὡμίλησε,

268 2635 363 2687 καὶ
394 2636 552 2701 λόγου
609 2634 837 2704 μετέσχε
873 2652 929 2686 τε
967 2637 1058 2687 καὶ
1101 2635 1406 2703 μετέδωκεν
1448 2636 1508 2687 ὃν
1551 2638 1744 2706 τρέμει
1776 2637 1845 2689 τὰ

269 2728 559 2798 χερουσὶμ,
587 2731 681 2781 καὶ
707 2730 827 2781 οὐδὲ
854 2729 1072 2797 βλέπειν
1104 2730 1286 2795 στέγει
1311 2731 1381 2781 τὰ
1410 2730 1670 2799 σεραφίμ.
1703 2730 1845 2783 Ἀλλ’

271 2821 324 2877 εἰ
370 2840 421 2874 τι
482 2824 546 2875 σὺ
580 2823 827 2875 τοιούτου
892 2823 990 2891 μὲν
1045 2821 1232 2885 δοῦλος
1284 2822 1567 2888 δεσπότου,
1600 2823 1845 2877 τοιούτου

269 2916 327 2967 δὲ
363 2914 612 2985 μαθητὴς
657 2915 1003 2976 διδασκάλου,
1033 2914 1209 2979 δεῖξον
1238 2919 1355 2977 τοῖς
1401 2916 1608 2986 ἔργοις,
1641 2917 1735 2970 καὶ
1772 2919 1846 2986 μὴ

277 3008 504 3078 βδελύξῃ
560 3008 766 3075 πόρνην
796 3009 1035 3076 ὁμογενῆ
1092 3009 1185 3061 καὶ
1218 3008 1528 3077 ὁμόδουλον,
1580 3010 1715 3062 ἀλλὰ
1757 3011 1849 3063 καὶ

1928 517 2009 578 lit,
2057 516 2255 583 inquit,
2291 513 2507 580 Pelagia
2556 513 2795 567 auditrix
2844 528 3126 567 sacrorum
3176 512 3494 566 verborum.

1926 610 2057 674 Quae
2101 622 2223 660 cum
2286 608 2530 661 audisset
2575 606 2703 676 quid
2756 607 2867 660 sint
2914 606 3138 675 quidem
3188 605 3500 672 praesentia,

1927 701 2060 771 quid
2094 712 2277 754 autem
2311 702 2519 763 t‘utura,
2552 709 2605 753 et
2646 698 2779 767 quid
2814 708 3000 752 nostra
3032 696 3257 765 quidem
3294 697 3499 757 anima,

1928 796 2209 865 quodnam
2250 803 2432 846 autem
2465 794 2585 860 ejus
2613 792 2915 855 vinculum,
2960 801 3013 845 et
3038 788 3501 859 quemadmodum

1927 898 2218 955 separatur
2251 903 2279 939 a
2312 901 2567 953 corpore,
2598 896 2652 938 et
2684 900 2875 937 rursus
2917 884 3095 948 surgit
3119 894 3172 936 et
3196 881 3499 950 iudicatur,

1930 989 1985 1048 (0
2021 982 2415 1038 miraculum!)
2447 979 2684 1046 seipsam
2729 978 3041 1046 cognoscit,
3089 986 3144 1028 ct
3192 993 3312 1044 qum
3353 976 3504 1043 prius

1929 1076 2155 1139 l'ecrrat,
2186 1074 2411 1127 damnat
2443 1072 2647 1130 omnia,
2699 1069 2767 1123 ad
2804 1087 2863 1123 sc
2904 1086 3191 1130 conversa,
3245 1080 3411 1121 totam
3452 1088 3505 1119 sv

1931 1170 2163 1222 honesto
2193 1167 2286 1219 dat
2316 1175 2371 1219 et
2399 1165 2831 1234 pmnitcntize,et
2853 1162 3507 1234 funditlacrymaspares

1931 1260 2165 1328 pristino
2190 1258 2346 1319 risui,
2375 1254 2575 1307 deinde
2603 1255 2686 1305 eis
2702 1254 2876 1305 utitur
2901 1252 2967 1303 ad
3009 1254 3266 1313 salutem,
3301 1250 3508 1317 quibus

1932 1348 2084 1405 prius
2102 1361 2196 1400 usa
2216 1345 2393 1398 fuerat
2412 1343 2477 1396 ad
2503 1344 2807 1407 interitum,
2830 1341 3061 1412 etjubet
3091 1341 3424 1409 quibusdam
3443 1357 3507 1391 ex

1932 1441 2069 1501 suis,
2104 1447 2165 1494 ut
2194 1452 2316 1491 cum
2345 1436 2539 1490 Nonno
2571 1450 2599 1489 c
2642 1435 2845 1503 templo
2873 1433 3245 1502 egredientes,
3294 1442 3350 1484 et
3383 1448 3508 1484 eum

1932 1538 2354 1598 consequentes,
2396 1542 2520 1579 cum
2572 1526 2812 1579 viderint
2851 1525 2942 1579 ubi
2976 1527 3204 1590 habitet,
3236 1524 3285 1577 ei
3322 1540 3513 1592 quam-

1935 1623 2171 1691 primum
2202 1622 2542 1676 renuntient.
2568 1631 2755 1673 etnon
2784 1619 3040 1673 ditTerant
3069 1620 3219 1688 jussa
3262 1618 3512 1683 exsequi.

2011 1715 2125 1768 Vll.
2153 1715 2290 1768 Cum
2330 1714 2432 1767 hoc
2461 1723 2642 1765 autem
2682 1713 2883 1766 laetum
2916 1722 3062 1765 esset
3093 1728 3147 1764 et
3193 1711 3396 1764 reversi
3435 1726 3519 1761 es-

1940 1817 2084 1871 sent,
2111 1806 2203 1875 qui
2248 1806 2402 1859 missi
2442 1805 2679 1867 fuerant,
2728 1813 2783 1858 et
2829 1803 3312 1857 renuntiassentid
3370 1802 3514 1869 quod

1940 1902 2124 1955 fuerat
2145 1900 2499 1967 imperatum,
2529 1912 2857 1966 generosum
2893 1907 2947 1948 ct
2980 1896 3132 1947 \it'ilc
3160 1894 3306 1961 capit
3336 1893 3516 1945 curisi—

1940 1996 2114 2055 lium,
2171 2003 2225 2046 et
2282 2008 2405 2045 eum
2466 1991 2767 2058 accepisset
2820 1991 3061 2042 chartam
3100 2030 3112 2050 ,
3172 1998 3519 2041 sacrosancta

1942 2087 2139 2142 Nonno
2163 2086 2337 2140 libere
2370 2086 2451 2139 sic
2484 2083 2678 2139 scribit
2714 2098 2725 2133 :
2762 2083 2985 2145 Audivi,
3037 2099 3068 2135 ο
3109 2081 3382 2147 discipule
3425 2079 3516 2130 Dei

1942 2175 2577 2245 Christianorum,quod
2612 2176 2818 2229 alicubi
2858 2174 2911 2227 in
2941 2176 3007 2228 iis
3039 2189 3159 2242 quae
3189 2173 3257 2225 de
3294 2188 3359 2225 eo
3388 2172 3523 2224 scri-

1944 2282 2036 2343 pta
2076 2279 2224 2333 sunt,
2259 2270 2395 2323 dicit
2434 2278 2560 2323 tuus
2601 2269 2863 2322 Dominus
2900 2284 2910 2318 :
2970 2284 2985 2315 ι
3020 2266 3135 2318 Non
3168 2261 3290 2317 veni
3327 2280 3519 2316 vocare

1940 2363 2143 2433 justos,
2164 2360 2259 2415 sed
2293 2369 2609 2428 peccatores
2624 2357 2692 2412 ad
2719 2357 3095 2427 pmmtentiam
3118 2356 3153 2419 ',
3183 2375 3198 2405 ι
3226 2356 3444 2423 etquod
3468 2356 3519 2407 in

1945 2468 2137 2509 mensa
2178 2451 2442 2506 accubuit
2474 2467 2583 2505 una
2628 2466 2754 2504 cum
2788 2448 3121 2517 publicanis,
3172 2458 3227 2501 et
3271 2457 3524 2499 versatus

1946 2547 2051 2601 fuit
2081 2545 2243 2600 simul
2287 2560 2411 2597 cum
2444 2543 2853 2605 meretricibus,
2892 2551 2947 2594 et
3004 2556 3129 2594 cum
3176 2540 3518 2593 Samaritana

1949 2640 2167 2695 locutus
2199 2648 2283 2691 est
2321 2638 2387 2691 ad
2424 2639 2714 2706 puteum‘,
2774 2645 2829 2690 et
2868 2636 3032 2688 verba
3093 2633 3245 2686 dedit
3278 2633 3522 2686 vicissim

1947 2740 2006 2785 et
2032 2733 2264 2800 accepit,
2297 2745 2461 2798 quem
2489 2730 2689 2781 timent
2716 2726 3021 2788 Cherubin,
3048 2736 3102 2777 et
3143 2738 3241 2776 nec
3274 2725 3521 2789 aspicere

1950 2820 2174 2888 quidem
2205 2820 2482 2874 sustinent
2515 2819 2805 2886 Seraphin.
2845 2817 3032 2885 Itaque
3066 2817 3109 2868 si
3146 2827 3201 2868 tu
3234 2830 3292 2868 es
3329 2830 3523 2867 servus

1953 2906 2074 2960 talis
2112 2906 2429 2969 Domini,et
2450 2906 2760 2974 discipulus
2795 2905 2917 2959 talis
2951 2906 3215 2974 magistri,
3261 2904 3311 2955 id
3340 2916 3525 2957 osten-

1953 2999 2021 3053 de
2061 2998 2238 3064 faetis,
2270 3008 2325 3054 et
2358 3014 2461 3053 nec
2487 2999 2788 3053 abhorreas
2810 2997 3056 3067 ejusdem
3094 3006 3277 3051 tecum
3306 2997 3526 3066 generis

276 3101 539 3171 δεομένην
566 3102 665 3169 τῆς
711 3102 809 3171 σῆς
841 3105 992 3171 ἱερᾶς
1024 3102 1256 3166 ἀξίωσον
1285 3101 1436 3164 θέας,
1474 3103 1567 3154 καὶ
1592 3102 1838 3171 ἐξομολο.

1954 3094 2305 3148 meretricem
2336 3104 2392 3147 et
2424 3108 2772 3156 conservam,
2814 3092 2906 3145 sed
2946 3092 3111 3145 etiam
3144 3100 3424 3169 rogantem
3446 3090 3527 3141 di-

277 3194 551 3265 γουμὲνην
585 3195 755 3260 δέξαι,
802 3199 896 3248 καὶ
945 3195 1120 3247 σῶσον
1162 3195 1572 3267 ἀπολλυμένην,
1628 3201 1723 3251 καὶ
1756 3199 1852 3251 σοῦ

281 3289 446 3355 μόνου
476 3287 803 3359 ἰξεχομόνην
836 3290 927 3341 καὶ
959 3288 1043 3340 σοὶ
1072 3288 1172 3351 τὰς
1214 3278 1436 3351 ελπιδας
1494 3292 1849 3347 σαλεύουσαν.

350 3470 433 3524 H'.
468 3469 657 3523 Ταῦτα
714 3470 1007 3540 δεξάμενος
1058 3474 1086 3525 ὀ
1132 3472 1270 3541 ἱερὸς
1320 3472 1521 3544 ᾐδέσθη
1572 3475 1731 3545 ἀνὴρ,
1761 3478 1855 3528 καὶ

286 3563 432 3628 μόνῳ
468 3563 570 3629 μὶν
597 3565 1004 3619 ἀντεπιστέλλει
1057 3566 1129 3635 μὴ
1176 3567 1513 3636 προσελθεῖν,
1549 3567 1649 3637 ἠδη
1700 3567 1756 3620 δέ
1793 3584 1853 3620 τε

282 3655 516 3707 καὶτῶν
561 3655 764 3709 λοιπῶν
789 3658 1207 3724 ’συμπαρόντων
1250 3657 1555 3727 ἀρχιερέων
1587 3657 1857 3727 φανεροῦν

282 3749 483 3817 ἑαυτὴν
528 3749 624 3802 καὶ
653 3747 681 3800 δ
715 3747 957 3817 βούλοιτο
1004 3748 1187 3814 λέγειν
1240 3748 1337 3801 καὶ
1383 3748 1751 3801 ικκαλύπτειν
1789 3749 1857 3803 τὰ

284 3840 505 3907 ἑαυτῆς.
551 3839 615 3893 Ἥ
646 3840 701 3892 δὶ
728 3840 917 3893 τούτου
964 3839 1205 3909 τυχοῦσα
1228 3840 1324 3893 τὸν
1359 3840 1554 3908 καιρὸν
1596 3842 1855 3909 ἁρπάζει,

284 3934 377 3985 καὶ
398 3934 585 3985 διώκει
606 3932 697 3986 τὸν
719 3933 980 3995 σώζοντα.
1003 3934 1111 3985 Καὶ
1133 3932 1513 3985 καταλαϐοῦσα
1538 3935 1637 4003 τὴν
1662 3935 1855 4003 ἐκκληο

285 4024 427 4087 σίαν,
462 4026 637 4094 πόρνη
670 4042 755 4087 τις
797 4020 865 4092 ἦν
886 4024 1021 4089 ἄλλη
1071 4025 1215 4078 κατὰ
1263 4024 1369 4093 γῆς
1424 4027 1735 4095 ιρριμμὲνη
1765 4029 1860 4081 καὶ

285 4116 541 4168 κλίνουσα
569 4117 629 4169 τὸ
655 4116 785 4182 γόνυ
815 4116 908 4168 καὶ
933 4117 1032 4184 τὴν
1061 4117 1241 4186 ψυχὴν
1268 4118 1362 4168 καὶ
1390 4118 1555 4179 πόδας
1587 4117 1859 4186 βρέχουσα

285 4206 393 4260 κᾶν
421 4207 495 4275 μὴ
514 4206 889 4270 δεσποτικοὺς,
918 4208 1032 4260 ἀλλ’
1064 4208 1156 4261 οὖν
1184 4210 1489 4278 ἱερατικοὺς
1512 4212 1607 4263 καὶ
1625 4210 1859 4277 ὡραίους

286 4300 382 4350 καὶ
419 4298 597 4368 ψυχῆς
626 4300 848 4369 εἰρήνην
870 4300 1084 4369 ἀληθῶς
1106 4302 1282 4353 εἰπεῖν
1310 4301 1855 4370 εὐαγγελιζομένους,

286 4394 383 4444 καὶ⁵
414 4392 524 4445 οὐδ’
551 4394 617 4445 ἂν
656 4394 779 4445 εἴτι
818 4394 1029 4459 γένοιτο
1066 4394 1327 4465 μεθήσειν
1355 4396 1622 4463 πρότερον
1656 4397 1859 4464 ἔφασκε

288 4480 476 4551 πρὶνῆ
514 4481 613 4551 τὴν
643 4482 711 4533 δι’
736 4481 928 4545 ὓδατος
966 4482 1104 4554 λάσῃ
1142 4486 1237 4537 καὶ
1267 4484 1585 4550 Πνεύματος
1630 4487 1859 4553 ἀναγεν-

286 4590 463 4641 νησιν.
495 4575 602 4626 Καὶ
632 4569 702 4643 ἦν
730 4574 879 4641 ἀγὼν
917 4575 1252 4644 ἀμφοτέροις
1281 4576 1357 4646 τῷ
1394 4577 1493 4645 μὲν
1520 4580 1705 4629 πεῖσαι
1729 4578 1860 4631 ταύσ-

285 4683 387 4734 την
417 4665 527 4718 τῶν
551 4665 729 4717 ποδῶν
762 4668 1043 4736 ἁφεμένην
1068 4668 1450 4737 ἐξαναστῆναι,
1482 4672 1548 4739 τῇ
1569 4669 1624 4722 δὲ
1655 4669 1860 4723 τούτων

285 4756 507 4823 ἔχεσθαι
545 4756 766 4825 μᾶλλον.
804 4758 911 4810 Καὶ
961 4760 1067 4827 πρὸ
1097 4759 1189 4811 τοῦ
1215 4760 1441 4828 λουτροῦ
1496 4762 1764 4832 κάθαρσις
1791 4758 1859 4831 ἦν

284 4848 420 4915 ἄλλη
449 4849 544 4901 καὶ
592 4848 847 4916 δακρύων
888 4850 1151 4920 λουτρὼν,
1198 4850 1293 4903 τοῦ
1337 4854 1888 4923 πνευματικωτέρουη,

283 4938 486 5007 δηλαδὴ
505 4939 565 4991 τὸ
592 4939 1016 5010 ἐπιπονώτερον.
1044 4939 1231 4993 Ταῦτα
1259 4942 1353 4995 καὶ
1384 4943 1535 5011 παρὰ
1562 4943 1671 4996 τῶν
1691 4940 1860 5012 ὁρών-

284 5049 395 5085 -ιων
426 5032 665 5103 δάκρυον
721 5034 1056 5100 ἐξεκαλεῖτο,
1093 5036 1191 5089 καὶ
1236 5030 1303 5107 ἧν
1334 5036 1520 5099 αὐτοῖς
1564 5035 1710 5105 λύπη
1753 5054 1860 5101 τις,

286 5124 552 5193 ἐκπλήξει
599 5127 692 5179 καὶ
740 5127 898 5199 ἡδονῇ
936 5128 1266 5197 σύγκρατος,
1306 5128 1414 5181 τῶν
1449 5128 1700 5202 δακρύων
1762 5130 1861 5196 μὲν

286 5217 428 5286 αὐτῇ
484 5218 888 5271 κοινωνούντων
946 5222 1040 5272 καὶ
1104 5219 1537 5289 συναλγούντων,
1604 5222 1697 5273 καὶ
1762 5220 1862 5289 τὴν

288 5306 476 5360 πίστιν
499 5310 973 5379 ἔκπληττομένων,
1008 5312 1313 5382 χαιρόντων
1345 5312 1399 5365 δὲ
1456 5313 1551 5365 καὶ
1580 5311 1862 5382 ἡδομένων

287 5403 354 5467 τῇ
386 5400 650 5470 σωτηρίᾳ-

363 5574 419 5625 θ’
478 5573 609 5631 Εἶτα
645 5580 797 5647 μόλις
825 5583 1139 5653 πεισθεὲσης
1181 5584 1274 5636 καὶ
1306 5586 1613 5653 ἀναστάτης
1654 5584 1747 5637 καὶ
1770 5582 1862 5635 τοῦ

366 5746 614 5827 "Matth.
654 5768 729 5815 tv,
766 5752 848 5806 l5.
930 5756 1121 5809 'auan.
1160 5770 1229 5813 tv,
1269 5755 1283 5807 l
1325 5769 1408 5815 sq.

1956 3132 2303 3148 ...υωημωυ
2336 3132 2392 3147 η..
2424 3132 2613 3147 ωηεν.
2636 3132 2772 3156 ......,
2814 3132 2906 3145 ..νυ
2946 3132 3111 3145 νην...
3145 3132 3424 3169 ,νφ.....ν...
3450 3132 3500 3141 -.

1956 3201 2123 3255 gnare
2152 3201 2309 3241 sacro
2334 3195 2427 3239 tuo
2450 3194 2701 3255 aspectu,
2732 3194 2789 3238 et
2824 3184 3042 3252 suscipe
3063 3183 3442 3244 conﬁtentem,
3473 3193 3527 3234 et

1956 3294 2117 3333 serva
2152 3289 2496 3348 pereuntem,
2529 3288 2585 3333 et
2609 3295 2637 3332 a
2670 3288 2721 3332 te
2749 3277 2868 3332 solo
2900 3277 3255 3348 pendentem,
3288 3284 3343 3331 et
3375 3292 3527 3345 spem

1959 3373 2014 3427 in
2054 3383 2104 3427 te
2138 3373 2525 3427 collocantem.

2030 3467 2163 3520 Vill.
2199 3465 2322 3521 Ha‘c
2376 3482 2501 3520 cum
2538 3466 2842 3537 accepisset
2870 3466 2955 3519 vir
2988 3477 3394 3528 sacrosanctus,
3448 3482 3532 3520 εει

1958 3558 2249 3621 reveritus,
2272 3566 2326 3609 et
2349 3556 2605 3610 rescribit
2638 3572 2705 3610 ne
2730 3557 2794 3609 ad
2827 3555 3004 3609 solum
3032 3554 3254 3622 quidem
3283 3552 3525 3613 accedat.

1958 3649 2053 3703 sed
2088 3664 2212 3703 cum
2242 3649 2351 3719 jam
2387 3648 2548 3703 simul
2594 3646 2789 3715 reliqui
2822 3646 3086 3699 aﬂ‘uerint
3118 3647 3426 3712 pontiﬁces,
3474 3663 3531 3697 su

1961 3740 2122 3792 sistat
2164 3749 2219 3792 et
2262 3738 2413 3794 dicat
2445 3736 2591 3807 quod
2646 3737 2798 3800 velit,
2830 3748 2887 3790 et
2931 3752 2995 3790 ea
3029 3753 3151 3806 qua:
3183 3747 3434 3805 spectant
3467 3741 3529 3789 ad

1961 3830 2135 3900 ipsam
2180 3831 2413 3899 aperiat.
2474 3830 2568 3883 Illa
2610 3838 2791 3883 autem
2842 3846 2967 3882 cum
3012 3831 3115 3883 hoc
3164 3831 3533 3898 impetrasset,

1931 3921 2156 3989 _arripit
2190 3921 2540 3975 occasionem
2581 3931 2637 3974 et
2669 3922 2922 3988 sequitur
2958 3936 3084 3974 eum
3127 3922 3219 3989 qui
3263 3923 3353 3974 dat
3393 3924 3535 3974 salu-

1963 4022 2094 4066 tem.
2129 4011 2195 4065 Et
2240 4029 2364 4067 cum
2396 4014 2642 4066 venisset
2686 4012 2755 4065 ad
2790 4014 3105 4075 ecclesiam,
3143 4023 3262 4067 erat
3285 4013 3533 4081 quamdam

1962 4103 2067 4156 alia
2097 4104 2358 4157 meretrix
2387 4104 2538 4157 humi
2580 4104 2784 4174 iacens,
2818 4112 2874 4157 et
2911 4120 3050 4171 genu
3081 4104 3304 4158 ﬂectens
3332 4114 3386 4157 et
3421 4106 3537 4157 ani»

1965 4208 2132 4257 mam,
2152 4203 2221 4262 ,et
2252 4196 2421 4261 pedes
2451 4196 2655 4263 rigans,
2696 4196 2741 4247 si
2766 4210 2873 4247 non
2900 4195 3237 4258 Dmninieos,
3267 4205 3322 4247 at
3359 4211 3537 4248 sacer—

1969 4284 2182 4338 dotales
2209 4286 2431 4353 quidem
2462 4295 2631 4347 certe.
2663 4297 2719 4339 et
2738 4287 3017 4353 speciosos
3039 4297 3094 4339 et
3121 4302 3309 4354 pacem
3343 4288 3537 4341 anima:

1966 4374 2051 4441 (ut
2080 4388 2210 4428 vere
2244 4375 2447 4441 dicam)
2478 4375 2938 4443 evangelizantes.
2968 4374 3100 4441 Quae
3124 4375 3362 4438 dicebat,
3388 4378 3537 4428 nulla

1965 4467 2194 4520 omnino
2246 4465 2363 4520 fore
2406 4465 2642 4530 ratione,
2712 4467 3004 4535 utaliquid
3042 4467 3302 4529 disceret,
3358 4469 3540 4536 prius-

1964 4575 2128 4629 quam
2194 4559 2671 4630 regenerationem
2722 4560 3026 4626 accepisset
3089 4574 3185 4627 per
3240 4574 3437 4627 aquam
3487 4570 3541 4613 et

1968 4651 2258 4721 Spiritum.
2290 4652 2356 4704 Et
2391 4659 2511 4704 erat
2543 4651 2790 4718 utrisque
2827 4662 3133 4714 certamen,
3187 4651 3263 4704 illi
3314 4652 3536 4720 quidem

1965 4753 2027 4799 ut
2065 4745 2115 4798 ei
2160 4742 2516 4813 persuaderet
2539 4758 2765 4811 surgere
2798 4741 3041 4796 dimissis
3068 4760 3260 4797 eorum
3282 4746 3537 4812 pedibus,

1967 4836 2095 4889 huic
2128 4845 2311 4889 autem
2339 4844 2398 4888 ut
2434 4835 2515 4888 eis
2537 4835 2711 4904 magis
2736 4834 2988 4888 hmreret.
3011 4834 3077 4886 Et
3102 4844 3225 4887 ante
3259 4835 3536 4888 lavacrum

1946 4936 2085 4983 erat
2122 4928 2227 4982 alia
2256 4928 2528 4996 purgatio,
2562 4936 2617 4979 et
2647 4928 2927 4979 lavacrum
2974 4926 3339 4994 lacrymarum
3378 4927 3541 4995 spiri-

1967 5020 2146 5074 taliori
2200 5018 2411 5073 scilicet
2467 5016 2822 5071 laboriosius.
2860 5018 2989 5071 Hac
3024 5032 3119 5070 eos
3148 5016 3239 5084 qui
3281 5016 3545 5091 videbant

1966 5112 2343 5183 provocabant
2394 5110 2459 5164 ad
2514 5111 2809 5180 lacrymas,
2864 5120 3098 5178 eratque
3144 5109 3225 5163 eis
3291 5109 3540 5176 quaedam

1970 5206 2215 5267 tristitia,
2254 5213 2478 5271 stupore
2511 5212 2566 5256 et
2588 5206 2865 5269 voluptate
2903 5210 3337 5267 contempt-rata.
3362 5210 3420 5253 ut
3450 5202 3539 5269 (μοί

1971 5316 2095 5354 eum
2128 5298 2290 5352 ﬂente
2314 5297 2539 5366 quidem
2571 5312 2699 5349 suas
2730 5297 3002 5365 lacrymas
3036 5294 3463 5363 conjungereut,
3490 5302 3545 5347 et

1970 5408 2096 5445 eum
2145 5390 2367 5443 dolente
2427 5388 2714 5448 dolerent,
2766 5390 3037 5456 ﬁdemque
3080 5388 3201 5456 ejus
3234 5395 3539 5454 stuperent,

1973 5485 2147 5539 salute
2178 5492 2359 5536 autem
2394 5486 2511 5553 ejus
2542 5483 2867 5552 gauderent.

2046 5575 2375 5630 lX.Deinde
2437 5590 2559 5629 eum
2617 5577 2701 5629 vix
2772 5590 3031 5643 persuasa
3093 5577 3439 5633 surrmissct,
3490 5585 3543 5627 et
