4214 6444
729 340 834 404 915

1854 335 2114 396 ΑΒΒΕΝ
2127 337 2237 398 DA.
2274 361 2342 374 -ο
2385 341 2826 406 NOVEMBEB.

3850 342 3968 404 916

720 464 1108 514 sacrosanctus
1133 453 1363 509 Nonnus
1414 460 1686 523 quareret
1743 450 2178 522 ﬁdejussiouem,
2235 463 2290 507 ct
2318 459 2363 516 Α

2397 457 2542 528 ίεροῦ
2585 460 2788 513 Νὸννου
2814 461 3016 529 ἐγγύας
3066 463 3354 532 ζητοῦντος
3394 463 3487 516 καὶ
3515 460 3972 528 ἀναὸαλλομένου

725 551 975 606 diﬁerret
998 549 1389 617 expiationem,
1426 546 1513 599 illa
1559 560 1754 600 rursus
1781 545 2020 614 procidit
2049 545 2116 599 ad
2166 547 2287 616 ejus

725 644 911 713 pedes,
935 649 990 695 et
1011 640 1231 695 easdem
1268 639 1470 693 emittit
1495 653 1680 692 voces.
1716 636 1804 701 Et,
1837 636 1916 689 Tu
1943 652 2133 689 eorum
2167 652 2286 705 qua:

722 735 828 788 l’eci
861 735 1060 788 reddes
1106 735 1398 796 rationem,
1431 732 1666 792 dicebat,
1702 745 1734 784 ο
1786 728 1881 784 Dei
1930 728 2195 798 pontifex,
2232 738 2288 782 et

724 841 970 878 mearum
1003 826 1356 892 iniquitatum
1395 823 1492 877 tibi
1524 822 1830 876 ascribetur
1876 819 2191 883 multitudo,
2239 821 2286 872 si

720 917 1179 972 illuminationem
1209 915 1432 969 diﬁeras
1456 923 1510 968 et
1549 914 1901 983 baptismum,
1932 922 1988 966 et
2017 912 2082 965 ad
2110 927 2284 965 meam

723 1025 830 1063 non
864 1023 1129 1077 properes
1165 1007 1416 1072 salutem,
1449 1007 1534 1060 vel
1567 1022 1652 1060 me
1686 1006 2056 1074 spiritualiter
2107 1005 2288 1074 parias

721 1109 775 1152 et
805 1116 1117 1169 regeneres,
1156 1108 1252 1152 aut
1299 1114 1388 1152 me
1436 1098 1601 1152 hodie
1632 1098 1893 1151 mundam
1930 1112 2186 1166 sponsam
2221 1096 2285 1150 ad

723 1191 984 1245 mundum
1054 1192 1294 1245 adducas
1349 1205 1613 1259 sponsum
1675 1199 1730 1244 et
1782 1189 2002 1243 Christo
2064 1188 2283 1241 oﬁ'eras.

723 1282 966 1335 Tandem
1003 1282 1332 1351 persuadet;
1362 1290 1414 1335 et
1448 1296 1570 1335 cum
1613 1281 1964 1343 surrexisset,
1993 1280 2287 1334 conﬁtetur

723 1384 776 1428 et
822 1374 1064 1427 divinam
1117 1377 1337 1428 invocat
1391 1374 1842 1436 clcmentiam,ct
1890 1372 2036 1441 quod
2066 1381 2211 1426 esset
2236 1371 2287 1425 ei

722 1482 922 1518 nomen
951 1482 978 1518 a
1007 1468 1296 1536 iuventute
1325 1475 1512 1535 rogata
1544 1467 1610 1518 ab
1635 1466 1914 1534 episcopo,
1940 1464 2079 1518 dixit
2113 1479 2170 1518 se
2217 1463 2286 1518 ab

724 1560 883 1612 initio
923 1559 1146 1628 quidem
1182 1560 1352 1613 fuisse
1394 1560 1462 1613 ab
1494 1559 1752 1612 omnibus
1812 1567 2059 1612 vocatam
2109 1565 2164 1610 et
2193 1571 2290 1609 no-

725 1650 985 1702 minatam
1022 1651 1292 1718 Pelagiam
1317 1666 1330 1713 ;
1354 1650 1727 1703 Antiochenos
1747 1658 1928 1703 autem
1952 1662 2287 1717 gemmarum

723 1752 779 1796 et
811 1743 1260 1810 margaritarum,
1302 1757 1421 1810 quae
1452 1742 1507 1794 in
1539 1742 1653 1810 ipsa
1694 1752 1854 1795 erant
1875 1739 2286 1794 multitudinem

727 1833 1029 1886 sdmiratos
1074 1843 1127 1886 et
1156 1834 1623 1902 pulchritudinem
1660 1848 1882 1887 vocasse
1924 1833 2288 1902 Margaritam,
2324 1812 2364 1867 Β

729 1927 948 1980 inventa
1013 1928 1380 1996 appellatione
1439 1941 1504 1980 ex
1567 1927 1789 1980 nomine
1851 1941 2042 1979 eorum
2088 1925 2291 1992 quibus

725 2020 1048 2073 ornabatur.
1109 2022 1206 2074 Hic
1253 2022 1486 2090 primam
1538 2022 1735 2090 recipit
1777 2020 2199 2089 appellationem
2239 2029 2294 2073 et

727 2125 951 2167 vocatur
983 2114 1217 2181 Pelagia,
1252 2125 1306 2168 et
1335 2115 1611 2168 lavacrum
1655 2113 1884 2183 suscipit
1933 2122 1988 2166 et
2018 2114 2290 2181 expiatur,

722 2216 777 2260 ct
813 2218 1090 2274 unguento
1118 2207 1361 2272 ungitur,
1392 2206 1559 2274 litquc
1593 2206 1870 2274 particeps
1900 2205 2213 2260 intemerati
2239 2214 2294 2259 et

728 2297 1004 2351 incruenti
1040 2297 1318 2351 saeriﬁcii.
1367 2298 1434 2350 Et
1468 2307 1587 2350 erat
1635 2307 1763 2352 tunc
1811 2296 2172 2349 Antiochenis
2199 2311 2295 2364 pu-

730 2390 870 2444 hlica
909 2399 963 2443 et
997 2391 1304 2444 communis
1330 2390 1540 2452 laetitia,
1578 2404 1702 2444 cum
1734 2387 2040 2442 communis
2069 2387 2294 2456 quidam

727 2483 1024 2535 hostisiam
1057 2481 1347 2535 cecidisset
1373 2490 1593 2536 etesset
1624 2489 1932 2548 superatus,
1955 2480 2296 2533 exsultarent

727 2584 907 2626 autem
937 2571 1145 2634 ﬁdeles,
1177 2581 1233 2627 et
1261 2572 1408 2626 illius
1432 2573 1666 2625 salutem
1711 2587 1861 2624 suam
1915 2569 2294 2638 unusquisque

730 2667 1010 2735 propriam
1035 2663 1247 2719 diceret
1271 2673 1325 2718 et
1352 2672 1589 2733 putaret.

803 2840 869 2894 Χ.
910 2841 1018 2895 Sed
1073 2841 1222 2895 enim
1261 2841 1402 2896 solet
1450 2841 1638 2896 nescio
1681 2839 1958 2908 quomodo
2007 2849 2300 2907 superatus

731 2931 994 2985 inimicus
1027 2931 1146 2984 ﬁeri
1198 2930 1594 2998 impudentior.
1627 2929 1993 2995 Quamobrem
2043 2929 2152 2998 pati
2188 2944 2298 2982 nou

731 3024 912 3091 potuit
930 3032 1141 3077 tantum
1159 3039 1318 3077 suum
1345 3023 1606 3088 dedecus,
1629 3038 1809 3091 neque
1829 3029 2030 3074 tantam
2058 3019 2297 3074 ﬁdelium

2393 551 2490 621 τὴν
2521 552 2792 623 κάθαρσιν
2840 553 2999 605 πάλιν
3030 554 3210 625 ἐκείνη
3241 555 3348 606 τῶν
3393 554 3559 607 αὑτοῦ
3602 552 3780 606 ποδῶν
3807 551 3972 617 ,γίνε-

2393 659 2503 706 ται,
2535 649 2629 698 καὶ
2660 645 2754 706 τὰς
2780 645 2947 707 αὑτὰς
2975 645 3251 714 ἐκπέμπει
3299 646 3504 714 φωνάς,
3542 647 3660 706 καὶ,
3704 645 3775 696 Σὺ
3802 643 3970 707 λόγον

2389 729 2464 787 ὦν
2497 733 2705 803 ἔπραξα
2732 735 2945 798 δώσεις,
2976 735 3183 803 ἔλεγεν,
3233 724 3490 805 ἀρχιερεῧ
3535 735 3630 789 τοῦ
3661 733 3823 796 Θεοῦ,
3869 733 3971 783 καὶ

2395 827 2479 880 σοὶ
2510 827 2616 878 τῶν
2642 827 2790 895 ὶμῶν
2811 829 3050 895 ἀνομιῶν
3077 829 3511 898 ἐπιγραφήσεται
3540 828 3571 896 ὴ
3597 827 3836 895 πληθὺς,
3867 827 3968 876 ἐὰν

2394 920 2608 990 ὑπέρϐη
2639 920 2728 972 τὸν
2771 921 3055 986 φωτισμὸν
3122 920 3215 973 καὶ
3269 920 3514 990 ἀναϐάλῃ
3553 920 3614 971 τὸ
3653 919 3967 987 βάπτισμα,

2391 1013 2484 1065 καὶ
2517 1012 2590 1080 μὴ
2631 1010 2873 1081 σπεύσῃς
2908 1011 3030 1079 μηδ’
3080 1011 3338 1080 ἐπειχθῇς
3370 1012 3506 1080 πρὸς
3537 1011 3637 1078 τὴν
3681 1009 3824 1076 ἐμὴν
3868 1025 3975 1058 σω-

2391 1105 2608 1175 τηρίαν,
2633 1105 2724 1157 καὶ
2763 1106 3145 1173 πνευματικῶς
3195 1105 3462 1176 ὼὸινήσῃς
3503 1107 3598 1157 καὶ
3657 1102 3967 1169 ἀναγεννή-

2395 1215 2513 1267 anc.
2548 1201 2640 1251 καὶ
2684 1198 2902 1266 νύμφην
2934 1215 2999 1265 με
3033 1201 3273 1268 σήμερον
3323 1197 3574 1266 καθαρὰν
3609 1196 3686 1266 τῷ
3738 1195 3973 1262 καθαρῷ

2393 1289 2750 1361 προσαγάγῃς
2780 1289 3023 1358 νυμφίῳ,
3052 1291 3146 1342 καὶ
3183 1292 3544 1360 πα-ραστήσῃς
3585 1289 3832 1356 Χριστῷ.
3862 1287 3934 1338 Τὲ
3956 1317 3970 1324 -

2390 1380 2479 1442 λος
2523 1380 2722 1443 πείθει,
2755 1383 2847 1434 καὶ
2893 1382 3172 1434 ἀναστᾶσα
3229 1383 3659 1450 ἔξομολογείται,
3716 1379 3815 1432 καὶ
3866 1378 3969 1447 τὴν

2392 1472 2546 1526 θείαν
2581 1473 2895 1527 ὶκκαλείται
2934 1472 3365 1542 φιλανθρωπίαν.
3405 1475 3516 1527 Καὶ
3546 1472 3600 1524 τί
3640 1472 3781 1539 αὑτῇ
3822 1471 3883 1522 sb
3905 1471 3972 1521 ὲκ

2392 1566 2636 1633 νεότητος
2685 1564 2854 1633 δνομα
2909 1564 3062 1633 παρά
3095 1563 3190 1618 τοῦ
3243 1565 3540 1617 ἐπισκόπου
3595 1562 3970 1633 ἐρωτηθεῖσα,

2394 1660 2636 1727 Πελαγία
2674 1660 2771 1729 μὲν
2796 1660 2983 1726 ελεγεν
3013 1658 3072 1723 ἐξ
3100 1660 3354 1727 ὑπαρχῆς
3387 1658 3670 1710 καλεῖσθαι
3702 1658 3842 1709 πᾶσι
3872 1657 3975 1707 καὶ

2394 1750 2780 1819 ὀνομάζεσθαι,
2823 1751 3130 1820 Ἀντιοχέας
3158 1749 3235 1813 δὲ,
3263 1750 3323 1802 τό
3342 1767 3398 1802 τε
3429 1749 3630 1817 πλῆθος
3653 1749 3748 1800 καὶ
3773 1747 3975 1809 κάλλος

2395 1842 2502 1896 τῶν
2553 1844 2612 1896 εν
2658 1842 2796 1912 αὐτῇ
2827 1841 2992 1894 λίθων
3024 1842 3115 1894 καὶ
3165 1840 3465 1911 μαργάρων
3521 1839 3970 1907 τεθαυμακὸτας.

2394 1933 2736 2004 Μαργαριτὼ
2763 1933 2955 1987 καλεῖν
2992 1930 3073 1996 οἷς
3101 1935 3388 2002 ἐκοσμεῖτο
3435 1931 3632 2000 κλῆσιν
3666 1930 3972 1999 προσεξευ-

2398 2029 2592 2098 ρόντας
2635 2026 2977 2097 φερώνυμον.
3015 2025 3280 2079 Ἐνταῦθα
3313 2025 3411 2093 τὴν
3452 2025 3673 2094 πρώτην
3717 2022 3972 2089 ἀναλαμ-

2394 2117 2547 2171 ﬁdi/st
2579 2116 2793 2186 κλῆσιν,
2830 2116 2926 2170 καὶ
2988 2117 3234 2184 Πελαγία
3289 2115 3561 2178 καλεῖται,
3599 2116 3694 2166 καὶ
3756 2112 3974 2180 δέχεται

2395 2208 2454 2260 τὸ
2486 2208 2729 2276 λουτρὸν,
2765 2209 2860 2262 καὶ
2891 2207 3239 2276 καθαίρεται,
3274 2206 3368 2258 καὶ
3410 2205 3567 2275 μύρῳ
3597 2205 3843 2272 χρίεται,
3879 2202 3974 2254 καὶ

2399 2298 2626 2368 μέτοχος
2657 2298 2756 2366 τῆς
2802 2297 3072 2367 ἀχράντου
3107 2301 3199 2351 κα)⁸
3229 2296 3573 2364 άναιμάκτου
3607 2294 3800 2356 θυσίας
3825 2294 3976 2360 γίνε-

2397 2409 2506 2445 ται.
2544 2391 2652 2444 Καὶ
2707 2385 2777 2459 ἦν
2816 2406 2900 2452 τις
2942 2388 3304 2458 Ἀντιοχεῦσιν
3335 2388 3641 2457 εὐφροσύνη
3678 2387 3800 2439 τότε
3839 2386 3974 2436 πάν-

2397 2482 2567 2550 δημος
2607 2485 2705 2536 καὶ
2728 2483 2902 2550 κοινὴ,
2937 2482 3032 2533 τοῦ
3071 2481 3172 2549 μὲν
3205 2483 3382 2533 κοινοῦ
3415 2479 3675 2546 πολεμίου
3712 2479 3972 2536 πεσόντος

2397 2573 2496 2644 ἤδη
2523 2575 2616 2627 καὶ
2635 2571 3103 2643 ἡττηθέντος,τῶν
3119 2571 3173 2623 δὲ
3198 2571 3403 2623 πιστῶν
3425 2572 3855 2637 ἀγαλλιιυμένων
3879 2571 3972 2619 καὶ

2397 2663 2494 2732 τὴν
2528 2665 2749 2731 ἐκείνης
2795 2662 3069 2732 σωτηρίαν
3117 2661 3252 2713 ίδίαν
3292 2659 3522 2713 ἑκάστου
3572 2662 3666 2712 καὶ
3698 2657 3972 2724 λεγόντων

2397 2759 2493 2808 καί
2518 2753 2866 2823 νομιζόντων.

2470 2843 2525 2900 I'.
2577 2844 2738 2899 ’Δλλὰ
2781 2843 2892 2911 γὰρ
2946 2843 3093 2911 φιλεῖ
3128 2859 3242 2904 πως
3293 2846 3320 2896 ὁ
3373 2844 3602 2911 πονηρὸς
3652 2840 3972 2910 ἡττώμενος

2400 2938 2784 3006 ἀναιδέστερος
2810 2935 3058 3004 γίνεσθαι
3081 2951 3092 2964 ⁸
3122 2935 3245 2987 ὅθεν
3276 2938 3374 2988 ούκ
3405 2937 3606 3006 ἡνεγκε
3640 2937 3739 3000 τὴν
3772 2930 3970 2985 ἑαυτσῦ

2401 3029 2667 3098 τοσαύτην
2698 3027 2980 3097 αἰσχύνην,
3011 3027 3132 3079 οὐδὲ
3177 3027 3271 3096 τὴν
3297 3027 3566 3096 τοσαύτην
3602 3027 3711 3078 τῶν
3762 3024 3973 3076 πιστῶν

733 3119 1042 3188 spiritalem
1072 3119 1435 3187 voluptatem.
1475 3117 1581 3172 Sed
1630 3115 2054 3171 transformatus'
2110 3116 2164 3169 in
2195 3115 2292 3167 ho-
2318 3142 2362 3202 ο

2402 3120 2785 3191 πνευματικὴν
2813 3118 3028 3190 ἡδονὴν,
3072 3118 3206 3171 άλλά
3252 3118 3314 3188 δὴ
3351 3117 3743 3187 σχηματισθεὶς
3773 3119 3854 3173 εἰς
3882 3116 3972 3168 άνσ

733 3209 938 3262 minem
969 3207 1134 3276 is,qui
1157 3208 1286 3260 odio
1324 3207 1490 3261 habet
1521 3208 1792 3270 homines,
1845 3216 1899 3260 et
1940 3221 2206 3274 apparens
2239 3205 2295 3258 in

733 3297 917 3352 medio
947 3301 1216 3364 omnium,
1265 3298 1490 3368 capillos
1533 3299 1766 3359 vellens,
1797 3306 1851 3351 et
1890 3299 2128 3367 seipsum
2180 3297 2300 3365 pul-

733 3404 863 3445 sans
919 3405 984 3443 ac
1035 3390 1287 3443 lacerans
1341 3389 1598 3443 omnibus
1645 3389 2004 3454 videntibus,
2060 3389 2296 3458 primum

733 3482 958 3550 quidem
989 3481 1398 3536 vociferabatur
1431 3481 1695 3536 adversus
1722 3490 2131 3534 sacrosanctum
2155 3480 2301 3534 Non-

731 3588 886 3634 num.
928 3580 984 3626 et
1003 3571 1386 3628 alﬁrmabatse
1426 3574 1492 3626 ab
1515 3587 1581 3626 eo
1607 3570 1776 3626 fuisse
1805 3587 1998 3640 magna
2040 3570 2298 3624 all‘ectnm

732 3664 965 3733 injuria,
1010 3674 1066 3718 et
1093 3665 1368 3733 privatum
1396 3663 1464 3717 iis
1506 3678 1628 3732 qua:
1669 3662 1724 3716 in
1773 3678 1831 3717 se
1874 3671 2032 3717 erant
2058 3662 2296 3716 viribus.

732 3752 942 3810 Deinde
980 3753 1143 3806 etiam
1179 3752 1528 3823 impudenter
1571 3751 1839 3806 accedens
1886 3751 1952 3806 ad
2004 3751 2295 3820 Pelagiam,

731 3859 852 3901 eam
879 3845 1236 3914 proditricem
1272 3845 1500 3899 vocabat
1521 3855 1578 3900 et
1615 3844 1916 3900 inﬁdelem.
1941 3843 2027 3908 Et,
2055 3841 2186 3908 Cur,
2217 3843 2299 3896 in-

733 3937 876 4005 quit,
908 3947 1062 3990 tuum
1119 3937 1404 4006 abnegasti
1451 3944 1505 3989 et
1553 3951 1613 3989 es
1659 3949 1880 3990 assensa
1933 3933 2154 3988 alieno?
2203 3934 2298 3988 illa

733 4039 920 4085 autem
952 4029 1205 4086 extendit
1231 4045 1452 4084 manum
1483 4038 1539 4084 et
1566 4029 1862 4100 malignum
1891 4028 2074 4098 pulsat
2104 4043 2296 4083 cruce.

737 4123 923 4177 Hostis
953 4139 1084 4177 vero
1131 4123 1386 4192 protinus
1439 4125 1684 4198 evanuit.
1731 4123 1799 4177 Et
1836 4138 1904 4177 ne
1951 4123 2029 4176 sic
2075 4123 2298 4191 quidem

736 4215 943 4271 desinit
981 4231 1100 4272 esse
1142 4218 1433 4286 impudens
1481 4226 1536 4271 et
1575 4231 1603 4269 a
1659 4224 1839 4285 coepto
1906 4214 2142 4280 desistit,
2202 4214 2298 4268 sed

740 4324 860 4363 eam
901 4325 1093 4363 rursus
1134 4319 1306 4363 tentat
1343 4321 1396 4364 et
1442 4310 1773 4380 aggreditur,
1822 4317 1876 4363 et
1909 4308 2088 4364 media
2138 4316 2299 4362 nocte

737 4403 803 4455 ad
845 4417 965 4456 eam
999 4402 1266 4455 accedens
1311 4402 1516 4455 assistit
1551 4412 1606 4455 et
1639 4417 1758 4455 eam
1800 4401 2018 4464 excitat,
2061 4409 2116 4454 et
2167 4397 2302 4453 dicit

2403 3210 3195 3280 θρωπονὸμισάνθρωπος,καὶ
3219 3211 3377 3276 μέσος
3400 3212 3618 3262 πάντων
3646 3211 3972 3276 tanagri;

2403 3306 2588 3373 χεῖρας
2623 3301 2760 3370 ἔχων
2807 3303 2900 3354 ἐπὶ
2938 3303 3036 3369 τῆς
3074 3301 3318 3368 κεφαλῆς
3370 3301 3462 3352 καὶ
3505 3304 3726 3354 κόπτων
3777 3301 3972 3353 ἑαυτὸν

2403 3393 2620 3444 πάντων
2661 3391 2934 3460 ὁρώντων,
2969 3392 3185 3458 πρῶτον
3218 3391 3314 3457 μὲν
3373 3391 3605 3442 κατεόἑα
3661 3389 3758 3442 τοῦ
3823 3388 3970 3458 ἱεροῦ

2399 3484 2602 3536 Νάννου
2638 3485 2734 3536 καὶ
2779 3481 3081 3534 ἀδικεῖσθαι
3129 3481 3416 3532 διετείνετο
3458 3482 3526 3533 τά
3571 3483 3804 3547 μέγιστα
3840 3482 3968 3547 παρ’

2401 3574 2564 3629 αὐτοῦ
2597 3578 2688 3631 καὶ
2717 3577 2814 3637 τὰς
2843 3573 3007 3637 οὔσας
3032 3574 3178 3643 αὐτῷ
3201 3574 3462 3642 δυνάμεις
3487 3572 3849 3641 ἀφαιρεῖσθαι
3877 3576 3969 3623 καὶ

2402 3666 2830 3736 περικόπτεσθαι
2852 3682 2865 3697 ι
2897 3661 3014 3717 εἶτα
3050 3664 3143 3717 καὶ
3175 3666 3239 3734 τῇ
3274 3665 3515 3733 Πελαγία
3546 3663 3770 3734 ἀναιδὴς
3802 3681 3967 3733 προσ·

2402 3759 2573 3812 ελυὼν
2616 3757 2884 3826 προδότην
2919 3757 3087 3824 αὐτὴν
3126 3759 3218 3810 καὶ
3242 3757 3472 3810 ἄπιστον
3523 3755 3816 3819 ἀπεκάλει,
3850 3759 3967 3820 καὶ,

2404 3853 2520 3904 ἰνα
2552 3849 2626 3912 τί,
2657 3849 2810 3917 φησὶ,
2833 3847 2923 3901 τὸν
2955 3847 3045 3899 σὸν
3080 3849 3305 3916 ἠρνήσω
3334 3851 3426 3902 καὶ
3455 3845 3817 3916 τῷνάλλοτρίῳ
3847 3863 3970 3900 συν-

2402 3943 2561 4007 έθου;
2604 3942 2668 3993 ‘ll
2704 3940 2756 3992 δὲ
2792 3939 2958 3992 τείνει
2983 3939 3080 4007 τὴν
3112 3942 3292 4008 χεῖρα,
3323 3943 3416 3993 καὶ
3466 3939 3650 4008 βάλλει
3681 3941 3772 3992 τὸν
3803 3956 3969 4005 πονηο

2405 4037 2496 4106 ρον
2535 4033 2612 4104 τῷ
2664 4030 2911 4102 σταυρῷ,
2967 4031 3060 4083 καὶ
3101 4031 3349 4099 παρευθὺ
3380 4034 3408 4084 ὁ
3439 4032 3696 4100 πολέμιος
3732 4033 3968 4100 ἀφανής.

2405 4127 2514 4180 Καὶ
2563 4125 2683 4177 οὐδὲ
2738 4122 2878 4178 οὕτω
2917 4123 3016 4190 τῆς
3063 4123 3338 4187 ἀναιδείας
3382 4124 3678 4191 ἀφίσταται
3735 4125 3828 4177 καὶ
3881 4125 3972 4202 τοῦ

2404 4221 2830 4289 ἐγχειρήματος.
2857 4215 2994 4270 ἀλλὰ
3021 4219 3113 4269 καὶ
3144 4215 3295 4278 αὖθις
3338 4219 3626 4285 ἐπιχειρεῖ,
3659 4220 3752 4270 καὶ
3781 4219 3970 4279 πειρΞο

2403 4326 2513 4373 ται,
2550 4311 2641 4361 καὶ
2673 4307 3008 4376 καθευδούσῃ
3037 4310 3164 4374 περὶ
3202 4307 3370 4375 μέσας
3398 4307 3596 4369 νύκτας
3621 4309 3761 4378 αὐτῇ
3800 4325 3972 4376 προσ-

2405 4399 2596 4464 ελθὼν,
2644 4397 2956 4467 ἐφίσταται,
2986 4398 3081 4450 καὶ
3126 4397 3415 4461 διυπνίζει,
3451 4403 3544 4453 καὶ
3572 4398 3721 4464 λέγει
3757 4398 3856 4465 μὲν
3905 4400 3972 4450 τά

734 4495 950 4550 eadem.
982 4496 1194 4549 Rursus
1217 4505 1402 4549 autem
1423 4495 1620 4547 l‘critur
1644 4509 1832 4558 cruce,
1863 4503 1919 4547 et
1950 4495 2133 4548 statim
2172 4507 2300 4547 eva-
2333 4513 2364 4566 ῃ

2407 4492 2568 4553 αὐτὰ,
2601 4491 2763 4543 πάλιν
2792 4490 2846 4542 δὲ
2896 4489 3152 4557 βάλλεται
3193 4488 3269 4556 τῷ
3321 4488 3561 4558 σταυρῷ,
3614 4492 3709 4542 καὶ
3761 4489 3972 4558 ἀφανὴς

736 4586 932 4640 nescit.
957 4586 1052 4640 llla
1080 4600 1214 4639 vero
1249 4599 1371 4637 cum
1401 4582 1748 4646 surrexisset,
1768 4580 2041 4650 signiﬁcat
2072 4579 2295 4649 quidem

735 4681 812 4744 ei,
839 4695 961 4748 qua:
998 4679 1173 4748 ipsam
1230 4695 1260 4732 e
1297 4687 1487 4732 sancto
1532 4685 1851 4744 susceperat
1902 4674 2175 4744 baptismo
2213 4672 2301 4726 cui

736 4787 934 4826 nomen
967 4781 1088 4823 erat
1123 4769 1386 4830 Romana,
1417 4768 1621 4822 luctam
1651 4766 1971 4821 adversarii.
2004 4763 2304 4819 Conﬁrma-

739 4874 828 4915 tur
867 4872 1047 4916 autem
1081 4861 1263 4914 verbis
1303 4861 1472 4925 illius,
1512 4868 1567 4913 et
1596 4859 1860 4913 adversus
1913 4857 2126 4910 hostem
2173 4856 2304 4909 diri-

737 4957 815 5025 git
847 4955 1045 5016 aciem,
1105 4963 1159 5007 et
1200 4954 1433 5020 imponit
1456 4951 1693 5021 maligno
1743 4952 1882 5005 banc
1926 4949 2219 5003 secundam
2252 4961 2306 5003 et

736 5057 940 5101 certam
974 5046 1218 5116 plagam»
1246 5044 1378 5098 Nam
1423 5059 1548 5098 cum
1589 5060 1618 5098 a
1655 5044 1769 5099 suis
1827 5043 2005 5098 servis
2059 5053 2305 5097 vocasset

735 5155 882 5204 eum,
912 5140 1003 5208 qui
1037 5147 1157 5191 erat
1205 5139 1437 5192 maxime
1478 5138 1778 5191 benevolus
1823 5144 1879 5190 et
1921 5135 2302 5190 obedientissi-

738 5249 879 5295 mus,
929 5231 1089 5303 jubet
1137 5240 1198 5283 ut
1246 5230 1313 5284 ab
1359 5245 1425 5284 eo
1478 5225 1929 5284 describerentur
1959 5245 2149 5283 omnes
2182 5245 2302 5298 quae

735 5335 895 5378 erant
925 5324 1073 5378 domi
1107 5339 1220 5377 suae
1235 5323 1545 5388 facultates,
1579 5334 1798 5393 quant-.2
1821 5333 2008 5380 essent
2036 5333 2090 5377 et
2113 5323 2304 5392 quales

737 5419 791 5470 in
822 5431 979 5478 auro,
1016 5415 1070 5468 in
1113 5426 1360 5484 argento,
1397 5417 1451 5470 in
1482 5417 1732 5484 gemmis,
1765 5417 1818 5469 in
1860 5416 2191 5484 margaritis,
2247 5418 2300 5470 in

737 5509 901 5572 vasis,
957 5511 1010 5561 in
1047 5508 1314 5572 vestibus,
1371 5517 1427 5562 et
1481 5509 1614 5562 nihil
1676 5510 2025 5578 praetermitti
2072 5510 2301 5564 omnino

736 5599 880 5667 quod
916 5617 1022 5653 non
1059 5601 1481 5654 describeretur.
1543 5601 1697 5665 Quod
1741 5604 1962 5671 quidem
2007 5603 2081 5657 illi
2125 5618 2155 5657 e
2202 5619 2299 5657 sua

740 5691 988 5759 procedit
1019 5695 1311 5747 sententia.
1347 5691 1410 5746 Et
1445 5709 1567 5747 cum
1593 5705 2000 5750 sacrosanctum
2045 5697 2299 5751 Nonnum

744 5786 1087 5851 accersisset,
1113 5785 1160 5841 ei
1192 5786 1408 5853 quidem
1437 5785 1582 5841 cedit
1621 5786 1874 5842 omnibus
1923 5788 2298 5860 facultatibus,

2406 4585 2568 4646 εὐθὺς
2598 4583 2830 4650 γίνεται.
2869 4580 2934 4633 Ἢ
2982 4580 3039 4633 δὲ
3078 4581 3412 4634 διαναστᾶσα
3454 4580 3711 4648 γνωρίζει
3764 4581 3865 4646 μὲν
3906 4584 3970 4648 τῇ

2404 4678 2511 4731 ἀπὸ
2551 4675 2642 4729 τοῦ
2673 4676 2832 4742 ἀγίου
2864 4673 3068 4743 ταύτην
3103 4673 3473 4743 ἀναδεξαμὲνῃ
3518 4668 3973 4744 βαπτίσματος,ᾖ

2403 4773 2464 4841 δὴ
2500 4775 2594 4825 καὶ
2650 4769 2906 4840 Ῥωμάνα
2966 4769 3225 4839 τοῦνομα,
3275 4768 3370 4838 τὴν
3425 4767 3602 4845 πάλην
3658 4767 3752 4820 τοῦ
3800 4769 3973 4835 δυσμε

2409 4867 2552 4929 νοῦς,
2614 4866 2987 4936 ἔπιρῤώνυται
3037 4864 3093 4918 δὲ
3153 4867 3265 4926 τοῖς
3334 4863 3550 4929 ἐκείνης
3613 4863 3794 4929 λόγοις
3881 4865 3974 4915 καὶ

2402 4962 2536 5030 πρὸς
2618 4959 2925 5029 παράταξιν
2992 4958 3375 5010 ἀντιτάττεται
3419 4958 3515 5009 καὶ
3585 4957 3814 5024 πλήττει
3875 4958 3966 5009 τὸν

2406 5053 2640 5122 πονηρὸν
2693 5052 2922 5120 δευτέρα
2972 5053 3063 5103 καὶ
3094 5051 3280 5118 καιρίᾳ
3335 5049 3509 5120 ταύτῃ
3550 5051 3756 5117 πληγῇ.
3796 5049 3971 5100 Καλέ-

2407 5161 2548 5199 σασα
2584 5146 2691 5214 γάρ
2731 5147 2838 5197 τῶν
2869 5144 3071 5213 εαυτῆς
3103 5142 3451 5212 Θεραπόντων
3479 5143 3573 5194 τὸν
3611 5144 3970 5196 εὐνούστατόν

2401 5255 2459 5290 τε
2509 5239 2599 5289 καὶ
2629 5235 3076 5298 εὐπειθέστατον,
3121 5235 3302 5287 πᾶσαν
3334 5234 3431 5302 μὲν
3476 5236 3612 5303 αὐτῇ
3662 5235 3760 5303 τὴν
3809 5237 3867 5288 ἓν
3897 5236 3968 5305 τῷ

2401 5333 2535 5402 οἴκῳ
2583 5332 2773 5385 οὐσίαν
2806 5331 3189 5400 ἀπογραφῆναι
3238 5329 3476 5389 κελεύει,
3509 5329 3606 5398 ὅση
3657 5345 3716 5379 τε
3759 5329 3842 5396 είη
3879 5335 3966 5382 καὶ

2400 5427 2484 5478 οἵα
2525 5429 2580 5478 ἐν
2623 5425 2831 5496 χρυσῷ,
2863 5428 2919 5477 ὲν
2951 5425 3195 5495 ἀργύρῳ,
3226 5427 3280 5476 ὲν
3325 5424 3514 5486 λίθοις,
3553 5425 3610 5474 ὲν
3640 5424 3964 5492 μαργάροις,

2399 5520 2456 5568 ἐν
2489 5517 2765 5581 σκεύεσιν,
2807 5519 2864 5570 ἐν
2898 5516 3134 5577 στολαῖς,
3167 5517 3258 5567 καὶ
3302 5515 3423 5583 μηδ’
3457 5516 3514 5566 ὀτ
3540 5513 3632 5565 οὖν
3674 5514 3811 5573 ὅλως
3835 5515 3861 5566 ὃ
3895 5517 3964 5580 μὴ

2401 5614 2782 5681 ἀπογραφῆναι
2832 5611 3204 5678 καταλειφθῇ,
3250 5611 3344 5664 καὶ
3383 5609 3480 5678 τὴν
3520 5611 3850 5680 ἀπογραφὴν
3898 5610 3966 5669 ὡς

2403 5708 2560 5774 τάχος
2615 5707 2748 5774 αὐτῇ
2809 5705 3154 5772 κομισθῆναι.
3195 5703 3259 5754 ’ὐ
3287 5703 3349 5770 δὴ
3400 5703 3490 5755 καὶ
3547 5704 3686 5754 κατά
3747 5703 3965 5770 γνώμην

2402 5798 2584 5868 ἐκείνῃ
2621 5799 2806 5868 χωρεῖ.
2844 5796 2946 5851 Καὶ
2980 5795 3070 5849 τὴν
3103 5795 3246 5866 ἱείιόν
3293 5796 3798 5863 προσκαλεσαμένη
3837 5796 3940 5846 Ns“:
