4214 6444
226 359 326 422 917

1492 360 1668 421 νιΤΑ
1717 360 1777 419 S.
1824 358 2199 418 PIELAGME.

3376 350 3482 414 918

226 487 341 532 νον-
370 469 550 540 πάσης
583 471 680 542 μὲν
708 471 856 542 αὐτῷ
883 473 981 540 τῆς
1013 474 1200 537 οὐσίας
1233 475 1570 551 παραχωρεῖ,
1610 473 1799 538 ἀρκεῖν

1919 466 2091 520 lit-ens
2121 467 2226 521 sibi
2263 463 2511 518 sufficere
2544 479 2676 531 opes
2711 477 2833 530 qua:
2869 459 3035 514 habet
3075 474 3142 513 ex
3185 457 3387 511 virtute
3423 467 3479 510 et

228 558 462 614 εἰποῦσα
492 563 581 613 τὸν
609 561 668 625 ἐξ
700 563 903 632 ἀρετῆς
936 564 1073 632 αὑτῇ
1106 563 1336 617 πλοῦτον
1373 565 1465 615 καὶ
1506 563 1626 624 ὅσος
1659 564 1686 614 ὁ
1711 561 1804 613 τοῦ

232 652 439 723 ταύτης
496 657 739 724 νυμφίου
798 660 894 709 καὶ
945 659 1215 709 Δεσπότου
1264 655 1535 727 Χριστοῦ*
1578 656 1701 715 τοὺς
1751 653 1806 704 δὲ

234 745 435 814 ἑαυτῆς
469 750 683 810 οἰκέτας
717 748 808 801 τοῦ
841 750 940 817 τῆς
964 749 1208 810 δουλείας
1240 750 1406 816 ἀνῆκε
1432 747 1619 815 ζυγοῦ.
1667 745 1822 798 Ἀλλ“’

233 835 384 894 ὅπως
413 839 506 889 καὶ
557 840 631 911 μὴ
667 845 947 912 παρούσης
985 843 1059 904 ὡς
1107 841 1188 894 ἔτι
1229 842 1510 910 παρούσης
1552 839 1806 907 προνοίας

232 929 335 995 τῆς
367 928 425 994 ἐξ
455 931 624 1000 αὐτῆς
653 934 1000 999 ἀπολαύοιεν,
1033 934 1158 1005 μηδ’
1179 936 1235 987 ὲν
1271 933 1442 1003 στενῷ
1464 934 1646 994 αὐτοῖς
1680 948 1808 983 κατ-

235 1023 444 1093 αντήσῃ
501 1024 568 1077 τὰ
618 1025 715 1094 τῆς
757 1029 924 1097 ζωῆς,
958 1030 1053 1082 καὶ
1093 1031 1352 1100 χρήματα
1402 1027 1607 1086 recito:
1655 1028 1684 1095 ἡ
1724 1043 1809 1091 c.31-

235 1114 452 1187 λανθρω
463 1134 555 1180 πος
582 1120 912 1176 ἑπιδῖδωσιν.

309 1249 415 1305 1Δ’.
443 1248 558 1305 Εἶθ’
587 1252 730 1307 οὕτω
763 1257 982 1311 πάντων
1014 1260 1162 1329 αὐτῇ·
1181 1262 1324 1312 κατὰ
1369 1259 1495 1310 νοῦν
1523 1259 1808 1328 χωρησάν-

235 1358 347 1394 των
377 1346 444 1414 τῇ
486 1347 655 1417 κυρίᾳ
687 1347 796 1400 τῶν
854 1350 1079 1420 ἡμερῶν
1128 1353 1229 1420 τὴν
1262 1352 1566 1418 ὲμφώτειον
1615 1351 1812 1402 ἀποδυ-

239 1437 452 1506 σαμένη
489 1439 681 1509 στολὴν
714 1445 810 1496 καὶ
852 1443 1095 1513 τρίχινόν
1140 1461 1196 1496 τε
1249 1445 1345 1498 καὶ
1377 1445 1618 1512 ῥαχῶδες
1651 1463 1807 1513 περι·

238 1528 550 1600 ϐαλλομένη
601 1534 847 1602 χιτώνιον
897 1537 1180 1604 ἐπείγεται
1237 1540 1375 1608 πρὸς
1429 1540 1808 1608 Ἱεροσόλυμα.

237 1625 334 1675 καλ⁸
363 1627 422 1676 τὸ
450 1626 576 1695 ὅρος
608 1629 1016 1699 καταλαμϐάνει
1045 1633 1154 1685 τῶν
1197 1634 1447 1697 Ἐλαιῶν,
1485 1622 1600 1702 ἅμα
1624 1634 1679 1687 δὲ
1719 1635 1813 1686 καὶ

235 1715 348 1767 τῶν
381 1716 613 1783 ἀρετῶν,
645 1720 838 1788 μηδενὶ
875 1721 972 1792 τὴν
999 1723 1224 1792 γνώμην
1257 1723 1638 1793 κοινωσαμένη
1680 1725 1812 1794 μηδὲ

1910 575 2029 628 quae
2061 569 2188 612 sunt
2218 560 2299 612 sui
2336 558 2521 622 sponsi
2551 566 2607 609 et
2641 555 2854 609 Domini
2884 553 3268 617 Christi,suos
3295 560 3477 604 autem

1910 668 2097 705 servos
2121 651 2437 704 manumisit
2471 666 2499 701 e
2547 650 2672 718 iugo
2711 647 3012 701 servitutis.
3063 644 3170 697 Sed
3197 654 3256 696 ut
3287 643 3480 696 etiam-

1911 747 1956 798 si
1985 762 2090 797 non
2125 743 2364 803 adesset,
2396 758 2559 810 quam
2603 755 2794 792 eorum
2826 739 3048 808 gerebat
3075 751 3263 790 curam
3314 735 3482 788 senti-

1913 848 2053 897 rent,
2093 851 2272 905 neque
2323 836 2403 888 eis
2434 837 2487 887 ia
2535 843 2749 887 arctum
2802 840 3090 900 cogeretur
3119 844 3314 885 eorum
3342 829 3476 893 vita,

1911 931 1990 984 cis
2032 931 2264 999 benigna
2291 928 2492 982 mulier
2529 928 2620 980 dat
2643 925 2926 995 pecunias.

1991 1267 2077 1322 ΣΙ.
2112 1267 2326 1321 Deinde
2374 1284 2498 1321 cum
2545 1268 2626 1322 sic
2676 1277 2732 1321 et
2773 1267 2955 1319 omnia
2994 1263 3484 1334 processissentex

1915 1363 1995 1414 sui
2043 1363 2208 1415 animi
2258 1363 2531 1416 sententia
2590 1360 2679 1413 die
2741 1359 3035 1413 Dominico
3097 1374 3222 1413 cum
3282 1369 3488 1410 vestem

1913 1455 2154 1506 exuisset
2179 1453 2523 1522 splendidam
2540 1497 2551 1515 ,
2577 1469 2604 1505 e
2627 1453 2750 1520 pilis
2772 1433 3163 1505 eonfectaniet
3188 1465 3488 1517 pannosam

1918 1548 2152 1600 indm-ns
2185 1549 2446 1609 tunicam,
2472 1545 2728 1600 concedit
2758 1544 3214 1612 Hierosolymam,
3256 1552 3310 1595 et
3341 1541 3494 1595 venit

1919 1639 1971 1692 in
2008 1648 2246 1691 montem
2299 1637 2517 1702 Oliveti,
2575 1640 2666 1707 qui
2716 1647 2834 1691 erat
2887 1636 3034 1691 idem
3066 1651 3286 1703 quoque
3332 1651 3493 1687 mons

1915 1733 2205 1793 virtutum,
2239 1745 2363 1782 cum
2397 1745 2556 1782 suum
2596 1729 2837 1781 animum
2887 1742 3012 1781 cum
3052 1726 3200 1778 nullo
3245 1739 3492 1776 commu-

239 1808 547 1875 μεταδοῦσα
572 1813 668 1864 τοῦ
704 1815 1031 1882 μυστηρίου.
1066 1817 1175 1868 Καὶ
1204 1819 1271 1870 τὰ
1304 1820 1402 1886 μὶν
1429 1818 1642 1887 ἐκείνης
1673 1817 1815 1870 οὕτω

1921 1825 2160 1878 nicasset
2190 1839 2369 1892 neque
2402 1823 2709 1889 aperuisset
2735 1835 3018 1873 arcanum.
3054 1818 3118 1872 Et
3149 1832 3233 1871 res
3264 1815 3491 1885 quidem

241 1900 463 1968 κρυπτὰ
495 1902 589 1955 καὶ
624 1906 772 1973 μόνῳ
792 1906 927 1973 δῆλα
959 1907 1037 1978 τῷ
1063 1909 1128 1960 τὰ
1150 1909 1330 1979 ἀφανῆ
1359 1906 1631 1972 βλέποντι.
1673 1910 1812 1977 ’Ἤδη

239 1991 298 2044 δὲ
330 1993 440 2044 τῶν
471 1994 528 2046 ὲν
573 1996 876 2070 Ἀντιοχείᾳ
910 2001 1339 2070 συνειλεγμένων
1383 2004 1722 2064 ἐπισκόπων,
1759 2005 1816 2055 ἐν

242 2077 324 2145 οἷς
354 2079 420 2155 ἦν
445 2086 540 2138 καὶ
564 2087 786 2152 Νόννος,
811 2093 928 2153 ταῖς
950 2092 1129 2145 αὐτῶν
1154 2094 1476 2162 ἐκκλησίαις
1506 2093 1663 2155 αὖθις
1686 2095 1818 2146 ἁπο-

241 2176 524 2244 δοθέντων,
577 2182 836 2254 κάκείνης
873 2185 1166 2252 ἁγνώστως
1208 2185 1351 2238 οῦτω
1381 2189 1492 2247 τοῖς
1539 2189 1705 2256 ίεροῖς
1731 2187 1817 2238 τό·

243 2285 372 2332 ποις
418 2274 913 2345 προσεδρευούσης,
964 2277 1060 2329 καὶ
1116 2279 1309 2346 χρόνου
1361 2279 1611 2347 τριετοῦς
1677 2279 1816 2349 αὐτῇ

243 2359 631 2431 διαγενομένου
689 2364 831 2429 Θεῖος
876 2369 1023 2437 αἱρεῖ
1066 2369 1227 2432 πόθος
1262 2371 1386 2423 τινα
1418 2370 1525 2423 τῶν
1570 2370 1649 2441 τῷ
1699 2372 1818 2422 ἐπι-

245 2453 436 2523 σκόπῳ
456 2456 643 2528 Νόννῳ
676 2462 940 2513 συνόντων
957 2463 976 2529 (
993 2463 1243 2525 Ἰάκωϐος
1270 2457 1423 2524 οὗτος
1449 2459 1560 2532 ἦν),
1588 2467 1684 2517 καὶ
1711 2465 1820 2516 τῶν

247 2545 288 2595 ts
301 2545 409 2611 ρῶν
423 2547 523 2617 ἐρᾷ
537 2550 940 2621 τόπων,Θεατὴς
959 2555 1069 2621 αμα
1086 2559 1177 2608 καὶ
1198 2558 1576 2627 προσκυνητὴς
1594 2559 1820 2613 ἐκείνων

247 2633 388 2690 εἶναι
418 2638 746 2709 βουλόμενος
763 2660 777 2674 ο
799 2649 892 2699 καὶ
917 2645 979 2716 δὴ
1007 2647 1320 2714 προσελθὼν
1343 2649 1420 2717 τῷ
1447 2651 1698 2720 ἀρχιερεῖ
1723 2651 1822 2722 τὴν

250 2730 344 2784 ἐπὶ
373 2732 444 2784 τὰ
492 2732 846 2804 Ἱεροσόλυμα
881 2738 1086 2808 ταύτην
1123 2739 1241 2793 ὁδὸν
1277 2741 1502 2806 ἐξαιτεῖ,
1531 2744 1624 2795 καὶ
1652 2743 1822 2797 δεῖται

248 2822 409 2906 τοῦτο
438 2824 588 2894 αὑτῷ
627 2828 980 2896 χαρίσασθαι.
1025 2832 1084 2882 '0
1123 2832 1177 2884 δὲ
1212 2829 1300 2902 (ἦν
1336 2835 1445 2903 γὰρ
1485 2837 1825 2905 προφητικδς

250 2916 278 2968 ὁ
304 2916 442 2984 ἀνὴρ
475 2920 569 2971 καὶ
602 2920 921 2987 Ιίνεύματος
975 2924 1214 2994 πλήρης,
1259 2927 1351 2978 καὶ
1385 2928 1444 2978 τὸ
1493 2929 1684 2998 πόρρω
1731 2931 1826 2982 καὶ

257 3009 447 3079 μέλλον
493 3013 626 3065 ἰδεῖν
678 3015 906 3083 ἱκανὸς),
950 3017 1252 3090 ’Λπελεύση
1299 3020 1421 3088 μὲν,
1470 3021 1571 3091 ἔφη
1602 3039 1616 3054 ι
1660 3023 1826 3092 εὑρή-

255 3118 372 3166 σεις
401 3104 458 3157 δέ
511 3121 632 3158 τινα
665 3105 910 3175 ζητήσας
966 3111 1220 3180 εὐνοῦχον
1269 3113 1536 3180 Πελάγιον
1569 3116 1822 3183 μοναχὸν,

1921 1917 2068 1971 illius
2102 1927 2256 1968 erant
2283 1916 2527 1976 occultae,
2550 1924 2604 1967 ct
2638 1914 2687 1968 ei
2732 1914 2829 1965 soli
2856 1911 3175 1974 manifestat,
3204 1911 3296 1978 qui
3350 1908 3495 1961 vidit

1918 2023 1980 2061 ea
2005 2009 2167 2060 etiam
2197 2023 2318 2075 quae
2348 2017 2473 2059 sunt
2500 2005 2842 2059 abscinulzta.
2862 2002 2996 2055 Cum
3026 2011 3209 2055 autem
3244 2001 3490 2067 episc0pi

1920 2102 2012 2168 qui
2045 2100 2362 2168 congregati
2399 2099 2617 2153 fuerant
2654 2095 2982 2157 Antiochia),
3028 2097 3170 2147 inter
3207 2108 3345 2161 quos
3376 2099 3497 2144 erat

1919 2193 2170 2255 Nonnus,
2209 2193 2262 2243 in
2300 2208 2426 2243 suas
2461 2190 2756 2242 rediissent
2781 2187 3076 2248 Ect'lesias,
3104 2194 3157 2239 et
3188 2186 3279 2239 illa
3309 2186 3492 2254 ignota

1922 2285 1974 2338 in
2014 2285 2184 2338 sacris
2208 2284 2343 2336 locis
2375 2283 2453 2335 sic
2486 2281 2752 2334 resideret
2774 2289 2828 2334 et
2853 2283 2963 2350 jam
3001 2278 3302 2332 triennium
3335 2278 3385 2329 in
3415 2278 3493 2329 eis

1924 2377 2302 2443 transegissel,
2325 2375 2622 2443 quemdam
2653 2390 2717 2427 ex
2753 2374 2820 2426 iis
2861 2373 3109 2426 diaconis
3138 2371 3238 2440 qui
3278 2373 3497 2424 fuerant

1923 2482 2051 2521 cum
2088 2467 2284 2520 Nonno
2318 2465 2565 2519 divinum
2597 2464 2822 2517 incessit
2857 2463 3189 2518 desiderium
3216 2463 3285 2532 (is
3311 2473 3493 2513 amem

1923 2555 2342 2620 eratJacobus).
2367 2565 2424 2608 et
2447 2555 2662 2622 capitur
2692 2569 2879 2607 amore
2913 2567 3197 2606 sacrorum
3224 2553 3494 2612 locorum,

1924 2649 2116 2702 volens
2149 2650 2367 2702 illorum
2405 2647 2568 2700 simul
2625 2646 2742 2698 ﬁeri
2795 2654 3070 2714 spectator
3102 2655 3158 2698 et
3214 2644 3495 2698 adorator.

1929 2741 2118 2808 Itaque
2162 2738 2434 2792 accedens
2495 2737 2560 2791 ad
2615 2735 2934 2805 pontiﬁcem
2999 2735 3238 2803 postulat
3290 2743 3350 2788 ut
3392 2734 3496 2788 sibi

1927 2833 2093 2886 liceat
2113 2831 2190 2883 ire
2221 2830 2621 2900 Hierosolyma,
2652 2837 2707 2881 et
2734 2837 2888 2897 rogat
2918 2837 2978 2881 ut
3007 2827 3112 2880 hoc
3133 2827 3180 2879 ei
3203 2825 3496 2880 concedat.

1931 2924 2025 2977 Ille
2048 2930 2240 2982 autem
2292 2922 2432 2988 (erat
2490 2923 2637 2975 enim
2692 2922 2778 2973 vir
2802 2919 3159 2987 prOpheticus
3197 2927 3254 2971 et
3303 2919 3500 2987 plenus

1937 3016 2174 3084 Spiritu,
2211 3025 2267 3068 et
2299 3015 2350 3067 id
2384 3013 2529 3083 quod
2557 3012 2745 3082 procul
2771 3023 2889 3066 erat
2928 3021 2983 3065 et
3020 3011 3290 3076 futurum,
3314 3011 3502 3063 videre

1931 3113 2166 3178 potens),
2203 3109 2313 3163 lbis
2347 3107 2592 3176 quidem,
2633 3107 2846 3174 inquit;
2879 3106 2924 3159 si
2960 3104 3244 3174 quresieris
3295 3113 3501 3169 autem,

251 3193 353 3254 τὴν
377 3197 660 3267 μακαρίαν
683 3197 883 3268 δηλαδὴ
919 3179 1193 3271 Πελαγίαν
1215 3205 1373 3258 τοῦτο
1402 3179 1580 3258 καλῶν
1602 3222 1616 3236 ο
1650 3179 1822 3276 τοῦτο)

1931 3201 2179 3254 invenies
2233 3198 2525 3268 quemdam
2585 3198 2901 3253 eunuchum
2963 3196 3240 3266 Pelagium
3315 3211 3505 3250 mona-

253 3287 542 3356 πρόσελθε,
584 3293 678 3342 καὶ
718 3296 1181 3363 συναναστρέφου,
1213 3299 1309 3351 καὶ
1334 3297 1533 3365 πολλῆς
1555 3297 1822 3365 ὡφελείας

253 3379 444 3447 ὅντως,
475 3382 695 3451 ἀδελφὲ,
721 3385 964 3453 μεθέξεις
1005 3393 1399 3459 πνευματικῆς.
1436 3392 1692 3455 Ἰάκωϐος
1727 3393 1826 3461 μὲν

254 3468 349 3526 οὖν
380 3473 454 3537 ὡς
499 3470 647 3544 εἶχεν
696 3477 930 3547 ἑτοίμως
961 3481 1095 3550 πρὸς
1130 3481 1256 3545 τοὺς
1303 3482 1490 3550 ἁγίους
1540 3481 1826 3552 ἔπείγεται

257 3566 482 3630 τόπους,
533 3573 628 3622 καὶ
683 3574 1064 3641 προσκυνητὴς
1100 3575 1330 3629 ἐκείνων
1387 3577 1681 3645 γενόμενος
1736 3578 1829 3630 ἐπὶ

255 3659 359 3730 τὴν
388 3659 621 3728 ζήτησιν
646 3663 793 3732 ὁρμᾷ
823 3663 1090 3730 Πελαγίου
1113 3665 1273 3734 δῆθεν
1296 3681 1312 3696 ο
1343 3666 1438 3719 καὶ
1465 3667 1530 3736 δὴ
1558 3667 1830 3735 Πελαγίας

259 3751 490 3814 ἐπιστὰς
518 3754 584 3822 τῇ
624 3753 810 3825 una.
846 3754 1086 3823 κρούσας
1133 3756 1342 3811 ἐκάλει.
1373 3758 1650 3829 Κάκείνης
1677 3759 1827 3821 ἐξελ-

262 3843 462 3912 θούσης
499 3845 601 3914 ὁρᾷ
650 3844 946 3912 Πελαγίαν,
999 3850 1138 3916 μήτε
1183 3848 1337 3912 εἰδὼς
1381 3849 1508 3919 ἥτις
1559 3846 1627 3921 ἦν
1691 3851 1830 3920 μήτε

265 3936 366 3990 κᾶν
386 3953 470 3998 τις
496 3940 758 4008 προεῖπεν
787 3940 851 3994 εκ
887 3955 952 4006 γε
990 3942 1102 3993 τῶν
1146 3942 1444 4011 ὁρωμένων
1487 3945 1627 4011 ἔχων
1670 3944 1834 3996 τοῦτο

268 4029 500 4083 ,τυνιδεῖν
528 4031 560 4101 ἦ
595 4032 910 4101 συμϐαλεῖν.
942 4034 1015 4086 Τό
1047 4052 1104 4087 τε
1143 4035 1252 4104 γὰρ
1281 4036 1480 4106 χρῶμα
1500 4035 1673 4108 ταύτῃ
1705 4053 1834 4104 μετ-

267 4122 520 4190 ήλλακτο,
555 4124 648 4176 καὶ
697 4125 747 4177 ot
798 4124 1070 4194 ὀφθαλμοὶ
1123 4128 1462 4190 κεκοίλαντο,
1513 4127 1611 4180 καὶ
1656 4130 1836 4180 πάντα

268 4219 332 4285 τῇ
369 4215 669 4286 ἐγκρατείᾳ
710 4217 974 4286 ἠλλοίωτο
1001 4236 1058 4272 τε
1109 4221 1202 4272 καὶ
1253 4220 1650 4289 μεταδέδλητο.
1695 4219 1836 4272 Ἀλλ’

267 4305 386 4359 ὡδὶ
419 4307 526 4359 τῶν
555 4308 733 4361 ἄλλων
757 4309 865 4361 τῶν
889 4311 1388 4389 ὲν-Ίεροσολύμοις
1425 4313 1598 4376 οὐδεὶς
1629 4310 1836 4381 ταύτην

268 4396 482 4466 βλέπων
508 4402 743 4453 νυνα.ἰ’›ια
774 4398 910 4467 ᾤετο
939 4403 1198 4470 καθορᾷν.

343 4705 442 4759 IB'.
481 4705 541 4758 '0
573 4703 672 4774 μὲν
702 4703 792 4757 οῦν
826 4705 900 4767 ὡς
942 4705 1094 4775 παρὰ
1124 4706 1314 4776 ἀνδρὸς
1339 4706 1437 4774 τῆς
1467 4706 1720 4775 εὐλογίας
1749 4724 1841 4760 τυ-

271 4799 384 4868 χὼν
439 4798 687 4867 εἱστήκει
743 4797 880 4863 προς
935 4795 1033 4867 τὴν
1073 4801 1131 4851 ἐκ
1183 4798 1282 4867 τῆς
1337 4801 1664 4866 ἐγκρατείας
1712 4799 1844 4852 Θέαν

272 4890 603 4960 ἐξεστηκὼς.
639 4889 702 4942 Ἦ
731 4889 787 4942 δὶ
814 4889 1015 4956 γνοῦσα
1045 4890 1164 4942 ὅθεν
1206 4892 1297 4946 καὶ
1335 4893 1482 4953 ὅστις
1523 4889 1592 4962 ἦν
1635 4895 1663 4946 ὀ
1715 4909 1847 4964 παρα

271 4983 542 5053 εατηκὼς,
581 4983 629 5034 εί
677 4969 771 5033 τοῦ
799 4976 1106 5052 ἄρχιεράως
1147 4983 1298 5036 ἐστὶν
1339 4983 1672 5036 ἐπάνθυνετο
1709 4984 1844 5036 Νόνο

273 5092 391 5140 νου,
421 5073 619 5128 ἑκοῦσα
650 5073 821 5143 δήπου
872 5073 1251 5145 πυνθανομένη
1287 5077 1348 5129 τὸ
1391 5075 1567 5148 ταύτῃ
1616 5077 1710 5131 καὶ
1741 5077 1848 5148 πρὸ

275 5167 373 5237 τῆς
393 5167 711 5237 ἐρωτήσεως
732 5165 1029 5238 γνώριμον.
1061 5167 1168 5220 Τοῦ
1191 5167 1247 5222 δὲ
1277 5169 1438 5222 τοῦτο
1476 5171 1846 5239 συνειπόντος,

290 5258 633 5324 ’Λπόστολος,
663 5262 853 5330 ρησὶν,
885 5259 914 5311 ὸ
947 5260 1107 5331 ἀνὴρ,
1139 5262 1234 5314 καὶ
1255 5261 1398 5331 ὑπὲρ
1431 5263 1539 5316 τῶν
1565 5263 1712 5334 ἐμῶν
1758 5265 1849 5317 εὑ-

279 5352 463 5419 ξασθω
489 5351 754 5418 ἀνομιῶν.
782 5353 892 5405 Καὶ
947 5351 1111 5423 μέχρι
1143 5351 1297 5408 τοῦδε
1348 5354 1438 5407 τὸν
1482 5357 1638 5424 λόγον
1670 5358 1851 5411 ἐκτεί-

278 5459 421 5496 νασα
451 5442 623 5496 κλείει
657 5442 753 5512 τὴν
784 5441 956 5514 Θύραν
989 5437 1161 5509 αὖθις,
1194 5446 1287 5498 καὶ
1317 5448 1417 5508 τὰς
1457 5448 1713 5512 εἰωθυίας
1747 5451 1849 5521 ἧρ-

282 5537 414 5599 ξατο
442 5535 668 5604 ψάλλειν
706 5534 869 5606 ᾠδάς.
917 5535 1172 5600 Ἰάκωϐος
1217 5537 1273 5590 δὲ
1305 5538 1438 5592 πολὺ
1469 5539 1530 5592 τὸ
1575 5540 1763 5610 κέρδος
1793 5545 1850 5595 ὲν

283 5630 478 5698 βραχεῖ
505 5627 682 5697 καιρῷ
712 5628 1075 5698 πορισάμενος
1110 5634 1203 5685 καὶ
1236 5630 1299 5702 δὴ
1337 5632 1430 5686 καὶ
1482 5635 1655 5704 μέτρα
1705 5636 1850 5689 διδα-

282 5723 432 5791 χθεὶς
471 5720 628 5788 λόγου
683 5725 977 5790 μονασταῖς
1033 5724 1330 5794 ἀρκοῦντος
1381 5725 1473 5780 καὶ
1524 5727 1850 5796 πρέποντος,

286 5815 652 5886 ἀναχωρήσας
686 5816 778 5870 tul.
808 5817 874 5872 τὰ
906 5817 1031 5889 ἑξῆς
1067 5817 1261 5888 ἱχεῖιρει
1294 5822 1515 5890 σιμ-λεῖα
1549 5824 1641 5874 καὶ
1691 5837 1848 5890 φροι-

1932 3293 2118 3357 cbum,
2152 3292 2365 3346 beatam
2399 3292 2478 3345 sic
2530 3306 2734 3344 vocans
2766 3290 3061 3359 Pelagiam.
3123 3289 3203 3344 Ad
3242 3305 3367 3342 cum
3419 3304 3508 3342 ac—

1932 3383 2087 3447 cede,
2124 3393 2178 3437 et
2214 3399 2335 3436 cum
2368 3399 2433 3436 eo
2462 3398 2708 3444 versare.
2735 3392 2790 3436 et
2814 3399 3087 3452 magnam,
3114 3397 3145 3434 ο
3174 3384 3364 3446 frater,
3422 3396 3508 3436 re-

1931 3491 2059 3529 γυῖα
2086 3475 2427 3544 spiritualem
2461 3473 2732 3542 percipies
2765 3473 3082 3532 utilitatem.
3132 3475 3311 3542 Atque
3348 3474 3507 3528 Jaco-

1933 3569 2038 3623 bus
2067 3569 2287 3637 quidem
2319 3584 2482 3636 quam
2526 3568 2708 3635 potuit
2762 3567 3053 3620 celerrime
3115 3565 3404 3620 contendit
3438 3567 3504 3619 ad

1934 3662 2054 3715 loca
2079 3674 2254 3723 sacra,
2295 3667 2352 3711 et
2374 3674 2500 3712 cum
2541 3658 2630 3710 illa
2659 3658 2964 3720 adorasset.
3005 3659 3324 3727 aggreditur
3353 3673 3506 3727 quas-

1934 3767 2058 3806 rerc
2095 3752 2393 3816 Pelagium.
2429 3751 2635 3804 Etcum
2664 3752 2989 3804 accessisset
3024 3751 3092 3805 ad
3128 3751 3324 3804 cellam
3357 3750 3511 3804 Pela-

1932 3841 2056 3914 gia,
2086 3843 2322 3911 pulsavit
2356 3851 2414 3896 et
2445 3857 2567 3896 eam
2617 3841 2851 3894 vocavit.
2901 3840 3148 3910 Cumque
3203 3842 3296 3894 illa
3362 3851 3512 3895 esset

1935 3949 2180 4005 egressa,
2206 3933 2358 3989 videt
2391 3932 2690 4003 Pelagiani,
2713 3937 2896 4000 neque
2923 3934 3108 3987 sciens
3142 3935 3505 4001 quamamfes-

1936 4039 2041 4095 set,
2073 4043 2250 4096 neque
2319 4027 2532 4081 etiamsi
2568 4028 2693 4096 quis
2717 4029 2872 4094 prius
2907 4025 3162 4091 dixisset,
3203 4041 3271 4079 ex
3301 4026 3369 4079 iis
3392 4041 3518 4094 qua:

1939 4122 2221 4182 videntur,
2249 4121 2354 4173 hoc
2402 4127 2600 4188 potens
2630 4120 2858 4172 omnino
2895 4119 3202 4186 intelligere
3242 4127 3338 4170 aut
3375 4133 3513 4171 con-

1934 4215 2138 4286 jicere;
2182 4228 2306 4266 nam
2344 4220 2396 4266 et
2441 4213 2596 4264 color
2635 4220 2763 4264 erat
2801 4213 2856 4265 ei
2887 4220 3150 4273 mutatus,
3183 4217 3240 4264 et
3280 4212 3504 4264 concavi

1939 4307 2233 4373 erantejus
2253 4303 2421 4364 oculi,
2447 4312 2503 4357 et
2520 4303 2850 4358 abt‘stinentia
2884 4311 3046 4355 erant
3067 4303 3251 4355 omnia
3286 4303 3512 4357 alterata

1938 4407 1998 4451 et
2026 4407 2255 4452 mutata.
2297 4396 2404 4449 Sed
2456 4413 2557 4449 nec
2616 4397 2760 4450 ullus
2795 4398 2937 4450 alius
2988 4412 3054 4449 ex
3106 4397 3192 4460 iis,
3225 4398 3318 4466 qui
3360 4407 3520 4451 erant

1872 4521 1915 4575 υ
1945 4487 2350 4558 Hierosolymis
2381 4487 2523 4542 hanc
2549 4487 2846 4557 aspiciens,
2874 4503 2930 4542 se
2957 4489 3183 4544 nutabat
3229 4489 3516 4545 mulierem

1945 4583 2215 4648 Aspicere.

2018 4714 2134 4768 ΧΠ.
2166 4716 2341 4784 Atque
2369 4719 2452 4769 ille
2481 4718 2702 4786 quidem
2748 4725 3002 4785 tanquam
3026 4733 3054 4770 a
3080 4716 3200 4771 viro
3231 4731 3518 4774 assecutus

1946 4809 2410 4873 benedictionem,
2475 4811 2626 4864 stetit
2683 4812 2950 4864 attonitus
3003 4821 3057 4864 et
3098 4812 3267 4865 veluti
3323 4822 3516 4867 emota:

1948 4901 2151 4954 mentis
2178 4901 2246 4953 ad
2271 4903 2643 4966 spectaculum
2677 4903 2795 4970 ejus
2810 4902 3179 4955 abstinentiae.
3216 4901 3304 4954 Illa
3331 4913 3514 4958 autem

1950 5006 2075 5045 cum
2113 4991 2362 5044 seivisset
2412 5002 2467 5044 et
2493 4993 2775 5061 cujasnam
2808 5003 2976 5056 esset,
3006 5001 3061 5045 et
3095 4995 3348 5061 quisnam
3374 5005 3520 5048 esset

1950 5085 1997 5139 is
2026 5084 2122 5153 qui
2149 5078 2357 5148 aderat,
2391 5086 2603 5152 rogavit
2631 5096 2813 5138 tamen
2847 5101 2913 5137 an
2962 5093 3108 5137 esset
3138 5085 3314 5162 Nonni
3345 5086 3525 5154 ponti—

1951 5177 2090 5242 ﬁcis,
2111 5178 2212 5232 hoc
2236 5194 2333 5232 sua
2369 5186 2564 5246 sponte
2590 5179 2956 5247 interrogans,
3000 5177 3156 5246 quod
3196 5186 3318 5232 erat
3354 5179 3527 5232 εἰπο-

1951 5279 2069 5324 tum
2128 5281 2255 5324 ante
2300 5271 2812 5341 interrogationem.
2866 5270 3004 5325 Cum
3057 5271 3147 5324 ille
3199 5280 3380 5324 autem
3420 5271 3525 5326 hoc

1953 5359 2310 5414 aﬁirliiasset:
2341 5359 2457 5422 Est,
2498 5361 2678 5428 inquit
2724 5360 2838 5426 illa,
2878 5361 2962 5412 vir
3013 5360 3369 5428 apostolicus.
3407 5360 3525 5429 ipse

1954 5467 2054 5521 pro
2099 5452 2234 5505 meis
2265 5460 2521 5520 precetur
2549 5438 2952 5519 iniquitatibus.
2981 5449 3049 5502 Et
3079 5466 3203 5504 cum
3236 5454 3523 5517 hucusque

1956 5561 2106 5598 suam
2133 5543 2474 5598 extendisset
2504 5545 2834 5605 orationem,
2863 5558 3058 5597 rursus
3080 5543 3274 5596 clausit
3299 5543 3522 5602 ostium,

1955 5645 2012 5691 et
2053 5647 2316 5691 consueta
2352 5637 2520 5705 C(epit
2549 5637 2782 5704 psallere
2811 5638 3044 5690 cantica.
3071 5636 3310 5690 Jacobus
3343 5645 3525 5688 autem

1960 5745 2081 5783 cum
2116 5729 2264 5781 brevi
2299 5736 2547 5797 tempore
2581 5726 2752 5780 multa
2779 5726 3164 5788 lucrifecisset,
3207 5735 3261 5778 et
3301 5725 3529 5778 didicis~

1961 5833 2044 5877 sct
2071 5838 2382 5877 mensuram
2425 5821 2698 5879 sermonis
2749 5824 2843 5893 qui
2885 5821 3173 5877 monachis
3225 5819 3426 5878 sulliiit
3476 5829 3531 5875 et
