4214 6444
739 387 846 450 919

1887 392 2271 460 ADDENDA.
2305 421 2368 431 —
2411 394 2846 458 NOVEMBER.

3873 395 3982 458 9‘20

742 499 1000 554 convenit
1056 498 1321 555 recedens
1372 501 1440 555 ad
1500 501 1713 574 reliqua
1745 509 1991 576 perrexit
2047 507 2311 578 deinceps
2340 521 2373 576 Α

2412 508 2669 578 τιστήρια
2721 505 2929 577 πολλήν
2963 523 3086 560 τινα
3126 511 3219 561 καὶ
3263 506 3415 578 παρὰ
3463 504 3677 559 πολλῶν
3711 503 3992 572 συλλέγων

739 589 1096 655 monasteria,
1141 589 1434 659 plurimam
1479 606 1544 647 ex
1581 593 1770 649 multis
1811 596 2075 666 colligens
2108 599 2304 654 animae

741 682 1051 736 utilitatem.

809 773 948 827 XIII.
971 773 1088 828 Non
1115 776 1349 831 multum
1378 778 1688 836 intercessit
1713 784 1975 853 temporis
2005 800 2128 838 cum
2159 784 2301 838 fama

737 866 844 921 fuit
872 866 1139 936 insignem
1182 871 1473 939 quemdam
1499 877 1675 928 virum
1711 877 1935 930 nomine
1957 876 2229 947 Pelagium
2270 893 2300 932 e

739 961 878 1012 vivis
908 963 1231 1026 excessisse,
1263 965 1356 1032 qui
1388 965 1442 1019 in
1473 967 1581 1019 vita
1626 983 1755 1021 usus
1801 979 1885 1022 est
1910 985 2102 1040 magna
2146 987 2304 1024 exer—

735 1052 997 1110 citatione
1030 1064 1085 1108 et
1115 1056 1338 1112 virtute.
1386 1057 1452 1112 Et
1504 1060 1686 1114 statim
1721 1060 1943 1131 quidem
1975 1070 2302 1132 congregata

740 1146 844 1200 fuit
873 1147 1170 1202 multitudo
1198 1152 1610 1218 monachorum;
1637 1163 1961 1222 congregata
1997 1163 2080 1207 est
2120 1165 2300 1208 autem

739 1255 933 1294 eorum
975 1257 1195 1312 quoque
1219 1243 1310 1312 qui
1344 1255 1504 1299 erant
1548 1246 1753 1314 alioqui
1787 1246 1860 1316 pii
1895 1257 1951 1301 et
1983 1249 2163 1311 mites,
2193 1257 2300 1301 tam

737 1330 1104 1385 habitantium
1161 1349 1330 1402 prope
1359 1333 1677 1401 Iordanem,
1711 1351 1875 1406 quam
1901 1337 2102 1392 civium
2141 1338 2302 1391 Nico-

736 1423 878 1489 polis
908 1433 962 1477 et
989 1423 1384 1489 Hierichuntis,
1413 1426 1668 1481 cmnibus
1700 1426 1918 1483 demum
1945 1428 2038 1496 qui
2061 1428 2298 1482 circum-

735 1515 878 1569 circa
906 1525 1064 1570 erant
1085 1517 1560 1584 convenientibus,
1583 1528 1637 1573 et
1667 1519 2023 1575 decedentem
2057 1520 2123 1574 de
2151 1536 2302 1575 more

737 1608 1222 1678 prosequentibus.
1263 1609 1524 1676 Quicum
1572 1610 1639 1664 ad
1674 1625 1876 1681 corpus
1917 1613 2297 1677 accessissent,

735 1708 792 1752 et
827 1699 876 1752 Id
913 1711 1197 1768 unguento
1232 1717 1436 1773 ungere
1469 1705 1708 1775 aggressi
1760 1715 1966 1768 essent,
1995 1705 2182 1759 vident
2208 1720 2304 1757 no-

739 1805 868 1844 vum
912 1801 969 1845 et
1003 1793 1243 1849 alienum
1297 1797 1698 1866 spectaculum,
1752 1813 1954 1867 nempe
2010 1799 2298 1852 mulierem

745 1900 866 1952 qua:
917 1901 1106 1940 sexum
1156 1865 1451 1955 celaverat,
1503 1899 1558 1945 et
1589 1899 1846 1958 tanquam
1879 1865 1962 1944 vir
1993 1889 2210 1944 fortiter
2241 1906 2298 1944 se
2333 1865 2373 1919 Β

737 1988 1001 2045 gesserat,
1029 1987 1084 2033 et
1107 1994 1139 2034 ο
1169 1979 1449 2036 laboribus
1481 1982 1711 2036 multum
1742 1982 2116 2038 lucrifecerat.
2147 1983 2300 2038 Tunc

736 2070 806 2121 ab
835 2071 1093 2124 omnibus
1123 2073 1332 2140 pariter
1362 2073 1771 2138 derertabatur,
1811 2075 1916 2129 alio
1948 2076 2112 2128 alium
2156 2090 2301 2144 quae-

741 2171 896 2216 rente
955 2165 1277 2232 pratvenire,
1313 2175 1369 2218 et
1403 2181 1466 2220 eo
1499 2167 1761 2221 accedere
1800 2167 2190 2232 cantendcnte,
2246 2176 2301 2221 et

737 2253 1156 2320 magnifaciente
1187 2257 1272 2312 vel
1313 2261 1429 2313 solo
1481 2262 1700 2330 corpori
1747 2260 2184 2329 apprOpinquare
2245 2265 2301 2313 et

736 2347 857 2413 ejus
890 2348 1095 2416 aliquid
1135 2358 1379 2420 tangere.
1423 2351 1626 2420 Sicque
1672 2353 1859 2405 multis
1886 2351 2226 2421 lampadibus
2245 2357 2300 2404 et

738 2452 932 2507 magno
974 2439 1185 2506 honore
1217 2442 1475 2509 pretiosae
1511 2441 1743 2511 Pelagia:
1784 2442 1940 2496 elatae
1991 2451 2118 2494 sunt
2167 2440 2298 2494 reli-

735 2529 895 2597 quite,
912 2543 940 2581 a
961 2529 1094 2584 viris
1113 2531 1314 2584 sanctis
1333 2542 1385 2585 et
1403 2533 1506 2601 piis
1524 2534 1684 2586 simul
1705 2534 1950 2588 deducte
1974 2543 2029 2588 et
2050 2545 2295 2602 portam.

805 2617 944 2673 XIV.
984 2620 1106 2675 Hec
1130 2630 1215 2675 est
1255 2623 1364 2676 vita
1393 2624 1717 2678 meretricis.
1751 2624 1875 2679 Haec
1903 2626 2156 2694 cjusquae
2185 2635 2302 2679 erat

737 2710 1026 2780 desperata
1084 2725 1213 2768 sunt
1246 2725 1628 2785 stratageiuata
1676 2717 1942 2772 adversus
1993 2717 2299 2770 inimicum.

737 2803 887 2860 Talis
911 2805 1016 2861 fuit
1049 2807 1280 2878 Pelagia:
1307 2810 1370 2863 ad
1408 2810 1459 2863 id
1497 2811 1642 2879 quod
1675 2818 1758 2864 est
1793 2811 2009 2876 melius,
2047 2811 2300 2880 mutatio,

735 2913 856 2966 qua:
877 2899 949 2953 ita
967 2901 1128 2954 etiam
1148 2899 1307 2954 nobis
1322 2902 1496 2956 facilis
1512 2902 1678 2957 estad
1700 2903 1749 2954 id
1773 2902 1915 2972 quod
1937 2913 2018 2956 est
2044 2913 2302 2971 praestan-

738 2989 868 3046 tius.
901 2988 1082 3054 Quare
1101 2992 1338 3046 conlldat
1359 2995 1612 3065 quilibet,
1634 2995 1733 3048 etsi
1767 3009 1823 3048 se
1855 2996 2031 3064 primo
2053 3011 2162 3048 non
2201 2995 2300 3048 ho-

737 3090 890 3136 ueste
919 3084 1150 3152 gessisse
1182 3084 1252 3139 sit
1281 3086 1386 3140 sibi
1420 3089 1701 3150 conscius,
1737 3093 1901 3142 modo
1932 3088 2064 3142 velit
2089 3098 2302 3158 postre-

2411 601 2685 670 ὠφέλειαν
2707 599 2971 671 ψυχικήν.

2477 785 2574 838 1Γ’.
2611 783 2686 837 Οὐ
2719 783 2856 836 πολὺ
2892 784 2950 836 τὸ
2986 785 3044 836 ἐν
3080 781 3253 854 μέσῳ,
3286 786 3382 837 καὶ
3427 781 3728 850 φημίζεται
3773 796 3860 841 τις
3895 795 3988 845 σς-

2409 876 2699 946 μειοφόρος
2747 875 2886 944 ἀνὴρ
2937 875 3205 942 Πελάγιος
3255 873 3496 937 ἐπιϐιοὺς,
3531 871 3702 941 πολλῇ
3753 887 3865 922 τινι
3917 871 3983 933 τῇ

2406 969 2556 1035 παρὰ
2577 969 2668 1023 τὸν
2694 968 2808 1038 βίον
2848 969 3195 1039 χρησάμενος
3232 968 3466 1036 ἀσκήσει
3510 969 3605 1019 καὶ
3639 966 3837 1035 ἀρετῇ.
3872 962 3985 1014 Καὶ

2405 1058 2604 1111 αὐτίκα
2655 1058 3005 1128 συνήθροιστο
3060 1058 3159 1128 μὲν
3212 1057 3417 1128 πλῆθος
3472 1056 3759 1128 μοναχῶν,
3822 1054 3991 1119 συνή-

2407 1150 2624 1220 θροιστο
2655 1150 2711 1204 δὲ
2762 1151 2871 1203 τῶν
2902 1150 3076 1212 ἄλλως
3125 1150 3391 1203 ἐπιεικῶν
3434 1150 3528 1202 καὶ
3575 1147 3848 1208 εὐλαϐῶν,
3890 1156 3988 1201 καὶ

2406 1245 2529 1299 ὅσον
2579 1244 2676 1312 μὲν
2709 1244 2961 1314 παρῴκει
2995 1245 3087 1298 τὸν
3127 1243 3420 1314 Ἰορδάνην,
3455 1242 3580 1294 ὅσον
3608 1240 3664 1294 δὲ
3711 1236 3782 1310 ἦν
3820 1241 3987 1294 Νικο·

2407 1337 2614 1400 πόλεως
2635 1337 2726 1389 καὶ
2741 1335 3093 1407 Ἱεριχοῦντος
3112 1339 3206 1390 καὶ
3217 1336 3325 1388 τῶν
3344 1333 3500 1404 πέριξ
3523 1333 3779 1387 ἁπάντων
3800 1349 3994 1401 συνεπε-

2405 1431 2654 1502 χομένων
2685 1435 2782 1486 καὶ
2836 1430 3213 1502 χαριζομένων
3266 1429 3334 1482 τὰ
3365 1427 3837 1499 προπεμπτήρια.
3878 1426 3987 1478 Καὶ

2406 1521 2468 1590 δὴ
2497 1520 2575 1592 τῷ
2623 1521 2839 1589 σώματι
2874 1520 3267 1590 προσελθόντες
3319 1519 3415 1571 καὶ
3462 1518 3648 1588 χρίσαι
3697 1515 3859 1585 μύρῳ
3888 1516 3989 1576 τὰς

2405 1616 2594 1684 χεῖρας
2627 1614 3002 1677 ἐπιλαϐόντες,
3025 1613 3191 1683 ὁρῶσι
3218 1612 3398 1681 θέαμα
3427 1609 3596 1675 ξένον,
3621 1611 3866 1678 γυναῖκα
3895 1608 3988 1659 λα·

2405 1704 2601 1758 θοῦσαν
2620 1705 2716 1774 τὴν
2746 1705 2931 1774 φύσιν,
2967 1705 3061 1759 καὶ
3088 1701 3490 1774 ἀνδρισαμένην
3510 1702 3576 1754 τὰ
3611 1700 3719 1754 τῶν
3751 1700 3986 1768 ἀνδρῶν.

2405 1801 2499 1856 καὶ
2527 1801 2634 1854 τῶν
2667 1818 2728 1868 γε
2761 1802 2939 1854 πόνων
2969 1799 3154 1852 πλεῖον
3185 1795 3646 1866 ἀπενεγκαμένην
3681 1793 3741 1845 τὸ
3769 1791 3986 1859 κέρδος.

2403 1892 2534 1944 Τότε
2559 1893 2765 1956 γίνεται
2798 1892 2966 1944 πᾶσιν
2997 1890 3124 1953 ἴσως
3153 1888 3325 1957 ἀγὼν,
3351 1889 3509 1942 ἄλλον
3545 1887 3706 1940 ἄλλου
3739 1886 3990 1955 προφθά-

2405 2001 2493 2036 σαι
2525 1982 2815 2050 ζητοῦντος
2845 1983 3102 2053 καὶπρὸς
3126 1982 3224 2051 τὴν
3271 1978 3537 2050 ἐκδημίαν
3578 1977 3987 2047 ἁμιλλωμένων

2403 2078 2496 2130 καὶ
2526 2077 2671 2148 μόνῳ
2706 2077 3004 2148 πλησιάσαι
3029 2077 3105 2146 τῷ
3130 2076 3342 2145 σώματι
3371 2073 3873 2142 φιλοτιμουμένων,
3893 2070 3989 2121 καὶ

2403 2170 2590 2221 τούτου
2615 2187 2666 2221 τι
2687 2168 3165 2238 προσεφάψασθαι.
3195 2169 3303 2220 Καὶ
3333 2165 3472 2218 οὕτω
3491 2165 3718 2226 πολλαῖς
3744 2163 3845 2232 μὲν
3868 2163 3990 2222 ταῖς

2402 2259 2672 2327 λαμπάσι,
2699 2257 2906 2312 πλείονι
2938 2258 2992 2310 δὲ
3020 2261 3083 2327 τῇ
3118 2259 3251 2326 τιμῇ
3285 2258 3345 2309 τὸ
3368 2256 3550 2325 τίμιον
3576 2255 3852 2322 Πελαγίας
3880 2254 3993 2316 ἐξε-

2404 2348 2638 2418 κομίσθη
2675 2348 2951 2418 λείψανον,
3000 2349 3106 2401 ὑπὸ
3143 2349 3314 2414 ἁγίων
3349 2349 3442 2402 καὶ
3483 2346 3734 2399 εὐλαϐὦν
3776 2343 3990 2413 ἀνδρῶν

2406 2444 2807 2515 παρα-πεμφθὲν
2843 2443 2958 2513 ἅμα
2991 2446 3086 2498 καὶ
3110 2443 3435 2515 βασταχθέν.

2477 2627 2574 2681 IA'.
2609 2628 2774 2687 Ουτος
2801 2626 2827 2677 ὁ
2857 2625 2955 2693 τῆς
2985 2625 3190 2696 πόρνης
3221 2625 3367 2695 βίος·
3395 2625 3567 2677 ταῦτα
3595 2625 3695 2692 τῆς
3735 2625 3990 2688 ἀπεγνω-

2408 2717 2612 2786 σμένης
2646 2717 2712 2770 τὰ
2737 2717 2856 2770 κατ’
2882 2717 3073 2787 ἐχθροῦ
3107 2717 3540 2786 στρατηγήματα
3559 2732 3571 2745 ·
3602 2716 3827 2785 τοιαύτη
3857 2717 3989 2769 tati-

2406 2808 2561 2876 τηςή
2612 2806 2748 2876 πρὸς
2780 2807 2840 2858 τὸ
2894 2807 3101 2876 βέλτιον
3138 2807 3435 2876 μεταϐολὴ,
3475 2809 3570 2862 καὶ
3620 2807 3766 2860 οὕτω
3825 2808 3989 2878 ῥᾳδία

2407 2896 2537 2964 ἡμῖν
2576 2896 2655 2958 είς
2680 2895 2901 2964 ὁδηγίαν
2921 2896 3015 2948 τοῦ
3054 2889 3468 2966 κρείττονοςῖξί
3494 2895 3776 2966 θαρρείτω
3802 2914 3910 2960 τις,
3937 2901 3987 2950 εί

2407 2988 2600 3041 καὶτὰ
2635 2988 2828 3058 πρῶτα
2887 2989 3126 3042 σύνοιδεν
3171 2989 3350 3058 ἑαυτῷ
3400 2988 3472 3057 μὴ
3524 2988 3685 3054 καλὰ,
3743 2989 3904 3058 μόνον
3934 2992 3985 3041 sl

2406 3083 2516 3143 τοῖς
2561 3081 2890 3144 τελευταίοις
2933 3081 3314 3152 προθυμηθείη
3357 3083 3426 3134 τὰ
3466 3082 3736 3154 πρότερον
3784 3083 3986 3135 ἀπονί-

736 3172 841 3227 mis
878 3174 1062 3242 priora
1107 3175 1351 3231 abluere.
1384 3178 1518 3231 Cum
1558 3195 1662 3248 qua
1713 3179 1805 3232 det
1836 3179 1996 3232 nobis
2039 3180 2301 3234 Dominus
2328 3213 2368 3270 ο

2405 3173 2610 3240 ψασθαι
2637 3189 2651 3205 ο
2687 3173 2808 3242 μεθ’
2849 3167 2916 3244 ἦς
2941 3173 3052 3243 δῲη
3087 3174 3293 3243 Κύριος
3323 3175 3418 3226 καὶ
3461 3173 3595 3242 ἡμῖν
3640 3173 3740 3241 τὴν
3769 3174 3986 3226 ἐκεῖθεν

739 3265 1095 3333 inell‘abilem,
1128 3284 1248 3336 qua:
1283 3269 1396 3323 iIIic
1432 3281 1516 3323 est
1556 3271 1807 3339 accipere
1850 3272 2206 3339 voluptatem,
2244 3281 2299 3323 et
2335 3263 2367 3270 ⁷

2405 3265 2648 3334 imm
2675 3263 2969 3316 ἀπολαϐεῖν
2998 3265 3211 3334 ἡδονὴν,
3233 3267 3328 3320 καὶ
3360 3265 3466 3318 τῶν
3497 3266 3710 3318 ἐκεῖθεν
3741 3267 3986 3335 ἁξιωθῆο

737 3359 998 3426 consequi
1027 3375 1147 3428 quae
1178 3359 1288 3413 illic
1315 3371 1443 3414 sunt
1478 3375 1730 3414 coronas.
1757 3360 2027 3426 Quoniam
2050 3361 2100 3413 ei
2125 3360 2297 3428 gloria

739 3464 861 3503 cum
892 3450 1052 3505 Patre
1093 3461 1148 3505 et
1181 3461 1369 3506 sancto
1425 3467 1486 3507 ac
1523 3453 1742 3506 viviﬁco
1794 3452 2023 3521 Spiritu,
2066 3468 2208 3505 nunc
2245 3460 2298 3504 et

738 3554 976 3611 semper,
1003 3550 1058 3597 et
1088 3542 1144 3597 in
1168 3544 1365 3598 sarcula
1404 3543 1756 3599 saeculorum.
1785 3545 1978 3598 Amen.

741 3694 2241 3726 m-

2407 3375 2496 3410 ναι
2530 3357 2810 3424 στεφάνων
2833 3373 2848 3388 ο
2875 3357 2957 3410 ὅτι
3000 3357 3148 3427 αὐτῷ
3176 3360 3208 3426 ἡ
3271 3357 3398 3423 δόξα
3440 3358 3537 3410 σὺν
3565 3357 3643 3426 τῷ
3684 3357 3862 3426 Πατρὶ
3889 3360 3986 3410 καὶ

2406 3448 2484 3515 τῷ
2517 3448 2659 3517 ἁγίῳ
2729 3447 3007 3516 Πνεῦματι
3055 3446 3149 3500 νῦν
3181 3451 3274 3502 καὶ
3320 3449 3397 3510 είς
3453 3449 3576 3510 τοὺς
3633 3447 3840 3508 αἰῶνας
3875 3448 3984 3499 τῶν

2409 3539 2638 3595 αἰώνων.
2692 3541 2885 3610 Ἀμήν.

1405 4247 1656 4337 ΒΙοΣ
1682 4242 1879 4337 ΚΑΙ
1915 4244 2459 4340 ΠΟΛΙΤΕΙΑ
2532 4243 2727 4336 ΚΑΙ
2802 4241 3276 4336 ΑΣΚΗΣΙΣ

1875 4416 2014 4472 THE
2053 4415 2248 4472 om}:
2283 4417 2566 4473 ΜΗΤΡΟΣ
2599 4416 2800 4474 ΗΜΩΝ

1775 4566 2917 4706 ΜΑΤΡΩΝΗΣ.

1051 4931 1336 5025 νιτΑ
1409 4929 1564 5021 ET
1637 4929 2480 5026 CONVERSATIO
2553 4932 2705 5022 ET
2796 4905 3658 5025 EXERCITATIO.

1826 5088 2134 5151 SANCTA!
2181 5088 2480 5150 MATIUS
2519 5087 2844 5153 NOSTM

794 5227 1838 5414 MATRONIE,
1885 5226 2874 5385 MARTYRIS
2971 5227 3910 5388 CHIENSIS.

929 5486 1125 5541 (Latine
1153 5487 1279 5547 apud
1314 5487 1512 5536 Surlum
1535 5488 1592 5536 ad
1616 5491 1748 5537 diem
1778 5489 1808 5536 8
1834 5487 2124 5538 Novembris
2148 5502 2160 5545 ;
2187 5487 2350 5537 Gmca
2372 5487 2723 5550 descripsimus
2748 5501 2808 5538 ex
2846 5489 2951 5538 cod.
2977 5502 3067 5538 ms.
3095 5489 3218 5550 Reg.
3265 5500 3314 5535 η.
3347 5487 3486 5546 “8|,
3534 5501 3647 5536 sar.
3696 5489 3789 5548 ar.)

813 5754 854 5803 1.
885 5748 996 5804 Eos
1027 5748 1117 5817 qui
1169 5756 1297 5802 sunt
1325 5747 1380 5802 in
1414 5749 1522 5804 vita
1564 5757 1932 5819 temperantes
1985 5763 2039 5806 et
2071 5753 2302 5807 studiosi

741 5839 984 5908 virtutis,
1015 5853 1117 5911 pro
1146 5840 1357 5895 viribus
1401 5841 1646 5908 laudare,
1683 5844 1841 5898 simul
1888 5853 1970 5900 est
2028 5855 2299 5909 sanctum,

2324 5643 2392 5654 ——-

2485 5750 2563 5803 A'.
2633 5750 2770 5811 Τοὺς
2830 5748 3114 5818 σώφρονας
3172 5747 3260 5797 τὸν
3311 5747 3426 5814 βίον
3493 5747 3586 5798 καὶ
3649 5749 3972 5818 φιλαρέτους

2418 5845 2556 5898 κατὰ
2581 5842 2804 5912 δύναμιν
2842 5839 3086 5893 ἐπαινεῖν
3123 5838 3266 5891 ὅσιόν
3294 5855 3347 5891 τι
3380 5835 3514 5907 ὁμοῦ
3557 5844 3650 5892 καὶ
3679 5841 3970 5912 equipt}.
