4214 6444
256 416 357 480 921

1528 420 1702 481 VlTA
1748 423 1809 483 S.
1856 424 2269 489 ΜΑΤΗΟΝΕ.

3401 440 3510 503 92Ξ

255 538 436 587 κτον.
461 529 630 585 Αὑτοί
662 551 719 587 τε
749 536 857 605 γὰρ
900 536 1143 592 ἐπαίνων
1167 535 1333 602 ἄξιοι,
1365 536 1469 597 καὶ
1498 536 1524 588 ὀ
1562 536 1689 605 περὶ
1724 534 1826 589 αὖ·

1934 550 1983 592 et
2013 538 2175 609 longe
2218 542 2596 599 utilissimum.
2635 546 2771 601 Nam
2830 556 2883 601 et
2939 547 3040 617 ipsi
3070 560 3201 605 sunt
3232 549 3394 605 laude
3428 554 3514 605 di-

252 626 359 679 τῶν
383 622 542 694 λόγος
568 627 679 680 τῶν
718 629 924 697 ὁμοίων
962 631 1307 696 ἐφάπτεσθαι
1350 632 1447 683 καὶ
1476 630 1601 692 τοὺς
1634 628 1829 691 ἄλλους

250 718 629 791 διαθερμαίνει
662 723 801 791 πρὸς
858 722 1055 789 ἔρωτα.
1123 724 1296 777 Ὀταν
1327 724 1382 776 δὲ
1423 725 1517 776 καὶ
1566 722 1625 775 τὸ
1666 725 1826 773 ἐπαι-

251 812 515 883 νούμενον
546 814 685 881 γυνὴ
716 810 774 885 ᾖ,
799 815 860 867 τὸ
883 815 1107 879 άσθενές
1136 816 1233 884 τῆς
1256 814 1560 884 ἀνθρώπων
1587 797 1839 881 φύσεως(

250 906 343 958 καὶ
382 907 521 977 πρὸς
566 908 627 959 τὸ
674 909 784 961 τῶν
825 907 1005 963 πόνων
1052 910 1226 980 τραχὺ
1276 910 1370 961 καὶ
1410 908 1824 977 μαλακώτατον,

252 999 367 1061 πῶς
426 1000 489 1053 οὑ
555 1001 841 1073 λυσιτελὴς
878 1004 906 1055 δ
944 1002 1169 1064 ἔπαινος
1220 1002 1481 1070 ἀνδράσιν
1550 1000 1666 1069 ἅμα
1729 1001 1825 1052 καὶ

254 1093 537 1160 γυναιξὶν,
599 1095 949 1165 ἀμφοτέρους
1010 1096 1149 1166 πρὸς
1210 1096 1278 1148 τά
1337 1095 1479 1147 καλά
1535 1092 1826 1163 διεγείρειν

247 1190 571 1257 δυνάμενος,
626 1189 729 1253 τὰς
779 1190 881 1259 μέν
924 1191 1009 1243 ἵνα
1054 1190 1149 1243 τοῦ
1190 1189 1359 1243 αὑτοῦ
1416 1188 1823 1258 κοινωνήσασαι

254 1284 441 1349 γένους
476 1284 575 1337 καὶ
600 1285 710 1337 τῶν
745 1284 923 1338 αὐτῶν
949 1280 1060 1336 εἷεν
1092 1283 1498 1353 ἐπειλημμέναι
1526 1283 1703 1335 πόνων
1732 1281 1824 1333 καὶ

246 1376 515 1443 ὰμοιδῶν,
568 1376 703 1439 τοὺς
761 1376 817 1429 δέ
866 1376 952 1428 ῐνα
993 1374 1069 1446 μὴ
1124 1374 1319 1446 ἄνδρες
1375 1375 1528 1436 ὅντες
1581 1372 1824 1442 δεύτεροι

247 1469 528 1533 γυναικῶν
555 1469 771 1538 ὀφθεῖεν
818 1470 912 1522 καὶ
954 1469 1090 1539 πρὸς
1125 1467 1185 1520 τὸ
1223 1469 1409 1520 πονεῖν
1448 1466 1819 1537 ἁγενέστεροι.

248 1559 470 1613 Τούτων
498 1560 591 1614 οῦν
619 1562 730 1613 τῶν
757 1562 1063 1614 ἐπαινετῶν
1095 1560 1228 1630 βίων
1260 1562 1353 1613 καὶ
1383 1560 1696 1629 φιλαρέτων
1730 1562 1821 1613 καὶ

245 1650 276 1701 δ
311 1650 621 1721 Ματρώνης
670 1651 1033 1720 καθέστηκεν,
1081 1652 1309 1722 ἀνδράσι
1348 1652 1447 1723 μὲν
1501 1651 1821 1723 ἁμιλληθεί-

247 1761 347 1813 σης
378 1746 477 1816 τὴν
509 1747 733 1818 ἀρετὴν,
778 1746 1234 1817 παρενεγκούσης
1273 1747 1329 1800 δέ
1385 1746 1608 1807 τούτους
1650 1748 1821 1815 ὑπερ-

247 1839 410 1908 φυέσι
446 1841 558 1903 τοῖς
600 1840 1049 1912 κατορθώμασιν,
1079 1840 1153 1902 ὡς
1190 1841 1451 1911 προϊόντα
1480 1838 1712 1909 δηλώσει
1752 1838 1818 1893 τά

245 1933 643 2005 λεχθησόμενα.

318 2210 391 2265 B’.
434 2210 602 2281 Χώρα
638 2212 724 2273 τίς
765 2212 913 2263 ἐστιν
953 2210 1375 2279 ὑποτεταγμίνη
1412 2212 1475 2280 τῇ
1530 2208 1820 2276 Ῥωμαίων

242 2306 384 2372 ἀρχῇ
412 2306 466 2355 ἐν
501 2303 773 2371 μεθορίοις
800 2301 1040 2354 Κιλίκων
1063 2318 1118 2353 τε
1149 2303 1241 2353 καί
1274 2300 1538 2370 ’1σαύρων
1565 2301 1815 2369 κειμένη,

242 2393 488 2464 τοῦνομα
515 2393 832 2463 Παμφυλία,
863 2393 895 2464 ἢ
920 2394 1013 2446 καὶ
1040 2393 1126 2445 διὰ
1151 2392 1211 2445 τὸ
1230 2392 1597 2461 κουροτρόφον
1616 2392 1821 2461 ταύτης

244 2490 341 2543 καὶ
376 2489 810 2560 πολυάνθρωπον
865 2488 958 2541 καὶ
997 2487 1056 2539 τὸ
1101 2484 1160 2551 ἐξ
1196 2486 1425 2539 ἁπασῶν
1470 2486 1580 2538 τῶν
1614 2487 1821 2539 πόλεων

242 2583 539 2652 οἰκήτορας
582 2583 753 2652 ἐχειν,
793 2581 1052 2647 τοιαύτης
1093 2580 1254 2648 ἔτυχε
1286 2578 1385 2648 τῆς
1427 2580 1816 2649 προσηγορίας.

243 2679 360 2731 Μία
386 2677 441 2729 δέ
482 2675 591 2729 τῶν
625 2675 717 2727 ὑπ’
765 2674 935 2743 αὐτὴν
982 2673 1193 2725 πόλεων
1229 2673 1415 2741 Πέργη
1453 2670 1820 2741 κατονομάζε-

247 2787 357 2831 ται,
392 2770 460 2839 ἢν
500 2766 855 2837 θρεψαμένην
915 2766 1075 2834 ἐσχεν
1122 2766 1155 2823 ἠ
1196 2766 1443 2835 μακαρία
1494 2762 1631 2833 αῦτη
1697 2764 1821 2817 Μα-

244 2863 448 2933 τρώνα,
485 2863 605 2931 ἥτις
630 2860 737 2914 ὑπὸ
764 2859 872 2911 τῶν
892 2858 1229 2927 γειναμένων
1248 2857 1558 2927 ἐλευθερίου
1582 2855 1820 2926 τυχοῦσα

245 2956 497 3018 παιδείας
527 2956 621 3007 καὶ
651 2953 876 3022 ἀγι-ιγῆς
915 2955 993 3014 εἰς
1024 2952 1173 3021 ὥραν
1198 2969 1257 3003 τε
1289 2952 1467 3020 γάμου
1500 2952 1820 3004 καταστᾶσα

244 3046 337 3120 (ἦν
358 3051 466 3120 γὰρ
497 3048 688 3117 καὶτῷ
712 3046 901 3099 κάλλει
935 3046 1340 3115 περίϐλεπτος),
1372 3046 1526 3115 ἀνδρὶ
1554 3045 1821 3097 συνάπτε-

242 3163 335 3198 ται
365 3145 427 3197 οὒ
451 3143 558 3196 τῶν
589 3140 799 3194 πολλῶν
834 3141 912 3193 ἐνὶ
950 3142 1046 3192 καὶ
1072 3139 1183 3192 τῶν
1226 3138 1522 3208 τυχόντων,
1581 3137 1818 3206 τοῦνομα

1940 632 2055 700 gni,
2090 644 2148 689 et
2202 652 2326 704 qua:
2357 637 2425 690 de
2461 639 2543 693 eis
2583 639 2820 694 habetur
2852 640 3050 703 oratio,
3102 641 3297 695 incitat
3332 651 3384 694 et
3431 643 3515 694 in-

1938 722 2178 778 ﬂammat
2207 727 2343 781 alios
2374 728 2441 781 ad
2497 745 2736 783 amorem
2789 729 3145 799 aggrediendi
3185 732 3333 784 talia.
3374 729 3513 784 Cum

1937 824 2121 870 autem
2158 827 2210 872 et
2244 820 2318 884 id,
2348 822 2491 889 quod
2518 821 2795 887 laudatur,
2831 823 3000 877 fuerit
3053 824 3273 886 mulier,
3314 822 3366 875 id
3405 823 3513 875 sci-

1935 911 2083 976 licet,
2114 912 2259 980 quod
2313 923 2395 966 est
2446 915 2699 968 humana:
2736 926 2947 969 natura!
3000 915 3235 969 maxime
3269 916 3515 969 imbecil-

1934 1003 2071 1063 lum,
2107 1013 2162 1057 et
2193 1004 2258 1058 ad
2296 1020 2522 1073 asperos
2580 1006 2963 1074 suscipiendos
2998 1007 3217 1061 labores
3251 1009 3511 1061 mollissi—

1935 1112 2107 1162 mum,
2175 1098 2643 1166 quemadmodum
2712 1113 2821 1151 non
2857 1108 2935 1151 est
2988 1098 3108 1152 laus
3146 1098 3515 1153 conducibilis

1932 1190 2067 1243 viris
2098 1191 2259 1244 simul
2290 1201 2344 1245 et
2378 1191 2620 1253 feminis,
2666 1207 2789 1260 quae
2839 1199 3021 1260 potest
3070 1200 3329 1259 utrosque
3364 1192 3513 1244 exci-

1934 1290 2051 1335 tare
2078 1282 2144 1336 ad
2170 1300 2233 1337 ea
2270 1300 2389 1353 qua:
2417 1295 2546 1338 sunt
2584 1284 2811 1353 pulchra
2853 1294 2910 1339 et
2946 1283 3175 1337 honesta
3202 1284 3223 1336 ?
3254 1284 3510 1349 Feminas

1932 1376 2182 1446 quidem,
2206 1390 2286 1445 ut,
2312 1396 2433 1433 tum
2458 1381 2566 1434 sint
2589 1380 2833 1451 ejusdem
2864 1379 3106 1451 generis,
3135 1380 3353 1433 eosdem
3380 1396 3509 1448 qu0~

1932 1487 2040 1540 que
2075 1471 2292 1526 labores
2321 1474 2624 1542 suscipiant
2659 1483 2713 1526 et
2752 1473 2972 1526 easdem
3008 1466 3505 1535 remuneratiunes;

1932 1564 2080 1618 viros
2112 1574 2317 1629 autem,
2355 1582 2448 1629 ne,
2492 1580 2616 1620 cum
2668 1566 2779 1619 sint
2810 1564 2937 1628 viri,
2972 1573 3272 1618 cernantur
3308 1564 3505 1617 cedere

1932 1657 2282 1721 mulieribus,
2339 1667 2394 1712 et
2446 1658 2514 1711 ad
2556 1658 2772 1711 labores
2821 1657 3205 1725 suscipiendos
3248 1656 3329 1710 eis
3385 1673 3506 1711 esse

1931 1748 2262 1810 ignaviores.
2297 1750 2371 1802 Ex
2407 1750 2471 1803 iis
2500 1766 2631 1820 ergo
2663 1766 2782 1819 qua:
2810 1750 2976 1803 vitam
3002 1748 3353 1801 laudabiliter
3379 1764 3505 1816 cge-

1932 1852 2140 1896 runtet
2169 1858 2235 1895 ex
2290 1842 2517 1901 virtute.
2559 1842 2852 1896 fuitetiam
2910 1840 3179 1900 Matrona,
3223 1855 3346 1907 quae
3375 1857 3500 1892 eum

1929 1931 2061 1985 viris
2094 1934 2315 2000 quidem
2371 1936 2574 1989 virtute
2622 1935 2925 1994 contendit,
2958 1932 3235 2002 przeclaris
3269 1947 3398 1985 vero
3446 1942 3502 1985 et

1924 2024 2268 2079 admirandis
2323 2025 2481 2080 factis
2532 2042 2629 2081 eos
2682 2027 2987 2095 superavit,
3029 2034 3089 2078 ut
3144 2025 3196 2078 in
3239 2038 3499 2092 processu

1924 2119 2217 2174 ostendent
2245 2135 2308 2174 ea
2338 2136 2461 2189 qua:
2498 2120 2770 2174 dicentur.

1995 2213 2061 2266 11.
2092 2214 2186 2266 Est
2212 2215 2462 2281 quaedam
2490 2217 2639 2283 regio
2677 2214 2922 2283 subjecta
2956 2215 3185 2284 imperio
3230 2217 3502 2269 Romano-

1924 2322 2071 2369 rum,
2098 2307 2200 2359 sila
2229 2308 2281 2359 in
2304 2308 2542 2360 conﬁnio
2570 2306 2803 2361 Cilicum
2828 2317 2882 2360 et
2914 2308 3247 2370 Isaurorum,
3280 2308 3501 2360 nomine

1922 2399 2261 2470 Pamphylia,
2316 2417 2436 2469 quae
2478 2410 2765 2469 propterea
2821 2400 2967 2469 quod
3003 2402 3076 2454 sit
3132 2400 3333 2469 populo
3386 2400 3498 2453 fre-

1922 2508 2121 2561 quens,
2154 2502 2209 2546 et
2244 2492 2444 2545 habeat
2491 2493 2829 2545 habitatores
2867 2507 2933 2546 ex
2966 2493 3223 2546 omnibus
3258 2492 3500 2546 civitati-

1923 2588 2048 2646 bus.
2075 2586 2155 2641 sic
2192 2586 2293 2639 fuit
2327 2585 2616 2653 appellata.
2657 2583 2771 2637 Una
2809 2592 2993 2638 autem
3028 2601 3096 2637 ex
3126 2586 3193 2638 iis
3222 2600 3345 2653 quae
3373 2594 3501 2638 sunt

1926 2679 1979 2731 in
2012 2692 2097 2741 ea,
2125 2676 2445 2730 civitatibus
2484 2684 2714 2729 vocatur
2745 2676 2938 2744 Perge,
2980 2675 3036 2728 in
3079 2691 3186 2744 qua
3220 2676 3325 2727 fuit
3364 2674 3501 2728 edu-

1923 2781 2042 2824 cata
2080 2770 2195 2823 lucc
2238 2770 2391 2822 beata
2424 2768 2692 2831 Matrona,
2714 2784 2836 2836 qua:
2868 2784 2897 2820 a
2943 2768 3266 2837 parentibus
3300 2768 3497 2835 adepta

1923 2863 2210 2916 liberalem
2266 2860 2613 2929 disciplinam
2651 2868 2705 2913 et
2750 2860 3157 2921 educationem,
3211 2874 3335 2913 cum
3386 2860 3497 2928 jam

1922 2964 2067 3011 esset
2093 2954 2297 3008 nubilis
2328 2955 2468 3021 (erat
2493 2955 2640 3006 enim
2661 2952 2857 3021 insigni
2884 2952 3344 3019 pulchritudine),
3364 2953 3495 3021 jun-

1923 3052 2069 3121 gitur
2102 3048 2451 3103 matrimonio
2475 3048 2674 3101 marito
2699 3062 2808 3100 non
2836 3046 3066 3114 vulgari,
3114 3062 3221 3099 non
3254 3046 3491 3113 plebeio,

1925 3144 2148 3198 nomine
2200 3142 2533 3203 Domitiano,
2581 3140 2751 3207 ﬁtque
2807 3149 2983 3192 muter
3026 3138 3189 3192 unius
3231 3138 3373 3193 ﬁliae.
3404 3138 3493 3191 cui

242 3234 579 3304 Δομετιανῷ,
615 3236 747 3303 μιᾶς
784 3250 842 3285 τε
896 3232 1087 3294 παιδὸς
1137 3233 1348 3300 γίνεται
1390 3233 1593 3301 μήτηρ,
1722 3232 1819 3298 τὴν

1934 3235 2106 3289 statim
2138 3250 2204 3287 ex
2233 3233 2432 3285 futuris
2464 3232 2658 3285 tribuit
2681 3231 3125 3300 appellationem,
3154 3243 3212 3285 ut
3232 3247 3353 3298 quae
3373 3246 3494 3283 eam

242 3328 620 3397 προσηγορίαν
640 3328 702 3378 ἐκ
722 3326 831 3377 τῶν
856 3325 1134 3392 ἐσομένων
1171 3325 1333 3388 εὐθὺς
1368 3324 1672 3393 ἡρμόσατο,
1691 3323 1821 3376 Oro-

241 3421 402 3488 δότην
426 3418 523 3487 μέν
545 3417 885 3486 ὀνομάσασα,
906 3413 1025 3484 Θεῷ
1057 3415 1113 3468 δὲ
1148 3414 1317 3468 δοῦσα
1337 3415 1546 3484 ταύτην
1562 3416 1625 3466 ἐκ
1649 3431 1821 3483 σπαρ-

242 3515 426 3579 γάνων
468 3509 669 3563 αὐτῶν.
710 3509 901 3569 Ὅπως
947 3510 1047 3577 μὲν
1092 3505 1185 3559 οῦν
1220 3504 1359 3576 μετὰ
1388 3508 1478 3558 τὸν
1520 3507 1696 3573 γάμον
1729 3506 1821 3556 καὶ

242 3602 341 3673 τὴν
371 3601 683 3669 συνοίκησιν
726 3599 785 3651 τὸ
826 3598 1047 3671 μέτριόν
1078 3615 1137 3652 τε
1184 3597 1280 3651 καὶ
1308 3598 1515 3667 ἄτυφον
1550 3597 1687 3667 αὐτῇ
1721 3614 1819 3666 με-

244 3696 512 3764 μελέτητο
543 3694 639 3746 καὶ
664 3695 726 3746 τὸ
751 3693 1085 3762 φιλόκοσμον
1109 3692 1209 3745 ούκ
1233 3692 1291 3743 ἐν
1321 3694 1435 3754 τοῖς
1466 3691 1819 3753 ἐπιπλάστοις

242 3789 340 3842 καὶ
388 3789 767 3855 κομμωτικοίς
809 3786 1083 3847 κάλλεσιν,
1129 3784 1247 3838 ἀλλ’
1290 3786 1371 3847 εἰς
1402 3784 1493 3836 τὸν
1540 3784 1691 3845 ἐντὸς
1724 3783 1819 3851 τῆς

242 3880 422 3948 ψυχῆς
478 3878 766 3944 ἄνθρωπον
818 3880 1059 3948 ἧσκητο,
1131 3878 1390 3948 τιθεμένη
1452 3877 1539 3928 διὰ
1584 3876 1818 3943 σπουδῆς

243 3971 573 4041 σωφροσύνη
616 3986 676 4022 τε
710 3970 805 4022 καὶ
848 3972 913 4040 τῇ
950 3969 1092 4037 κατὰ
1128 3969 1243 4037 βίον
1278 3971 1570 4038 σεμνότητι
1600 3970 1811 4038 διαζῇν.

305 4064 382 4117 Γ’.
422 4062 736 4116 Ἐπαινετὸν
788 4063 888 4131 μὲν
942 4064 1035 4116 καὶ
1076 4062 1251 4126 άλλως
1285 4063 1568 4133 ἀγαπητὸν
1597 4063 1658 4115 τὸ
1691 4067 1819 4129 περὶ

241 4153 453 4209 τούτων
482 4153 788 4219 ἐπεξιέναι,
821 4152 1080 4222 περιττὸν
1114 4152 1170 4207 δέ
1212 4154 1381 4217 δόξειε
1418 4154 1635 4215 πάντως
1675 4156 1724 4206 εί
1750 4156 1817 4206 τὰ

245 4242 472 4314 μείζονα
523 4242 796 4311 παρέντες
842 4245 936 4297 καὶ
985 4244 1289 4313 τελεώτερα
1327 4245 1453 4315 περὶ
1485 4245 1584 4314 τὴν
1612 4244 1819 4298 τούτων

244 4337 469 4405 μνήμην
501 4335 833 4405 άπασχολείν
870 4335 996 4399 τοὺς
1037 4336 1310 4407 ἀκροατὰς
1346 4336 1618 4405 ἐλώμεθα.
1657 4339 1721 4390 '0
1761 4336 1817 4389 δέ

241 4429 357 4482 τῶν
386 4428 563 4482 ἀλλων
593 4427 732 4497 αὑτὴ
766 4422 1164 4499 προτετίμηκε,
1206 4428 1364 4482 τοῦτο
1405 4430 1498 4482 καὶ
1535 4429 1816 4499 προθεῖναι

240 4521 342 4590 τῆς
369 4520 677 4590 διηγήσεως
708 4519 949 4590 ἁρμόζον
998 4519 1170 4575 ἐστίν.
1205 4522 1424 4588 Ἐκρινε
1456 4522 1564 4589 γὰρ
1609 4521 1667 4573 τὸ
1719 4521 1815 4573 τοῦ

254 4613 580 4666 ’Δποστόλου
620 4613 699 4675 είς
747 4614 915 4683 άκρον
962 4613 1102 4684 αὐτῇ
1141 4613 1505 4683 φυλαχθῆναι.
1538 4616 1658 4666 Δεῖν
1707 4614 1815 4685 γὰρ

240 4706 447 4768 ἐκεῖνός
476 4721 611 4775 φησι
642 4704 768 4766 τοὺς
809 4706 1030 4775 ἔχοντας
1063 4708 1332 4773 γυναῖκας
1370 4706 1444 4769 ὡς
1487 4706 1562 4778 μὴ
1594 4707 1816 4777 ἔχοντας

239 4797 571 4852 διακεῖσθαι.
605 4796 1009 4867 ὀθενηέκοῦσα
1046 4801 1145 4865 τῆς
1176 4798 1554 4869 ἐνεγκαμένης
1575 4802 1814 4853 ἐπιστᾶσα

242 4892 385 4947 κατὰ
420 4890 574 4945 θείαν
621 4891 768 4959 φημὶ
823 4891 1102 4960 πρόνοιαν,
1150 4891 1217 4961 ἢν
1256 4891 1379 4961 laxe
1408 4895 1501 4944 καὶ
1534 4893 1817 4962 συμπράτ-

240 5004 441 5041 τουσαν
468 4984 545 5056 τῷ
578 4985 931 5056 βουλεύματι,
968 4987 1047 5048 είς
1074 4987 1173 5055 τὴν
1196 4985 1678 5057 προκαθεζομένην
1705 4986 1814 5041 τῶν
1826 5014 1840 5044 ”.

241 5080 452 5134 πόλεων
490 5080 551 5133 τὸ
586 5078 882 5141 Βυζάντιον
926 5080 1027 5149 τὴν
1068 5079 1384 5149 ἀποδημίαν
1428 5080 1543 5149 ἅμα
1583 5083 1662 5151 τῷ
1694 5098 1814 5134 συν-

239 5171 484 5226 οικοῦντι
538 5172 855 5237 πεποίηται,
901 5172 959 5225 δν
1009 5166 1124 5242 εῐχε
1174 5172 1273 5241 μέν
1324 5172 1813 5243 συναποδημοῦντα

240 5262 337 5316 καὶ
375 5262 511 5330 μηδέ
558 5262 618 5315 τὸ
649 5262 811 5331 τυχὸν
848 5262 1237 5332 ἀφιστάμενον,
1266 5264 1329 5318 οὐ
1364 5263 1469 5334 μὴν
1513 5264 1624 5317 τῶν
1658 5264 1814 5335 μελε-

240 5355 500 5423 τωμένων
537 5353 828 5424 συνίστορα
854 5354 975 5421 οὐδὲ
996 5355 1131 5425 ὅπερ
1163 5350 1309 5425 εῖχεν
1347 5355 1486 5426 αῦτη
1520 5358 1659 5411 κατὰ
1688 5356 1811 5411 νοῦν

238 5448 629 5516 ἐπιστάμενον.
688 5441 821 5500 Εἶτα
884 5446 985 5515 τὴν
1053 5445 1443 5516 βασιλεύουσαν
1495 5449 1810 5503 εἰσελθοῦσα

244 5544 352 5601 ιοϊς
407 5542 556 5602 ναοίς
606 5539 711 5593 ἀνὰ
772 5541 952 5595 πᾶσαν
1018 5540 1237 5611 ἡμέραν
1305 5541 1645 5611 προσήδρευε
1704 5543 1808 5597 τῶν

240 5631 417 5697 ἁγίων
448 5630 618 5683 νύκτα
666 5630 759 5683 καὶ
791 5630 909 5700 μεθ’
941 5632 1153 5703 ἡμέραν
1196 5632 1377 5685 αὐτῶν
1427 5633 1528 5686 οὐκ
1568 5636 1806 5702 ἀφιστα-

241 5726 402 5793 μένη,
420 5724 670 5794 νηστείας
686 5742 744 5777 τε
764 5727 855 5778 καὶ
874 5726 1177 5795 προσευχῆς
1198 5725 1566 5797 ἐπιμελομένη
1590 5728 1806 5781 καὶτῶν

240 5815 409 5869 ιντων
440 5814 770 5870 κοινωνοῦσα
786 5818 893 5879 τοῖς
925 5817 1199 5886 δεομένοις
1228 5818 1363 5872 Θεοῦ
1396 5836 1450 5871 τε
1483 5820 1569 5874 διὰ
1607 5822 1804 5884 παντὸς

241 5910 466 5986 δεομένη
500 5911 927 5980 κατευνασθῆναι
961 5911 1133 5981 ταύτῃ
1162 5913 1251 5966 τὶν
1284 5912 1520 5983 ἔμφυτον
1572 5914 1798 5977 πόλεμον

1840 4578 1893 4639 D

1925 3325 2225 3380 nominarit
2265 3324 2609 3385 Theodoten,
2663 3324 2776 3377 Deo
2808 3333 2990 3375 autem
3037 3338 3155 3376 cam
3187 3323 3401 3375 dederit
3428 3336 3497 3375 ex

1925 3418 2059 3487 ipsis
2090 3416 2297 3469 fasciis.
2329 3416 2505 3483 Atque
2540 3426 2597 3468 ut
2624 3424 2748 3483 post
2799 3414 3018 3481 nuptias
3051 3414 3274 3481 quidem
3317 3424 3371 3468 et
3401 3430 3496 3469 co-

1923 3509 2343 3572 habitatiouem,
2373 3509 2806 3564 moderationem
2860 3518 3169 3567 exerceret,
3201 3516 3258 3561 et
3291 3523 3319 3561 a
3354 3509 3493 3561 fastu

1920 3616 1986 3656 ac
2010 3602 2269 3671 superbia
2301 3600 2712 3665 alienationem,
2734 3611 2790 3656 et
2816 3610 3109 3655 ornaretur
3136 3616 3244 3653 non
3272 3608 3494 3658 ornatu,

1920 3695 2014 3763 qui
2064 3695 2315 3748 consistit
2367 3694 2422 3747 in
2458 3693 2579 3745 ﬁcta
2608 3702 2663 3745 et
2710 3694 2885 3745 fucata
2924 3694 3358 3761 pulchritudine,
3393 3693 3489 3745 sed

1921 3788 1977 3841 in
2033 3787 2251 3840 interno
2299 3787 2495 3839 animae
2528 3784 2770 3848 homine,
2819 3785 3113 3839 adhibebat
3143 3784 3407 3849 studium,
3440 3795 3493 3837 et

1924 3888 1983 3933 ut
2016 3879 2069 3933 in
2100 3878 2462 3947 temperantia
2493 3878 2658 3933 vitam
2686 3879 2910 3949 degeret
2933 3889 2989 3934 et
3019 3880 3328 3935 honestate.

1994 4058 2084 4114 Ill.
2135 4059 2436 4114 Laudabile
2490 4060 2734 4129 quidem,
2786 4069 2841 4114 et
2886 4061 3090 4129 alioqui
3155 4070 3369 4131 gratum
3408 4074 3491 4118 est

1924 4153 2036 4205 haec
2084 4153 2365 4223 persequi.
2423 4151 2906 4220 Supervacaneum
2938 4164 3119 4208 autem
3157 4155 3337 4208 visum
3371 4171 3490 4210 om-

1920 4244 2051 4297 nino
2090 4243 2279 4309 l‘uerit,
2307 4244 2352 4297 si
2385 4246 2676 4313 prmteritis
2704 4245 3005 4313 majoribus
3050 4257 3106 4302 et
3146 4248 3481 4316 perfectiori-

1922 4335 2046 4400 bus,
2072 4336 2417 4390 voluerimus
2448 4348 2751 4405 occupatos
2779 4349 2966 4393 tenere
3001 4340 3285 4395 auditores
3311 4342 3363 4394 in
3392 4342 3478 4395 ho-

1922 4443 2043 4483 rum
2078 4430 2482 4483 recordatione.
2514 4430 2670 4494 Quod
2704 4441 2888 4485 autem
2926 4434 3039 4501 ipsa
3066 4433 3192 4488 aliis
3228 4435 3491 4503 pratulit,

1924 4518 2027 4571 hoc
2050 4519 2216 4571 etiam
2248 4518 2507 4573 convenit
2548 4534 2866 4588 praeponere
2899 4522 2952 4574 in
2984 4522 3323 4577 narratione.
3372 4522 3479 4577 Sta

1922 4611 2270 4665 tuebatenim
2295 4611 2527 4680 id,quod
2545 4611 3045 4681 dieitApostolus,a
3060 4630 3115 4671 se
3135 4631 3347 4670 summe
3370 4632 3488 4670 esse

1918 4706 2274 4761 servandum.
2312 4705 2407 4759 llle
2440 4706 2588 4759 enim
2641 4705 2795 4768 dicit,
2828 4717 3085 4775 oportere
3120 4723 3214 4762 eos
3270 4710 3365 4777 qui
3398 4710 3488 4764 ha-

1917 4799 2050 4853 bent
2115 4811 2337 4861 uxores,
2395 4796 2533 4850 allici
2587 4797 2817 4865 perinde
2860 4814 2923 4852 ac
2964 4798 3009 4853 si
3059 4814 3171 4853 non
3226 4800 3488 4856 habeant.

1916 4893 2284 4958 Quamobrem
2342 4905 2468 4946 cum
2549 4906 2649 4945 sua
2699 4902 2895 4959 sponte
2943 4895 3275 4949 excessisset
3307 4895 3376 4949 ab
3429 4912 3488 4950 ea

1914 5002 2035 5056 qua
2072 4987 2216 5039 illam
2251 4986 2376 5039 tulit
2408 4985 2610 5053 patria,
2640 4986 2844 5045 divina.
2888 4985 3137 5054 inquam,
3197 4988 3486 5055 providen-

1917 5079 2013 5143 tia,
2051 5094 2212 5148 quam
2248 5079 2367 5148 ejus
2419 5077 2712 5132 consilium
2771 5077 2963 5132 habuit
3010 5078 3385 5148 adjuvantem,
3436 5081 3486 5130 in

1913 5184 2032 5225 eam
2068 5186 2190 5240 qum
2226 5172 2459 5237 primam
2495 5169 2680 5224 sedem
2735 5168 2949 5224 obtinet
3003 5170 3149 5222 inter
3208 5169 3487 5228 civitates,

1912 5276 2111 5331 nempe
2134 5261 2473 5331 Byzantium,
2496 5274 2622 5313 cum
2657 5260 2852 5313 marito
2887 5257 3257 5326 proficiscitur
3285 5276 3295 5309 :
3322 5274 3484 5325 quem

1912 5354 2148 5409 habebat
2183 5352 2404 5423 quidem
2453 5352 2615 5406 simul
2648 5352 3106 5420 peregrinantem.
3138 5358 3194 5402 et
3223 5364 3289 5403 ne
3320 5349 3484 5403 mini-

1914 5463 2063 5501 mum
2110 5446 2329 5515 quidem
2383 5445 2753 5507 recedentem,
2783 5460 2894 5498 non
2925 5453 3104 5496 tamen
3132 5456 3321 5494 eorum
3345 5457 3481 5494 ean-

1912 5541 2105 5605 scium,
2140 5554 2262 5607 qua
2309 5538 2492 5593 animo
2520 5537 2780 5605 agitabat,
2832 5550 3008 5603 neque
3058 5535 3321 5588 scientem
3380 5533 3479 5585 ali-

1914 5631 2077 5700 quid,
2124 5630 2269 5699 quod
2340 5643 2401 5683 ea
2460 5637 2639 5681 mente
2698 5627 2968 5680 versabat.
3026 5627 3227 5679 Deinde
3283 5625 3477 5677 urbem

1918 5724 2161 5791 ingressa
2200 5722 2422 5790 regiam,
2466 5730 2578 5774 toto
2594 5721 2681 5775 die
2710 5720 2985 5775 assidebat
3022 5720 3070 5772 in
3106 5719 3321 5786 templis
3356 5734 3483 5771 san-

1918 5826 2158 5877 ctorum,
2186 5828 2285 5865 nec
2333 5812 2425 5864 diu
2485 5827 2585 5865 nec
2623 5823 2783 5864 noctu
2820 5811 2887 5864 ab
2920 5811 2999 5864 eis
3037 5810 3480 5875 recedens.jeiu-

1919 5909 2102 5979 niiquc
2143 5918 2200 5962 er
2235 5921 2461 5974 precum
2492 5922 2676 5960 rurmn
2717 5922 2912 5968 gerens
2962 5917 3010 5960 ct
3049 5905 3331 5959 l'at-u'tatcs
3375 5903 3487 5955 intr
