4214 6444
750 411 854 475 923

1879 410 2269 471 ADDENDA.
2311 433 2378 443 ·-
2419 412 2863 482 NOVEMBER.

3895 421 4008 486 ρει

752 530 998 604 pertiens
1035 529 1343 598 egrntibns.
1401 538 1456 581 et
1517 528 1688 582 Deum
1737 529 1957 583 assidue
1999 546 2217 598 rogans.
2269 539 2327 583 ut
2358 536 2402 589 Α

2433 537 2529 602 τῆς
2558 539 2776 606 σαρκός.
2821 540 2932 592 Καὶ
2975 538 3083 610 γὰρ
3107 535 3175 610 ἦν
3208 540 3328 594 τότε
3366 539 3492 594 νέαν
3525 541 3735 608 ἄγουσα
3766 541 3866 610 τὴν
3902 542 4018 610 ὴλι-

751 627 1029 695 sopiretur
1064 625 1114 676 in
1143 638 1206 676 ea
1247 621 1499 676 innatum
1555 622 1755 677 bellum
1791 624 2001 685 carnis,
2026 633 2147 678 erat
2175 624 2321 676 enim

751 729 885 772 tunc
920 724 1084 770 aetate
1131 715 1373 784 juvenis,
1429 723 1488 768 ut
1519 731 1640 784 quae
1694 731 1804 770 non
1839 726 1986 770 esset
2021 725 2150 770 nata
2203 716 2326 786 plus

750 827 914 879 quam
944 811 1131 878 viginti
1166 810 1407 880 quinque
1448 825 1641 864 annos.

821 903 907 957 IV.
941 904 1190 973 Rogabat
1221 921 1371 974 ergo,
1409 905 1554 958 sicut
1583 905 1847 969 diximus,
1884 914 1943 958 ut
1992 905 2326 958 liberaretur

748 1016 779 1054 a
816 1000 1001 1053 carnis
1029 999 1316 1060 molestiis,
1345 1008 1422 1062 ut,
1462 1016 1585 1053 cum
1622 1010 1804 1068 posset
1832 1003 2015 1052 vivere
2053 999 2170 1052 sine
2214 1014 2326 1051 ma-

749 1095 879 1157 rito,
937 1093 1106 1147 libere
1155 1103 1375 1148 vacaret
1444 1093 1785 1162 Spiritalibus
1843 1103 1897 1147 et
1932 1092 2323 1147 divinioribus.

748 1188 879 1253 Quae
911 1195 1095 1241 autem
1125 1203 1246 1240 eam
1283 1196 1348 1241 ad
1384 1193 1627 1256 ea,'qu:e
1658 1196 1788 1244 sunt
1842 1187 2098 1250 honesta,
2133 1186 2326 1239 incita-

749 1280 866 1342 bat,
898 1289 1018 1334 erat
1049 1281 1296 1348 quaedam
1328 1279 1594 1348 Eugenia,
1627 1295 1749 1348 qua:
1790 1280 2187 1332 convenienter
2224 1293 2326 1330 no-

750 1373 886 1426 mini
934 1381 1053 1427 erat
1110 1372 1359 1426 moribus
1416 1373 1685 1442 ingenuis.
1728 1379 1784 1425 et
1817 1387 1944 1435 una,
1996 1387 2118 1439 qua:
2159 1380 2324 1424 totam

754 1465 917 1518 vitam
950 1465 1314 1518 consumebat
1343 1465 1396 1517 in
1431 1465 1720 1517 nocturnis
1754 1464 2088 1518 stationibus
2115 1474 2172 1516 et
2199 1478 2326 1515 ora-

751 1557 1015 1610 tionibus.
1067 1555 1200 1611 Cum
1239 1571 1347 1625 qua
1400 1557 1513 1625 ipsa
1551 1572 1771 1626 quoque
1823 1556 1963 1610 bona
2010 1555 2330 1609 decertabat

753 1652 1106 1702 contentione
1147 1649 1587 1713 exercitationis,
1634 1666 1697 1702 ea
1744 1649 1948 1717 quibus
2001 1659 2331 1704 exercentur

753 1741 1340 1810 ntonachi,di|igenter
1364 1755 1644 1795 exercens.
1676 1739 1800 1793 Hzec
1821 1755 1968 1804 vero,
1995 1756 2116 1809 quae
2145 1740 2330 1808 quoti-

2437 630 2586 690 κίαν,
2624 631 2683 681 οὐ
2729 631 2897 683 πλείω
2929 633 3037 684 τῶν
3069 633 3246 686 εἴκοσι
3286 633 3424 703 πρὸς
3456 637 3569 696 τοῖς
3599 634 3762 686 πέντε
3800 634 4018 704 χρόνοις

2429 723 2719 792 γενομένη.

2498 910 2571 964 Δ⁹.
2593 909 2795 962 Ἐδεῖτο
2827 908 2980 976 γοῦν,
3011 909 3202 978 ὥσπερ
3233 909 3472 979 εἴρηται,
3505 909 3614 961 τῶν
3651 908 3718 960 ἐκ
3750 907 3848 976 τῆς
3881 925 4007 976 σαρ-

2429 1008 2520 1067 κὸς
2571 1005 2848 1075 ὀχλήσεων
2887 1004 3172 1072 ἀνεθῆναι,
3227 1003 3316 1057 ἵνα
3362 1003 3458 1056 καὶ
3515 1001 3610 1055 τοῦ
3647 1001 3843 1072 ἀνδρὸς
3880 1003 4011 1055 ἄνευ

2429 1098 2528 1166 ζῇν
2564 1098 2835 1167 δυναμένη
2873 1097 3156 1166 σχολάζειν
3197 1097 3521 1164 ἑλευθερίως
3559 1097 3656 1168 ἔχῃ
3695 1096 3811 1157 τοῖς
3850 1112 4010 1147 πνευ-

2433 1193 2686 1258 ματικοῖς
2741 1207 2801 1242 τε
2857 1191 2950 1243 καὶ
3006 1190 3322 1258 θειοτέροις.
3361 1189 3426 1242 Ἠ
3471 1189 3526 1242 δὲ
3570 1189 3708 1257 πρὸς
3747 1189 3820 1240 τὰ
3868 1188 4013 1240 καλὰ

2429 1285 2637 1353 ταύτην
2688 1282 3062 1354 διερεθίζουσα
3114 1283 3350 1351 Εὗγενία
3398 1300 3482 1344 τις
3517 1277 3609 1352 ἦν,
3662 1279 4009 1350 φερωνύμως

2431 1376 2773 1445 ὑπάρχουσα,
2827 1376 2927 1444 μία
2957 1393 3017 1428 τε
3044 1376 3154 1428 τῶν
3209 1377 3269 1430 ιν
3293 1379 3413 1438 ταῖς
3446 1375 3742 1444 παννύχοις
3779 1375 4009 1427 στάσεσι

2431 1467 2525 1518 καὶ
2557 1465 2835 1530 ἐντεύξεσι
2865 1465 2958 1517 τδν
2987 1465 3165 1518 πάντα
3194 1464 3310 1533 βίον
3339 1463 3843 1518 καταναλίσκουσαν
3872 1462 4009 1530 πρὸς

2431 1560 2498 1630 ἢν
2525 1558 2684 1630 ἤριζε
2726 1558 2818 1612 καὶ
2859 1559 2996 1628 αὕτη
3032 1559 3132 1629 τὴν
3165 1560 3377 1629 ἀγαθὴν
3411 1557 3526 1628 ἔριν
3559 1557 3658 1626 τῆς
3692 1557 4008 1622 ἀσκήσεως,

2431 1653 2498 1705 τὰ
2536 1652 2645 1704 τῶν
2689 1653 2942 1720 ἀσκητῶν
2989 1652 3290 1720 φιλοπόνως
3328 1649 3742 1719 γυμναζομένη.
3781 1647 4012 1710 Τούτοις

2431 1747 2554 1799 ὅσαι
2584 1745 2788 1816 ἡμέραι
2822 1747 3221 1814 πραττομένοις
3264 1745 3292 1796 ό
3336 1743 3660 1813 Δομετιανὸς
3705 1742 4012 1809 ἀχθόμενος

753 1832 841 1885 die
875 1831 1099 1896 ﬁebant,
1138 1847 1279 1901 mgre
1328 1831 1539 1886 ferebat
1576 1831 1956 1892 .Domitianus,
1990 1841 2044 1884 et
2074 1830 2328 1883 absurdae
2363 1878 2401 1931 Β

2432 1835 2520 1909 ἦν,
2547 1841 2639 1892 καὶ
2671 1840 2749 1902 εις
2777 1839 3013 1901 ἀτόπους
3035 1839 3244 1901 ἑννοίας
3266 1838 3575 1902 ὲξέπιπτεν,
3608 1838 3708 1889 ούκ
3740 1837 3833 1887 ἐπὶ
3862 1833 4013 1902 καλῷ

753 1924 1001 1992 quadam
1051 1933 1107 1976 et
1156 1933 1344 1991 turpes
1397 1923 1764 1991 cogitationes
1815 1922 1867 1974 ei
1922 1921 2220 1974 veniebant
2271 1922 2327 1974 in

757 2030 1024 2082 mentem,
1056 2017 1294 2070 dicendo
1323 2034 1334 2067 :
1368 2017 1485 2070 Non
1517 2025 1663 2068 recte
1693 2014 1858 2069 habet
1891 2015 2189 2068 continuus
2239 2013 2330 2066 hic

758 2128 1104 2181 progressus,
1142 2111 1236 2165 sed
1303 2113 1360 2164 ﬁt
1413 2110 1620 2169 animo,
1669 2110 1763 2177 qui
1805 2108 1871 2160 ad
1935 2107 2109 2162 malas
2156 2107 2333 2162 tendit

756 2201 1394 2271 eupiditates,etexhinc
1425 2215 1644 2254 omnem
1678 2199 1972 2253 adhibebat
1999 2199 2328 2263 custodiam,

759 2311 827 2349 ne
851 2311 969 2348 eam
1006 2296 1228 2363 quidem
1261 2296 1452 2348 sinens
1484 2294 1705 2362 prodire
1735 2302 1890 2346 extra
1916 2292 2330 2354 domunculam,

757 2399 812 2444 et
828 2389 1100 2442 ambobus
1117 2399 1234 2442 erat
1253 2388 1614 2441 constitutum
1633 2395 1914 2440 certamen
1943 2404 1954 2438 :
1983 2386 2058 2439 illi
2081 2385 2331 2454 quidem,

760 2499 828 2536 ne
881 2483 1185 2535 dimitteret
1242 2496 1363 2534 eam
1423 2481 1605 2533 facere
1651 2492 1716 2532 ea
1771 2494 1890 2545 qua:
1922 2486 2331 2542 consueverat;

761 2575 890 2628 huic
916 2583 1121 2636 autem,
1156 2589 1224 2627 ne
1269 2573 1487 2625 abesset
1510 2587 1538 2624 a
1572 2571 1747 2624 sacris
1777 2569 2034 2624 cmtihus.
2070 2568 2174 2623 Sed
2210 2584 2333 2622 cum

760 2667 806 2720 is
856 2666 1013 2719 valde
1059 2674 1417 2734 repugnaret,
1461 2678 1525 2716 ea
1566 2662 1754 2716 multis
1813 2677 2012 2730 urgens
2056 2661 2334 2728 precibus,

758 2758 850 2811 vix
881 2756 1100 2811 tandem
1154 2756 1449 2825 persuadet
1496 2765 1557 2809 ut
1602 2753 1706 2808 sibi
1766 2753 1927 2807 liceat
1975 2753 2152 2808 facere
2186 2751 2336 2822 quod

763 2850 949 2904 vellet.
2250 2847 2270 2886 ε’

842 2943 904 2999 ν.
935 2943 1125 3011 Magno
1159 2934 1344 3010 itaque
1375 2943 1558 2996 studio
1587 2943 1734 2996 venit
1767 2944 1819 2997 in
1853 2943 2118 3010 templum
2147 2957 2337 2997 sacro-

766 3052 887 3090 rntn
924 3036 1337 3105 Apostolorum.
1362 3034 1419 3087 ln
1448 3050 1558 3103 quo
1586 3051 1710 3088 cum
1749 3035 1961 3099 fuisset,
1989 3050 2084 3089 eos
2106 3050 2341 3104 precans

769 3126 1062 3188 intensius,
1099 3125 1322 3193 petebat
1358 3133 1416 3176 ut
1446 3125 1548 3177 sibi
1581 3124 1717 3177 nihil
1745 3133 1892 3179 esset
1919 3124 2334 3192 impedimento,

2434 1934 2610 1999 λέγων
2638 1931 2700 1983 τὸ
2729 1931 2828 1997 τῆς
2854 1931 3080 2000 προόδου
3113 1931 3362 1998 γίνεσθαι
3396 1930 3640 1998 συνεχὲς,
3683 1929 3823 1982 ἀλλὰ
3869 1930 4014 1980 κατα

2433 2039 2554 2077 τινα
2611 2021 2838 2091 γνώμην
2869 2025 2948 2084 είς
2986 2023 3196 2089 φαύλας
3253 2022 3539 2091 χωροῦσαν
3591 2021 3911 2086 ἐπιθυμίας,
3953 2021 4015 2072 τὸ

2432 2115 2528 2167 ἀπ’
2573 2113 2781 2166 ἐκείνου
2826 2130 2885 2165 τε
2921 2116 3101 2166 πᾶσαν
3148 2114 3394 2183 φυλακὴν
3441 2116 3701 2178 ἐποιεῖτο,
3739 2113 3878 2181 μηδὲ
3919 2113 4013 2164 τοῦ

2432 2205 2709 2272 δωματίου
2748 2205 2956 2272 ταύτην
2997 2204 3333 2273 προκύπτειν
3367 2205 3470 2257 ὲῶν
3492 2221 3506 2236 ·
3556 2204 3708 2272 ἀγών
3742 2223 3801 2256 τε
3837 2207 4016 2271 ἀμφο-

2432 2295 2615 2364 τέροις
2668 2293 2984 2352 καθίστατο.
3032 2293 3109 2362 τῷ
3162 2295 3260 2361 μὲν
3313 2295 3386 2362 μὴ
3423 2295 3640 2362 ἀφιέναι
3688 2293 3898 2363 ταύτην
3948 2296 4015 2346 τὰ

2438 2388 2644 2456 συνήθη
2686 2389 2883 2448 ποιεῖν,
2922 2390 2986 2460 τῇ
3024 2388 3078 2439 δὲ
3115 2388 3224 2438 τῶν
3261 2387 3424 2457 ἱερῶν
3453 2387 3727 2450 συνάξεων
3773 2390 3848 2457 μὴ
3878 2390 4013 2442 ἀπο·

2437 2476 2828 2545 λιμπάνεσθαι.
2873 2479 3035 2531 Ἀλλὰ
3065 2479 3170 2547 γὰρ
3201 2479 3533 2532 ἀπειθοῦντα
3563 2479 3755 2532 τοῦτον
3793 2479 3891 2546 ὀψὲ
3923 2481 4017 2531 καὶ

2441 2569 2594 2638 μόλις
2627 2570 2749 2623 λίαν
2797 2572 3093 2640 ἐγκειμένη
3140 2576 3259 2634 ταῖς
3315 2575 3694 2643 παρακλήσεσι
3743 2572 4015 2641 λαμϐάνει

2437 2661 2742 2735 καταπειθῆ
2775 2665 3038 2732 πράττειν
3071 2664 3099 2717 ὃ
3128 2681 3181 2717 τι
3227 2665 3320 2717 καὶ
3356 2666 3622 2735 βούλοιτο.

2511 2935 2586 2989 Ε’.
2621 2935 2831 3006 Σπουεῇ
2861 2935 3043 2989 τοίνυν
3068 2935 3164 2989 τὸν
3187 2936 3295 2989 τῶν
3324 2933 3491 3004 ἱερῶν
3522 2936 3876 2991 Ἀποστόλων
3908 2957 4012 2992 tu-

2440 3031 2783 3099 ταλαμϐἀνει
2813 3030 2960 3095 ναὸν,
2990 3029 3073 3097 ἐφ’
3098 3022 3160 3083 οὗ
3182 3031 3451 3099 γενομένη
3479 3030 3574 3083 καὶ
3607 3033 4016 3100 συντονωτέραν

2443 3123 2737 3194 ποιουμένη
2773 3123 2872 3192 τὴν
2911 3122 3099 3191 δέησιν
3133 3123 3315 3188 ἐζήτει
3363 3122 3527 3191 μηδὲν
3581 3124 3837 3191 ἐμποδὼν
3871 3126 4015 3195 αύτῇ

764 3238 876 3290 quo
905 3222 1087 3276 minus
1119 3220 1330 3289 fugeret
1356 3221 1645 3286 mundum,
1674 3221 1766 3276 sed
1796 3236 1913 3275 eam
1943 3235 2160 3291 quoque
2178 3220 2340 3276 Chri-
2360 3207 2406 3271 C

2439 3216 2692 3286 γενέσθαι
2728 3215 2867 3284 πρὸς
2910 3214 3020 3284 τὴν
3068 3214 3177 3268 ἀπὸ
3226 3215 3322 3268 τοῦ
3380 3215 3588 3285 κόσμου
3639 3215 3842 3284 φυγὴν,
3879 3217 4017 3270 ἀλλὰ

767 3325 855 3368 sto
889 3314 1151 3368 oderrent
1181 3329 1306 3367 cum
1346 3329 1414 3367 eo
1464 3323 1633 3378 cmtu,
1665 3313 1758 3382 qui
1808 3315 1918 3384 jam
1959 3320 2028 3367 ab
2065 3313 2143 3368 eis
2183 3313 2336 3383 prius

765 3408 814 3459 ei
849 3405 953 3459 fuit
982 3406 1219 3460 oblatus.
1266 3406 1402 3458 Cum
1450 3421 1513 3460 ea
1551 3407 1632 3459 sic
1669 3415 1815 3459 esset
1857 3415 2101 3474 precata.
2138 3414 2195 3460 et
2224 3408 2335 3475 jam

766 3498 1120 3552 adventassct
1150 3512 1400 3565 vespera,
1444 3509 1499 3551 et
1532 3498 1628 3566 qui
1679 3497 1733 3551 id
1760 3498 2025 3566 templum
2062 3497 2339 3553 custodie-

771 3592 900 3643 bant
927 3590 1191 3659 juberent
1230 3603 1421 3642 omnes
1448 3588 1658 3658 egredi,
1707 3588 1824 3656 ipsa
1853 3603 1976 3642 cum
2009 3590 2064 3642 in
2097 3589 2337 3657 quodam

771 3683 986 3750 porticu
1024 3697 1093 3735 ex
1131 3680 1200 3735 iis
1231 3681 1324 3747 qui
1362 3680 1473 3734 illic
1517 3688 1699 3744 erant,
1733 3680 1995 3735 Sosanme
2027 3681 2335 3752 cujusdam,

765 3774 816 3825 ei
845 3774 955 3840 jam
983 3773 1112 3826 olim
1143 3771 1446 3836 familiaris,
1477 3772 1776 3826 invenisset
1805 3771 2194 3837 habitaculum,
2218 3785 2340 3841 quae

767 3867 836 3920 ab
878 3865 1103 3920 ineunte
1132 3873 1294 3919 aetate
1345 3865 1723 3934 virginitatem
1763 3879 2096 3920 conservare
2133 3865 2343 3920 consti-

773 3967 970 4018 tuerat.
1003 3965 1059 4010 et
1094 3973 1162 4010 ex
1214 3957 1324 4010 Deo
1364 3958 1534 4010 vitam
1577 3972 1761 4026 agere,
1787 3972 1911 4011 cum
1941 3972 2006 4011 ea
2042 3966 2211 4011 totam
2241 3972 2342 4011 no-

769 4061 913 4105 ctem
967 4049 1202 4119 peragit.
1252 4051 1348 4106 Die
1390 4065 1520 4105 vero
1574 4051 1682 4120 iam
1735 4059 2052 4118 apparente,
2097 4050 2340 4104 Matrona

771 4142 1002 4195 ventilat
1033 4142 1100 4197 ad
1135 4142 1449 4208 magistram
1485 4141 1807 4209 Eugeniam,
1843 4141 1911 4195 de
1943 4143 2108 4196 rebus
2139 4155 2343 4210 propo-

772 4236 894 4289 sitis
927 4250 1053 4290 cum
1095 4249 1161 4289 ea
1215 4234 1709 4289 communicatum.
1757 4233 1895 4289 Cum
1927 4241 2114 4288 autem
2161 4233 2342 4287 multa

776 4329 920 4381 ultro
947 4328 1198 4394 citroque
1235 4326 1378 4380 dicta
1411 4335 1618 4391 essent,
1673 4326 1931 4396 magistra
1967 4325 2186 4380 dicebat
2236 4326 2343 4381 hoc

772 4429 900 4475 ante
931 4420 1037 4473 alia
1057 4433 1181 4474 esse
1209 4417 1691 4483 considerandum,
1714 4418 1989 4488 quomodo
2009 4434 2069 4474 se
2089 4419 2343 4473 habitura

773 4519 920 4567 esset
959 4511 1068 4566 illia
1104 4509 1408 4564 Theodote.
1462 4508 1709 4564 Matrona
1740 4518 1948 4575 autem,
1978 4524 2101 4578 quae
2128 4509 2334 4565 nullam
2363 4537 2417 4598 Β

775 4606 944 4660 alium
979 4618 1208 4674 scepum
1263 4602 1368 4656 sibi
1430 4601 1772 4670 proponebat
1821 4613 2017 4668 praeter
2048 4601 2244 4669 Deum,
2285 4611 2341 4658 et

781 4712 868 4751 om
880 4710 1004 4750 nem
1029 4696 1189 4749 aliam
1208 4692 1516 4762 negligebat
1531 4692 1952 4746 sollicitudinem
1977 4710 1991 4747 :
2012 4691 2115 4757 Me,
2139 4692 2340 4760 inquit,

776 4787 1008 4857 accipiat
1056 4787 1297 4841 solitaria
1345 4788 1456 4841 vita
1511 4793 1568 4840 et
1617 4784 1959 4839 monastica:
2022 4784 2341 4840 Theodoten

775 4887 958 4930 autem
993 4875 1253 4931 Sosauna:
1283 4883 1337 4928 et
1375 4875 1488 4928 Deo
1530 4874 1728 4928 trado:
1773 4882 1830 4928 et
1864 4873 1932 4928 de
1964 4889 2029 4928 ea
2054 4874 2165 4943 jam
2190 4877 2340 4930 omni

773 4983 906 5022 cura
937 4967 1166 5022 liberer.
1190 4965 1369 5021 Verba
1408 4980 1497 5020 res
1532 4965 1645 5034 ipsa
1691 4980 1909 5035 quoque
1939 4980 2062 5020 mox
2096 4975 2179 5019 est
2207 4981 2341 5021 con-

777 5070 986 5118 secuta.

845 5230 932 5286 Vl.
970 5230 1184 5284 Rursus
1206 5239 1389 5284 autem
1421 5229 1695 5298 quomodo
1729 5239 1982 5300 oporteat
2004 5234 2228 5288 silentio
2263 5237 2344 5289 vi-

776 5335 928 5386 vere,
959 5330 1016 5375 et
1047 5320 1160 5374 Deo
1191 5321 1409 5389 placere
1431 5336 1680 5388 quaerens
1705 5321 1972 5386 Matrona,
2001 5339 2098 5394 per
2121 5326 2345 5380 eviden-

777 5425 888 5468 tem
936 5413 991 5466 in
1040 5413 1250 5467 somnis
1293 5412 1561 5466 visionem
1615 5413 1844 5468 docetur
1870 5430 1900 5468 a
1942 5415 2189 5472 Domino.
2221 5417 2344 5471 Fuit

779 5514 962 5558 autem
1002 5504 1118 5559 hac
1146 5504 1288 5559 visio
1341 5505 1706 5560 admirabilis.
1736 5506 2036 5562 Videbatur
2077 5510 2224 5563 enim
2264 5511 2345 5563 vir

780 5599 1002 5666 quidam
1034 5615 1154 5654 eam
1195 5602 1468 5670 persequi,
1502 5600 1616 5670 ipsa
1654 5610 1837 5659 autem
1866 5604 2098 5673 fugiens,
2132 5613 2343 5659 servata

781 5704 904 5744 esse
947 5705 978 5743 a
1018 5692 1346 5760 quibusdam
1387 5695 1690 5755 monachis.
1726 5696 1869 5765 quod
1926 5696 2146 5764 quidem
2186 5697 2235 5750 ei
2267 5699 2342 5751 si-

783 5782 1096 5854 gniﬁcabat,
1123 5785 1266 5852 quod
1295 5787 1347 5839 in
1384 5789 1716 5841 monasterio
1753 5797 2028 5856 Oporteret
2061 5804 2179 5842 eam
2215 5803 2341 5842 sus-

787 5877 974 5944 cipere
1030 5876 1195 5934 vitam
1274 5878 1516 5934 virorum
1578 5880 1989 5936 monachorum.
2043 5881 2129 5935 Sic
2201 5881 2345 5936 enim

2439 3308 2660 3378 Χριστῷ
2689 3309 2782 3361 καὶ
2811 3306 3018 3376 ταύτην
3047 3309 3446 3376 προσενεγκεῖν
3464 3307 3606 3374 μετά
3633 3307 3729 3360 τοῦ
3755 3309 3858 3378 ἤδη
3882 3311 3988 3377 πρό
4005 3338 4019 3348 -

2437 3417 2598 3470 τερον
2641 3400 2740 3454 ὑπ’
2769 3400 2953 3454 αὐτῶν
3000 3398 3457 3468 προσενεχθέντος
3491 3399 3880 3469 πληρώματος.
3914 3400 4017 3453 Οὖ-

2439 3510 2547 3557 τως
2597 3493 2768 3562 αὐτῆς
2813 3493 3120 3562 δεηθείσης,
3157 3493 3396 3560 ἑσπέρας
3438 3493 3540 3561 ἤδη
3591 3492 4017 3560 καταλαϐούσης

2439 3588 2535 3639 καὶ
2565 3585 2674 3638 τῶν
2702 3586 2804 3655 τὴν
2848 3585 3094 3653 φυλακὴν
3134 3584 3229 3636 τοῦ
3260 3584 3389 3636 ναοῦ
3437 3583 3780 3645 ποιουμένων
3811 3584 4018 3648 ἐξιέναι

2440 3680 2653 3741 πάντας
2680 3677 3169 3746 διακελευομένων,
3203 3675 3342 3745 αὕτη
3389 3675 3482 3728 hri
3523 3692 3646 3728 τινα
3675 3674 3787 3728 τῶν
3833 3676 4016 3728 tum:

2441 3772 2616 3826 στοῶν
2676 3770 2966 3842 Σωσαννης
3011 3771 3157 3834 τινὸς
3208 3770 3376 3824 πάλαι
3441 3769 3707 3839 συνήθους
3773 3770 4018 3839 εὑροῦσα

2429 3863 2776 3933 καταγωγὴν
2795 3865 2918 3933 ἥτις
2943 3866 3006 3914 ἐκ
3051 3865 3252 3931 νεαρᾶς
3282 3862 3361 3915 ἔτι
3399 3863 3503 3929 τῆς
3529 3863 3750 3932 ἡλικίας
3780 3864 3846 3917 τδ
3876 3883 4020 3934 παρ-

2443 3956 2687 4009 θενεύειν
2716 3954 2853 4022 ὁμοῦ
2883 3956 2978 4008 καὶ
3001 3955 3105 4024 τὴν
3145 3955 3286 4007 κατὰ
3331 3954 3469 4008 Θεδν
3493 3955 3776 4007 ’πολιτείαν
3821 3959 4018 4024 προεί-

2442 4049 2586 4115 λετο,
2620 4049 2718 4103 σὺν
2749 4049 2885 4119 αὐτῇ
2917 4049 3018 4117 τὴν
3051 4047 3220 4101 νύκτα
3254 4051 3438 4102 πᾶσαν
3475 4049 3728 4102 διατελεῖ.
3767 4048 4016 4118 Ἡμέρας

2442 4142 2539 4197 οὖν
2589 4142 2689 4212 ἥδη
2753 4139 3143 4208 διαφαινούσης
3183 4142 3215 4211 ἡ
3249 4138 3520 4208 Πατρώνα
3554 4139 3692 4209 πρὸς
3721 4141 3822 4208 τὴν
3870 4142 4019 4194 διδά-

2445 4232 2645 4286 σκαλον
2674 4232 2940 4301 Εὑγενίαν
2969 4233 3128 4300 φοιτᾷ
3161 4231 3290 4300 περὶ
3318 4230 3427 4283 τῶν
3464 4230 3848 4300 προκειμένων
3875 4232 4012 4299 αὐτῇ

2444 4324 2924 4394 κοινολογουμένη.
2977 4323 3274 4393 Ῥηθὲντων
3318 4323 3376 4376 δι
3431 4324 3604 4391 λόγων
3656 4324 3870 4378 πολλῶν
3924 4327 4014 4393 ἐφ’

2443 4417 2682 4488 ἑκάτερα
2739 4415 3014 4486 φερόντων
3052 4417 3085 4484 ἠ
3130 4414 3470 4478 διδάσκαλος,
3526 4415 3696 4468 Τοῦτο
3750 4418 3859 4485 πρὸ
3904 4418 4015 4470 τῶν

2443 4511 2641 4576 ἄλλων,
2676 4510 2803 4578 ιφη,
2829 4508 3157 4562 σκοπεῖσθαι
3191 4507 3291 4571 δεῖ,
3333 4508 3451 4569 πῶς
3489 4508 3558 4559 τὰ
3589 4509 3720 4578 περὶ
3752 4511 3854 4578 τῆς
3887 4527 4016 4563 παι-

2447 4606 2538 4667 δὸς
2565 4603 2832 4674 Θεοδότης
2864 4601 3108 4672 διατεθῇ.
3152 4599 3215 4654 Ἢ
3267 4599 3537 4671 Ματρώνα
3568 4600 3626 4655 δι
3667 4602 3832 4668 μόνου
3861 4618 4016 4670 γενο-

2452 4696 2588 4768 μένη
2613 4694 2704 4750 τοῦ
2738 4694 2881 4747 κατὰ
2914 4691 3050 4745 Θεὸν
3084 4690 3290 4745 σκοποῦ
3325 4692 3419 4745 καὶ
3445 4690 3626 4760 πάσης
3653 4691 3821 4761 ἄλλης
3854 4710 4016 4762 φρον-

2449 4790 2593 4851 τίδος
2652 4783 3072 4856 καταφρονοῦσα
3099 4824 3112 4846 ,
3184 4783 3351 4852 Ἐμὲ,
3403 4778 3593 4847 εἶπεν,
3637 4787 3666 4838 ό
3711 4785 4014 4850 ἁσκητικδς

2451 4882 2546 4936 καὶ
2598 4879 2931 4950 μονότροπος
2978 4875 3302 4944 λαμϐανέτω
3337 4875 3448 4945 βίος
3468 4890 3481 4905 ·
3509 4875 3777 4944 Θεοδότην
3810 4877 3868 4930 δὲ
3899 4879 4013 4931 Σω.

2452 4975 2620 5041 σὰννῃ
2647 4969 2744 5021 καὶ
2773 4967 2890 5036 Θεῷ
2947 4965 3311 5034 παραδίδωμι,
3360 4966 3452 5018 καὶ
3501 4965 3601 5034 τῆς
3653 4970 3784 5037 περὶ
3838 4969 4014 5036 αξτῆς

2451 5064 2551 5132 ἤδη
2604 5059 2886 5130 φροντίδος
2915 5056 3135 5125 λύομαι.
3186 5055 3384 5107 Εἵπετο
3429 5057 3544 5118 τοῖς
3586 5055 3766 5123 λόγοις
3811 5059 3910 5111 καὶ
3955 5058 4013 5110 τὺ

2449 5155 2610 5222 εργον
2631 5149 2814 5213 εὐθύς.

2523 5241 2615 5311 ς’.
2645 5239 2817 5305 Αὖθις
2838 5241 2895 5295 δὲ
2926 5245 3057 5311 περὶ
3081 5239 3176 5293 τοῦ
3209 5241 3323 5304 πῶς
3348 5241 3430 5294 δεῖ
3463 5240 3587 5294 καθ’
3625 5241 3855 5312 ἡσυχίαν
3888 5241 4014 5311 βιῶ-

2452 5354 2540 5389 ναι
2568 5335 2662 5388 καὶ
2694 5334 3059 5402 εὐαρεστῆσαι
3078 5331 3207 5400 Θεῷ
3237 5333 3268 5402 ἡ
3316 5333 3594 5403 Ματρώνα
3624 5333 3866 5402 ζητοῦσα
3910 5354 4012 5404 μα-

2452 5429 2564 5481 θεῖν
2586 5426 2674 5480 διὰ
2694 5427 2793 5494 τῆς
2817 5425 2959 5478 κατὰ
2989 5425 3116 5488 τοὺς
3138 5423 3342 5487 ὕπνους
3368 5424 3636 5494 εναργοῦς
3660 5426 3837 5494 ὂψεως
3865 5427 4014 5495 παρὰ

2455 5516 2659 5586 Κυρίου
2692 5514 3020 5568 διδάσκεται.
3052 5513 3157 5565 Καὶ
3192 5513 3223 5582 ὴ
3251 5513 3441 5583 ὅρασις
3466 5513 3642 5566 τοιάδε
3684 5515 3777 5564 καὶ
3802 5513 4015 5582 θαυμα-

2457 5610 2575 5676 στή.
2623 5606 2830 5659 Ἐδόκει
2865 5605 2969 5676 γὰρ
2998 5604 3088 5659 τὸν
3119 5605 3286 5675 ἄνδρα
3311 5603 3574 5658 διώκοντα
3607 5606 3727 5673 μὲν,
3762 5605 3934 5674 αὐτὴν
3962 5607 4013 5658 δι

2455 5695 2724 5764 φεύγοντα
2751 5694 2857 5747 ὑπό
2883 5711 3045 5746 τινων
3075 5694 3344 5747 σεσῶσθαι
3371 5695 3640 5762 μοναχῶν,
3667 5696 3804 5766 ὅπερ
3837 5697 4013 5749 συνιὺ

2459 5807 2544 5842 ναι
2575 5787 2744 5841 ἐδίδου
2788 5786 2862 5850 ὡς
2894 5787 2950 5839 ἐν
2993 5790 3394 5857 φροντιστηρίῳ
3440 5789 3562 5841 δέον
3606 5787 3779 5857 αὐτὴν
3808 5787 4013 5858 ἀνδρῶν

2463 5880 2552 5934 τὸν
2584 5877 2689 5931 τῶν
2728 5877 2974 5947 μοναχιτιν
3018 5877 3128 5946 βίον
3175 5877 3446 5931 ὑπελθεῖν.
3499 5876 3654 5931 Οὕτω
3685 5883 3792 5946 γὰρ
3836 5878 3899 5932 ἂν
3927 5878 4010 5930 καὶ
