4214 6444
223 363 330 426 925

1493 368 1663 425 \‘lTA
1708 366 1766 423 S.
1811 366 1862 423 Μ
1890 365 2217 427 ΧΤΒΟΝΕ.

3374 370 3481 431 926

222 478 302 544 τῷ
338 480 565 548 συνοίκῳ
608 484 699 533 καὶ
732 483 842 543 τοῖς
881 483 1061 541 ἄλλοις
1103 482 1255 534 ἔσται
1298 481 1663 549 ἀγνοουμένη·
1704 479 1791 529 Ἑν

1909 480 2037 539 ἐπε,
2083 488 2140 532 nt
2173 488 2227 534 et
2260 480 2457 534 marito
2500 491 2550 533 et
2581 481 2701 534 aliis
2740 480 2809 535 sit
2850 480 3055 549 ignota.
3095 480 3230 534 Cum
3265 497 3323 534 se
3352 498 3482 549 ergo

224 570 339 638 χρῷ
366 567 457 623 οὖν
484 574 785 641 κειραμένη
820 574 912 626 καὶ
940 575 1020 634 είς
1064 574 1315 642 εὐνοῦχον
1350 576 1548 641 ἑαυτὴν
1586 590 1797 641 σχημα-

226 664 452 723 τίσασα,
496 664 661 715 πάλιν
695 668 773 727 εἰς
804 667 894 717 τὸν
931 667 1165 735 ρηθέντα
1198 666 1412 734 σύναμα
1456 669 1519 733 τῇ
1566 667 1801 735 Εὐγενῗᾳ

225 753 338 803 τῶν
364 753 522 804 θείων
540 754 878 807 Ἀποστόλων
903 750 1004 825 ἧκε
1034 757 1183 815 ναὸν,
1204 756 1435 824 δήλωσίν
1456 746 1643 808 τετῶν
1666 758 1803 822 ἀφα-

228 846 338 898 νῶν
387 847 449 897 ἐκ
482 848 587 897 τῶν
620 848 907 916 θειοτέρων
954 847 1254 917 βουλομένη
1296 849 1508 915 μαθεῖν,
1550 851 1610 901 τὸ
1656 851 1801 917 ίερὺν

228 937 623 1004 ὐπανοίγνυσιν
655 937 1005 1005 Εὑαγγέλιον,
1041 942 1135 993 καὶ
1164 939 1386 1006 tom-31;;
1418 942 1578 1003 εὐθὺς
1610 943 1800 1008 ὲντυγ-

224 1029 378 1095 χάνει
428 1030 577 1097 ρητῷ
614 1044 628 1060 ⁶
677 1049 695 1081 ι
761 1033 949 1094 Ὅστις
1016 1032 1159 1083 θέλει
1220 1034 1396 1086 ὀπίσω
1458 1052 1559 1102 μου
1602 1034 1797 1095 ἐλθεῖν,

228 1122 643 1191 ἀπαρνησάσθω
674 1124 884 1191 ἑαυτὸν,
920 1124 1009 1175 καὶ
1035 1124 1220 1190 ἀράτω
1239 1125 1330 1178 τὸν
1359 1126 1589 1194 σταυρὸν
1610 1125 1798 1190 αὑτοῦ,

230 1215 325 1265 καὶ
364 1214 725 1267 ἀκολουθείτω
756 1232 866 1284 μοι.
904 1234 921 1262 ι
946 1215 1227 1269 Ἐντεῦθεν
1259 1216 1631 1268 ἀνενδο.αστον
1663 1217 1801 1283 γνῶ·

229 1320 315 1355 σιν
348 1304 573 1371 σχοῦσαι
600 1305 709 1358 τῶν
740 1306 1090 1373 ἀρεσκόντων
1125 1305 1203 1375 τῷ
1231 1307 1371 1375 Θεῷ,
1405 1308 1498 1359 καὶ
1532 1309 1703 1377 τούτῳ
1735 1311 1800 1362 τὰ

228 1396 353 1448 καθ’
406 1399 607 1459 ἑαυτάς
666 1399 1030 1467 ἀναθέμεναι,
1094 1403 1185 1452 καὶ
1245 1402 1352 1454 τῶν
1405 1404 1801 1471 πραττομένων

226 1489 373 1554 ἕξειν
421 1492 583 1543 αὑτὸν
616 1492 963 1561 συλλήπτορα
1005 1494 1471 1563 προσδοκήσασσι,
1510 1497 1602 1547 ἀπ’
1644 1497 1803 1565 mr-

229 1580 338 1631 λων
368 1580 765 1650 διεχωρίζοντο.
805 1582 864 1634 Ἡ
918 1583 1193 1652 Ματρώνα
1232 1585 1433 1653 μέντο,
1459 1586 1529 1646 ὡς
1561 1585 1797 1654 εἴρηται,

226 1673 323 1723 τὸν
354 1672 609 1739 εὐνοῦχον
656 1674 1089 1741 προσποιηθεῖσα
1150 1676 1245 1726 καὶ
1284 1675 1542 1741 Βαθῦλαν
1602 1676 1801 1745 ἑαυτὴν

228 1764 566 1831 ὀνομάσασα,
621 1764 699 1833 τῷ
744 1765 852 1841 τοῦ,
909 1766 1058 1819 ὁσίου
1122 1767 1395 1819 Βασιανοῦ
1460 1768 1797 1833 παραΰάλὶει
1830 1805 1876 1862 Β

228 1855 488 1922 σεμνείῳ,
525 1858 620 1909 καὶ
655 1858 804 1923 παρά
840 1854 949 1907 τῶν
999 1857 1253 1927 μοναχῶν
1288 1857 1625 1925 είσδεχθεῖσα
1667 1857 1799 1926 προς

226 1946 448 2010 ἀγῶνας
499 1948 908 2015 πνευματικοὺς
957 1947 1117 2007 εὐθὺς
1158 1948 1443 2011 ἀπεδύετοο
1488 1950 1586 2001 οὒκ
1631 1949 1803 2018 (il/.P/J‘

225 2053 350 2105 τητι
381 2036 553 2100 δ’ζκεως
586 2038 880 2106 προσώπου
914 2056 971 2090 τε
1026 2042 1448 2109 σκυθρωπότητι
1496 2043 1595 2111 τὴν
1649 2042 1804 2094 εὐλά-

227 2128 383 2179 ϐειαν
409 2130 836 2199 ὑποκρινομένη,
881 2131 1018 2183 ἀ).λά
1050 2134 1288 2201 γνησίως
1324 2134 1525 2203 μᾶλλον
1555 2139 1645 2186 καὶ
1667 2135 1802 2202 ἀλη-

226 2220 335 2282 θῶς
364 2222 461 2289 τὴν
485 2222 688 2289 ἀρετὴν
728 2224 993 2291 μετιοῦσα
1040 2228 1135 2277 καὶ
1167 2228 1330 2278 παντὶ⁵
1379 2230 1566 2296 τρόπῳ
1611 2226 1803 2278 λανθά-

225 2330 340 2364 νειν
373 2316 774 2378 σπουδάζουσα.
801 2315 876 2378 ὡς
906 2319 961 2368 ἐν
1002 2317 1167 2386 ὀλίγῳ
1216 2319 1351 2384 πρὸς
1390 2320 1670 2388 ἀκρότητα
1710 2320 1800 2371 τοῦ

227 2408 370 2457 κατὰ
399 2407 533 2457 θεὸν
576 2407 857 2476 ὑψωθῆναι
910 2409 1047 2476 βίον,
1102 2413 1192 2463 καὶ
1236 2411 1322 2463 διὰ
1355 2411 1634 2480 θαύματος
1670 2414 1801 2464 πᾶσι

228 2495 617 2560 καθίστασθαι,
665 2500 859 2567 ὅτιπερ
888 2501 1029 2569 ἀνὴρ
1075 2500 1173 2568 τὴν
1207 2502 1327 2552 κατ’
1359 2504 1613 2572 εὐνοῦχον
1648 2504 1803 2556 ἀσθέ-

227 2604 381 2639 νειαν
446 2592 838 2657 περικείμενος
885 2590 1028 2643 οὕτω
1072 2592 1428 2662 διακαρτερεί
1487 2598 1622 2663 πρὸς
1678 2597 1802 2657 τοὺς

229 2682 451 2741 nive-4:,
507 2682 601 2734 καὶ
660 2685 786 2744 τοὺς
844 2687 1113 2752 μοναχοὶις
1160 2686 1405 2747 ἅπαντας
1444 2689 1804 2755 παρελαύνειν

230 2773 552 2839 φιλονεικεῖ,
608 2773 701 2826 τοῦ
751 2774 986 2844 θυμικοῦ
1027 2794 1085 2829 τε
1133 2779 1397 2843 γενναίως
1446 2782 1661 2849 κρατῶν
1712 2784 1803 2834 καὶ

226 2867 390 2936 δόξης
430 2868 504 2930 ὠς
552 2869 787 2937 ματαίας
819 2872 1202 2939 καταφρονῶν,
1246 2872 1491 2941 ὑπακοῆς
1529 2893 1585 2927 τε
1628 2877 1804 2945 πάσης

232 2962 375 3015 κατὰ
406 2960 608 3032 πολλὴν
647 2967 1116 3033 μετριοφροσύνην
1155 2969 1567 3037 περιεχόμενος.

306 3051 379 3104 Z'.
424 3052 643 3119 Ἀμέλει
693 3056 788 3105 καὶ
829 3055 1144 3121 βασκαίνειν
1178 3058 1274 3127 μὲν
1316 3061 1411 3111 οὐκ
1446 3056 1592 3129 εἶχον
1628 3063 1762 3133 αὐτῇ
1789 3078 1801 3090 ·

1909 570 1975 622 ad
2035 580 2217 624 cutem
2254 588 2426 639 usque
2464 572 2814 635 totondisset,
2853 582 2907 625 et
2958 571 3197 624 eunuchi
3236 570 3480 623 habitum

1908 663 2203 723 induisset,
2261 681 2451 718 rursus
2504 665 2653 718 venit
2705 679 2829 717 cum
2878 663 3121 732 Eugcnia
3168 663 3221 715 in
3272 663 3479 716 dictum

1909 756 2171 822 templum
2203 756 2517 809 divinorum
2546 756 2961 822 Apostolorum,
2986 765 3037 807 et
3069 754 3259 807 volens
3284 756 3482 807 obscu—

1908 863 2090 899 rorum
2118 849 2259 900 scire
2285 848 2742 915 significationem
2763 863 2825 898 ex
2854 846 3243 907 divinioribus,
3265 860 3479 898 sacrum

1906 928 2083 1005 aperit
2125 941 2505 1005 Evangcltum,
2544 951 2597 994 et
2631 940 2888 1008 protinus
2925 939 3125 992 incidit
3156 940 3209 991 in
3262 940 3365 992 tale
3396 939 3482 992 di-

1907 1043 2096 1086 ctum:
2140 1052 2155 1083 ι
2204 1034 2531 1101 Quicunque
2590 1036 2706 1087 vult
2783 1045 2906 1102 post
2972 1048 3057 1086 me
3103 1033 3291 1086 venire
3325 1033 3486 1085 abne-

1907 1136 1996 1193 get
2063 1128 2332 1194 seipsum,
2395 1138 2448 1180 et
2485 1127 2635 1179 tollat
2676 1144 2892 1181 crucem
2926 1142 3103 1189 suam,
3133 1137 3186 1177 et
3217 1136 3484 1193 sequatur

1907 1215 2052 1266 me‘.
2093 1233 2108 1262 ι
2152 1215 2286 1268 lliuc
2320 1231 2508 1268 eorum
2547 1233 2666 1283 quze
2700 1216 2808 1269 Deo
2847 1218 3089 1285 placent,
3118 1216 3483 1273 indubitatam

1907 1305 2174 1359 habentes
2206 1308 2601 1375 cognitionem,
2648 1324 2771 1362 cuiu
2802 1324 2897 1361 sua
2931 1310 2978 1362 ei
3007 1309 3384 1370 dedicassent,
3432 1318 3486 1361 et

1907 1405 2219 1460 Sperasscnt
2252 1412 2307 1451 se
2343 1413 2467 1450 eum
2499 1398 2782 1453 habituras
2810 1399 3116 1463 adjutorem
3141 1414 3335 1453 eorum
3367 1390 3487 1465 quae

1908 1486 2129 1548 ﬁebant,
2166 1504 2193 1539 a
2226 1504 2282 1541 se
2332 1488 2565 1541 invicem
2604 1500 2953 1557 separantur.
2994 1490 3239 1543 Matrona
3280 1498 3485 1550 autem,

1907 1591 2052 1633 cum,
2083 1586 2138 1628 ttt
2169 1577 2374 1629 dictutn
2406 1586 2508 1639 est,
2540 1593 2596 1631 se
2637 1594 2756 1631 esse
2803 1579 3119 1631 eunuchum
3152 1579 3485 1640 simulasset,

1906 1676 1959 1719 et
1994 1665 2248 1735 Babylam
2283 1668 2517 1735 seipsam
2546 1669 2907 1731 nominasset,
2936 1669 3001 1721 ad
3032 1670 3208 1722 sancti
3241 1669 3484 1722 Bassiani

1907 1757 2118 1811 accedit
2151 1760 2545 1812 monasterium
2574 1778 2584 1811 ε
2617 1771 2670 1813 et
2701 1773 2922 1828 acet-pta
2955 1778 2982 1814 a
3020 1761 3328 1824 monachis,
3364 1777 3490 1829 pro-

1909 1862 2055 1901 llllUS
2082 1850 2146 1902 ad
2189 1853 2493 1904 certamina
2537 1868 2595 1905 se
2655 1854 2864 1920 paravit
2899 1853 3193 1919 spiritalia,
3230 1870 3335 1906 non
3372 1855 3489 1921 pal-

1909 1940 2020 1995 lore
2057 1943 2262 2003 vultus,
2288 1959 2388 1995 nec
2421 1944 2645 1996 tristitia
2679 1944 2858 2005 faciei,
2896 1945 2987 1995 scd
3018 1960 3277 2011 germane
3305 1946 3490 2011 potius

1906 2043 1961 2087 et
1986 2050 2113 2089 vere
2147 2036 2405 2089 virtutem
2438 2051 2722 2095 exercens,
2750 2045 2804 2087 et
2838 2036 3095 2089 omnibus
3156 2038 3333 2089 modis
3374 2046 3493 2089 stu-

1907 2126 2043 2179 deus
2096 2128 2287 2190 latere,
2344 2138 2401 2180 ut
2437 2129 2835 2197 propemodum
2890 2140 3149 2196 provecta
3188 2129 3357 2181 fuerit
3418 2128 3485 2181 ad

1905 2233 2180 2273 summum
2221 2220 2361 2282 vitae,
2400 2236 2519 2286 qua:
2548 2236 2610 2273 ex
2650 2222 2757 2272 Deo
2785 2222 2985 2287 agitur.
3008 2230 3064 2273 et
3090 2221 3391 2273 haberetur
3419 2220 3486 2272 ah

1906 2312 2165 2365 omnibus
2192 2312 2243 2365 in
2265 2312 2651 2373 admiratione,
2671 2314 2949 2380 quomodo
2987 2315 3092 2377 vir,
3128 2312 3358 2380 quierat
3389 2314 3492 2365 im-

1907 2404 2157 2470 becillus,
2219 2413 2407 2473 utpote
2463 2405 2781 2461 eunuchus.
2816 2414 2923 2457 tam
2972 2404 3196 2459 fortiter
3244 2419 3303 2459 se
3349 2405 3491 2473 gerit

1906 2501 2171 2553 adversus
2208 2499 2443 2559 labores.
2498 2510 2551 2553 et
2603 2516 2796 2554 omnes
2852 2500 3154 2554 monachos
3205 2497 3493 2553 contendit

1907 2605 2191 2658 superare,
2227 2608 2421 2660 magno
2452 2602 2508 2645 et
2542 2593 2759 2645 excelso
2815 2593 3001 2645 animo
3031 2593 3167 2645 iram
3200 2591 3488 2655 cohibens,

1908 2694 1963 2737 et
2020 2685 2249 2755 gloriam
2315 2695 2575 2754 tanquam
2636 2702 2833 2739 vanam
2887 2686 3222 2755 despiciens,
3273 2698 3491 2737 omnem

1908 2777 2277 2833 obedientiam
2321 2796 2385 2832 ex
2426 2794 2639 2833 summa
2678 2780 3053 2849 complectens
3086 2779 3381 2833 modestia.

1981 3054 2089 3109 VII.
2130 3052 2191 3105 Et
2226 3062 2374 3106 certe
2408 3066 2514 3103 non
2550 3057 2802 3119 poterant
2843 3047 3114 3104 invidere.
3140 3049 3303 3105 Zelus
3324 3052 3491 3115 enim,

232 3145 523 3215 ἐλεύθερος
548 3146 656 3217 γάρ
690 3149 716 3199 ό
750 3148 869 3199 κατ’
900 3149 1102 3219 ἀρετὴν
1147 3150 1306 3218 ζῆλος
1339 3153 1532 3219 φθόνου
1568 3156 1800 3219 παντός’

1909 3150 2001 3217 qui
2044 3159 2126 3202 est
2156 3163 2217 3201 ex
2256 3146 2481 3209 virtute,
2523 3144 2661 3198 liber
2694 3145 2867 3198 estab
2903 3143 3053 3197 omni
3091 3143 3319 3197 invidia.
3354 3144 3493 3197 Eum

228 3238 308 3301 ὡς
346 3238 650 3309 διδασκάλῳ
706 3240 761 3291 δὲ
812 3240 1011 3307 μᾶλλον
1044 3244 1333 3311 προσέχειν
1362 3244 1673 3313 ἡδούὶοντο,
1706 3247 1810 3316 ὠρ-

235 3334 471 3401 μημένοι
497 3334 591 3384 καὶ
631 3334 897 3401 πρότερον
928 3332 1062 3402 πρὶς
1097 3336 1194 3402 τὴν
1229 3338 1481 3405 μίμησιν.
1516 3339 1728 3408 Μικροῦ
1757 3341 1811 3391 δὲ

230 3424 329 3474 καὶ
361 3423 425 3475 τὸ
472 3424 853 3494 κρυπτόμενον
903 3422 1229 3490 ιγινὼσκετο
1266 3427 1352 3491 ἂν,
1404 3429 1498 3479 καὶ
1520 3430 1626 3481 οὸτι
1673 3432 1808 3500 γυνὴ

230 3511 325 3585 ἦν,
367 3516 578 3585 φανερὰ
620 3518 934 3582 καθίστατο,
966 3522 1011 3572 εί
1047 3521 1122 3589 μὴ
1173 3522 1271 3591 τὴν
1305 3524 1637 3591 ἐπισχοῦσαν
1680 3526 1811 3579 ὑπό-

231 3626 385 3659 νοιαν
414 3611 477 3677 τῇ
510 3612 851 3679 πνευματικῇ
890 3610 1054 3682 σοφία
1088 3612 1319 3669 διέλυσε.
1364 3616 1519 3669 Κατά
1553 3634 1672 3670 τινα
1705 3620 1808 3687 γὰρ

230 3701 429 3768 χρόνον
476 3701 617 3753 οὕτω
652 3702 865 3770 συμϐάν
912 3704 1039 3772 περὶ
1084 3704 1183 3773 τὴν
1211 3708 1391 3759 ἐκεῖσε
1437 3711 1811 3778 τυγχάνουσαν

231 3793 578 3861 κηπεύσιμον
618 3794 881 3861 ἐργασίαν
920 3797 1259 3863 συμπονοῦσι
1288 3802 1400 3862 τοῖς
1435 3806 1689 3869 μοναχοῖς
1720 3804 1808 3856 τοῦ

230 3884 399 3954 ἔργου
431 3903 489 3936 τε
532 3886 942 3955 προθυμότερον
987 3889 1241 3959 ἐχομένῃ,
1278 3892 1305 3943 ὁ
1357 3892 1455 3944 σὶον
1495 3894 1679 3965 ἐκείνῃ
1721 3896 1810 3948 λα-

232 3974 347 4045 χὼν
396 3976 725 4043 ἐργάζεσθαι
767 3981 1024 4047 μοναχδς,
1066 3982 1355 4050 Βαρνάϐας
1408 3985 1558 4054 αὐτῷ
1612 3988 1806 4055 ὄνομα,

230 4069 659 4137 ’περιεργότερον
719 4069 997 4122 ἐπισαλὼν
1044 4073 1143 4141 τὴν
1193 4073 1315 4141 ὄψιν
1367 4077 1525 4145 αὐτῇ,
1561 4080 1654 4132 ἅτε
1705 4082 1810 4148 πρὸ

234 4157 437 4225 μικροῦ
471 4159 545 4227 τῷ
572 4159 681 4212 τῶν
708 4160 961 4229 μοναχῶν
993 4162 1091 4232 βίῳ
1124 4164 1243 4216 ἀπὸ
1268 4165 1367 4234 τῆς
1395 4170 1600 4239 σκηνῆς
1644 4188 1811 4240 προσ-

232 4250 425 4310 ελθὼν,
456 4251 555 4302 κᾶν
597 4253 677 4310 είς
706 4252 934 4321 ὕστερον
964 4257 1251 4325 προκόψας
1280 4260 1360 4322 είς
1388 4261 1589 4332 ἀρετὴν
1620 4264 1714 4316 καὶ
1751 4266 1808 4318 τὸ

231 4344 597 4412 καθηγεῖσθαι
631 4346 737 4397 τῶν
775 4349 1026 4417 μοναχῶν
1051 4351 1373 4421 ἐπιστεύθη,
1418 4355 1605 4424 ἠρώτα
1636 4360 1808 4411 εἰπεῖν

1914 3254 2095 3297 autem
2136 3241 2318 3310 potius
2358 3238 2616 3292 eolebant
2669 3247 2926 3305 tanquam
2962 3238 3308 3305 magistrum,
3342 3236 3498 3303 prius

1913 3338 2077 3389 etiam
2123 3333 2333 3387 incitati
2380 3330 2443 3384 ad
2478 3329 2880 3394 imitationem;
2926 3329 3331 3399 propemodum
3363 3345 3496 3382 vero

1913 3430 2078 3480 etiam
2112 3426 2394 3492 cognitum
2446 3424 2660 3484 fuisset,
2692 3422 2839 3492 quod
2882 3422 3190 3485 celabatur,
3232 3431 3289 3477 et
3316 3422 3497 3474 mani-

1914 3520 2113 3574 festum
2144 3519 2336 3573 fuisset
2385 3534 2505 3571 eam
2551 3532 2671 3570 csse
2733 3516 3044 3577 mulierem,
3091 3515 3198 3569 nisi
3250 3526 3495 3569 esurtam

1912 3614 2281 3681 suapicionem
2346 3611 2581 3679 spiritali
2636 3610 2937 3663 amovisset
2992 3608 3295 3676 sapientia.
3360 3608 3495 3661 Nam
3584 3600 3606 3611 ’”

1914 3721 2036 3761 cum
2070 3705 2253 3772 aliquo
2288 3715 2532 3773 tempore
2571 3704 2645 3756 ita
2693 3704 3036 3773 contigisset,
3067 3712 3126 3755 ut
3178 3704 3230 3755 in
3258 3703 3501 3771 quodam

1914 3801 2076 3853 horto
2125 3799 2397 3852 laboraret
2441 3812 2564 3851 cum
2609 3798 2917 3861 monachis,
2952 3798 3219 3865 operique
3267 3797 3498 3849 instaret

1914 3892 2225 3960 promptius
2274 3899 2328 3944 et
2367 3888 2624 3955 alacrius,
2655 3889 2965 3941 monachus
2991 3888 3079 3941 cui
3112 3888 3410 3955 obtigerat,
3437 3896 3498 3942 ut

1872 4042 1875 4047 γ
1912 4001 2037 4037 cum
2099 3999 2162 4036 ea
2198 3982 2499 4044 laboraret,
2561 3980 2783 4033 nomine
2829 3980 3126 4039 Barnabas,
3168 3980 3221 4032 in
3258 3995 3378 4032 eam
3410 3979 3497 4032 in-

1908 4074 2069 4142 jectis
2102 4072 2281 4127 oculis
2326 4072 2490 4141 paulo
2513 4070 2810 4133 curiosius,
2845 4080 2903 4122 ut
2939 4070 3031 4136 qui
3077 4068 3238 4137 paulo
3270 4076 3397 4121 ante
3426 4067 3493 4120 ad

1912 4168 2077 4219 vitam
2141 4164 2499 4218 monasucam
2555 4162 2881 4216 accessisset
2927 4178 2993 4215 ex
3051 4177 3240 4224 scena,
3276 4160 3497 4214 etiamsi

1911 4268 2103 4327 postea
2161 4254 2456 4323 profecerit
2496 4255 2548 4306 in
2582 4254 2802 4313 virtute,
2836 4264 2890 4306 et
2929 4254 2977 4305 ei
3016 4253 3311 4306 commissa
3374 4250 3493 4305 fue—

1913 4351 1983 4403 rit
2036 4347 2359 4417 praefectura
2419 4344 2845 4406 monachorum,
2893 4344 3104 4412 rogavit
3155 4342 3250 4410 qui
3290 4341 3493 4395 factum

229 4434 403 4489 πόθεν
451 4437 776 4507 ἀμφοτέρων
832 4440 941 4493 τῶν
987 4440 1142 4495 ὢτων
1200 4445 1371 4517 ταύτῃ
1408 4448 1693 4519 τέτρηνται
1748 4454 1796 4505 oi

1912 4443 2003 4505 sit,
2057 4452 2114 4494 ut
2141 4442 2250 4496 sint
2279 4442 2327 4493 ei
2363 4437 2537 4491 amba:
2568 4436 2862 4506 perforata:
2900 4437 3183 4490 auriculae.
3208 4435 3372 4489 Beata
3398 4450 3496 4487 au-

230 4528 403 4581 ὶοσοί.
447 4529 509 4581 Ἣ
548 4532 795 4600 μακαρία
818 4533 872 4586 δὲ
904 4535 1171 4605 σύντομον
1200 4538 1333 4605 ὁμοῦ
1372 4542 1466 4594 καὶ
1491 4541 1811 4615 λελογισμέ-

230 4639 337 4689 νην
360 4626 458 4693 τὴν
513 4625 808 4692 ἀπόκρισιν
869 4628 1148 4693 ἀπεδίδου,
1210 4633 1526 4701 Πέπονθας,
1589 4639 1807 4705 ἀδελφέ,

228 4718 493 4783 λέγουσα,
528 4717 876 4786 ἀνθρώπινον
922 4721 1041 4790 μὲν,
1076 4723 1169 4775 τοῦ
1222 4726 1343 4778 καθ’
1372 4729 1519 4796 ἡμᾶς
1567 4730 1623 4782 δὲ
1654 4732 1810 4784 ἀλλό-

228 4828 384 4878 τριον
439 4812 859 4879 ἐπαγγέλματος
888 4832 899 4843 ·
943 4818 1006 4884 τῇ
1047 4818 1113 4883 γῇ
1141 4817 1247 4887 γὰρ
1292 4820 1407 4873 δέον
1444 4824 1731 4893 προσέχειν
1778 4824 1808 4895 ἢ

232 4902 390 4969 ιψεις
442 4903 790 4971 ἀνθρωπίνας
843 4911 1324 4993 περιεργάζεσθαι.
1357 4914 1505 4981 Πλὴν
1536 4916 1673 4970 ἀλλά
1715 4921 1827 4977 καὶ,

232 4994 378 5045 οὕτω
431 4993 527 5063 τὴν
577 4995 729 5047 λύσιν
788 4998 1036 5065 μάνθανε
1083 5001 1177 5052 τοῦ
1219 5001 1571 5071 ζητήματοςο
1624 5008 1655 5077 ἡ
1701 5010 1810 5078 γὰρ

234 5086 338 5154 ἐμὲ
370 5087 633 5156 πρότερον
694 5088 896 5157 σχοῦσα
938 5094 1030 5145 καὶ
1082 5092 1400 5164 θρεψαμένη
1454 5098 1809 5169 φιλόστοργόν

232 5192 360 5227 τινα
410 5176 545 5245 πρὸς
609 5195 675 5245 με
722 5183 1034 5252 κεκτημένη
1097 5183 1337 5237 διάθεσιν
1384 5188 1810 5261 ὲφιλοτιμήσατό

238 5286 345 5331 μου
388 5273 482 5323 καὶ
522 5274 700 5339 χρυσᾶ
736 5273 939 5341 κόσμια
974 5278 1083 5337 τοῖς
1124 5277 1259 5331 ὠσὶν
1291 5280 1571 5349 ἑμ6α>.εῖν.
1620 5284 1807 5347 Οὕτως

232 5364 264 5429 ἡ
311 5362 563 5431 μακαρία
618 5364 708 5416 τὸν
766 5367 1001 5436 μοναχὸν
1044 5372 1178 5438 σοφῇ
1228 5374 1479 5443 περινοίᾳ
1521 5373 1620 5442 τῆς
1678 5379 1807 5430 ὐπο-

234 5454 385 5517 νοίας
434 5456 743 5523 ἀπήγαγεν.
782 5460 959 5525 Αὐτὴν
1000 5460 1055 5513 δὲ
1082 5522 1083 5525 η
1109 5463 1276 5525 πολύς
1330 5483 1410 5527 τις
1452 5467 1622 5537 είσῄει
1666 5471 1809 5538 λογι-

238 5545 395 5612 σμῶν
433 5546 608 5615 ὄχλος,
645 5550 740 5601 καὶ
794 5551 872 5613 είς
942 5554 1164 5624 μνήμην
1224 5556 1330 5609 τῶν
1390 5557 1487 5626 τῆς
1540 5559 1804 5628 Εὑγενίας

237 5637 537 5691 καθίστατο
578 5644 971 5710 παραινέσεων,
1009 5647 1278 5717 Δυσχερές
1322 5666 1369 5702 τι
1425 5652 1677 5723 πρᾶγμα,
1720 5655 1805 5707 ).ε-

313 5813 323 5841 ¹
365 5809 496 5861 Lur.
539 5826 610 5862 Ix.
647 5812 739 5862 ‘23.

1912 4546 2019 4591 tem
2050 4536 2139 4588 illa
2170 4534 2392 4586 brevem
2448 4530 2609 4584 simul
2666 4538 2723 4581 et
2778 4528 3185 4582 consideratam
3218 4527 3374 4581 dedit
3407 4542 3495 4579 re-

1911 4629 2265 4698 sponsionem
2293 4644 2305 4678 :
2339 4622 2552 4677 Accidit
2588 4620 2683 4675 tibi
2719 4621 2969 4689 quidem,
3001 4639 3033 4671 (ι
3066 4620 3257 4682 frater,
3292 4622 3493 4673 huma-

1910 4742 2039 4777 num
2074 4722 2379 4792 quidpiam,
2411 4718 2651 4771 alienum
2691 4730 2823 4769 vero
2850 4732 2877 4768 a
2901 4725 3083 4768 nostra
3122 4715 3493 4782 professione,

1911 4830 2033 4870 cum
2077 4823 2275 4867 terram
2310 4818 2560 4887 oporteat
2589 4823 2766 4872 arare,
2796 4824 2901 4860 non
2939 4808 3151 4859 vultum
3195 4808 3493 4859 humanum

1913 4908 2131 4963 curiose
2188 4903 2411 4958 intueri.
2471 4901 2575 4955 Sed
2624 4902 2877 4969 quamvis
2918 4916 3006 4953 res
3062 4900 3132 4951 ita
3176 4914 3234 4952 se
3272 4899 3493 4961 habeat,

1914 4999 2230 5070 qumstionis
2279 4996 2429 5049 disce
2485 4995 2839 5049 solutionem.
2890 4991 3025 5045 Nam
3056 5006 3177 5060 qua:
3228 5007 3315 5044 me
3366 4992 3496 5045 olitn

1915 5094 2093 5149 tenuit
2142 5100 2196 5146 et
2243 5090 2521 5150 educavit,
2582 5087 2633 5139 in
2686 5101 2769 5139 me
2822 5100 3035 5138 sunnna
3088 5083 3492 5154 benevolentia,

1914 5187 2171 5240 munifice
2210 5183 2265 5236 in
2308 5196 2456 5235 meas
2498 5193 2661 5231 aures
2698 5192 2864 5231 aurea
2918 5176 3107 5244 injecit
3141 5186 3489 5233 ornamenta.

1913 5279 2005 5335 Sic
2036 5280 2193 5332 beata
2247 5276 2336 5328 illa
2372 5271 2700 5325 monachum
2743 5268 2976 5338 sapienti
3035 5268 3354 5322 inventione
3403 5282 3492 5320 re-

1916 5377 2082 5432 movit
2112 5392 2140 5429 a
2176 5372 2488 5441 suspicione
2512 5388 2527 5433 ;
2550 5382 2671 5434 eam
2703 5376 2885 5421 autem
2919 5366 3087 5420 subiit
3112 5382 3305 5435 magna
3332 5364 3492 5419 turba

1916 5467 2332 5541 cogitationum,
2364 5476 2419 5520 et
2454 5472 2727 5517 venerunt
2756 5462 2805 5515 ei
2857 5461 2910 5513 in
2952 5470 3193 5514 mentem
3242 5450 3491 5512 admoni-

1918 5567 2094 5618 tiones
2133 5560 2410 5629 Eugeniae,
2443 5554 2710 5610 dicentis:
2750 5554 2855 5608 Res
2906 5562 2991 5605 est
3036 5551 3329 5605 admodum
3385 5550 3492 5604 dif-

1918 5654 2096 5710 ﬁcilis.
2150 5650 2430 5704 mulierem
2472 5643 2678 5699 versari
2714 5641 2874 5695 simul
2926 5658 3048 5696 cum
3094 5642 3251 5708 viris,
3281 5650 3335 5695 et
3368 5650 3494 5693 teneo
