4214 6444
741 403 845 465 εει
1882 383 2267 446 ADDENDA.
2324 410 2391 418 —
2425 383 2865 446 NOVEMBER.
3922 373 4031 440 953

745 525 887 578 tare,
935 516 999 567 ut
1037 510 1154 580 ipsa
1186 508 1272 563 vir
1317 505 1573 562 videatur
1625 504 1772 558 sicut
1815 501 1914 556 nli.
1953 500 2143 570 Neque
2174 500 2320 553 enim

2436 501 2654 572 γούσης,
2697 503 2935 570 γυναῖκα
2977 498 3388 570 συνδιατρίϐειν
3429 496 3686 567 ἀνδράσι.
3721 492 3821 547 καὶ
3857 493 4034 561 ἄνδρα

747 607 864 662 ﬁeri
892 614 1094 677 potest,
1122 613 1180 658 ut
1200 610 1473 673 perpetuo
1498 601 1665 654 lateat
1697 596 2002 653 simulatio.
2031 593 2325 649 Attentiori

2436 595 2558 646 κατ’
2598 594 2841 658 ἐκείνους
2865 595 3162 664 πειρᾶσθαι
3194 592 3375 646 δοκεῖν
3394 608 3406 622 ⁸
3438 591 3726 659 ἀμήχανον
3755 586 3869 655 γὰρ
3899 584 4031 654 ἄχρι

747 712 933 754 tamen
981 697 1315 767 cogitatione
1374 693 1489 748 sola
1549 692 1727 746 solum
1778 690 1951 744 Deum
1999 689 2325 756 alloquens:

748 791 867 844 'l'uo
917 796 1078 854 nutu,
1112 788 1350 852 dicebat,
1387 802 1420 840 ο
1463 784 1712 847 Domine,
1765 783 1930 837 vitam
1961 782 2180 850 suscepi
2212 798 2328 834 mo-

748 884 1037 948 nasticam,
1061 895 1118 935 et
1144 895 1302 940 eum.
1335 881 1427 949 qui
1456 877 1616 947 jussit
1649 876 1830 945 sequi,
1868 890 2151 944 nunquam
2183 883 2331 928 retro

748 991 1010 1030 conversa
1044 990 1164 1029 sum
1207 984 1418 1028 secuta.
1454 971 1826 1036 Quamobrem
1878 984 1949 1023 ne
1998 968 2222 1033 eﬁicias,
2273 975 2333 1021 ut

748 1082 850 1136 ego
881 1081 1123 1135 unquam
1159 1081 1278 1119 n‘ea
1311 1080 1403 1126 spe
1454 1065 1630 1126 fallar,
1685 1078 1787 1117 nec
1811 1062 1881 1116 ab
1918 1061 2022 1117 hoc
2047 1062 2191 1116 bono
2227 1078 2332 1115 un—

748 1175 914 1226 quam
955 1159 1236 1227 proposito
1279 1157 1554 1213 excidam.
1584 1156 1691 1210 Sed
1732 1167 1786 1211 tu
1820 1173 1995 1210 meam
2029 1155 2333 1211 defendens

752 1251 1208 1315 imbecillitatem,
1241 1265 1426 1303 annue
1463 1260 1523 1304 ut
1578 1266 1701 1304 meo
1737 1264 1903 1318 scopo
1946 1248 2071 1303 ﬁnis
2116 1249 2335 1305 accidat

751 1345 968 1399 similis.
1024 1343 1149 1397 Haec
1184 1343 1398 1403 dicens.
1433 1343 1721 1397 videbatur
1760 1343 1929 1398 etiam
1965 1343 2150 1398 videre
2196 1359 2332 1413 pura

751 1436 933 1491 anima
973 1435 1262 1491 meliorem
1297 1436 1526 1490 exitum.

826 1702 960 1757 Vlll.
996 1702 1133 1759 Cum
1165 1719 1228 1759 ea
1267 1719 1399 1773 ergo
1442 1704 1525 1758 sic
1555 1704 1806 1768 haberet,
1833 1715 1888 1760 et
1929 1707 2093 1762 vitam
2126 1711 2334 1779 ample-

755 1804 1001 1850 cteretur
1027 1796 1350 1864 spiritalem,
1407 1799 1569 1867 longo
1617 1808 1863 1868 tempore
1914 1800 2174 1869 ignoratae
2203 1811 2333 1856 sunt

757 1906 844 1944 res
879 1891 998 1958 ejus
1028 1905 1055 1943 a
1091 1889 1374 1955 Bassiano,
1401 1891 1618 1944 etiamsi
1654 1908 1762 1944 non
1790 1902 1938 1945 esset
1968 1908 2168 1961 expers
2202 1893 2331 1949 doni

755 1982 1319 2049 perspiciendizeum
1385 1992 1567 2037 tamen
1599 1983 1759 2037 latuit
1812 1984 1906 2038 Dei
1959 1985 2249 2055 sapientia,
2278 1997 2333 2041 et

756 2073 927 2142 magis
967 2075 1182 2128 arcanis
1220 2075 1549 2142 quibusdam
1575 2075 1826 2144 judiciis,
1856 2079 2136 2147 quomodo
2167 2081 2333 2135 etiam

757 2165 997 2219 Elis-eum
1023 2166 1324 2236 aliquando
1359 2166 1681 2222 Sunamitis.
1708 2167 1844 2223 Sero
1869 2180 2050 2225 autem
2079 2181 2133 2226 et
2171 2172 2335 2242 longo

755 2268 874 2324 post
904 2267 1150 2327 tempore
1182 2274 1246 2313 ea
1284 2259 1388 2328 ipsi
1427 2261 1634 2314 exstitit
1667 2260 1979 2318 manifesta.
2033 2262 2122 2318 Sic
2148 2275 2333 2319 autem

755 2351 832 2403 ιιι.
877 2350 1036 2404 Visus
1066 2359 1149 2403 est
1203 2352 1254 2404 in
1293 2354 1504 2406 somnis
1555 2353 1739 2408 videre
1775 2371 2006 2423 magnus
2039 2355 2335 2412 Bassianus

754 2442 932 2493 \irum
964 2442 1168 2495 amictu
1203 2443 1429 2511 quidem
1471 2445 1795 2510 honestum,
1827 2448 1986 2501 vultu
2024 2458 2207 2505 autem
2240 2449 2336 2505 de-

751 2548 966 2600 corum,
995 2542 1052 2588 et
1081 2535 1174 2604 qui
1209 2536 1503 2592 videbatur
1541 2553 1662 2594 esse
1693 2539 1982 2609 cujusdam
2011 2552 2218 2599 naturae
2248 2545 2332 2599 dio

753 2626 1007 2690 vinioris,
1030 2637 1083 2681 et
1116 2629 1168 2682 ei
1214 2639 1297 2684 ter
1346 2631 1569 2687 dicere:
1619 2633 1850 2704 Babylas
1887 2638 2202 2704 eunuchus,
2238 2639 2334 2710 qui

750 2728 837 2774 est
856 2734 999 2775 unus
1016 2734 1082 2776 ex
1114 2722 1422 2789 monachis,
1446 2725 1537 2793 qui
1562 2734 1690 2779 sunt
1737 2727 1789 2780 in
1819 2737 1913 2782 tuo
1934 2745 2119 2799 grege,
2146 2743 2334 2800 aperte

751 2813 977 2879 quidem
1010 2823 1092 2869 est
1124 2814 1368 2883 femina;
1404 2819 1629 2874 simulat
1686 2831 1871 2875 autem
1904 2837 1961 2876 se
1998 2839 2120 2877 esse
2151 2840 2333 2878 eunu-

751 2907 939 2971 chum,
975 2918 1032 2960 ut
1064 2909 1252 2964 lateat.
1283 2911 1437 2965 Sicut
1469 2911 1585 2981 ipse
1615 2924 1824 2976 autem,
1854 2914 2089 2970 Aeacius
2111 2934 2334 2988 quoque

751 2999 996 3066 quidam,
1022 3000 1105 3056 vir
1141 3002 1365 3073 insignis
1392 3005 1495 3058 fuit
1521 3005 1745 3075 pietate,
1780 3007 1875 3077 qui
1904 3008 2008 3063 fuit
2034 3009 2200 3064 etiam
2233 3028 2334 3081 pro

754 3094 918 3148 tertia
946 3106 1102 3164 parte
1126 3108 1315 3166 pastor
1343 3100 1665 3154 monasterii
1693 3101 1868 3158 divini
1897 3103 2165 3168 Abramii,
2184 3122 2334 3160 eam-

2364 1820 2498 1905 nx?

2431 686 2620 748 τέλους
2659 687 2942 740 διαλαθεῖν
2979 688 3080 756 τὴν
3117 686 3438 756 ὑπόκρισιν.
3487 683 3683 752 Ὅμως
3734 693 4033 748 προσεκτι-

2434 780 2652 850 κωτέρα
2689 782 2757 850 τῇ
2814 779 3047 850 διανοίᾳ,
3098 781 3236 848 μόνη
3293 776 3372 845 τῷ
3415 776 3564 845 μόνῳ
3601 772 3723 842 Θεῷ
3760 771 4032 838 ἐντυγκὰ-

2433 890 2623 937 νουσα,
2665 873 2755 944 Τῷ
2814 872 2892 944 σῷ
2951 873 3204 941 νεύματι,
3245 872 3518 932 Δέσποτα,
3575 867 3753 934 ἔλεγε,
3781 865 3879 919 τὸν
3915 864 4029 914 τῶν

2437 969 2691 1038 μοναχῶν
2741 966 3102 1038 ἐπανῄρημαι
3144 964 3292 1034 βίον,
3334 959 3700 1028 ἀκολουθῆσαί
3740 975 3803 1011 τε
3836 954 4031 1010 κελεύ-

2437 1077 2591 1112 σαντι
2651 1057 3040 1129 ἀμετατρεπτὶ
3103 1055 3485 1127 ἠκολούθησα·
3557 1052 3639 1106 διὸ
3712 1051 3855 1121 μήτε
3918 1047 4031 1102 τῶν

2435 1151 2802 1206 ἐλπισθέντων
2853 1149 3158 1221 ψευσθῆναι
3211 1143 3667 1220 παρασκευάσῃς,
3732 1142 3871 1212 μηδὲ
3930 1141 4030 1207 τῆς

2435 1245 2651 1314 ἀγαθῆς
2701 1242 2909 1314 ταύτης
2962 1243 3294 1312 διαμαρτεῖν
3350 1241 3691 1310 προθέσεως·
3749 1234 3891 1290 ἀλλὰ
3932 1234 4030 1298 τῆς

2435 1339 2575 1407 ἐμῆς
2630 1336 2795 1400 αὐτὸς
2863 1337 3266 1406 προϊστάμενος
3316 1332 3609 1394 ἀσθενείας
3655 1328 4030 1397 κατὰγγειλόν

2439 1448 2540 1500 μου
2576 1429 2908 1499 συνδραμεῖν
2937 1428 3016 1498 τῷ
3054 1428 3268 1497 σκοπῷ,
3303 1430 3401 1480 καὶ
3425 1429 3487 1480 τὸ
3514 1425 3668 1486 τέλος
3696 1423 4024 1477 ἐπίνευσον.

2435 1523 2678 1577 Τοιαῦτα
2715 1523 2952 1590 λέγουσα
3000 1522 3097 1574 καὶ
3133 1522 3266 1591 ὀρᾷν
3305 1521 3484 1574 ἐδόκει
3534 1518 3614 1590 τῷ
3653 1515 3888 1586 καθαρῷ
3927 1513 4028 1582 τῆς

2434 1617 2616 1687 ψυχῆς
2652 1616 3027 1685 χρηστοτέραν
3054 1614 3153 1683 τὴν
3185 1613 3433 1669 ἑκϐασιν.

2507 1712 2589 1763 H'.
2631 1710 2820 1771 Οῦτως
2857 1703 2952 1762 οῦν
2991 1707 3230 1777 ἐχούσης
3280 1708 3451 1775 αὐτῆς
3488 1708 3585 1761 καὶ
3613 1705 3846 1773 ἀγωγῆς
3873 1703 4031 1756 ἀντε-

2507 1805 2673 1873 μὲνης
2725 1801 3105 1871 πνευματικῆς
3147 1801 3244 1854 ἐπὶ
3285 1799 3480 1870 χρόνον
3529 1798 3728 1866 συχνὸν
3779 1796 3848 1848 τὰ
3904 1796 4026 1848 κατ’

2437 1895 2609 1965 αὐτὴν
2648 1895 2899 1962 ⁴ἣγνοεῖἰτο
2935 1891 3209 1961 Βισιανῷ,
3247 1894 3430 1944 καίτοι
3479 1891 3614 1960 μηδὲ
3646 1889 3742 1941 τοῦ
3781 1888 4030 1956 διορατι-

2439 1989 2534 2040 κοῦ
2568 1986 2911 2057 χαρίσματος
2948 1983 3292 2054 ἀμοιροῦντι.
3339 1983 3627 2037 Ἐλάνθανε
3663 1981 3710 2035 δ’
3753 1976 3852 2034 οῦν
3881 1983 4030 2049 ὅμως

2436 2080 2573 2133 Θεοῦ
2626 2081 2790 2150 σοφῖᾳ
2847 2076 2942 2130 καὶ
3007 2077 3474 2147 ἀπορρητοτέροις
3535 2077 3650 2136 τοῖς
3722 2075 4028 2141 κρίμασιν,

2438 2171 2627 2242 ὥσπερ
2653 2174 2747 2224 καὶ
2785 2170 3092 2226 Ἐλισσαῖόν
3113 2185 3243 2222 ποτε
3267 2168 3327 2221 τδ
3349 2168 3446 2238 τῆς
3468 2166 3864 2236 Σουμανίτιδος
3887 2167 4028 2231 (sic).

2450 2261 2576 2330 Ὀψὲ
2606 2261 2661 2314 δὲ
2697 2262 2789 2314 καὶ
2832 2262 2928 2315 σὺν
2969 2261 3147 2330 χρόνῳ
3177 2258 3380 2329 μακρῷ
3413 2259 3547 2328 δῆλα
3583 2257 3653 2310 τὰ
3687 2257 3825 2328 περὶ
3858 2257 4029 2323 αὐτῆς

2437 2357 2585 2425 αὐτῷ
2615 2356 2826 2423 γίνεται
2855 2372 2867 2385 ·
2897 2355 3112 2424 γίνεται
3141 2356 3196 2407 δὲ
3231 2354 3406 2408 οὕτως
3426 2369 3438 2382 ⁸
3479 2351 3664 2414 Ἔδοξε
3702 2352 3854 2402 κατά
3902 2350 4028 2408 τοὺς

2438 2451 2644 2513 ὕπνους
2664 2451 2798 2520 ὁρᾷν
2819 2451 2845 2502 6
2877 2449 3045 2518 μέγας
3072 2447 3332 2509 Βασιανὺς
3357 2446 3521 2513 ἄνδρα
3540 2445 3771 2512 κόσμιον
3811 2443 3910 2511 μὲν
3935 2439 4031 2510 τὴν

2436 2541 2726 2614 ἀναϐολὴν,
2762 2540 3016 2610 ἐκπρεπῆ
3044 2541 3100 2592 δὲ
3127 2539 3225 2608 τὴν
3245 2539 3390 2608 ὄψιν,
3435 2537 3529 2590 καί
3562 2553 3707 2599 τινος
3743 2533 4032 2602 θειοτέρας

2437 2631 2578 2688 εἶναι
2600 2632 2862 2686 δοκοῦντα
2897 2632 3135 2701 φύσεως,
3167 2633 3263 2684 καὶ
3283 2629 3471 2684 τοῦτον
3503 2631 3621 2698 τρῖς
3654 2627 3823 2682 αύτδιν
3857 2643 4034 2694 προσ-

2435 2728 2632 2788 ειπεῖν,
2684 2727 2767 2779 ὅτι
2800 2725 3048 2786 Βαϐῦλας
3084 2726 3109 2777 6
3142 2723 3397 2792 εὖνοῦχος
3437 2725 3464 2776 6
3514 2721 3624 2774 τῶν
3669 2719 3825 2788 παρὰ
3860 2721 3925 2788 τῇ
3964 2722 4029 2785 σῇ

2436 2821 2645 2893 ποίμνῃ
2683 2818 2934 2889 μοναχῶν
2980 2814 3062 2879 εἷς
3097 2817 3233 2883 γυνὴ
3270 2815 3370 2882 μέν
3424 2816 3572 2866 ἐστιν
3620 2813 3908 2880 ἄντικρυς,
3947 2811 4036 2859 εύ-

2436 2911 2627 2982 νοῦχος
2659 2911 2715 2963 δὲ
2759 2907 2900 2962 εἶναι
2950 2908 3040 2961 διὰ
3093 2909 3151 2962 τὸ
3195 2907 3380 2959 λαϐεῖν
3435 2905 3818 2973 ὑποκρίνεται.
3877 2900 4037 2953 Κατᾶ

2433 3006 2627 3056 ταυτὸν
2652 3003 2708 3054 δὲ
2739 3002 2832 3054 καὶ
2858 2999 3112 3062 Ἀκὰκιός
3136 3017 3219 3061 τις
3253 2998 3414 3067 ἀνὴρ,
3448 2997 3536 3049 ἐπ’
3568 2995 3831 3064 εὐλαϐείᾳ
3866 3011 4030 3062 περι-

2436 3095 2634 3166 φανὴς,
2674 3095 2732 3159 δς
2762 3095 2852 3148 καὶ
2880 3099 2977 3165 τῆς
3005 3095 3086 3157 είς
3117 3094 3179 3146 τὸ
3214 3093 3394 3162 τρίτον
3430 3089 3596 3160 μονῆς
3622 3087 3717 3141 τοῦ
3762 3088 4032 3154 θεοφόρω

749 3185 878 3240 dem
934 3186 1073 3242 vidit
1123 3189 1416 3245 visionem.
1473 3191 1631 3248 Mane
1664 3209 1797 3264 ergo
1854 3210 1977 3250 cum
2039 3198 2333 3255 Bassianus

2453 3187 2756 3258 Ἀϐραμίου
2823 3184 3030 3255 ποιμὴν
3100 3182 3395 3252 ἐτύγχανε,
3437 3181 3538 3250 τὴν
3597 3177 3770 3246 αὐτὴν
3838 3179 4036 3245 ὅρασιν

750 3278 1137 3336 accersivisset
1190 3296 1363 3335 unum
1399 3297 1466 3336 ex
1503 3283 1810 3349 monachis,
1834 3284 2106 3342 Joannem
2133 3304 2326 3357 quem-

750 3371 903 3433 dam.
933 3371 1029 3440 qui
1055 3383 1177 3442 post
1202 3373 1380 3442 ipsum
1410 3383 1531 3429 erat
1558 3376 1835 3433 secundus
1867 3377 1922 3433 in
1968 3381 2326 3443 monasterio.

753 3463 997 3517 narravit
1013 3464 1062 3516 ei
1089 3463 1232 3534 quod
1252 3464 1462 3520 viderat
1481 3466 1535 3521 in
1556 3468 1785 3522 somnis.
1807 3469 2030 3524 Interim
2048 3487 2178 3525 vero
2194 3473 2325 3527 dum

755 3553 869 3610 haec
885 3555 1209 3622 disserebat,
1228 3557 1374 3612 venit
1398 3558 1621 3628 quidam
1649 3560 1848 3616 missus
1869 3563 1937 3618 ab
1953 3565 2174 3630 Acacio,
2199 3580 2325 3619 nar-

752 3662 884 3702 rans
906 3648 1167 3703 Bassiano
1215 3665 1379 3719 quam
1434 3650 1550 3720 ipse
1597 3651 1810 3708 viderat
1860 3656 2328 3714 visionem.Tunc

749 3754 883 3810 ergo
913 3755 1144 3810 magnus
1181 3742 1492 3808 Bassianus,
1512 3746 1705 3801 volens
1740 3747 1810 3801 de
1837 3746 1940 3804 hac
1976 3766 2034 3804 re
2061 3751 2324 3820 majorem

752 3828 857 3883 sibi
874 3827 1034 3884 ﬁdem
1057 3829 1200 3896 ﬁeri,
1227 3832 1282 3886 in
1309 3849 1503 3889 manus
1529 3845 1749 3907 sumpto
1769 3854 1927 3894 sacro
1955 3841 2252 3914 Evangelia
2269 3855 2328 3900 et

748 3922 1043 3991 explicato,
1075 3924 1129 3978 in
1155 3925 1247 3980 illa
1271 3925 1433 3982 verba
1458 3927 1797 4000 incidit,qu:e
1816 3931 2074 3988 dicebant
2096 3950 2324 4004 regnum

750 4012 1016 4069 caelorum
1040 4029 1161 4071 esse
1193 4015 1372 4072 simile
1398 4018 1695 4081 fermento.
1720 4021 1867 4089 quod
1895 4033 2180 4094 acceptum
2209 4044 2328 4081 mu-

751 4103 855 4159 lier
901 4104 1190 4162 abscondit
1225 4106 1280 4161 in
1340 4106 1528 4164 farina-
1561 4109 1700 4165 satis
1725 4111 1924 4180 tribus,
1965 4112 2141 4170 donec
2178 4124 2328 4172 esset

753 4192 1140 4252 fermentatum
1165 4199 1208 4250 '.
1559 4193 1564 4198 ⁷

820 4378 916 4434 IX.
967 4379 1105 4433 Cum
1145 4381 1330 4450 itaque
1361 4381 1720 4439 intellexisset
1752 4399 1897 4451 eam,
1943 4403 2066 4458 quas
2097 4390 2152 4444 in
2193 4405 2325 4461 pro-

751 4473 924 4528 fundo
955 4474 1389 4544 signiﬁcabatur,
1415 4474 1856 4546 intelligentiam,
1885 4489 2010 4550 post
2035 4481 2149 4537 haec
2184 4485 2327 4554 apud

2437 3279 2651 3334 ἐθεᾶτο.
2686 3277 2894 3330 Ἐωθεν
2923 3272 3017 3329 οὖν
3045 3276 3074 3327 6
3104 3273 3370 3335 Βασιανὸς
3399 3265 3906 3340 μεταπεμψάμενος
3938 3267 4036 3317 ἕνα

2436 3371 2546 3425 τῶν
2583 3368 2836 3440 μοναχῶν
2884 3366 3142 3436 Ἰωάννην
3183 3366 3307 3420 τινὰ
3336 3365 3394 3427 ὃς
3423 3362 3678 3431 δεύτερος
3714 3361 3834 3429 μετ’
3867 3358 4037 3412 αὑτὸν

2436 3463 2494 3514 ἐν
2520 3461 2598 3516 τῶ
2622 3461 2858 3532 σεμνείῳ
2915 3459 3233 3518 καθίστατο.
3286 3457 3437 3518 ὅπως
3466 3451 3577 3524 εἶχε
3609 3453 3668 3504 τὸ
3712 3451 3848 3520 δναρ
3883 3450 4037 3517 αὐτῷ

2435 3555 2702 3625 διηγεῖτο.
2755 3553 2845 3606 Ἔν
2888 3553 2998 3622 ὅσῳ
3027 3551 3082 3604 δέ
3112 3550 3386 3616 διελέγετο
3413 3548 3583 3623 ταῦτα
3617 3541 3720 3618 ἧκέ
3762 3561 3849 3606 τις
3892 3545 4034 3614 πρὸς

2451 3646 2708 3700 Ἀκακίου
2734 3643 3028 3714 πεμφθεὶς,
3054 3643 3122 3694 τὰ
3152 3642 3249 3709 τῆς
3277 3641 3453 3710 ὅψεως
3484 3637 3675 3707 ὥσπερ
3709 3637 3771 3702 δὴ
3808 3637 3902 3688 καὶ
3929 3637 4032 3686 αύ·

2436 3739 2526 3801 τδς
2566 3734 2706 3791 εἶδεν
2757 3735 3121 3804 ἀπαγγέλλων
3169 3732 3440 3801 Βασιανῷ.
3493 3729 3815 3800 ’τηνικαῦτα
3846 3729 4033 3782 τοίνυι

2439 3833 2532 3885 καὶ
2565 3831 2594 3883 6
2642 3831 2817 3900 μέγας
2863 3828 3131 3890 Βασιανδς
3183 3825 3403 3878 πλείονα
3453 3823 3635 3876 πίστιν
3683 3821 3889 3875 ἐθέλων
3939 3823 4032 3873 ἐπὶ

2438 3927 2616 3993 τούτῳ
2645 3923 2857 3985 λαϐεῖν,
2877 3922 2936 3975 τδ
2954 3921 3099 3988 ἱερὸν
3117 3919 3208 3973 ἐπὶ
3236 3919 3430 3988 χεῖρας
3454 3914 3636 3967 λαϐὼν
3665 3915 4032 3981 Εὑαγγέλιον.

2437 4019 2533 4073 καὶ
2582 4013 2922 4080 ἀναπτύξας,
2950 4012 3179 4074 ἐκείνοις
3230 4010 3550 4078 ἐντυγχάνει
3595 4009 3708 4068 τοῖς
3757 4005 3946 4072 λόγοις
3982 4006 4030 4056 οἰ

2437 4110 2798 4180 διελάμϐανον
2851 4106 3045 4174 ὁμοίαν
3077 4100 3218 4158 εἶναι
3271 4101 3420 4172 ζύμῃ
3474 4101 3575 4169 τὴν
3624 4098 3734 4150 τῶν
3779 4098 4030 4165 οὐρανῶν

2441 4203 2744 4276 βασιλείαν,
2765 4202 2834 4271 ἢν
2854 4197 3093 4251 λαϐοῦσα
3112 4194 3248 4264 γυνὴ
3274 4193 3513 4264 [κρύψεν
3535 4193 3613 4255 είς
3633 4190 3870 4262 ἀλεύρου
3891 4194 4033 4244 σάτα

2439 4297 2587 4367 τρία,
2617 4295 2722 4357 ἕως
2749 4290 3006 4361 ἐζυμώθη
3042 4288 3182 4342 ὅλον.

2511 4389 2589 4443 8'.
2625 4387 2811 4449 Συνεὶς
2831 4380 2925 4438 οὖν
2950 4383 3050 4452 τὴν
3075 4381 3162 4435 διὰ
3189 4379 3386 4450 βάθους
3399 4377 3738 4448 δηλουμένην
3752 4377 4030 4438 διάνοιαν,

2441 4483 2499 4538 τὸ
2536 4481 2675 4553 μετὰ
2707 4478 2880 4534 ταῦτα
2919 4473 3044 4529 καθ’
3071 4473 3265 4528 ἐαυτὸν
3293 4468 3590 4525 ἐσκέπτετο
3626 4469 3742 4532 πῶς
3794 4469 3866 4523 ἂν
3902 4487 4034 4539 μετ-

751 4583 809 4622 se
839 4567 1133 4637 cogitabat,
1157 4567 1434 4637 quomodo
1463 4567 1656 4624 dextre
1680 4571 2078 4640 aggrederetur
2103 4575 2157 4630 id
2184 4578 2332 4648 quod

2441 4577 2589 4632 ἐλθοι
2637 4571 2833 4640 δεξιῶς
2871 4570 2929 4625 τὸ
2981 4567 3373 4639 προκείμενον,
3413 4563 3510 4617 καὶ
3553 4563 3628 4634 μὴ
3677 4562 3843 4632 δῆλον
3868 4563 4030 4615 τοῦτο

752 4668 869 4714 erat
893 4661 1259 4730 propositum,
1291 4669 1348 4717 et
1383 4661 1488 4716 hoc
1523 4662 1714 4718 multis
1741 4680 1852 4720 non
1899 4665 2055 4722 ﬁeret
2096 4670 2331 4726 manife-

2438 4673 2554 4735 τοῖς
2588 4668 2804 4730 πολλοῖς
2839 4666 3086 4734 γένηται.
3123 4659 3530 4716 Μετακαλεῖται
3569 4658 3752 4710 τοίνυν
3791 4657 3892 4727 τὴν
3923 4675 4027 4722 μα-

755 4759 916 4804 stum.
963 4750 1215 4806 Accersit
1255 4767 1387 4822 ergo
1421 4752 1636 4807 beatam
1680 4753 1851 4821 illam,
1905 4765 1961 4810 et
2006 4774 2126 4814 eam
2178 4772 2331 4819 torve

2441 4764 2665 4836 καρίαν,
2707 4760 2802 4816 καὶ
2848 4759 3014 4830 δριμὺ
3053 4755 3228 4825 ταύτῃ
3258 4752 3598 4814 ἐνατενίσας,
3646 4751 3714 4805 Τί
3754 4751 3815 4803 τδ
3852 4767 4030 4820 παρα-

753 4845 1060 4914 aspiciens:
1096 4844 1238 4911 Quid
1263 4845 1364 4901 fuit
1397 4863 1593 4908 causae.
1628 4848 1829 4918 inquit,
1863 4867 1896 4906 ο
1921 4851 2141 4918 mulier,
2183 4855 2330 4925 quod

2441 4858 2718 4912 σκευασαν
2749 4871 2831 4920 σε,
2884 4850 3131 4920 γύναιον,
3165 4847 3296 4917 ἔφη.
3346 4845 3668 4916 τηλικοῦτον
3710 4843 3837 4898 καθ’
3869 4844 4029 4914 ἡμῶν

752 4950 859 4991 tam
906 4939 1082 4993 audax
1132 4949 1373 5010 emptum
1429 4941 1481 4994 in
1517 4955 1621 4996 nus
1665 4940 1739 4996 sis
1780 4956 2051 5012 aggressa,
2097 4953 2153 5000 et
2201 4961 2324 5016 quae

2436 4950 2688 5005 ὑπελθεῖν
2718 4946 2999 5016 τόλμημα,
3033 4942 3130 4996 καὶ
3161 4942 3281 4995 κατ’
3315 4940 3470 4994 οὐδὲν
3497 4941 3632 5009 ἡμῖν
3668 4938 4025 5008 προσήκοντα

753 5030 913 5085 nobis
959 5045 1070 5085 non
1117 5032 1504 5097 conveniebat,
1553 5033 1913 5088 tentationem
1956 5044 2012 5090 et
2059 5037 2323 5104 probrum

2436 5040 2744 5114 πειρασμὸν
2771 5037 2867 5091 καὶ
2903 5035 3106 5097 ὄνειδος
3146 5031 3541 5103 ἐπιτρίψασθαο
3576 5030 3638 5084 τδ
3669 5028 3858 5082 λαθεῖν
3900 5031 4020 5100 χρε-

753 5123 1039 5186 music-ris,
1064 5131 1280 5180 tantum
1303 5136 1519 5196 tempus
1546 5126 1771 5184 studens
1793 5127 2003 5184 latere?
2024 5130 2118 5185 llla
2141 5142 2324 5186 autem

2436 5152 2519 5190 νον
2558 5131 2814 5187 τοσοῦτον
2848 5127 3321 5198 ὲπιτῃδεύσασαν;
3370 5123 3436 5178 Ἦ
3474 5122 3553 5187 δέ,
3582 5121 3643 5175 τὸ
3668 5121 3862 5190 λεχθὲν
3902 5137 4022 5173 συν-

756 5216 808 5269 id
856 5215 1003 5283 quod
1046 5214 1256 5271 dictum
1300 5215 1500 5281 fuerat,
1549 5218 1885 5289 intelligens,
1932 5229 1986 5275 et
2026 5221 2326 5278 formidans

2436 5229 2555 5280 εἰσα
2606 5222 2702 5275 καὶ
2751 5220 2814 5273 τὸ
2847 5218 3121 5287 αὐστηρὸν
3152 5210 3528 5282 ὑποπτήξασα
3577 5209 3684 5262 τῶν
3707 5209 4020 5278 ῖρημάτων,

758 5310 1163 5374 austeritatem,
1212 5318 1269 5364 et
1319 5327 1438 5377 qua:
1492 5312 1546 5365 in
1587 5313 1710 5382 ejus
1766 5314 1920 5369 vultu
1971 5325 2326 5384 apparuerat,

2440 5320 2576 5391 πρὸς
2606 5318 2663 5371 δέ
2689 5317 2782 5370 καὶ
2812 5313 2872 5368 τδ
2919 5311 3047 5381 περὶ
3082 5310 3178 5380 τὴν
3226 5306 3349 5377 δψιν
3393 5305 3655 5373 ἐπιφανὲν
3708 5301 3880 5357 αὑτοῦ
3927 5301 4022 5368 τῆς

759 5401 1080 5456 acerbitatis
1111 5401 1261 5456 nube
1313 5403 1710 5472 obstupefacta,
1736 5415 1789 5459 et
1826 5407 2062 5463 maxime
2114 5409 2184 5463 iis
2215 5425 2333 5478 quae

2445 5411 2668 5480 πικρίας
2699 5407 2859 5476 νέφος
2889 5401 3326 5473 καταπλαγεῖσα,
3367 5397 3604 5468 μάλιστα
3644 5395 3738 5446 καὶ
3769 5393 3872 5461 τὴν
3904 5410 4022 5444 συν-

763 5494 910 5549 dicta
931 5502 1113 5560 erant,
1133 5495 1507 5550 testimonium
1530 5495 1798 5552 ferentem
1829 5499 2036 5554 habens
2054 5503 2333 5555 conscien-

2445 5503 2654 5572 είδησιν
2679 5498 2875 5570 ἔχουσα
2911 5491 3299 5564 μαρτυροῦσαν
3336 5491 3448 5550 τοῖς
3483 5485 3824 5556 είρημένοις,
3859 5499 4020 5535 κατα-

766 5587 920 5651 tiam,
954 5602 1012 5642 se
1063 5588 1290 5656 quidem
1343 5590 1528 5644 statim
1577 5590 1729 5645 humi
1784 5593 2119 5661 prosternit,
2165 5595 2333 5650 sancti

2449 5594 2634 5649 ϐάλλει
2684 5592 2784 5662 μὲν
2836 5590 3037 5658 ἑαυτὴν
3081 5582 3240 5646 εὐθὺς
3289 5584 3369 5645 είς
3415 5579 3476 5633 τδ
3520 5578 3738 5647 ῐδαφος,
3786 5575 3900 5626 τῶν
3933 5572 4021 5626 τοῦ

759 5697 888 5736 vero
916 5680 1084 5750 pedes
1119 5681 1484 5751 preliensans,
1521 5682 1685 5739 verba
1719 5700 1837 5755 qum
1863 5685 2093 5741 multum
2122 5687 2333 5756 quidem

2449 5685 2596 5741 ὁσίου
2653 5683 2708 5736 δὲ
2764 5679 2937 5735 ποδῶν
2992 5673 3359 5746 ἐπιλαϐομένη
3412 5671 3608 5740 λόγους
3653 5667 3788 5722 πολὺ
3841 5666 3941 5737 μὶν
3972 5665 4022 5717 τὸ

844 5862 862 5888 ¹
893 5859 1004 5916 Luc
1065 5876 1179 5926 xm,
1213 5861 1281 5914 3'5
1308 5876 1458 5932 seqq.
