  <div class='ocr_page' id='page_1' title='image "/cluster/home/n/w/nwhite01/storage/ocr_20150623/116/nnc1.0046980156/536.png"; bbox 0 0 4214 6444; ppageno 0'>
   <div class='ocr_carea' id='block_1_1' title="bbox 212 410 329 472">
    <p class='ocr_par' dir='ltr' id='par_1_1' title="bbox 212 410 329 472">
     <span class='ocr_line' id='line_1_1' title="bbox 212 410 329 472; baseline 0.026 -4"><span class='ocrx_word' id='word_1_1' title='bbox 212 410 329 472; x_wconf 76' lang='lat'><strong>999</strong></span> 
     </span>
    </p>
   </div>
   <div class='ocr_carea' id='block_1_2' title="bbox 1490 407 2227 470">
    <p class='ocr_par' dir='ltr' id='par_1_2' title="bbox 1490 407 2227 470">
     <span class='ocr_line' id='line_1_2' title="bbox 1490 407 2227 470; baseline 0 -1"><span class='ocrx_word' id='word_1_2' title='bbox 1490 409 1661 469; x_wconf 71' lang='lat' dir='ltr'><strong>VITA</strong></span> <span class='ocrx_word' id='word_1_3' title='bbox 1708 410 1767 470; x_wconf 85' lang='lat' dir='ltr'><strong>S.</strong></span> <span class='ocrx_word' id='word_1_4' title='bbox 1816 407 2227 469; x_wconf 63' lang='lat' dir='ltr'><strong>MATRONsﬁ.</strong></span> 
     </span>
    </p>
   </div>
   <div class='ocr_carea' id='block_1_3' title="bbox 3369 411 3470 474">
    <p class='ocr_par' dir='ltr' id='par_1_3' title="bbox 3369 411 3470 474">
     <span class='ocr_line' id='line_1_3' title="bbox 3369 411 3470 474; baseline -0.04 0"><span class='ocrx_word' id='word_1_5' title='bbox 3369 411 3470 474; x_wconf 80' lang='lat'><strong>930</strong></span> 
     </span>
    </p>
   </div>
   <div class='ocr_carea' id='block_1_4' title="bbox 205 520 1785 593">
    <p class='ocr_par' dir='ltr' id='par_1_4' title="bbox 205 522 1783 593">
     <span class='ocr_line' id='line_1_4' title="bbox 205 522 1783 593; baseline -0.003 -18"><span class='ocrx_word' id='word_1_6' title='bbox 205 522 468 575; x_wconf 66' lang='grc' dir='ltr'>ταπεινὸν</span> <span class='ocrx_word' id='word_1_7' title='bbox 493 523 736 593; x_wconf 76' lang='grc' dir='ltr'>ἔχοντας,</span> <span class='ocrx_word' id='word_1_8' title='bbox 771 523 923 589; x_wconf 76' lang='grc' dir='ltr'>μόλις</span> <span class='ocrx_word' id='word_1_9' title='bbox 955 523 1009 574; x_wconf 73' lang='grc' dir='ltr'><strong>δὲ</strong></span> <span class='ocrx_word' id='word_1_10' title='bbox 1049 522 1561 590; x_wconf 65' lang='grc' dir='ltr'>ὖτοφθεγγομὲνους</span> <span class='ocrx_word' id='word_1_11' title='bbox 1588 522 1783 587; x_wconf 80' lang='grc' dir='ltr'>προΐει,</span> 
     </span>
    </p>
   </div>
   <div class='ocr_carea' id='block_1_5' title="bbox 1880 520 3463 593">
    <p class='ocr_par' dir='ltr' id='par_1_5' title="bbox 1892 520 3463 590">
     <span class='ocr_line' id='line_1_5' title="bbox 1892 520 3463 590; baseline 0.003 -19"><span class='ocrx_word' id='word_1_12' title='bbox 1892 520 2166 574; x_wconf 85' lang='lat' dir='ltr'><strong>habebant</strong></span> <span class='ocrx_word' id='word_1_13' title='bbox 2218 521 2578 584; x_wconf 67' lang='lat' dir='ltr'><strong>humilitatis,</strong></span> <span class='ocrx_word' id='word_1_14' title='bbox 2632 522 2715 573; x_wconf 68' lang='lat' dir='ltr'><strong>vix</strong></span> <span class='ocrx_word' id='word_1_15' title='bbox 2774 532 2959 575; x_wconf 80' lang='lat' dir='ltr'><strong>autem</strong></span> <span class='ocrx_word' id='word_1_16' title='bbox 3009 523 3463 590; x_wconf 70' lang='lat' dir='ltr'><strong>proferebantur,</strong></span> 
     </span>
    </p>
   </div>
   <div class='ocr_carea' id='block_1_6' title="bbox 204 606 1778 682">
    <p class='ocr_par' dir='ltr' id='par_1_6' title="bbox 204 606 1778 682">
     <span class='ocr_line' id='line_1_6' title="bbox 204 606 1778 682; baseline -0.003 -17"><span class='ocrx_word' id='word_1_17' title='bbox 204 615 282 665; x_wconf 79' lang='grc' dir='ltr'><strong>υύ</strong></span> <span class='ocrx_word' id='word_1_18' title='bbox 318 615 641 682; x_wconf 72' lang='grc' dir='ltr'>πειρασμὸν,</span> <span class='ocrx_word' id='word_1_19' title='bbox 667 606 713 665; x_wconf 80' lang='grc' dir='ltr'>ὣ</span> <span class='ocrx_word' id='word_1_20' title='bbox 738 613 993 675; x_wconf 78' lang='grc' dir='ltr'>δέσποτα,</span> <span class='ocrx_word' id='word_1_21' title='bbox 1031 613 1286 679; x_wconf 79' lang='grc' dir='ltr'>λέγουσα,</span> <span class='ocrx_word' id='word_1_22' title='bbox 1324 613 1621 678; x_wconf 71' lang='grc' dir='ltr'><strong>ἐπαγαγεῖν</strong></span> <span class='ocrx_word' id='word_1_23' title='bbox 1659 610 1778 678; x_wconf 76' lang='grc' dir='ltr'>βου-</span> 
     </span>
    </p>
   </div>
   <div class='ocr_carea' id='block_1_7' title="bbox 202 702 1781 779">
    <p class='ocr_par' dir='ltr' id='par_1_7' title="bbox 202 702 1781 779">
     <span class='ocr_line' id='line_1_7' title="bbox 202 702 1781 779; baseline -0.003 -22"><span class='ocrx_word' id='word_1_24' title='bbox 202 707 432 776; x_wconf 79' lang='grc' dir='ltr'>λομένη.</span> <span class='ocrx_word' id='word_1_25' title='bbox 475 710 540 775; x_wconf 77' lang='grc' dir='ltr'>τῇ</span> <span class='ocrx_word' id='word_1_26' title='bbox 577 706 784 779; x_wconf 81' lang='grc' dir='ltr'><strong>ποίμνῃ</strong></span> <span class='ocrx_word' id='word_1_27' title='bbox 825 707 1069 775; x_wconf 60' lang='grc' dir='ltr'>ἐμαυτὴν</span> <span class='ocrx_word' id='word_1_28' title='bbox 1109 705 1465 773; x_wconf 66' lang='grc' dir='ltr'>ἐγκατέλεξα,</span> <span class='ocrx_word' id='word_1_29' title='bbox 1519 702 1654 757; x_wconf 72' lang='grc' dir='ltr'>ἀλλὰ</span> <span class='ocrx_word' id='word_1_30' title='bbox 1692 702 1781 753; x_wconf 70' lang='grc' dir='ltr'><strong>τὸν</strong></span> 
     </span>
    </p>
   </div>
   <div class='ocr_carea' id='block_1_8' title="bbox 200 782 1805 866">
    <p class='ocr_par' dir='ltr' id='par_1_8' title="bbox 200 782 1805 866">
     <span class='ocr_line' id='line_1_8' title="bbox 200 782 1805 866; baseline -0.006 -16"><span class='ocrx_word' id='word_1_31' title='bbox 200 799 315 851; x_wconf 70' lang='grc' dir='ltr'>ἀπὸ</span> <span class='ocrx_word' id='word_1_32' title='bbox 346 798 459 850; x_wconf 81' lang='grc' dir='ltr'><strong>τῶν</strong></span> <span class='ocrx_word' id='word_1_33' title='bbox 498 798 759 851; x_wconf 65' lang='grc' dir='ltr'>ἐναντίων</span> <span class='ocrx_word' id='word_1_34' title='bbox 805 799 1008 866; x_wconf 82' lang='grc' dir='ltr'>μᾶλλον</span> <span class='ocrx_word' id='word_1_35' title='bbox 1055 798 1426 864; x_wconf 84' lang='grc' dir='ltr'>διαφεύγουσα</span> <span class='ocrx_word' id='word_1_36' title='bbox 1477 782 1805 864; x_wconf 69' lang='grc' dir='ltr'>πειρασμὸν</span> 
     </span>
    </p>
   </div>
   <div class='ocr_carea' id='block_1_9' title="bbox 202 883 1785 963">
    <p class='ocr_par' dir='ltr' id='par_1_9' title="bbox 202 883 1785 963">
     <span class='ocr_line' id='line_1_9' title="bbox 202 883 1785 963; baseline -0.003 -19"><span class='ocrx_word' id='word_1_37' title='bbox 202 892 429 954; x_wconf 73' lang='grc' dir='ltr'>καὶτὰς</span> <span class='ocrx_word' id='word_1_38' title='bbox 459 894 518 944; x_wconf 70' lang='grc' dir='ltr'><strong>εν</strong></span> <span class='ocrx_word' id='word_1_39' title='bbox 556 891 635 962; x_wconf 79' lang='grc' dir='ltr'><strong>τῷ</strong></span> <span class='ocrx_word' id='word_1_40' title='bbox 668 892 769 963; x_wconf 78' lang='grc' dir='ltr'><strong>βίῳ</strong></span> <span class='ocrx_word' id='word_1_41' title='bbox 819 892 1001 957; x_wconf 81' lang='grc' dir='ltr'>πάγας</span> <span class='ocrx_word' id='word_1_42' title='bbox 1038 890 1385 943; x_wconf 69' lang='grc' dir='ltr'>ἐκκλίνουσα.</span> <span class='ocrx_word' id='word_1_43' title='bbox 1426 887 1567 954; x_wconf 76' lang='grc' dir='ltr'>Πρὸς</span> <span class='ocrx_word' id='word_1_44' title='bbox 1591 886 1658 955; x_wconf 84' lang='grc' dir='ltr'>ῆν</span> <span class='ocrx_word' id='word_1_45' title='bbox 1691 883 1785 939; x_wconf 70' lang='grc' dir='ltr'><strong>αὗ-</strong></span> 
     </span>
    </p>
   </div>
   <div class='ocr_carea' id='block_1_10' title="bbox 202 981 1782 1057">
    <p class='ocr_par' dir='ltr' id='par_1_10' title="bbox 202 981 1782 1057">
     <span class='ocr_line' id='line_1_10' title="bbox 202 981 1782 1057; baseline -0.004 -19"><span class='ocrx_word' id='word_1_46' title='bbox 202 987 292 1049; x_wconf 77' lang='grc' dir='ltr'><strong>θις</strong></span> <span class='ocrx_word' id='word_1_47' title='bbox 322 990 347 1038; x_wconf 78' lang='grc' dir='ltr'>ὁ</span> <span class='ocrx_word' id='word_1_48' title='bbox 381 986 646 1048; x_wconf 79' lang='grc' dir='ltr'>Βασιανὸς</span> <span class='ocrx_word' id='word_1_49' title='bbox 688 986 1029 1057; x_wconf 77' lang='grc' dir='ltr'>ἁπεκρίνατο</span> <span class='ocrx_word' id='word_1_50' title='bbox 1050 1000 1064 1015; x_wconf 72' lang='grc'><strong>⁸</strong></span> <span class='ocrx_word' id='word_1_51' title='bbox 1093 985 1214 1047; x_wconf 89' lang='grc' dir='ltr'><strong>11ὦς</strong></span> <span class='ocrx_word' id='word_1_52' title='bbox 1259 984 1312 1036; x_wconf 84' lang='grc' dir='ltr'><strong>δὲ</strong></span> <span class='ocrx_word' id='word_1_53' title='bbox 1366 984 1461 1037; x_wconf 72' lang='grc' dir='ltr'><strong>καὶ</strong></span> <span class='ocrx_word' id='word_1_54' title='bbox 1488 981 1626 1050; x_wconf 79' lang='grc' dir='ltr'>γυνὴ</span> <span class='ocrx_word' id='word_1_55' title='bbox 1654 999 1782 1047; x_wconf 81' lang='grc' dir='ltr'>τυγ-</span> 
     </span>
    </p>
   </div>
   <div class='ocr_carea' id='block_1_11' title="bbox 200 1074 1781 1148">
    <p class='ocr_par' dir='ltr' id='par_1_11' title="bbox 200 1074 1781 1148">
     <span class='ocr_line' id='line_1_11' title="bbox 200 1074 1781 1148; baseline -0.001 -16"><span class='ocrx_word' id='word_1_56' title='bbox 200 1080 443 1148; x_wconf 72' lang='grc' dir='ltr'>χανουσα</span> <span class='ocrx_word' id='word_1_57' title='bbox 476 1082 590 1143; x_wconf 77' lang='grc' dir='ltr'>τοῖς</span> <span class='ocrx_word' id='word_1_58' title='bbox 636 1078 804 1141; x_wconf 83' lang='grc' dir='ltr'>θείοις</span> <span class='ocrx_word' id='word_1_59' title='bbox 858 1076 1183 1147; x_wconf 71' lang='grc' dir='ltr'><strong>μυστηρίοις</strong></span> <span class='ocrx_word' id='word_1_60' title='bbox 1226 1077 1407 1145; x_wconf 82' lang='grc' dir='ltr'>γυμνῇ</span> <span class='ocrx_word' id='word_1_61' title='bbox 1463 1074 1781 1145; x_wconf 76' lang='grc' dir='ltr'>προσήρχου</span> 
     </span>
    </p>
   </div>
   <div class='ocr_carea' id='block_1_12' title="bbox 199 1167 1777 1243">
    <p class='ocr_par' dir='ltr' id='par_1_12' title="bbox 199 1167 1777 1243">
     <span class='ocr_line' id='line_1_12' title="bbox 199 1167 1777 1243; baseline -0.004 -18"><span class='ocrx_word' id='word_1_62' title='bbox 199 1177 271 1243; x_wconf 80' lang='grc' dir='ltr'>τῇ</span> <span class='ocrx_word' id='word_1_63' title='bbox 303 1174 536 1242; x_wconf 74' lang='grc' dir='ltr'>κεφαλῇ,</span> <span class='ocrx_word' id='word_1_64' title='bbox 584 1174 679 1225; x_wconf 77' lang='grc' dir='ltr'><strong>καὶ</strong></span> <span class='ocrx_word' id='word_1_65' title='bbox 724 1176 781 1225; x_wconf 82' lang='grc' dir='ltr'>ὲν</span> <span class='ocrx_word' id='word_1_66' title='bbox 830 1172 908 1237; x_wconf 84' lang='grc' dir='ltr'>τῷ</span> <span class='ocrx_word' id='word_1_67' title='bbox 957 1171 1095 1241; x_wconf 79' lang='grc' dir='ltr'>πρὸς</span> <span class='ocrx_word' id='word_1_68' title='bbox 1150 1173 1375 1240; x_wconf 75' lang='grc' dir='ltr'>εἰρήνην</span> <span class='ocrx_word' id='word_1_69' title='bbox 1412 1168 1693 1237; x_wconf 82' lang='grc' dir='ltr'>ἀσπασμῷ</span> <span class='ocrx_word' id='word_1_70' title='bbox 1719 1167 1777 1219; x_wconf 73' lang='grc' dir='ltr'>τὸ</span> 
     </span>
    </p>
   </div>
   <div class='ocr_carea' id='block_1_13' title="bbox 204 1260 1780 1334">
    <p class='ocr_par' dir='ltr' id='par_1_13' title="bbox 204 1260 1780 1334">
     <span class='ocr_line' id='line_1_13' title="bbox 204 1260 1780 1334; baseline -0.004 -17"><span class='ocrx_word' id='word_1_71' title='bbox 204 1266 386 1334; x_wconf 79' lang='grc' dir='ltr'>στόμα</span> <span class='ocrx_word' id='word_1_72' title='bbox 422 1267 535 1327; x_wconf 83' lang='grc' dir='ltr'>τοῖς</span> <span class='ocrx_word' id='word_1_73' title='bbox 584 1264 831 1331; x_wconf 76' lang='grc' dir='ltr'><strong>ἀδελφοῖς</strong></span> <span class='ocrx_word' id='word_1_74' title='bbox 878 1264 1050 1325; x_wconf 79' lang='grc' dir='ltr'>ἀδεῶς</span> <span class='ocrx_word' id='word_1_75' title='bbox 1094 1264 1352 1331; x_wconf 79' lang='grc' dir='ltr'>ὑπεῖχες;</span> <span class='ocrx_word' id='word_1_76' title='bbox 1396 1262 1459 1314; x_wconf 81' lang='grc' dir='ltr'><strong><em>Ἠ</em></strong></span> <span class='ocrx_word' id='word_1_77' title='bbox 1511 1260 1590 1322; x_wconf 76' lang='grc' dir='ltr'>δὲ,</span> <span class='ocrx_word' id='word_1_78' title='bbox 1647 1260 1780 1329; x_wconf 67' lang='grc' dir='ltr'>Περὶ</span> 
     </span>
    </p>
   </div>
   <div class='ocr_carea' id='block_1_14' title="bbox 208 1354 1779 1427">
    <p class='ocr_par' dir='ltr' id='par_1_14' title="bbox 208 1354 1779 1427">
     <span class='ocr_line' id='line_1_14' title="bbox 208 1354 1779 1427; baseline -0.004 -18"><span class='ocrx_word' id='word_1_79' title='bbox 208 1359 312 1426; x_wconf 84' lang='grc' dir='ltr'>μὲν</span> <span class='ocrx_word' id='word_1_80' title='bbox 356 1358 425 1410; x_wconf 74' lang='grc' dir='ltr'>τὰ</span> <span class='ocrx_word' id='word_1_81' title='bbox 469 1360 588 1410; x_wconf 85' lang='grc' dir='ltr'>θεῖα</span> <span class='ocrx_word' id='word_1_82' title='bbox 617 1356 786 1427; x_wconf 80' lang='grc' dir='ltr'>δῶρα,</span> <span class='ocrx_word' id='word_1_83' title='bbox 808 1356 964 1425; x_wconf 75' lang='grc' dir='ltr'>φησὶ,</span> <span class='ocrx_word' id='word_1_84' title='bbox 1000 1356 1443 1427; x_wconf 76' lang='grc' dir='ltr'><strong>προσποιουμένη</strong></span> <span class='ocrx_word' id='word_1_85' title='bbox 1475 1354 1779 1414; x_wconf 74' lang='grc' dir='ltr'>ἀσθένειαν,</span> 
     </span>
    </p>
   </div>
   <div class='ocr_carea' id='block_1_15' title="bbox 200 1447 1779 1520">
    <p class='ocr_par' dir='ltr' id='par_1_15' title="bbox 200 1447 1779 1520">
     <span class='ocr_line' id='line_1_15' title="bbox 200 1447 1779 1520; baseline -0.004 -18"><span class='ocrx_word' id='word_1_86' title='bbox 200 1453 267 1502; x_wconf 79' lang='grc' dir='ltr'>οὖ</span> <span class='ocrx_word' id='word_1_87' title='bbox 308 1451 376 1505; x_wconf 80' lang='grc' dir='ltr'><strong>δι’</strong></span> <span class='ocrx_word' id='word_1_88' title='bbox 413 1452 533 1503; x_wconf 86' lang='grc' dir='ltr'>ὅλου</span> <span class='ocrx_word' id='word_1_89' title='bbox 576 1451 638 1502; x_wconf 78' lang='grc' dir='ltr'><strong>τὸ</strong></span> <span class='ocrx_word' id='word_1_90' title='bbox 671 1452 808 1520; x_wconf 77' lang='grc' dir='ltr'>πρὸς</span> <span class='ocrx_word' id='word_1_91' title='bbox 849 1453 918 1519; x_wconf 80' lang='grc' dir='ltr'><strong>τῇ</strong></span> <span class='ocrx_word' id='word_1_92' title='bbox 959 1449 1169 1519; x_wconf 79' lang='grc' dir='ltr'><strong>κεφαλῇ</strong></span> <span class='ocrx_word' id='word_1_93' title='bbox 1214 1450 1480 1516; x_wconf 77' lang='grc' dir='ltr'><strong>κάλυμμα</strong></span> <span class='ocrx_word' id='word_1_94' title='bbox 1527 1447 1779 1507; x_wconf 73' lang='grc' dir='ltr'>ἕλκουσα,</span> 
     </span>
    </p>
   </div>
   <div class='ocr_carea' id='block_1_16' title="bbox 201 1538 1778 1612">
    <p class='ocr_par' dir='ltr' id='par_1_16' title="bbox 201 1538 1778 1612">
     <span class='ocr_line' id='line_1_16' title="bbox 201 1538 1778 1612; baseline -0.006 -16"><span class='ocrx_word' id='word_1_95' title='bbox 201 1543 351 1596; x_wconf 74' lang='grc' dir='ltr'>οὕτω</span> <span class='ocrx_word' id='word_1_96' title='bbox 378 1547 444 1612; x_wconf 76' lang='grc' dir='ltr'>τῇ</span> <span class='ocrx_word' id='word_1_97' title='bbox 479 1543 778 1611; x_wconf 79' lang='grc' dir='ltr'><strong>μεταλήψει</strong></span> <span class='ocrx_word' id='word_1_98' title='bbox 817 1542 925 1594; x_wconf 82' lang='grc' dir='ltr'>τῶν</span> <span class='ocrx_word' id='word_1_99' title='bbox 975 1541 1293 1610; x_wconf 79' lang='grc' dir='ltr'><strong>μυστηρίων</strong></span> <span class='ocrx_word' id='word_1_100' title='bbox 1333 1538 1778 1609; x_wconf 74' lang='grc' dir='ltr'>προσεφερόμην·</span> 
     </span>
    </p>
   </div>
   <div class='ocr_carea' id='block_1_17' title="bbox 200 1631 1782 1705">
    <p class='ocr_par' dir='ltr' id='par_1_17' title="bbox 200 1631 1782 1705">
     <span class='ocr_line' id='line_1_17' title="bbox 200 1631 1782 1705; baseline -0.004 -16"><span class='ocrx_word' id='word_1_101' title='bbox 200 1639 266 1689; x_wconf 71' lang='grc' dir='ltr'><strong>τὸ</strong></span> <span class='ocrx_word' id='word_1_102' title='bbox 295 1638 349 1689; x_wconf 83' lang='grc' dir='ltr'><strong>δὲ</strong></span> <span class='ocrx_word' id='word_1_103' title='bbox 385 1638 480 1704; x_wconf 67' lang='grc' dir='ltr'>τῆς</span> <span class='ocrx_word' id='word_1_104' title='bbox 513 1637 735 1705; x_wconf 81' lang='grc' dir='ltr'><strong>ἀγάπης</strong></span> <span class='ocrx_word' id='word_1_105' title='bbox 772 1637 905 1704; x_wconf 75' lang='grc' dir='ltr'>πρὸς</span> <span class='ocrx_word' id='word_1_106' title='bbox 938 1638 1062 1696; x_wconf 72' lang='grc' dir='ltr'>τοὺς</span> <span class='ocrx_word' id='word_1_107' title='bbox 1097 1633 1356 1699; x_wconf 81' lang='grc' dir='ltr'>ἀδελφοὺς</span> <span class='ocrx_word' id='word_1_108' title='bbox 1391 1632 1659 1700; x_wconf 74' lang='grc' dir='ltr'>σύμϐολον</span> <span class='ocrx_word' id='word_1_109' title='bbox 1696 1631 1782 1683; x_wconf 61' lang='grc' dir='ltr'><strong>οὐ·</strong></span> 
     </span>
    </p>
   </div>
   <div class='ocr_carea' id='block_1_18' title="bbox 200 1723 1782 1800">
    <p class='ocr_par' dir='ltr' id='par_1_18' title="bbox 200 1723 1782 1800">
     <span class='ocr_line' id='line_1_18' title="bbox 200 1723 1782 1800; baseline -0.005 -18"><span class='ocrx_word' id='word_1_110' title='bbox 200 1731 394 1799; x_wconf 80' lang='grc' dir='ltr'>δαμῶς</span> <span class='ocrx_word' id='word_1_111' title='bbox 428 1729 824 1800; x_wconf 56' lang='grc' dir='ltr'>παρῃτούμην</span> <span class='ocrx_word' id='word_1_112' title='bbox 873 1729 993 1782; x_wconf 72' lang='grc' dir='ltr'><strong>οὐδὲ</strong></span> <span class='ocrx_word' id='word_1_113' title='bbox 1022 1730 1130 1797; x_wconf 62' lang='grc' dir='ltr'>γὰρ</span> <span class='ocrx_word' id='word_1_114' title='bbox 1175 1726 1537 1795; x_wconf 82' lang='grc' dir='ltr'>ἀνθρωπίνοις</span> <span class='ocrx_word' id='word_1_115' title='bbox 1580 1723 1782 1792; x_wconf 83' lang='grc' dir='ltr'>στόμα-</span> 
     </span>
    </p>
   </div>
   <div class='ocr_carea' id='block_1_19' title="bbox 203 1818 1778 1891">
    <p class='ocr_par' dir='ltr' id='par_1_19' title="bbox 203 1818 1778 1891">
     <span class='ocr_line' id='line_1_19' title="bbox 203 1818 1778 1891; baseline -0.002 -17"><span class='ocrx_word' id='word_1_116' title='bbox 203 1840 314 1885; x_wconf 86' lang='grc' dir='ltr'>σιν,</span> <span class='ocrx_word' id='word_1_117' title='bbox 355 1822 466 1874; x_wconf 78' lang='grc' dir='ltr'>ἀλλ’</span> <span class='ocrx_word' id='word_1_118' title='bbox 512 1821 823 1891; x_wconf 83' lang='grc' dir='ltr'>ἀνθρώποις</span> <span class='ocrx_word' id='word_1_119' title='bbox 863 1822 961 1891; x_wconf 79' lang='grc' dir='ltr'>τὴν</span> <span class='ocrx_word' id='word_1_120' title='bbox 1006 1820 1301 1888; x_wconf 75' lang='grc' dir='ltr'><strong>ἀγγελικὴν</strong></span> <span class='ocrx_word' id='word_1_121' title='bbox 1342 1818 1597 1884; x_wconf 77' lang='grc' dir='ltr'>ζηλοῦσιν</span> <span class='ocrx_word' id='word_1_122' title='bbox 1640 1818 1778 1871; x_wconf 70' lang='grc' dir='ltr'><strong>ἁπά-</strong></span> 
     </span>
    </p>
   </div>
   <div class='ocr_carea' id='block_1_20' title="bbox 202 1912 1424 1984">
    <p class='ocr_par' dir='ltr' id='par_1_20' title="bbox 202 1912 1424 1984">
     <span class='ocr_line' id='line_1_20' title="bbox 202 1912 1424 1984; baseline 0 -17"><span class='ocrx_word' id='word_1_123' title='bbox 202 1915 360 1967; x_wconf 81' lang='grc' dir='ltr'>θειαν</span> <span class='ocrx_word' id='word_1_124' title='bbox 396 1918 694 1983; x_wconf 80' lang='grc' dir='ltr'>προσάγειν</span> <span class='ocrx_word' id='word_1_125' title='bbox 741 1916 984 1984; x_wconf 80' lang='grc' dir='ltr'>ἐμαυτὴν</span> <span class='ocrx_word' id='word_1_126' title='bbox 1020 1912 1424 1982; x_wconf 74' lang='grc' dir='ltr'>ὑπελάμόανον.</span> 
     </span>
    </p>
   </div>
   <div class='ocr_carea' id='block_1_21' title="bbox 280 2003 1778 2077">
    <p class='ocr_par' dir='ltr' id='par_1_21' title="bbox 280 2003 1778 2077">
     <span class='ocr_line' id='line_1_21' title="bbox 280 2003 1778 2077; baseline -0.005 -16"><span class='ocrx_word' id='word_1_127' title='bbox 280 2010 337 2061; x_wconf 75' lang='grc' dir='ltr'><strong>ιν.</strong></span> <span class='ocrx_word' id='word_1_128' title='bbox 374 2008 510 2077; x_wconf 78' lang='grc' dir='ltr'>Πρὸς</span> <span class='ocrx_word' id='word_1_129' title='bbox 539 2008 602 2060; x_wconf 63' lang='grc' dir='ltr'>δὲ</span> <span class='ocrx_word' id='word_1_130' title='bbox 646 2008 742 2076; x_wconf 75' lang='grc' dir='ltr'>τὴν</span> <span class='ocrx_word' id='word_1_131' title='bbox 783 2007 1012 2075; x_wconf 76' lang='grc' dir='ltr'>συνετὴν</span> <span class='ocrx_word' id='word_1_132' title='bbox 1046 2005 1252 2074; x_wconf 82' lang='grc' dir='ltr'>ταύτην</span> <span class='ocrx_word' id='word_1_133' title='bbox 1282 2004 1576 2074; x_wconf 64' lang='grc' dir='ltr'>ἀπόκρισιν</span> <span class='ocrx_word' id='word_1_134' title='bbox 1609 2005 1636 2057; x_wconf 94' lang='lat'><strong>6</strong></span> <span class='ocrx_word' id='word_1_135' title='bbox 1672 2003 1778 2054; x_wconf 81' lang='lat' dir='ltr'><strong>Ba-</strong></span> 
     </span>
    </p>
   </div>
   <div class='ocr_carea' id='block_1_22' title="bbox 206 2096 1780 2165">
    <p class='ocr_par' dir='ltr' id='par_1_22' title="bbox 206 2096 1780 2165">
     <span class='ocr_line' id='line_1_22' title="bbox 206 2096 1780 2165; baseline -0.007 -12"><span class='ocrx_word' id='word_1_136' title='bbox 206 2102 389 2163; x_wconf 72' lang='lat' dir='ltr'><strong>aizvb;</strong></span> <span class='ocrx_word' id='word_1_137' title='bbox 415 2099 729 2165; x_wconf 70' lang='grc' dir='ltr'>ἐκπλαγεὶς,</span> <span class='ocrx_word' id='word_1_138' title='bbox 766 2098 873 2149; x_wconf 77' lang='grc' dir='ltr'><strong>Καὶ</strong></span> <span class='ocrx_word' id='word_1_139' title='bbox 930 2097 1017 2149; x_wconf 69' lang='grc' dir='ltr'><strong>διὰ</strong></span> <span class='ocrx_word' id='word_1_140' title='bbox 1053 2098 1102 2148; x_wconf 87' lang='grc' dir='ltr'><strong>τί</strong></span> <span class='ocrx_word' id='word_1_141' title='bbox 1144 2097 1220 2165; x_wconf 83' lang='grc' dir='ltr'><strong>μὴ</strong></span> <span class='ocrx_word' id='word_1_142' title='bbox 1255 2096 1425 2164; x_wconf 79' lang='grc' dir='ltr'>ἑτέρῳ</span> <span class='ocrx_word' id='word_1_143' title='bbox 1460 2109 1780 2163; x_wconf 79' lang='grc' dir='ltr'>φροντιστη·</span> 
     </span>
    </p>
   </div>
   <div class='ocr_carea' id='block_1_23' title="bbox 206 2184 1779 2262">
    <p class='ocr_par' dir='ltr' id='par_1_23' title="bbox 206 2184 1779 2262">
     <span class='ocr_line' id='line_1_23' title="bbox 206 2184 1779 2262; baseline -0.006 -19"><span class='ocrx_word' id='word_1_144' title='bbox 206 2194 330 2262; x_wconf 77' lang='grc' dir='ltr'>ρίῳ,</span> <span class='ocrx_word' id='word_1_145' title='bbox 365 2195 519 2261; x_wconf 69' lang='grc' dir='ltr'>φηῖὶ,</span> <span class='ocrx_word' id='word_1_146' title='bbox 571 2194 665 2245; x_wconf 78' lang='grc' dir='ltr'><strong>καὶ</strong></span> <span class='ocrx_word' id='word_1_147' title='bbox 709 2184 753 2258; x_wconf 84' lang='grc' dir='ltr'>ᾧ</span> <span class='ocrx_word' id='word_1_148' title='bbox 778 2188 1020 2258; x_wconf 65' lang='grc' dir='ltr'>γυναιξὶν</span> <span class='ocrx_word' id='word_1_149' title='bbox 1064 2187 1508 2256; x_wconf 78' lang='grc' dir='ltr'>ἔφείταιδιάγειν</span> <span class='ocrx_word' id='word_1_150' title='bbox 1549 2184 1779 2253; x_wconf 74' lang='grc' dir='ltr'>σεαυτὴν</span> 
     </span>
    </p>
   </div>
   <div class='ocr_carea' id='block_1_24' title="bbox 203 2274 1778 2350">
    <p class='ocr_par' dir='ltr' id='par_1_24' title="bbox 203 2274 1778 2350">
     <span class='ocr_line' id='line_1_24' title="bbox 203 2274 1778 2350; baseline -0.007 -14"><span class='ocrx_word' id='word_1_151' title='bbox 203 2283 603 2350; x_wconf 67' lang='grc' dir='ltr'>ἐγκατέλεξαςς</span> <span class='ocrx_word' id='word_1_152' title='bbox 642 2281 707 2334; x_wconf 83' lang='grc' dir='ltr'><strong>Ἦ</strong></span> <span class='ocrx_word' id='word_1_153' title='bbox 734 2280 811 2346; x_wconf 79' lang='grc' dir='ltr'>δὲ,</span> <span class='ocrx_word' id='word_1_154' title='bbox 853 2281 1049 2348; x_wconf 70' lang='grc' dir='ltr'>μικρὸν</span> <span class='ocrx_word' id='word_1_155' title='bbox 1086 2276 1387 2346; x_wconf 74' lang='grc' dir='ltr'>ἐπισχοῦσα</span> <span class='ocrx_word' id='word_1_156' title='bbox 1418 2278 1511 2329; x_wconf 70' lang='grc' dir='ltr'><strong>καὶ</strong></span> <span class='ocrx_word' id='word_1_157' title='bbox 1553 2274 1612 2327; x_wconf 84' lang='grc' dir='ltr'>τὸ</span> <span class='ocrx_word' id='word_1_158' title='bbox 1643 2274 1778 2326; x_wconf 85' lang='grc' dir='ltr'>πολὺ</span> 
     </span>
    </p>
   </div>
   <div class='ocr_carea' id='block_1_25' title="bbox 201 2363 1782 2437">
    <p class='ocr_par' dir='ltr' id='par_1_25' title="bbox 201 2363 1782 2437">
     <span class='ocr_line' id='line_1_25' title="bbox 201 2363 1782 2437; baseline -0.004 -16"><span class='ocrx_word' id='word_1_159' title='bbox 201 2369 299 2422; x_wconf 86' lang='grc' dir='ltr'>τοῦ</span> <span class='ocrx_word' id='word_1_160' title='bbox 344 2369 492 2429; x_wconf 83' lang='grc' dir='ltr'>δέους</span> <span class='ocrx_word' id='word_1_161' title='bbox 542 2368 876 2437; x_wconf 68' lang='grc' dir='ltr'>ἀποθεμένη,</span> <span class='ocrx_word' id='word_1_162' title='bbox 920 2368 1014 2419; x_wconf 67' lang='lat' dir='ltr'><strong>an</strong></span> <span class='ocrx_word' id='word_1_163' title='bbox 1073 2366 1169 2418; x_wconf 68' lang='lat' dir='ltr'><strong>ttat</strong></span> <span class='ocrx_word' id='word_1_164' title='bbox 1225 2364 1481 2433; x_wconf 75' lang='grc' dir='ltr'>ἀφορμὴν</span> <span class='ocrx_word' id='word_1_165' title='bbox 1538 2363 1782 2415; x_wconf 73' lang='grc' dir='ltr'>λαδοῦσα</span> 
     </span>
    </p>
   </div>
   <div class='ocr_carea' id='block_1_26' title="bbox 206 2453 1781 2529">
    <p class='ocr_par' dir='ltr' id='par_1_26' title="bbox 206 2453 1781 2529">
     <span class='ocr_line' id='line_1_26' title="bbox 206 2453 1781 2529; baseline -0.005 -15"><span class='ocrx_word' id='word_1_166' title='bbox 206 2462 420 2514; x_wconf 86' lang='grc' dir='ltr'>πλείοσι</span> <span class='ocrx_word' id='word_1_167' title='bbox 451 2460 585 2529; x_wconf 74' lang='grc' dir='ltr'>πρδς</span> <span class='ocrx_word' id='word_1_168' title='bbox 609 2459 907 2527; x_wconf 75' lang='grc' dir='ltr'>ἀπολογίαν</span> <span class='ocrx_word' id='word_1_169' title='bbox 931 2457 1243 2527; x_wconf 84' lang='grc' dir='ltr'>χρήσασθαι</span> <span class='ocrx_word' id='word_1_170' title='bbox 1279 2456 1478 2523; x_wconf 85' lang='grc' dir='ltr'>λόγοις,</span> <span class='ocrx_word' id='word_1_171' title='bbox 1508 2455 1648 2508; x_wconf 81' lang='grc' dir='ltr'><strong>κατὰ</strong></span> <span class='ocrx_word' id='word_1_172' title='bbox 1686 2453 1781 2522; x_wconf 78' lang='grc' dir='ltr'><strong>μέ-</strong></span> 
     </span>
    </p>
   </div>
   <div class='ocr_carea' id='block_1_27' title="bbox 207 2547 1782 2623">
    <p class='ocr_par' dir='ltr' id='par_1_27' title="bbox 207 2547 1782 2623">
     <span class='ocr_line' id='line_1_27' title="bbox 207 2547 1782 2623; baseline -0.006 -17"><span class='ocrx_word' id='word_1_173' title='bbox 207 2572 301 2623; x_wconf 83' lang='grc' dir='ltr'><strong>ρος</strong></span> <span class='ocrx_word' id='word_1_174' title='bbox 332 2554 477 2615; x_wconf 78' lang='grc' dir='ltr'>ὅπως</span> <span class='ocrx_word' id='word_1_175' title='bbox 503 2548 616 2620; x_wconf 76' lang='grc' dir='ltr'>εἷχε</span> <span class='ocrx_word' id='word_1_176' title='bbox 646 2553 714 2605; x_wconf 82' lang='grc' dir='ltr'>τὰ</span> <span class='ocrx_word' id='word_1_177' title='bbox 743 2551 862 2603; x_wconf 83' lang='grc' dir='ltr'>καθ’</span> <span class='ocrx_word' id='word_1_178' title='bbox 905 2549 1103 2619; x_wconf 78' lang='grc' dir='ltr'>ἑαυτὴν</span> <span class='ocrx_word' id='word_1_179' title='bbox 1143 2548 1528 2612; x_wconf 75' lang='grc' dir='ltr'>ἐξεκαλυπτεν,</span> <span class='ocrx_word' id='word_1_180' title='bbox 1554 2547 1628 2608; x_wconf 83' lang='grc' dir='ltr'>ὼς</span> <span class='ocrx_word' id='word_1_181' title='bbox 1661 2563 1782 2598; x_wconf 82' lang='grc' dir='ltr'>συν-</span> 
     </span>
    </p>
   </div>
   <div class='ocr_carea' id='block_1_28' title="bbox 202 2637 1780 2714">
    <p class='ocr_par' dir='ltr' id='par_1_28' title="bbox 202 2637 1780 2714">
     <span class='ocr_line' id='line_1_28' title="bbox 202 2637 1780 2714; baseline -0.008 -15"><span class='ocrx_word' id='word_1_182' title='bbox 202 2644 407 2714; x_wconf 81' lang='grc' dir='ltr'>αφθείη</span> <span class='ocrx_word' id='word_1_183' title='bbox 440 2646 538 2711; x_wconf 87' lang='grc' dir='ltr'>μὲν</span> <span class='ocrx_word' id='word_1_184' title='bbox 564 2644 707 2697; x_wconf 74' lang='grc' dir='ltr'>κατὰ</span> <span class='ocrx_word' id='word_1_185' title='bbox 736 2642 932 2711; x_wconf 85' lang='grc' dir='ltr'>νόμους</span> <span class='ocrx_word' id='word_1_186' title='bbox 961 2640 1113 2709; x_wconf 75' lang='grc' dir='ltr'>ἀνδρὶ</span> <span class='ocrx_word' id='word_1_187' title='bbox 1140 2642 1235 2693; x_wconf 79' lang='grc' dir='ltr'><strong>καὶ</strong></span> <span class='ocrx_word' id='word_1_188' title='bbox 1266 2640 1396 2707; x_wconf 78' lang='grc' dir='ltr'>μιᾶς</span> <span class='ocrx_word' id='word_1_189' title='bbox 1430 2638 1617 2707; x_wconf 81' lang='grc' dir='ltr'><strong>μήτηρ</strong></span> <span class='ocrx_word' id='word_1_190' title='bbox 1650 2637 1780 2706; x_wconf 76' lang='grc' dir='ltr'>κλη-</span> 
     </span>
    </p>
   </div>
   <div class='ocr_carea' id='block_1_29' title="bbox 206 2730 1782 2806">
    <p class='ocr_par' dir='ltr' id='par_1_29' title="bbox 206 2730 1782 2806">
     <span class='ocr_line' id='line_1_29' title="bbox 206 2730 1782 2806; baseline -0.005 -15"><span class='ocrx_word' id='word_1_191' title='bbox 206 2740 331 2806; x_wconf 79' lang='grc' dir='ltr'>θείη</span> <span class='ocrx_word' id='word_1_192' title='bbox 363 2738 571 2800; x_wconf 71' lang='grc' dir='ltr'>παιδὸς,</span> <span class='ocrx_word' id='word_1_193' title='bbox 624 2736 803 2802; x_wconf 78' lang='grc' dir='ltr'><strong>διάγοι</strong></span> <span class='ocrx_word' id='word_1_194' title='bbox 829 2734 886 2787; x_wconf 77' lang='grc' dir='ltr'>δι</span> <span class='ocrx_word' id='word_1_195' title='bbox 916 2734 1043 2796; x_wconf 86' lang='grc' dir='ltr'>ὅλας</span> <span class='ocrx_word' id='word_1_196' title='bbox 1076 2733 1274 2795; x_wconf 87' lang='grc' dir='ltr'>νύκτας</span> <span class='ocrx_word' id='word_1_197' title='bbox 1310 2735 1419 2794; x_wconf 78' lang='grc' dir='ltr'>τοῖς</span> <span class='ocrx_word' id='word_1_198' title='bbox 1445 2730 1554 2784; x_wconf 84' lang='grc' dir='ltr'>τῶν</span> <span class='ocrx_word' id='word_1_199' title='bbox 1612 2730 1782 2797; x_wconf 80' lang='grc' dir='ltr'>ἁγίων</span> 
     </span>
    </p>
   </div>
   <div class='ocr_carea' id='block_1_30' title="bbox 206 2822 1784 2899">
    <p class='ocr_par' dir='ltr' id='par_1_30' title="bbox 206 2822 1784 2899">
     <span class='ocr_line' id='line_1_30' title="bbox 206 2822 1784 2899; baseline -0.006 -15"><span class='ocrx_word' id='word_1_200' title='bbox 206 2832 587 2899; x_wconf 70' lang='grc' dir='ltr'>ινδιαιτὴμασι</span> <span class='ocrx_word' id='word_1_201' title='bbox 616 2827 990 2898; x_wconf 81' lang='grc' dir='ltr'>διατρίϐουσα.</span> <span class='ocrx_word' id='word_1_202' title='bbox 1030 2826 1125 2880; x_wconf 69' lang='grc' dir='ltr'><strong>καὶ</strong></span> <span class='ocrx_word' id='word_1_203' title='bbox 1152 2826 1227 2888; x_wconf 85' lang='grc' dir='ltr'>ὡς</span> <span class='ocrx_word' id='word_1_204' title='bbox 1278 2824 1429 2895; x_wconf 79' lang='grc' dir='ltr'>παρὰ</span> <span class='ocrx_word' id='word_1_205' title='bbox 1457 2822 1551 2876; x_wconf 82' lang='grc' dir='ltr'><strong>τοῦ</strong></span> <span class='ocrx_word' id='word_1_206' title='bbox 1610 2840 1784 2876; x_wconf 88' lang='grc' dir='ltr'>συνοι-</span> 
     </span>
    </p>
   </div>
   <div class='ocr_carea' id='block_1_31' title="bbox 209 2914 1784 2987">
    <p class='ocr_par' dir='ltr' id='par_1_31' title="bbox 209 2914 1784 2987">
     <span class='ocr_line' id='line_1_31' title="bbox 209 2914 1784 2987; baseline -0.006 -13"><span class='ocrx_word' id='word_1_207' title='bbox 209 2922 433 2983; x_wconf 78' lang='grc' dir='ltr'>κοῦντος</span> <span class='ocrx_word' id='word_1_208' title='bbox 486 2918 616 2972; x_wconf 68' lang='grc' dir='ltr'>ποτὶ</span> <span class='ocrx_word' id='word_1_209' title='bbox 653 2918 751 2987; x_wconf 76' lang='grc' dir='ltr'>μὶν</span> <span class='ocrx_word' id='word_1_210' title='bbox 785 2916 1161 2978; x_wconf 78' lang='grc' dir='ltr'>ἀπειλοῦντος,</span> <span class='ocrx_word' id='word_1_211' title='bbox 1196 2915 1326 2967; x_wconf 69' lang='grc' dir='ltr'>ποτὶ</span> <span class='ocrx_word' id='word_1_212' title='bbox 1361 2915 1418 2967; x_wconf 74' lang='grc' dir='ltr'><strong>δὲ</strong></span> <span class='ocrx_word' id='word_1_213' title='bbox 1448 2918 1541 2969; x_wconf 75' lang='grc' dir='ltr'><strong>καὶ</strong></span> <span class='ocrx_word' id='word_1_214' title='bbox 1568 2914 1784 2981; x_wconf 66' lang='grc' dir='ltr'>πληγὰς</span> 
     </span>
    </p>
   </div>
   <div class='ocr_carea' id='block_1_32' title="bbox 208 3006 1785 3079">
    <p class='ocr_par' dir='ltr' id='par_1_32' title="bbox 208 3006 1785 3079">
     <span class='ocr_line' id='line_1_32' title="bbox 208 3006 1785 3079; baseline -0.006 -13"><span class='ocrx_word' id='word_1_215' title='bbox 208 3013 561 3075; x_wconf 70' lang='grc' dir='ltr'>ἐντείνοντος,</span> <span class='ocrx_word' id='word_1_216' title='bbox 592 3013 690 3079; x_wconf 77' lang='grc' dir='ltr'>τῆς</span> <span class='ocrx_word' id='word_1_217' title='bbox 718 3009 973 3077; x_wconf 82' lang='grc' dir='ltr'><strong>τοιαύτης</strong></span> <span class='ocrx_word' id='word_1_218' title='bbox 989 3006 1304 3078; x_wconf 67' lang='grc' dir='ltr'>ἐπισχεθείη</span> <span class='ocrx_word' id='word_1_219' title='bbox 1328 3006 1507 3076; x_wconf 81' lang='grc' dir='ltr'>ὁρμῆς</span> <span class='ocrx_word' id='word_1_220' title='bbox 1536 3010 1629 3060; x_wconf 71' lang='grc' dir='ltr'><strong>καὶ</strong></span> <span class='ocrx_word' id='word_1_221' title='bbox 1653 3023 1785 3074; x_wconf 74' lang='grc' dir='ltr'>προ-</span> 
     </span>
    </p>
   </div>
   <div class='ocr_carea' id='block_1_33' title="bbox 208 3096 1785 3171">
    <p class='ocr_par' dir='ltr' id='par_1_33' title="bbox 208 3096 1785 3171">
     <span class='ocr_line' id='line_1_33' title="bbox 208 3096 1785 3171; baseline -0.004 -16"><span class='ocrx_word' id='word_1_222' title='bbox 208 3106 432 3165; x_wconf 79' lang='grc' dir='ltr'>θέσεως,</span> <span class='ocrx_word' id='word_1_223' title='bbox 496 3104 591 3155; x_wconf 75' lang='grc' dir='ltr'><strong>καὶ</strong></span> <span class='ocrx_word' id='word_1_224' title='bbox 627 3101 702 3164; x_wconf 84' lang='grc' dir='ltr'>ὡς</span> <span class='ocrx_word' id='word_1_225' title='bbox 761 3100 951 3171; x_wconf 77' lang='grc' dir='ltr'>ζητοίη</span> <span class='ocrx_word' id='word_1_226' title='bbox 984 3099 1106 3152; x_wconf 80' lang='grc' dir='ltr'>τινὰ</span> <span class='ocrx_word' id='word_1_227' title='bbox 1151 3099 1480 3167; x_wconf 80' lang='grc' dir='ltr'>προφάσεως</span> <span class='ocrx_word' id='word_1_228' title='bbox 1535 3096 1785 3166; x_wconf 76' lang='grc' dir='ltr'>μηχανὴν</span> 
     </span>
    </p>
   </div>
   <div class='ocr_carea' id='block_1_34' title="bbox 1892 614 3467 678">
    <p class='ocr_par' dir='ltr' id='par_1_34' title="bbox 1892 614 3467 678">
     <span class='ocr_line' id='line_1_34' title="bbox 1892 614 3467 678; baseline 0.002 -16"><span class='ocrx_word' id='word_1_229' title='bbox 1892 614 2094 665; x_wconf 84' lang='lat' dir='ltr'><strong>emittit</strong></span> <span class='ocrx_word' id='word_1_230' title='bbox 2122 614 2343 667; x_wconf 85' lang='lat' dir='ltr'><strong>dicens:</strong></span> <span class='ocrx_word' id='word_1_231' title='bbox 2380 616 2494 667; x_wconf 69' lang='lat' dir='ltr'><strong>Non</strong></span> <span class='ocrx_word' id='word_1_232' title='bbox 2534 616 2913 678; x_wconf 79' lang='lat' dir='ltr'><strong>tentationcm,</strong></span> <span class='ocrx_word' id='word_1_233' title='bbox 2945 633 2976 669; x_wconf 90' lang='lat'><strong>0</strong></span> <span class='ocrx_word' id='word_1_234' title='bbox 3002 617 3245 674; x_wconf 77' lang='lat' dir='ltr'><strong>domine.</strong></span> <span class='ocrx_word' id='word_1_235' title='bbox 3286 618 3467 670; x_wconf 69' lang='lat' dir='ltr'><strong>volens</strong></span> 
     </span>
    </p>
   </div>
   <div class='ocr_carea' id='block_1_35' title="bbox 1888 707 3466 777">
    <p class='ocr_par' dir='ltr' id='par_1_35' title="bbox 1888 707 3466 777">
     <span class='ocr_line' id='line_1_35' title="bbox 1888 707 3466 777; baseline 0.003 -21"><span class='ocrx_word' id='word_1_236' title='bbox 1888 708 2110 769; x_wconf 79' lang='lat' dir='ltr'><strong>all&#39;erre,</strong></span> <span class='ocrx_word' id='word_1_237' title='bbox 2162 722 2245 758; x_wconf 88' lang='lat' dir='ltr'><strong>me</strong></span> <span class='ocrx_word' id='word_1_238' title='bbox 2297 708 2455 759; x_wconf 88' lang='lat' dir='ltr'><strong>retuli</strong></span> <span class='ocrx_word' id='word_1_239' title='bbox 2515 707 2567 757; x_wconf 93' lang='lat' dir='ltr'><strong>in</strong></span> <span class='ocrx_word' id='word_1_240' title='bbox 2623 721 2917 759; x_wconf 81' lang='lat' dir='ltr'><strong>numerum</strong></span> <span class='ocrx_word' id='word_1_241' title='bbox 2972 710 3046 760; x_wconf 92' lang='lat' dir='ltr'><strong>tui</strong></span> <span class='ocrx_word' id='word_1_242' title='bbox 3104 710 3310 777; x_wconf 71' lang='lat' dir='ltr'><strong>gregis,</strong></span> <span class='ocrx_word' id='word_1_243' title='bbox 3372 710 3466 761; x_wconf 76' lang='lat' dir='ltr'><strong>sed</strong></span> 
     </span>
    </p>
   </div>
   <div class='ocr_carea' id='block_1_36' title="bbox 1890 795 3466 861">
    <p class='ocr_par' dir='ltr' id='par_1_36' title="bbox 1890 795 3466 861">
     <span class='ocr_line' id='line_1_36' title="bbox 1890 795 3466 861; baseline 0.001 -12"><span class='ocrx_word' id='word_1_244' title='bbox 1890 799 2247 851; x_wconf 77' lang='lat' dir='ltr'><strong>tentationem</strong></span> <span class='ocrx_word' id='word_1_245' title='bbox 2287 799 2467 861; x_wconf 58' lang='lat' dir='ltr'><strong>potius</strong></span> <span class='ocrx_word' id='word_1_246' title='bbox 2505 795 2715 860; x_wconf 70' lang='lat' dir='ltr'><strong>fugit-ns</strong></span> <span class='ocrx_word' id='word_1_247' title='bbox 2768 797 2835 848; x_wconf 82' lang='lat' dir='ltr'><strong>ab</strong></span> <span class='ocrx_word' id='word_1_248' title='bbox 2886 796 3241 858; x_wconf 86' lang='lat' dir='ltr'><strong>adversariis,</strong></span> <span class='ocrx_word' id='word_1_249' title='bbox 3289 808 3343 849; x_wconf 82' lang='lat' dir='ltr'><strong>et</strong></span> <span class='ocrx_word' id='word_1_250' title='bbox 3388 800 3466 851; x_wconf 87' lang='lat' dir='ltr'><strong>Ia-</strong></span> 
     </span>
    </p>
   </div>
   <div class='ocr_carea' id='block_1_37' title="bbox 1887 887 3468 958">
    <p class='ocr_par' dir='ltr' id='par_1_37' title="bbox 1887 887 3468 958">
     <span class='ocr_line' id='line_1_37' title="bbox 1887 887 3468 958; baseline 0.003 -19"><span class='ocrx_word' id='word_1_251' title='bbox 1887 904 2057 958; x_wconf 77' lang='lat' dir='ltr'><strong>queos</strong></span> <span class='ocrx_word' id='word_1_252' title='bbox 2099 888 2191 956; x_wconf 88' lang='lat' dir='ltr'><strong>qui</strong></span> <span class='ocrx_word' id='word_1_253' title='bbox 2226 898 2355 940; x_wconf 87' lang='lat' dir='ltr'><strong>sunt</strong></span> <span class='ocrx_word' id='word_1_254' title='bbox 2408 887 2459 939; x_wconf 92' lang='lat' dir='ltr'><strong>in</strong></span> <span class='ocrx_word' id='word_1_255' title='bbox 2512 887 2738 951; x_wconf 89' lang='lat' dir='ltr'><strong>mundo,</strong></span> <span class='ocrx_word' id='word_1_256' title='bbox 2795 888 3097 940; x_wconf 85' lang='lat' dir='ltr'><strong>declinans.</strong></span> <span class='ocrx_word' id='word_1_257' title='bbox 3146 888 3245 942; x_wconf 90' lang='lat' dir='ltr'><strong>Cui</strong></span> <span class='ocrx_word' id='word_1_258' title='bbox 3280 906 3468 947; x_wconf 66' lang='lat' dir='ltr'><strong>rursus</strong></span> 
     </span>
    </p>
   </div>
   <div class='ocr_carea' id='block_1_38' title="bbox 1889 980 3468 1051">
    <p class='ocr_par' dir='ltr' id='par_1_38' title="bbox 1889 980 3468 1051">
     <span class='ocr_line' id='line_1_38' title="bbox 1889 980 3468 1051; baseline 0.001 -16"><span class='ocrx_word' id='word_1_259' title='bbox 1889 982 2173 1051; x_wconf 75' lang='lat' dir='ltr'><strong>respondit</strong></span> <span class='ocrx_word' id='word_1_260' title='bbox 2200 981 2523 1034; x_wconf 83' lang='lat' dir='ltr'><strong>Bassianus:</strong></span> <span class='ocrx_word' id='word_1_261' title='bbox 2554 980 2840 1045; x_wconf 86' lang='lat' dir='ltr'><strong>Quomodo</strong></span> <span class='ocrx_word' id='word_1_262' title='bbox 2868 990 3076 1043; x_wconf 89' lang='lat' dir='ltr'><strong>autem,</strong></span> <span class='ocrx_word' id='word_1_263' title='bbox 3109 995 3232 1033; x_wconf 88' lang='lat' dir='ltr'><strong>cum</strong></span> <span class='ocrx_word' id='word_1_264' title='bbox 3258 981 3332 1035; x_wconf 86' lang='lat' dir='ltr'><strong>sis</strong></span> <span class='ocrx_word' id='word_1_265' title='bbox 3350 998 3468 1036; x_wconf 91' lang='lat' dir='ltr'><strong>mu-</strong></span> 
     </span>
    </p>
   </div>
   <div class='ocr_carea' id='block_1_39' title="bbox 1888 1072 3466 1142">
    <p class='ocr_par' dir='ltr' id='par_1_39' title="bbox 1888 1072 3466 1142">
     <span class='ocr_line' id='line_1_39' title="bbox 1888 1072 3466 1142; baseline -0.001 -14"><span class='ocrx_word' id='word_1_266' title='bbox 1888 1074 2012 1137; x_wconf 89' lang='lat' dir='ltr'><strong>lier,</strong></span> <span class='ocrx_word' id='word_1_267' title='bbox 2044 1073 2113 1127; x_wconf 91' lang='lat' dir='ltr'><strong>ad</strong></span> <span class='ocrx_word' id='word_1_268' title='bbox 2144 1074 2325 1127; x_wconf 86' lang='lat' dir='ltr'><strong>divina</strong></span> <span class='ocrx_word' id='word_1_269' title='bbox 2367 1083 2706 1127; x_wconf 87' lang='lat' dir='ltr'><strong>sacramenta</strong></span> <span class='ocrx_word' id='word_1_270' title='bbox 2755 1072 3034 1126; x_wconf 73' lang='lat' dir='ltr'><strong>accessisti</strong></span> <span class='ocrx_word' id='word_1_271' title='bbox 3072 1076 3221 1127; x_wconf 91' lang='lat' dir='ltr'><strong>nudo</strong></span> <span class='ocrx_word' id='word_1_272' title='bbox 3264 1075 3466 1142; x_wconf 89' lang='lat' dir='ltr'><strong>capite,</strong></span> 
     </span>
    </p>
   </div>
   <div class='ocr_carea' id='block_1_40' title="bbox 1888 1167 3464 1234">
    <p class='ocr_par' dir='ltr' id='par_1_40' title="bbox 1888 1167 3464 1234">
     <span class='ocr_line' id='line_1_40' title="bbox 1888 1167 3464 1234; baseline 0 -14"><span class='ocrx_word' id='word_1_273' title='bbox 1888 1177 1942 1220; x_wconf 87' lang='lat' dir='ltr'><strong>et</strong></span> <span class='ocrx_word' id='word_1_274' title='bbox 1986 1168 2038 1220; x_wconf 92' lang='lat' dir='ltr'><strong>in</strong></span> <span class='ocrx_word' id='word_1_275' title='bbox 2078 1168 2225 1234; x_wconf 81' lang='lat' dir='ltr'><strong>pacis</strong></span> <span class='ocrx_word' id='word_1_276' title='bbox 2258 1167 2586 1220; x_wconf 67' lang='lat' dir='ltr'><strong>salutatione</strong></span> <span class='ocrx_word' id='word_1_277' title='bbox 2632 1181 2692 1220; x_wconf 86' lang='lat' dir='ltr'><strong>os</strong></span> <span class='ocrx_word' id='word_1_278' title='bbox 2738 1176 2892 1219; x_wconf 91' lang='lat' dir='ltr'><strong>tuum</strong></span> <span class='ocrx_word' id='word_1_279' title='bbox 2931 1181 3122 1220; x_wconf 90' lang='lat' dir='ltr'><strong>secure</strong></span> <span class='ocrx_word' id='word_1_280' title='bbox 3164 1168 3464 1221; x_wconf 89' lang='lat' dir='ltr'><strong>exhibuisti</strong></span> 
     </span>
    </p>
   </div>
   <div class='ocr_carea' id='block_1_41' title="bbox 1888 1256 3465 1337">
    <p class='ocr_par' dir='ltr' id='par_1_41' title="bbox 1888 1256 3465 1337">
     <span class='ocr_line' id='line_1_41' title="bbox 1888 1256 3465 1337; baseline 0.004 -28"><span class='ocrx_word' id='word_1_281' title='bbox 1888 1258 2199 1310; x_wconf 80' lang='lat' dir='ltr'><strong>fratribus?</strong></span> <span class='ocrx_word' id='word_1_282' title='bbox 2237 1256 2327 1311; x_wconf 86' lang='lat' dir='ltr'><strong>llla</strong></span> <span class='ocrx_word' id='word_1_283' title='bbox 2358 1275 2518 1312; x_wconf 81' lang='lat' dir='ltr'><strong>vero:</strong></span> <span class='ocrx_word' id='word_1_284' title='bbox 2552 1258 2706 1323; x_wconf 87' lang='lat' dir='ltr'><strong>Quod</strong></span> <span class='ocrx_word' id='word_1_285' title='bbox 2750 1258 2814 1311; x_wconf 86' lang='lat' dir='ltr'><strong>ad</strong></span> <span class='ocrx_word' id='word_1_286' title='bbox 2854 1258 3038 1312; x_wconf 84' lang='lat' dir='ltr'><strong>divina</strong></span> <span class='ocrx_word' id='word_1_287' title='bbox 3071 1260 3289 1337; x_wconf 84' lang='lat' dir='ltr'><strong>quidem</strong></span> <span class='ocrx_word' id='word_1_288' title='bbox 3323 1262 3465 1315; x_wconf 86' lang='lat' dir='ltr'><strong>dona</strong></span> 
     </span>
    </p>
   </div>
   <div class='ocr_carea' id='block_1_42' title="bbox 1886 1350 3465 1418">
    <p class='ocr_par' dir='ltr' id='par_1_42' title="bbox 1886 1350 3465 1418">
     <span class='ocr_line' id='line_1_42' title="bbox 1886 1350 3465 1418; baseline 0.003 -17"><span class='ocrx_word' id='word_1_289' title='bbox 1886 1350 2105 1411; x_wconf 78' lang='lat' dir='ltr'><strong>attinet,</strong></span> <span class='ocrx_word' id='word_1_290' title='bbox 2162 1350 2357 1418; x_wconf 85' lang='lat' dir='ltr'><strong>inquit.</strong></span> <span class='ocrx_word' id='word_1_291' title='bbox 2399 1352 2664 1405; x_wconf 81' lang='lat' dir='ltr'><strong>simulans</strong></span> <span class='ocrx_word' id='word_1_292' title='bbox 2710 1350 3163 1414; x_wconf 85' lang='lat' dir='ltr'><strong>imbecillitatem,</strong></span> <span class='ocrx_word' id='word_1_293' title='bbox 3206 1368 3313 1405; x_wconf 91' lang='lat' dir='ltr'><strong>non</strong></span> <span class='ocrx_word' id='word_1_294' title='bbox 3346 1369 3465 1406; x_wconf 88' lang='lat' dir='ltr'><strong>om-</strong></span> 
     </span>
    </p>
   </div>
   <div class='ocr_carea' id='block_1_43' title="bbox 1887 1438 3464 1509">
    <p class='ocr_par' dir='ltr' id='par_1_43' title="bbox 1887 1438 3464 1509">
     <span class='ocr_line' id='line_1_43' title="bbox 1887 1438 3464 1509; baseline 0.004 -19"><span class='ocrx_word' id='word_1_295' title='bbox 1887 1438 2019 1491; x_wconf 89' lang='lat' dir='ltr'><strong>nino</strong></span> <span class='ocrx_word' id='word_1_296' title='bbox 2062 1440 2317 1493; x_wconf 74' lang='lat' dir='ltr'><strong>auferens</strong></span> <span class='ocrx_word' id='word_1_297' title='bbox 2351 1449 2587 1508; x_wconf 81' lang='lat' dir='ltr'><strong>tegmen,</strong></span> <span class='ocrx_word' id='word_1_298' title='bbox 2622 1440 2768 1508; x_wconf 87' lang='lat' dir='ltr'><strong>quod</strong></span> <span class='ocrx_word' id='word_1_299' title='bbox 2802 1449 2918 1493; x_wconf 88' lang='lat' dir='ltr'><strong>erat</strong></span> <span class='ocrx_word' id='word_1_300' title='bbox 2955 1440 3009 1493; x_wconf 90' lang='lat' dir='ltr'><strong>in</strong></span> <span class='ocrx_word' id='word_1_301' title='bbox 3058 1442 3255 1509; x_wconf 86' lang='lat' dir='ltr'><strong>capite,</strong></span> <span class='ocrx_word' id='word_1_302' title='bbox 3291 1443 3464 1497; x_wconf 88' lang='lat' dir='ltr'><strong>ita&#39;ad</strong></span> 
     </span>
    </p>
   </div>
   <div class='ocr_carea' id='block_1_44' title="bbox 1886 1531 3468 1587">
    <p class='ocr_par' dir='ltr' id='par_1_44' title="bbox 1886 1531 3468 1587">
     <span class='ocr_line' id='line_1_44' title="bbox 1886 1531 3468 1587; baseline 0.003 -5"><span class='ocrx_word' id='word_1_303' title='bbox 1886 1542 2353 1584; x_wconf 80' lang='lat' dir='ltr'><strong>sacramentorum</strong></span> <span class='ocrx_word' id='word_1_304' title='bbox 2395 1532 2721 1584; x_wconf 82' lang='lat' dir='ltr'><strong>accedebam</strong></span> <span class='ocrx_word' id='word_1_305' title='bbox 2769 1531 3248 1586; x_wconf 83' lang='lat' dir='ltr'><strong>communionem:</strong></span> <span class='ocrx_word' id='word_1_306' title='bbox 3288 1534 3468 1587; x_wconf 85' lang='lat' dir='ltr'><strong>chari-</strong></span> 
     </span>
    </p>
   </div>
   <div class='ocr_carea' id='block_1_45' title="bbox 1889 1624 3461 1691">
    <p class='ocr_par' dir='ltr' id='par_1_45' title="bbox 1889 1624 3461 1691">
     <span class='ocr_line' id='line_1_45' title="bbox 1889 1624 3461 1691; baseline 0.004 -18"><span class='ocrx_word' id='word_1_307' title='bbox 1889 1624 2014 1675; x_wconf 82' lang='lat' dir='ltr'><strong>tatis</strong></span> <span class='ocrx_word' id='word_1_308' title='bbox 2046 1634 2225 1675; x_wconf 83' lang='lat' dir='ltr'><strong>autem</strong></span> <span class='ocrx_word' id='word_1_309' title='bbox 2258 1624 2399 1691; x_wconf 84' lang='lat' dir='ltr'><strong>apud</strong></span> <span class='ocrx_word' id='word_1_310' title='bbox 2442 1625 2639 1677; x_wconf 87' lang='lat' dir='ltr'><strong>lratres</strong></span> <span class='ocrx_word' id='word_1_311' title='bbox 2674 1625 2889 1691; x_wconf 79' lang='lat' dir='ltr'><strong>signum</strong></span> <span class='ocrx_word' id='word_1_312' title='bbox 2925 1640 3204 1691; x_wconf 91' lang='lat' dir='ltr'><strong>nunquam</strong></span> <span class='ocrx_word' id='word_1_313' title='bbox 3240 1641 3461 1680; x_wconf 83' lang='lat' dir='ltr'><strong>recusa—</strong></span> 
     </span>
    </p>
   </div>
   <div class='ocr_carea' id='block_1_46' title="bbox 1886 1713 3461 1781">
    <p class='ocr_par' dir='ltr' id='par_1_46' title="bbox 1886 1713 3461 1781">
     <span class='ocr_line' id='line_1_46' title="bbox 1886 1713 3461 1781; baseline 0.003 -15"><span class='ocrx_word' id='word_1_314' title='bbox 1886 1713 2030 1767; x_wconf 79' lang='lat' dir='ltr'><strong>bant.</strong></span> <span class='ocrx_word' id='word_1_315' title='bbox 2070 1714 2255 1781; x_wconf 61' lang='lat' dir='ltr'><strong>Neque</strong></span> <span class='ocrx_word' id='word_1_316' title='bbox 2290 1714 2436 1766; x_wconf 88' lang='lat' dir='ltr'><strong>enim</strong></span> <span class='ocrx_word' id='word_1_317' title='bbox 2479 1716 2763 1766; x_wconf 84' lang='lat' dir='ltr'><strong>hominum</strong></span> <span class='ocrx_word' id='word_1_318' title='bbox 2813 1715 3071 1775; x_wconf 87' lang='lat' dir='ltr'><strong>vultibus,</strong></span> <span class='ocrx_word' id='word_1_319' title='bbox 3102 1714 3195 1766; x_wconf 84' lang='lat' dir='ltr'><strong>sed</strong></span> <span class='ocrx_word' id='word_1_320' title='bbox 3227 1716 3461 1770; x_wconf 80' lang='lat' dir='ltr'><strong>homini-</strong></span> 
     </span>
    </p>
   </div>
   <div class='ocr_carea' id='block_1_47' title="bbox 1888 1804 3462 1874">
    <p class='ocr_par' dir='ltr' id='par_1_47' title="bbox 1888 1804 3462 1874">
     <span class='ocr_line' id='line_1_47' title="bbox 1888 1804 3462 1874; baseline 0.002 -17"><span class='ocrx_word' id='word_1_321' title='bbox 1888 1804 1991 1859; x_wconf 93' lang='lat' dir='ltr'><strong>bus</strong></span> <span class='ocrx_word' id='word_1_322' title='bbox 2033 1806 2330 1874; x_wconf 74' lang='lat' dir='ltr'><strong>angelicam</strong></span> <span class='ocrx_word' id='word_1_323' title='bbox 2378 1806 2716 1859; x_wconf 83' lang='lat' dir='ltr'><strong>imitantibus</strong></span> <span class='ocrx_word' id='word_1_324' title='bbox 2772 1804 3273 1870; x_wconf 76' lang='lat' dir='ltr'><strong>imoatibilitateru,</strong></span> <span class='ocrx_word' id='word_1_325' title='bbox 3327 1809 3462 1860; x_wconf 81' lang='lat' dir='ltr'><strong>mei-</strong></span> 
     </span>
    </p>
   </div>
   <div class='ocr_carea' id='block_1_48' title="bbox 1883 1898 2711 1966">
    <p class='ocr_par' dir='ltr' id='par_1_48' title="bbox 1883 1898 2711 1966">
     <span class='ocr_line' id='line_1_48' title="bbox 1883 1898 2711 1966; baseline 0.001 -17"><span class='ocrx_word' id='word_1_326' title='bbox 1883 1912 2034 1966; x_wconf 82' lang='lat' dir='ltr'><strong>psam</strong></span> <span class='ocrx_word' id='word_1_327' title='bbox 2071 1898 2269 1951; x_wconf 84' lang='lat' dir='ltr'><strong>olIerre</strong></span> <span class='ocrx_word' id='word_1_328' title='bbox 2308 1898 2711 1952; x_wconf 85' lang='lat' dir='ltr'><strong>existimabam.</strong></span> 
     </span>
    </p>
   </div>
   <div class='ocr_carea' id='block_1_49' title="bbox 1953 1990 3465 2063">
    <p class='ocr_par' dir='ltr' id='par_1_49' title="bbox 1953 1990 3465 2063">
     <span class='ocr_line' id='line_1_49' title="bbox 1953 1990 3465 2063; baseline 0.001 -20"><span class='ocrx_word' id='word_1_329' title='bbox 1953 1990 2020 2045; x_wconf 78' lang='grc' dir='ltr'><strong>Χ.</strong></span> <span class='ocrx_word' id='word_1_330' title='bbox 2076 1990 2390 2060; x_wconf 83' lang='lat' dir='ltr'><strong>Sapientem</strong></span> <span class='ocrx_word' id='word_1_331' title='bbox 2441 2008 2624 2046; x_wconf 86' lang='lat' dir='ltr'><strong>autem</strong></span> <span class='ocrx_word' id='word_1_332' title='bbox 2681 1996 3095 2063; x_wconf 86' lang='lat' dir='ltr'><strong>responsionem</strong></span> <span class='ocrx_word' id='word_1_333' title='bbox 3161 1993 3465 2047; x_wconf 81' lang='lat' dir='ltr'><strong>admiratus</strong></span> 
     </span>
    </p>
   </div>
   <div class='ocr_carea' id='block_1_50' title="bbox 1881 2081 3464 2153">
    <p class='ocr_par' dir='ltr' id='par_1_50' title="bbox 1881 2081 3464 2153">
     <span class='ocr_line' id='line_1_50' title="bbox 1881 2081 3464 2153; baseline 0 -18"><span class='ocrx_word' id='word_1_334' title='bbox 1881 2081 2206 2137; x_wconf 87' lang='lat' dir='ltr'><strong>Bassianus:</strong></span> <span class='ocrx_word' id='word_1_335' title='bbox 2235 2083 2295 2137; x_wconf 80' lang='lat' dir='ltr'><strong>Et</strong></span> <span class='ocrx_word' id='word_1_336' title='bbox 2315 2100 2411 2137; x_wconf 93' lang='lat' dir='ltr'><strong>cur</strong></span> <span class='ocrx_word' id='word_1_337' title='bbox 2436 2101 2563 2145; x_wconf 90' lang='lat' dir='ltr'><strong>non,</strong></span> <span class='ocrx_word' id='word_1_338' title='bbox 2590 2086 2793 2153; x_wconf 86' lang='lat' dir='ltr'><strong>inquit,</strong></span> <span class='ocrx_word' id='word_1_339' title='bbox 2821 2088 2873 2139; x_wconf 91' lang='lat' dir='ltr'><strong>in</strong></span> <span class='ocrx_word' id='word_1_340' title='bbox 2908 2089 3163 2148; x_wconf 87' lang='lat' dir='ltr'><strong>alterum,</strong></span> <span class='ocrx_word' id='word_1_341' title='bbox 3184 2103 3216 2137; x_wconf 93' lang='lat' dir='ltr'><strong>o</strong></span> <span class='ocrx_word' id='word_1_342' title='bbox 3245 2086 3464 2146; x_wconf 72' lang='lat' dir='ltr'><strong>mulier,</strong></span> 
     </span>
    </p>
   </div>
   <div class='ocr_carea' id='block_1_51' title="bbox 1882 2176 3456 2246">
    <p class='ocr_par' dir='ltr' id='par_1_51' title="bbox 1882 2176 3456 2246">
     <span class='ocr_line' id='line_1_51' title="bbox 1882 2176 3456 2246; baseline 0.003 -21"><span class='ocrx_word' id='word_1_343' title='bbox 1882 2182 1933 2225; x_wconf 92' lang='lat' dir='ltr'><strong>te</strong></span> <span class='ocrx_word' id='word_1_344' title='bbox 1966 2176 2243 2227; x_wconf 84' lang='lat' dir='ltr'><strong>contulisti</strong></span> <span class='ocrx_word' id='word_1_345' title='bbox 2280 2177 2696 2239; x_wconf 88' lang='lat' dir='ltr'><strong>monasterium,</strong></span> <span class='ocrx_word' id='word_1_346' title='bbox 2727 2189 2783 2231; x_wconf 91' lang='lat' dir='ltr'><strong>et</strong></span> <span class='ocrx_word' id='word_1_347' title='bbox 2814 2179 2867 2230; x_wconf 93' lang='lat' dir='ltr'><strong>in</strong></span> <span class='ocrx_word' id='word_1_348' title='bbox 2897 2178 3043 2246; x_wconf 88' lang='lat' dir='ltr'><strong>quod</strong></span> <span class='ocrx_word' id='word_1_349' title='bbox 3082 2179 3211 2232; x_wconf 90' lang='lat' dir='ltr'><strong>licet</strong></span> <span class='ocrx_word' id='word_1_350' title='bbox 3245 2176 3456 2245; x_wconf 77' lang='lat' dir='ltr'><strong>ingredi</strong></span> 
     </span>
    </p>
   </div>
   <div class='ocr_carea' id='block_1_52' title="bbox 1882 2264 3463 2337">
    <p class='ocr_par' dir='ltr' id='par_1_52' title="bbox 1882 2264 3463 2337">
     <span class='ocr_line' id='line_1_52' title="bbox 1882 2264 3463 2337; baseline 0.003 -21"><span class='ocrx_word' id='word_1_351' title='bbox 1882 2265 2248 2319; x_wconf 84' lang='lat' dir='ltr'><strong>mulieribus?</strong></span> <span class='ocrx_word' id='word_1_352' title='bbox 2283 2266 2373 2320; x_wconf 87' lang='lat' dir='ltr'><strong>Illa</strong></span> <span class='ocrx_word' id='word_1_353' title='bbox 2405 2278 2587 2320; x_wconf 86' lang='lat' dir='ltr'><strong>autem</strong></span> <span class='ocrx_word' id='word_1_354' title='bbox 2611 2285 2732 2321; x_wconf 90' lang='lat' dir='ltr'><strong>cum</strong></span> <span class='ocrx_word' id='word_1_355' title='bbox 2768 2284 2826 2322; x_wconf 90' lang='lat' dir='ltr'><strong>se</strong></span> <span class='ocrx_word' id='word_1_356' title='bbox 2857 2284 3047 2337; x_wconf 84' lang='lat' dir='ltr'><strong>parum</strong></span> <span class='ocrx_word' id='word_1_357' title='bbox 3086 2264 3463 2331; x_wconf 86' lang='lat' dir='ltr'><strong>sustinuisset,</strong></span> 
     </span>
    </p>
   </div>
   <div class='ocr_carea' id='block_1_53' title="bbox 1880 2357 3465 2427">
    <p class='ocr_par' dir='ltr' id='par_1_53' title="bbox 1880 2357 3465 2427">
     <span class='ocr_line' id='line_1_53' title="bbox 1880 2357 3465 2427; baseline 0.001 -15"><span class='ocrx_word' id='word_1_358' title='bbox 1880 2367 1936 2412; x_wconf 89' lang='lat' dir='ltr'><strong>et</strong></span> <span class='ocrx_word' id='word_1_359' title='bbox 1967 2357 2218 2411; x_wconf 88' lang='lat' dir='ltr'><strong>timorem</strong></span> <span class='ocrx_word' id='word_1_360' title='bbox 2252 2359 2602 2424; x_wconf 83' lang='lat' dir='ltr'><strong>excussisset,</strong></span> <span class='ocrx_word' id='word_1_361' title='bbox 2635 2371 2692 2413; x_wconf 91' lang='lat' dir='ltr'><strong>ut</strong></span> <span class='ocrx_word' id='word_1_362' title='bbox 2723 2377 2843 2427; x_wconf 64' lang='lat' dir='ltr'><strong>qua:</strong></span> <span class='ocrx_word' id='word_1_363' title='bbox 2882 2360 3185 2427; x_wconf 77' lang='lat' dir='ltr'><strong>accepisset</strong></span> <span class='ocrx_word' id='word_1_364' title='bbox 3218 2360 3465 2413; x_wconf 84' lang='lat' dir='ltr'><strong>occasio-</strong></span> 
     </span>
    </p>
   </div>
   <div class='ocr_carea' id='block_1_54' title="bbox 1883 2450 3464 2520">
    <p class='ocr_par' dir='ltr' id='par_1_54' title="bbox 1883 2450 3464 2520">
     <span class='ocr_line' id='line_1_54' title="bbox 1883 2450 3464 2520; baseline 0.002 -18"><span class='ocrx_word' id='word_1_365' title='bbox 1883 2464 2005 2503; x_wconf 90' lang='lat' dir='ltr'><strong>nem</strong></span> <span class='ocrx_word' id='word_1_366' title='bbox 2038 2450 2226 2503; x_wconf 81' lang='lat' dir='ltr'><strong>utendi</strong></span> <span class='ocrx_word' id='word_1_367' title='bbox 2278 2452 2527 2517; x_wconf 90' lang='lat' dir='ltr'><strong>pluribus</strong></span> <span class='ocrx_word' id='word_1_368' title='bbox 2560 2454 2741 2505; x_wconf 79' lang='lat' dir='ltr'><strong>verbis</strong></span> <span class='ocrx_word' id='word_1_369' title='bbox 2782 2453 2847 2505; x_wconf 88' lang='lat' dir='ltr'><strong>ad</strong></span> <span class='ocrx_word' id='word_1_370' title='bbox 2881 2452 3280 2517; x_wconf 81' lang='lat' dir='ltr'><strong>defensionem,</strong></span> <span class='ocrx_word' id='word_1_371' title='bbox 3323 2468 3464 2520; x_wconf 87' lang='lat' dir='ltr'><strong>quo-</strong></span> 
     </span>
    </p>
   </div>
   <div class='ocr_carea' id='block_1_55' title="bbox 1884 2541 3460 2613">
    <p class='ocr_par' dir='ltr' id='par_1_55' title="bbox 1884 2541 3460 2613">
     <span class='ocr_line' id='line_1_55' title="bbox 1884 2541 3460 2613; baseline 0.003 -21"><span class='ocrx_word' id='word_1_372' title='bbox 1884 2541 2048 2593; x_wconf 90' lang='lat' dir='ltr'><strong>modo</strong></span> <span class='ocrx_word' id='word_1_373' title='bbox 2100 2557 2184 2595; x_wconf 88' lang='lat' dir='ltr'><strong>res</strong></span> <span class='ocrx_word' id='word_1_374' title='bbox 2224 2543 2342 2611; x_wconf 86' lang='lat' dir='ltr'><strong>ejus</strong></span> <span class='ocrx_word' id='word_1_375' title='bbox 2391 2558 2447 2597; x_wconf 90' lang='lat' dir='ltr'><strong>se</strong></span> <span class='ocrx_word' id='word_1_376' title='bbox 2481 2545 2767 2606; x_wconf 80' lang='lat' dir='ltr'><strong>haberent,</strong></span> <span class='ocrx_word' id='word_1_377' title='bbox 2822 2545 3135 2613; x_wconf 78' lang='lat' dir='ltr'><strong>singulatim</strong></span> <span class='ocrx_word' id='word_1_378' title='bbox 3168 2545 3460 2612; x_wconf 81' lang='lat' dir='ltr'><strong>exposuit:</strong></span> 
     </span>
    </p>
   </div>
   <div class='ocr_carea' id='block_1_56' title="bbox 1883 2631 3464 2703">
    <p class='ocr_par' dir='ltr' id='par_1_56' title="bbox 1883 2631 3464 2703">
     <span class='ocr_line' id='line_1_56' title="bbox 1883 2631 3464 2703; baseline 0.002 -19"><span class='ocrx_word' id='word_1_379' title='bbox 1883 2631 2029 2699; x_wconf 91' lang='lat' dir='ltr'><strong>quod</strong></span> <span class='ocrx_word' id='word_1_380' title='bbox 2058 2633 2255 2685; x_wconf 92' lang='lat' dir='ltr'><strong>marito</strong></span> <span class='ocrx_word' id='word_1_381' title='bbox 2279 2633 2501 2701; x_wconf 90' lang='lat' dir='ltr'><strong>quidem</strong></span> <span class='ocrx_word' id='word_1_382' title='bbox 2533 2632 2725 2687; x_wconf 81' lang='lat' dir='ltr'><strong>luisset</strong></span> <span class='ocrx_word' id='word_1_383' title='bbox 2754 2634 2996 2703; x_wconf 75' lang='lat' dir='ltr'><strong>legitimo</strong></span> <span class='ocrx_word' id='word_1_384' title='bbox 3023 2636 3320 2703; x_wconf 82' lang='lat' dir='ltr'><strong>conjuncta</strong></span> <span class='ocrx_word' id='word_1_385' title='bbox 3352 2651 3464 2687; x_wconf 83' lang='lat' dir='ltr'><strong>ma-</strong></span> 
     </span>
    </p>
   </div>
   <div class='ocr_carea' id='block_1_57' title="bbox 1885 2722 3464 2789">
    <p class='ocr_par' dir='ltr' id='par_1_57' title="bbox 1885 2722 3464 2789">
     <span class='ocr_line' id='line_1_57' title="bbox 1885 2722 3464 2789; baseline 0.004 -14"><span class='ocrx_word' id='word_1_386' title='bbox 1885 2722 2167 2788; x_wconf 90' lang='lat' dir='ltr'><strong>trimonio,</strong></span> <span class='ocrx_word' id='word_1_387' title='bbox 2202 2734 2258 2777; x_wconf 92' lang='lat' dir='ltr'><strong>et</strong></span> <span class='ocrx_word' id='word_1_388' title='bbox 2302 2736 2489 2778; x_wconf 85' lang='lat' dir='ltr'><strong>vocata</strong></span> <span class='ocrx_word' id='word_1_389' title='bbox 2518 2734 2664 2779; x_wconf 89' lang='lat' dir='ltr'><strong>esset</strong></span> <span class='ocrx_word' id='word_1_390' title='bbox 2705 2736 2878 2779; x_wconf 86' lang='lat' dir='ltr'><strong>mater</strong></span> <span class='ocrx_word' id='word_1_391' title='bbox 2928 2726 3093 2778; x_wconf 89' lang='lat' dir='ltr'><strong>unius</strong></span> <span class='ocrx_word' id='word_1_392' title='bbox 3130 2725 3288 2789; x_wconf 66' lang='lat' dir='ltr'><strong>tiliae;</strong></span> <span class='ocrx_word' id='word_1_393' title='bbox 3322 2734 3464 2781; x_wconf 89' lang='lat' dir='ltr'><strong>totas</strong></span> 
     </span>
    </p>
   </div>
   <div class='ocr_carea' id='block_1_58' title="bbox 1884 2817 3462 2882">
    <p class='ocr_par' dir='ltr' id='par_1_58' title="bbox 1884 2817 3462 2882">
     <span class='ocr_line' id='line_1_58' title="bbox 1884 2817 3462 2882; baseline 0.003 -14"><span class='ocrx_word' id='word_1_394' title='bbox 1884 2822 2069 2868; x_wconf 75' lang='lat' dir='ltr'><strong>autem</strong></span> <span class='ocrx_word' id='word_1_395' title='bbox 2121 2824 2313 2869; x_wconf 71' lang='lat' dir='ltr'><strong>nocte:</strong></span> <span class='ocrx_word' id='word_1_396' title='bbox 2362 2826 2680 2872; x_wconf 76' lang='lat' dir='ltr'><strong>versaretur</strong></span> <span class='ocrx_word' id='word_1_397' title='bbox 2728 2817 2782 2870; x_wconf 90' lang='lat' dir='ltr'><strong>in</strong></span> <span class='ocrx_word' id='word_1_398' title='bbox 2831 2827 3148 2871; x_wconf 88' lang='lat' dir='ltr'><strong>sanctorum</strong></span> <span class='ocrx_word' id='word_1_399' title='bbox 3206 2817 3462 2882; x_wconf 71' lang='lat' dir='ltr'><strong>cmtibus,</strong></span> 
     </span>
    </p>
   </div>
   <div class='ocr_carea' id='block_1_59' title="bbox 1884 2905 3465 2979">
    <p class='ocr_par' dir='ltr' id='par_1_59' title="bbox 1884 2905 3465 2979">
     <span class='ocr_line' id='line_1_59' title="bbox 1884 2905 3465 2979; baseline 0.003 -20"><span class='ocrx_word' id='word_1_400' title='bbox 1884 2914 1940 2959; x_wconf 94' lang='lat' dir='ltr'><strong>et</strong></span> <span class='ocrx_word' id='word_1_401' title='bbox 1969 2905 2116 2974; x_wconf 88' lang='lat' dir='ltr'><strong>quod</strong></span> <span class='ocrx_word' id='word_1_402' title='bbox 2157 2906 2223 2959; x_wconf 88' lang='lat' dir='ltr'><strong>ab</strong></span> <span class='ocrx_word' id='word_1_403' title='bbox 2266 2922 2331 2961; x_wconf 88' lang='lat' dir='ltr'><strong>eo</strong></span> <span class='ocrx_word' id='word_1_404' title='bbox 2364 2908 2457 2975; x_wconf 87' lang='lat' dir='ltr'><strong>qui</strong></span> <span class='ocrx_word' id='word_1_405' title='bbox 2498 2924 2621 2961; x_wconf 90' lang='lat' dir='ltr'><strong>eum</strong></span> <span class='ocrx_word' id='word_1_406' title='bbox 2654 2925 2718 2963; x_wconf 90' lang='lat' dir='ltr'><strong>ea</strong></span> <span class='ocrx_word' id='word_1_407' title='bbox 2750 2909 3127 2971; x_wconf 84' lang='lat' dir='ltr'><strong>cobabitabat,</strong></span> <span class='ocrx_word' id='word_1_408' title='bbox 3168 2908 3465 2979; x_wconf 80' lang='lat' dir='ltr'><strong>aliquando</strong></span> 
     </span>
    </p>
   </div>
   <div class='ocr_carea' id='block_1_60' title="bbox 1887 2995 3464 3070">
    <p class='ocr_par' dir='ltr' id='par_1_60' title="bbox 1887 2995 3464 3070">
     <span class='ocr_line' id='line_1_60' title="bbox 1887 2995 3464 3070; baseline 0.003 -22"><span class='ocrx_word' id='word_1_409' title='bbox 1887 2995 2107 3063; x_wconf 88' lang='lat' dir='ltr'><strong>quidem</strong></span> <span class='ocrx_word' id='word_1_410' title='bbox 2143 2997 2403 3064; x_wconf 84' lang='lat' dir='ltr'><strong>minante,</strong></span> <span class='ocrx_word' id='word_1_411' title='bbox 2446 3000 2742 3067; x_wconf 81' lang='lat' dir='ltr'><strong>aliquando</strong></span> <span class='ocrx_word' id='word_1_412' title='bbox 2791 3011 2975 3054; x_wconf 78' lang='lat' dir='ltr'><strong>autem</strong></span> <span class='ocrx_word' id='word_1_413' title='bbox 3016 3001 3200 3070; x_wconf 79' lang='lat' dir='ltr'><strong>plagas</strong></span> <span class='ocrx_word' id='word_1_414' title='bbox 3241 3016 3464 3070; x_wconf 88' lang='lat' dir='ltr'><strong>quoque</strong></span> 
     </span>
    </p>
   </div>
   <div class='ocr_carea' id='block_1_61' title="bbox 1890 3088 3466 3163">
    <p class='ocr_par' dir='ltr' id='par_1_61' title="bbox 1890 3088 3466 3163">
     <span class='ocr_line' id='line_1_61' title="bbox 1890 3088 3466 3163; baseline 0.003 -22"><span class='ocrx_word' id='word_1_415' title='bbox 1890 3088 2217 3151; x_wconf 86' lang='lat' dir='ltr'><strong>intentantc,</strong></span> <span class='ocrx_word' id='word_1_416' title='bbox 2242 3090 2516 3143; x_wconf 90' lang='lat' dir='ltr'><strong>retardata</strong></span> <span class='ocrx_word' id='word_1_417' title='bbox 2547 3092 2738 3145; x_wconf 81' lang='lat' dir='ltr'><strong>luisset</strong></span> <span class='ocrx_word' id='word_1_418' title='bbox 2768 3092 2836 3145; x_wconf 88' lang='lat' dir='ltr'><strong>ab</strong></span> <span class='ocrx_word' id='word_1_419' title='bbox 2858 3108 2924 3147; x_wconf 91' lang='lat' dir='ltr'><strong>eo</strong></span> <span class='ocrx_word' id='word_1_420' title='bbox 2950 3092 3228 3147; x_wconf 87' lang='lat' dir='ltr'><strong>desiderio</strong></span> <span class='ocrx_word' id='word_1_421' title='bbox 3254 3101 3311 3146; x_wconf 86' lang='lat' dir='ltr'><strong>et</strong></span> <span class='ocrx_word' id='word_1_422' title='bbox 3339 3108 3466 3163; x_wconf 85' lang='lat' dir='ltr'><strong>pro-</strong></span> 
     </span>
    </p>
   </div>
   <div class='ocr_carea' id='block_1_62' title="bbox 207 3180 1785 3274">
    <p class='ocr_par' dir='ltr' id='par_1_62' title="bbox 207 3186 1785 3263">
     <span class='ocr_line' id='line_1_62' title="bbox 207 3186 1785 3263; baseline -0.006 -17"><span class='ocrx_word' id='word_1_423' title='bbox 207 3199 333 3263; x_wconf 76' lang='grc' dir='ltr'>ἣτις</span> <span class='ocrx_word' id='word_1_424' title='bbox 356 3196 452 3248; x_wconf 73' lang='grc' dir='ltr'><strong>καὶ</strong></span> <span class='ocrx_word' id='word_1_425' title='bbox 480 3193 570 3245; x_wconf 80' lang='grc' dir='ltr'>τὸν</span> <span class='ocrx_word' id='word_1_426' title='bbox 593 3192 761 3262; x_wconf 71' lang='grc' dir='ltr'>ἄνδρα</span> <span class='ocrx_word' id='word_1_427' title='bbox 793 3191 1211 3261; x_wconf 75' lang='grc' dir='ltr'><strong>παρασκευάσει</strong></span> <span class='ocrx_word' id='word_1_428' title='bbox 1253 3188 1438 3241; x_wconf 81' lang='grc' dir='ltr'>λαθείν</span> <span class='ocrx_word' id='word_1_429' title='bbox 1466 3186 1559 3243; x_wconf 74' lang='grc' dir='ltr'><strong>καὶ</strong></span> <span class='ocrx_word' id='word_1_430' title='bbox 1585 3187 1785 3256; x_wconf 68' lang='grc' dir='ltr'>ἑαυτὴν</span> 
     </span>
    </p>
   </div>
   <div class='ocr_carea' id='block_1_63' title="bbox 1880 3180 3462 3274">
    <p class='ocr_par' dir='ltr' id='par_1_63' title="bbox 1891 3180 3462 3252">
     <span class='ocr_line' id='line_1_63' title="bbox 1891 3180 3462 3252; baseline 0.004 -21"><span class='ocrx_word' id='word_1_431' title='bbox 1891 3180 2091 3248; x_wconf 84' lang='lat' dir='ltr'><strong>posito,</strong></span> <span class='ocrx_word' id='word_1_432' title='bbox 2118 3191 2170 3232; x_wconf 93' lang='lat' dir='ltr'><strong>et</strong></span> <span class='ocrx_word' id='word_1_433' title='bbox 2197 3183 2343 3247; x_wconf 90' lang='lat' dir='ltr'><strong>quod</strong></span> <span class='ocrx_word' id='word_1_434' title='bbox 2377 3182 2721 3249; x_wconf 71' lang='lat' dir='ltr'><strong>qua‘sivisset</strong></span> <span class='ocrx_word' id='word_1_435' title='bbox 2752 3183 2991 3252; x_wconf 89' lang='lat' dir='ltr'><strong>aliquam</strong></span> <span class='ocrx_word' id='word_1_436' title='bbox 3032 3184 3325 3247; x_wconf 87' lang='lat' dir='ltr'><strong>rationem,</strong></span> <span class='ocrx_word' id='word_1_437' title='bbox 3357 3199 3462 3252; x_wconf 82' lang='lat' dir='ltr'><strong>qua</strong></span> 
     </span>
    </p>
   </div>
   <div class='ocr_carea' id='block_1_64' title="bbox 206 3279 1785 3351">
    <p class='ocr_par' dir='ltr' id='par_1_64' title="bbox 206 3279 1785 3351">
     <span class='ocr_line' id='line_1_64' title="bbox 206 3279 1785 3351; baseline -0.006 -14"><span class='ocrx_word' id='word_1_438' title='bbox 206 3287 276 3337; x_wconf 70' lang='grc' dir='ltr'>τὰ</span> <span class='ocrx_word' id='word_1_439' title='bbox 305 3284 443 3337; x_wconf 72' lang='grc' dir='ltr'>κατὰ</span> <span class='ocrx_word' id='word_1_440' title='bbox 469 3282 696 3351; x_wconf 85' lang='grc' dir='ltr'>γνώμην</span> <span class='ocrx_word' id='word_1_441' title='bbox 724 3282 920 3334; x_wconf 80' lang='grc' dir='ltr'>τελεῖν.</span> <span class='ocrx_word' id='word_1_442' title='bbox 953 3281 1173 3343; x_wconf 75' lang='grc' dir='ltr'>τούτοις</span> <span class='ocrx_word' id='word_1_443' title='bbox 1198 3280 1415 3349; x_wconf 64' lang='grc' dir='ltr'>ἐπεξῄει</span> <span class='ocrx_word' id='word_1_444' title='bbox 1445 3280 1536 3331; x_wconf 71' lang='grc' dir='ltr'><strong>καὶ</strong></span> <span class='ocrx_word' id='word_1_445' title='bbox 1562 3279 1660 3347; x_wconf 80' lang='grc' dir='ltr'><strong>τὴν</strong></span> <span class='ocrx_word' id='word_1_446' title='bbox 1686 3280 1785 3347; x_wconf 78' lang='grc' dir='ltr'>τῆς</span> 
     </span>
    </p>
   </div>
   <div class='ocr_carea' id='block_1_65' title="bbox 210 3368 1782 3443">
    <p class='ocr_par' dir='ltr' id='par_1_65' title="bbox 210 3368 1782 3443">
     <span class='ocr_line' id='line_1_65' title="bbox 210 3368 1782 3443; baseline -0.005 -16"><span class='ocrx_word' id='word_1_447' title='bbox 210 3375 405 3436; x_wconf 73' lang='grc' dir='ltr'>παιδὸς</span> <span class='ocrx_word' id='word_1_448' title='bbox 458 3373 592 3443; x_wconf 78' lang='grc' dir='ltr'>πρὸς</span> <span class='ocrx_word' id='word_1_449' title='bbox 655 3371 754 3441; x_wconf 79' lang='grc' dir='ltr'>τὴν</span> <span class='ocrx_word' id='word_1_450' title='bbox 785 3371 1075 3424; x_wconf 78' lang='grc' dir='ltr'>Σωσὰνναν</span> <span class='ocrx_word' id='word_1_451' title='bbox 1132 3370 1469 3440; x_wconf 69' lang='grc' dir='ltr'>ἐγχείρησιν,</span> <span class='ocrx_word' id='word_1_452' title='bbox 1501 3368 1594 3421; x_wconf 70' lang='grc' dir='ltr'><strong>ιιια)⁸</strong></span> <span class='ocrx_word' id='word_1_453' title='bbox 1632 3369 1782 3429; x_wconf 75' lang='grc' dir='ltr'>τέλος</span> 
     </span>
    </p>
   </div>
   <div class='ocr_carea' id='block_1_66' title="bbox 209 3458 1785 3532">
    <p class='ocr_par' dir='ltr' id='par_1_66' title="bbox 209 3458 1785 3532">
     <span class='ocr_line' id='line_1_66' title="bbox 209 3458 1785 3532; baseline -0.004 -14"><span class='ocrx_word' id='word_1_454' title='bbox 209 3468 380 3532; x_wconf 71' lang='grc' dir='ltr'>ἐπῆγε</span> <span class='ocrx_word' id='word_1_455' title='bbox 412 3463 511 3532; x_wconf 77' lang='grc' dir='ltr'>τὴν</span> <span class='ocrx_word' id='word_1_456' title='bbox 540 3464 682 3516; x_wconf 70' lang='grc' dir='ltr'><strong>κατὰ</strong></span> <span class='ocrx_word' id='word_1_457' title='bbox 713 3463 839 3524; x_wconf 73' lang='grc' dir='ltr'>τοὺς</span> <span class='ocrx_word' id='word_1_458' title='bbox 868 3461 1069 3526; x_wconf 78' lang='grc' dir='ltr'>ὕπνους</span> <span class='ocrx_word' id='word_1_459' title='bbox 1115 3462 1244 3515; x_wconf 86' lang='grc' dir='ltr'>θέαν</span> <span class='ocrx_word' id='word_1_460' title='bbox 1268 3463 1341 3523; x_wconf 68' lang='grc' dir='ltr'><strong>ὡς</strong></span> <span class='ocrx_word' id='word_1_461' title='bbox 1374 3464 1650 3529; x_wconf 65' lang='grc' dir='ltr'>φεύγουσα</span> <span class='ocrx_word' id='word_1_462' title='bbox 1694 3458 1785 3511; x_wconf 53' lang='grc' dir='ltr'>τὴν</span> 
     </span>
    </p>
   </div>
   <div class='ocr_carea' id='block_1_67' title="bbox 207 3549 1785 3623">
    <p class='ocr_par' dir='ltr' id='par_1_67' title="bbox 207 3549 1785 3623">
     <span class='ocr_line' id='line_1_67' title="bbox 207 3549 1785 3623; baseline -0.004 -15"><span class='ocrx_word' id='word_1_463' title='bbox 207 3555 378 3623; x_wconf 75' lang='grc' dir='ltr'>ἄνδρα</span> <span class='ocrx_word' id='word_1_464' title='bbox 407 3554 748 3623; x_wconf 77' lang='grc' dir='ltr'>μοναζόντων</span> <span class='ocrx_word' id='word_1_465' title='bbox 776 3553 951 3606; x_wconf 71' lang='grc' dir='ltr'>ἐδόκει</span> <span class='ocrx_word' id='word_1_466' title='bbox 974 3552 1376 3623; x_wconf 80' lang='grc' dir='ltr'>περισεσῶσθαι</span> <span class='ocrx_word' id='word_1_467' title='bbox 1410 3552 1617 3621; x_wconf 77' lang='grc' dir='ltr'>χερσὶν,</span> <span class='ocrx_word' id='word_1_468' title='bbox 1641 3549 1669 3601; x_wconf 84' lang='grc' dir='ltr'><strong>ὃ</strong></span> <span class='ocrx_word' id='word_1_469' title='bbox 1694 3552 1785 3602; x_wconf 75' lang='grc' dir='ltr'><strong>καὶ</strong></span> 
     </span>
    </p>
   </div>
   <div class='ocr_carea' id='block_1_68' title="bbox 212 3641 1783 3712">
    <p class='ocr_par' dir='ltr' id='par_1_68' title="bbox 212 3641 1783 3712">
     <span class='ocr_line' id='line_1_68' title="bbox 212 3641 1783 3712; baseline -0.003 -16"><span class='ocrx_word' id='word_1_470' title='bbox 212 3647 434 3696; x_wconf 80' lang='grc' dir='ltr'>συνεῖσα</span> <span class='ocrx_word' id='word_1_471' title='bbox 458 3646 537 3707; x_wconf 82' lang='grc' dir='ltr'><strong>είς</strong></span> <span class='ocrx_word' id='word_1_472' title='bbox 564 3644 681 3696; x_wconf 80' lang='grc' dir='ltr'>τόδε</span> <span class='ocrx_word' id='word_1_473' title='bbox 735 3644 796 3696; x_wconf 78' lang='grc' dir='ltr'>τὸ</span> <span class='ocrx_word' id='word_1_474' title='bbox 826 3644 1013 3712; x_wconf 75' lang='grc' dir='ltr'><strong>σχῆμα</strong></span> <span class='ocrx_word' id='word_1_475' title='bbox 1069 3643 1410 3711; x_wconf 75' lang='grc' dir='ltr'>μετήμειψεν</span> <span class='ocrx_word' id='word_1_476' title='bbox 1459 3642 1664 3711; x_wconf 72' lang='grc' dir='ltr'>ἑαυτὴν</span> <span class='ocrx_word' id='word_1_477' title='bbox 1688 3641 1783 3692; x_wconf 73' lang='grc' dir='ltr'><strong>καὶ</strong></span> 
     </span>
    </p>
   </div>
   <div class='ocr_carea' id='block_1_69' title="bbox 210 3734 1784 3807">
    <p class='ocr_par' dir='ltr' id='par_1_69' title="bbox 210 3734 1784 3807">
     <span class='ocr_line' id='line_1_69' title="bbox 210 3734 1784 3807; baseline -0.004 -17"><span class='ocrx_word' id='word_1_478' title='bbox 210 3737 385 3807; x_wconf 77' lang='grc' dir='ltr'>αὐτὴν</span> <span class='ocrx_word' id='word_1_479' title='bbox 418 3738 517 3806; x_wconf 80' lang='grc' dir='ltr'><strong>τὴν</strong></span> <span class='ocrx_word' id='word_1_480' title='bbox 544 3737 917 3806; x_wconf 78' lang='grc' dir='ltr'>προσηγορίαν</span> <span class='ocrx_word' id='word_1_481' title='bbox 954 3735 1356 3804; x_wconf 65' lang='grc' dir='ltr'>μταεαλοῦσα.</span> <span class='ocrx_word' id='word_1_482' title='bbox 1386 3734 1601 3787; x_wconf 85' lang='grc' dir='ltr'>Τούτων</span> <span class='ocrx_word' id='word_1_483' title='bbox 1626 3736 1652 3787; x_wconf 97' lang='lat'><strong>6</strong></span> <span class='ocrx_word' id='word_1_484' title='bbox 1680 3734 1784 3785; x_wconf 84' lang='grc' dir='ltr'><strong>Βα-</strong></span> 
     </span>
    </p>
   </div>
   <div class='ocr_carea' id='block_1_70' title="bbox 213 3824 1781 3894">
    <p class='ocr_par' dir='ltr' id='par_1_70' title="bbox 213 3824 1781 3894">
     <span class='ocr_line' id='line_1_70' title="bbox 213 3824 1781 3894; baseline -0.004 -14"><span class='ocrx_word' id='word_1_485' title='bbox 213 3829 396 3890; x_wconf 81' lang='grc' dir='ltr'>σιανδς</span> <span class='ocrx_word' id='word_1_486' title='bbox 416 3825 676 3889; x_wconf 76' lang='grc' dir='ltr'>ἀκούσας,</span> <span class='ocrx_word' id='word_1_487' title='bbox 700 3826 868 3878; x_wconf 76' lang='grc' dir='ltr'>καὶτὸ</span> <span class='ocrx_word' id='word_1_488' title='bbox 903 3828 1031 3894; x_wconf 82' lang='grc' dir='ltr'>περὶ</span> <span class='ocrx_word' id='word_1_489' title='bbox 1064 3824 1282 3877; x_wconf 85' lang='grc' dir='ltr'>σύνεσιν</span> <span class='ocrx_word' id='word_1_490' title='bbox 1315 3825 1482 3893; x_wconf 79' lang='grc' dir='ltr'>αὐτῆς</span> <span class='ocrx_word' id='word_1_491' title='bbox 1534 3826 1781 3885; x_wconf 57' lang='lat' dir='ltr'><strong>laetorve;</strong></span> 
     </span>
    </p>
   </div>
   <div class='ocr_carea' id='block_1_71' title="bbox 209 3914 1785 3986">
    <p class='ocr_par' dir='ltr' id='par_1_71' title="bbox 209 3914 1785 3986">
     <span class='ocr_line' id='line_1_71' title="bbox 209 3914 1785 3986; baseline -0.004 -14"><span class='ocrx_word' id='word_1_492' title='bbox 209 3919 304 3983; x_wconf 72' lang='grc' dir='ltr'><strong>ὀξὺ</strong></span> <span class='ocrx_word' id='word_1_493' title='bbox 338 3920 397 3970; x_wconf 75' lang='grc' dir='ltr'>ἐν</span> <span class='ocrx_word' id='word_1_494' title='bbox 453 3917 694 3985; x_wconf 77' lang='grc' dir='ltr'>θαύματι</span> <span class='ocrx_word' id='word_1_495' title='bbox 751 3918 1137 3986; x_wconf 76' lang='grc' dir='ltr'>ποιησάμενος,</span> <span class='ocrx_word' id='word_1_496' title='bbox 1188 3919 1283 3969; x_wconf 76' lang='grc' dir='ltr'><strong>καὶ</strong></span> <span class='ocrx_word' id='word_1_497' title='bbox 1315 3915 1374 3967; x_wconf 81' lang='grc' dir='ltr'>τὸ</span> <span class='ocrx_word' id='word_1_498' title='bbox 1406 3918 1501 3981; x_wconf 76' lang='grc' dir='ltr'>τῆς</span> <span class='ocrx_word' id='word_1_499' title='bbox 1527 3914 1785 3984; x_wconf 81' lang='grc' dir='ltr'>προαιρέ-</span> 
     </span>
    </p>
   </div>
   <div class='ocr_carea' id='block_1_72' title="bbox 214 4008 1785 4077">
    <p class='ocr_par' dir='ltr' id='par_1_72' title="bbox 214 4008 1785 4077">
     <span class='ocr_line' id='line_1_72' title="bbox 214 4008 1785 4077; baseline -0.003 -15"><span class='ocrx_word' id='word_1_500' title='bbox 214 4027 353 4072; x_wconf 88' lang='grc' dir='ltr'>σεως</span> <span class='ocrx_word' id='word_1_501' title='bbox 386 4010 681 4063; x_wconf 77' lang='grc' dir='ltr'>ἀπόδεκτον</span> <span class='ocrx_word' id='word_1_502' title='bbox 709 4008 1091 4077; x_wconf 68' lang='grc' dir='ltr'>λογισάμενος,</span> <span class='ocrx_word' id='word_1_503' title='bbox 1111 4010 1159 4061; x_wconf 81' lang='grc' dir='ltr'><strong>εί</strong></span> <span class='ocrx_word' id='word_1_504' title='bbox 1183 4010 1319 4077; x_wconf 73' lang='grc' dir='ltr'>πρὸς</span> <span class='ocrx_word' id='word_1_505' title='bbox 1343 4009 1401 4059; x_wconf 84' lang='grc' dir='ltr'>τὸ</span> <span class='ocrx_word' id='word_1_506' title='bbox 1427 4008 1608 4059; x_wconf 83' lang='grc' dir='ltr'>λοιπὸν</span> <span class='ocrx_word' id='word_1_507' title='bbox 1635 4008 1785 4074; x_wconf 89' lang='grc' dir='ltr'>αίρε-</span> 
     </span>
    </p>
   </div>
   <div class='ocr_carea' id='block_1_73' title="bbox 211 4101 1779 4171">
    <p class='ocr_par' dir='ltr' id='par_1_73' title="bbox 211 4101 1779 4171">
     <span class='ocr_line' id='line_1_73' title="bbox 211 4101 1779 4171; baseline -0.004 -14"><span class='ocrx_word' id='word_1_508' title='bbox 211 4102 300 4165; x_wconf 82' lang='grc' dir='ltr'>τὸς</span> <span class='ocrx_word' id='word_1_509' title='bbox 328 4104 355 4155; x_wconf 91' lang='lat'><strong>6</strong></span> <span class='ocrx_word' id='word_1_510' title='bbox 385 4104 492 4155; x_wconf 81' lang='grc' dir='ltr'>τῶν</span> <span class='ocrx_word' id='word_1_511' title='bbox 543 4102 795 4170; x_wconf 78' lang='grc' dir='ltr'>μοναχῶν</span> <span class='ocrx_word' id='word_1_512' title='bbox 830 4101 941 4170; x_wconf 85' lang='grc' dir='ltr'>βίος</span> <span class='ocrx_word' id='word_1_513' title='bbox 979 4103 1120 4171; x_wconf 72' lang='grc' dir='ltr'>αὐτῇ</span> <span class='ocrx_word' id='word_1_514' title='bbox 1163 4101 1514 4155; x_wconf 75' lang='grc' dir='ltr'>επυνθάνετο.</span> <span class='ocrx_word' id='word_1_515' title='bbox 1559 4103 1669 4169; x_wconf 74' lang='grc' dir='ltr'><strong>Ῥἧς</strong></span> <span class='ocrx_word' id='word_1_516' title='bbox 1701 4102 1779 4161; x_wconf 83' lang='grc' dir='ltr'><strong>δὲ,</strong></span> 
     </span>
    </p>
   </div>
   <div class='ocr_carea' id='block_1_74' title="bbox 214 4190 1784 4262">
    <p class='ocr_par' dir='ltr' id='par_1_74' title="bbox 214 4190 1784 4262">
     <span class='ocr_line' id='line_1_74' title="bbox 214 4190 1784 4262; baseline -0.002 -16"><span class='ocrx_word' id='word_1_517' title='bbox 214 4195 325 4246; x_wconf 78' lang='grc' dir='ltr'><strong>Καὶ</strong></span> <span class='ocrx_word' id='word_1_518' title='bbox 371 4193 510 4256; x_wconf 83' lang='grc' dir='ltr'>λίαν,</span> <span class='ocrx_word' id='word_1_519' title='bbox 563 4192 845 4260; x_wconf 76' lang='grc' dir='ltr'>είπούσης.</span> <span class='ocrx_word' id='word_1_520' title='bbox 876 4190 963 4244; x_wconf 81' lang='grc' dir='ltr'><strong>διὰ</strong></span> <span class='ocrx_word' id='word_1_521' title='bbox 992 4196 1101 4262; x_wconf 73' lang='grc' dir='ltr'><strong>γὰρ</strong></span> <span class='ocrx_word' id='word_1_522' title='bbox 1147 4191 1305 4245; x_wconf 82' lang='grc' dir='ltr'>τοῦτο</span> <span class='ocrx_word' id='word_1_523' title='bbox 1337 4192 1543 4261; x_wconf 75' lang='grc' dir='ltr'>κόσμου</span> <span class='ocrx_word' id='word_1_524' title='bbox 1582 4209 1641 4244; x_wconf 85' lang='grc' dir='ltr'><strong>τε</strong></span> <span class='ocrx_word' id='word_1_525' title='bbox 1690 4191 1784 4244; x_wconf 73' lang='grc' dir='ltr'><strong>καὶ</strong></span> 
     </span>
    </p>
   </div>
   <div class='ocr_carea' id='block_1_75' title="bbox 211 4281 1779 4353">
    <p class='ocr_par' dir='ltr' id='par_1_75' title="bbox 211 4281 1779 4353">
     <span class='ocr_line' id='line_1_75' title="bbox 211 4281 1779 4353; baseline -0.003 -16"><span class='ocrx_word' id='word_1_526' title='bbox 211 4284 321 4337; x_wconf 83' lang='grc' dir='ltr'><strong>τῶν</strong></span> <span class='ocrx_word' id='word_1_527' title='bbox 368 4282 463 4336; x_wconf 81' lang='grc' dir='ltr'>τοῦ</span> <span class='ocrx_word' id='word_1_528' title='bbox 493 4283 702 4350; x_wconf 78' lang='grc' dir='ltr'>κόσμου</span> <span class='ocrx_word' id='word_1_529' title='bbox 758 4281 1010 4349; x_wconf 70' lang='grc' dir='ltr'>γενέσθαι</span> <span class='ocrx_word' id='word_1_530' title='bbox 1045 4283 1281 4353; x_wconf 75' lang='grc' dir='ltr'>μακρὰν,</span> <span class='ocrx_word' id='word_1_531' title='bbox 1314 4283 1536 4351; x_wconf 78' lang='grc' dir='ltr'>Θάρσει,</span> <span class='ocrx_word' id='word_1_532' title='bbox 1571 4282 1779 4343; x_wconf 81' lang='grc' dir='ltr'>τέκνον,</span> 
     </span>
    </p>
   </div>
   <div class='ocr_carea' id='block_1_76' title="bbox 212 4374 1784 4445">
    <p class='ocr_par' dir='ltr' id='par_1_76' title="bbox 212 4374 1784 4445">
     <span class='ocr_line' id='line_1_76' title="bbox 212 4374 1784 4445; baseline -0.002 -17"><span class='ocrx_word' id='word_1_533' title='bbox 212 4375 461 4445; x_wconf 77' lang='grc' dir='ltr'>περὶτοῦ</span> <span class='ocrx_word' id='word_1_534' title='bbox 499 4374 804 4443; x_wconf 83' lang='grc' dir='ltr'>μέλλοντος,</span> <span class='ocrx_word' id='word_1_535' title='bbox 844 4376 897 4427; x_wconf 89' lang='lat'><strong>6-</strong></span> <span class='ocrx_word' id='word_1_536' title='bbox 921 4376 1185 4431; x_wconf 78' lang='grc' dir='ltr'>Βασιανδς</span> <span class='ocrx_word' id='word_1_537' title='bbox 1220 4374 1625 4444; x_wconf 76' lang='grc' dir='ltr'>ἁπεφθέγγετο,</span> <span class='ocrx_word' id='word_1_538' title='bbox 1664 4391 1784 4426; x_wconf 86' lang='grc' dir='ltr'>νου-</span> 
     </span>
    </p>
   </div>
   <div class='ocr_carea' id='block_1_77' title="bbox 212 4462 1781 4538">
    <p class='ocr_par' dir='ltr' id='par_1_77' title="bbox 212 4462 1781 4538">
     <span class='ocr_line' id='line_1_77' title="bbox 212 4462 1781 4538; baseline -0.004 -15"><span class='ocrx_word' id='word_1_539' title='bbox 212 4468 446 4538; x_wconf 79' lang='grc' dir='ltr'>Θετήσας</span> <span class='ocrx_word' id='word_1_540' title='bbox 472 4483 531 4519; x_wconf 92' lang='grc' dir='ltr'><strong>τε</strong></span> <span class='ocrx_word' id='word_1_541' title='bbox 558 4466 658 4519; x_wconf 86' lang='grc' dir='ltr'><strong>ὅσα</strong></span> <span class='ocrx_word' id='word_1_542' title='bbox 689 4465 958 4518; x_wconf 81' lang='grc' dir='ltr'>συνοίσειν</span> <span class='ocrx_word' id='word_1_543' title='bbox 987 4466 1279 4536; x_wconf 75' lang='grc' dir='ltr'>ἠπίστατο,</span> <span class='ocrx_word' id='word_1_544' title='bbox 1308 4466 1381 4519; x_wconf 82' lang='grc' dir='ltr'>Τὸ</span> <span class='ocrx_word' id='word_1_545' title='bbox 1408 4468 1615 4529; x_wconf 80' lang='grc' dir='ltr'>λοιπὸν,</span> <span class='ocrx_word' id='word_1_546' title='bbox 1636 4462 1781 4531; x_wconf 74' lang='grc' dir='ltr'>εἰπε,</span> 
     </span>
    </p>
   </div>
   <div class='ocr_carea' id='block_1_78' title="bbox 1889 3272 3465 3343">
    <p class='ocr_par' dir='ltr' id='par_1_78' title="bbox 1889 3272 3465 3343">
     <span class='ocr_line' id='line_1_78' title="bbox 1889 3272 3465 3343; baseline 0.003 -20"><span class='ocrx_word' id='word_1_547' title='bbox 1889 3280 2070 3339; x_wconf 83' lang='lat' dir='ltr'><strong>posset</strong></span> <span class='ocrx_word' id='word_1_548' title='bbox 2122 3272 2286 3325; x_wconf 86' lang='lat' dir='ltr'><strong>latere</strong></span> <span class='ocrx_word' id='word_1_549' title='bbox 2330 3276 2607 3336; x_wconf 88' lang='lat' dir='ltr'><strong>maritum.</strong></span> <span class='ocrx_word' id='word_1_550' title='bbox 2649 3284 2700 3327; x_wconf 91' lang='lat' dir='ltr'><strong>ct</strong></span> <span class='ocrx_word' id='word_1_551' title='bbox 2756 3291 2812 3329; x_wconf 87' lang='lat' dir='ltr'><strong>se</strong></span> <span class='ocrx_word' id='word_1_552' title='bbox 2860 3292 2921 3329; x_wconf 85' lang='lat' dir='ltr'><strong>ex</strong></span> <span class='ocrx_word' id='word_1_553' title='bbox 2970 3291 3062 3329; x_wconf 86' lang='lat' dir='ltr'><strong>sua</strong></span> <span class='ocrx_word' id='word_1_554' title='bbox 3112 3291 3301 3343; x_wconf 78' lang='lat' dir='ltr'><strong>gerere</strong></span> <span class='ocrx_word' id='word_1_555' title='bbox 3338 3291 3465 3328; x_wconf 76' lang='lat' dir='ltr'><strong>sen-</strong></span> 
     </span>
    </p>
   </div>
   <div class='ocr_carea' id='block_1_79' title="bbox 1890 3362 3464 3434">
    <p class='ocr_par' dir='ltr' id='par_1_79' title="bbox 1890 3362 3464 3434">
     <span class='ocr_line' id='line_1_79' title="bbox 1890 3362 3464 3434; baseline 0.003 -23"><span class='ocrx_word' id='word_1_556' title='bbox 1890 3362 2077 3412; x_wconf 86' lang='lat' dir='ltr'><strong>tentia.</strong></span> <span class='ocrx_word' id='word_1_557' title='bbox 2131 3362 2254 3413; x_wconf 78' lang='lat' dir='ltr'><strong>l‘ost</strong></span> <span class='ocrx_word' id='word_1_558' title='bbox 2302 3362 2416 3416; x_wconf 71' lang='lat' dir='ltr'><strong>haec</strong></span> <span class='ocrx_word' id='word_1_559' title='bbox 2468 3366 2924 3432; x_wconf 75' lang='lat' dir='ltr'><strong>persequebatur,</strong></span> <span class='ocrx_word' id='word_1_560' title='bbox 2974 3364 3252 3434; x_wconf 92' lang='lat' dir='ltr'><strong>quomodo</strong></span> <span class='ocrx_word' id='word_1_561' title='bbox 3298 3363 3464 3417; x_wconf 80' lang='lat' dir='ltr'><strong>tiliam</strong></span> 
     </span>
    </p>
   </div>
   <div class='ocr_carea' id='block_1_80' title="bbox 1890 3450 3465 3524">
    <p class='ocr_par' dir='ltr' id='par_1_80' title="bbox 1890 3450 3465 3524">
     <span class='ocr_line' id='line_1_80' title="bbox 1890 3450 3465 3524; baseline 0.002 -20"><span class='ocrx_word' id='word_1_562' title='bbox 1890 3450 2206 3505; x_wconf 66' lang='lat' dir='ltr'><strong>tradidisset</strong></span> <span class='ocrx_word' id='word_1_563' title='bbox 2236 3450 2517 3516; x_wconf 72' lang='lat' dir='ltr'><strong>Sosaunze,</strong></span> <span class='ocrx_word' id='word_1_564' title='bbox 2552 3465 2605 3508; x_wconf 91' lang='lat' dir='ltr'><strong>et</strong></span> <span class='ocrx_word' id='word_1_565' title='bbox 2647 3455 2865 3508; x_wconf 89' lang='lat' dir='ltr'><strong>tandem</strong></span> <span class='ocrx_word' id='word_1_566' title='bbox 2893 3455 3078 3507; x_wconf 88' lang='lat' dir='ltr'><strong>intulit</strong></span> <span class='ocrx_word' id='word_1_567' title='bbox 3106 3470 3224 3509; x_wconf 89' lang='lat' dir='ltr'><strong>eam</strong></span> <span class='ocrx_word' id='word_1_568' title='bbox 3256 3470 3376 3524; x_wconf 66' lang='lat' dir='ltr'><strong>qua</strong></span> <span class='ocrx_word' id='word_1_569' title='bbox 3410 3455 3465 3508; x_wconf 90' lang='lat' dir='ltr'><strong>in</strong></span> 
     </span>
    </p>
   </div>
   <div class='ocr_carea' id='block_1_81' title="bbox 1884 3544 3465 3615">
    <p class='ocr_par' dir='ltr' id='par_1_81' title="bbox 1884 3544 3465 3615">
     <span class='ocr_line' id='line_1_81' title="bbox 1884 3544 3465 3615; baseline 0.003 -19"><span class='ocrx_word' id='word_1_570' title='bbox 1884 3544 2399 3611; x_wconf 76' lang='lat' dir='ltr'><strong>somnisapparuit,</strong></span> <span class='ocrx_word' id='word_1_571' title='bbox 2434 3547 2721 3611; x_wconf 76' lang='lat' dir='ltr'><strong>visionem,</strong></span> <span class='ocrx_word' id='word_1_572' title='bbox 2756 3548 2899 3615; x_wconf 83' lang='lat' dir='ltr'><strong>quod</strong></span> <span class='ocrx_word' id='word_1_573' title='bbox 2936 3546 3149 3615; x_wconf 78' lang='lat' dir='ltr'><strong>fugiens</strong></span> <span class='ocrx_word' id='word_1_574' title='bbox 3184 3546 3465 3610; x_wconf 70' lang='lat' dir='ltr'><strong>mar&#39;vum,</strong></span> 
     </span>
    </p>
   </div>
   <div class='ocr_carea' id='block_1_82' title="bbox 1840 3635 3460 3694">
    <p class='ocr_par' dir='ltr' id='par_1_82' title="bbox 1840 3635 3460 3694">
     <span class='ocr_line' id='line_1_82' title="bbox 1840 3635 3460 3694; baseline 0.002 -8"><span class='ocrx_word' id='word_1_575' title='bbox 1840 3651 1851 3665; x_wconf 68' lang='grc' dir='ltr'><strong><em>υ</em></strong></span> <span class='ocrx_word' id='word_1_576' title='bbox 1886 3635 2177 3687; x_wconf 76' lang='lat' dir='ltr'><strong>videbatur</strong></span> <span class='ocrx_word' id='word_1_577' title='bbox 2232 3637 2400 3690; x_wconf 91' lang='lat' dir='ltr'><strong>luisse</strong></span> <span class='ocrx_word' id='word_1_578' title='bbox 2454 3649 2665 3691; x_wconf 85' lang='lat' dir='ltr'><strong>servata</strong></span> <span class='ocrx_word' id='word_1_579' title='bbox 2722 3640 2975 3693; x_wconf 86' lang='lat' dir='ltr'><strong>manibus</strong></span> <span class='ocrx_word' id='word_1_580' title='bbox 3023 3640 3460 3694; x_wconf 76' lang='lat' dir='ltr'><strong>monachorum.</strong></span> 
     </span>
    </p>
   </div>
   <div class='ocr_carea' id='block_1_83' title="bbox 1885 3724 3466 3798">
    <p class='ocr_par' dir='ltr' id='par_1_83' title="bbox 1885 3724 3466 3798">
     <span class='ocr_line' id='line_1_83' title="bbox 1885 3724 3466 3798; baseline 0.008 -25"><span class='ocrx_word' id='word_1_581' title='bbox 1885 3724 2040 3790; x_wconf 76' lang='lat' dir='ltr'><strong>Quod</strong></span> <span class='ocrx_word' id='word_1_582' title='bbox 2074 3726 2296 3793; x_wconf 87' lang='lat' dir='ltr'><strong>quidem</strong></span> <span class='ocrx_word' id='word_1_583' title='bbox 2333 3727 2664 3796; x_wconf 70' lang='lat' dir='ltr'><strong>intelligens,</strong></span> <span class='ocrx_word' id='word_1_584' title='bbox 2699 3731 2931 3798; x_wconf 73' lang='lat' dir='ltr'><strong>scipsam</strong></span> <span class='ocrx_word' id='word_1_585' title='bbox 2968 3734 3200 3785; x_wconf 87' lang='lat' dir='ltr'><strong>mutavit</strong></span> <span class='ocrx_word' id='word_1_586' title='bbox 3228 3734 3281 3785; x_wconf 89' lang='lat' dir='ltr'><strong>in</strong></span> <span class='ocrx_word' id='word_1_587' title='bbox 3318 3733 3466 3786; x_wconf 75' lang='lat' dir='ltr'><strong>hunc</strong></span> 
     </span>
    </p>
   </div>
   <div class='ocr_carea' id='block_1_84' title="bbox 1888 3817 3465 3887">
    <p class='ocr_par' dir='ltr' id='par_1_84' title="bbox 1888 3817 3465 3887">
     <span class='ocr_line' id='line_1_84' title="bbox 1888 3817 3465 3887; baseline 0.004 -17"><span class='ocrx_word' id='word_1_588' title='bbox 1888 3817 2158 3877; x_wconf 81' lang='lat' dir='ltr'><strong>habitum.</strong></span> <span class='ocrx_word' id='word_1_589' title='bbox 2194 3817 2312 3883; x_wconf 79' lang='lat' dir='ltr'><strong>ipso</strong></span> <span class='ocrx_word' id='word_1_590' title='bbox 2365 3834 2583 3887; x_wconf 89' lang='lat' dir='ltr'><strong>quoque</strong></span> <span class='ocrx_word' id='word_1_591' title='bbox 2621 3830 2831 3873; x_wconf 81' lang='lat' dir='ltr'><strong>mutato</strong></span> <span class='ocrx_word' id='word_1_592' title='bbox 2866 3822 3108 3875; x_wconf 88' lang='lat' dir='ltr'><strong>nomine.</strong></span> <span class='ocrx_word' id='word_1_593' title='bbox 3162 3821 3289 3877; x_wconf 63' lang='lat' dir='ltr'><strong>ﬂare</strong></span> <span class='ocrx_word' id='word_1_594' title='bbox 3338 3839 3465 3876; x_wconf 85' lang='lat' dir='ltr'><strong>eum</strong></span> 
     </span>
    </p>
   </div>
   <div class='ocr_carea' id='block_1_85' title="bbox 1887 3907 3465 3981">
    <p class='ocr_par' dir='ltr' id='par_1_85' title="bbox 1887 3907 3465 3981">
     <span class='ocr_line' id='line_1_85' title="bbox 1887 3907 3465 3981; baseline 0.005 -21"><span class='ocrx_word' id='word_1_595' title='bbox 1887 3908 2152 3961; x_wconf 85' lang='lat' dir='ltr'><strong>audiisset</strong></span> <span class='ocrx_word' id='word_1_596' title='bbox 2201 3907 2509 3972; x_wconf 82' lang='lat' dir='ltr'><strong>Bassianus,</strong></span> <span class='ocrx_word' id='word_1_597' title='bbox 2562 3920 2616 3962; x_wconf 91' lang='lat' dir='ltr'><strong>et</strong></span> <span class='ocrx_word' id='word_1_598' title='bbox 2651 3924 2775 3962; x_wconf 90' lang='lat' dir='ltr'><strong>acre</strong></span> <span class='ocrx_word' id='word_1_599' title='bbox 2823 3913 2940 3980; x_wconf 89' lang='lat' dir='ltr'><strong>ejus</strong></span> <span class='ocrx_word' id='word_1_600' title='bbox 2981 3912 3261 3981; x_wconf 78' lang='lat' dir='ltr'><strong>ingenium</strong></span> <span class='ocrx_word' id='word_1_601' title='bbox 3306 3913 3465 3968; x_wconf 77' lang='lat' dir='ltr'><strong>valde</strong></span> 
     </span>
    </p>
   </div>
   <div class='ocr_carea' id='block_1_86' title="bbox 1884 3999 3465 4073">
    <p class='ocr_par' dir='ltr' id='par_1_86' title="bbox 1884 3999 3465 4073">
     <span class='ocr_line' id='line_1_86' title="bbox 1884 3999 3465 4073; baseline 0.004 -22"><span class='ocrx_word' id='word_1_602' title='bbox 1884 4007 2027 4052; x_wconf 86' lang='lat' dir='ltr'><strong>esset</strong></span> <span class='ocrx_word' id='word_1_603' title='bbox 2065 3999 2362 4053; x_wconf 79' lang='lat' dir='ltr'><strong>admiratus</strong></span> <span class='ocrx_word' id='word_1_604' title='bbox 2423 4010 2477 4053; x_wconf 90' lang='lat' dir='ltr'><strong>et</strong></span> <span class='ocrx_word' id='word_1_605' title='bbox 2516 4004 2919 4055; x_wconf 79' lang='lat' dir='ltr'><strong>considerasset</strong></span> <span class='ocrx_word' id='word_1_606' title='bbox 2953 4005 3301 4070; x_wconf 78' lang='lat' dir='ltr'><strong>propositum</strong></span> <span class='ocrx_word' id='word_1_607' title='bbox 3342 4004 3465 4073; x_wconf 82' lang='lat' dir='ltr'><strong>ejus</strong></span> 
     </span>
    </p>
   </div>
   <div class='ocr_carea' id='block_1_87' title="bbox 1884 4090 3464 4174">
    <p class='ocr_par' dir='ltr' id='par_1_87' title="bbox 1884 4090 3464 4174">
     <span class='ocr_line' id='line_1_87' title="bbox 1884 4090 3464 4174; baseline 0.003 -31"><span class='ocrx_word' id='word_1_608' title='bbox 1884 4090 2310 4155; x_wconf 79' lang='lat' dir='ltr'><strong>admittendum,</strong></span> <span class='ocrx_word' id='word_1_609' title='bbox 2358 4094 2590 4160; x_wconf 81' lang='lat' dir='ltr'><strong>rogavit,</strong></span> <span class='ocrx_word' id='word_1_610' title='bbox 2638 4109 2703 4145; x_wconf 89' lang='lat' dir='ltr'><strong>an</strong></span> <span class='ocrx_word' id='word_1_611' title='bbox 2753 4096 2818 4146; x_wconf 86' lang='lat' dir='ltr'><strong>de</strong></span> <span class='ocrx_word' id='word_1_612' title='bbox 2865 4104 3067 4148; x_wconf 66' lang='lat' dir='ltr'><strong>cmtero</strong></span> <span class='ocrx_word' id='word_1_613' title='bbox 3098 4104 3244 4149; x_wconf 82' lang='lat' dir='ltr'><strong>esset</strong></span> <span class='ocrx_word' id='word_1_614' title='bbox 3272 4096 3323 4174; x_wconf 77' lang='lat' dir='ltr'><strong>ei</strong></span> <span class='ocrx_word' id='word_1_615' title='bbox 3354 4097 3464 4147; x_wconf 83' lang='lat' dir='ltr'><strong>vita</strong></span> 
     </span>
    </p>
   </div>
   <div class='ocr_carea' id='block_1_88' title="bbox 1885 4182 3469 4251">
    <p class='ocr_par' dir='ltr' id='par_1_88' title="bbox 1885 4182 3469 4251">
     <span class='ocr_line' id='line_1_88' title="bbox 1885 4182 3469 4251; baseline 0.003 -15"><span class='ocrx_word' id='word_1_616' title='bbox 1885 4184 2132 4251; x_wconf 86' lang='lat' dir='ltr'><strong>eligenda</strong></span> <span class='ocrx_word' id='word_1_617' title='bbox 2169 4184 2489 4236; x_wconf 83' lang='lat' dir='ltr'><strong>monastiea.</strong></span> <span class='ocrx_word' id='word_1_618' title='bbox 2524 4182 2658 4237; x_wconf 89' lang='lat' dir='ltr'><strong>Cum</strong></span> <span class='ocrx_word' id='word_1_619' title='bbox 2692 4200 2755 4237; x_wconf 88' lang='lat' dir='ltr'><strong>ea</strong></span> <span class='ocrx_word' id='word_1_620' title='bbox 2793 4196 2974 4239; x_wconf 86' lang='lat' dir='ltr'><strong>autem</strong></span> <span class='ocrx_word' id='word_1_621' title='bbox 3006 4187 3270 4240; x_wconf 82' lang='lat' dir='ltr'><strong>dixisset:</strong></span> <span class='ocrx_word' id='word_1_622' title='bbox 3297 4186 3469 4240; x_wconf 77' lang='lat' dir='ltr'><strong>Maxi-</strong></span> 
     </span>
    </p>
   </div>
   <div class='ocr_carea' id='block_1_89' title="bbox 1889 4274 3466 4346">
    <p class='ocr_par' dir='ltr' id='par_1_89' title="bbox 1889 4274 3466 4346">
     <span class='ocr_line' id='line_1_89' title="bbox 1889 4274 3466 4346; baseline 0.004 -21"><span class='ocrx_word' id='word_1_623' title='bbox 1889 4288 1998 4335; x_wconf 91' lang='lat' dir='ltr'><strong>me,</strong></span> <span class='ocrx_word' id='word_1_624' title='bbox 2041 4282 2335 4341; x_wconf 87' lang='lat' dir='ltr'><strong>pr0pterea</strong></span> <span class='ocrx_word' id='word_1_625' title='bbox 2370 4274 2515 4326; x_wconf 90' lang='lat' dir='ltr'><strong>enim</strong></span> <span class='ocrx_word' id='word_1_626' title='bbox 2546 4290 2602 4327; x_wconf 90' lang='lat' dir='ltr'><strong>se</strong></span> <span class='ocrx_word' id='word_1_627' title='bbox 2645 4291 2674 4328; x_wconf 91' lang='lat' dir='ltr'><strong>a</strong></span> <span class='ocrx_word' id='word_1_628' title='bbox 2721 4277 2944 4340; x_wconf 85' lang='lat' dir='ltr'><strong>mundo,</strong></span> <span class='ocrx_word' id='word_1_629' title='bbox 2981 4288 3037 4331; x_wconf 92' lang='lat' dir='ltr'><strong>et</strong></span> <span class='ocrx_word' id='word_1_630' title='bbox 3069 4278 3137 4331; x_wconf 90' lang='lat' dir='ltr'><strong>iis</strong></span> <span class='ocrx_word' id='word_1_631' title='bbox 3177 4294 3300 4346; x_wconf 68' lang='lat' dir='ltr'><strong>qua</strong></span> <span class='ocrx_word' id='word_1_632' title='bbox 3339 4290 3466 4333; x_wconf 72' lang='lat' dir='ltr'><strong>sunt</strong></span> 
     </span>
    </p>
   </div>
   <div class='ocr_carea' id='block_1_90' title="bbox 1889 4361 3468 4433">
    <p class='ocr_par' dir='ltr' id='par_1_90' title="bbox 1889 4361 3468 4433">
     <span class='ocr_line' id='line_1_90' title="bbox 1889 4361 3468 4433; baseline 0.003 -17"><span class='ocrx_word' id='word_1_633' title='bbox 1889 4361 2099 4424; x_wconf 89' lang='lat' dir='ltr'><strong>mundi.</strong></span> <span class='ocrx_word' id='word_1_634' title='bbox 2130 4366 2459 4418; x_wconf 77' lang='lat' dir='ltr'><strong>recessisse:</strong></span> <span class='ocrx_word' id='word_1_635' title='bbox 2500 4367 2571 4419; x_wconf 89' lang='lat' dir='ltr'><strong>De</strong></span> <span class='ocrx_word' id='word_1_636' title='bbox 2607 4378 2807 4420; x_wconf 65' lang='lat' dir='ltr'><strong>caetero</strong></span> <span class='ocrx_word' id='word_1_637' title='bbox 2833 4369 3068 4433; x_wconf 79' lang='lat' dir='ltr'><strong>conﬁde,</strong></span> <span class='ocrx_word' id='word_1_638' title='bbox 3099 4384 3131 4422; x_wconf 88' lang='grc' dir='ltr'><strong>ο</strong></span> <span class='ocrx_word' id='word_1_639' title='bbox 3161 4368 3293 4433; x_wconf 82' lang='lat' dir='ltr'><strong>lilia,</strong></span> <span class='ocrx_word' id='word_1_640' title='bbox 3329 4369 3468 4423; x_wconf 90' lang='lat' dir='ltr'><strong>dixit</strong></span> 
     </span>
    </p>
   </div>
   <div class='ocr_carea' id='block_1_91' title="bbox 1889 4455 3468 4528">
    <p class='ocr_par' dir='ltr' id='par_1_91' title="bbox 1889 4455 3468 4528">
     <span class='ocr_line' id='line_1_91' title="bbox 1889 4455 3468 4528; baseline 0.004 -20"><span class='ocrx_word' id='word_1_641' title='bbox 1889 4455 2197 4510; x_wconf 86' lang='lat' dir='ltr'><strong>Bassianus.</strong></span> <span class='ocrx_word' id='word_1_642' title='bbox 2229 4456 2295 4509; x_wconf 87' lang='lat' dir='ltr'><strong>Et</strong></span> <span class='ocrx_word' id='word_1_643' title='bbox 2324 4472 2446 4509; x_wconf 91' lang='lat' dir='ltr'><strong>cum</strong></span> <span class='ocrx_word' id='word_1_644' title='bbox 2478 4472 2541 4510; x_wconf 89' lang='lat' dir='ltr'><strong>ea</strong></span> <span class='ocrx_word' id='word_1_645' title='bbox 2570 4458 2811 4512; x_wconf 72' lang='lat' dir='ltr'><strong>dedisset</strong></span> <span class='ocrx_word' id='word_1_646' title='bbox 2838 4461 3067 4522; x_wconf 84' lang='lat' dir='ltr'><strong>monita,</strong></span> <span class='ocrx_word' id='word_1_647' title='bbox 3100 4476 3224 4528; x_wconf 71' lang='lat' dir='ltr'><strong>qua:</strong></span> <span class='ocrx_word' id='word_1_648' title='bbox 3258 4462 3468 4515; x_wconf 82' lang='lat' dir='ltr'><strong>sciebat</strong></span> 
     </span>
    </p>
   </div>
   <div class='ocr_carea' id='block_1_92' title="bbox 210 4548 1785 4631">
    <p class='ocr_par' dir='ltr' id='par_1_92' title="bbox 210 4556 1781 4631">
     <span class='ocr_line' id='line_1_92' title="bbox 210 4556 1781 4631; baseline -0.006 -15"><span class='ocrx_word' id='word_1_649' title='bbox 210 4564 423 4625; x_wconf 77' lang='grc' dir='ltr'>τέκνον,</span> <span class='ocrx_word' id='word_1_650' title='bbox 449 4561 701 4631; x_wconf 73' lang='grc' dir='ltr'>άνὰδημα</span> <span class='ocrx_word' id='word_1_651' title='bbox 730 4560 1054 4630; x_wconf 70' lang='grc' dir='ltr'>περιθέσθαι</span> <span class='ocrx_word' id='word_1_652' title='bbox 1088 4574 1148 4612; x_wconf 89' lang='grc' dir='ltr'><strong>σε</strong></span> <span class='ocrx_word' id='word_1_653' title='bbox 1191 4560 1257 4629; x_wconf 82' lang='grc' dir='ltr'><strong>τῇ</strong></span> <span class='ocrx_word' id='word_1_654' title='bbox 1309 4558 1517 4627; x_wconf 72' lang='grc' dir='ltr'>κεφαλῇ</span> <span class='ocrx_word' id='word_1_655' title='bbox 1558 4556 1646 4609; x_wconf 79' lang='grc' dir='ltr'><strong>διὰ</strong></span> <span class='ocrx_word' id='word_1_656' title='bbox 1691 4557 1781 4607; x_wconf 80' lang='grc' dir='ltr'>τὸν</span> 
     </span>
    </p>
   </div>
   <div class='ocr_carea' id='block_1_93' title="bbox 1880 4548 3466 4631">
    <p class='ocr_par' dir='ltr' id='par_1_93' title="bbox 1887 4548 3466 4621">
     <span class='ocr_line' id='line_1_93' title="bbox 1887 4548 3466 4621; baseline 0.003 -20"><span class='ocrx_word' id='word_1_657' title='bbox 1887 4549 1936 4601; x_wconf 81' lang='lat' dir='ltr'><strong>ei</strong></span> <span class='ocrx_word' id='word_1_658' title='bbox 1971 4563 2091 4602; x_wconf 86' lang='lat' dir='ltr'><strong>esse</strong></span> <span class='ocrx_word' id='word_1_659' title='bbox 2126 4548 2449 4615; x_wconf 75' lang='lat' dir='ltr'><strong>profutura;</strong></span> <span class='ocrx_word' id='word_1_660' title='bbox 2484 4550 2556 4602; x_wconf 92' lang='lat' dir='ltr'><strong>De</strong></span> <span class='ocrx_word' id='word_1_661' title='bbox 2584 4559 2803 4615; x_wconf 65' lang='lat' dir='ltr'><strong>caetero,</strong></span> <span class='ocrx_word' id='word_1_662' title='bbox 2840 4552 3038 4619; x_wconf 89' lang='lat' dir='ltr'><strong>inquit,</strong></span> <span class='ocrx_word' id='word_1_663' title='bbox 3071 4567 3104 4606; x_wconf 92' lang='grc' dir='ltr'><strong>ο</strong></span> <span class='ocrx_word' id='word_1_664' title='bbox 3130 4551 3261 4618; x_wconf 82' lang='lat' dir='ltr'><strong>lilia,</strong></span> <span class='ocrx_word' id='word_1_665' title='bbox 3295 4568 3466 4621; x_wconf 84' lang='lat' dir='ltr'><strong>opor-</strong></span> 
     </span>
    </p>
   </div>
   <div class='ocr_carea' id='block_1_94' title="bbox 211 4647 1785 4723">
    <p class='ocr_par' dir='ltr' id='par_1_94' title="bbox 211 4647 1785 4723">
     <span class='ocr_line' id='line_1_94' title="bbox 211 4647 1785 4723; baseline -0.006 -15"><span class='ocrx_word' id='word_1_666' title='bbox 211 4655 310 4723; x_wconf 81' lang='grc' dir='ltr'>τῆς</span> <span class='ocrx_word' id='word_1_667' title='bbox 346 4652 559 4719; x_wconf 82' lang='grc' dir='ltr'>φύσεως</span> <span class='ocrx_word' id='word_1_668' title='bbox 608 4652 770 4720; x_wconf 83' lang='grc' dir='ltr'>νόμον</span> <span class='ocrx_word' id='word_1_669' title='bbox 798 4654 1089 4721; x_wconf 80' lang='grc' dir='ltr'>προσήκει,</span> <span class='ocrx_word' id='word_1_670' title='bbox 1146 4650 1474 4718; x_wconf 73' lang='grc' dir='ltr'>προσμένειν</span> <span class='ocrx_word' id='word_1_671' title='bbox 1522 4664 1579 4699; x_wconf 88' lang='grc' dir='ltr'><strong>τε</strong></span> <span class='ocrx_word' id='word_1_672' title='bbox 1613 4647 1785 4710; x_wconf 80' lang='grc' dir='ltr'>οὕτως</span> 
     </span>
    </p>
   </div>
   <div class='ocr_carea' id='block_1_95' title="bbox 208 4741 1782 4813">
    <p class='ocr_par' dir='ltr' id='par_1_95' title="bbox 208 4741 1782 4813">
     <span class='ocr_line' id='line_1_95' title="bbox 208 4741 1782 4813; baseline -0.003 -16"><span class='ocrx_word' id='word_1_673' title='bbox 208 4745 460 4799; x_wconf 78' lang='grc' dir='ltr'>εὐδοκίαν</span> <span class='ocrx_word' id='word_1_674' title='bbox 506 4744 603 4813; x_wconf 82' lang='grc' dir='ltr'>τὴν</span> <span class='ocrx_word' id='word_1_675' title='bbox 655 4742 883 4807; x_wconf 73' lang='grc' dir='ltr'>ἄνωθεν,</span> <span class='ocrx_word' id='word_1_676' title='bbox 917 4746 1013 4796; x_wconf 82' lang='grc' dir='ltr'><strong>καὶ</strong></span> <span class='ocrx_word' id='word_1_677' title='bbox 1038 4744 1119 4795; x_wconf 79' lang='grc' dir='ltr'>ὅτι</span> <span class='ocrx_word' id='word_1_678' title='bbox 1144 4744 1242 4797; x_wconf 70' lang='grc' dir='ltr'><strong>καὶ</strong></span> <span class='ocrx_word' id='word_1_679' title='bbox 1274 4742 1438 4805; x_wconf 82' lang='grc' dir='ltr'>αὐτὸς</span> <span class='ocrx_word' id='word_1_680' title='bbox 1468 4742 1537 4794; x_wconf 77' lang='grc' dir='ltr'>τὰ</span> <span class='ocrx_word' id='word_1_681' title='bbox 1577 4741 1782 4795; x_wconf 80' lang='grc' dir='ltr'>δυνατὰ</span> 
     </span>
    </p>
   </div>
   <div class='ocr_carea' id='block_1_96' title="bbox 210 4839 1041 4913">
    <p class='ocr_par' dir='ltr' id='par_1_96' title="bbox 210 4839 1041 4913">
     <span class='ocr_line' id='line_1_96' title="bbox 210 4839 1041 4913; baseline -0.004 -17"><span class='ocrx_word' id='word_1_682' title='bbox 210 4844 587 4913; x_wconf 77' lang='grc' dir='ltr'>συμπράττειν</span> <span class='ocrx_word' id='word_1_683' title='bbox 613 4842 676 4893; x_wconf 85' lang='grc' dir='ltr'>οὺ</span> <span class='ocrx_word' id='word_1_684' title='bbox 700 4839 1041 4911; x_wconf 79' lang='grc' dir='ltr'>περιόψεται.</span> 
     </span>
    </p>
   </div>
   <div class='ocr_carea' id='block_1_97' title="bbox 286 5020 1795 5095">
    <p class='ocr_par' dir='ltr' id='par_1_97' title="bbox 286 5020 1795 5095">
     <span class='ocr_line' id='line_1_97' title="bbox 286 5020 1795 5095; baseline -0.004 -15"><span class='ocrx_word' id='word_1_685' title='bbox 286 5025 388 5080; x_wconf 80' lang='lat' dir='ltr'><strong>lA&#39;.</strong></span> <span class='ocrx_word' id='word_1_686' title='bbox 417 5025 576 5079; x_wconf 78' lang='grc' dir='ltr'>Οὕτω</span> <span class='ocrx_word' id='word_1_687' title='bbox 614 5024 678 5095; x_wconf 81' lang='grc' dir='ltr'><strong>δὴ</strong></span> <span class='ocrx_word' id='word_1_688' title='bbox 716 5020 1022 5093; x_wconf 77' lang='grc' dir='ltr'>τηνικαῦτα</span> <span class='ocrx_word' id='word_1_689' title='bbox 1071 5022 1284 5077; x_wconf 72' lang='grc' dir='ltr'>ικεῖθεν</span> <span class='ocrx_word' id='word_1_690' title='bbox 1301 5022 1667 5091; x_wconf 78' lang='grc' dir='ltr'>ὁιαναστάσης</span> <span class='ocrx_word' id='word_1_691' title='bbox 1690 5020 1795 5075; x_wconf 81' lang='grc' dir='ltr'><strong>αύ-“</strong></span> 
     </span>
    </p>
   </div>
   <div class='ocr_carea' id='block_1_98' title="bbox 216 5114 1787 5191">
    <p class='ocr_par' dir='ltr' id='par_1_98' title="bbox 216 5114 1787 5191">
     <span class='ocr_line' id='line_1_98' title="bbox 216 5114 1787 5191; baseline -0.005 -17"><span class='ocrx_word' id='word_1_692' title='bbox 216 5122 339 5191; x_wconf 80' lang='grc' dir='ltr'>τῆς,</span> <span class='ocrx_word' id='word_1_693' title='bbox 369 5122 396 5173; x_wconf 96' lang='lat'><strong>6</strong></span> <span class='ocrx_word' id='word_1_694' title='bbox 426 5120 600 5173; x_wconf 79' lang='grc' dir='ltr'>πάντα</span> <span class='ocrx_word' id='word_1_695' title='bbox 650 5118 786 5186; x_wconf 84' lang='grc' dir='ltr'>πρὸς</span> <span class='ocrx_word' id='word_1_696' title='bbox 837 5118 900 5169; x_wconf 76' lang='grc' dir='ltr'>τὸ</span> <span class='ocrx_word' id='word_1_697' title='bbox 929 5116 1208 5186; x_wconf 85' lang='grc' dir='ltr'>συμφέρον</span> <span class='ocrx_word' id='word_1_698' title='bbox 1256 5114 1553 5184; x_wconf 81' lang='grc' dir='ltr'>οίκονομῶν</span> <span class='ocrx_word' id='word_1_699' title='bbox 1584 5116 1787 5185; x_wconf 81' lang='grc' dir='ltr'>Κύριος</span> 
     </span>
    </p>
   </div>
   <div class='ocr_carea' id='block_1_99' title="bbox 216 5206 1786 5282">
    <p class='ocr_par' dir='ltr' id='par_1_99' title="bbox 216 5206 1786 5282">
     <span class='ocr_line' id='line_1_99' title="bbox 216 5206 1786 5282; baseline -0.005 -16"><span class='ocrx_word' id='word_1_700' title='bbox 216 5216 314 5268; x_wconf 77' lang='grc' dir='ltr'><strong>καὶ</strong></span> <span class='ocrx_word' id='word_1_701' title='bbox 344 5212 440 5282; x_wconf 78' lang='grc' dir='ltr'>τὴν</span> <span class='ocrx_word' id='word_1_702' title='bbox 466 5211 570 5279; x_wconf 80' lang='grc' dir='ltr'>τῆς</span> <span class='ocrx_word' id='word_1_703' title='bbox 600 5208 907 5279; x_wconf 79' lang='grc' dir='ltr'>Ματρώνης</span> <span class='ocrx_word' id='word_1_704' title='bbox 935 5208 1102 5261; x_wconf 72' lang='grc' dir='ltr'>παῖδα</span> <span class='ocrx_word' id='word_1_705' title='bbox 1138 5206 1233 5261; x_wconf 81' lang='grc' dir='ltr'>τοῦ</span> <span class='ocrx_word' id='word_1_706' title='bbox 1262 5207 1377 5276; x_wconf 83' lang='grc' dir='ltr'>βίου</span> <span class='ocrx_word' id='word_1_707' title='bbox 1413 5206 1666 5277; x_wconf 84' lang='grc' dir='ltr'>μεθίστη,</span> <span class='ocrx_word' id='word_1_708' title='bbox 1695 5209 1786 5259; x_wconf 74' lang='grc' dir='ltr'><strong>καὶ</strong></span> 
     </span>
    </p>
   </div>
   <div class='ocr_carea' id='block_1_100' title="bbox 216 5298 1788 5373">
    <p class='ocr_par' dir='ltr' id='par_1_100' title="bbox 216 5298 1788 5373">
     <span class='ocr_line' id='line_1_100' title="bbox 216 5298 1788 5373; baseline -0.006 -13"><span class='ocrx_word' id='word_1_709' title='bbox 216 5310 299 5369; x_wconf 80' lang='grc' dir='ltr'><strong>είς</strong></span> <span class='ocrx_word' id='word_1_710' title='bbox 327 5306 520 5359; x_wconf 68' lang='grc' dir='ltr'>ἑαυτὸν</span> <span class='ocrx_word' id='word_1_711' title='bbox 558 5302 1029 5373; x_wconf 74' lang='grc' dir='ltr'>προσελάμϐανεν,</span> <span class='ocrx_word' id='word_1_712' title='bbox 1061 5302 1147 5354; x_wconf 73' lang='grc' dir='ltr'><strong>ἵνα</strong></span> <span class='ocrx_word' id='word_1_713' title='bbox 1189 5301 1265 5371; x_wconf 72' lang='grc' dir='ltr'><strong>μὴ</strong></span> <span class='ocrx_word' id='word_1_714' title='bbox 1313 5300 1389 5368; x_wconf 79' lang='grc' dir='ltr'><strong>τῷ</strong></span> <span class='ocrx_word' id='word_1_715' title='bbox 1426 5298 1645 5369; x_wconf 87' lang='grc' dir='ltr'>πονηρῷ</span> <span class='ocrx_word' id='word_1_716' title='bbox 1700 5299 1788 5364; x_wconf 82' lang='grc' dir='ltr'><strong>γέ-</strong></span> 
     </span>
    </p>
   </div>
   <div class='ocr_carea' id='block_1_101' title="bbox 212 5391 1785 5465">
    <p class='ocr_par' dir='ltr' id='par_1_101' title="bbox 212 5391 1785 5465">
     <span class='ocr_line' id='line_1_101' title="bbox 212 5391 1785 5465; baseline -0.007 -14"><span class='ocrx_word' id='word_1_717' title='bbox 212 5415 357 5451; x_wconf 91' lang='grc' dir='ltr'>νοιτο</span> <span class='ocrx_word' id='word_1_718' title='bbox 387 5395 505 5450; x_wconf 78' lang='grc' dir='ltr'>κατ’</span> <span class='ocrx_word' id='word_1_719' title='bbox 540 5395 714 5463; x_wconf 78' lang='grc' dir='ltr'>αὐτῆς</span> <span class='ocrx_word' id='word_1_720' title='bbox 740 5394 985 5465; x_wconf 78' lang='grc' dir='ltr'>ἀφορμὴ,</span> <span class='ocrx_word' id='word_1_721' title='bbox 1006 5395 1100 5448; x_wconf 75' lang='grc' dir='ltr'><strong>καὶ</strong></span> <span class='ocrx_word' id='word_1_722' title='bbox 1122 5392 1195 5453; x_wconf 83' lang='grc' dir='ltr'><strong>ὡς</strong></span> <span class='ocrx_word' id='word_1_723' title='bbox 1219 5393 1318 5462; x_wconf 73' lang='grc' dir='ltr'><strong>ήδη</strong></span> <span class='ocrx_word' id='word_1_724' title='bbox 1347 5391 1785 5458; x_wconf 81' lang='grc' dir='ltr'>διαγνωσθεῖσαν</span> 
     </span>
    </p>
   </div>
   <div class='ocr_carea' id='block_1_102' title="bbox 210 5483 1787 5558">
    <p class='ocr_par' dir='ltr' id='par_1_102' title="bbox 210 5483 1787 5558">
     <span class='ocr_line' id='line_1_102' title="bbox 210 5483 1787 5558; baseline -0.005 -15"><span class='ocrx_word' id='word_1_725' title='bbox 210 5491 293 5543; x_wconf 84' lang='grc' dir='ltr'>ὅτι</span> <span class='ocrx_word' id='word_1_726' title='bbox 314 5488 451 5557; x_wconf 81' lang='grc' dir='ltr'>γυνὴ</span> <span class='ocrx_word' id='word_1_727' title='bbox 476 5484 563 5558; x_wconf 74' lang='grc' dir='ltr'>ἦν,</span> <span class='ocrx_word' id='word_1_728' title='bbox 589 5489 653 5556; x_wconf 78' lang='grc' dir='ltr'>τῇ</span> <span class='ocrx_word' id='word_1_729' title='bbox 696 5486 968 5556; x_wconf 58' lang='grc' dir='ltr'>προφάσει</span> <span class='ocrx_word' id='word_1_730' title='bbox 995 5486 1101 5553; x_wconf 82' lang='grc' dir='ltr'>τῆς</span> <span class='ocrx_word' id='word_1_731' title='bbox 1132 5487 1260 5552; x_wconf 79' lang='grc' dir='ltr'>περὶ</span> <span class='ocrx_word' id='word_1_732' title='bbox 1293 5484 1391 5553; x_wconf 73' lang='grc' dir='ltr'>τὴν</span> <span class='ocrx_word' id='word_1_733' title='bbox 1425 5483 1591 5535; x_wconf 78' lang='grc' dir='ltr'>παῖδα</span> <span class='ocrx_word' id='word_1_734' title='bbox 1627 5499 1787 5550; x_wconf 85' lang='grc' dir='ltr'>φρον-</span> 
     </span>
    </p>
   </div>
   <div class='ocr_carea' id='block_1_103' title="bbox 213 5567 1783 5650">
    <p class='ocr_par' dir='ltr' id='par_1_103' title="bbox 213 5567 1783 5650">
     <span class='ocr_line' id='line_1_103' title="bbox 213 5567 1783 5650; baseline 0.003 -16"><span class='ocrx_word' id='word_1_735' title='bbox 213 5582 378 5644; x_wconf 82' lang='grc' dir='ltr'>τίδος,</span> <span class='ocrx_word' id='word_1_736' title='bbox 413 5582 521 5634; x_wconf 77' lang='grc' dir='ltr'>ἀπὺ</span> <span class='ocrx_word' id='word_1_737' title='bbox 546 5580 645 5649; x_wconf 84' lang='grc' dir='ltr'>τῆς</span> <span class='ocrx_word' id='word_1_738' title='bbox 677 5580 951 5650; x_wconf 77' lang='grc' dir='ltr'>θειοτέρας</span> <span class='ocrx_word' id='word_1_739' title='bbox 1011 5567 1181 5649; x_wconf 65' lang='grc' dir='ltr'>αὐτὴν</span> <span class='ocrx_word' id='word_1_740' title='bbox 1216 5576 1446 5643; x_wconf 72' lang='grc' dir='ltr'>κατάγοι</span> <span class='ocrx_word' id='word_1_741' title='bbox 1484 5575 1783 5645; x_wconf 66' lang='grc' dir='ltr'>μερίμνης,</span> 
     </span>
    </p>
   </div>
   <div class='ocr_carea' id='block_1_104' title="bbox 214 5666 1788 5742">
    <p class='ocr_par' dir='ltr' id='par_1_104' title="bbox 214 5666 1788 5742">
     <span class='ocr_line' id='line_1_104' title="bbox 214 5666 1788 5742; baseline -0.006 -15"><span class='ocrx_word' id='word_1_742' title='bbox 214 5676 309 5727; x_wconf 67' lang='grc' dir='ltr'><strong>καὶ</strong></span> <span class='ocrx_word' id='word_1_743' title='bbox 338 5676 404 5741; x_wconf 80' lang='grc' dir='ltr'>τῇ</span> <span class='ocrx_word' id='word_1_744' title='bbox 438 5666 658 5741; x_wconf 64' lang='grc' dir='ltr'>ὃιανοίᾳί</span> <span class='ocrx_word' id='word_1_745' title='bbox 680 5670 879 5739; x_wconf 86' lang='grc' dir='ltr'>ταύτης</span> <span class='ocrx_word' id='word_1_746' title='bbox 911 5671 1205 5739; x_wconf 75' lang='grc' dir='ltr'>λογισμοὺς</span> <span class='ocrx_word' id='word_1_747' title='bbox 1240 5668 1503 5742; x_wconf 82' lang='grc' dir='ltr'>ὲνσπείρῃ</span> <span class='ocrx_word' id='word_1_748' title='bbox 1543 5668 1667 5730; x_wconf 80' lang='grc' dir='ltr'>τοὺς</span> <span class='ocrx_word' id='word_1_749' title='bbox 1700 5685 1788 5719; x_wconf 86' lang='grc' dir='ltr'><strong>κο-</strong></span> 
     </span>
    </p>
   </div>
   <div class='ocr_carea' id='block_1_105' title="bbox 216 5760 1787 5834">
    <p class='ocr_par' dir='ltr' id='par_1_105' title="bbox 216 5760 1787 5834">
     <span class='ocr_line' id='line_1_105' title="bbox 216 5760 1787 5834; baseline -0.005 -15"><span class='ocrx_word' id='word_1_750' title='bbox 216 5766 472 5834; x_wconf 68' lang='grc' dir='ltr'>σμικούς.</span> <span class='ocrx_word' id='word_1_751' title='bbox 504 5766 669 5819; x_wconf 81' lang='grc' dir='ltr'>Ὅθεν</span> <span class='ocrx_word' id='word_1_752' title='bbox 692 5766 751 5816; x_wconf 75' lang='grc' dir='ltr'>οὐ</span> <span class='ocrx_word' id='word_1_753' title='bbox 780 5764 998 5827; x_wconf 74' lang='grc' dir='ltr'>πένθος,</span> <span class='ocrx_word' id='word_1_754' title='bbox 1025 5762 1139 5815; x_wconf 82' lang='grc' dir='ltr'>ἀλλ’</span> <span class='ocrx_word' id='word_1_755' title='bbox 1170 5763 1365 5833; x_wconf 72' lang='grc' dir='ltr'>ἡδονὴν</span> <span class='ocrx_word' id='word_1_756' title='bbox 1390 5762 1483 5815; x_wconf 67' lang='lat' dir='ltr'><strong>hri.</strong></span> <span class='ocrx_word' id='word_1_757' title='bbox 1507 5761 1582 5830; x_wconf 84' lang='grc' dir='ltr'>τῷ</span> <span class='ocrx_word' id='word_1_758' title='bbox 1614 5760 1787 5829; x_wconf 80' lang='grc' dir='ltr'>πράγ-</span> 
     </span>
    </p>
   </div>
   <div class='ocr_carea' id='block_1_106' title="bbox 217 5854 1785 5934">
    <p class='ocr_par' dir='ltr' id='par_1_106' title="bbox 217 5854 1785 5934">
     <span class='ocr_line' id='line_1_106' title="bbox 217 5854 1785 5934; baseline -0.004 -20"><span class='ocrx_word' id='word_1_759' title='bbox 217 5878 349 5934; x_wconf 59' lang='grc' dir='ltr'>ματι</span> <span class='ocrx_word' id='word_1_760' title='bbox 385 5860 820 5931; x_wconf 60' lang='grc' dir='ltr'>προσελάμϐανε,</span> <span class='ocrx_word' id='word_1_761' title='bbox 856 5860 915 5912; x_wconf 83' lang='grc' dir='ltr'>τὸ</span> <span class='ocrx_word' id='word_1_762' title='bbox 952 5855 1197 5927; x_wconf 67' lang='grc' dir='ltr'>πραχθὶν</span> <span class='ocrx_word' id='word_1_763' title='bbox 1220 5856 1317 5909; x_wconf 78' lang='grc' dir='ltr'><strong>οὐκ</strong></span> <span class='ocrx_word' id='word_1_764' title='bbox 1350 5854 1622 5923; x_wconf 77' lang='grc' dir='ltr'>ἁποὸολὴν</span> <span class='ocrx_word' id='word_1_765' title='bbox 1646 5856 1785 5908; x_wconf 88' lang='grc' dir='ltr'>τιθε-</span> 
     </span>
    </p>
   </div>
   <div class='ocr_carea' id='block_1_107' title="bbox 1898 4639 3465 4712">
    <p class='ocr_par' dir='ltr' id='par_1_107' title="bbox 1898 4639 3465 4712">
     <span class='ocr_line' id='line_1_107' title="bbox 1898 4639 3465 4712; baseline 0.004 -21"><span class='ocrx_word' id='word_1_766' title='bbox 1898 4647 1975 4692; x_wconf 83' lang='lat' dir='ltr'><strong>tet</strong></span> <span class='ocrx_word' id='word_1_767' title='bbox 2026 4646 2075 4691; x_wconf 89' lang='lat' dir='ltr'><strong>te</strong></span> <span class='ocrx_word' id='word_1_768' title='bbox 2108 4639 2299 4692; x_wconf 90' lang='lat' dir='ltr'><strong>vittam</strong></span> <span class='ocrx_word' id='word_1_769' title='bbox 2344 4648 2436 4692; x_wconf 82' lang='lat' dir='ltr'><strong>tuo</strong></span> <span class='ocrx_word' id='word_1_770' title='bbox 2481 4642 2645 4709; x_wconf 88' lang='lat' dir='ltr'><strong>capiti</strong></span> <span class='ocrx_word' id='word_1_771' title='bbox 2694 4645 2973 4709; x_wconf 90' lang='lat' dir='ltr'><strong>imponere</strong></span> <span class='ocrx_word' id='word_1_772' title='bbox 3024 4652 3249 4712; x_wconf 87' lang='lat' dir='ltr'><strong>propter</strong></span> <span class='ocrx_word' id='word_1_773' title='bbox 3292 4644 3465 4712; x_wconf 75' lang='lat' dir='ltr'><strong>legem</strong></span> 
     </span>
    </p>
   </div>
   <div class='ocr_carea' id='block_1_108' title="bbox 1894 4730 3464 4799">
    <p class='ocr_par' dir='ltr' id='par_1_108' title="bbox 1894 4730 3464 4799">
     <span class='ocr_line' id='line_1_108' title="bbox 1894 4730 3464 4799; baseline 0.002 -18"><span class='ocrx_word' id='word_1_774' title='bbox 1894 4736 2121 4791; x_wconf 59' lang='lat' dir='ltr'><strong>naturai,</strong></span> <span class='ocrx_word' id='word_1_775' title='bbox 2164 4737 2220 4782; x_wconf 88' lang='lat' dir='ltr'><strong>et</strong></span> <span class='ocrx_word' id='word_1_776' title='bbox 2263 4730 2343 4781; x_wconf 88' lang='lat' dir='ltr'><strong>sic</strong></span> <span class='ocrx_word' id='word_1_777' title='bbox 2370 4745 2663 4797; x_wconf 88' lang='lat' dir='ltr'><strong>supernam</strong></span> <span class='ocrx_word' id='word_1_778' title='bbox 2712 4743 3032 4799; x_wconf 84' lang='lat' dir='ltr'><strong>exspectare</strong></span> <span class='ocrx_word' id='word_1_779' title='bbox 3080 4734 3464 4797; x_wconf 81' lang='lat' dir='ltr'><strong>vocationem;</strong></span> 
     </span>
    </p>
   </div>
   <div class='ocr_carea' id='block_1_109' title="bbox 1894 4820 3469 4893">
    <p class='ocr_par' dir='ltr' id='par_1_109' title="bbox 1894 4820 3469 4893">
     <span class='ocr_line' id='line_1_109' title="bbox 1894 4820 3469 4893; baseline 0.002 -20"><span class='ocrx_word' id='word_1_780' title='bbox 1894 4834 1993 4873; x_wconf 87' lang='lat' dir='ltr'><strong>nec</strong></span> <span class='ocrx_word' id='word_1_781' title='bbox 2021 4836 2079 4874; x_wconf 81' lang='lat' dir='ltr'><strong>se</strong></span> <span class='ocrx_word' id='word_1_782' title='bbox 2107 4836 2167 4874; x_wconf 86' lang='lat' dir='ltr'><strong>ea</strong></span> <span class='ocrx_word' id='word_1_783' title='bbox 2192 4820 2332 4875; x_wconf 86' lang='lat' dir='ltr'><strong>dixit</strong></span> <span class='ocrx_word' id='word_1_784' title='bbox 2358 4822 2756 4890; x_wconf 77' lang='lat' dir='ltr'><strong>neglecturum,</strong></span> <span class='ocrx_word' id='word_1_785' title='bbox 2782 4839 2901 4891; x_wconf 74' lang='lat' dir='ltr'><strong>quae</strong></span> <span class='ocrx_word' id='word_1_786' title='bbox 2924 4824 2990 4877; x_wconf 90' lang='lat' dir='ltr'><strong>ad</strong></span> <span class='ocrx_word' id='word_1_787' title='bbox 3020 4839 3176 4893; x_wconf 88' lang='lat' dir='ltr'><strong>opem</strong></span> <span class='ocrx_word' id='word_1_788' title='bbox 3206 4825 3257 4879; x_wconf 90' lang='lat' dir='ltr'><strong>ei</strong></span> <span class='ocrx_word' id='word_1_789' title='bbox 3287 4824 3469 4877; x_wconf 78' lang='lat' dir='ltr'><strong>teren-</strong></span> 
     </span>
    </p>
   </div>
   <div class='ocr_carea' id='block_1_110' title="bbox 1894 4912 2351 4981">
    <p class='ocr_par' dir='ltr' id='par_1_110' title="bbox 1894 4912 2351 4981">
     <span class='ocr_line' id='line_1_110' title="bbox 1894 4912 2351 4981; baseline 0.009 -16"><span class='ocrx_word' id='word_1_790' title='bbox 1894 4912 2017 4965; x_wconf 85' lang='lat' dir='ltr'><strong>dam</strong></span> <span class='ocrx_word' id='word_1_791' title='bbox 2050 4914 2351 4981; x_wconf 80' lang='lat' dir='ltr'><strong>pertinent.</strong></span> 
     </span>
    </p>
   </div>
   <div class='ocr_carea' id='block_1_111' title="bbox 1967 5027 3466 5099">
    <p class='ocr_par' dir='ltr' id='par_1_111' title="bbox 1967 5027 3466 5099">
     <span class='ocr_line' id='line_1_111' title="bbox 1967 5027 3466 5099; baseline 0.007 -20"><span class='ocrx_word' id='word_1_792' title='bbox 1967 5027 2058 5080; x_wconf 65' lang='grc' dir='ltr'><strong>ΣΙ.</strong></span> <span class='ocrx_word' id='word_1_793' title='bbox 2088 5027 2225 5081; x_wconf 86' lang='lat' dir='ltr'><strong>Cum</strong></span> <span class='ocrx_word' id='word_1_794' title='bbox 2260 5029 2373 5097; x_wconf 85' lang='lat' dir='ltr'><strong>ipsa</strong></span> <span class='ocrx_word' id='word_1_795' title='bbox 2402 5029 2479 5083; x_wconf 91' lang='lat' dir='ltr'><strong>sic</strong></span> <span class='ocrx_word' id='word_1_796' title='bbox 2532 5040 2660 5085; x_wconf 91' lang='lat' dir='ltr'><strong>tunc</strong></span> <span class='ocrx_word' id='word_1_797' title='bbox 2690 5031 2841 5085; x_wconf 92' lang='lat' dir='ltr'><strong>illinc</strong></span> <span class='ocrx_word' id='word_1_798' title='bbox 2886 5034 3232 5099; x_wconf 81' lang='lat' dir='ltr'><strong>recessisset,</strong></span> <span class='ocrx_word' id='word_1_799' title='bbox 3278 5035 3466 5090; x_wconf 79' lang='lat' dir='ltr'><strong>Domi~</strong></span> 
     </span>
    </p>
   </div>
   <div class='ocr_carea' id='block_1_112' title="bbox 1896 5120 3464 5192">
    <p class='ocr_par' dir='ltr' id='par_1_112' title="bbox 1896 5120 3464 5192">
     <span class='ocr_line' id='line_1_112' title="bbox 1896 5120 3464 5192; baseline 0.007 -21"><span class='ocrx_word' id='word_1_800' title='bbox 1896 5133 2020 5181; x_wconf 90' lang='lat' dir='ltr'><strong>nus,</strong></span> <span class='ocrx_word' id='word_1_801' title='bbox 2052 5120 2147 5187; x_wconf 91' lang='lat' dir='ltr'><strong>qui</strong></span> <span class='ocrx_word' id='word_1_802' title='bbox 2186 5121 2370 5174; x_wconf 88' lang='lat' dir='ltr'><strong>omnia</strong></span> <span class='ocrx_word' id='word_1_803' title='bbox 2415 5121 2703 5190; x_wconf 88' lang='lat' dir='ltr'><strong>dispensat</strong></span> <span class='ocrx_word' id='word_1_804' title='bbox 2745 5123 2813 5178; x_wconf 88' lang='lat' dir='ltr'><strong>ad</strong></span> <span class='ocrx_word' id='word_1_805' title='bbox 2866 5124 2917 5177; x_wconf 90' lang='lat' dir='ltr'><strong>id</strong></span> <span class='ocrx_word' id='word_1_806' title='bbox 2956 5126 3104 5192; x_wconf 92' lang='lat' dir='ltr'><strong>quod</strong></span> <span class='ocrx_word' id='word_1_807' title='bbox 3160 5136 3245 5179; x_wconf 81' lang='lat' dir='ltr'><strong>est</strong></span> <span class='ocrx_word' id='word_1_808' title='bbox 3304 5130 3464 5192; x_wconf 88' lang='lat' dir='ltr'><strong>utile,</strong></span> 
     </span>
    </p>
   </div>
   <div class='ocr_carea' id='block_1_113' title="bbox 1895 5211 3471 5280">
    <p class='ocr_par' dir='ltr' id='par_1_113' title="bbox 1895 5211 3471 5280">
     <span class='ocr_line' id='line_1_113' title="bbox 1895 5211 3471 5280; baseline 0.006 -17"><span class='ocrx_word' id='word_1_809' title='bbox 1895 5211 2064 5263; x_wconf 82' lang='lat' dir='ltr'><strong>ﬁliam</strong></span> <span class='ocrx_word' id='word_1_810' title='bbox 2096 5211 2363 5265; x_wconf 73' lang='lat' dir='ltr'><strong>Matrona:</strong></span> <span class='ocrx_word' id='word_1_811' title='bbox 2388 5214 2518 5267; x_wconf 79' lang='lat' dir='ltr'><strong>fecit</strong></span> <span class='ocrx_word' id='word_1_812' title='bbox 2548 5230 2577 5267; x_wconf 88' lang='lat' dir='ltr'><strong>e</strong></span> <span class='ocrx_word' id='word_1_813' title='bbox 2609 5216 2717 5269; x_wconf 89' lang='lat' dir='ltr'><strong>vita</strong></span> <span class='ocrx_word' id='word_1_814' title='bbox 2745 5216 3037 5280; x_wconf 83' lang='lat' dir='ltr'><strong>excedere,</strong></span> <span class='ocrx_word' id='word_1_815' title='bbox 3068 5226 3127 5270; x_wconf 89' lang='lat' dir='ltr'><strong>et</strong></span> <span class='ocrx_word' id='word_1_816' title='bbox 3161 5211 3228 5271; x_wconf 83' lang='lat' dir='ltr'><strong>ad</strong></span> <span class='ocrx_word' id='word_1_817' title='bbox 3271 5234 3331 5273; x_wconf 76' lang='lat' dir='ltr'><strong>se</strong></span> <span class='ocrx_word' id='word_1_818' title='bbox 3380 5234 3471 5273; x_wconf 88' lang='lat' dir='ltr'><strong>as-</strong></span> 
     </span>
    </p>
   </div>
   <div class='ocr_carea' id='block_1_114' title="bbox 1895 5304 3463 5377">
    <p class='ocr_par' dir='ltr' id='par_1_114' title="bbox 1895 5304 3463 5377">
     <span class='ocr_line' id='line_1_114' title="bbox 1895 5304 3463 5377; baseline 0.007 -24"><span class='ocrx_word' id='word_1_819' title='bbox 1895 5304 2151 5370; x_wconf 85' lang='lat' dir='ltr'><strong>sumpsit,</strong></span> <span class='ocrx_word' id='word_1_820' title='bbox 2186 5318 2252 5357; x_wconf 89' lang='lat' dir='ltr'><strong>ne</strong></span> <span class='ocrx_word' id='word_1_821' title='bbox 2282 5304 2553 5359; x_wconf 82' lang='lat' dir='ltr'><strong>adversus</strong></span> <span class='ocrx_word' id='word_1_822' title='bbox 2583 5306 2753 5373; x_wconf 88' lang='lat' dir='ltr'><strong>ipsam</strong></span> <span class='ocrx_word' id='word_1_823' title='bbox 2779 5317 2927 5360; x_wconf 86' lang='lat' dir='ltr'><strong>esset</strong></span> <span class='ocrx_word' id='word_1_824' title='bbox 2954 5309 3197 5377; x_wconf 80' lang='lat' dir='ltr'><strong>maligno</strong></span> <span class='ocrx_word' id='word_1_825' title='bbox 3224 5311 3463 5373; x_wconf 85' lang='lat' dir='ltr'><strong>occasio,</strong></span> 
     </span>
    </p>
   </div>
   <div class='ocr_carea' id='block_1_115' title="bbox 1894 5396 3468 5465">
    <p class='ocr_par' dir='ltr' id='par_1_115' title="bbox 1894 5396 3468 5465">
     <span class='ocr_line' id='line_1_115' title="bbox 1894 5396 3468 5465; baseline 0.004 -18"><span class='ocrx_word' id='word_1_826' title='bbox 1894 5400 1950 5447; x_wconf 92' lang='lat' dir='ltr'><strong>et</strong></span> <span class='ocrx_word' id='word_1_827' title='bbox 1982 5409 2045 5447; x_wconf 87' lang='lat' dir='ltr'><strong>ne</strong></span> <span class='ocrx_word' id='word_1_828' title='bbox 2076 5408 2195 5447; x_wconf 88' lang='lat' dir='ltr'><strong>eam</strong></span> <span class='ocrx_word' id='word_1_829' title='bbox 2225 5397 2519 5463; x_wconf 87' lang='lat' dir='ltr'><strong>quamjam</strong></span> <span class='ocrx_word' id='word_1_830' title='bbox 2556 5396 2836 5465; x_wconf 81' lang='lat' dir='ltr'><strong>cognitum</strong></span> <span class='ocrx_word' id='word_1_831' title='bbox 2892 5407 3040 5451; x_wconf 88' lang='lat' dir='ltr'><strong>esset</strong></span> <span class='ocrx_word' id='word_1_832' title='bbox 3099 5413 3225 5451; x_wconf 84' lang='lat' dir='ltr'><strong>esse</strong></span> <span class='ocrx_word' id='word_1_833' title='bbox 3272 5401 3468 5455; x_wconf 86' lang='lat' dir='ltr'><strong>mulie-</strong></span> 
     </span>
    </p>
   </div>
   <div class='ocr_carea' id='block_1_116' title="bbox 1898 5493 3466 5559">
    <p class='ocr_par' dir='ltr' id='par_1_116' title="bbox 1898 5493 3466 5559">
     <span class='ocr_line' id='line_1_116' title="bbox 1898 5493 3466 5559; baseline 0.008 -21"><span class='ocrx_word' id='word_1_834' title='bbox 1898 5501 2041 5546; x_wconf 88' lang='lat' dir='ltr'><strong>rem.</strong></span> <span class='ocrx_word' id='word_1_835' title='bbox 2078 5497 2341 5552; x_wconf 74' lang='lat' dir='ltr'><strong>prtetextu</strong></span> <span class='ocrx_word' id='word_1_836' title='bbox 2376 5505 2520 5543; x_wconf 77' lang='lat' dir='ltr'><strong>cura:</strong></span> <span class='ocrx_word' id='word_1_837' title='bbox 2552 5495 2807 5559; x_wconf 74' lang='lat' dir='ltr'><strong>gerenda:</strong></span> <span class='ocrx_word' id='word_1_838' title='bbox 2835 5493 2902 5545; x_wconf 92' lang='lat' dir='ltr'><strong>de</strong></span> <span class='ocrx_word' id='word_1_839' title='bbox 2940 5493 3071 5555; x_wconf 80' lang='lat' dir='ltr'><strong>tilia,</strong></span> <span class='ocrx_word' id='word_1_840' title='bbox 3110 5510 3139 5547; x_wconf 86' lang='lat' dir='ltr'><strong>a</strong></span> <span class='ocrx_word' id='word_1_841' title='bbox 3190 5495 3466 5550; x_wconf 87' lang='lat' dir='ltr'><strong>diviniore</strong></span> 
     </span>
    </p>
   </div>
   <div class='ocr_carea' id='block_1_117' title="bbox 1897 5578 3469 5656">
    <p class='ocr_par' dir='ltr' id='par_1_117' title="bbox 1897 5578 3469 5656">
     <span class='ocr_line' id='line_1_117' title="bbox 1897 5578 3469 5656; baseline 0.007 -23"><span class='ocrx_word' id='word_1_842' title='bbox 1897 5578 2200 5635; x_wconf 87' lang='lat' dir='ltr'><strong>deduceret</strong></span> <span class='ocrx_word' id='word_1_843' title='bbox 2233 5582 2631 5649; x_wconf 83' lang='lat' dir='ltr'><strong>sollicitudine,</strong></span> <span class='ocrx_word' id='word_1_844' title='bbox 2679 5597 2730 5639; x_wconf 90' lang='lat' dir='ltr'><strong>et</strong></span> <span class='ocrx_word' id='word_1_845' title='bbox 2770 5587 2822 5639; x_wconf 86' lang='lat' dir='ltr'><strong>in</strong></span> <span class='ocrx_word' id='word_1_846' title='bbox 2855 5588 2976 5656; x_wconf 88' lang='lat' dir='ltr'><strong>ejus</strong></span> <span class='ocrx_word' id='word_1_847' title='bbox 3014 5588 3200 5641; x_wconf 86' lang='lat' dir='ltr'><strong>animo</strong></span> <span class='ocrx_word' id='word_1_848' title='bbox 3232 5589 3469 5644; x_wconf 87' lang='lat' dir='ltr'><strong>munda-</strong></span> 
     </span>
    </p>
   </div>
   <div class='ocr_carea' id='block_1_118' title="bbox 1898 5672 3467 5743">
    <p class='ocr_par' dir='ltr' id='par_1_118' title="bbox 1898 5672 3467 5743">
     <span class='ocr_line' id='line_1_118' title="bbox 1898 5672 3467 5743; baseline 0.006 -19"><span class='ocrx_word' id='word_1_849' title='bbox 1898 5686 1994 5724; x_wconf 81' lang='lat' dir='ltr'><strong>nas</strong></span> <span class='ocrx_word' id='word_1_850' title='bbox 2036 5672 2306 5727; x_wconf 85' lang='lat' dir='ltr'><strong>insereret</strong></span> <span class='ocrx_word' id='word_1_851' title='bbox 2331 5676 2709 5743; x_wconf 81' lang='lat' dir='ltr'><strong>cogitationes.</strong></span> <span class='ocrx_word' id='word_1_852' title='bbox 2750 5678 3118 5743; x_wconf 89' lang='lat' dir='ltr'><strong>Quamobrem</strong></span> <span class='ocrx_word' id='word_1_853' title='bbox 3170 5695 3278 5733; x_wconf 90' lang='lat' dir='ltr'><strong>non</strong></span> <span class='ocrx_word' id='word_1_854' title='bbox 3312 5679 3467 5734; x_wconf 87' lang='lat' dir='ltr'><strong>dolo-</strong></span> 
     </span>
    </p>
   </div>
   <div class='ocr_carea' id='block_1_119' title="bbox 1898 5764 3469 5841">
    <p class='ocr_par' dir='ltr' id='par_1_119' title="bbox 1898 5764 3469 5841">
     <span class='ocr_line' id='line_1_119' title="bbox 1898 5764 3469 5841; baseline 0.01 -28"><span class='ocrx_word' id='word_1_855' title='bbox 1898 5777 2037 5826; x_wconf 91' lang='lat' dir='ltr'><strong>rem,</strong></span> <span class='ocrx_word' id='word_1_856' title='bbox 2067 5764 2160 5818; x_wconf 89' lang='lat' dir='ltr'><strong>sed</strong></span> <span class='ocrx_word' id='word_1_857' title='bbox 2197 5766 2529 5835; x_wconf 84' lang='lat' dir='ltr'><strong>voluptatem</strong></span> <span class='ocrx_word' id='word_1_858' title='bbox 2569 5784 2633 5822; x_wconf 87' lang='lat' dir='ltr'><strong>ex</strong></span> <span class='ocrx_word' id='word_1_859' title='bbox 2666 5778 2821 5825; x_wconf 73' lang='lat' dir='ltr'><strong>ea’re</strong></span> <span class='ocrx_word' id='word_1_860' title='bbox 2873 5772 3085 5840; x_wconf 87' lang='lat' dir='ltr'><strong>accepit</strong></span> <span class='ocrx_word' id='word_1_861' title='bbox 3123 5790 3139 5825; x_wconf 89' lang='lat'><strong>:</strong></span> <span class='ocrx_word' id='word_1_862' title='bbox 3200 5772 3346 5841; x_wconf 90' lang='lat' dir='ltr'><strong>quod</strong></span> <span class='ocrx_word' id='word_1_863' title='bbox 3391 5773 3469 5827; x_wconf 76' lang='grc' dir='ltr'><strong>[α-</strong></span> 
     </span>
    </p>
   </div>
   <div class='ocr_carea' id='block_1_120' title="bbox 1898 5862 3467 5923">
    <p class='ocr_par' dir='ltr' id='par_1_120' title="bbox 1898 5862 3467 5923">
     <span class='ocr_line' id='line_1_120' title="bbox 1898 5862 3467 5923; baseline 0.007 -15"><span class='ocrx_word' id='word_1_864' title='bbox 1898 5862 2049 5908; x_wconf 87' lang='lat' dir='ltr'><strong>etum</strong></span> <span class='ocrx_word' id='word_1_865' title='bbox 2073 5866 2209 5923; x_wconf 87' lang='lat' dir='ltr'><strong>erat,</strong></span> <span class='ocrx_word' id='word_1_866' title='bbox 2234 5874 2342 5913; x_wconf 89' lang='lat' dir='ltr'><strong>non</strong></span> <span class='ocrx_word' id='word_1_867' title='bbox 2378 5874 2499 5916; x_wconf 87' lang='lat' dir='ltr'><strong>esse</strong></span> <span class='ocrx_word' id='word_1_868' title='bbox 2522 5870 2771 5919; x_wconf 81' lang='lat' dir='ltr'><strong>statuens</strong></span> <span class='ocrx_word' id='word_1_869' title='bbox 2806 5863 2929 5919; x_wconf 79' lang='lat' dir='ltr'><strong>lilizr:</strong></span> <span class='ocrx_word' id='word_1_870' title='bbox 2960 5864 3343 5923; x_wconf 84' lang='lat' dir='ltr'><strong>amissionem.</strong></span> <span class='ocrx_word' id='word_1_871' title='bbox 3369 5865 3467 5921; x_wconf 87' lang='lat' dir='ltr'><strong>sed</strong></span> 
     </span>
    </p>
   </div>
  </div>
