4214 6444
771 427 873 492 931

774 633 1131 704 positionem.
1157 630 1276 698 Ipsa
1302 643 1436 698 ergo
1460 625 1668 681 latebat
1713 625 1856 694 apud
1891 625 2221 684 Sosannam,
2251 631 2346 675 aut

774 727 918 779 Deus
974 722 1159 791 potius
1208 735 1326 772 eam
1371 717 1627 772 servabat
1661 732 1760 785 per
1795 715 2122 769 Sosaunam.
2179 714 2346 767 Fama

775 827 983 880 autem,
1007 829 1070 867 ea
1105 828 1225 882 qua:
1259 813 1327 866 ab
1355 813 1465 880 ipsa
1494 813 1633 863 facta
1665 820 1840 873 erant,
1886 809 2096 877 ubique
2125 822 2346 860 annun-

777 907 970 969 tiabat,
1013 914 1068 959 et
1104 905 1191 958 hic
1222 913 1375 957 actus
1399 904 1464 956 ad
1499 918 1660 956 aures
1693 901 1938 954 omnium
1962 899 2343 969 pcrmanabat.

774 1001 895 1067 Quo
926 999 1130 1053 lactant
1165 1007 1270 1062 est,
1307 1007 1364 1050 ut
1402 997 1633 1050 maritus
1659 997 1780 1064 ejus
1831 994 2174 1048 Domitianus
2210 1008 2343 1062 pau-

771 1091 926 1145 latim
951 1104 1157 1142 venans
1186 1088 1501 1147 veritatem,
1525 1096 1584 1140 ut
1623 1085 1714 1155 qui
1759 1101 1866 1139 non
1904 1094 2174 1139 cessasset
2214 1101 2345 1138 uxo-

771 1197 887 1235 rem
919 1195 1072 1234 suam
1098 1180 1457 1250 investigare,
1497 1191 1788 1248 postquam
1813 1178 2026 1246 reliqua
2063 1177 2204 1232 obiit
2228 1193 2344 1230 mo-

772 1274 1036 1336 nasteria,
1075 1272 1141 1326 ad
1177 1273 1311 1326 illud
1344 1287 1566 1342 quoque
1594 1273 1764 1334 venit,
1814 1271 1869 1323 in
1897 1285 2008 1339 quo
2052 1269 2210 1324 beata
2243 1268 2345 1322 I‘uit

774 1376 1010 1426 versata,
1042 1364 1308 1432 quasdam
1346 1380 1456 1417 non
1484 1377 1770 1431 expressas
1815 1372 1871 1417 et
1910 1361 2199 1416 indecoras
2246 1379 2339 1416 vo-

769 1471 861 1508 ces
894 1470 1005 1522 prae
1035 1456 1115 1508 ira
1146 1456 1430 1520 cmittens,
1483 1456 1794 1524 importune
1838 1455 1986 1508 fores
2020 1455 2248 1524 pulsans
2279 1464 2336 1509 et

771 1547 1070 1610 insultans,
1126 1549 1362 1601 dicendo
1419 1565 1432 1600 :
1491 1548 1749 1612 Quanam
1790 1559 1876 1601 est
1919 1562 1984 1600 ea
2026 1548 2130 1607 vis,
2178 1563 2341 1615 quam

777 1636 913 1689 mihi
945 1636 1254 1691 attulistis?
1296 1637 1557 1700 Quanam
1599 1647 1682 1691 est
1718 1638 1833 1690 haec
1869 1652 2064 1706 magna
2099 1636 2346 1707 injuria?

775 1727 1008 1782 Pun-lira
1035 1741 1207 1793 certe,
1234 1747 1266 1783 ο
1295 1729 1576 1789 monachi,
1605 1729 1836 1799 pulchra
1869 1738 1998 1784 sunt
2021 1730 2341 1794 admodum,

770 1837 890 1890 qua!
931 1837 959 1875 a
985 1821 1140 1876 vobis
1168 1822 1309 1875 facta
1343 1831 1497 1876 sunt.
1530 1822 1641 1875 Cur
1681 1836 1800 1886 eos,
1838 1821 1932 1891 qui
1957 1832 2087 1876 sunt
2110 1821 2344 1891 pulchre

771 1912 1074 1980 conjuncti,
1122 1927 1220 1966 vos
1267 1914 1411 1966 male
1459 1913 1628 1967 vultis
1677 1911 1963 1968 dividere?
2017 1911 2152 1966 Date
2210 1911 2342 1967 mihi

772 2019 948 2057 meam
985 2006 1110 2057 vitae
1142 2004 1374 2058 sociam.
1417 2005 1550 2058 Date
1576 2018 1866 2073 eani,quaa
1907 2011 1992 2059 est
2024 2004 2158 2057 mihi
2205 2019 2345 2059 cou-

767 2097 952 2167 juncta
989 2097 1226 2165 legibus.

844 2184 959 2239 XII.
991 2186 1112 2240 llaec
1138 2195 1194 2240 et
1226 2188 1293 2241 iis
1328 2187 1508 2255 plura,
1560 2186 1838 2241 desiderio
1868 2187 2047 2242 victus
2075 2198 2129 2243 et
2172 2189 2341 2243 animi

770 2277 1127 2347 egritudine,
1154 2294 1289 2333 voce
1321 2282 1629 2348 interrupta
1663 2294 1694 2333 a
1741 2280 1954 2344 dolore,
1987 2281 2338 2336 exclamavit.

771 2372 999 2427 Audivit
1031 2383 1214 2426 autem
1247 2372 1315 2427 ab
1341 2372 1473 2441 ipsis
1507 2390 1521 2428 :
1547 2373 1659 2428 Nos
1688 2389 1915 2428 uxorem
1942 2374 2162 2443 quidem
2191 2383 2339 2428 tuam

769 2479 881 2517 non
912 2464 1227 2532 accepimus
1288 2465 1490 2534 (neque
1539 2466 1685 2520 enim
1722 2466 1802 2522 l'as
1851 2475 1936 2520 est
1971 2465 2187 2520 femina:
2220 2481 2346 2537 per-

771 2557 989 2612 mittere
1043 2557 1351 2626 ingressum
1419 2557 1476 2612 in
1536 2559 1984 2626 monasterium),
2023 2559 2341 2614 eunuchum

770 2658 954 2704 autem
1011 2646 1304 2718 quemdam
1353 2654 1709 2711 monachum,
1759 2650 1986 2703 nomine
2055 2648 2340 2720 Babylam,

770 2740 976 2794 scimus
1025 2739 1207 2808 aliquo
1261 2748 1509 2808 tempore
1567 2740 1858 2794 nobiscum
1913 2741 2083 2796 vitam
2135 2742 2339 2811 egisse,

769 2831 973 2888 deinde
1019 2842 1248 2901 repente
1286 2841 1559 2886 mutatum
1592 2834 1855 2889 statuisse
1901 2835 2176 2904 proﬁcisci
2213 2834 2339 2890 Hie.

773 2931 1062 2997 rosolyma.
1099 2924 1236 2978 Eum
1268 2939 1400 2993 esgo
1455 2939 1579 2980 cum
1630 2925 1862 2981 haberet
1924 2928 2065 2980 lianc
2122 2941 2341 2981 causam

773 3030 1003 3086 peregre
1041 3013 1456 3085 proﬁciscendi,
1498 3015 1686 3069 multis
1729 3026 1857 3069 ante
1891 3015 2091 3070 diebus
2119 3031 2148 3069 a
2185 3019 2344 3070 nobis

772 3107 1101 3163 discessisse
1128 3108 1506 3178 cognovimus.
1540 3108 1775 3164 Ubinam
1828 3118 2012 3163 autem
2056 3125 2205 3163 nunc
2246 3109 2343 3162 de-

772 3207 883 3267 gat,
916 3199 994 3252 illi
1032 3199 1132 3254 soI';
1166 3200 1399 3252 omnino
1427 3209 1511 3254 est
1539 3201 1842 3270 cognitum,
1869 3201 2026 3270 cuius
2051 3201 2226 3254 oculis
2257 3202 2339 3254 ni-

775 3291 850 3344 hil
882 3301 967 3345 est
1005 3291 1150 3360 quod
1192 3306 1302 3344 non
1338 3291 1510 3359 possit
1567 3291 1758 3360 aspici.
1795 3291 1952 3356 Quod
1998 3301 2182 3346 autem
2225 3293 2339 3347 haec

773 3396 902 3435 vera
934 3381 1068 3445 sint,
1095 3383 1389 3435 testabitur
1436 3381 1729 3435 universus
1784 3382 2021 3451 populus
2077 3383 2338 3437 civitatis.

773 3469 897 3523 Haec
926 3484 1053 3523 cum
1086 3469 1390 3524 audivisset
1437 3471 1808 3533 Domitianus,
1839 3479 1894 3524 et
1925 3470 2225 3527 frustratus
2252 3489 2340 3525 es-

770 3569 856 3615 set
886 3571 1067 3630 cmpto
1095 3577 1206 3618 suae
1234 3562 1635 3630 inquisitionis,
1663 3571 1716 3616 et
1766 3563 1915 3615 omni
1965 3564 2194 3630 pulchra
2230 3566 2342 3635 pri-

776 3666 933 3704 vatus
968 3652 1279 3716 occasione,
1324 3665 1382 3705 se
1415 3651 1662 3705 vertebat
1696 3654 1748 3705 in
1793 3667 2015 3706 omnem
2073 3656 2338 3723 speciem,

772 3743 918 3812 quod
953 3758 1042 3797 res
1063 3745 1113 3797 ei
1143 3758 1254 3796 non
1303 3742 1588 3806 cessisset,
1638 3757 1696 3796 se
1730 3745 2077 3810 excrucians,
2115 3759 2342 3816 propter

773 3833 950 3886 talum
1011 3834 1278 3898 irascens,
1328 3842 1552 3903 propter
1597 3834 1720 3904 ejus
1774 3849 2018 3888 amorem
2082 3837 2341 3894 incitatus

775 3923 1098 3993 tupiditate.
1135 3927 1313 3994 Atque
1343 3925 1434 3979 ille
1475 3926 1698 3994 quidem
1735 3925 1816 3980 sic
1851 3928 2103 3993 recessit,
2144 3929 2341 3985 distra-

775 4026 900 4070 ctus
925 4016 1011 4068 liis
1037 4017 1207 4070 animi
1242 4017 1780 4086 perturbationibus.

851 4106 987 4160 XIII.
1022 4107 1343 4160 Bassianum
1381 4115 1565 4161 autem
1595 4109 1799 4182 invasit
1833 4123 2029 4179 agmen
2059 4125 2337 4179 curarum,

773 4214 843 4251 ne-
873 4196 1134 4252 Matrona:
1167 4198 1370 4261 anima,
1407 4213 1527 4266 qua:
1573 4199 1693 4268 ejus
1738 4199 1863 4254 Ildei
1892 4202 2184 4256 commissa
2220 4204 2341 4258 fue-

775 4298 878 4354 rat,
911 4305 1039 4343 vere
1070 4289 1334 4342 subiisset
1368 4273 1674 4351 interitum.
1699 4298 1754 4344 et
1781 4307 1904 4344 cum
1927 4309 2023 4346 eos
2057 4297 2341 4349 accersiis-

771 4393 879 4442 set,
905 4383 999 4450 qui
1028 4382 1222 4434 ordine
1249 4381 1489 4449 quodam
1524 4389 1684 4436 erant
1712 4384 1873 4451 primi
1903 4387 2297 4442 monachorum
2323 4406 2336 4443 :

777 4473 893 4537 Est,
952 4474 1151 4541 inquit,
1206 4474 1366 4528 nobis
1402 4475 1636 4542 amplius
1684 4475 2145 4530 considerandum
2178 4479 2245 4534 de
2274 4495 2338 4535 ea

1904 412 2295 473 ADDENDA.
2337 435 2400 445 -
2441 405 2882 468 ΝΟνΕΜΒεη.

773 558 803 596 a
844 537 1085 594 curisde
1109 551 1173 590 ea
1199 533 1473 602 susceptis
1507 533 1918 593 liberationem,
1941 539 1998 584 et
2028 543 2216 583 earum
2248 528 2342 582 de—
2385 535 2416 587 Α

1214 533 1473 602 susceptis
1507 533 1918 593 liberationem,
1941 539 1998 584 et
2028 543 2216 583 earum
2248 528 2342 582 de—
2385 535 2416 587 Α
2451 529 2587 594 μένη
2653 526 2842 586 παιδὸς
2865 565 2878 588 ,

3924 403 4037 466 932

2935 524 3070 577 ἀλλά
3119 524 3229 577 τῶν
3287 527 3413 593 περὶ
3469 521 3674 592 ταύτην
3727 520 4038 590 φροντίδων

2447 616 2770 684 ἀπαλλαγὴν
2816 619 2910 670 καὶ
2961 615 3242 669 ἀπόθεσιν.
3291 615 3634 685 Ἐκρύπτετο
3673 613 3860 666 τοίνυν
3889 610 4035 680 αὕτη

2449 710 2598 778 παρά
2626 709 2902 781 Σωσάννῃ.
2929 709 3132 778 μᾶλλον
3162 709 3218 762 δὲ
3254 709 3282 761 ἀ
3302 708 3438 771 Θεὸς
3464 708 3554 761 διὰ
3584 708 3880 776 Σωσᾶ-ητις
3901 706 4036 759 ταύ-

2447 819 2547 872 την
2569 802 2887 856 ἐφύλαττεν.
2911 801 2974 854 ’11
2998 802 3152 870 φήμη
3170 802 3227 855 δὲ
3252 804 3320 855 τά
3345 803 3484 854 κατὰ
3506 801 3714 871 ταύτην
3735 798 4034 867 ἅπανταπῆ

2451 895 2761 966 διήγγελλε,
2793 897 2886 949 καὶ
2912 896 3000 948 διὰ
3035 897 3218 962 πάσης
3249 893 3445 964 ἐχώρει
3491 894 3591 963 τῆς
3623 893 3792 963 ἀκοῆς
3821 893 3894 945 τὰ
3938 891 4034 944 τοῦ

2447 990 2743 1062 δράματος.
2803 990 2920 1057 Ἀφ’
2969 985 3037 1061 ἦς
3072 993 3168 1044 καὶ
3211 989 3539 1056 Δομετιανὸς
3572 987 3841 1056 όταύτης
3889 988 4033 1056 ἀνὴρ

2447 1085 2591 1137 κατά
2621 1083 2816 1153 μικρὸν
2850 1084 3098 1152 θηρεύων
3127 1085 3225 1151 τὴν
3247 1082 3354 1134 τῶν
3399 1083 3707 1151 γενομένων
3741 1081 4031 1149 ἀλήθειαν,

2447 1179 2542 1231 ἅτε
2586 1178 2660 1246 μὴ
2692 1179 3044 1246 παυσάμενος
3073 1175 3142 1228 τά
3182 1178 3309 1245 περὶ
3336 1175 3436 1244 τῆς
3459 1176 3718 1243 γυναικὸς
3750 1176 3854 1242 τῆς
3895 1173 4032 1235 ιδίας

2452 1272 2786 1340 ἰχνηλατεῖν,
2818 1270 2954 1339 μετὰ
2977 1270 3037 1323 τὸ
3069 1273 3159 1324 καὶ⁵
3189 1270 3256 1322 τὰ
3283 1268 3447 1322 λοιπά
3472 1267 3783 1336 περιελθεῖν
3809 1283 4031 1335 φροντι-

2449 1361 2646 1429 στήρια
2676 1362 2772 1413 καὶ
2803 1359 2890 1411 ἐπ’
2925 1361 3104 1411 ἐκεῖνο
3133 1359 3263 1411 ινθα
3298 1363 3327 1424 ἠ
3386 1358 3637 1428 μακαρία
3660 1358 3916 1428 διέτριψε
3949 1357 4032 1425 γι-

2448 1467 2619 1515 νεται,
2642 1453 2888 1520 ἀσήμους
2912 1450 3066 1514 τινάς
3094 1451 3197 1503 ὑπὸ
3225 1449 3401 1519 θυμοῦ
3421 1453 3518 1503 καὶ
3536 1450 3822 1518 ἀκόσμους
3848 1450 4032 1516 φωνὰς

2448 1545 2629 1608 ἀφιεὶς
2664 1543 2984 1612 θυροκοπῶν
3009 1559 3068 1594 τε
3093 1542 3342 1612 ἀκαίρως
3363 1544 3457 1595 καὶ
3481 1541 3914 1611 θρασυνόμενος,
3934 1540 4030 1604 Τίς

2448 1640 2481 1706 ἡ
2509 1639 2634 1708 περὶ
2666 1636 2790 1706 sps,
2832 1636 3026 1703 λόγων,
3053 1635 3170 1705 βία,
3200 1637 3253 1688 τί
3285 1637 3346 1689 τὸ
3379 1635 3527 1706 μόγα
3554 1635 3716 1688 τοῦτο
3739 1635 4028 1704 ἀδίκημας

2449 1726 2606 1781 Καλά
2629 1742 2714 1795 γε,
2747 1721 2794 1780 ὦ
2827 1729 3078 1797 μοναχοὲ,
3105 1728 3245 1781 καλά
3270 1727 3387 1780 λίαν
3413 1728 3481 1781 τὰ
3507 1727 3638 1798 παρ’
3674 1727 3838 1796 ὑμῶν
3881 1728 4033 1796 γενό-

2451 1831 2612 1884 μενα.
2647 1815 2765 1870 Ἵνα
2786 1817 2840 1869 τί
2875 1818 2998 1882 τοὺς
3028 1817 3211 1882 καλῶς
3241 1817 3614 1886 συναφθέντος
3637 1817 3794 1886 ὑμεῖς
3848 1818 4029 1881 καλῶς

2382 1871 2421 1925 Β
2447 1871 2678 1976 διαιρεῖν
2707 1871 2998 1975 βούλεσθεξ
3029 1909 3157 1961 Δότε
3192 1871 3284 1978 μοι
3315 1871 3566 1962 σύνοικον
3705 1871 3875 1978 ἀμην
3905 1871 4028 1961 δότε

2445 1998 2545 2069 τὴν
2572 2000 2715 2053 κατὰ
2738 1999 2939 2066 νόμους
2965 1999 3090 2069 ἐμοὶ
3110 2000 3500 2068 συναφθεῖσαν.

2518 2176 2598 2229 lB'
2605 2174 2812 2232 ,Ταῦτα
2829 2175 2926 2228 καὶ
2945 2175 3170 2229 πλείονα
3192 2175 3400 2229 τούτων
3417 2175 3566 2246 πόθῳ
3586 2175 3910 2244 κινούμενος
3938 2179 4030 2229 καλ⁵

2445 2270 2684 2339 ἀθυμίας
2715 2269 3030 2339 ἡττώμενος
3065 2268 3160 2322 καὶ
3196 2271 3296 2340 τὴν
3327 2272 3512 2340 φωνὴν
3542 2271 3647 2323 ὑπὸ
3695 2269 3790 2322 τοῦ
3819 2270 4028 2330 πάθους

2445 2361 2854 2429 ἀγκοπτόμενος
2890 2359 3105 2425 εξεσόα.
3165 2362 3408 2412 Ἤκουσε
3455 2360 3512 2412 δδ
3557 2360 3690 2428 παρ’
3716 2361 3923 2424 αὐτῶν,
3955 2360 4025 2422 ὡς

2455 2453 2650 2522 Ἡμεῖς
2685 2454 2785 2521 μιν
2835 2455 3075 2521 γυναῖκα
3122 2453 3225 2504 οὐκ
3275 2451 3667 2521 «manus;
3691 2467 3708 2482 ο
3748 2452 3886 2520 μηδὲ
3918 2453 4031 2521 γὰρ

2445 2537 2587 2594 εἶναι
2621 2541 2844 2610 θεμιτὸν
2862 2544 2927 2612 τῇ
2962 2545 3094 2611 μονῇ
3125 2543 3377 2611 γυναιξὶν
3398 2541 3650 2613 ἐφεῖσθαι
3673 2542 3772 2612 τὴν
3796 2544 4025 2596 εἴσοδον-

2447 2635 2705 2704 εὑνυῦχον
2729 2636 2787 2688 δέ
2833 2652 2956 2687 τινα
2989 2636 3224 2705 μοναχὸν
3251 2635 3502 2689 Βαδύλαν
3521 2635 3664 2688 οὕτω
3683 2636 3854 2688 κιλού
3863 2653 4029 2704 μενον

2445 2730 2604 2798 ῖσμεν
2635 2726 2728 2780 επὶ
2783 2727 2978 2797 καιροῦ
3007 2745 3152 2790 τινος
3203 2729 3302 2798 τὴν
3339 2729 3553 2798 σύναμα
3583 2732 3718 2798 ἡμῖν
3747 2730 4029 2798 διαγωγὴν

2446 2821 2838 2890 ποιησάμενον,
2871 2816 2991 2873 εἶτα
3025 2819 3244 2891 ἀθρόως
3275 2821 3678 2892 μεταϐάλλοντα
3704 2823 3809 2892 τὴν
3842 2823 3939 2874 ἐπὶ
3961 2821 4031 2874 τὰ

2456 2911 2812 2983 Ἰεροσόλυμα
2851 2912 3249 2982 βουλεύσασθαι
3283 2915 3646 2985 πορευθῆναι.
3693 2915 3901 2968 Ἰὀῦτον
3933 2912 4030 2967 οὖν

2443 3002 2698 3072 τοιαύτην
2747 3003 2942 3071 ἔχοντα
3000 3005 3096 3073 τῆς
3141 3007 3453 3076 ἀποδημίας
3499 3007 3762 3060 ὑπόθεσιν
3817 3009 3881 3060 οὗ
3919 3010 4030 3075 πρὸ

2445 3095 2658 3148 πολλῶν
2683 3095 2888 3149 τούτων
2917 3097 3028 3149 τῶν
3058 3098 3284 3169 ἡμερῶν
3307 3098 3401 3168 ἀφ’
3430 3099 3589 3170 ἡμῶν
3613 3100 3912 3154 διαστάντα
3937 3119 4030 3166 τι·-

2447 3186 2749 3256 νώσκομεν.
2794 3189 2968 3241 Ὅπου
3002 3189 3060 3242 δὲ
3092 3193 3192 3245 νῦν
3211 3191 3389 3259 διάγει
3426 3193 3572 3262 μόνῳ
3618 3194 3847 3256 πάντως
3882 3211 4028 3260 γνω-

2448 3278 2572 3329 om
2600 3272 2661 3331 οὗ
2709 3280 2874 3349 μηδδν
2909 3283 3023 3342 τοῖς
3076 3282 3373 3352 ὀφθαλμοῖς
3409 3284 3742 3354 ἀθεώρητον.
3808 3286 3934 3340 Ὀτι
3968 3287 4026 3338 δὶ

2446 3370 2622 3440 ἀληθῆ
2674 3372 2846 3425 ταῦτα
2903 3376 3306 3445 μαρτυρήσειεν
3341 3376 3408 3429 ἂν
3460 3377 3552 3429 καὶ
3581 3381 3642 3430 τὸ
3669 3381 3782 3431 πᾶν
3820 3380 4027 3447 πλῆθος

2443 3466 2543 3532 τῆς
2569 3464 2794 3527 πόλεως.
2854 3465 3073 3519 Τούτων
3101 3466 3337 3530 ἀκούσας
3367 3469 3396 3521 ὁ
3423 3468 3755 3536 Δομετιανὸς
3797 3474 3891 3521 καὶ
3923 3470 4026 3538 τῆς

2443 3559 2574 3627 περὶ
2594 3558 2693 3628 τὴν
2716 3558 2942 3628 ζήτησιν
2970 3558 3366 3628 ἀποκρουσθεὶς
3397 3561 3766 3630 ἐγχειρήσεως
3789 3563 4028 3628 εὐπροσ-

2442 3650 2593 3702 ώπου
2619 3666 2679 3702 τε
2708 3651 2891 3720 πάσης
2906 3650 3162 3721 ἀφορμῆς
3177 3649 3480 3720 στερηθεὶς,
3503 3654 3758 3712 παντοῖος
3784 3654 4020 3717 ἐγίνετο.

2442 3741 2529 3793 διὰ
2557 3742 2657 3810 τὴν
2685 3743 2982 3812 ἀποτυχίαν
3037 3743 3359 3812 ἀνιώμενος,
3391 3743 3478 3797 διὰ
3503 3745 3594 3796 τὸν
3627 3743 3791 3812 ζῆλον
3815 3746 4025 3813 θυμού-

2447 3850 2628 3902 μενος,
2681 3833 2770 3888 διὰ
2818 3835 2880 3886 τὸ
2940 3834 3072 3904 πρὸς
3112 3835 3282 3906 αὐτὴν
3320 3836 3540 3905 φίλτρον
3570 3837 3667 3905 τὴν
3723 3838 4024 3906 ἐπιθυμίαν

2443 3926 2841 3996 ἐρεθιζόμενος.
2883 3926 3124 3990 Ἐκεῖνος
3157 3929 3256 3998 μιν
3299 3925 3394 3982 οὖν
3417 3927 3592 3991 οὕτως
3640 3930 3808 4000 ἀπῄει
3841 3932 4020 3982 τοιοὺ-

2441 4032 2555 4077 τοις
2590 4016 2784 4069 πάθεσι
2821 4016 3196 4087 μεριζόμενος.

2513 4109 2610 4162 ll".
2649 4108 2741 4177 Τῷ
2787 4109 2842 4162 δὲ
2874 4109 3120 4180 Βασιανῷ
3152 4111 3448 4179 φροντίδων
3482 4112 3762 4164 ἐπετίθετο
3807 4111 4018 4182 σμῆνος

2441 4199 2591 4262 ὅπως
2632 4201 2701 4269 ἢν
2756 4199 3050 4268 ἐπιστεύθη
3099 4202 3196 4268 τῆς
3223 4201 3527 4270 Ματρώνης
3573 4201 3778 4272 ψυχὴν,
3813 4205 3887 4274 μὴ
3914 4207 4019 4272 τὴν

2441 4289 2608 4351 ὅντως
2647 4291 2926 4342 ἀπώλειαν
2956 4290 3183 4359 ὑποστῇ,
3215 4291 3308 4341 καὶ
3362 4290 3856 4359 μεταστειλάμενος
3883 4295 4019 4354 τοὺς

2446 4381 2593 4445 τάξει
2625 4385 2733 4434 τινὶ
2787 4381 3036 4451 πρώτους
3087 4381 3195 4434 τών
3251 4381 3500 4452 μοναχών
3531 4384 3588 4434 εν
3621 4383 3846 4446 πλείονι,
3871 4385 4020 4436 Σκε-

2445 4477 2605 4528 πτέον
2635 4475 2794 4545 ἡμῖν;
2821 4475 2993 4542 ἑλεγε,
3021 4474 3150 4544 περὶ
3181 4475 3279 4544 τῆς
3306 4475 3604 4549 διαστάσης
3652 4476 3812 4544 ἡμῶν
3858 4478 4017 4529 ἀδελ-

773 4581 896 4635 quas
944 4581 973 4618 a
1010 4567 1169 4620 nobis
1199 4565 1480 4628 discessit,
1517 4581 1729 4620 sorore.
1765 4567 1897 4621 Nam
1929 4569 2031 4622 etsi
2059 4587 2189 4624 sexu
2225 4582 2342 4627 crat
2369 4569 2420 4626 Β

2369 4569 2420 4626 1)
2447 4571 2571 4638 φῆς.
2603 4569 2664 4620 El
2691 4569 2798 4637 γὰρ
2825 4570 2918 4620 καὶ
2946 4570 3045 4636 τὴν
3103 4567 3264 4636 φύσιν
3293 4568 3453 4636 ἑτέρα
3479 4584 3564 4630 τις
3598 4564 3686 4640 ἦν,
3717 4570 3836 4623 ἀλλ’
3868 4573 4020 4624 hue.

772 4662 994 4712 diversa
1030 4675 1044 4713 :
1081 4659 1349 4727 quoniam
1379 4669 1558 4712 tamen
1591 4659 1645 4712 in
1676 4668 1928 4714 nostrum
1954 4665 2194 4733 ascripta
2223 4675 2343 4720 erat

774 4751 1064 4813 circulum,
1098 4759 1316 4819 oportet
1348 4751 1666 4807 existimare
1715 4753 1943 4807 membri
1985 4756 2340 4824 ablutionem,

775 4841 899 4910 ejus
944 4857 1065 4908 qua:
1094 4841 1233 4894 facta
1268 4851 1353 4896 est
1386 4858 1416 4896 a
1464 4844 1650 4908 nobis,
1681 4844 2131 4910 disiunctionem.
2168 4847 2241 4903 De
2275 4851 2342 4905 iis

777 4947 909 4997 ergo
943 4947 1062 4998 quae
1091 4932 1156 4984 ad
1185 4931 1358 5000 ipsam
1394 4934 1692 5000 pertinent,
1723 4937 2148 5002 constituamus,
2186 4948 2245 4992 ut
2274 4942 2340 4994 ad

778 5021 982 5075 bonum
1017 5021 1181 5076 Ilnem
1209 5023 1518 5091 perveniat,
1554 5039 1621 5079 ne
1669 5026 1963 5095 malignus,
1992 5037 2050 5082 et
2078 5031 2174 5097 qui
2200 5045 2339 5098 quo-

781 5113 918 5167 tidie
973 5113 1134 5166 nobis
1179 5112 1490 5175 insidiatur,
1531 5115 1652 5184 ejus
1685 5124 1908 5185 superet
1954 5121 2341 5186 constantiam,

781 5215 910 5273 apto
930 5203 998 5258 ad
1031 5203 1258 5257 insidias
1299 5203 1667 5260 instrumento
1700 5218 1861 5262 utens
1912 5209 2130 5263 marito.
2165 5210 2344 5280 Atque

782 5295 864 5350 sic
889 5293 1111 5364 quidem
1138 5293 1358 5349 dicebat
1406 5295 1726 5362 Bassianus,
1759 5299 1814 5352 in
1856 5303 2132 5353 communi
2168 5308 2345 5371 posita

781 5386 1204 5440 deliberatione.
1239 5386 1526 5440 Marcellus
1576 5399 1758 5442 autem
1791 5391 2034 5459 quidem,
2072 5402 2201 5447 tunc
2233 5395 2348 5448 ilia-

781 5492 978 5540 conus.
1025 5477 1168 5532 lianc
1205 5477 1345 5532 dixit
1374 5481 1728 5546 sententiam,
1777 5480 1830 5534 in
1886 5481 2083 5536 Emesa
2122 5486 2344 5539 civitate

786 5568 898 5635 (ille
935 5567 1084 5619 enim
1117 5580 1184 5619 ex
1209 5581 1273 5619 ea
1299 5576 1418 5620 erat
1453 5567 1626 5634 ortus)
1660 5568 1847 5622 dicens
1897 5585 2018 5625 esse
2068 5585 2344 5628 monaste-

784 5659 927 5710 rium
967 5658 1281 5722 mulierum,
1307 5657 1361 5711 in
1391 5674 1502 5728 quo
1531 5661 1696 5714 etiam
1741 5674 1899 5715 suam
1932 5677 2179 5718 sororem
2223 5680 2344 5721 esse

787 5762 949 5802 unam
977 5762 1045 5802 ex
1089 5749 1156 5802 iis
1194 5763 1317 5818 qua
1341 5761 1685 5805 exercentur.
1723 5750 1780 5807 Si
1813 5767 1948 5824 ergo
1995 5754 2094 5809 tibi
2142 5756 2344 5825 placet,

783 5840 853 5897 ad
881 5838 934 5896 id
971 5839 1243 5895 mittatur.
1293 5839 1385 5898 Sic
1433 5843 1578 5898 enim
1617 5841 1803 5901 licebit
1827 5861 2015 5902 curam
2045 5846 2112 5903 de
2138 5862 2203 5904 ea
2244 5849 2343 5906 de-

2452 4677 2558 4730 περ
2591 4660 2864 4728 ἐνεγράφη
2891 4658 3075 4727 κύκλῳ
3105 4658 3182 4729 τῷ
3214 4658 3334 4711 καθ’
3365 4660 3532 4728 ἡμᾶς,
3569 4660 3764 4728 μέλους
3784 4663 4020 4730 ἀφαίρι.

2452 4767 2534 4802 σιν
2559 4749 2867 4817 λογίζεσθαι
2895 4749 2974 4802 δεῖ
3020 4746 3120 4818 τὴν
3147 4748 3240 4817 ἀφ’
3289 4749 3447 4818 ἡμῶν
3478 4749 3684 4818 ταύτης
3719 4751 4016 4818 διάζευξιν,
4053 4756 4064 4761 “

2450 4839 2770 4908 Διαθώμεθα
2795 4839 2924 4908 γοῦν
2945 4840 3013 4892 τὰ
3039 4838 3160 4892 κατ’
3191 4840 3385 4910 αὐτὴν,
3420 4841 3567 4901 ὅπως
3609 4842 3688 4902 είς
3712 4841 3890 4910 πέρας
3921 4859 4020 4893 κα-

2450 4931 2666 5001 ταλήξοι
2694 4931 2948 5001 χρηστὸν,
2977 4931 3172 5000 μήπως
3205 4933 3234 4984 ό
3253 4931 3484 5000 πονηρὸς
3512 4934 3605 4985 καὶ
3631 4931 3754 4985 καθ’
3781 4935 4020 5003 ἑκάστην

2449 5023 2815 5076 επ.6ουλεύων
2835 5024 2965 5089 ἡμῖν
2984 5021 3301 5091 κατισχύσει
3329 5023 3530 5092 ταύτης
3552 5021 3612 5074 τὸ
3641 5020 3862 5074 εὔτονον
3892 5028 4020 5092 περὶ

2443 5117 2546 5183 τὴν
2570 5112 2862 5182 επιϐουλὴν
2893 5113 3110 5183 ὀργάνῳ
3145 5114 3490 5184 χρησάμενος
3516 5112 3593 5181 τῷ
3617 5113 3795 5182 ἀνδρί.
3833 5113 4019 5176 οὕτως

2450 5205 2549 5275 μὶν
2573 5200 2666 5258 οὖν
2695 5204 2724 5256 ό
2751 5205 3011 5267 Βασιανος
3035 5205 3247 5270 ιλεγεν,
3268 5206 3328 5257 ιν
3344 5203 3508 5273 κοινῷ
3527 5203 3749 5272 θέμενος
3778 5206 3884 5271 τὴν
3902 5206 4021 5259 δια-

2449 5295 2660 5366 σκεψιν.
2701 5297 3017 5367 Μάρκελλος
3061 5296 3120 5350 δέ
3174 5311 3260 5360 τις
3311 5296 3374 5350 τδ
3421 5296 3724 5364 τηνικαῦτα
3771 5297 4022 5358 διάκονος

2448 5386 2672 5456 γνώμην
2710 5387 3008 5457 εἰσηγεῖται
3048 5385 3324 5455 τοιαύτην,
3369 5389 3428 5439 ἀν
3471 5386 3678 5458 Ἐμιση
3728 5386 3908 5454 λόγων
3951 5392 4014 5456 τῇ

2449 5481 2640 5532 πόλει·
2671 5481 2736 5531 ὲκ
2763 5479 2966 5549 ταύτης
2989 5481 3097 5549 γὰρ
3131 5480 3379 5550 κάκεῖνος
3406 5480 3650 5550 ὡρμᾶτο,
3684 5481 4020 5552 ἀσκητήριον

2449 5569 2588 5624 εἶναι
2623 5569 2898 5638 γυναικῶν
2935 5571 2995 5623 ιν
3023 5565 3068 5636 ᾧ
3101 5572 3195 5622 καὶ
3238 5569 3473 5638 ἀδελφὴν
3515 5570 3682 5624 αὐτοῦ
3721 5573 3854 5631 μίαν
3880 5569 4018 5624 εἶναι

2449 5668 2558 5718 τῶν
2585 5665 2959 5732 ἀσκουμένων.
2982 5663 3154 5732 Ειπερ
3185 5659 3279 5716 οὖν
3300 5662 3529 5732 ἀρεστόν
3561 5677 3643 5714 σοι
3681 5661 3856 5726 δοκεῖ,
3882 5667 4013 5729 πρὸ.

2451 5757 2607 5810 τοῦτο
2631 5756 2966 5825 πεμφθήτω·
3023 5754 3174 5807 ισται
3216 5769 3300 5806 σοι
3325 5753 3434 5822 γὰρ
3456 5752 3598 5805 οὕτω
3631 5753 3725 5805 καὶ
3756 5753 3856 5815 τὰς
3890 5756 4014 5822 περὶ

2453 5847 2623 5920 αὐτῆς
2656 5843 2877 5901 ικδῦναι
2906 5845 3210 5919 φροντίδες.
3249 5843 3584 5918 Συνθεμενου
3613 5844 3670 5900 δι
3701 5843 3797 5900 τοῦ
3825 5845 4014 5900 Basta-
