4214 6444
182 430 287 493 933

1420 424 1598 484 VITA
1636 423 1698 482 S.
1739 424 2047 483 ΜΑΊἪΟΝ
2064 424 2123 481 .E

3321 418 3425 480 935.

176 542 271 594 νοῦ
294 540 372 610 τῷ
400 542 538 610 λόγῳ
566 540 1078 612 καὶ-ιπιτρέψαντος
1112 540 1139 591 ὁ
1165 538 1408 598 διάκονος
1441 536 1755 605 παραυτίκα
1785 540 1830 594 Α

1785 540 1830 594 Α
1862 552 2085 605 ponere.
2128 539 2263 591 Cum
2309 551 2570 591 assensus
2627 544 2810 590 autem
2865 541 3013 584 esset
3046 532 3336 585 Bassmnus
3377 536 3425 585 ei

176 631 364 682 πλοίου
414 632 589 682 ἕκεῐσε
653 629 988 699 ἀναγομένου
1035 629 1213 697 τυχὼν
1239 628 1410 695 τούτῳ
1460 629 1556 695 τὴν
1586 626 1749 692 άγίαν

177 721 464 790 ἐνθέμενος
500 720 746 790 ἐπανῄει.

250 901 347 955 1Δ’.
400 902 465 955 Ἦ
498 902 552 955 δὲ
580 902 829 971 εὐθύμως
868 904 927 956 τὸ
952 905 1170 970 γεγονὸς
1194 905 1267 966 ὡς
1298 904 1397 956 οὐκ
1422 904 1568 957 ἀθεεὶ
1604 922 1747 975 πρα-

175 994 303 1063 χθὲν
343 995 740 1063 ἀποδεξαμένη,
773 996 931 1063 ὀλίγα
961 1013 1017 1048 τε
1054 997 1185 1050 ἄττα
1218 998 1353 1065 πρὸς
1380 998 1584 1066 τροφὴν
1616 1015 1747 1063 συγ-

177 1088 523 1158 κομισαμένη
560 1088 801 1156 εὐφόρως
831 1090 945 1158 ἄμα
969 1090 1057 1141 καὶ
1094 1090 1272 1152 καλῶς
1300 1090 1391 1142 τοῦ
1440 1090 1748 1159 πνεύματος

176 1178 516 1242 ὲπωθοῦντος
571 1181 660 1231 τὸν
693 1180 861 1233 πλοῦν
903 1181 1156 1245 διαϐᾶσα,
1191 1181 1251 1233 τδ
1282 1182 1339 1233 εν
1382 1181 1584 1251 Ἑμέσῃ
1613 1198 1746 1234 κατ-

176 1271 339 1323 έλαϐε
396 1274 829 1343 φροντιστήριον.
885 1274 1226 1342 Φιλοφρόνως
1273 1270 1366 1328 οῦν
1414 1275 1746 1343 εἰσδεχθεῖσα

177 1362 273 1413 καὶ
301 1362 486 1425 δεξιῶς
506 1362 613 1414 τῶν
642 1364 762 1414 κατ’
787 1366 986 1434 ἀρετὴν
1006 1366 1181 1433 εἴχετο
1202 1365 1379 1417 πόνων
1414 1364 1555 1417 οὕτω
1580 1382 1747 1416 σπου-

174 1449 341 1513 δαίως
369 1451 443 1513 ὡς
470 1452 529 1503 ού
552 1453 735 1523 ῥᾴδιον
757 1454 988 1523 ὀφθῆναι
1021 1455 1222 1525 ταύτην
1246 1458 1361 1518 ταῖς
1393 1456 1747 1525 μοναζούσαις

173 1542 484 1611 ἀρχέτυπον
518 1546 652 1612 πρὸς
680 1545 807 1608 τοὺς
861 1546 1008 1608 ῐσους
1036 1547 1206 1616 αὐτῆς
1265 1548 1479 1614 ἀγῶνας
1512 1549 1749 1616 ἁμιλλω-

178 1635 389 1701 μέναις.
416 1634 580 1687 Ὅθεν
614 1637 705 1688 καὶ
739 1638 1008 1690 συνεδόκει
1029 1638 1231 1700 πάσαις
1253 1642 1387 1707 μετά
1416 1640 1514 1707 τὴν
1540 1638 1746 1691 ἐνθένδε

172 1728 274 1796 τῆς
310 1727 433 1798 ἄρτι
466 1728 880 1799 καθηγουμένης
913 1729 1235 1799 ἀπαλλαγὴν
1261 1730 1397 1801 αὐτῇ
1429 1733 1607 1783 πᾶσαν
1628 1732 1748 1782 ἐπι-

178 1821 371 1888 τρέψαι
421 1822 520 1891 τὴν
572 1822 670 1890 τῆς
730 1824 895 1893 μονῆς
948 1823 1305 1893 προστασίαν.
1362 1825 1524 1876 Ὀσον
1558 1823 1612 1875 δὲ
1642 1823 1746 1891 ἄρα

1860 632 2005 698 quod
2037 631 2245 683 dictum
2301 630 2500 691 fuerat,
2542 638 2597 684 et
2648 628 2699 680 id
2750 624 3115 694 permisisset,
3174 624 3429 677 minister

1858 724 2038 775 statim
2066 734 2261 775 nactus
2283 738 2496 784 navem,
2530 736 2650 789 qua:
2677 718 2829 772 illinc
2855 718 3122 779 solvebat,
3155 730 3342 770 sancta
3373 718 3425 768 in

1856 832 1919 870 ea
1956 817 2230 883 imposita,
2264 825 2345 868 est
2378 829 2650 867 reversus.

1930 909 2067 963 XIV.
2107 910 2196 962 llla
2225 920 2406 961 autem
2448 925 2571 961 cum
2618 908 2779 959 alacri
2832 919 3015 957 annno
3046 903 3344 969 accepisset
3376 902 3425 952 id

1857 1001 2001 1068 quod
2054 1002 2257 1054 factum
2319 1001 2516 1058 fuerat.
2563 1010 2820 1065 tanquam
2874 998 2923 1049 id
2990 1012 3094 1047 non
3138 995 3425 1046 accidisset

1858 1094 2063 1162 absque
2093 1094 2185 1147 Dei
2224 1093 2472 1156 numine,
2511 1102 2562 1145 et
2596 1107 2765 1160 pauca
2829 1090 3078 1158 qumdam
3127 1088 3429 1154 accepisset

1856 1202 1955 1255 pro
1993 1188 2285 1247 alimentis,
2333 1186 2578 1240 secundo
2622 1196 2675 1238 et
2709 1185 2815 1236 leni
2856 1193 3024 1235 vento
3078 1192 3294 1247 peracta
3332 1195 3423 1231 na-

1856 1278 2149 1345 vigatione,
2172 1276 2321 1329 venit
2350 1277 2401 1328 in
2433 1275 2848 1328 monasterium.
2876 1273 3021 1339 quod
3048 1280 3166 1322 erat
3192 1271 3422 1322 Emesm.

1857 1365 2093 1433 Benigne
2126 1382 2259 1433 ergo
2290 1378 2535 1433 accepta,
2575 1377 2727 1418 tanto
2784 1367 2963 1417 studio
3022 1378 3081 1415 se
3134 1364 3422 1417 exercebat

1858 1457 1911 1509 in
1944 1458 2226 1510 laboribus
2255 1458 2496 1519 virtutis,
2527 1469 2582 1511 ut
2618 1459 2901 1511 monachis
2930 1460 3210 1511 videretur
3240 1468 3417 1510 eitum—

1857 1549 1975 1617 plar
2005 1565 2112 1601 non
2137 1549 2324 1611 facile.
2357 1550 2773 1605 decertantibns
2800 1552 3065 1603 adversus
3110 1551 3260 1617 paria
3306 1549 3423 1617 ejus

1855 1645 2179 1697 certamina.
2232 1644 2505 1707 Quocirca
2540 1644 2745 1711 placuit
2794 1645 3049 1696 omnibus
3084 1653 3203 1711 post
3235 1642 3425 1695 deces—

1856 1749 1975 1788 sum
2009 1736 2148 1803 ejus,
2176 1751 2296 1802 qua:
2320 1736 2427 1787 illis
2453 1745 2701 1802 praeerat,
2738 1736 2786 1787 ei
2824 1736 3168 1788 committere
3205 1749 3421 1786 omnem

1856 1827 2173 1880 monasterii
2230 1832 2639 1894 praefecturam.
2685 1830 2804 1892 Quo
2865 1828 3037 1896 magis
3069 1844 3200 1894 ergo
3254 1827 3422 1879 lateri,

173 1914 452 1983 Ματρώνα
486 1916 545 1966 τὸ
571 1914 851 1969 λανθάνειν
902 1915 1220 1980 ἐσπούδαζε,
1272 1914 1525 1968 τοσοῦτον
1585 1916 1745 1985 ἔμελε
1782 1900 1821 1953 Β

1782 1900 1821 1953 Β
1851 1918 2107 1971 studebat
2159 1918 2422 1977 Matrona,
2471 1935 2537 1973 eo
2576 1920 2747 1982 magis
2787 1922 2896 1972 Dco
2950 1929 3068 1973 erat
3115 1934 3259 1972 cura:
3300 1934 3420 1969 eam

173 2009 293 2079 Θεῷ
341 2009 399 2062 τὸ
436 2011 601 2081 δήλην
651 2012 820 2081 αὐτὴν
879 2013 1120 2082 ποιῆσαι,
1152 2016 1245 2064 καὶ
1292 2011 1351 2061 τὸ
1387 2011 1597 2082 ἐκείνης
1633 2010 1748 2079 φῶς

173 2104 269 2154 ἐπὶ
303 2106 396 2173 τῆς
421 2104 640 2173 λυχνίας
672 2104 866 2168 θεῖναι,
908 2107 999 2158 καὶ
1029 2106 1127 2174 τὴν
1152 2106 1351 2175 ἀρετὴν
1382 2107 1620 2173 φανερὰν
1650 2121 1747 2156 κα-

172 2193 464 2261 ταστῆσαι.
532 2195 663 2247 Κατ’
717 2197 892 2248 ἐκεῖνο
972 2197 1151 2249 τοίνυν
1219 2197 1410 2265 καιροῦ
1483 2198 1744 2264 γεηπόνος

173 2304 258 2348 τις
282 2288 340 2338 τὸ
369 2287 553 2357 γήδιον
579 2288 944 2357 ἐργαζόμενος
976 2289 1066 2340 ἐπὶ
1096 2292 1317 2356 συχναῖς
1360 2293 1477 2350 ταῖς
1511 2290 1747 2357 ἡμέραις

171 2380 560 2451 ἀναδιδομένην
615 2380 760 2449 ἑώρα
789 2382 961 2449 φλόγα
1013 2384 1109 2450 τῆς
1140 2382 1265 2450 γῆς,
1306 2382 1399 2433 καὶ
1431 2384 1461 2450 ἡ
1498 2383 1747 2442 ἀνάδοσις

175 2475 406 2542 συνεχής
434 2490 490 2527 τε
520 2477 613 2526 καὶ
639 2474 891 2542 οὐδαμῶς
931 2475 1194 2542 λήγουσα.
1217 2468 1384 2531 Οὗτος
1410 2470 1528 2537 οὖν,
1565 2475 1659 2527 ᾶτε
1682 2476 1745 2544 δὴ

171 2566 420 2637 γεωργὸς
464 2566 620 2618 οὑδὶν
649 2565 896 2635 δυνηθεὶς
937 2567 1233 2634 συμσαλετν
1285 2567 1637 2636 ὑψηλότερον,
1670 2569 1745 2635 τῷ

174 2658 461 2726 ὲπισκόπῳ
504 2658 603 2726 τῆς
636 2658 843 2720 πόλεως
893 2658 1205 2726 προσελθὼν
1246 2660 1601 2725 ἀπαγγέλλει.
1637 2662 1747 2711 Καὶ

174 2749 235 2811 δς
262 2751 323 2801 ὲκ
346 2748 438 2802 τοῦ
468 2747 792 2819 φαινομένου
830 2749 970 2819 μέγα
1000 2767 1050 2801 τι
1079 2751 1257 2812 συνεὶς
1290 2750 1350 2803 τὸ
1392 2751 1551 2819 δῆλον)
1563 2769 1742 2820 μενον,

174 2843 293 2907 ἅμα
313 2840 390 2909 τῷ
416 2840 505 2893 ὑπ’
530 2841 690 2894 αὑτὸν
731 2841 919 2910 κλήρῳ
950 2841 1038 2893 τὸν
1073 2842 1234 2894 τόπον
1273 2842 1613 2907 καταλαϐὼν,
1651 2846 1744 2897 καὶ

172 2935 251 2995 ὡς
280 2932 552 3002 προσῆκον
582 2928 648 3002 ἦν
671 2931 832 3001 εὐχὴν
858 2933 1243 3002 ποιησάμενος,
1268 2936 1367 3003 τὴν
1391 2938 1493 3004 γῆν
1520 2936 1746 3005 ἐπέτρε-

174 3042 279 3077 πεν
306 3023 636 3093 ἀνορύττειν.
666 3018 741 3077 Οῧ
766 3023 861 3076 καὶ
885 3028 1176 3094 γενομένου
1203 3026 1434 3093 στάμνος
1458 3028 1652 3099 εὑρέθη
1683 3031 1743 3083 ού

172 3118 377 3185 χρυσὸν
411 3116 557 3170 ἔνδον
610 3117 926 3191 κρύπτουσα
955 3115 990 3184 ἦ
1019 3133 1071 3168 τι
1104 3115 1233 3170 ἄλλο
1262 3119 1501 3176 τοιοῦτον
1534 3118 1644 3177 οἷον
1678 3124 1743 3174 ἂν

1850 2012 2078 2066 reddere
2110 2012 2476 2072 manifestam.
2521 2024 2576 2066 et
2613 2013 2761 2065 illius
2804 2014 2983 2065 lucem
3017 2029 3219 2079 ponere
3255 2028 3421 2077 super

1848 2106 2263 2169 candelabrum,
2293 2116 2347 2158 et
2378 2106 2691 2159 evidentem
2726 2108 2845 2174 ejus
2874 2106 3104 2160 reddere
3133 2107 3409 2160 virtutem.

1848 2197 1944 2250 Illo
1970 2206 2150 2250 autem
2185 2207 2431 2264 tempore
2464 2198 2705 2265 agricola
2734 2200 2955 2265 quidam
2983 2198 3247 2265 praedium
3274 2213 3409 2266 Ope—

1849 2304 1997 2351 rans,
2032 2290 2219 2342 multis
2248 2290 2444 2343 diebus
2492 2290 2629 2342 vidit
2662 2290 2935 2343 ﬂammam
2967 2302 3171 2343 eterra
3215 2291 3415 2344 emitti.

1850 2383 1977 2435 Erat
2011 2398 2139 2435 vero
2172 2384 2395 2435 emissio
2428 2384 2711 2442 continua,
2742 2394 2794 2435 et
2828 2399 3108 2451 nunquam
3138 2385 3413 2437 desinens.

1847 2475 1949 2528 Hic
1982 2490 2133 2541 ergo,
2169 2485 2225 2526 ut
2257 2477 2345 2541 qui
2370 2484 2513 2528 esset
2546 2475 2808 2542 agricola,
2845 2476 2982 2527 nihil
3029 2477 3213 2531 valens
3243 2478 3409 2546 conji-

1848 2582 1972 2620 cere
2004 2568 2187 2625 altius.
2242 2568 2565 2633 episc0pum
2616 2568 2857 2620 civitatis
2904 2568 3196 2633 accedens,
3240 2570 3288 2622 id
3326 2587 3414 2622 re-

1848 2660 2081 2711 nuntiat.
2117 2659 2206 2710 llle
2243 2670 2422 2711 autem
2456 2674 2520 2711 ex
2569 2673 2633 2711 eo
2663 2659 2809 2725 quod
2845 2660 3165 2727 apparebat.
3205 2661 3410 2715 intelli-

1846 2765 1977 2820 gens
2004 2765 2257 2818 magnum
2289 2750 2418 2818 quid
2466 2752 2787 2819 significari,
2821 2766 2946 2805 cum
2998 2769 3097 2806 suo
3147 2754 3294 2806 clero
3319 2770 3409 2807 ve-

1848 2842 2005 2895 niens
2034 2842 2097 2893 ad
2131 2843 2336 2902 locum,
2378 2851 2433 2894 ut
2467 2858 2560 2909 par
2594 2853 2733 2903 erat,
2768 2843 2905 2895 facta
2934 2846 3207 2905 oratione,
3254 2846 3415 2912 jussit

1850 2940 2049 2985 terram
2102 2931 2307 2983 fodere.
2354 2932 2508 2994 Quod
2568 2946 2690 2983 cum
2744 2932 2946 2984 factum
2982 2944 3147 2995 esset,
3197 2935 3415 2987 inventa

1846 3034 1929 3077 est
1959 3038 2114 3083 urna,
2151 3040 2257 3074 non
2284 3038 2475 3075 aurum
2507 3024 2712 3084 celans,
2744 3034 2839 3075 aut
2864 3024 3067 3092 aliquid
3101 3024 3248 3077 aliud
3270 3029 3419 3096 ejus-

1849 3117 2015 3177 modi,
2044 3117 2187 3183 quod
2226 3116 2397 3183 possit
2440 3119 2753 3169 demulcere
2786 3120 3029 3170 animum
3060 3129 3414 3173 ornamento-

176 3208 507 3276 φιλόκοσμον
530 3207 689 3279 θέλξῃ
720 3207 920 3277 ψυχὴν,
962 3206 1098 3260 ἀλλὰ
1126 3210 1309 3278 τίμιόν
1346 3231 1398 3265 τι
1418 3220 1607 3285 χρῆμα
1648 3220 1740 3270 καὶ
1768 3240 1810 3301 C

1768 3240 1810 3301 C
1850 3223 1969 3260 rum
2020 3208 2302 3273 cupidum,
2351 3208 2444 3260 sed
2499 3222 2611 3261 rem
2679 3208 2973 3275 quamdam
3024 3211 3313 3276 pretiosam
3361 3220 3412 3262 et

171 3302 267 3352 τοῦ
299 3301 494 3362 παντὸς
518 3300 686 3367 ἄξιον,
708 3301 806 3369 τὴν
838 3300 1138 3373 σεεασμίαν
1168 3302 1245 3371 τῷ
1270 3303 1382 3356 ὄντι
1417 3305 1508 3357 τοῦ
1534 3306 1739 3360 Βατττιο

173 3390 301 3442 ατοῦ
333 3392 590 3461 κεφαλήν.

245 3480 344 3535 1Ε’.
375 3482 585 3552 Ταύτης
647 3483 918 3552 πανταχοῦ
974 3485 1379 3558 διαδραμούσης
1427 3491 1523 3558 τῆς
1552 3492 1740 3561 φήμης

168 3576 347 3636 οὐδεὶς
376 3571 441 3643 ἦν
471 3574 618 3635 ὅστις
649 3570 789 3626 οἴκοι
814 3575 1015 3643 παρῆν,
1042 3576 1179 3628 ἀλλὰ
1197 3579 1515 3649 παμπληθεὶ
1539 3584 1737 3644 πάντες

166 3668 311 3732 πρὸς
369 3668 464 3734 τὴν
519 3665 647 3719 θέαν
688 3666 976 3736 συνέρρεον
1005 3684 1018 3698 ·
1058 3668 1147 3736 ὑφ’
1175 3664 1252 3722 ὦν
1278 3671 1310 3740 ὴ
1340 3674 1497 3739 τιμία
1529 3673 1737 3741 κεφαλὴ

167 3762 307 3829 αὕτη
348 3761 441 3810 σὺν
477 3759 625 3830 πάσῃ
646 3759 923 3829 δοξολογίᾳ
945 3760 1039 3813 καὶ
1076 3763 1243 3824 αῐνοις
1276 3763 1421 3815 ἔνδον
1456 3766 1737 3833 εἰσάγεται

165 3852 263 3903 τοῦ
302 3850 451 3904 ναοῦ.
490 3849 641 3903 Ἐπεὶ
666 3850 723 3903 δι
755 3853 846 3903 καὶ
877 3854 908 3918 ἡ
937 3852 1184 3920 μακαρία
1220 3854 1491 3923 Ματρώνα
1525 3858 1737 3925 σύναμα

165 3938 371 3999 πάσαις
414 3940 530 3997 ταῖς
587 3938 947 4005 μοναξούσαις
1001 3940 1139 3993 κατὰ
1188 3940 1315 3994 θέαν
1336 3944 1428 3995 τοῦ
1482 3946 1737 4011 φανέντος

164 4027 372 4095 παρῆν,
399 4026 669 4095 προσῆλθε
696 4044 775 4091 τε,
807 4028 901 4079 καὶ
934 4028 1027 4080 τοῦ
1058 4032 1411 4099 προκειμένου
1441 4033 1537 4101 τῆς
1570 4052 1738 4102 κεφα-

164 4116 266 4184 λῆς
298 4115 536 4185 ἠρύσατο
593 4117 787 4185 μύρου,
849 4118 1131 4185 μετάδοσις
1164 4120 1329 4173 αὑτοῦ
1374 4126 1467 4173 καὶ
1498 4125 1735 4191 ἀκούσης

160 4210 370 4279 ταύτης
399 4210 535 4279 πρὸς
569 4210 694 4271 τοὺς
726 4211 997 4279 παρόντας
1025 4211 1253 4277 ἐγίνετο.
1280 4213 1467 4276 Ὅπως
1497 4215 1553 4267 δὲ
1580 4216 1734 4269 τοῦτο

162 4304 260 4355 καὶ
291 4300 426 4370 πρὸς
455 4300 508 4352 τί
537 4300 822 4353 συνωθείτο
846 4303 996 4372 παρα
1020 4303 1155 4356 Θεοῦ
1187 4306 1247 4356 τὸ
1278 4306 1531 4360 ἀκούσιον
1564 4326 1736 4379 προσ-

162 4395 314 4464 έχειν
343 4396 370 4446 ό
390 4393 544 4461 λόγος
576 4392 717 4446 ὥστε
746 4394 939 4462 μαθεῖν
969 4395 1111 4462 ὑμᾶς
1140 4396 1409 4464 βούλεται.
1450 4402 1603 4455 Κατὰ
1633 4403 1731 4471 μέ-

163 4500 261 4536 σου
301 4486 408 4552 γὰρ
457 4483 550 4536 τοῦ
586 4483 823 4552 πλήθους
865 4485 1241 4555 ἀποληφθεῖσα
1275 4490 1369 4541 καὶ
1407 4491 1481 4559 μὴ
1518 4509 1728 4561 συγχω-

1848 3302 2069 3354 maximi
2134 3302 2464 3363 faciendam,
2519 3317 2716 3369 nempe
2769 3303 3002 3355 maxime
3039 3303 3413 3357 venerandum

1846 3403 2012 3459 caput
2035 3392 2261 3444 Joannis
2286 3394 2539 3460 Baptista!
2572 3395 2649 3457 (1)

1918 3482 2033 3534 λγ.
2066 3482 2200 3535 Cum
2236 3484 2346 3536 haec
2371 3485 2508 3535 fama
2537 3485 2589 3536 in
2626 3498 2841 3536 omnem
2885 3494 3096 3551 partem
3130 3484 3404 3553 pervasis-

1843 3582 1947 3635 set,
2000 3574 2186 3625 nullus
2238 3573 2383 3625 domi
2426 3573 2778 3635 remanebat;
2827 3573 2921 3625 sed
2967 3589 3091 3625 cum
3150 3575 3407 3628 universa

1841 3666 2195 3717 multitudine
2224 3665 2574 3716 conﬂuebant
2609 3680 2800 3717 omnes
2823 3666 2890 3717 ad
2919 3666 3297 3733 spectaculmn
3326 3681 3339 3728 ;
3380 3681 3406 3716 a

1840 3756 2040 3823 quibus
2072 3756 2173 3807 hoc
2210 3757 2584 3807 venerandum
2617 3765 2779 3823 caput
2832 3772 2954 3808 cum
2984 3758 3133 3809 omni
3160 3757 3323 3809 laude
3352 3767 3408 3809 et

1839 3846 2231 3916 glorificatione
2252 3846 2303 3899 in
2330 3848 2591 3915 templum
2626 3847 3016 3901 introducitur.
3056 3848 3192 3901 Cum
3219 3856 3402 3901 autem

1842 3941 2083 3996 Matrona
2116 3955 2238 3993 cum
2280 3940 2535 3991 omnibus
2569 3940 2853 3992 monachis
2902 3940 3246 3995 interfuisset
3286 3956 3409 4008 spe-

1837 4033 2051 4085 ctaculo
2077 4033 2212 4101 ejus,
2252 4032 2397 4099 quod
2434 4040 2788 4099 apparuerat,
2825 4034 3061 4085 accessit
3111 4041 3165 4085 et
3218 4033 3407 4087 hausit

1837 4140 1902 4177 ex
1936 4133 2213 4191 unguento
2254 4124 2471 4190 capitis,
2506 4124 2652 4191 quod
2705 4132 2825 4175 erat
2868 4124 3237 4191 propositum.
3271 4125 3405 4193 Ejus

1836 4215 2268 4269 communicatio
2316 4214 2455 4266 facta
2492 4223 2598 4273 est,
2634 4227 2695 4265 ea
2757 4212 2927 4265 etiam
2979 4213 3171 4276 invita,
3205 4212 3271 4266 iis
3306 4214 3403 4283 qui

1836 4306 2085 4360 aderant.
2115 4306 2409 4369 Quomodo
2450 4315 2633 4357 autem
2662 4315 2718 4358 et
2749 4320 2850 4358 cur
2884 4306 2990 4359 hoc
3019 4319 3081 4358 ea
3113 4305 3287 4358 invita
3320 4306 3404 4359 fa-

1836 4404 1984 4449 ctum
2016 4374 2106 4454 sit,
2138 4394 2191 4447 id
2221 4396 2368 4462 quod
2395 4394 2689 4448 dicendum
2723 4405 2828 4457 est,
2852 4395 2969 4448 vult
3000 4410 3096 4448 vos
3119 4394 3403 4449 attendere

1835 4493 1890 4539 et
1922 4486 2159 4540 discere.
2186 4485 2243 4537 In
2275 4485 2454 4537 media
2478 4486 2626 4537 enim
2676 4486 2979 4554 intercepta
3014 4485 3399 4547 multitudine,

166 4576 403 4645 ρουμένη
431 4576 525 4645 τὴν
559 4574 751 4640 ἔξοδον,
784 4575 856 4638 ὡς
887 4578 1103 4631 πάντων
1139 4578 1275 4649 πρὸς
1308 4580 1364 4633 τὺ
1394 4581 1574 4635 λαϐεῖν
1603 4586 1729 4636 ἑαυ-
1764 4575 1807 4633 Ι)

1764 4575 1807 4633 D
1835 4595 1959 4635 cum
2001 4580 2051 4634 ei
2094 4594 2203 4632 non
2249 4580 2649 4634 concederetur
2685 4580 2891 4641 exitus,
2926 4588 3118 4646 utpote
3144 4579 3292 4648 quod
3342 4586 3399 4631 ut

162 4670 288 4731 τοὺς
315 4667 701 4731 είσωθούντων,
739 4667 797 4731 ἐξ
831 4662 999 4739 οὗπερ
1034 4669 1169 4741 αὔτη
1200 4673 1391 4740 εἴληφε
1435 4676 1607 4744 μύρου
1638 4680 1727 4730 καὶ

160 4763 278 4823 τοῖς
308 4759 487 4821 ἄλλοις
506 4758 845 4828 ἠναγκάζετο
864 4763 1159 4813 κοινωνεῖν.
1202 4760 1293 4815 Ἐν
1330 4763 1385 4815 δι
1415 4764 1489 4833 τῷ
1517 4766 1727 4819 διαδοῦ-

161 4869 251 4908 ναι
278 4850 483 4921 ταύτην
513 4850 687 4919 πηρός
716 4866 798 4913 τις
818 4849 914 4913 τὰς
933 4850 1085 4919 δψεις
1115 4853 1177 4905 lx
1202 4855 1429 4923 γενετῆς
1452 4858 1729 4927 παραδρα-

165 4946 285 5016 μὼν
313 4946 537 5008 πάντας,
573 4938 713 5014 ἦσαν
746 4942 855 5012 γὰρ
882 4943 976 4995 καὶ
1003 4943 1113 4997 τῶν
1138 4944 1327 5015 ίερίων
1357 4947 1499 5009 τινες
1537 4948 1585 4999 οἶ
1634 4951 1727 5001 καὶ

160 5038 263 5107 τὴν
290 5037 385 5090 τοῦ
418 5035 563 5089 θείου
611 5033 787 5105 μύρου
817 5034 939 5087 τότε
990 5034 1228 5089 διάδοσιν
1252 5039 1550 5103 ἐποιοῦντο,
1589 5042 1726 5110 πρδς
1758 5034 1765 5043 ’

162 5132 334 5198 αὐτὴν
372 5124 496 5200 ἧκε,
538 5126 705 5189 πολὺς
752 5125 1070 5196 ιγκείμενος
1099 5131 1221 5191 ταῖς
1257 5130 1528 5200 δεήσεσιν.
1568 5130 1633 5188 Ἥ
1672 5134 1728 5187 δὲ

159 5221 241 5293 τῷ
262 5221 428 5291 τιμίῳ
477 5218 632 5289 μύρῳ
654 5218 779 5281 τοὺς
805 5216 1009 5281 τύπους
1038 5218 1149 5270 τῶν
1183 5220 1358 5289 δψεων
1396 5223 1726 5291 ιπιχρίσασα

160 5312 504 5383 παραχρῆμα
528 5311 706 5379 φωτὸς
739 5310 917 5363 ιποίει
953 5308 1149 5380 θεατὴν
1177 5311 1269 5365 τὸν
1297 5311 1491 5367 οὔποτε
1536 5316 1728 5384 πρότε-

232 5526 310 5596 (1)
340 5523 472 5590 Ουτοι
500 5522 591 5596 hic
622 5523 689 5577 de
741 5523 1059 5596 inventione
1123 5527 1319 5595 capitis
1384 5528 1441 5583 S.
1483 5531 1711 5586 Joannis

158 5593 437 5666 Baptistze,
458 5593 657 5666 eadem
686 5602 880 5666 testata
899 5593 1214 5666 relinquunt
1252 5597 1596 5655 Marcellinus
1624 5616 1715 5655 co-

158 5664 275 5722 mes
302 5667 356 5720 in
385 5665 603 5727 Chron.,
638 5664 779 5717 Beda
812 5665 865 5717 in
918 5664 1082 5719 Marci
1124 5682 1244 5734 cap.
1292 5684 1370 5733 ν-ι,
1413 5679 1467 5722 et
1494 5672 1588 5723 lib.
1643 5673 1715 5724 De

158 5753 247 5791 ac;
282 5744 451 5799 αξιοι..
486 5736 602 5789 Ado
629 5735 676 5788 in
707 5734 899 5789 Chron.
948 5743 1003 5789 et
1051 5736 1181 5801 alii;
1216 5739 1307 5791 scd
1349 5748 1536 5793 errant
1582 5751 1719 5795 teste

160 5806 416 5869 Baronio,
454 5807 505 5857 in
545 5814 810 5871 tempore,
850 5821 973 5858 cum
1006 5822 1071 5859 ex
1105 5806 1321 5861 Sowm.
1356 5807 1487 5865 "ist.
1526 5812 1717 5871 Iib.vt,

160 5892 281 5947 cap.
314 5876 405 5947 21,
442 5875 710 5945 Prospero
745 5877 800 5931 in
832 5874 1023 5933 Chron.
1085 5876 1311 5945 Niceph.
1352 5880 1445 5937 lib.
1476 5895 1569 5946 ιιι,
1601 5895 1720 5945 cap.

1834 4677 2168 4744 acciperent,
2220 4690 2411 4727 omnes
2464 4691 2521 4728 sc
2576 4675 2927 4728 intruderent
2979 4691 2990 4726 :
3033 4689 3098 4727 ex
3132 4689 3219 4732 eo.
3252 4671 3399 4741 quod

1833 4776 2137 4834 acceperat,
2167 4776 2442 4833 unguento
2477 4774 2663 4818 coacta
2686 4772 2771 4817 est
2792 4767 2913 4817 aliis
2945 4764 3236 4833 impertiri.
3260 4764 3397 4816 Dum

1833 4862 2015 4907 autem
2070 4868 2131 4905 ea
2183 4853 2564 4914 distribueret,
2621 4852 2845 4921 quidam
2903 4852 2970 4905 ab
3015 4862 3140 4905 nrtu
3198 4866 3397 4917 cacus,

1833 4960 2025 4999 omnes
2057 4954 2489 5012 praetereurrens
2518 4945 2697 5012 (erant
2726 4944 2875 4997 enim
2903 4952 3034 4996 tunc
3061 4941 3285 5010 quidam
3311 4956 3399 4994 sa-

1832 5041 2103 5101 cerdotes,
2132 5037 2227 5105 qui
2269 5036 2441 5089 divini
2486 5036 2743 5104 unguenti
2791 5034 3065 5087 faciebant
3112 5033 3384 5086 distribu-

1831 5131 2080 5199 tionem).
2111 5130 2263 5183 venit
2315 5127 2381 5180 ad
2420 5128 2613 5194 ipsam,
2647 5126 2814 5179 valde
2869 5126 3081 5178 instans
3115 5123 3392 5191 precibus.

1828 5227 1923 5283 Illa
1950 5239 2082 5278 vero
2113 5236 2236 5275 cum
2268 5218 2511 5287 pretioso
2537 5229 2820 5285 unguento
2844 5217 3035 5271 oculos
3067 5213 3395 5275 inunxisaet,

1828 5332 1954 5373 eum
1992 5316 2121 5369 fecit
2151 5315 2327 5366 lucem
2378 5310 2634 5380 protinus
2670 5308 2901 5373 intueri,
2937 5308 3032 5376 qui
3065 5314 3226 5359 antea
3257 5319 3385 5358 nun~

1819 5528 2183 5593 L9;Cedren.
2216 5529 2271 5581 in
2296 5524 2599 5595 Compend.
2648 5539 2736 5577 an.
2786 5524 2835 5595 κδ,
2882 5516 3343 5595 Theodosiiﬂiupp.
3383 5554 3392 5573 ς

1823 5587 1997 5666 εἰς’ἱι).
2039 5600 2091 5652 in
2130 5598 2328 5653 Chron.
2352 5587 2446 5649 an.
2475 5597 2602 5658 392,
2638 5604 2693 5648 et
2753 5594 2871 5645 aliis
2901 5599 3134 5667 constet,
3167 5587 3393 5667 Valente.

1823 5659 2153 5739 imperante,
2187 5671 2328 5721 idem
2394 5670 2699 5739 inventum,
2755 5674 2813 5715 et
2841 5678 2868 5713 a
2890 5659 3229 5739 .Th‘eodosio‘
3261 5659 3391 5721 imp.

1824 5729 2356 5807 ConstantinOpolnn
2390 5752 2535 5788 anno
2569 5737 2691 5807 3391,
2732 5742 2788 5785 ut
2812 5735 2924 5807 vult
2958 5729 3396 5807 llaron.,_tﬂrans:

1830 5794 1999 5864 latum
2048 5794 2229 5861 fuerit.
2281 5809 2518 5861 Consule
2572 5794 2692 5855 Bar.
2736 5804 2988 5865 Annam,
3048 5815 3134 5853 an.
3188 5794 3395 5860 59l,ct

1833 5892 1987 5936 notas
2013 5882 2067 5936 in
2099 5881 2321 5941 Murtqr.
2359 5877 2536 5941 Rom,
2570 5875 2638 5928 ‘29
2670 5875 2801 5941 Aug.
2833 5872 2877 5926 t5.
