4214 6444
225 416 336 483 969
1301 417 1481 476 VITA
1525 416 1586 475 S.
1644 414 2018 476 DANIELIS
2060 414 2425 477 STYLITIE.
2896 429 2901 433 ’
3390 423 3494 485 970

230 538 472 607 έρχεται.
506 536 661 591 Μετά
689 536 865 590 ταῦτα
892 535 948 589 δὲ
980 535 1204 606 πέμψας
1227 535 1371 589 κατὰ
1392 538 1482 589 ιγτά
1514 534 1808 605 αἰτηθέντα
1837 537 1884 596 Α

1837 537 1884 596 Α
1912 532 2098 589 Ιοοιιίιο
2126 536 2295 605 petita
2326 545 2507 601 erant,
2545 536 2644 589 tria
2672 537 2872 606 templa
2900 551 2994 591 rex
3021 541 3270 593 construi
3302 541 3493 611 jussit,

229 633 260 683 ό
291 630 542 699 βασιλεὺς
572 631 719 699 τρεῖς
752 629 917 691 ναοὺς
942 629 1290 700 ᾠκοδόμησε,
1320 627 1414 681 δύο
1448 628 1548 697 μὲν
1581 628 1673 688 οὓς
1704 630 1808 681 αὐ-

1915 629 2027 682 duo
2079 630 2341 682 nimirum
2384 644 2506 697 qua:
2531 638 2752 684 sanctus
2782 629 3215 699 desideraverat,
3270 636 3495 689 tertium

226 720 316 782 se;
347 722 376 773 ό
412 719 584 788 μέγας
643 719 864 789 εἴρηκεν
933 717 1307 789 Ἀμφιλόχιος,
1344 717 1531 786 ἓτερον
1570 718 1627 770 δὲ
1667 720 1839 777 κατὰ,

1837 774 1839 777 ,
1914 728 2098 773 autem
2155 718 2461 772 secundum
2508 719 2845 774 voluntatem
2898 720 3172 775 Theoduli
3223 724 3499 778 archidia-

228 810 452 877 θέλησιν
498 809 791 861 Θεοδούλου
839 806 933 860 τοῦ
987 807 1391 878 ἀρχιδιακόνου,
1426 806 1519 859 καὶ
1550 806 1714 860 αὐτὸν
1751 809 1807 861 δὲ

1912 812 2060 876 coni,
2100 810 2309 880 pariter
2350 810 2449 865 Dei
2479 812 2763 881 sapientia
2808 825 3211 869 consecratum.
3239 816 3335 870 His
3366 818 3498 871 ardi-

225 902 316 955 ἰπ⁹
340 901 565 971 ὀνόματι
587 902 687 969 τῆς
715 901 810 954 τοῦ
838 899 978 954 Θεοῦ
1008 900 1203 969 σορίας
1225 900 1630 970 τετελεσμένον.
1651 900 1809 953 Ἐπεὶ

1913 903 2016 959 bus
2066 905 2384 967 exstructis,
2438 912 2662 958 sanctus
2690 905 3109 975 Amphilochius
3142 909 3373 983 accersit
3400 908 3498 961 Ba-

223 996 282 1050 δὲ
307 995 408 1066 ήδη
449 996 500 1048 ol
529 996 644 1047 ναοὶ
672 994 1045 1066 ᾠκοδόμηντο,
1083 993 1473 1065 μετακαλεῖται
1502 994 1593 1047 τὸν
1632 994 1807 1063 μέγαν

1912 996 2097 1049 silium
2153 994 2406 1064 Magnum
2446 996 2513 1049 ad
2555 994 2658 1049 ista
2695 997 2895 1065 templa
2941 996 3337 1068 inauguranda.
3388 998 3492 1063 Qui

226 1088 508 1141 Βασίλειον
545 1089 573 1141 ό
604 1088 746 1158 ἱερὸς
783 1087 1133 1158 Ἀμφιλόχιος
1188 1086 1274 1154 ἔφ’
1302 1079 1347 1154 ᾧ
1373 1088 1502 1149 τοὺς
1552 1102 1811 1156 νεουργη-

1912 1102 2037 1140 cum
2064 1101 2095 1141 e
2123 1086 2319 1142 morbo
2344 1102 2457 1156 quo
2486 1097 2599 1141 tum
2626 1098 2918 1159 correptus
2945 1098 3081 1155 erat,
3120 1092 3494 1145 reconvaluis—

228 1181 423 1245 θέντας
447 1182 677 1244 τούτους
706 1182 1018 1249 ἑγκαινίσαι
1037 1180 1222 1244 ναούς.
1265 1181 1323 1235 '0
1351 1181 1427 1245 δὲ,
1462 1180 1641 1233 καίτοι
1666 1179 1807 1249 νόσῳ

1913 1190 2014 1245 set,
2059 1181 2305 1247 advenit,
2342 1184 2791 1251 consecratisque
2834 1184 3111 1249 ecclesiis,
3148 1185 3208 1239 ﬁt
3234 1185 3490 1255 gaudium

226 1278 565 1343 κατάσχετος
589 1272 685 1340 ὢν,
710 1274 830 1327 ἀλλ’
856 1269 952 1327 οὖν
982 1274 1199 1343 ικείνης
1229 1273 1498 1341 κρείττων
1516 1272 1808 1341 γενόμενος

1911 1274 2199 1343 spirituale
2234 1283 2290 1330 et
2327 1274 2566 1345 Spiritus
2602 1279 2773 1331 sancti
2817 1277 3091 1332 custodia.
3130 1278 3353 1331 Duobus
3400 1278 3496 1331 ab—

225 1370 566 1437 ἀφικνείται,
617 1366 713 1419 καὶ
778 1366 1030 1437 καθιεροῖ
1080 1367 1205 1429 τοὺς
1234 1366 1417 1432 ναοὺς,
1476 1365 1807 1433 καὶγίνεται

1911 1364 2044 1419 hinc
2069 1365 2273 1434 elapsis
2298 1367 2460 1420 annis
2499 1367 2745 1421 Trinitas
2796 1383 3055 1437 magnum
3107 1367 3367 1421 Basilium
3414 1368 3487 1446 ad

224 1459 535 1529 εὐφροσύνη
569 1460 946 1528 πνευματικὴ,
988 1460 1085 1514 καὶ
1117 1458 1440 1528 Πνεὺματος
1494 1458 1655 1523 ἀγίου
1691 1460 1808 1510 ἑπι-

1915 1458 2182 1525 templum
2243 1474 2355 1513 non
2404 1461 2665 1515 manibus
2732 1460 2933 1514 factum
3002 1461 3276 1515 evocavit.
3324 1462 3492 1530 Cujus

229 1550 521 1619 σκόπησις.
573 1551 679 1603 Δύο
700 1552 756 1603 δὲ
787 1552 927 1621 μετά
946 1549 1121 1605 ταῦτα
1140 1551 1518 1619 παρελθόντων
1543 1549 1808 1603 ἐνιαυτῶν

1912 1558 2163 1603 sanctum
2214 1565 2416 1620 corpus
2466 1553 2559 1607 ubi
2592 1561 2813 1607 sanctus
2860 1552 3286 1621 Amphilochius
3330 1561 3491 1605 terra:

223 1643 317 1694 τὸν
353 1643 587 1711 μέγανή
625 1643 795 1712 Τριάς
834 1642 1118 1696 Βασίλειον
1147 1645 1226 1705 είς
1253 1644 1344 1697 τὸν
1392 1644 1808 1714 ἀχειροποίητον

1910 1642 2205 1708 commisit,
2238 1643 2463 1697 domum
2518 1645 2663 1698 redit
2694 1655 2751 1699 et
2786 1647 2864 1699 uti
2919 1647 3071 1715 prius
3103 1656 3490 1713 consueverat,

230 1733 619 1801 μετακαλεῖται
648 1733 797 1797 ναὸν,
830 1728 892 1785 οὗ
936 1734 998 1785 τὸ
1030 1732 1173 1798 ίερὸν
1205 1733 1380 1802 θάψας
1415 1734 1577 1803 σῶμα
1612 1734 1641 1785 ό
1667 1733 1809 1804 ἱερὸς

1911 1735 2141 1790 docendi
2191 1753 2420 1791 munere
2452 1738 2723 1807 fungitur.
2760 1739 3005 1793 Tandem
3045 1740 3227 1793 tribus
3258 1741 3419 1792 annis
3461 1757 3488 1793 a

238 1824 589 1893 Ἀμφιλόχιος
604 1826 790 1878 οἴκαδε
811 1826 976 1878 πάλιν
1000 1825 1273 1889 ὲπάνεισι,
1291 1826 1509 1894 καὶτῆς
1534 1828 1807 1897 προτέρας

1912 1841 2091 1883 morte
2128 1831 2308 1899 magni
2351 1831 2537 1885 Basilii
2570 1833 2960 1901 preterlapsis,
3004 1834 3120 1903 ipse
3169 1849 3387 1902 quoque
3423 1835 3488 1886 ad

224 1914 457 1969 ἅπτεται
488 1916 861 1979 διδασκαλίας.
900 1918 1059 1984 Τρισὶ
1085 1916 1142 1969 δὲ
1193 1918 1407 1986 χρόνοις
1439 1919 1667 1988 ὕστερον
1710 1919 1809 1989 τῆς
1839 1904 1887 1963 Β

1839 1904 1887 1963 Β
1917 1922 2209 1975 Dominum
2232 1924 2602 1993 transmigrat,
2638 1926 2930 1996 longorum
2959 1927 3323 1981 certaminum
3357 1942 3492 1997 pra:-

222 2008 319 2060 τοῦ
350 2010 586 2077 μεγάλου
606 2010 866 2076 τελευτῆς
892 2010 1179 2062 Βασιλείου
1210 2012 1303 2063 καὶ
1334 2011 1497 2073 αὐτὸς
1530 2012 1665 2080 πρὸς
1696 2011 1808 2065 Κύ-

892 2010 1179 2062 Βασιλείου
1210 2012 1303 2063 καὶ
1334 2011 1497 2073 αὐτὸς
1530 2012 1665 2080 πρὸς
1696 2011 1808 2065 Κύ-
1914 2012 2085 2065 mium
2126 2022 2532 2082 reportaturus.

226 2121 339 2174 ριον
372 2105 617 2173 ἑκδημεῖ,
646 2104 755 2157 τῶν
786 2103 1015 2174 μακρῶν
1071 2105 1252 2158 πόνων
1307 2104 1407 2169 τὰς
1451 2105 1687 2175 ἀμοιϐὰς
1718 2123 1806 2159 κου

227 2195 351 2264 μιού
361 2213 543 2263 μενος.

293 2287 372 2342 Θ’.
416 2288 482 2343 Ἦ
517 2291 707 2361 μέντοι
743 2291 896 2359 πόλις
931 2292 1119 2363 ὥσπερ
1143 2292 1237 2346 ἐπὶ
1269 2295 1423 2364 κοινῇ
1443 2312 1547 2347 τινι
1581 2295 1807 2364 συντρέ-

1985 2283 2076 2338 ΙΧ.
2105 2284 2313 2340 Civitas
2342 2296 2544 2354 autem,
2588 2297 2646 2340 ut
2691 2288 2742 2340 in
2772 2286 2990 2355 publica
3026 2286 3142 2342 ﬁeri
3176 2288 3315 2343 solet
3349 2289 3490 2344 cala-

223 2398 394 2449 χουσα
434 2385 691 2451 συμφορᾷ
726 2384 827 2435 οὐκ
874 2380 985 2453 εἶχε
1036 2385 1225 2454 πράως
1280 2386 1379 2455 τὴν
1410 2386 1504 2439 τοῦ
1548 2391 1806 2456 ποιμένος

1914 2378 2125 2442 mitate,
2150 2391 2478 2449 congregata
2502 2397 2609 2434 non
2640 2381 2800 2439 facile
2836 2382 2961 2435 tulit
2994 2384 3230 2451 pastoris
3252 2383 3485 2450 obitum,

225 2474 482 2543 στέρησιν
524 2477 790 2542 ἐνεγκεῖν,
822 2476 958 2529 ἀλλὰ
984 2476 1195 2547 ἀθυμίᾳ
1232 2478 1532 2547 συνείχετο,
1559 2478 1653 2529 καὶ
1679 2478 1808 2546 θρή-

1914 2473 2009 2527 sed
2042 2488 2276 2528 mmrore
2320 2484 2593 2543 correpta,
2629 2476 2683 2530 in
2736 2477 2988 2546 planctus
3031 2487 3088 2531 et
3126 2477 3380 2533 lacrimas
3413 2478 3490 2532 ef-

222 2582 335 2628 νοις
369 2564 652 2633 ὲκόπτετο,
690 2568 780 2618 καὶ
836 2566 1240 2621 συναποθέσθαι
1271 2567 1369 2629 τὰς
1390 2566 1566 2635 ψυχὰς
1605 2568 1806 2631 πάντες

1913 2562 2034 2617 fusa
2070 2574 2174 2630 est,
2218 2567 2291 2619 ita
2326 2567 2550 2633 quidem
2583 2577 2644 2620 ut
2691 2568 2876 2621 cuncti
2930 2582 3055 2621 cum
3111 2580 3331 2639 pastore
3372 2570 3491 2623 ani-

221 2660 300 2729 τῷ
343 2665 564 2729 ποιμένι
622 2661 959 2730 προῄρηντο.
1016 2662 1299 2730 Θάψαντες
1351 2657 1442 2715 οὖν
1475 2664 1713 2731 ἐντίμως
1744 2663 1804 2715 τὸ

1914 2671 2059 2708 mam
2095 2657 2379 2712 exhalasse
2411 2665 2687 2727 Optarent.
2714 2658 2849 2712 Cum
2895 2659 3080 2727 itaque
3119 2659 3255 2713 illud
3294 2675 3487 2715 revera

220 2754 403 2822 τίμιον
431 2755 607 2807 έκεῖνο
635 2754 853 2825 ἀληθῶς
887 2755 1047 2823 σῶμα
1082 2756 1175 2809 καὶ
1202 2755 1372 2809 πολλὰ
1393 2755 1605 2826 δάκρυα
1640 2773 1805 2810 κατα-

1915 2749 2233 2803 venerabile
2262 2766 2460 2819 corpus
2484 2750 2789 2805 honoriﬁce
2840 2750 3225 2820 sepelivissent
3264 2761 3320 2807 et
3350 2754 3488 2806 mul—

222 2850 451 2916 χέαντες
480 2847 631 2915 μόλις
660 2846 790 2899 ποτὲ
847 2847 1123 2900 πείθονται
1173 2849 1265 2900 τὸν
1298 2849 1470 2915 τάφον
1494 2849 1802 2904 ἀπολιπεῖν.

1916 2851 1997 2895 tas
2030 2840 2303 2896 fudissent
2357 2843 2646 2913 lacrymas,
2692 2843 2784 2897 vix
2844 2860 2871 2898 a
2904 2844 3158 2913 sepulcro
3200 2843 3486 2898 discedere

224 2937 426 2991 Πολλαὶ
460 2936 515 2988 δὲ
551 2937 873 3008 θεοσημεῖαι
927 2940 1102 3007 παρὰ,
1131 2939 1227 2992 τοῦ
1264 2939 1471 3002 εἰδότος
1499 2940 1624 3003 τοὺς
1651 2940 1810 3004 δοεά-

1914 2935 2320 2989 sustinuerunt.
2360 2935 2524 2988 Multa
2566 2946 2750 2989 autem
2788 2951 2818 2989 a
2862 2936 2971 2989 Deo
2999 2934 3093 3004 qui
3120 2935 3486 3005 gloriﬁcantes

221 3028 417 3092 ζοντας
442 3026 604 3080 αὑτὸν
656 3028 902 3093 δοξάζειν
938 3028 1076 3081 Θεοῦ
1117 3030 1326 3082 ὶκεῖθεν
1350 3031 1641 3099 γεγόνασιν
1670 3048 1683 3061 ·
1725 3033 1808 3085 ὅτι

1914 3026 2095 3097 ipsum
2138 3028 2293 3081 novit
2351 3028 2681 3098 gloriﬁcare,
2722 3027 2862 3081 facta
2899 3027 2976 3081 ibi
3027 3036 3156 3082 sunt
3200 3026 3484 3090 miracula,

220 3122 374 3192 αὐτῷ
408 3122 609 3194 πρέπει
644 3124 798 3176 πᾶσα
826 3121 975 3187 δόξα,
1004 3121 1141 3192 τιμὴ
1182 3124 1276 3177 καὶ
1306 3122 1680 3191 προσκύνησις
1708 3125 1807 3177 σὺν

1913 3122 2077 3191 eique
2103 3120 2337 3176 debetur
2360 3120 2539 3175 omnis
2578 3121 2773 3190 gloria,
2802 3120 2980 3174 honor
3001 3129 3056 3174 et
3087 3119 3337 3173 adoratio
3362 3135 3485 3171 cum

223 3214 305 3284 τῷ
353 3214 630 3284 μονογενεῖ
665 3214 779 3283 Υίῷ
826 3213 921 3265 καὶ
970 3213 1047 3283 τῷ
1097 3214 1353 3283 παναγίῳ
1392 3214 1668 3285 Ηνεύματι
1724 3216 1806 3279 είς

1914 3215 2201 3283 unigenito
2256 3212 2399 3267 Filio
2430 3222 2487 3269 et
2515 3212 2861 3268 sanctissimo
2906 3210 3117 3282 Spiritu
3150 3212 3205 3264 in
3263 3213 3482 3268 sarcula.

220 3308 353 3371 τοὺς
381 3307 603 3372 αίῶνας.
652 3308 847 3377 Ἀμήν.
1834 3304 1879 3365 C
1909 3305 2109 3359 Amen.

255 3519 3364 3558 Μ

811 3714 1590 3892 MENSIS
1669 3712 2899 3888 DECEMBEB.

1092 4142 1450 4257 ΒΙΟΣ
1526 4142 1803 4254 ΚΑΙ
1881 4136 2632 4256 ΠΟΛΙΤΕΙΑ

1425 4348 1564 4403 ΤΟΥ
1594 4347 1797 4402 ΟΣΙΟΥ
1830 4347 2102 4402 ΠΛΤΡΟΣ
2132 4346 2330 4401 ΗΜΘΝ

520 4500 1385 4677 ΔΑΝΙΗΛ
1425 4356 3173 4674 ἨίῖδῖξΤΡΞῗῩΥΑΙΤΟΥ.

1145 4901 1430 4992 VITA
1502 4900 1655 4988 ET
1727 4897 2573 4993 CONVERSATIO

1486 5083 1546 5142 S.
1612 5080 1890 5139 PATRIS
1930 5080 2217 5142 NOSTRI

860 5253 1756 5409 DANIELIS
1879 5253 2829 5409 STYLITXE.

653 5511 851 5576 (Latine
881 5513 1006 5575 apud
1041 5511 1242 5565 Surium
1274 5515 1332 5564 ad
1360 5513 1491 5563 diem
1518 5513 1572 5562 11
1626 5511 1933 5573 Decembris,
1985 5513 2155 5565 Grece
2191 5526 2253 5563 ex
2297 5515 2406 5563 cod.
2453 5525 2542 5561 ms.
2600 5510 2736 5571 1559,
2768 5524 2881 5561 sae.
2921 5514 3043 5575 xiv.)

296 5797 377 5852 A’.
410 5796 621 5864 Ὠσπερ
650 5795 743 5847 ἰπὶ
790 5793 898 5847 τῶν
929 5794 1197 5864 ἀριστέων
1229 5795 1431 5849 ὁπόταν
1463 5794 1594 5865 περὶ
1634 5794 1791 5847 πολέ-
1827 5804 1872 5857 ο

1827 5804 1872 5857 ι)
1971 5796 2013 5849 ι.
2045 5790 2515 5860 Quemadmodum
2584 5790 2719 5846 viris
2773 5789 3008 5847 fortibus
3065 5790 3348 5854 usuvenit,
3410 5798 3469 5843 ut

225 5904 348 5958 μων
374 5890 466 5942 καὶ
497 5888 721 5955 ἀγώνων
760 5889 854 5941 καὶ
884 5889 1160 5958 τροπαίων
1189 5906 1270 5953 τις
1323 5888 1658 5961 διαλέγηται,
1697 5890 1791 5945 αὖ·

1900 5886 2117 5959 quando
2148 5886 2271 5957 quis
2302 5885 2367 5939 de
2398 5883 2553 5940 bellis
2578 5892 2634 5939 et
2684 5883 3077 5939 certaminibus
3109 5897 3163 5936 ct
3218 5882 3462 5951 tropaeis,

489 5987 781 6055 ..ῐἈτιιοιη
812 5987 925 6049 Gn.
961 5985 1188 6050 CXVI.‘

3074 5977 3140 6040 31
