4214 6444
747 391 848 460 971

1898 384 2280 449 ADDENDA.
2325 409 2393 421 -
2427 384 2856 447 DECEMBER.

3923 387 4026 450 972

749 506 832 560 eis
864 503 1045 559 statim
1078 500 1354 558 excitetur
1385 498 1625 561 animus,
1665 505 1720 553 et
1757 509 1968 568 quaerat
2015 498 2314 552 instructas
2348 503 2391 560 Α

2424 497 2549 551 τίκα
2579 514 2636 549 τε
2661 498 2848 560 αὐτοῖς
2871 496 2904 566 ἡ
2927 495 3074 568 ψυχή
3098 497 3462 563 διανίσταται.
3508 503 3606 556 καί
3628 519 3735 557 που
3776 507 3878 560 καὶ
3911 525 4020 561 πα·

750 597 914 658 acies,
940 605 996 651 et
1024 610 1221 650 manus
1255 608 1550 649 conserere
1598 592 1824 662 cupiant
1882 603 2010 644 cum
2041 589 2316 651 hostibus,

751 695 805 742 et
822 703 929 757 quo
954 687 1110 757 plura
1133 686 1200 740 de
1233 685 1320 740 his
1342 689 1506 740 verba
1545 684 1662 739 fleri
1696 683 2030 748 audiverint,
2058 696 2126 736 eo
2147 681 2323 751 magis

751 779 1072 835 eiscrescit
1107 777 1462 840 desiderium,
1494 785 1548 832 et
1580 775 1704 830 talia
1736 774 1979 829 facinora
2014 772 2200 828 statim
2231 787 2323 840 ag-

753 871 904 942 gredi
982 871 1214 940 cupiunt
1264 888 1278 924 :
1354 871 1428 925 ita
1479 869 1643 924 etiam
1699 867 1917 921 virtutis
1961 863 2322 929 amatoribus,

755 967 886 1021 ιιιεὶ
923 964 1050 1034 quis
1077 964 1158 1017 eis
1187 972 1372 1018 narret
1407 964 1569 1027 vitas,
1605 976 1726 1031 qua
1773 960 1828 1015 in
1862 959 2163 1015 monastica
2194 973 2322 1014 ver-

755 1065 948 1111 salitur
978 1054 1396 1120 exercitatione,
1429 1065 1484 1108 et
1512 1068 1607 1122 per
1635 1068 1854 1107 omnem
1885 1051 2185 1122 pervadunt
2217 1051 2325 1105 vir-

757 1155 953 1210 tutem,
987 1161 1107 1214 qua:
1140 1146 1249 1199 Deo
1275 1145 1550 1210 conciliat,
1595 1145 1756 1199 simul
1792 1144 2220 1208 inﬂammantur,
2267 1151 2325 1198 et

757 1253 821 1291 ea
849 1237 1113 1306 cupiunt,
1172 1253 1293 1306 qum
1339 1245 1467 1291 sunt
1525 1237 1629 1290 sibi
1683 1235 2089 1298 convenientia,
2147 1243 2204 1290 et
2253 1234 2324 1288 ad

758 1346 1053 1394 summam,
1087 1330 1154 1384 iis
1189 1345 1308 1400 qua:
1339 1329 1624 1395 dicuntur,
1657 1338 1718 1383 ut
1743 1343 1864 1398 qua
1894 1329 2006 1384 sint
2034 1327 2141 1384 sibi
2198 1343 2327 1397 pro-

758 1424 898 1492 pria,
961 1423 1287 1488 afﬁciuntur,
1340 1433 1395 1476 et
1460 1437 1517 1477 se
1567 1430 1762 1491 parant
1817 1422 1884 1476 ad
1933 1421 2321 1476 imitationem.

760 1516 1115 1571 Admirabilis
1149 1515 1336 1586 itaque
1394 1516 1506 1569 vita
1565 1514 1729 1580 hujus
1761 1513 2017 1576 Danielis,
2056 1511 2322 1583 quemad-

763 1609 981 1662 modum
1015 1608 1100 1662 vel
1135 1624 1242 1662 non
1276 1608 1388 1662 sola
1419 1605 1654 1660 maxime
1704 1605 1907 1660 sufﬁcit
1940 1605 2008 1658 ad
2059 1604 2325 1670 animum,

759 1702 852 1771 qui
882 1712 1072 1766 captus
1099 1713 1183 1757 est
1209 1716 1392 1756 amore
1420 1701 1660 1767 virtutis,
1698 1702 1903 1770 majore
1959 1700 2077 1755 zelo
2129 1714 2330 1756 accen-

2419 590 2674 661 ρατάξεις
2733 591 3004 661 ἐπιζητεῖ,
3059 589 3155 645 καὶ
3186 591 3324 662 πρὸς
3356 593 3680 666 συμπλοκὴν
3727 597 4014 668 πολεμίων

2419 682 2566 753 ὁρμᾷ
2593 721 2607 745 ,
2642 682 2740 736 καὶ
2797 683 3015 755 ὅσῳπερ
3066 681 3133 737 ἂν
3184 683 3384 753 μᾶλλον
3450 687 3577 751 τοὺς
3627 687 3757 757 περὶ
3807 690 4021 743 τούτων

2419 771 2658 826 ἀκούωσι
2686 773 2897 842 λόγους,
2928 774 3023 828 ἐπὶ
3070 774 3234 831 πλέον
3287 793 3345 830 τε
3391 767 3573 832 αὐτῶν
3605 779 3639 848 ὴ
3664 781 3816 850 ὁρμὴ
3851 780 4018 846 αὔξε-

2421 883 2533 931 ται,
2586 865 2682 919 καὶ
2709 866 2965 919 τοιούτων
2993 866 3175 939 έργων
3199 869 3362 932 εὐθὺς
3391 871 3678 942 ὀρέγονται
3702 888 3718 904 ο
3748 871 3899 926 οὕτω
3927 875 4021 926 καὶ

2423 959 2515 1010 επὶ
2563 959 2672 1010 τῶν
2701 958 2801 1026 τῆς
2845 960 3052 1030 ἀρετῆς
3109 963 3359 1032 εραστῶν
3383 978 3396 993 °
3447 963 3515 1017 iv
3555 965 3906 1036 άσκητικούς
3935 983 4020 1029 τις

2423 1050 2606 1114 αὐτοῖς
2645 1050 2930 1122 διέρχηται
2966 1052 3113 1122 βίους
3150 1056 3245 1108 καὶ
3269 1055 3359 1110 διά
3390 1055 3572 1126 πάσης
3606 1057 3814 1129 ἀρετῆς
3845 1059 4016 1128 ἧκον-

2423 1160 2519 1206 τας
2549 1143 2746 1199 ὁπόσαι
2779 1144 2900 1214 Θεῷ
2920 1144 3238 1214 οἰκειοῦσιν,
3263 1147 3382 1217 ἅμα
3413 1165 3472 1202 τε
3504 1149 4017 1219 διαθερμαίνονται,

2424 1238 2519 1290 καὶ
2537 1236 2646 1291 τῶν
2670 1238 2874 1309 ὁμοίιον
2898 1238 3165 1308 έφίενται,
3195 1240 3290 1293 καὶ
3323 1241 3460 1303 ὅλως
3490 1241 3708 1304 οἰκείως
3738 1241 4014 1294 διατίθεν-

2421 1343 2515 1382 ται
2543 1329 2656 1393 τοῖς
2684 1328 3022 1398 λεγομένοις,
3051 1330 3148 1382 καὶ
3175 1330 3693 1400 παρασκευάζονται
3728 1333 3870 1404 πρὸς
3915 1331 4020 1399 τὴν

2426 1421 2682 1492 μίμησιν.
2726 1421 2785 1476 ’0
2809 1420 2941 1491 γοῦν
2970 1421 3066 1474 τοῦ
3101 1423 3411 1493 θαυμασίου
3435 1423 3627 1477 τούτου
3656 1422 3866 1494 Δανιὴλ
3901 1422 4015 1492 βίος

2426 1512 2543 1576 πῶς
2573 1513 2697 1584 οὐχὶ
2744 1515 2841 1569 καὶ
2875 1515 3034 1585 μόνος
3067 1515 3402 1580 ίκανὼτατός
3446 1519 3596 1570 εστιν
3626 1517 3836 1585 ἀρετῆς
3865 1514 4009 1584 δρῶ-

2429 1623 2528 1659 σαν
2557 1607 2736 1677 ψυχὴν
2787 1608 2868 1670 είς
2913 1606 3137 1659 πλείονα
3197 1607 3361 1678 ζῆλον
3395 1606 3685 1674 έκκαῦσαι,
3743 1610 3840 1660 καὶ
3879 1607 4016 1668 δλως

2430 1697 2601 1766 αὐτὴν
2631 1699 2850 1768 κινῆσαι
2879 1701 2974 1753 καὶ
2996 1698 3362 1765 καταθέλξαι;

761 1796 1026 1863 dendum,
1058 1807 1112 1851 et
1143 1798 1325 1866 ipsum
1359 1796 1584 1851 omnino
1642 1795 1971 1851 movendum
2006 1802 2064 1850 et
2117 1791 2568 1858 demulcendum,
2635 1800 2692 1847 et
2754 1792 3212 1848 suavissimorum
3275 1793 3522 1847 laborum
3602 1795 4015 1848 exercitationis

760 1889 1090 1944 aﬂ‘erendam
1125 1889 1479 1958 voluptatem,
1513 1905 1634 1959 qua:
1663 1903 1775 1943 non
1803 1889 1968 1944 habet
1990 1887 2294 1942 satietatem
2326 1885 2348 1940 ?
2380 1883 2500 1950 Quo
2546 1892 2634 1940 est
2657 1886 2808 1939 enim
2845 1885 3247 1951 admirabilior,
3284 1899 3352 1939 eo
3408 1895 3493 1940 est
3545 1885 3710 1940 etiam
3780 1885 4012 1939 utilior:

760 1993 818 2037 et
850 1984 1045 2052 siquis
1070 1999 1193 2038 eum
1243 1983 1474 2037 voluerit
1499 1983 1767 2047 aemulari,
1820 1985 1873 2035 in
1921 1980 2135 2036 modico
2185 1978 2437 2045 multam,
2471 1987 2528 2033 et
2555 1993 2680 2048 qua
2710 1993 2836 2033 cum
2905 1978 3097 2048 paucis
3179 1977 3416 2032 conferri
3497 1988 3700 2048 potest,
3767 1978 4016 2033 inveniet

763 2075 1020 2131 virtutem

835 2219 902 2274 11.
936 2220 1076 2274 Huic
1114 2235 1245 2290 ergo
1279 2219 1437 2272 beato
1465 2223 1638 2289 patria
1672 2217 1892 2289 quidem
1921 2228 2060 2283 erat,
2093 2231 2213 2286 qua:
2240 2215 2324 2269 in-
2354 2229 2396 2284 Β

2494 2211 2571 2265 B'.
2612 2208 2800 2278 Τούτῳ
2833 2207 3016 2262 τοίνυν
3047 2207 3126 2278 τῷ
3157 2208 3415 2279 μακαρίῳ
3442 2206 3643 2276 πατρὶς
3706 2205 3810 2278 μὲν
3844 2207 3878 2276 ή
3911 2205 4013 2275 τῆς

763 2320 848 2365 ter
877 2309 1211 2380 Euphratem
1238 2318 1292 2362 et
1315 2308 1521 2379 Tigrim
1550 2312 1673 2375 sita,
1702 2318 1759 2363 et
1791 2317 1893 2374 est,
1919 2316 1976 2364 et
2009 2307 2327 2361 nominatur

765 2403 1170 2474 Mesopotamia.
1213 2402 1384 2456 Natus
1436 2410 1521 2456 est
1567 2415 1748 2456 autem
1776 2401 1832 2455 in
1884 2398 2124 2470 quodam
2182 2399 2325 2464 vico,

765 2497 943 2553 vicino
962 2496 1082 2550 urbi
1112 2495 1537 2550 Samosatorum:
1564 2509 1775 2560 eorum,
1802 2492 1894 2563 qui
1913 2493 2024 2547 illic
2057 2490 2326 2557 habitant,

766 2588 947 2659 lingua
981 2603 1105 2640 eum
1129 2595 1284 2641 vocat
1311 2585 1574 2640 Maratlia.
1608 2585 1670 2639 Ei
1724 2593 1882 2654 pater
1930 2582 2151 2653 quidem
2209 2589 2330 2636 erat

764 2680 910 2742 Eliu,
945 2687 1118 2733 mater
1150 2693 1282 2732 vero
1310 2677 1520 2732 Martha
1553 2694 1568 2742 ;
1603 2677 1708 2730 fuit
1757 2684 1938 2730 autem
1993 2673 2084 2729 hic
2130 2672 2330 2728 modus

764 2773 1158 2844 coneeptionis.
1212 2770 1399 2826 Matris
1461 2771 1582 2841 ejus
1634 2778 1822 2824 uterus
1869 2776 1988 2823 erat
2033 2766 2328 2821 admodum

765 2881 990 2920 mancus
1012 2881 1075 2920 ac
1104 2864 1330 2919 mutilus
1353 2880 1370 2929 ;
1397 2871 1516 2918 erat
1536 2862 1682 2917 enim
1705 2859 1910 2917 sterilis
1932 2858 2001 2914 ad
2025 2857 2328 2913 liberorum

768 2958 1222 3030 procreationem.
1266 2956 1402 3012 Cum
1450 2955 1632 3026 itaque
1689 2953 1836 3007 mille
1881 2950 2097 3020 probris
2122 2965 2239 3003 eam
2272 2947 2328 3003 in

767 3053 885 3108 dies
919 3052 1318 3107 insectarentur
1347 3046 1597 3115 maritus,
1623 3045 1758 3113 noti,
1780 3043 2018 3114 cognati,
2053 3049 2108 3097 et
2137 3055 2330 3097 omnes

767 3147 884 3213 alii,
909 3158 964 3202 et
999 3147 1297 3201 liberorum
1336 3154 1626 3214 egestatem
1653 3142 1704 3196 ei
1748 3140 1944 3196 acerbe
1995 3138 2326 3210 objicerent,

766 3241 862 3295 illa
895 3238 962 3294 ab
988 3239 1068 3292 eis
1099 3237 1237 3292 male
1263 3235 1453 3291 aﬂecta
1484 3243 1539 3290 et
1567 3234 1732 3289 corde
1761 3231 2024 3297 cruciata,
2081 3229 2214 3300 quid
2250 3229 2329 3284 fa-

767 3335 884 3388 cit?
915 3330 1168 3400 Confugit
1197 3327 1263 3383 ad
1287 3342 1432 3393 eum,
1465 3327 1557 3396 qui
1584 3326 1701 3380 hac
1749 3331 1930 3394 potest
1985 3336 2220 3387 curare;
2275 3328 2332 3375 et

758 3427 909 3480 -clam
936 3424 1099 3478 domo
1130 3421 1309 3476 media
1331 3428 1487 3474 nocte
1511 3431 1751 3488 egressa,
1781 3429 1976 3469 manus
2021 3414 2078 3467 in
2128 3412 2329 3468 calum

767 3518 991 3581 tollens,
1021 3523 1078 3569 et
1110 3520 1310 3567 terram
1346 3510 1603 3580 laerymis
1627 3507 1894 3578 irrigans:
1923 3503 2153 3560 Domine
2187 3503 2326 3571 Rex,

2428 2301 2712 2373 Εὐφράτου
2764 2300 2860 2353 καὶ
2889 2298 3159 2369 Τίγρητος
3193 2299 3396 2368 μεταξὺ
3423 2298 3651 2368 κειμένη
3690 2298 3770 2350 Me
3783 2314 4013 2351 σοποτα-

2431 2394 2530 2465 μία
2564 2393 2681 2447 ἐστί
2705 2409 2765 2446 τε
2793 2392 2887 2447 καὶ
2920 2392 3136 2455 οίκείως
3168 2391 3605 2461 κατονομάζεται
3624 2407 3640 2422 ο
3671 2392 3729 2443 ιν
3754 2391 3926 2460 κώμῃ
3957 2392 4009 2442 δὲ

2425 2486 2669 2541 τίκτεται
2699 2484 2849 2540 πόλει
2879 2482 3082 2550 γείτονι
3112 2483 3441 2552 Σαμοσάτων
3461 2497 3474 2512 ⁶
3543 2482 3782 2554 Μαραθᾶ
3809 2483 4012 2549 ταύτην

2427 2581 2460 2650 ἡ
2485 2576 2754 2648 ίγχὼριος
2784 2575 3002 2643 γλῶττα
3031 2574 3211 2628 καλεῖ.
3245 2573 3435 2641 Τούτῳ
3467 2574 3647 2644 πατὴρ
3673 2575 3773 2642 μὲν
3802 2573 4007 2632 Ἥλιοὺ.

2432 2671 2616 2743 μήτηρ
2652 2669 2711 2722 δι
2743 2667 2943 2739 Μάρθα
2965 2683 2980 2699 ο
3008 2665 3207 2736 τρόπος
3237 2666 3291 2719 δὲ
3331 2666 3431 2736 τῆς
3483 2665 3804 2734 συλλήψεως
3837 2661 4011 2728 οὗτος.

2431 2762 2735 2831 Πεπήρωτο
2763 2759 2872 2830 γὰρ
2910 2760 3010 2829 τήν
3053 2758 3295 2827 γαστέρα
3345 2756 3592 2827 δεινῶςὴ
3650 2759 3864 2826 μήτηρ,
3911 2755 4006 2808 καὶ

2431 2853 2623 2923 στείρα
2649 2846 2719 2922 ἦν
2768 2849 2905 2921 πρὸς
2939 2847 3144 2902 παίδων
3167 2847 3355 2918 γονήν.
3396 2845 3631 2917 Μυρίοις
3657 2847 3752 2899 οὖν
3783 2846 4013 2899 ὀνείδεσι

2428 2939 2778 3009 καθεκάσ-την
2819 2936 3233 2991 ὑποϐαλλόντων
3268 2935 3440 3006 αὐτὴν
3492 2935 3709 3005 άνδρδς,
3727 2934 4008 3003 γνωστῶν,

2431 3029 2736 3100 συγγενῶν,
2769 3027 2879 3082 τῶν
2921 3027 3105 3082 ἄλλων
3143 3025 3422 3089 ἁπάντων,
3455 3025 3638 3092 ἐκείνη
3669 3023 3862 3086 κακῶς
3909 3024 4010 3075 ὑπὸ

2429 3126 2634 3180 τούτων
2671 3125 2956 3193 πάσχουσα
3010 3121 3102 3174 καὶ
3132 3120 3232 3192 τὴν
3277 3120 3504 3191 καρδίαν
3559 3117 3902 3188 όδυνωμένη,
3957 3118 4008 3169 τί

2431 3220 2608 3284 suout;
2646 3218 2789 3286 Πρὸς
2811 3215 2904 3268 τδν
2933 3213 3237 3283 δυνάμενον
3284 3210 3457 3264 ταῦτα
3487 3210 3814 3282 θεραπεύειν
3844 3226 4010 3263 καταο

2431 3311 2622 3381 φεύγει
2654 3307 2808 3373 Θεδν,
2844 3305 2939 3359 καὶ
2967 3305 3146 3375 λάθρα
3171 3304 3272 3375 τῆς
3299 3292 3478 3367 οίκῐας
3512 3303 3575 3355 lx
3605 3304 3788 3372 μέσων
3822 3301 4008 3362 νυκτὸς

2429 3400 2722 3466 δξελθοῦσα
2753 3397 2849 3451 καὶ
2893 3396 2995 3459 τὰς
3043 3399 3233 3466 χεῖρας
3275 3397 3356 3455 είς
3384 3394 3616 3465 οὐρανὸν
3652 3393 3860 3464 ἄρασα,
3912 3393 4007 3447 δά-

2429 3494 2597 3563 κρυσί
2630 3507 2693 3544 τε
2729 3490 2830 3561 τὴν
2854 3489 2961 3559 γῆν
2991 3488 3283 3559 βρέχουσα,
3309 3485 3486 3558 Κύριε
3515 3485 3760 3558 βασιλεῦ,
3795 3484 4004 3552 ελεγεν,

769 3576 1094 3679 ίηιιυίιξιιυί
1135 3603 1202 3658 ab
1234 3602 1391 3657 initio
1415 3576 1716 3656 masculum
1736 3576 1810 3654 vet
1841 3599 2098 3654 feminam
2130 3595 2330 3664 fecisti,
2359 3595 2404 3657 C

2433 3587 2461 3638 δ
2481 3584 2579 3655 τὴν
2602 3583 2776 3654 ἀρχὴν
2804 3582 2969 3652 ἄρσεν
2998 3581 3093 3634 καὶ
3135 3580 3266 3650 θῆλυ
3290 3579 3543 3648 ποιήσας,
3569 3581 3597 3631 ὁ
3629 3576 3822 3641 εἰπὼν,
3867 3594 3886 3628 ι
3906 3577 4008 3628 Δύ-

768 3703 863 3772 qui
882 3700 1088 3765 dixisti,
1115 3719 1132 3750 ι
1161 3696 1398 3754 Crescite
1421 3702 1477 3748 et
1504 3690 1976 3763 multiplicamini‘
2000 3707 2017 3756 ;
2056 3707 2075 3742 ι
2103 3689 2198 3760 qui
2227 3688 2328 3744 de-

767 3793 898 3847 disti
927 3793 980 3846 in
1011 3790 1294 3846 sterilitate
1327 3787 1472 3843 Sara:
1493 3784 1716 3856 quidem
1746 3783 1916 3848 Isaac,
1945 3782 2118 3837 Anna
2145 3790 2329 3835 autem

769 3885 1097 3948 Samuelem,
1133 3879 1460 3937 Elisabetbe
1511 3891 1641 3932 vero
1679 3876 1985 3935 Joannem;
2018 3881 2074 3926 tu
2107 3885 2329 3941 quoque

768 3992 904 4032 mea
937 3976 1131 4031 similis
1161 3973 1422 4028 miserere
1449 3967 1792 4048 calamitatis,
1821 3974 1877 4020 et
1905 3980 1991 4019 me
2013 3963 2322 4017 misericor-

770 4070 915 4124 diter
952 4069 1185 4131 intuere,
1219 4064 1440 4120 etsolve
1468 4060 1834 4124 sterilitatem,
1867 4066 1924 4110 et
1957 4055 2326 4125 auferoppro-

767 4161 974 4225 brium,
1017 4165 1071 4212 et
1103 4156 1306 4212 sterilis
1334 4155 1472 4208 uteri
1500 4152 1566 4207 da
1598 4151 1732 4205 mihi
1792 4149 2050 4210 fructum,
2085 4156 2148 4201 ut
2198 4159 2328 4199 eum

772 4267 993 4324 quoque
1027 4251 1122 4303 tibi
1163 4246 1411 4312 oﬂ‘eram,
1447 4231 1813 4314 qui'dederis,
1841 4239 2116 4310 quomodo
2150 4237 2330 4307 prisca

768 4347 924 4397 Anna
963 4339 1290 4396 Samuelem.
1320 4335 1454 4392 Cum
1495 4344 1604 4389 tam
1629 4334 1824 4389 acerbe
1846 4331 2087 4387 ﬂevisset
2122 4329 2178 4383 in
2198 4342 2333 4384 eon-

764 4435 998 4489 tritione
1028 4432 1276 4500 Spiritus,
1299 4428 1523 4481 domum
1550 4441 1740 4480 rursus
1761 4423 2089 4494 ingreditur,
2121 4429 2179 4476 et
2205 4435 2330 4475 cum

769 4541 965 4598 parum
993 4523 1363 4584 dormitasset,
1391 4520 1540 4574 videt
1577 4519 1638 4573 in
1652 4517 1861 4572 somnis
1884 4517 1994 4572 duo
2013 4515 2330 4581 luminaria,

775 4615 1034 4686 praeclara
1066 4609 1500 4682 pulchritudine,
1527 4606 1770 4677 ingentia
1837 4604 2234 4674 magnitudine,
2272 4601 2335 4656 (l-

773 4720 904 4776 gura
964 4716 1144 4757 autem
1199 4701 1350 4756 disco
1399 4699 1620 4753 similia.
1686 4696 1760 4750 Ea
1802 4694 2088 4750 videbatur
2143 4693 2333 4748 videre

772 4797 911 4851 coelo
942 4795 1132 4847 relicto
1183 4791 1387 4844 sensim
1454 4787 1859 4851 descendentia,
1918 4785 2156 4853 desuper
2213 4785 2333 4856 ejus

774 4890 1061 4946 imminere
1091 4887 1274 4953 capiti.
1304 4884 1440 4940 Cum
1465 4897 1622 4937 mane
1660 4891 1843 4937 autem
1873 4880 2225 4946 surrexisset,
2276 4885 2336 4934 et
2360 4918 2413 4978 Β

774 4983 970 5036 marito
1006 4979 1273 5032 visionem
1305 4986 1360 5030 et
1415 4976 1527 5031 suis
1563 4974 1808 5044 cognatis
1854 4971 2332 5037 communieasset,

773 5076 917 5129 alius
954 5072 1175 5144 quidem
1231 5068 1437 5139 aliquid
1488 5068 1634 5122 aliud
1687 5064 1903 5121 dicebat
1965 5071 2335 5128 eventurum;

774 5163 909 5220 illud
937 5178 1065 5218 vero
1090 5169 1209 5216 erat
1241 5158 1566 5230 significatio
1593 5158 1730 5228 ejus,
1783 5155 1929 5226 quod
1982 5169 2047 5209 ex
2100 5169 2165 5209 ea
2218 5161 2338 5208 erat

774 5266 1163 5323 processurum
1192 5249 1277 5304 vel
1308 5249 1441 5319 ipsis
1471 5248 1644 5303 stellis
1683 5246 1941 5301 lucidius.

845 5389 935 5444 Ill.
980 5389 1099 5443 Non
1141 5387 1374 5440 multum
1446 5383 1701 5454 temporis
1740 5381 2069 5447 intercessit,
2102 5389 2160 5434 ut
2207 5394 2334 5435 cum

773 5479 1131 5550 concepisset,
1191 5476 1406 5548 peperit
1447 5475 1667 5530 beatum
1694 5473 1994 5538 Danielum,
2053 5481 2116 5547 et
2173 5479 2334 5541 partu

774 5572 1026 5640 utrisque
1053 5583 1177 5622 mox
1222 5568 1508 5631 liberatur,
1574 5581 1769 5635 nempe
1819 5573 1876 5619 et
1918 5563 2226 5627 sterilitate,
2281 5570 2337 5616 et

773 5659 942 5715 animi
980 5657 1322 5727 aegritudine.
1365 5657 1488 5712 Haec
1547 5656 1705 5712 beato
1753 5653 1961 5710 Danieli
2011 5653 2135 5708 vita
2181 5651 2336 5707 fuere

850 5840 864 5871 ⁸
892 5835 1027 5892 Gen.
1056 5850 1096 5897 t,
1124 5833 1214 5888 28.

2433 3675 2655 3742 ξάνεσθε
2698 3676 2795 3728 καὶ
2858 3672 3193 3744 πληθύνεσθε
3238 3687 3254 3705 ·
3315 3673 3345 3726 δ
3399 3671 3523 3734 δοὺς
3572 3671 3758 3740 Σάρρᾳ
3791 3670 3894 3739 μὲν
3923 3670 4007 3722 τὸν

2444 3766 2650 3831 Ἰσαὰκ,
2680 3767 2849 3837 ’Δννῃ
2880 3764 2936 3818 ii
2966 3764 3057 3817 τὸν
3085 3761 3361 3834 Σαμουὴλ,
3405 3760 3686 3814 Ἐλισάδετ
3715 3760 3772 3812 δὲ
3828 3761 4007 3812 Ἰωάν-

2432 3876 2530 3931 νην
2549 3874 2565 3890 ο
2605 3858 2767 3921 αὐτὸς
2792 3852 2944 3920 οὗτος
2973 3855 3075 3925 τῆς
3106 3853 3296 3925 ὁμοίας
3327 3851 3553 3925 έλέησον
3601 3852 3752 3922 κάμὲ
3800 3868 4009 3920 συμφο-

2437 3952 2555 4022 ρᾶς,
2581 3951 2674 4003 καὶ
2702 3951 2838 4019 πρὸς
2887 3944 3068 4001 οἶκτον
3102 3946 3198 4011 ίδε,
3245 3945 3337 3998 καὶ
3371 3944 3473 4014 τὴν
3504 3943 3794 4014 στείρωσιν
3828 3942 4005 4005 λῦσον,

2433 4040 2643 4095 καὶτὸν
2691 4038 2996 4108 ὀνειδισμὸν
3046 4036 3237 4105 άφελε,
3273 4035 3371 4088 καὶ
3399 4033 3487 4097 δός
3519 4049 3610 4103 μοι
3648 4033 3746 4102 τῆς
3779 4033 4004 4086 ἀτέκνου

2432 4134 2640 4197 κοιλίας
2685 4133 2916 4204 καρπὸν,
2973 4134 3060 4185 ῐνα
3105 4129 3203 4184 καὶ
3238 4127 3426 4181 τοῦτόν
3479 4144 3559 4181 σοι
3618 4125 3694 4196 τῷ
3755 4125 4006 4178 δεδωκότι

2434 4226 2709 4296 προσάξω,
2741 4222 2991 4293 καθάπερ
3018 4224 3053 4292 ἡ
3074 4221 3203 4292 πρὶν
3235 4221 3402 4273 ’Δννα
3432 4219 3521 4272 τδν
3549 4216 3824 4287 Σαμουήλ.
3855 4217 4007 4272 Οὕτω

2433 4316 2646 4388 πικρῶς
2671 4317 2730 4369 εν
2763 4313 3019 4385 συντρισῇ
3057 4313 3366 4381 πνεύματος
3393 4303 3701 4371 κλὶύσασα,
3743 4310 3879 4360 εῐσω
3909 4308 4003 4361 πά-

2432 4411 2517 4463 λιν
2569 4410 2667 4477 τῆς
2726 4408 2903 4469 οξκίας
2965 4405 3167 4476 χωρεῖ,
3231 4403 3342 4456 καὶ.
3383 4401 3578 4471 μικρὸν
3628 4399 4004 4466 άφυπνώσασα

2433 4500 2725 4569 φωστῆρας
2754 4495 2848 4549 δύο
2859 4495 3146 4566 λαμπροὺς
3161 4494 3222 4546 τδ
3244 4492 3438 4557 κάλλος
3460 4492 3590 4561 δναρ
3618 4491 3742 4561 ὁρᾷ,
3761 4490 3824 4542 τὺ
3849 4490 4003 4560 μέγε-

2436 4590 2528 4655 θος
2565 4591 2876 4662 μεγίστους,
2897 4587 2960 4641 τδ
2989 4584 3178 4656 σχῆμα
3213 4585 3384 4656 δίσκῳ
3419 4583 3830 4654 προσεοικότας.
3872 4580 4000 4634 Τού-

2434 4699 2562 4746 τους
2579 4682 2754 4735 εδόκει
2783 4680 2870 4734 τὸν
2902 4679 3128 4750 οὐρανὸν
3169 4678 3429 4738 λιπόντας
3449 4716 3463 4741 ,
3494 4674 3679 4745 ἡρέμα
3711 4690 3768 4725 τε
3802 4674 4002 4726 ὑποκα-

2436 4775 2649 4834 τιόντας
2681 4773 2886 4826 ἄνωθεν
2912 4771 3081 4838 αὐτῆς
3112 4769 3251 4838 ὑπὲρ
3285 4767 3530 4836 κεφαλῆς
3554 4762 3838 4832 γενέσθαι.
3874 4764 4004 4816 Ἕω-

2439 4867 2530 4920 θεν
2557 4865 2650 4919 οὖν
2678 4864 2985 4934 άναστάσης
3032 4862 3125 4915 καὶ
3153 4859 3232 4929 τῷ
3279 4858 3434 4926 ἀνδρὶ
3469 4856 3568 4925 τὴν
3601 4855 3725 4923 δίαν
3757 4857 3858 4908 καὶ
3898 4856 4000 4915 τοῖς

2439 4957 2725 5027 συγγενέσι
2770 4953 3201 5022 κοινωσαμένης,
3232 4949 3389 5011 ἄλλος
3429 4949 3528 5018 μιν
3553 4946 3680 4998 ἄλλο
3699 4963 3753 4999 τι
3783 4947 3846 4997 τὸ
3875 4947 4002 4998 iuo-

2437 5048 2739 5120 δησόμενον
2770 5045 2948 5113 ελεγεο
2974 5043 3035 5096 τὸ
3054 5043 3109 5095 δὶ
3133 5042 3243 5111 ipa
3263 5039 3358 5094 τοῦ
3380 5037 3438 5104 ιξ
3455 5036 3623 5106 αὐτῆς
3644 5035 3785 5104 ὑπὲρ
3804 5034 4002 5102 ἀστέρα

2435 5139 2747 5212 λάμψοντος
2769 5136 3107 5208 προδήλωσις
3139 5127 3228 5204 ἦν.

2512 5369 2586 5424 Γ.
2620 5369 2693 5422 Οὐ
2723 5366 2856 5419 πολὺ
2880 5364 2941 5419 τδ
2990 5364 3047 5416 ιν
3102 5361 3269 5432 μέσῳ,
3302 5360 3396 5412 καὶ
3450 5355 3792 5410 συλλαϐοῦσα
3823 5354 4000 5407 τέτοκε

2441 5462 2531 5516 τὸν
2567 5458 2835 5531 μακάριον
2864 5455 3084 5524 Δανιὴλ,
3119 5453 3211 5506 καὶ
3261 5451 3369 5504 τῶν
3400 5448 3604 5502 ὠδίνων
3627 5447 3833 5514 άμφοίν
3871 5460 3998 5496 στει-

2445 5552 2659 5628 ρὼσεώς
2703 5567 2762 5603 τε
2798 5549 2889 5603 καὶ
2927 5546 3164 5615 ἀθυμίας
3212 5542 3372 5605 εὐθὺς
3419 5539 3738 5593 ἀπολύεται.
3770 5535 3998 5588 Τοιαῦτα

2441 5624 2520 5718 τῷ
2553 5642 2804 5717 μακαρίῳ
2834 5640 2903 5695 τὰ
2951 5637 3042 5692 τοῦ
3076 5637 3190 5706 βίου
3219 5633 3479 5705 προοίμια
3502 5647 3518 5665 ο
3563 5629 3708 5684 οὕτω
3737 5624 3997 5699 προῆλθεν
