4214 6444
260 384 368 448 973

1311 387 1491 448 νΙΤΑ
1538 387 1597 447 S.
1630 388 1996 450 DANIELIS
2035 392 2395 456 STYLITrﬁ.

3401 409 3503 470 974

247 504 329 559 εἰς
367 496 481 565 φῶς
508 497 569 549 τὸ
599 495 693 553 τοῦ
731 496 905 565 φωτὸς
938 496 1107 561 ὅντως
1147 498 1407 569 γέννημα.
1421 501 1693 579 ,Πέμπτου
1731 504 1824 572 μὲν

1888 511 1906 565 ι
1935 508 2235 573 prooemia:
2275 509 2355 561 sic
2380 508 2586 577 prodiit
2616 510 2671 562 in
2722 511 2900 567 lucem
2932 514 2977 569 is
3004 517 3097 585 qui
3138 529 3257 574 erat
3315 536 3506 577 revera

244 583 343 640 οὖν
373 589 401 641 6
426 590 555 650 παῖς
590 588 842 640 ἐπέϐαινε
874 589 1085 659 χρόνου·
1124 587 1279 641 οὔπω
1308 589 1362 641 δέ
1388 608 1531 652 τινος
1556 591 1691 660 πρὸς
1717 592 1827 643 τῶν

242 682 587 750 γεννητόρων
613 681 873 750 ὀνόματος
894 680 1113 750 ἠξίωτο,
1151 682 1245 735 ἀτε
1270 681 1335 752 δὴ
1363 684 1512 753 παρά
1537 683 1675 734 Θεοῦ
1732 685 1827 736 καὶ

240 769 402 822 τοῦτο
436 768 772 838 βουλομένων
793 770 870 839 τῷ
900 770 1051 824 παιδὶ
1080 770 1355 839 γενέσθαι,
1387 771 1577 842 ὥσπερ
1600 774 1707 843 ἀρα
1734 775 1825 827 καὶ
1862 775 1866 779 ’

239 860 344 932 τὴν
377 864 456 924 είς
488 861 580 915 τὸν
637 861 753 931 βίον
792 863 1156 933 παραγωγήν.
1226 864 1467 935 ’Ᾱπῆγον
1522 865 1620 934 μὲν
1647 860 1742 918 οὖν
1773 866 1823 918 οἱ

242 958 422 1022 γονεῖς
455 954 536 1018 είς
564 972 617 1007 τι
651 957 899 1025 σεμνεῖον
934 956 1026 1009 τὸν
1048 956 1215 1009 παῖδα
1252 972 1266 987 ⁸
1306 958 1617 1025 συναπῆγον
1646 957 1700 1009 δὲ
1730 960 1825 1013 καῖ⁹

240 1045 345 1098 ὅσα
378 1046 709 1117 προσφέρειν
759 1045 1005 1108 εὐσεϐεῖς
1040 1049 1221 1117 χεῖρες
1274 1047 1485 1116 φιλοῦσι
1524 1047 1663 1117 Θεῷ.
1697 1048 1763 1099 ἵν’
1795 1049 1823 1100 6

241 1134 387 1205 ἱερὸς
418 1135 583 1200 ὅντως
619 1140 713 1191 καὶ
760 1138 817 1189 εν
852 1137 984 1206 ίερῷ
1012 1137 1159 1207 τόπῳ
1190 1138 1289 1207 τήν
1329 1137 1523 1206 κλῆσιν
1574 1136 1814 1205 δέξηται.

240 1229 708 1301 Παραγενομένων
736 1227 829 1283 οὖν
860 1233 953 1285 καὶ
983 1229 1251 1297 λεγόντων
1288 1230 1365 1299 τῷ
1388 1230 1488 1300 τῆς
1518 1246 1814 1298 πνεύματι·

236 1324 341 1390 κῆς
378 1308 618 1391 μάνδρας
650 1323 1043 1392 προηγουμένῳ
1094 1322 1223 1376 ἀλλο
1268 1340 1321 1375 τι
1353 1323 1527 1391 ὄνομα
1555 1321 1632 1391 τῷ
1666 1321 1819 1375 παιδὶ

235 1414 435 1479 θεῖναι,
463 1413 649 1476 ἔνθους
677 1412 866 1483 ὥσπερ
906 1418 934 1468 6
983 1415 1126 1479 θεῖος
1157 1415 1295 1485 ἀνὴρ
1333 1416 1540 1477 ἐκεῖνος
1590 1415 1816 1483 γενόμε-

234 1521 350 1569 νος,
380 1504 537 1557 τοῦτο
587 1504 690 1574 ἔφη
749 1503 1072 1576 τεθήσεσθαι
1120 1505 1149 1558 6
1189 1506 1254 1559 ἂν
1284 1506 1311 1558 6
1367 1505 1570 1574 Κύριος
1600 1508 1816 1568 πάντως

234 1595 586 1666 ἀποκαλύψη”
623 1599 720 1651 καὶ
770 1597 887 1666 ἅμα
928 1597 1066 1667 πρὸς
1088 1600 1179 1651 τὸν
1210 1598 1373 1651 παῖδα
1413 1599 1612 1670 βλέψας
1653 1602 1817 1654 αὐτὸν

232 1688 299 1757 δὴ
332 1688 541 1751 τοῦτον,
568 1688 663 1739 τὸν
695 1688 894 1757 Δανιὴλ
924 1692 1085 1759 φημὶ,
1112 1688 1170 1741 ἓν
1195 1689 1412 1743 ἐκέλευε
1452 1690 1562 1743 τῶν
1586 1692 1650 1759 τῇ
1680 1708 1815 1760 τρα-

232 1777 377 1847 πέζῃ
408 1777 676 1845 κειμένων
695 1778 925 1845 ἀγαγεῖν
961 1779 1181 1847 βιϐλίων
1212 1778 1353 1848 (ἔθος
1376 1777 1483 1847 γὰρ
1510 1780 1694 1843 αὐτοῖς
1720 1780 1812 1834 τοῦ

1931 594 2076 653 fetus
2128 599 2373 653 luminis.
2420 601 2598 670 Atque
2645 617 2785 673 puer
2832 606 3054 673 quidem
3096 611 3349 677 quintum
3401 628 3505 667 an-

1930 704 2061 743 num
2086 693 2197 761 jam
2228 696 2503 762 attigerat,
2546 695 2790 750 nondum
2825 708 3006 752 autem
3026 701 3076 753 ei
3104 702 3271 755 ullum
3302 719 3501 758 nomen

1928 781 2109 836 fuerat
2136 784 2455 853 impositum
2492 802 2520 839 a
2553 789 2879 856 parentibus
2912 800 2971 844 ut
2993 793 3087 864 ιιμί
3126 794 3232 848 hoc
3278 812 3500 865 quoque

1926 870 1977 925 ei
2030 873 2233 928 vellent
2291 875 2406 928 dari
2464 889 2493 928 a
2548 876 2683 943 Deo,
2713 881 2992 949 quomodo
3023 886 3140 948 ejus
3190 900 3409 951 quoque
3444 889 3499 941 in

1925 964 2092 1018 vitam
2176 967 2463 1034 productio
2534 970 2603 1022 ab
2667 986 2733 1025 eo
2803 986 3163 1043 processerat.
3218 978 3501 1034 Duxernnt

1925 1072 2053 1127 ergo
2089 1069 2344 1128 parentes
2396 1077 2629 1131 puerum
2669 1066 2723 1118 in
2771 1067 3044 1136 quoddam
3082 1073 3496 1127 monasterium.

1927 1150 2101 1208 Simul
2153 1168 2335 1212 autem
2400 1160 2645 1216 tulerunt
2691 1177 2911 1231 quoque
2991 1180 3333 1235 quaecunque
3395 1169 3497 1237 piae

1924 1261 2119 1303 manus
2151 1250 2262 1305 Deo
2290 1251 2469 1306 solent
2507 1252 2729 1320 offerre,
2773 1266 2835 1310 ut
2861 1256 2949 1311 hic
2988 1274 3114 1313 vere
3143 1275 3299 1315 sacer
3330 1262 3495 1316 etiam

1924 1340 1981 1396 in
2071 1359 2229 1397 sacro
2300 1345 2422 1399 loco
2477 1346 2781 1415 susciperet
2843 1350 3287 1419 appellationem.
3361 1354 3495 1407 Cum

1922 1446 2055 1485 vero
2094 1434 2471 1500 accessissent,
2527 1444 2586 1490 et
2645 1436 2893 1493 dicerent
2944 1441 3196 1507 praefecto
3255 1445 3496 1501 mandra-

1921 1524 2248 1591 spiritalis:
2311 1524 2595 1592 Quodnam
2673 1543 2874 1583 nomen
2951 1542 3036 1587 est
3103 1533 3496 1601 imponendum

1920 1618 2130 1683 puero?
2179 1617 2270 1671 ille
2301 1619 2385 1672 vir
2414 1618 2658 1685 divmus,
2682 1622 2872 1675 divino
2914 1623 3081 1678 veluti
3119 1628 3380 1681 instinctu
3408 1630 3491 1681 af-

1918 1705 2099 1771 ﬂatus,
2142 1706 2275 1761 dicit
2304 1707 2359 1761 id
2402 1723 2525 1762 esse
2581 1709 2971 1777 imponendum
3021 1715 3165 1783 quod
3228 1716 3491 1773 Dominus

1919 1799 2145 1852 omnino
2182 1798 2509 1854 revelaverit
2538 1816 2553 1861 ;
2590 1811 2647 1855 et
2669 1801 2835 1856 simul
2868 1803 2934 1856 ad
2984 1821 3213 1871 puerum
3249 1808 3488 1872 intuens,

233 1869 383 1939 ίεροῦ
423 1870 812 1941 Θυσιαστηρίου
850 1870 1169 1939 προκεῖσθαι
1222 1870 1322 1934 τὰς
1377 1871 1595 1942 βίϐλους
1628 1873 1811 1938 κοινῆς

2054 1850 2068 1852 ἡ
2128 1850 2134 1851 ,
2540 1850 2553 1861 ,
2595 1850 2835 1856 ---ηπ
2869 1850 2934 1856 __
2984 1850 3213 1871 ..-η-.-
3250 1850 3488 1872 ............,

1915 1886 1984 1942 ad
2011 1889 2176 1954 hunc,
2209 1890 2431 1960 inquam
2460 1930 2475 1956 ,
2506 1892 2689 1962 ipsum
2744 1894 3044 1962 Danielem,
3086 1899 3252 1968 jussit
3304 1901 3489 1955 aflerri

230 1964 396 2017 ἕνεκα
425 1963 533 2015 τῶν
561 1966 809 2033 μοναχὼν
841 1963 1151 2034 ὠφελείας).
1188 1966 1397 2018 Αὐτίκα
1426 1965 1606 2017 τοίνυν
1628 1965 1655 2017 6
1680 1968 1810 2028 παῖς

1914 1995 2086 2037 unum
2140 1994 2209 2034 ex
2262 1981 2332 2035 iis
2373 1982 2555 2048 libris,
2618 1985 2711 2052 qui
2761 1995 2925 2041 erant
3010 2004 3175 2058 supra
3238 2008 3488 2048 mensam

228 2056 405 2108 ἐποίει
450 2055 510 2107 τὺ
536 2056 843 2118 κελευσθὲν,
876 2056 969 2109 καὶ
1006 2057 1222 2120 κομίζει
1255 2055 1465 2125 βιϐλίον
1517 2057 1616 2126 οὐχ
1642 2059 1715 2119 ὡς
1740 2056 1807 2111 ἀν

1910 2072 1931 2141 (
1953 2086 2072 2125 mos
2110 2072 2258 2125 enim
2300 2081 2421 2126 erat
2457 2075 2538 2126 eis
2581 2089 2781 2142 ponere
2807 2076 2979 2132 libros
3010 2093 3179 2149 super
3217 2098 3369 2137 aram
3401 2101 3491 2138 sa-

227 2161 313 2205 τις
341 2143 483 2197 εῖποι
512 2143 648 2214 τύχῃ
681 2147 805 2209 τινὶ,
840 2144 976 2197 ἀλλά
1002 2144 1121 2214 Θείᾳ
1151 2142 1345 2218 γνώμῃ
1374 2146 1468 2199 καὶ
1497 2144 1687 2217 ὁδηγίᾳ
1724 2145 1803 2214 βε-

1906 2178 2080 2229 cram,
2102 2174 2328 2234 prOpter
2344 2180 2694 2221 communem
2720 2170 3112 2226 monachorum
3145 2175 3487 2243 utilitatem).

230 2234 358 2285 ϐλον
381 2236 594 2303 εκείνην
622 2237 654 2305 ή
681 2234 748 2287 τά
780 2235 872 2287 τοῦ
901 2239 1180 2303 προφήτου
1228 2236 1426 2305 Δανιὴλ
1473 2232 1588 2304 εἶχε
1623 2234 1803 2304 λόγια.

1907 2252 2168 2307 Protinus
2198 2232 2327 2324 ergo
2355 2254 2484 2309 facit
2516 2271 2652 2325 puer
2684 2256 2738 2312 id
2768 2259 2916 2329 quod
2942 2262 2991 2315 ei
3022 2262 3201 2318 fuerat
3257 2232 3490 2335 impera-

230 2324 437 2395 Κρίνας
456 2319 547 2378 οὖν
579 2324 607 2375 6
651 2325 789 2395 ἀνὴρ
816 2324 893 2387 ὡς
928 2326 984 2391 ἐξ
1016 2323 1247 2395 ούρανοῦ
1301 2324 1458 2378 τοῦτο
1507 2325 1796 2396 σύμϐολον,

1908 2352 2049 2410 tum;
2074 2354 2130 2399 et
2156 2319 2319 2399 afl‘ert
2340 2319 2563 2410 librum,
2597 2363 2707 2402 non
2727 2319 2867 2405 forte
2907 2352 3147 2417 fortuna,
3177 2358 3269 2411 sed
3299 2319 3485 2412 divina

226 2414 537 2485 ὁμωνύμως
598 2415 759 2478 εὐθὺς
822 2413 900 2485 τῷ
993 2417 1251 2488 προφήτῃ
1333 2417 1424 2469 τὸν
1487 2416 1795 2488 όμότροπον

1903 2438 2185 2491 voluntate
2212 2445 2269 2491 et
2286 2436 2432 2491 dictu
2454 2440 2568 2505 Dei,
2595 2440 2795 2495 librum
2822 2442 2999 2506 illum,
3055 2413 3147 2513 qui
3207 2448 3489 2517 propheta:

226 2506 484 2575 ὀνομάζει
524 2546 540 2571 ,
610 2510 702 2562 καὶ
786 2508 984 2579 Δανιὴλ
1061 2507 1154 2561 τὸν
1232 2507 1397 2561 παῖδα
1488 2508 1795 2578 Θεαρὲστως

1902 2528 2090 2582 Daniel
2115 2543 2142 2583 s
2174 2528 2415 2583 habebat
2450 2531 2687 2601 eloquia.
2724 2533 2861 2588 Cum
2893 2537 2983 2591 ille
3013 2506 3142 2606 ergo
3193 2506 3278 2592 vir
3310 2506 3483 2609 .judi-

225 2597 401 2651 καλεῖ.

1902 2627 2077 2674 casset
2107 2634 2137 2674 e
2169 2620 2306 2675 cmlo
2335 2620 2519 2675 datum
2555 2638 2676 2678 esse
2701 2624 2802 2679 hoc
2828 2626 3064 2694 signum,
3092 2628 3281 2682 eodem
3301 2630 3484 2683 statim

226 2712 476 2777 nomine,
504 2729 613 2784 quo
642 2724 991 2786 prepnetam,
1014 2722 1171 2767 vocat
1189 2728 1337 2780 eum,
1355 2713 1451 2783 qui
1480 2722 1600 2768 erat
1626 2713 1677 2768 ei
1711 2714 1957 2769 moribus
1986 2712 2271 2777 similis,et
2292 2722 2348 2767 nt
2375 2714 2485 2767 Deo
2506 2715 2731 2783 placuit,
2752 2732 2983 2784 puerum
3011 2719 3486 2775 vocatDanielem.

301 2807 373 2859 Δ’.
407 2806 469 2859 El
500 2807 597 2876 μὲν
625 2804 717 2860 οὖν
747 2805 857 2871 εἶξε
910 2809 1022 2870 τοῖς
1057 2807 1235 2873 λόγοις
1266 2806 1373 2858 τῶν
1408 2806 1746 2876 γεννητόρων
1776 2806 1804 2859 6

1981 2805 2072 2861 ιν.
2094 2806 2273 2875 Atque
2304 2807 2346 2860 si
2383 2817 2676 2875 parentum
2704 2808 2925 2877 quidem
2950 2810 3136 2866 verbis
3174 2814 3486 2882 acquievis-

229 2904 371 2966 θεῖος
406 2898 559 2964 οὗτος
591 2901 753 2971 ἀνὴρ,
788 2902 905 2954 τότε
936 2901 1003 2954 ἂν
1029 2898 1189 2962 εὐθὺς
1217 2898 1447 2969 ἀνετέθη
1499 2898 1697 2969 Δανιὴλ
1724 2897 1800 2969 τῷ

1914 2907 2021 2963 set,
2058 2899 2148 2954 hic
2170 2900 2253 2953 vir
2278 2899 2519 2964 divinus,
2547 2909 2674 2957 tunc
2698 2902 2892 2957 fuisset
2931 2904 3042 2959 Deo
3077 2906 3267 2961 Daniel
3310 2909 3487 2962 conti-

228 2995 372 3063 Θεῷ,
408 2994 502 3046 καὶ
532 2996 595 3045 ὲκ
617 2992 838 3064 πρώτης
860 2992 1043 3062 τριχὸς
1074 2990 1372 3061 κατελέχθη
1391 2993 1501 3055 τοῖς
1525 2993 1799 3060 μοναχοῖς.

1915 3005 2027 3044 nuo
2059 2989 2364 3057 dedicatus,
2394 3001 2450 3046 et
2484 2992 2551 3046 ab
2585 2992 2817 3048 infantia
2866 2996 3059 3050 fuisset
3107 3009 3396 3066 coeptatus
3425 3000 3481 3055 in

227 3086 405 3141 Αὑτοῦ
443 3086 499 3138 δὲ
550 3085 626 3155 μὴ
662 3085 995 3158 πεισθέντος,
1051 3083 1188 3136 ἀλλά
1224 3081 1663 3153 προϐαλλομένου
1704 3080 1805 3151 τὴν

1909 3098 2201 3137 numerum
2236 3084 2647 3138 monachorum.
2674 3083 2810 3139 Cum
2862 3084 2909 3139 is
2939 3096 3122 3142 autem
3160 3104 3268 3142 non
3297 3101 3482 3159 posset

228 3177 448 3248 ἠλικίαν
483 3176 660 3230 καὶτὸ
682 3176 878 3245 κομιδῆ
908 3176 1125 3245 νήπιον,
1154 3174 1276 3227 τότε
1320 3174 1419 3243 μὲν
1449 3173 1567 3242 ἅμα
1600 3172 1678 3243 τῷ
1699 3174 1803 3224 Δα-

1910 3174 2254 3243 persuaderi,
2301 3174 2397 3229 sed
2432 3186 2673 3230 teneram
2701 3187 3257 3233 causareturretatem
3301 3188 3357 3234 et
3396 3182 3479 3236 ni-

226 3268 351 3338 νιὴλ
374 3268 555 3322 οἶκαδε
586 3267 911 3337 ἐπανῄεσαν,
934 3267 1089 3329 δόξαν
1114 3263 1258 3318 οὕτω
1299 3266 1377 3334 τῷ
1408 3264 1678 3337 κρείττονι
1714 3264 1801 3319 ἵνα

1911 3266 2076 3319 miam
2106 3264 2415 3328 infamiam.
2451 3275 2582 3323 tunc
2603 3269 2826 3336 quidem
2859 3270 3067 3324 reversi
3098 3282 3234 3325 sunt
3255 3272 3480 3328 domum

230 3362 309 3429 μὴ
341 3362 406 3429 τῇ
430 3360 651 3428 ἀτέρων,
680 3360 747 3429 τῇ
780 3356 976 3411 ἑαυτοῦ
1005 3356 1274 3428 δὲγνώμη
1297 3356 1357 3408 τδ
1383 3355 1587 3422 ἀγαθὸν
1620 3356 1648 3406 6
1678 3358 1803 3418 παῖς

226 3452 443 3523 ἱληται.
479 3453 654 3513 Εὐθὺς
688 3449 788 3519 μὲν
834 3446 928 3502 οὖν
962 3447 1153 3518 πρώτη
1191 3447 1397 3517 βλάστη
1442 3448 1626 3499 ὁποῖον
1651 3446 1803 3499 ἔσται

226 3542 291 3594 τδ
323 3541 486 3609 φυτὸν
516 3540 817 3609 παρεδήλου
863 3541 959 3592 καὶ
1003 3538 1113 3589 τῶν
1169 3537 1381 3607 ἀρετῶν
1411 3538 1467 3590 αι
1502 3539 1651 3589 σκιαὶ
1702 3538 1802 3607 ήδη

227 3633 310 3701 τῷ
336 3632 423 3685 διὰ
452 3631 628 3699 φωτὸς
656 3630 893 3682 ὁδεύοντι
925 3627 1276 3697 ίβιολούθουν.
1306 3627 1459 3682 Μετά
1516 3629 1712 3697 μικρὸν
1744 3629 1801 3679 δὲ

223 3725 329 3795 τῆς
372 3724 584 3791 ήλικίας
634 3723 780 3791 αὐτῷ
833 3721 1128 3791 προϊούσης
1185 3723 1279 3774 καὶ
1310 3720 1559 3790 φανερῶς
1603 3720 1799 3785 ἔδειξεν

222 3820 358 3889 ὅσην
380 3819 475 3872 καὶ
498 3817 627 3887 παρ’
657 3816 872 3885 ἠλικίαν
913 3813 1085 3885 αὔξην
1127 3811 1332 3885 ηὓξησε
1370 3814 1470 3884 τήν
1497 3812 1591 3867 τοῦ
1630 3813 1797 3866 πνεύ-

229 3927 420 3984 ματος.
446 3912 606 3979 ’Δρτι
640 3907 737 3977 μὲν
757 3907 866 3975 γὰρ
885 3905 979 3957 τοῦ
1004 3905 1231 3958 δεκάτου
1260 3904 1412 3967 ἔτους
1434 3906 1462 3957 6
1491 3904 1690 3974 Δανιὴλ
1710 3907 1801 3958 ἐπὶ

224 4007 339 4064 τοῖς
368 4003 518 4057 δυσὶν
569 4002 794 4070 ήπτετο,
827 4001 922 4053 καὶ
980 3996 1171 4067 μηδενὶ
1210 3996 1374 4065 μηδὲν
1404 3997 1641 4066 εἰρηκὼς
1676 3995 1797 4065 μηδ’

222 4090 512 4159 ἐξαγαγὼν
559 4090 619 4143 τὸ
650 4090 749 4158 τῆς
799 4086 973 4157 ψυχῆς
1008 4085 1275 4156 βούλημα,
1323 4085 1654 4153 ὑπερφρονεῖ
1698 4086 1795 4152 μὲν

224 4183 567 4251 γεννητόρων
596 4179 684 4231 διὰ
734 4178 991 4247 Χριστὸν,
1031 4177 1364 4244 ὑπερφρονεῖ
1391 4175 1448 4228 δὲ
1488 4174 1789 4242 συγγενῶν,

223 4274 439 4343 παρορᾷ
457 4272 513 4324 δὲ
545 4272 639 4324 καὶ
665 4268 779 4338 βίον
806 4270 903 4322 καὶ
932 4267 999 4319 τὰ
1031 4268 1087 4319 ὲν
1121 4265 1239 4335 βίῳ,
1295 4266 1390 4319 καὶ
1427 4264 1619 4335 κώμην
1652 4264 1795 4317 ὲκεί-

221 4382 321 4434 νην
344 4365 463 4433 ήτις
502 4363 664 4415 αὑτὸν
691 4361 907 4429 ἤνεγκε.
931 4358 1139 4427 uappa.
1168 4354 1369 4423 ταύτης
1396 4348 1529 4408 ώσεὶ
1560 4352 1793 4417 σταδίοις

221 4456 510 4524 γενόμενος
535 4451 741 4504 δώδεκα
763 4450 1071 4517 ἀφικνεῖται
1103 4445 1201 4515 μιν
1227 4446 1304 4509 είς
1328 4462 1382 4498 τι
1412 4442 1675 4497 κοινόϐιον
1697 4460 1794 4513 μο-

220 4543 399 4612 ναχῶν
424 4558 438 4572 ·
490 4538 817 4609 προσπεσὼν
849 4537 905 4590 δὲ
955 4538 1066 4599 τοῖς
1110 4539 1237 4591 ποσὶ
1276 4534 1370 4588 τοῦ
1402 4535 1789 4604 ἀφηγουμένου

1911 3370 2038 3409 cum
2067 3355 2314 3422 Daniele,
2348 3375 2474 3413 cum
2497 3361 2570 3413 ita
2604 3362 2780 3416 visum
2831 3373 2978 3418 esset
3005 3365 3080 3430 ei,
3137 3366 3231 3433 qui
3273 3377 3356 3420 est
3390 3383 3481 3421 su-

1910 3447 2118 3515 perior,
2161 3456 2220 3501 ut
2250 3465 2360 3503 non
2406 3452 2662 3517 aliorum,
2714 3452 2809 3506 sed
2867 3469 2965 3508 sua
3018 3459 3289 3511 sententia
3340 3473 3480 3527 puer

1907 3538 2111 3592 bonum
2137 3539 2384 3609 eligeret.
2428 3541 2605 3609 Atque
2656 3544 2909 3610 protinus
2960 3546 3183 3614 quidem
3238 3550 3478 3616 primum

1902 3644 2126 3698 germen
2177 3632 2537 3701 signiﬁcabat,
2580 3634 2758 3702 qualis
2788 3635 2970 3690 futura
3001 3648 3147 3692 esset
3170 3641 3337 3693 arbor
3366 3658 3378 3704 ;
3417 3652 3474 3694 et

1902 3720 2169 3774 virtutum
2205 3722 2412 3776 umbrae
2469 3724 2578 3793 jam
2619 3725 2994 3793 sequebantur
3059 3744 3205 3795 eum,
3245 3732 3337 3799 qui
3376 3747 3474 3801 per

1902 3812 2079 3866 lucem
2104 3814 2435 3867 ambulabat.
2488 3815 2752 3870 Paulatim
2800 3826 2983 3873 autem
3040 3820 3091 3873 ei
3135 3824 3474 3890 procedente

1900 3911 2082 3968 aetate,
2114 3914 2300 3973 aperte
2331 3905 2593 3971 ostendit,
2621 3917 2887 3974 quantum
2930 3910 3329 3967 incrementum
3359 3915 3473 3984 spi-

1900 3994 2040 4048 ritus
2091 3996 2391 4063 accepisset
2424 4006 2623 4065 praelcr
2656 4008 2896 4055 atatem.
2939 4001 3075 4055 Nam
3100 4002 3213 4072 jam
3245 4005 3467 4073 quidem

1888 4086 2152 4155 attigerat
2184 4086 2372 4140 Daniel
2402 4104 2605 4141 annum
2656 4089 3144 4151 duodecimumet
3200 4110 3326 4149 cum
3376 4112 3471 4151 ne-

1896 4176 2029 4229 mini
2061 4177 2358 4246 quidquam
2395 4178 2639 4239 dixisset,
2698 4195 2873 4250 neque
2918 4184 3254 4240 voluntatem
3296 4189 3466 4242 animi

1898 4269 2235 4337 protulisset,
2264 4270 2500 4339 despicit
2524 4271 2749 4339 quidem
2773 4283 3029 4341 parentes
3052 4288 3277 4345 propter
3305 4278 3465 4333 Chri-

1897 4371 2062 4426 stum,
2089 4362 2320 4431 despicit
2358 4372 2415 4417 et
2450 4374 2711 4432 cognatos
2736 4403 2750 4431 ,
2807 4368 3185 4437 mundumque
3226 4380 3283 4424 et
3342 4386 3467 4439 qua

1897 4464 2021 4508 sunt
2055 4455 2109 4511 in
2143 4454 2368 4518 mundo,
2401 4456 2772 4525 omnibusque
2800 4458 3029 4524 relictis,
3057 4461 3249 4516 amicis
3277 4478 3463 4532 aequa-

1895 4542 2063 4608 libus,
2099 4543 2220 4596 vico
2244 4543 2359 4607 illo,
2392 4544 2486 4612 qui
2528 4559 2654 4598 eum
2698 4545 2843 4609 tulit,
2890 4563 3015 4602 cum
3054 4550 3247 4618 procul
3286 4549 3357 4604 ab
3396 4566 3465 4605 eo

220 4636 373 4704 ἠξίου
404 4635 496 4687 καὶ
526 4633 686 4686 αὐτὸν
713 4630 941 4693 εκείνοις
968 4630 1356 4698 καταλεγῆναι,
1380 4629 1597 4684 καὶτῶν
1624 4646 1787 4697 μονα.

1895 4629 2159 4684 abfuisset
2197 4630 2416 4683 circiter
2448 4629 2737 4684 duodecim
2790 4632 2990 4695 stadia,
3044 4635 3197 4688 venit
3234 4635 3461 4704 quidem

221 4728 331 4799 χῶν
372 4730 555 4798 σχῆμα
586 4720 996 4795 περιϐαλέσθαι.
1040 4722 1127 4784 Ὠς
1153 4722 1209 4775 δὲ
1256 4722 1318 4775 τὸ
1352 4720 1557 4775 ἁπαλὸν
1586 4723 1792 4785 ικεῖνος

220 4818 369 4889 αὐτῷ
394 4817 487 4870 τοῦ
539 4815 787 4886 σώματος
815 4815 909 4867 καὶ
938 4814 1055 4868 νέον
1089 4814 1375 4882 προφέρων
1396 4812 1496 4866 οὐκ
1519 4812 1670 4880 Ελεγε
1698 4811 1790 4865 δυ·

217 4912 376 4966 νατδν
403 4906 540 4963 εἶναι
571 4909 638 4961 τά
663 4907 771 4959 τῶν
796 4908 1044 4975 μοναχών
1080 4905 1350 4968 ὑπελθεῖν,
1381 4907 1440 4957 εν
1460 4903 1653 4975 βραχεῖ
1679 4905 1788 4975 γὰρ

220 5005 371 5057 εσται
415 5001 549 5072 πρὸς
581 4998 707 5060 τοὺς
759 4998 954 5060 πόνους
1002 4996 1381 5065 ἀπαγορεύων,
1425 4998 1474 5049 οῖ
1515 4997 1696 5049 πολλοί
1728 4996 1787 5049 τέ
1818 4994 1831 5024 ⁴·

220 5097 327 5150 aiat
372 5096 466 5147 καὶ
503 5089 756 5162 ἀνδράσιν
807 5089 989 5150 αὐτοῖς
1052 5089 1299 5157 χαλεποὶ,
1352 5086 1492 5153 Ἐγὼ
1527 5086 1627 5155 μὲν
1667 5081 1781 5150 οὖν,

222 5188 326 5256 ἔφη
359 5188 387 5240 6
416 5182 635 5253 Δανιὴλ,
660 5183 754 5236 καὶ
781 5179 847 5233 δι’
882 5180 1014 5232 αὐτὸ
1038 5177 1199 5231 τοῦτο
1239 5176 1624 5249 παρεγενόμην
1642 5218 1659 5244 ,
1716 5178 1784 5231 ῐν’

220 5279 361 5332 οὓτω
392 5277 543 5345 ζήσω
571 5273 672 5344 μιν
717 5271 795 5342 τῷ
820 5270 1060 5343 Χριστῷ,
1112 5269 1370 5325 ἀποθάνω
1395 5269 1453 5323 δι
1488 5272 1555 5341 τῇ
1599 5267 1782 5339 σαρκί.

222 5371 282 5423 Ei
304 5370 361 5422 δδ
403 5370 496 5421 καὶ
525 5365 761 5436 μετιόντι
811 5380 900 5431 μοι
934 5364 1059 5425 τοὺς
1113 5361 1310 5424 καλοὺς
1339 5360 1560 5424 τούτους
1594 5359 1788 5423 πόνους

219 5464 409 5531 ἕψεται
452 5461 515 5512 τδ
546 5458 749 5522 θανεῖν,
786 5456 991 5525 βέλτιον
1038 5456 1162 5524 εμοὶ
1207 5454 1365 5506 τοῦτο
1395 5452 1585 5504 παθεῖν
1624 5450 1657 5521 ἢ
1691 5450 1787 5521 τήν

219 5558 377 5626 χεῖρα
402 5552 631 5623 βαλόντα
679 5550 768 5602 ἀπ’
803 5548 1033 5618 ἄροτρον
1078 5543 1446 5613 etiamdum;
1479 5544 1783 5614 στραφῆναι

220 5650 295 5710 είς
326 5646 393 5698 τὰ
425 5643 621 5698 ὀπίσω.

1893 4722 1949 4776 in
1988 4718 2263 4791 quoddam
2317 4721 2631 4776 coenobium
2697 4724 3114 4780 monachorum.
3166 4726 3465 4781 Proeidens

1891 4824 2073 4866 autem
2112 4812 2180 4865 ad
2220 4814 2389 4880 pedes
2439 4812 2676 4881 prmlecti
2731 4814 2872 4868 sacri
2921 4815 3119 4884 gregis,
3149 4818 3375 4885 rogabat
3404 4827 3465 4872 ut

1892 4903 2008 4973 ipse
2049 4918 2267 4971 quoque
2324 4912 2679 4973 cooptaretur
2728 4904 2785 4958 in
2824 4921 3112 4960 numerum
3146 4908 3383 4973 illorum,
3406 4918 3463 4964 et

1889 5009 2014 5048 eum
2047 4993 2349 5047 monastico
2379 4994 2580 5049 amictu
2616 4995 2893 5049 indueret.
2925 4995 3061 5050 Cum
3126 5008 3309 5051 autem
3367 5000 3460 5054 ille

1887 5093 1943 5139 et
1992 5086 2241 5153 carperis
2305 5084 2777 5152 imbecillitatem,
2826 5096 2883 5141 et
2948 5099 3191 5142 teneram
3241 5099 3457 5144 aetatem

1887 5178 2174 5248 objiciens,
2207 5176 2433 5231 dixisset
2487 5192 2595 5231 non
2632 5193 2792 5247 posse
2841 5193 2968 5232 eum
2998 5194 3061 5233 ea
3094 5180 3280 5234 subire
3337 5198 3461 5251 qua:

1890 5269 2132 5324 subeunt
2174 5268 2428 5322 monachi
2460 5286 2475 5335 ;
2510 5270 2626 5323 fore
2657 5270 2827 5336 enim,
2860 5278 2921 5324 ut
2946 5267 3102 5325 brevi
3130 5272 3457 5340 defatigetur

1890 5360 2193 5426 laboribus,
2234 5361 2328 5429 qui
2360 5369 2491 5415 sunt
2524 5361 2683 5415 multi
2718 5372 2773 5415 et
2798 5362 2883 5416 vel
2933 5362 3067 5431 ipsis
3100 5362 3234 5416 viris
3265 5362 3460 5418 didici-

1888 5453 2009 5508 les:
2048 5455 2270 5524 vigiliae,
2324 5454 2825 5521 humicubafiones,
2863 5455 3093 5525 jejunia,
3132 5457 3379 5524 corporis
3400 5462 3460 5509 et

1887 5542 2010 5611 ejus
2064 5545 2409 5598 voluntatum
2482 5543 2726 5614 perfecta
2798 5546 3170 5609 mortificatio,
3218 5556 3274 5599 et
3330 5545 3455 5599 ideo

1886 5627 2166 5701 suaderet,
2223 5646 2285 5690 ut
2327 5636 2671 5705 aliquantum
2714 5638 2977 5706 temporis
3034 5645 3279 5691 maneret
3309 5636 3455 5705 apud

220 5747 498 5809 parentes,
531 5747 589 5790 et
618 5741 946 5789 nontantos
969 5732 1274 5801 susciperet
1303 5729 1522 5785 labores
1548 5729 1603 5782 in
1640 5736 1799 5784 atate
1840 5737 1947 5782 tam
1995 5728 2308 5795 immatura,
2375 5738 2431 5783 ct
2481 5743 2713 5798 corpore
2797 5745 2905 5783 non
2958 5730 3091 5784 satis
3132 5731 3354 5783 robusto
3400 5741 3457 5783 et

221 5831 410 5887 adulto
439 5846 453 5883 :
497 5828 612 5898 Ego
642 5828 888 5899 quidem,
922 5825 1102 5896 inquit
1168 5824 1377 5892 Daniel,
1437 5823 1562 5879 ideo
1632 5824 1858 5889 accessi,
1909 5832 1971 5878 ut
2004 5822 2083 5879 sic
2110 5823 2332 5892 quidem
2356 5823 2576 5878 Christo
2599 5822 2798 5891 vivam,
2834 5824 3039 5878 moriar
3074 5832 3255 5879 autem
3297 5825 3450 5879 carni
