4214 6444
735 416 846 484 975

1859 421 1862 423 λ
1894 417 2281 480 ΑΒΒΕΝΒΛ.
2308 442 2373 452 -
2416 415 2833 478 DECEMBER

3924 414 4020 478 976

733 535 893 606 Quod
917 535 962 591 si
996 535 1125 589 dum
1153 533 1251 589 hos
1281 531 1548 605 pulchros
1577 532 1875 605 suscipiam
1901 533 2139 599 labores,
2171 549 2323 588 mors
2360 542 2648 604 sequetur,
2687 533 2884 589 melius
2911 530 3018 588 erit
3054 529 3188 586 mihi
3246 529 3410 597 mori,
3481 545 3645 603 quam
3696 530 3860 586 abire
3931 547 4021 585 va-

735 646 923 693 cuum,
955 638 1010 683 et
1064 629 1372 684 mittentem
1421 643 1641 682 manum
1675 628 1741 682 ad
1802 637 2069 692 aratrum,
2103 635 2164 680 ut
2195 644 2319 682 cum
2357 629 2655 698 Evangelio
2705 627 2908 690 dicam,
2957 638 3106 682 retro
3161 625 3426 680 converti.

808 724 875 779 ν.
905 721 1042 778 Cum
1077 737 1208 792 ergo
1234 721 1406 776 multa
1436 721 1661 791 quidem
1690 720 1946 788 dixisset,
2002 722 2174 775 multa
2212 737 2316 777 au-
2343 734 2388 786 Α

739 826 850 871 tem
879 815 1044 870 etiam
1070 812 1371 868 audivisset
1393 811 1690 884 praefectus
1713 829 1881 868 saera
1911 813 2176 880 mandrae,
2209 830 2312 870 nec

739 908 1012 979 potuisset
1041 906 1162 975 ejus
1187 906 1574 961 vehementem
1619 905 1900 962 retardare
1935 907 2223 977 impetum,
2255 915 2313 962 et

741 1014 919 1055 acrem
943 998 1090 1052 hunc
1110 1011 1376 1060 amorem.
1393 996 1590 1052 fratres
1605 995 1830 1052 adhibet
1846 998 1897 1051 in
1913 996 2226 1062 consilium,
2246 1012 2315 1051 an

743 1099 1132 1164 oporteateum
1167 1091 1219 1144 in
1246 1089 1487 1159 ipsorum
1517 1089 1732 1145 admitti
1769 1090 2178 1148 monasterium.
2206 1090 2318 1145 illis

743 1203 873 1244 vero
909 1187 1062 1257 pueri
1099 1199 1350 1256 magnam
1386 1185 1714 1240 mirantibus
1765 1185 2154 1250 constantiam,
2204 1184 2318 1238 ala-

742 1295 942 1350 creque
965 1288 1021 1336 et
1047 1280 1323 1334 intensum
1385 1279 1503 1349 ejus
1536 1277 1704 1332 animi
1736 1278 2003 1345 studium,
2026 1287 2083 1334 et
2123 1278 2318 1334 existi-

742 1373 1020 1428 mantibus
1048 1389 1167 1431 esse
1200 1375 1393 1439 Deum,
1438 1372 1533 1442 qui
1568 1386 1694 1425 eum
1729 1381 1995 1436 moveret,
2023 1383 2080 1427 et
2111 1382 2171 1428 ut
2222 1369 2318 1426 ad-

743 1469 1080 1530 mitteretur,
1143 1466 1381 1522 libenter
1416 1463 1870 1529 assentientibus,
1897 1464 1965 1519 de
2002 1475 2200 1520 celero
2233 1473 2319 1519 est

740 1575 869 1615 cum
917 1560 1001 1615 eis
1032 1575 1250 1630 quoque
1309 1557 1518 1623 Daniel,
1581 1557 1691 1610 imo
1729 1571 1862 1610 vero
1921 1572 2087 1625 supra
2147 1557 2316 1626 ipsos,

745 1652 890 1723 quod
919 1652 984 1706 ad
1016 1652 1176 1705 vitam
1204 1665 1268 1703 ex
1300 1650 1409 1703 Dco
1434 1646 1697 1717 agendam
1728 1648 1947 1710 attinet,
1981 1658 2036 1702 et
2063 1648 2318 1704 ardorem

743 1750 811 1800 ad
847 1749 1130 1800 virtutem.
1161 1744 1475 1799 lntercessit
1524 1759 1718 1813 parum
1779 1743 2065 1813 temporis,
2096 1751 2152 1799 et
2192 1758 2319 1800 cum

745 1840 1132 1909 cognovissent
1163 1847 1440 1908 parentes,
1479 1837 1702 1891 ubinam
1745 1837 1837 1902 sit,
1872 1846 1927 1891 et
1954 1836 2098 1906 apud
2157 1852 2316 1907 quos,
2349 1887 2353 1890 .

746 1933 824 1986 iiIi
857 1932 1076 2001 quidem
1110 1934 1174 1985 ad
1247 1945 1374 1985 eum
1424 1929 1696 1984 accedunt
1752 1946 1876 1985 cum
1931 1929 2313 1986 admiratione.

745 2023 882 2077 Cum
915 2023 1388 2077 vidissentautem
1441 2035 1673 2091 puerum
1715 2022 1960 2090 seipsum
2010 2021 2315 2086 dedicasse,

2488 721 2564 776 E'.
2621 722 2706 782 Ὠς
2734 720 2830 775 οῦν
2855 720 3031 774 πολλά
3065 721 3166 792 μιν
3196 719 3390 785 εἰπὼν,
3433 718 3604 773 πολλά
3636 719 3693 773 δὶ
3722 722 3825 773 καὶ
3851 718 4025 772 ἀκού·

2429 832 2529 880 σας
2552 817 2581 869 6
2607 814 2710 882 τῆς
2742 814 2896 886 ίερᾶς
2932 813 3232 885 ὴτούμενος
3262 813 3524 884 μάνδρας,
3551 814 3654 866 οὐκ
3687 811 3852 882 ισχεν
3877 811 4024 881 αὐτῷ

2428 907 2527 978 τὴν
2542 905 2718 978 ὁρμὴν
2738 904 3034 976 ἀμϐλῦναι,
3068 903 3407 976 συμϐούλους
3435 903 3708 974 λαμϐάνεί
3721 906 3856 967 τοὺς
3874 903 4023 958 ἀδελ-

2428 1000 2582 1068 φοὺς,
2623 1000 2672 1053 εί
2705 997 2824 1052 διον
2855 997 3019 1051 αὑτὸν
3056 997 3114 1050 ιν
3154 998 3219 1067 τῇ
3277 994 3398 1048 κατ’
3431 995 3631 1059 αὐτοὺς
3673 993 4022 1064 εἰσδεχθῆναι

2431 1092 2590 1164 μονῇ.
2625 1089 2746 1145 Τῶν
2771 1090 2826 1145 δι
2849 1090 2948 1162 τὴν
2983 1088 3182 1160 πολλὴν
3203 1089 3454 1143 ινστασιν
3491 1086 3585 1143 τοῦ
3616 1087 3811 1152 παιδδς
3846 1089 3947 1142 καὶ
3972 1087 4024 1141 τὸ

2427 1183 2527 1254 τῆς
2579 1182 2889 1256 προθυμίας
2923 1183 3175 1237 σύντονον
3212 1180 3599 1250 ικπλαγίντων
3644 1184 3738 1236 καὶ
3767 1181 3918 1235 θεῖον
3947 1174 4022 1232 εί-

2429 1295 2518 1333 ναι
2546 1277 2606 1332 τὸ
2631 1278 2814 1332 κινοῦν
2841 1276 2999 1332 τοῦτο
3030 1275 3429 1347 ύπειληφότων,
3479 1276 3577 1329 καὶ
3610 1273 3750 1343 πρὸς
3783 1273 3887 1344 τὴν
3918 1291 4022 1326 πα·

2433 1371 2665 1445 ραδοχὴν
2689 1369 2940 1441 ἁσμένως
2993 1367 3405 1439 καταθεμινων,
3436 1367 3648 1435 γίνεται
3699 1367 3897 1419 λοιπδν
3931 1367 4038 1422 καὶ.

2429 1463 2631 1535 Δανιὴλ
2659 1464 2778 1534 μετ’
2801 1463 3013 1517 αὐτῶνο
3046 1461 3187 1533 ὑπὲρ
3221 1461 3422 1524 αὐτοὺς
3453 1458 3510 1513 δὲ
3534 1460 3738 1530 μᾶλλον
3767 1458 3849 1530 τῷ
3881 1459 4022 1511 κατὰ

2430 1557 2565 1610 Θεὸν
2593 1556 2694 1627 βίῳ
2720 1559 2816 1612 καὶ
2843 1559 2908 1627 τῇ
2955 1555 3090 1626 πρὸς
3143 1555 3350 1624 ἀρετὴν
3381 1553 3702 1624 θερμότητι.
3739 1549 3965 1622 Βραχῦς
3996 1551 4019 1603 6

2433 1652 2489 1704 ιν
2516 1650 2664 1719 μέσῳ
2695 1649 2907 1719 χρόνος,
2942 1649 3166 1711 καὶτοῖς
3197 1645 3417 1716 γονεῦσι
3450 1646 3694 1714 γνωσθὲν
3725 1640 3792 1700 οῦ
3821 1645 3884 1697 τε
3911 1646 4018 1696 εστι

2433 1745 2529 1798 καὶ
2559 1740 2694 1812 παρ’
2723 1735 2825 1805 οἷς,
2851 1741 2900 1793 oi
2933 1741 3032 1809 μὲν
3051 1741 3149 1793 σὺν
3179 1740 3424 1808 θαύμασι
3460 1736 3864 1807 παραγίνονται
3891 1735 4019 1807 πρὸς

2431 1833 2616 1889 αὐτόν.
2659 1833 2764 1887 Τὸν
2817 1832 2985 1887 παῖδα
3017 1832 3074 1886 δὲ
3131 1831 3462 1899 θεασάμενοι
3521 1829 3716 1884 ἑαυτὸν
3745 1827 4017 1882 ἀναθέντα

2431 1926 2528 1980 καὶ
2562 1924 2976 1996 καθιερώσαντα
3012 1923 3090 1995 τῷ
3125 1921 3266 1994 Θεῷ,
3318 1923 3472 1977 οὐδὲν
3527 1922 3880 1993 ἀνθρώπινον
3923 1937 4016 1974 πε-

2433 2019 2716 2084 πόνθασιν,
2753 2017 2902 2073 οὐδὲν
2932 2009 3236 2090 πατρικόυιό
3268 2015 3378 2070 οὐδ’
3409 2015 3680 2086 ᾐτήσαντο
3709 2015 3804 2068 τὸν
3827 2013 4015 2083 φίλταο

745 2128 800 2172 et
836 2116 946 2170 Deo
973 2130 1353 2179 consecrasse,
1395 2129 1743 2185 nequaquam
1793 2114 1878 2170 eis
1911 2114 2132 2178 accidit.
2172 2113 2318 2184 quod

2431 2131 2514 2168 τον
2545 2113 2702 2180 αὖθις
2732 2095 3026 2169 ἀναλαϐεῖν
3081 2113 3178 2166 καὶ
3229 2111 3369 2183 πρὸς
3397 2113 3465 2164 τὰ
3495 2110 3634 2164 οῐκοι
3669 2111 3898 2180 χωρεῖν,
3931 2110 4018 2162 καὶ

748 2208 889 2263 solet
934 2207 1249 2261 hominibus
1285 2213 1338 2260 et
1395 2204 1738 2275 parentibus,
1796 2221 1976 2275 neque
2043 2207 2324 2275 petierunt

2431 2204 2601 2261 ταῦτα
2647 2208 2815 2276 μήπω
2866 2203 3223 2257 τελειωθέντα
3275 2201 3356 2273 τῷ
3413 2201 3696 2272 μοναχικῷ
3748 2203 4013 2272 σχήματι,

750 2298 1134 2350 cbarissimum
1172 2295 1342 2349 tilium
1371 2293 1942 2364 uteum‘acciperent,
1994 2303 2053 2350 et
2101 2294 2324 2350 domum

2431 2297 2543 2352 ἀλλ’
2572 2297 2719 2368 ἔργῳ
2750 2296 2922 2362 δείξαι
2959 2294 3276 2367 βουλόμενοι
3323 2295 3558 2364 πατέρες
3585 2294 3741 2358 δντες
3783 2296 4015 2356 ἐκείνου.

747 2393 1100 2455 reducerent,
1158 2391 1321 2461 idque
1363 2405 1487 2446 cum
1522 2390 1767 2445 nondum
1814 2398 1967 2445 esset
2023 2389 2326 2444 monastico

2431 2390 2522 2444 xci
2558 2389 2806 2461 ήσθησαν
2839 2388 3045 2458 μᾶλλον
3073 2387 3149 2458 τῷ
3171 2389 3452 2459 γενομένῳ
3474 2429 3490 2454 ,
3522 2391 3618 2443 καὶ
3662 2387 3867 2450 πολλὰς
3900 2387 4017 2457 δεή-

749 2488 940 2542 habitu
971 2493 1424 2548 consummatus;
1472 2483 1570 2539 sed
1607 2497 1799 2538 revera
1827 2481 2076 2537 volentes
2135 2490 2326 2536 osten-

2431 2498 2544 2546 σεις
2565 2480 2642 2551 τῷ
2691 2480 2998 2552 προεστῶτι
3032 2480 3134 2551 τῆς
3184 2481 3352 2552 μονῆς
3387 2480 3667 2549 προσῆγον
3700 2480 3857 2548 παρά
3909 2480 4018 2539 τοῖς

750 2582 882 2636 dere
917 2595 975 2634 se
998 2594 1122 2634 esse
1153 2578 1306 2633 illius
1327 2587 1612 2647 parentes.
1675 2577 1832 2631 valde
1874 2576 2039 2631 laetati
2095 2584 2224 2630 sunt
2257 2575 2326 2631 ds

2431 2572 2607 2627 αὐτῶν
2635 2571 2939 2642 ὀφθαλμοῖς
2970 2569 3288 2643 περιϐαλεῖν
3313 2570 3391 2642 τῷ
3411 2571 3510 2642 υίῷ
3530 2572 3591 2626 τδ
3619 2570 3734 2625 τῶν
3765 2569 4018 2640 μοναχῶν

749 2686 817 2724 eo
847 2668 993 2738 quod
1051 2667 1256 2722 factum
1293 2666 1490 2730 fuerat,
1531 2675 1588 2747 et
1623 2666 1816 2721 multis
1859 2665 2120 2736 precibus
2150 2680 2180 2720 a
2212 2680 2329 2719 mo-

753 2761 979 2817 nasterii
1012 2759 1271 2829 przefecto
1303 2759 1730 2824 contenderunt,
1762 2767 1824 2812 ut
1849 2767 1977 2813 ante
2005 2772 2136 2813 suos
2188 2771 2327 2812 ocu-

750 2858 833 2914 los
858 2854 1160 2910 monastieo
1185 2867 1310 2908 eum
1341 2854 1544 2907 amictu
1589 2851 1864 2910 indueret.
1909 2851 2006 2906 llle
2035 2866 2166 2906 vero
2188 2849 2330 2905 hanc

752 2967 867 3005 rem
899 2965 1091 3003 rursus
1138 2947 1509 3003 communicat
1558 2945 1865 3009 monachis,
1925 2954 1982 3000 et
2036 2953 2328 3013 postquam

751 3040 876 3093 illus
930 3052 1148 3107 quoque
1182 3035 1318 3090 vidit
1364 3035 1639 3106 assentiri,
1694 3049 1817 3090 cum
1849 3035 2106 3105 jusslssct
2136 3049 2330 3092 omnes

751 3129 1070 3199 congregari
1106 3129 1162 3182 in
1190 3127 1498 3192 Dominico,
1529 3135 1586 3182 et
1618 3125 1832 3181 Danieli
1863 3141 2074 3181 sacram
2105 3126 2332 3182 recitas-

753 3231 836 3278 set
860 3221 1122 3291 regulam,
1177 3217 1368 3274 tondet
1406 3219 1459 3273 ei
1515 3218 1766 3288 capillos,
1791 3227 1846 3272 et
1876 3218 2177 3274 monastico
2203 3233 2330 3274 eum

754 3314 936 3370 induit
969 3312 1180 3375 habitu,
1218 3310 1312 3380 qui
1348 3309 1458 3378 jam
1505 3309 1648 3365 sicut
1697 3310 1950 3364 monachi
1987 3309 2226 3374 vivebat,
2274 3321 2330 3367 et

750 3406 936 3462 vivere
967 3408 1255 3459 statuerat.
1287 3400 1424 3456 Cum
1452 3400 1571 3471 ejus
1600 3409 1784 3455 autem
1829 3400 2182 3471 praccpisset
2230 3415 2333 3471 pa-

2431 2664 2653 2736 ινδυμα.
2707 2665 2766 2719 ’0
2795 2664 2853 2716 δε
2881 2667 3012 2736 περὶ
3054 2664 3248 2718 τούτου
3275 2663 3442 2718 πάλιν
3485 2664 3886 2732 κοινολογεῖται
3909 2665 4018 2726 τοῖς

2434 2758 2709 2828 μυναχοις,
2742 2759 2839 2810 καὶ
2885 2757 3009 2812 επεὶ
3058 2755 3353 2819 κάκείνους
3403 2751 3515 2826 εἷχε
3571 2755 4019 2826 συντιθεμένους,

2431 2847 2693 2912 κελεύσας
2723 2849 2972 2913 ἅπαντας
3004 2849 3064 2902 εν
3091 2847 3170 2918 τῷ
3219 2848 3470 2920 κυριακῷ
3504 2848 3870 2918 συναχθῆναι,
3929 2852 4022 2905 καὶ

2431 2941 2522 2996 τὸν
2547 2943 2691 3014 ἱερὸν
2730 2944 2945 3015 ὲπᾲσας
2980 2942 3182 2997 κανόνα
3216 2941 3296 3013 τῷ
3331 2941 3530 3011 Δανιὴλ
3575 2942 3754 3008 κείρει
3781 2958 3841 2994 τε
3875 2942 4022 3013 αὐτῷ

2431 3036 2530 3099 τὰς
2554 3036 2745 3106 τρίχας
2778 3038 2873 3090 καὶ
2911 3035 2978 3088 τά
3019 3034 3132 3087 τῶν
3195 3033 3447 3105 μοναχῶν
3499 3033 3675 3088 δνδύει
3727 3035 3824 3088 τὸν
3881 3036 4021 3088 κατά

2437 3129 2707 3200 μοναχοὺς
2736 3128 2837 3199 ήδη
2869 3130 2963 3183 καὶ
2987 3127 3208 3198 βιοῦντα
3238 3131 3334 3183 καὶ
3361 3127 3460 3198 ζῇν
3487 3128 3766 3198 ἑλόμενον.
3814 3128 4021 3181 ἐντει-

2433 3221 2664 3291 λάμενος
2692 3219 2749 3274 δι
2787 3221 2901 3284 τοῖς
2922 3220 3087 3274 αὑτοῦ
3113 3219 3359 3291 πατράσι
3389 3219 3489 3290 τῆς
3516 3218 3686 3290 μονῆς
3740 3219 4023 3288 προεστὼς

2437 3311 2512 3382 μὴ
2541 3315 2752 3376 πυκνάς
2781 3313 3055 3366 ποιεῖσθαι
3091 3313 3229 3383 πρὸς
3250 3313 3342 3366 τὸν
3381 3311 3548 3366 παῖδα
3577 3315 3676 3375 τὰς
3725 3313 4019 3383 προσελεύο

2436 3418 2571 3467 σεις,
2591 3403 2880 3474 χαίροντας
2902 3403 3199 3475 ἐκπέμπει.

752 3496 1022 3561 rentibus,
1053 3510 1121 3550 ne
1149 3493 1212 3548 ad
1242 3492 1415 3547 lilium
1443 3492 1760 3563 frequenter
1816 3493 2165 3560 accederent,
2223 3493 2375 3548 laetos
2399 3494 2625 3561 emittit,
2659 3495 2808 3566 quod
2833 3496 3058 3567 quidem
3113 3504 3199 3553 est
3259 3497 3416 3553 valde
3475 3513 3703 3565 novum,
3764 3508 4024 3570 parentes

748 3587 990 3657 privatos
1017 3587 1144 3642 filio.

754 3755 766 3767 .
825 3679 914 3734 Vl.
946 3681 1072 3734 Erat
1100 3695 1231 3751 ergo
1263 3680 1373 3734 illic
1397 3678 1595 3734 beatus
1657 3679 1844 3736 Daniel
1903 3679 2221 3751 proficiens,
2275 3691 2331 3738 et

2513 3673 2741 3746 qn'm
2793 3673 2889 3733 οὖν
2939 3678 2968 3732 6
3018 3677 3290 3751 μακάριος
3344 3680 3464 3733 his!
3508 3678 3709 3750 Δανιὴλ
3749 3682 4024 3752 πνεύματι

753 3771 1093 3827 Invalescens
1129 3774 1350 3842 spiritu,
1400 3780 1454 3826 et
1488 3771 1538 3825 ei
1585 3773 1856 3827 crescenti
1906 3772 2066 3827 simul
2113 3788 2331 3843 quoque

2437 3770 2761 3840 προκόπτων
2791 3773 2886 3825 καὶ
2919 3769 3377 3842 κραταιούμενος.
3416 3772 3484 3826 ὀ
3526 3772 3582 3824 δι
3630 3773 3729 3841 τῆς
3775 3775 4024 3843 μείζονος

753 3864 1283 3919 crescebantomnia
1315 3864 1526 3918 semina
1567 3863 1816 3930 virtutis,
1865 3875 1920 3920 et
1967 3865 2073 3920 alia
2111 3880 2334 3935 quoque

751 3955 900 4010 baud
937 3955 1009 4008 ita
1043 3956 1215 4009 multo
1249 3965 1371 4025 post
1404 3963 1778 4012 accesserunt.
1817 3954 1974 4022 Quod
2029 3964 2212 4012 autem
2240 3973 2334 4013 ex-

742 4044 1090 4100 eellentioris
1118 4045 1168 4100 ei
1194 4044 1298 4099 fuit
1326 4045 1452 4099 vita:
1495 4046 1854 4116 principium,
1906 4055 1964 4101 et
2011 4047 2167 4103 radix
2212 4047 2334 4104 fru-

750 4149 965 4203 ctuum,
991 4140 1084 4209 qui
1109 4149 1296 4209 postea
1321 4147 1714 4207 provenerunt,
1738 4139 1843 4194 hoe
1865 4141 1976 4210 jam
2003 4153 2126 4196 sum
2155 4142 2332 4196 dictu-

756 4245 874 4285 rus.
901 4229 1007 4284 Cor
1035 4232 1153 4302 ejus
1185 4231 1437 4286 accendit
1468 4246 1624 4292 amor
1655 4231 1895 4297 divinus,
1929 4232 2066 4287 etin
2120 4247 2185 4287 eo
2239 4248 2331 4289 ve-

758 4323 985 4376 hemens
1034 4323 1234 4376 excitat
1281 4322 1618 4377 desiderium
1670 4322 1894 4378 videndi
1950 4322 2068 4379 loca
2124 4322 2217 4379 illa
2275 4323 2330 4378 in

755 4415 956 4484 quibus
985 4413 1237 4468 Christus
1266 4428 1366 4483 pro
1422 4415 1584 4470 nobis
1650 4423 1735 4469 est
1773 4427 1990 4484 passus,
2021 4423 2078 4471 et
2129 4414 2221 4470 ubi
2247 4423 2333 4471 est

756 4505 1024 4576 sepultus,
1055 4514 1110 4559 et
1135 4505 1302 4570 unde,
1331 4521 1454 4561 cum
1486 4506 1840 4571 surrexisset,
1865 4506 2113 4563 ascendit
2136 4508 2192 4562 in
2219 4522 2332 4565 cm-

755 4600 860 4653 lbs.
896 4597 1068 4652 Simul
1097 4605 1277 4651 autem
1302 4597 1488 4654 divina
1519 4612 1743 4670 quoque
1774 4598 2025 4669 quaedam
2059 4598 2332 4669 cupiditas

754 4689 875 4756 ejus
907 4687 1281 4744 inflammabat
1329 4691 1595 4756 animum,
1652 4690 1878 4746 videndi
1934 4691 2112 4746 virum
2177 4691 2331 4745 illum

747 4786 1010 4849 magnum
1038 4778 1093 4834 in
1123 4779 1540 4845 exercitatione,
1559 4780 1902 4849 Simeonem,
1945 4782 2186 4852 inquam,
2236 4783 2329 4853 qui

753 4879 872 4926 erat
907 4870 961 4923 in
989 4872 1284 4937 columna;
1345 4881 1401 4926 et
1451 4873 1723 4929 accedens
1754 4873 1822 4928 ad
1856 4873 2178 4944 prafectum
2209 4890 2329 4930 mo-

755 4963 1007 5028 nasterii,
1036 4962 1100 5017 'itl
1129 4963 1272 5033 quod
1305 4963 1540 5031 volebat,
1576 4965 1627 5019 ei
1653 4965 2115 5030 communicavit,
2159 4974 2215 5021 et
2241 4981 2331 5020 ro-

2433 3861 2585 3932 αύτῷ
2633 3861 2914 3924 πολιτείας
2943 3863 3086 3932 ἀρχὴ
3119 3863 3350 3917 καὶτῶν
3388 3863 3528 3931 μετά
3574 3864 3751 3918 ταῦτα
3795 3870 4025 3938 καρπῶν

2433 3950 2648 4022 ήρίζα,
2702 3949 2861 4004 τοῦτο
2889 3951 2944 4005 δὲ
2971 3955 3064 4007 καὶ
3116 3953 3286 4017 λέξων
3330 3954 3592 4025 ἄρχομαι.
3630 3956 3817 4026 Ἐρως
3858 3959 4022 4012 αὑτοῦ

2433 4045 2576 4109 θεῖος
2595 4045 2696 4117 τὴν
2721 4044 2951 4114 καρδίαν
2970 4044 3369 4116 διαθερμαίνει,
3400 4049 3497 4101 καὶ
3526 4048 3755 4118 σφοδρὸν
3783 4049 4021 4103 ἀνάπτει

2434 4137 2644 4208 πυρσὸν
2685 4136 2815 4190 ίδεῖν
2863 4136 3067 4200 τόπους
3130 4137 3375 4201 ὶκείνους
3423 4139 3483 4192 ιν
3508 4132 3591 4202 οἷς
3631 4141 3658 4192 6
3703 4139 3943 4210 Χριστὸς
3969 4143 4024 4194 τὸ

2435 4229 2573 4301 ὑπὲρ
2622 4227 2780 4300 ήμῶν
2833 4227 3125 4294 ἀνεδέξατο
3166 4229 3361 4294 πάθος,
3393 4232 3489 4284 καὶ
3516 4225 3578 4284 οῦ
3605 4230 3908 4299 τέθαπται,
3934 4238 4025 4290 καὶ

2431 4320 2553 4374 ὅθεν
2582 4319 2885 4384 εξαναστάς
2920 4319 3062 4390 πρὸς
3089 4319 3358 4389 οὐρανοὺς
3391 4321 3745 4391 ἀνελήλυθεν.
3784 4324 3940 4394 ’Δμα
3971 4326 4020 4378 δὲ

2433 4414 2528 4468 καὶ
2561 4411 2682 4466 θεία
2721 4430 2808 4476 τις
2836 4412 3110 4485 δπιθυμία
3137 4413 3398 4483 διέφλεγε
3453 4413 3555 4486 τὴν
3607 4413 3792 4486 ψυχὴν
3823 4418 3916 4470 τὸν
3970 4419 4022 4470 ἐν

2428 4503 2662 4574 ἀσκήσει
2690 4502 2890 4574 μέγαν,
2921 4503 3016 4558 τδν
3031 4504 3125 4558 επὶ
3151 4502 3245 4557 τοῦ
3277 4504 3498 4572 στύλου,
3522 4507 3688 4576 φημὶ,
3719 4505 4020 4562 θεάσασθαι

2433 4595 2679 4667 Συμεών.
2711 4597 2822 4652 Καὶ
2840 4596 2903 4668 δὴ
2927 4595 3006 4668 τῷ
3030 4594 3336 4668 προεστῶτι
3363 4595 3464 4666 τῆς
3495 4596 3667 4668 μονῆς
3699 4599 4019 4669 προσελθὼν

2432 4685 2706 4742 ἐκοινοῦτό
2735 4703 2796 4740 τε
2849 4686 2912 4742 τὸ
2930 4686 3208 4759 βούλημα,
3249 4689 3346 4744 καὶ
3379 4685 3456 4758 μὴ
3490 4689 3788 4759 ἀποτυχεῖν
3817 4692 3916 4760 τῆς
3946 4693 4020 4744 al-

2430 4783 2638 4851 τήσεως
2664 4780 2951 4851 ἠντιϐόλει.
3000 4782 3060 4836 '0
3081 4781 3137 4836 at
3166 4783 3288 4836 τότε
3323 4779 3425 4850 μὶν
3459 4780 3605 4836 ἑκὼν
3635 4785 3738 4836 οὐκ
3789 4786 4014 4856 ἀπέτρε-

2431 4874 2498 4943 ψε
2521 4889 2537 4906 ο
2570 4873 2691 4944 μετ’
2718 4874 2783 4927 ού
2835 4874 2973 4928 πολὺ
3008 4875 3066 4931 δι
3115 4879 3208 4933 καὶ
3244 4880 3396 4935 ἀκων
3440 4877 3666 4948 ἐφῆκεν.
3698 4878 3789 4943 Ὦς
3827 4885 3935 4952 γὰρ
3959 4878 4017 4952 ἦν

2433 4963 2582 5034 αὐτῷ
2611 4965 2912 5031 ἀναγκαῖον
2953 4966 3049 5018 ini.
3073 4966 3172 5037 τὴν
3188 4965 3463 5041 Ἀντιόχου
3498 4971 3694 5041 φοιτᾷν
3724 4972 4018 5043 summa.

752 5054 898 5122 gavit
927 5070 993 5109 ne
1021 5055 1168 5125 quod
1202 5055 1443 5124 petebat,
1476 5056 1580 5110 sibi
1610 5056 1999 5126 denegantur.
2055 5057 2152 5112 llle
2189 5072 2321 5112 vero

2431 5056 2628 5110 στικῶν
2653 5056 2814 5111 ῐνεκα
2843 5059 3165 5130 φροντίδων,
3194 5061 3318 5117 τότε
3350 5063 3417 5135 δὴ
3443 5063 3648 5120 καὶτὸν
3674 5066 3881 5135 Δανιὴλ
3905 5064 4014 5136 μεθ’

751 5156 886 5201 tunc
917 5148 1138 5216 quidem
1168 5162 1266 5202 sua
1298 5155 1494 5217 sponte
1525 5164 1632 5203 non
1656 5149 1970 5214 concessit;
2003 5149 2168 5219 paulo
2196 5159 2324 5220 post

748 5249 934 5294 autem
970 5239 1053 5296 vel
1083 5240 1287 5296 invitus
1311 5241 1540 5297 dimisit.
1569 5242 1704 5296 Nam
1733 5258 1858 5298 cum
1883 5243 1935 5298 ei
1986 5258 2212 5298 necesse
2236 5259 2326 5299 cs-

751 5341 834 5386 set
864 5332 1051 5387 venire
1073 5332 1678 5404 Antiochiam,propter
1710 5349 1871 5391 curas
1898 5336 2320 5403 ecclesiasticas,

747 5435 885 5477 tunc
910 5439 1035 5478 cum
1074 5439 1258 5478 secum
1291 5427 1676 5494 assumpsisset
1740 5425 2042 5489 Danielem.
2072 5436 2128 5483 et
2161 5443 2326 5498 quos-

752 5516 877 5570 dam
943 5516 1080 5572 alios
1111 5515 1328 5582 fratres,
1380 5517 1573 5586 incipit
1619 5518 1728 5574 iter
1783 5519 2119 5591 ingredi.--Et
2181 5531 2329 5591 post-

750 5623 916 5677 quam
950 5607 1184 5664 fuissent
1211 5609 1266 5663 in
1295 5609 1388 5664 illo
1426 5609 1569 5676 vico,
1592 5611 1684 5681 qui
1727 5613 2043 5667 nominatur
2101 5597 2324 5680 Telada,

750 5699 849 5754 ubi
876 5717 1101 5774 magnus
1137 5702 1224 5758 ille
1248 5708 1304 5758 in
1339 5704 1626 5760 sanctitate
1663 5703 1885 5762 Simeon
1943 5719 2170 5776 magnos
2201 5706 2324 5764 illos

2432 5148 2626 5202 ἑαυτοῦ
2670 5151 2766 5203 καί
2801 5167 2957 5216 τινας
2999 5152 3194 5217 ἀλλους
3227 5155 3336 5208 τῶν
3357 5153 3609 5226 ἀδελφῶν
3660 5160 4014 5231 συμπαραλα-

2433 5239 2562 5306 ϐὼν,
2598 5241 2697 5312 τῆς
2732 5243 2960 5314 πορείας
2994 5243 3247 5316 ἄρχεται.
3298 5247 3411 5303 Καὶ
3439 5247 3628 5320 ιπειδὴ
3680 5252 3830 5304 κατά
3866 5252 4012 5323 τήνδε

2432 5332 2528 5404 τὴν
2549 5333 2742 5406 κώμην
2766 5336 3069 5408 εγενοντοή
3099 5338 3164 5410 δὴ
3185 5342 3280 5395 καὶ
3301 5339 3545 5394 Τελαδάν
3576 5343 3933 5412 ὀνομάζεται,
3957 5338 4010 5398 οῦ

2435 5426 2530 5480 καὶ
2556 5424 2584 5477 6
2622 5426 2795 5495 μέγας
2814 5428 2872 5480 ἐν
2905 5427 3142 5499 ὁσιότητι
3186 5427 3419 5500 Συμεὼν
3442 5430 3569 5495 τοὺς
3596 5433 3847 5503 μακροὺς
3882 5435 4014 5488 εκεί-

2433 5533 2554 5582 νους
2581 5517 2682 5586 τῆς
2707 5518 2996 5591 ἀσκήσεως
3040 5521 3261 5589 ἀγῶνας
3307 5523 3547 5594 διήνυεν.
3589 5523 3746 5577 Ἐπεὶ
3793 5526 3855 5579 δὲ
3887 5528 4010 5597 πρὸς

2431 5610 2579 5681 αὐτῷ
2608 5611 2709 5683 ήδη
2731 5611 2811 5681 τῷ
2841 5614 3020 5685 στύλῳ
3049 5616 3310 5684 γίνοιντο,
3351 5617 3583 5671 ιθεῶντό
3604 5635 3663 5671 τε
3697 5618 3758 5672 τὸ
3785 5619 3884 5673 τοῦ
3909 5623 4009 5672 κίο·

2431 5720 2520 5768 νος
2553 5703 2684 5775 ῦψος
2721 5709 2818 5761 καὶ
2845 5705 2943 5777 τὴν
2965 5707 3060 5760 τοῦ
3092 5708 3259 5762 τόπου
3285 5708 3628 5781 τραχύτητα,
3675 5714 3771 5766 καὶ
3810 5713 3958 5776 ὅπως
3984 5712 4006 5765 6

751 5795 1052 5864 peragebat
1097 5794 1315 5850 labores
1346 5795 1779 5863 exercitationis,
1834 5812 1960 5852 cum
2019 5797 2086 5852 ad
2147 5798 2319 5868 ipsam

2431 5796 2686 5865 γεννάδας
2719 5799 2924 5874 ἐκεῖνος
2955 5798 3116 5870 ἔφερε
3142 5802 3238 5856 καὶ
3272 5803 3488 5872 κρυμὸν
3511 5801 3782 5874 χειμῶνος
3808 5807 3907 5859 καὶ
3931 5803 4006 5858 θί-

744 5886 865 5957 Ῑσιω
897 5887 1176 5944 venissent
1214 5889 1551 5960 columnam,
1599 5890 2114 5964 contemplabantur
2148 5900 2203 5952 ct
2233 5907 2330 5951 co-

2443 5907 2569 5962 ρους
2595 5891 2846 5964 φλογμὸν
2878 5895 2972 5949 καὶ
3013 5892 3244 5966 ἀπειλὴν
3275 5893 3500 5969 ὄμϐρων
3531 5899 3630 5957 καὶ
3687 5898 4002 5970 πνευμάτων
