4214 6444
756 349 862 413 979
1903 350 2370 413 ADDENDA.—
2403 351 2840 414 DECEMBER.
3913 345 4030 412 990

753 461 1012 526 vestitus,
1043 474 1179 514 cana
1211 469 1392 515 autem
1439 477 1616 526 coma,
1667 472 1721 515 et
1756 465 1849 532 qui
1884 473 2004 520 erat
2040 466 2094 520 in
2125 467 2312 521 omni-
2345 470 2388 526 Α

2369 471 2388 526 ι
2419 469 2451 536 ἡ
2487 468 2648 538 στολὴ
2674 469 2932 539 μοναχοῦ,
2953 471 2987 538 ἡ
3032 467 3155 537 θρὶξ
3187 467 3398 531 πολιοῦ,
3423 466 3601 520 πάντα
3630 466 3844 537 ὁμοίως
3873 465 4033 536 ἔχων

753 553 859 609 bus
913 551 1114 608 similis
1145 551 1384 607 Simeoni
1423 555 1517 623 qui
1569 563 1687 610 ernt
1741 556 1797 610 in
1848 558 2127 614 columna.
2182 558 2317 631 Syra

2420 557 2499 626 τῷ
2528 559 2621 612 επὶ
2644 559 2736 612 τοῦ
2765 559 2944 621 κίονος
2968 557 3214 628 Συμεών.
3247 558 3566 629 Προσειπὼν
3591 555 3686 612 οὖν
3712 557 3790 628 τῷ
3816 556 4029 627 Δανιὴλ

757 659 890 700 vero
921 644 1105 716 lingua
1141 646 1412 701 allocutus
1447 647 1747 711 Dauielem,
1805 661 1862 705 et
1907 667 2033 707 eum
2079 654 2320 723 comple-

2421 649 2486 720 τῇ
2524 647 2713 718 Σύρων
2763 647 2998 720 γλώττῃ,
3037 650 3129 701 καὶ
3162 646 3554 716 ἀσπασάμενος
3583 644 3778 717 ἠρώτα
3833 645 3929 704 τίς
3963 660 4027 696 τε

756 751 880 800 xus,
911 737 1142 807 rogavit,
1169 752 1408 806 quonam
1448 737 1552 793 iter
1584 755 1743 794 suum
1789 741 2072 811 dirigeret.
2098 743 2195 799 Ille
2219 760 2316 799 au-

2421 740 2572 812 αὐτῷ
2595 741 2630 812 ἡ
2657 742 2852 811 πορεία
2877 739 2972 794 καὶ
2998 739 3101 794 ποῦ
3147 739 3406 811 φέρουσα.
3454 739 3514 792 ’0
3540 738 3620 801 δὲ,
3669 737 3736 791 El
3757 738 3921 791 δοκεῖ
3946 735 4031 806 τῷ

757 837 869 883 tem
926 844 941 882 :
999 827 1053 883 Si
1115 827 1249 890 Deo.
1309 829 1508 899 inquit,
1563 832 1804 894 videtur.
1869 835 2010 889 vado
2071 835 2140 890 ad
2199 837 2319 892 loca

2421 833 2563 904 Θεῷ,
2587 834 2774 903 φησιν,
2794 834 2886 887 lui.
2913 833 3038 896 τοὺς
3068 833 3263 900 ἁγίους
3292 833 3489 900 ἄπειμι
3526 831 3751 892 τόπους.
3811 829 4018 881 Kcist-

757 929 966 974 sancta.
1001 918 1052 974 Is
1083 933 1216 974 vero
1241 920 1519 991 excipiens
1550 939 1564 976 :
1593 923 1765 979 Recte
1803 924 2013 991 dixisti,
2046 925 2249 996 inquit,
2276 927 2321 982 si

2423 943 2510 990 νος
2534 924 2842 989 ὑπολαϐὼν,
2901 925 3092 988 Καλῶς
3125 924 3374 994 εἴρηκας.
3401 918 3582 984 εἶπεν,
3641 923 3705 974 Ei.
3739 921 3901 973 δοκεῖ
3953 918 4035 988 τῷ

760 1009 873 1065 Deo
899 1009 1143 1067 videtur.
1174 1012 1330 1068 Nunc
1376 1023 1559 1069 autem
1604 1025 1758 1072 certo
1789 1017 1950 1081 scias,
1989 1017 2041 1071 id
2067 1017 2214 1088 quod
2238 1027 2324 1074 est

2425 1017 2565 1089 Θεῷ.
2591 1017 2706 1072 Νῦν
2727 1017 2784 1072 δι
2810 1017 2919 1071 ῐσθι
2949 1016 3136 1087 σαφῶς
3158 1017 3233 1080 ὼς
3272 1016 3333 1070 οὐ
3362 1015 3506 1069 κατὰ
3535 1013 3768 1083 γνώμην
3801 1010 3936 1080 Θεῷ
3966 1010 4036 1063 τδ

2428 1111 2821 1183 προκείμενονο
2869 1110 2931 1164 οὐ
2986 1111 3096 1182 γὰρ
3131 1109 3376 1179 ἀκήκοας
3424 1107 3525 1177 τὴν
3563 1107 3621 1160 εν
3674 1103 4038 1173 Παλαιστίνη

2429 1203 2616 1258 στάσιν
2659 1203 2754 1256 καὶ
2786 1203 3056 1272 ταραχήν.
3108 1203 3218 1255 Καὶ
3252 1201 3332 1266 ὃς,
3394 1201 3658 1269 Ἀκήκοα,
3695 1197 3846 1268 [my
3884 1197 4037 1265 πλὴν

2425 1293 2543 1349 ἀλλ’
2565 1294 2658 1347 επὶ
2686 1292 2805 1363 Θεῷ
2829 1292 3145 1364 τεθάρρηκα
3170 1291 3363 1362 βοηθὸν
3389 1291 3534 1356 ἕξειν
3555 1290 3747 1352 αὐτὸν,
3778 1287 4034 1355 μάλιστα

2431 1384 2530 1456 μὲν
2549 1385 2669 1438 οὖδι
2715 1385 2817 1455 τὴν
2843 1383 3018 1455 ἀρχὴν
3050 1384 3256 1449 ἐλπίζω
3281 1383 3517 1450 πονηρόν
3560 1380 3652 1448 μοί
3682 1398 3736 1433 τι
3772 1373 4048 1449 προσπε-Δ

2429 1475 2578 1528 σεῖν·
2607 1475 2656 1528 εί
2689 1473 2746 1529 δέ
2768 1491 2820 1526 τι
2842 1475 2935 1528 καὶ
2958 1473 3201 1527 τοιοῦτον
3231 1472 3437 1544 συμϐῇ,
3464 1491 3483 1524 ι
3523 1473 3633 1524 εῐτε
3665 1469 3883 1538 ζῶμεν,
3920 1471 4033 1521 εἴτε

2431 1565 2868 1637 ἀποθνήσκομεν,
2891 1566 2985 1618 τοῦ
3018 1565 3226 1636 Κυρίου
3255 1566 3444 1635 ἔσμεν.
3476 1583 3494 1616 ι
3524 1564 3889 1634 Δυσχεράνας
3935 1559 4032 1615 οὖν

2431 1660 2457 1711 6
2487 1657 2666 1721 πολιὸς
2696 1659 2784 1711 επὶ
2811 1657 3012 1728 τούτῳ,
3045 1659 3354 1726 ἀπέστρεφὲ
3385 1675 3442 1710 τε
3473 1657 3569 1727 τὴν
3589 1657 3735 1726 ὄψιν,
3756 1658 3883 1717 καὶ,
3914 1657 4029 1708 037.

2431 1748 2715 1819 ἀνέχομαι,
2756 1750 2929 1817 ιλεγε,
2963 1749 3037 1820 μὴ
3062 1751 3171 1820 γὰρ
3201 1749 3494 1819 ἐπιτρέψαι
3522 1749 3616 1801 τὸν
3642 1748 3782 1802 Θεὸν
3806 1750 4031 1816 tmpes-

2361 1801 2401 1857 ¹³
2432 1801 2836 1902 «nivium;
2856 1801 3221 1910 agitas;
3242 1837 3318 1909 τῷ
3335 1801 3562 1908 ’θένάτῳ
3595 1837 3689 1891 καὶ
3732 1801 4029 1908 βιάζεσθαι

2431 1929 2529 2001 τὴν
2556 1929 2853 2000 ἀναίρεσιν.
2899 1931 3136 1992 Ἐκεῖνός
3177 1932 3324 1983 ἑστιν
3366 1932 3393 1983 6
3424 1928 3624 1982 εἰπών·
3670 1947 3689 1980 ε
3738 1929 3872 1981 Ἐὰν
3903 1929 4027 1980 διῶ-

2433 2039 2601 2077 κωσιν
2628 2023 2772 2093 ὑμᾶς
2815 2025 2877 2076 εκ
2906 2023 3068 2092 τῆσδε
3100 2021 3198 2089 τῆς
3224 2021 3451 2085 πόλεως,
3499 2021 3734 2089 φεύγετε
3783 2023 3868 2083 εἰς
3932 2022 4028 2089 τὴν

2430 2114 2616 2186 ἄλλην.
2650 2133 2668 2168 ι
2719 2114 2826 2170 Τοῦ
2853 2116 2909 2169 δὲ
2939 2113 3211 2186 μακαρίου
3256 2112 3497 2178 εἴξαντος
3528 2113 3665 2182 πρὸς
3695 2113 3800 2182 τὴν
3831 2113 4027 2166 (vasa.-

2433 2223 2537 2270 σιν,
2558 2206 2672 2272 καὶ,
2689 2206 2749 2259 Εἰ
2768 2205 2916 2258 εστιν
2937 2205 3082 2271 αύτῷ
3100 2203 3313 2270 δοκοῦν,
3347 2205 3615 2268 εἰπόντος,
3645 2206 3748 2259 οὐκ
3780 2205 4024 2259 ἀναϐαλ-

2431 2298 2597 2368 λομαι
2623 2297 2721 2370 τὴν
2742 2298 3111 2367 ὑποστροφὴν,
3137 2297 3211 2350 Οὐ
3243 2296 3596 2367 συμϐουλεύω
3625 2297 3689 2366 δή
3718 2314 3828 2357 σοι,
3859 2297 4024 2365 φησὶν

2433 2391 2660 2453 ἐκεῖνος,
2721 2389 2898 2458 πάντη
2949 2389 3046 2459 τῆς
3098 2387 3308 2459 ἀγαθῆς
3362 2389 3568 2458 ταύτης
3618 2390 4022 2457 ἐπιχειρήσεως

2435 2480 2760 2549 ἀποστῆναι,
2791 2479 3018 2549 μάταιος
3049 2480 3157 2549 γὰρ
3188 2481 3254 2534 ἂν
3298 2481 3416 2549 εἴην
3441 2498 3455 2511 ο
3492 2480 3605 2533 ἀλλ’
3638 2481 3690 2531 εἴ
3712 2498 3804 2547 μοι
3833 2479 4020 2547 πεέὓῃ,

2433 2571 2499 2624 τὰ
2527 2570 2634 2641 ιῷα
2663 2572 2876 2642 χαίρειν
2915 2572 3082 2625 πολλὰ
3114 2573 3349 2640 φράσας,
3381 2573 3482 2642 τὴν
3507 2573 3599 2624 ἐπὶ
3640 2573 3700 2624 τὸ
3722 2572 4020 2634 Βυζάντιον

761 1099 862 1155 tibi
888 1103 1254 1171 propositum,
1297 1118 1408 1158 non
1453 1121 1576 1160 esse
1607 1123 1674 1162 ex
1729 1107 1825 1162 Dei
1859 1109 2152 1164 sententia.
2205 1110 2323 1164 Non

759 1191 907 1245 enim
935 1191 1198 1248 audivisti
1227 1193 1556 1252 seditionem
1583 1205 1639 1252 et
1666 1199 1985 1267 tumultum,
2019 1201 2115 1270 qui
2147 1209 2235 1257 est
2267 1201 2324 1256 in

760 1282 1090 1339 Palaestina?
1130 1282 1225 1342 ille
1252 1302 1401 1350 vero.
1453 1288 1676 1354 Audivi.
1730 1289 1933 1358 inquit,
1967 1294 2066 1349 sed
2105 1293 2160 1348 in
2212 1293 2326 1349 Deo

762 1375 975 1430 confido
1009 1392 1137 1432 eum
1170 1378 1304 1433 mihi
1333 1379 1579 1435 futurum
1610 1381 1950 1453 adjutorem;
1991 1394 2047 1440 et
2090 1383 2326 1441 maxime

763 1466 986 1535 quidem
1039 1483 1203 1538 spero
1245 1473 1474 1526 omnino
1516 1472 1654 1537 fore,
1706 1483 1766 1527 ut
1818 1491 1887 1529 ne
1961 1476 2087 1530 mali
2120 1477 2325 1550 aliquid

762 1558 922 1614 nobis
951 1561 1177 1616 omnino
1214 1563 1447 1619 accidat.
1481 1563 1576 1620 Sin
1622 1573 1808 1620 autem
1852 1567 2061 1636 aliquid
2099 1568 2204 1623 tale
2238 1583 2328 1625 ae-

762 1649 979 1716 ciderit,
1014 1671 1032 1701 ι
1068 1667 1165 1708 seu
1190 1654 1458 1720 vivamus,
1485 1671 1582 1711 seu
1625 1658 1952 1722 moriamur,
2000 1675 2193 1714 smnus
2219 1659 2327 1716 Do-

764 1741 960 1796 mini'.
994 1763 1012 1795 ι
1047 1744 1145 1798 lllo
1179 1755 1362 1800 autem
1418 1747 1528 1803 hoc
1581 1749 1968 1818 propheticum
2012 1751 2326 1822 proferente

763 1848 1092 1902 responsum
1127 1853 1143 1891 :
1188 1836 1295 1892 «Ne
1339 1838 1560 1894 dederis
1607 1840 1659 1893 iu
1689 1841 2111 1897 commotionem
2136 1843 2328 1912 pedem

764 1934 941 1986 tuum,
973 1934 1028 1980 et
1076 1942 1185 1981 non
1216 1928 1561 1993 dormitabit,
1614 1933 1707 2000 qui
1762 1941 1812 1985 te
1848 1931 2110 1994 custodit.
2164 1948 2330 2004 ange-

763 2018 850 2070 lus
877 2021 920 2082 ³,
953 2037 972 2072 ι
1007 2034 1132 2073 cum
1164 2021 1230 2075 ad
1257 2022 1360 2076 hoc
1391 2032 1645 2094 prompto
1693 2031 1748 2078 et
1792 2023 1954 2077 alacri
2015 2025 2198 2078 animo
2239 2040 2327 2078 re-

763 2111 1076 2178 spondisset
1093 2113 1305 2178 Daniel,
1326 2113 1538 2176 dicens,
1561 2115 1788 2168 omnino
1808 2115 2013 2169 bonum
2041 2131 2162 2170 esse
2189 2115 2329 2171 mori

763 2212 994 2271 propter
1039 2203 1341 2269 Christum,
1400 2205 1450 2260 id
1480 2223 1620 2276 πετο
1675 2205 1855 2260 ferens
1902 2222 2091 2271 canus,
2129 2211 2331 2262 avertit

762 2294 982 2360 faciem,
1015 2305 1071 2349 et
1103 2312 1115 2349 :
1151 2295 1270 2350 Non
1303 2295 1442 2362 fero,
1499 2297 1658 2353 dixit.
1717 2297 1835 2351 Non
1873 2299 2022 2351 enim
2079 2296 2332 2368 permisit

766 2386 930 2451 Deus,
959 2396 1021 2441 ut
1055 2402 1155 2442 nos
1186 2387 1575 2457 intempestive
1609 2390 1662 2444 in
1687 2398 1918 2444 mortem
1950 2391 2330 2460 conjiciamus,

764 2484 822 2529 et
853 2487 914 2530 ιιι
961 2492 1062 2546 per
1094 2479 1201 2530 vim
1236 2477 1655 2543 interficiamur,
1691 2494 2074 2548 procuremus.
2124 2481 2218 2536 llle
2249 2491 2332 2536 est

765 2570 936 2634 euim,
968 2571 1059 2640 qui
1088 2570 1225 2624 dixit
1255 2587 1270 2623 :
1314 2589 1330 2621 ι
1353 2571 1408 2625 Si
1445 2581 1845 2640 persequantur
1861 2588 1955 2627 vos
1972 2588 2037 2627 ex
2071 2575 2172 2627 hac
2198 2574 2334 2628 civi-

764 2671 896 2725 tate,
927 2661 1097 2732 fugite
1149 2663 1204 2716 in
1241 2662 1463 2716 aliam‘.
1506 2681 1524 2714 ι
1558 2661 1693 2718 Cum
1722 2674 1907 2717 autem
1968 2666 2333 2720 concessisset

766 2764 990 2809 sanctus
1020 2754 1341 2822 objectioni,
1382 2765 1438 2808 et
1466 2755 1694 2810 dixisset
1723 2773 1736 2810 :
1778 2754 1832 2810 Si
1865 2756 1964 2810 tibi
1990 2759 2065 2811 ita
2093 2758 2331 2825 videtur,

765 2846 902 2900 nihil
956 2861 1141 2900 moror
1169 2845 1450 2899 reditum:
1510 2845 1630 2900 Non
1681 2849 1932 2911 consulo,
1982 2849 2163 2919 inquit
2214 2850 2330 2914 ille,

765 2938 889 3002 tibi,
944 2949 1003 2990 ut
1055 2937 1124 2989 ab
1175 2937 1279 2991 hoc
1324 2947 1504 3006 coepto
1549 2939 1774 2993 omnino
1825 2938 2100 3002 desistas,
2133 2941 2334 2995 stultus

764 3033 914 3085 enim
941 3045 1152 3095 essem;
1212 3031 1305 3084 sed
1353 3030 1396 3086 si
1428 3031 1562 3084 mihi
1605 3030 1818 3087 eredas.
1851 3032 2052 3100 iubens
2099 3031 2330 3085 multum

2433 2661 2762 2731 ἐπιστρέψας
2800 2662 3033 2731 πορεύου
3078 2662 3340 2732 δευτέραν
3400 2662 3479 2725 είς
3525 2660 3808 2730 ἁγιασμοῦ
3862 2662 4020 2728 λύγον

2434 2753 2781 2820 ὑπάρχουσαν
2846 2752 3226 2822 Ἰερουσαλὴμ,
3288 2753 3486 2821 μᾶλλον
3529 2753 3587 2806 δὲ
3633 2752 3728 2806 καὶ
3763 2753 4013 2822 πρώτην.

2447 2843 2600 2896 Ἐπεὶ
2634 2843 2687 2897 δὲ
2715 2845 2780 2896 τὰ
2805 2845 3018 2911 ἐκείνης
3056 2844 3318 2913 πρεσϐεῖα
3349 2843 3523 2912 ταύτῃ
3560 2843 3656 2896 νῦν
3691 2846 3847 2914 παρὰ
3879 2843 4014 2896 6205

2433 2935 2662 2997 δέδοται,
2717 2934 2773 2986 ὲν
2865 2934 3072 2986 πολλῶν
3107 2934 3205 3002 μὲν
3256 2933 3584 2996 ἀπολαύσεις
3615 2935 3775 2998 νεῶν,
3808 2935 4020 2988 πολλῶν

2435 3024 2490 3077 δὲ
2516 3025 2804 3095 θεαμάτων
2830 3023 2991 3094 ἱερῶν
3023 3039 3035 3052 ⁶
3071 3026 3164 3078 καὶ
3195 3026 3244 3077 εί
3280 3041 3360 3078 σοι
3395 3025 3490 3077 καὶ
3517 3025 3861 3092 καταθύμιον
3893 3028 4019 3092 lges-

775 3125 960 3176 valere
986 3123 1237 3190 regiones
1261 3120 1592 3184 Orientales,
1617 3134 1940 3185 conversus,
1961 3119 2100 3175 vade
2125 3121 2330 3190 Byzan-
2356 3133 2399 3193 ε
2438 3138 2439 3144 η

2356 3133 2399 3193 c
2438 3117 2601 3187 χάσαι
2656 3117 2765 3170 εἴτε
2805 3117 2861 3169 ὲν
2890 3120 2955 3183 τῇ
2988 3119 3245 3186 ἀνωτέρω
3284 3117 3495 3188 Θρᾴκη,
3547 3119 3654 3169 εἴτε
3697 3117 3836 3186 πρὸς
3875 3115 4018 3185 αἱ·τῷ

769 3213 927 3279 tium,
961 3228 1102 3284 quae,
1137 3213 1280 3282 quod
1331 3212 1529 3267 attinet
1558 3211 1624 3265 ad
1689 3211 2198 3274 sanctillcationem,
2248 3221 2334 3267 est

769 3306 1012 3359 secunda
1070 3306 1397 3372 Jerusalem,
1457 3306 1569 3360 imo
1628 3319 1758 3358 vero
1786 3313 1871 3359 est
1928 3305 2125 3373 prima.
2181 3305 2335 3360 illius

769 3396 916 3449 enim
949 3398 1236 3467 privilegia
1293 3400 1340 3452 ei
1374 3412 1525 3451 nunc
1565 3412 1594 3449 a
1638 3397 1750 3450 Deo
1789 3396 1914 3449 data
1955 3406 2105 3461 sunt,
2139 3395 2196 3449 in
2228 3411 2335 3465 qua

769 3487 958 3542 multis
1017 3487 1240 3558 quidem
1297 3487 1395 3540 tibi
1458 3487 1644 3541 licebit
1686 3485 1792 3539 frui
1842 3485 2098 3552 templis,
2150 3485 2338 3540 multis

771 3594 905 3634 vero
932 3580 1106 3635 sacris
1139 3578 1504 3647 spectaculis;
1550 3583 1607 3632 et
1648 3577 1692 3631 si
1721 3576 1820 3630 tibi
1859 3575 2024 3631 corde
2057 3575 2226 3631 fuerit
2260 3578 2339 3632 vi-

2434 3208 2528 3262 τοῦ
2561 3208 2762 3261 Πόντου
2785 3207 2861 3277 τῷ
2885 3209 3134 3275 στόματι,
3162 3208 3390 3276 εὐπορία
3421 3206 3610 3277 πολλὴ,
3644 3207 3738 3258 καὶ
3766 3208 3868 3276 τὴν
3901 3211 4018 3258 sm-

2435 3296 2638 3367 θυμίαν
2670 3315 2763 3349 σου
2796 3297 2927 3360 Θεὸς
2957 3297 3246 3367 ἐκπληροῖ.
3289 3281 3431 3367 Πρὸς
3467 3297 3675 3358 τούτοις
3704 3297 3768 3348 οὐ
3796 3297 3903 3365 χρὴ
3938 3313 4020 3347 νο-

2441 3389 2616 3458 μίζειν
2639 3389 2696 3443 ιν
2733 3387 3128 3459 Ἱεροσολύμοις
3177 3391 3272 3458 μὲν
3314 3390 3555 3458 ἐντυχεῖν
3585 3389 3664 3458 τῷ
3699 3388 3844 3456 Θεῷ,
3882 3391 3938 3440 ὲν
3966 3389 4018 3441 δὲ

2437 3490 2504 3557 τῇ
2530 3487 2799 3552 Βύζαντος
2821 3487 3070 3558 οὐδαμῶς
3093 3504 3108 3518 ·
3135 3487 3195 3541 οὐ
3219 3489 3327 3559 γὰρ
3345 3488 3749 3559 περιγράψεται
3770 3486 3833 3539 τὸ
3854 3485 4015 3547 θεῖον,

2438 3581 2715 3651 ἀγαπητί.

769 3689 898 3729 vere
929 3675 983 3728 in
1003 3673 1187 3743 quiete
1207 3673 1526 3735 etsilentio,
1556 3681 1652 3725 aut
1679 3673 1732 3724 in
1757 3672 2045 3740 superiore
2069 3671 2326 3740 Thracia,
2369 3684 2466 3728 aut
2516 3677 2572 3730 in
2620 3678 2743 3745 ipso
2795 3692 2892 3734 ore
2945 3676 3106 3732 Ponti
3162 3678 3283 3748 ejus
3336 3678 3418 3732 rei
3473 3675 3576 3731 tibi
3637 3674 3746 3730 erit
3824 3689 4014 3743 magna

769 3770 1001 3825 facultas
1022 3807 1036 3832 ,
1069 3776 1126 3823 et
1155 3769 1298 3822 Deus
1331 3767 1431 3821 hac
1460 3768 1514 3821 in
1546 3781 1602 3819 re
1636 3775 1791 3821 tuum
1823 3765 2078 3836 implebit
2147 3767 2506 3825 desiderium.
2577 3773 2844 3828 Praeterea
2893 3789 3004 3828 non
3047 3782 3268 3844 oportet
3310 3773 3632 3828 existimare
3711 3781 3764 3826 te
3849 3773 4012 3826 Deum

773 3863 994 3930 quidem
1023 3876 1144 3916 esse
1168 3868 1571 3915 conventurum
1601 3858 2016 3931 Hierosolymis,
2048 3860 2292 3930 Byzantii
2333 3871 2520 3918 autem
2585 3867 2840 3922 minimc.
2897 3866 3045 3922 Deus
3075 3868 3225 3921 enim
3279 3880 3631 3937 nequaquam
3715 3866 3848 3920 loco
3908 3865 4014 3918 cir—

772 3953 1186 4016 cumscribitur,
1218 3969 1252 4006 ο
1283 3951 1500 4006 dilecte.

843 4047 935 4104 IX.
964 4047 1076 4102 llos
1103 4063 1387 4103 sermones
1415 4064 1553 4102 cano
1583 4049 1678 4104 illo
1716 4051 2032 4108 conferente
2062 4068 2188 4108 cum
2225 4054 2333 4108 Da-

774 4143 940 4204 niele.
983 4141 1064 4196 sol
1084 4149 1202 4195 erat
1233 4140 1288 4193 in
1315 4155 1549 4206 occasu;
1572 4149 1630 4194 et
1657 4141 1880 4204 accidit,
1918 4143 2340 4200 utdivcr:erent

775 4236 840 4290 ad
858 4234 1134 4305 quoddam
1157 4228 1568 4289 monasterium.
1584 4233 1720 4288 Cum
1738 4234 2112 4291 audivissetau
2122 4247 2226 4291 tem
2241 4236 2342 4289 Da-

777 4326 882 4381 niel
901 4327 990 4381 bic
1007 4340 1128 4380 esse
1144 4325 1528 4380 diversandum
1553 4343 1566 4378 :
1587 4325 1666 4380 Tu
1682 4327 1927 4395 quidem,
1948 4328 2127 4397 inquit
2149 4344 2338 4394 senex,

775 4419 927 4487 prior
955 4416 1275 4488 ingredere;
1325 4432 1426 4487 ego
1453 4427 1637 4471 autem
1687 4425 1742 4472 te
1775 4431 1972 4488 sequar
2000 4434 2031 4475 ο
2083 4419 2341 4488 vestigio.

2513 4050 2591 4105 θ’.
2621 4049 2803 4104 Ταῦτα
2829 4048 2922 4105 τοῦ
2957 4049 3141 4104 πολιοῦ
3173 4049 3251 4120 τῷ
3275 4049 3480 4121 Δανιὴλ
3533 4050 4012 4120 κοινολογουμένου

2443 4142 2472 4193 6
2501 4139 2652 4209 ἦλιός
2695 4156 2756 4194 τε
2786 4141 2887 4212 ἠδη
2916 4140 3052 4210 πρὸς
3083 4139 3294 4208 δυσμὰς
3317 4134 3409 4210 ἦν,
3442 4139 3538 4193 καὶ
3566 4139 3756 4201 αὐτοῖς
3784 4143 4010 4209 συνήντα

2445 4232 2582 4302 πρός
2604 4249 2658 4286 τι
2702 4233 3062 4304 μοναστήριον
3093 4232 3127 4302 ἡ
3157 4231 3474 4294 κατάλυσις.
3502 4230 3822 4300 Πυθομένου
3842 4233 4011 4284 τοίνυν

2444 4323 2538 4379 τοῦ
2566 4323 2763 4395 Δανιὴλ
2793 4324 2842 4377 εί
2877 4321 3109 4377 ινταῦθα
3137 4323 3218 4376 δεῖ
3246 4321 3569 4386 καταλῦσαι,
3602 4322 3675 4375 Σὺ
3711 4321 3837 4391 μὶν,
3871 4317 4013 4373 εἶπεν

2444 4415 2472 4468 δ
2502 4414 2752 4486 γηραιὸς.
2777 4411 3064 4484 προλαϐὼν
3088 4411 3295 4466 εῐσιλθε
3319 4410 3475 4490 ’.εγὼ
3493 4410 3549 4464 δέ
3581 4427 3662 4463 σοι
3689 4411 3833 4464 κατὰ
3856 4412 4011 4472 πόδας

777 4512 1113 4568 Existimans
1174 4511 1359 4579 itaque
1416 4520 1638 4564 sanctus
1672 4523 1796 4562 eum
1849 4524 2045 4579 urgere
2101 4510 2340 4580 aliquam
2369 4521 2420 4580 ι)

2369 4521 2420 4580 D
2448 4505 2671 4576 ἕψομαι.
2711 4503 3031 4558 ’Υπολαδὼν
3058 4500 3150 4557 οὖν
3175 4505 3202 4556 6
3251 4503 3520 4573 μακάριος
3550 4501 3656 4554 τῶν
3703 4502 4010 4570 ἀναγκαίων

775 4603 1026 4673 corporis
1073 4602 1478 4666 necessitatem,
1525 4611 1740 4670 portam
1779 4601 2082 4671 ingressus,
2112 4617 2338 4673 exspec-

777 4697 947 4750 tabat.
977 4695 1270 4764 Postquam
1299 4707 1436 4746 vero
1469 4692 1560 4746 ille
1587 4707 1695 4746 non
1729 4693 1966 4761 amplius
1999 4693 2212 4757 aderat,
2248 4710 2338 4749 ra.

777 4799 865 4842 tus
899 4786 1090 4840 Daniel
1127 4799 1251 4839 eum
1281 4785 1338 4837 in
1364 4782 1548 4853 aliquo
1587 4784 1691 4837 alio
1723 4783 1844 4837 loco
1875 4784 2159 4849 diversari,
2191 4786 2342 4838 solus

775 4878 1045 4934 accedens
1074 4877 1142 4930 ad
1177 4876 1494 4945 praefectum
1537 4874 1878 4939 monasterii,
1922 4883 1975 4930 et
2025 4875 2092 4928 ad
2123 4890 2220 4930 eos
2245 4877 2340 4946 qui

772 4979 932 5024 erant
969 4968 1072 5022 sub
1113 4969 1232 5036 ipso
1266 4965 1479 5031 fratres,
1516 4965 1807 5018 honestum
1857 4965 2010 5019 dedit
2058 4968 2336 5033 osculum,

774 5061 989 5130 signum
1027 5058 1362 5113 dilectionis.
1416 5057 1625 5113 Deinde
1666 5058 1833 5111 etiam
1885 5060 2116 5128 sumpsit
2154 5060 2335 5113 cibum

774 5152 879 5207 sibi
924 5151 1255 5221 appositum.
1303 5150 1593 5219 Postquam
1651 5161 1834 5204 autem
1891 5150 2072 5205 somni
2125 5159 2338 5220 tempus

773 5260 893 5298 esse
927 5243 1201 5314 cognovit,
1236 5243 1288 5296 ei
1338 5257 1527 5295 rursus
1598 5244 1861 5296 assistens
1909 5257 2096 5306 senex,
2145 5243 2338 5296 suade-

775 5333 871 5388 bat
898 5334 990 5387 illa
1012 5333 1214 5389 facere.
1239 5346 1358 5399 qum
1383 5332 1536 5400 prius
1573 5331 1805 5396 dicebat,
1837 5341 1891 5386 et
1928 5332 2333 5400 quamprimum

772 5424 1042 5494 proficisci
1068 5422 1408 5494 Byzantium.
1443 5422 1621 5490 Atque
1662 5422 1754 5476 ille
1785 5422 2006 5490 quidem
2044 5423 2331 5490 excitatus,

774 5517 1047 5588 cogitabat
1091 5516 1340 5585 quisnam
1377 5516 1422 5569 is
1460 5524 1626 5581 esset,
1668 5525 1723 5569 et
1760 5531 1826 5569 an
1856 5526 2003 5570 esset
2043 5516 2207 5569 homo
2239 5517 2335 5569 ali-

773 5612 917 5683 quis,
971 5627 1038 5664 an
1083 5625 1228 5665 unus
1257 5611 1500 5679 angelus.
1537 5611 1586 5665 ls
1628 5625 1760 5664 vero
1789 5620 1908 5665 erat
1963 5625 2191 5680 magnus
2245 5611 2332 5667 ille

2157 5806 2204 5846 κ,
2256 5788 2342 5842 23.

844 5795 861 5823 ’
893 5793 1048 5848 ltum.
1084 5807 1193 5859 xiv,
1239 5791 1270 5845 8
1345 5792 1362 5821 ³
1416 5791 1555 5846 l’sal.
1599 5807 1716 5853 cxx,
1751 5791 1798 5846 5.
1884 5791 2088 5844 ’Μαιιὲι

2443 4614 2495 4651 τι
2531 4595 2626 4650 τοῦ
2650 4596 2899 4667 σώματος
2925 4596 3162 4664 ἐπείγειν
3184 4595 3368 4658 αὐτὸν,
3391 4593 3489 4664 τῆς
3513 4595 3684 4663 πύλης
3717 4595 3850 4646 εῐσω
3875 4596 4010 4661 7mi-

2445 4707 2624 4762 μενος,
2678 4690 3023 4761 περιέμενεν.
3074 4690 3164 4753 Ὠς
3195 4689 3252 4742 δὲ
3310 4690 3508 4758 μηκέτι
3565 4689 3772 4750 ἐκεῖνος
3806 4687 4003 4757 παρῆν,

2439 4784 2598 4849 δόξας
2628 4785 2655 4839 6
2680 4785 2877 4855 Δανιὴλ
2907 4782 3136 4854 ἀλλαχοῦ
3169 4799 3272 4836 που
3305 4780 3599 4834 καταλύειν
3630 4780 3816 4839 αὐτὸν,
3847 4795 4004 4849 προσ·

2441 4877 2611 4931 ελθὼν
2640 4876 2798 4945 μόνος
2843 4875 2920 4945 τῷ
2965 4875 3267 4944 προεστῶτι
3299 4873 3398 4943 τῆς
3449 4871 3735 4940 μονῆςκαὶ
3761 4874 3874 4932 τοῖς
3925 4869 4003 4921 ὑπ’

2441 4968 2602 5021 αὐτὸν
2636 4971 2886 5037 μοναχοῖς
2924 4966 3118 5037 σεμνὸν
3144 4966 3353 5034 φίλημα
3389 4965 3565 5031 τὸτῆς
3595 4965 3816 5029 ἀγάπης
3848 4961 4000 5011 ἐδίδου

2447 5057 2732 5128 σιῗμσολον.
2771 5057 2902 5113 Εἶτα
2936 5060 3028 5112 καὶ
3059 5058 3261 5128 τροφῆς
3292 5055 3440 5125 αὑτῷ
3476 5052 3881 5124 παρατεθείσης
3914 5067 4000 5118 με·

2443 5151 2807 5221 τελὰμϐανεν.
2871 5152 2958 5214 Ὠς
2991 5151 3046 5203 δὲ
3075 5151 3165 5202 καὶ
3195 5150 3363 5202 ὕπνου
3399 5148 3590 5214 καιρὸν
3640 5147 3803 5213 ἔγνω,
3840 5159 4000 5211 παρα-

2444 5242 2575 5304 στὰς
2605 5242 2752 5312 αὐτῷ
2779 5243 2939 5295 πάλιν
2965 5245 2991 5294 6
3027 5243 3242 5310 γεραιὸς
3291 5241 3474 5294 ἑκεῖνα
3501 5239 3730 5308 παρῄνει
3758 5238 3998 5305 πράττειν

2442 5335 2590 5389 hui.
2618 5334 2853 5405 πρόσθεν
2883 5335 3148 5398 ἐδίδασκε,
3181 5335 3273 5388 καὶ⁵
3301 5333 3362 5387 τὸ
3391 5335 3549 5402 τάχος
3576 5328 3997 5397 καταλαμϐάνειν

2440 5425 2539 5492 τὴν
2569 5423 2858 5489 Βύζαντος.
2898 5424 3128 5486 Ἐκεῖνος
3153 5424 3251 5494 μὲν
3270 5424 3360 5477 οὖν
3381 5423 3718 5484 διυπνισοεὶς
3743 5422 3996 5487 ἐλογίζετο

2441 5515 2523 5576 τίς
2557 5515 2623 5569 ἂν
2644 5517 2726 5586 είη
2748 5508 2920 5580 οὗτος,
2954 5517 3043 5570 καὶ
3068 5519 3113 5570 si
3144 5516 3426 5586 ἄνθρωπός
3456 5533 3538 5579 τις
3573 5515 3606 5585 ἢ
3636 5515 3746 5567 τῶν
3768 5514 3995 5581 ἀγγέλων

2445 5603 2543 5673 εἷς.
2590 5609 2648 5663 ’0
2682 5608 2738 5662 δὲ
2770 5611 2796 5664 6
2823 5613 3014 5681 ιμιγας
3047 5629 3112 5682 ην
3140 5607 3364 5682 Συμεὼν
3394 5609 3491 5679 τὴν
3525 5605 3990 5674 πολυανθρωποτά-
