4214 6444
264 391 367 462 981

1362 402 1541 458 V'lTA
1588 400 1643 458 S.
1692 401 2054 459 DANIELIS
2096 398 2450 459 STYLITJ‘I.

3410 395 3517 458 €82

264 523 369 576 την
415 506 652 559 κελεύων
678 506 840 558 αὐτόν
876 506 966 559 καὶ
993 506 1234 575 βασιλίδα
1261 508 1586 579 καταλαϐεῖν
1616 508 1722 559 τῶν
1747 509 1844 558 πό·
1877 510 1920 562 Α

1877 510 1920 562 Α
1953 510 2192 565 Simeon,
2224 508 2314 575 qui
2344 507 2569 575 juhelml
2603 521 2725 557 eum
2755 503 3256 573 [ιρι]ιιοιιιὶςςὶιιιιιιη
3296 511 3351 554 et
3374 503 3516 554 civi-

267 599 425 658 λεων,
458 597 546 649 ἶνα
568 598 658 649 καὶ
683 595 892 659 πολλοῖς
920 597 1037 659 όδὸς
1057 584 1215 658 οὗτος
1240 598 1374 666 πρὸς
1393 598 1666 667 σωτηρίαν
1683 598 1841 666 γέγη-

266 705 379 740 ται.
411 688 578 752 Δόξαν
618 686 712 740 οὖν
754 689 899 741 οὕτω
932 691 1106 741 ποιεῖν
1152 690 1338 757 μηδενὶ
1388 691 1555 759 μηδὲν
1586 693 1613 743 ὁ
1642 691 1839 759 Δανιὴλ.

268 776 509 847 εἰρηκώς
529 793 544 808 ⁸
575 780 697 831 επεὶ
720 776 787 832 ’δι
828 780 926 840 τάς
956 782 1273 849 νυκτερινὰς
1301 775 1432 850 ᾖσεν
1468 781 1610 848 est;
1649 800 1841 835 συντα-
1876 770 1879 773 ’

265 869 502 936 ξάμενος
554 871 686 923 πᾶσι
741 870 833 923 καὶ
883 869 1114 933 ἐξελθὼν
1162 872 1255 923 ἐπὶ
1302 874 1399 941 τὴν
1430 873 1840 926 Κωνσταντίνου

269 961 424 1013 πόλιν
477 961 776 1022 σπουδαίως
827 960 1044 1031 εχώρει,
1078 962 1342 1017 καὶκατὰ
1370 964 1459 1016 τὸν
1499 965 1591 1016 τοῦ
1642 965 1840 1018 Πόντου

269 1052 525 1107 εἴσπλουν
543 1054 829 1122 γενόμενον
852 1056 880 1107 ό
900 1054 994 1107 τοῦ
1019 1056 1456 1125 ἀρχιστρατήγου
1480 1056 1699 1125 Μιχαὴλ
1720 1056 1843 1119 ναὸς

269 1146 436 1199 αὑτὸν
468 1147 810 1214 ὑποδέχεται,
859 1145 919 1209 δς
966 1148 1085 1200 ἐκεῖ
1135 1147 1315 1209 καλῶς
1364 1148 1597 1218 ἵδρυται,
1647 1150 1740 1202 καὶ
1765 1152 1845 1211 είς

270 1239 489 1307 ἡμέρας
528 1233 676 1309 εἶχεν
734 1237 893 1293 ἑπτά.
938 1238 1201 1300 Ἀκούσας
1252 1238 1307 1291 δὲ
1359 1237 1523 1290 τινῶν
1569 1238 1663 1289 καὶ
1716 1238 1845 1307 περὶ

271 1328 403 1381 ναοῦ
461 1329 649 1398 ἑτέρου
683 1329 949 1397 λεγόντων
981 1328 1040 1391 δς
1069 1330 1364 1396 κατωτέρω
1418 1329 1517 1397 μὶν
1548 1329 1639 1381 τοῦ
1697 1331 1845 1400 ίεροῦ

272 1418 611 1487 καλουμένου
658 1419 910 1483 διέκειτο,
957 1422 984 1473 ό
1036 1420 1091 1472 δὲ
1141 1421 1302 1482 τόπος
1353 1420 1495 1473 οὕτω
1546 1422 1695 1489 παρά
1741 1422 1847 1474 τῶν

273 1508 558 1578 ἐγχωρίων
588 1510 921 1581 φιλέμπορος
971 1509 1304 1580 ὠνομάζετο,
1343 1516 1436 1566 καὶ
1464 1514 1651 1582 μαθὼν
1680 1518 1761 1566 ὅτι
1789 1532 1845 1567 τε

273 1602 332 1653 εν
362 1594 511 1667 αὐτῷ
545 1602 858 1655 κατοικοῦσι
911 1603 1195 1670 πνεύματα
1233 1606 1465 1673 πονηρὰ,
1526 1609 1616 1659 καὶ
1649 1608 1728 1659 ὅτι
1758 1610 1849 1661 καὶ¹

276 1698 540 1759 πλέοντας
574 1699 719 1750 ἐστιν
756 1699 844 1750 ὅτε
877 1696 1176 1765 βυθίζουσι,
1197 1698 1291 1751 καὶ
1317 1702 1427 1760 τοῖς
1461 1700 1848 1768 παροδεύουσιν

273 1788 636 1850 ἐπιτίθενται,
672 1786 896 1850 καὶτοῖς
926 1788 1310 1857 προσοικοῦσιν
1347 1791 1453 1841 eiei
1486 1792 1707 1859 πονηροὶ
1736 1794 1845 1858 γεε-

272 1895 450 1942 τονες,
478 1880 572 1931 καί⁵
604 1879 702 1930 οὐκ
733 1877 881 1930 ἔστιν
911 1878 1123 1931 ἐκεῖθέν
1149 1896 1271 1932 τινα
1308 1880 1484 1933 ἐλθεῖν
1518 1882 1730 1950 ἀϐλαϐῆ
1754 1884 1849 1953 οὐχ
1885 1860 1924 1913 Β

274 1970 468 2035 ἔωθεν,
516 1970 614 2038 οὐχ
665 1970 926 2038 ἑσπέρας,
956 1970 1017 2023 οὐ
1068 1972 1432 2042 μεσημϐρίας,
1480 1975 1537 2027 ὲν
1571 1975 1646 2037 νῷ
1673 1975 1851 2029 λαϐὼν

288 2061 573 2115 Ἀντώνιόν
623 2080 685 2114 τε
718 2063 809 2115 τὸν
850 2063 1023 2132 μεγαν
1054 2064 1147 2116 καὶ
1201 2065 1268 2116 τὰ
1302 2066 1533 2124 ἐκείνου.
1564 2067 1657 2119 καὶ
1695 2070 1852 2131 ὅσους

277 2161 527 2221 κάκεῖνος
559 2162 621 2213 ὲκ
645 2161 751 2213 τῶν
779 2162 1051 2230 δαιμόνων
1072 2163 1331 2230 ὑπέμεινε
1366 2166 1725 2234 πειρασμοὺς,
1758 2166 1853 2217 καὶ

276 2254 355 2314 ὡς
387 2254 465 2316 είς
494 2256 639 2306 ἆπαν
686 2255 868 2306 αὐτῶν
898 2256 953 2307 ὲν
986 2254 1130 2307 τέλει
1162 2258 1229 2325 τῇ
1260 2256 1352 2309 τοῦ
1390 2257 1598 2325 Κυρίου
1628 2258 1852 2325 δυνάμει

279 2346 651 2413 περιεγένετο,
683 2347 776 2398 καὶ
830 2346 971 2398 ὅσων
1002 2347 1421 2417 περιγενόμενος
1459 2348 1663 2417 ἠξιώθη
1694 2367 1751 2401 τε
1777 2367 1853 2402 τι-

287 2440 425 2507 μῶν,
454 2438 546 2490 ἐπὶ
576 2439 667 2489 τὸν
696 2435 857 2491 ἆθλον
883 2438 978 2490 καὶ
1012 2437 1174 2499 αὐτὸς
1200 2437 1370 2490 ἀπέδυ
1394 2454 1410 2471 ο
1439 2439 1531 2491 καὶ
1561 2438 1730 2502 δεῖξαι
1765 2440 1854 2493 τὸν

283 2532 412 2584 ναὸν
435 2531 583 2599 αὐτῷ
609 2532 734 2593 τοὺς
771 2531 1046 2600 παρόντας
1086 2529 1257 2583 εἰπὼν
1296 2532 1389 2583 καὶ
1442 2531 1764 2584 καταλαϐὼν
1786 2531 1856 2585 τὰ

284 2624 575 2693 προαύλια,
629 2626 793 2691 μέσος
824 2624 916 2675 τοῦ
947 2622 1076 2675 ναοῦ
1132 2623 1339 2689 γίνεται
1368 2622 1458 2675 τὸν
1492 2623 1584 2675 τοῦ
1615 2623 1853 2692 Χριστοῦ

286 2718 524 2786 σταυρὸν
551 2716 740 2785 ὥσπερ
764 2717 926 2768 ὅπλον
969 2717 1180 2786 ἄμαχον
1207 2717 1565 2785 ἑπαγόμενος,
1597 2718 1690 2769 καὶ
1715 2717 1852 2786 ψάλο

281 2809 393 2862 λων
423 2809 535 2877 ἃμα
556 2826 572 2842 ο
623 2828 642 2861 ι
680 2810 880 2878 Κύριος
930 2808 1208 2877 φωτισμός
1241 2826 1341 2877 μου
1381 2810 1475 2862 καὶ
1509 2810 1690 2878 σωτήρ
1720 2828 1817 2872 μου
1839 2827 1853 2841 °

284 2901 409 2953 τίνα
437 2899 817 2969 φοϐηθήσομαι
847 2917 862 2965 ;
895 2919 912 2950 ι
954 2898 1047 2950 Διδ
1084 2897 1150 2967 δὴ
1189 2897 1285 2952 καὶ
1324 2898 1551 2969 πρὸτῆς
1585 2900 1859 2969 συμϐολῆς

286 2994 459 3061 αὐτὴν
479 2995 578 3061 τὴν
610 2992 716 3045 τῶν
741 2992 1016 3059 δαιμόνων
1058 2992 1313 3058 φάλαγγα
1337 2992 1600 3060 πτοήσας,
1622 2991 1860 3061 ικάστην

285 3086 504 3155 περιῄει
530 3088 733 3151 γωνίαν
781 3085 1216 3153 δραπετεύοντας
1259 3083 1385 3144 τοῦς
1421 3082 1710 3152 πολεμίους
1739 3087 1861 3136 επι-

1952 611 2121 652 tatum
2154 601 2397 667 reginam
2423 599 2573 651 adire
2615 598 2895 651 civitatem
2921 638 2934 658 ,
2970 605 3027 647 ut
3058 596 3171 648 lucc
3206 604 3351 647 esset
3379 594 3519 646 Inul-

1951 696 2018 744 tis
2063 694 2144 745 via
2187 694 2252 745 ad
2286 692 2537 744 salutem.
2570 691 2704 743 Cum
2749 704 2881 756 ergo
2934 688 3009 738 sic
3049 687 3097 740 ei
3146 688 3325 739 visum
3374 694 3521 739 esset

1951 785 2151 847 facere,
2200 797 2379 851 neque
2433 782 2525 833 ulli
2577 781 2871 848 quidquam
2924 780 3168 836 dixisset,
3232 786 3519 845 postquam

1951 884 2215 926 nocturna
2278 873 2478 925 cecinit
2534 871 2768 932 cantica,
2814 868 3075 921 omnibus
3122 868 3301 919 valere
3353 864 3520 935 jussis

1949 981 2220 1036 egressus,
2274 980 2506 1032 propere
2544 962 2911 1015 contendebat
2962 960 3514 1026 Constantinopolim,

1949 1071 2005 1114 et
2047 1075 2169 1113 curn
2207 1060 2259 1111 in
2312 1058 2510 1110 ostium
2556 1056 2709 1109 Ponti
2756 1064 2901 1110 esset
2930 1056 3233 1123 ingressus,
3269 1068 3392 1106 eum
3426 1068 3518 1106 ex-

1949 1152 2086 1216 cipit
2134 1152 2399 1219 templum
2453 1149 2733 1203 Michaelis
2766 1148 2975 1202 militia:
3024 1147 3311 1216 principis.
3369 1144 3517 1214 quod

1953 1245 2067 1298 illic
2095 1244 2322 1311 pulchre
2366 1251 2449 1297 est
2484 1240 2726 1309 positum
2757 1257 2771 1304 ;
2805 1249 2855 1293 et
2888 1250 3099 1307 septem
3138 1238 3251 1291 illic
3289 1235 3407 1291 dies
3436 1245 3522 1290 est

1953 1347 2223 1392 versatus.
2266 1335 2404 1389 Cum
2444 1344 2626 1388 autem
2681 1333 2986 1386 audivisset
3033 1332 3251 1398 aliquos
3277 1329 3527 1383 dicentes

1954 1430 2021 1481 de
2065 1428 2174 1481 alio
2206 1429 2430 1494 templo.
2474 1426 2619 1494 quod
2658 1427 2823 1479 situm
2862 1424 3086 1492 quidem
3122 1432 3243 1476 erat
3268 1436 3434 1490 supra
3457 1421 3522 1473 'id

1954 1522 2099 1591 quod
2133 1521 2337 1575 dicitur
2383 1520 2607 1578 llieron,
2633 1520 2787 1571 locus
2814 1534 2946 1570 vero
2980 1516 3049 1569 ab
3086 1516 3151 1568 iis
3192 1515 3283 1583 qui
3317 1514 3523 1566 incole-

1957 1617 2107 1677 bant,
2144 1614 2534 1668 nominabatur
2569 1612 2992 1676 Pliilemporus;
3039 1617 3093 1661 ct
3129 1623 3253 1661 cum
3286 1606 3527 1673 accepis-

1955 1718 2041 1762 set
2077 1708 2128 1760 in
2156 1722 2223 1759 eo
2250 1706 2421 1759 malos
2476 1705 2727 1757 habitare
2755 1702 3003 1770 spiritus,
3036 1708 3091 1753 ct
3128 1713 3523 1766 nonnunquam

1956 1800 2307 1866 submergere
2334 1796 2672 1862 navigantes,
2700 1806 2755 1847 et
2800 1794 3059 1846 invadere
3086 1808 3181 1845 eos
3220 1792 3311 1857 qui
3349 1801 3525 1842 trans-

1952 1902 2114 1954 eunt,
2138 1900 2193 1944 et
2247 1891 2422 1943 malos
2466 1904 2588 1941 esse
2629 1887 2843 1939 vicinos
2872 1885 3092 1946 accolis,
3142 1892 3198 1936 et
3228 1897 3335 1934 non
3369 1896 3526 1949 posse

1953 1986 2192 2051 aliquem
2214 1998 2337 2037 eum
2365 1982 2735 2035 transmittere
2764 1978 3014 2040 illzesum,
3054 1991 3163 2028 non
3189 1988 3368 2036 mane,
3416 1986 3523 2025 non

1956 2075 2210 2135 meridie,
2244 2088 2354 2126 non
2389 2085 2640 2139 vespere,
2671 2084 2933 2123 revocans
2974 2068 3026 2119 in
3054 2067 3373 2119 memoriam
3417 2079 3530 2115 ma-

1955 2182 2121 2237 gnum
2152 2165 2449 2217 Antonium
2492 2170 2546 2215 et
2569 2176 2655 2213 res
2702 2160 2869 2221 illius,
2910 2167 2965 2211 et
3006 2172 3167 2219 quam
3205 2156 3404 2207 multas
3439 2154 3527 2207 ille

1955 2274 2173 2328 quoque
2227 2273 2257 2312 α
2292 2255 2635 2311 daemonibus
2693 2250 3020 2306 sustinuerit
3073 2248 3421 2309 tcntationcs,
3473 2254 3530 2298 et

1954 2352 2100 2423 quod
2147 2366 2241 2405 eos
2282 2347 2502 2402 tandem
2531 2347 2737 2399 virtute
2784 2342 2996 2396 Domini
3041 2339 3267 2393 omnino
3297 2352 3527 2404 supera.

1957 2445 2119 2509 verit,
2151 2451 2207 2496 et
2242 2455 2406 2510 quam
2460 2443 2662 2492 multos
2710 2435 2818 2489 illis
2859 2433 3133 2500 superatis
3172 2431 3410 2482 honores
3460 2430 3532 2481 sit

1956 2543 2283 2598 assecutus,
2338 2532 2453 2600 ipse
2492 2543 2713 2597 quoque
2750 2543 2805 2578 sc
2858 2524 2923 2577 ad
2973 2520 3337 2587 aggredienda
3378 2521 3529 2572 exuit

1958 2627 2284 2688 certamina,
2332 2634 2388 2677 et
2427 2637 2553 2676 cum
2596 2620 2852 2690 iussisset
2898 2630 2992 2667 cos
3030 2614 3119 2681 qui
3168 2611 3399 2665 aderant
3452 2608 3526 2667 ei,

1959 2719 2222 2787 templum
2248 2714 2563 2773 ostendere,
2589 2721 2646 2765 et
2674 2709 2917 2763 venisset
2949 2709 3000 2760 in
3034 2706 3260 2765 atrium,
3286 2703 3529 2757 medium

1961 2812 2225 2878 templum
2301 2807 2657 2875 ingreditur,
2730 2800 2936 2855 Christi
2986 2812 3207 2852 crucem
3273 2806 3528 2862 tanquam

1958 2918 2111 2956 arma
2159 2900 2404 2953 inferens
2447 2891 2914 2964 inexpugnabilia,
2974 2899 3031 2943 et
3059 2887 3220 2942 simul
3253 2886 3529 2955 psallens:

1966 3013 1985 3045 ι
2033 2993 2297 3047 Dominus
2354 2987 2683 3042 illuminatio
2715 2999 2833 3038 mea
2882 2992 2932 3036 et
2970 2982 3119 3034 salus
3149 2993 3308 3040 mea;
3366 2992 3530 3045 quem

1962 3085 2169 3140 timebo
2198 3084 2264 3135 ’ἲ
2314 3101 2331 3133 ι
2384 3079 2751 3147 Quamobrem
2782 3076 2868 3130 vel
2901 3083 3027 3128 ante
3060 3072 3378 3127 conﬂictum
3412 3084 3533 3139 per-

288 3177 489 3245 ζητῶν,
517 3178 610 3228 καὶ
640 3177 724 3243 ιφ*
744 3176 951 3245 ἑκαστῃ
970 3174 1178 3228 τούτων
1200 3174 1544 3242 γονυκλισίας
1574 3174 1857 3227 ἐπιτελῶν.
1885 3196 1930 3257 C

1885 3196 1930 3257 ρ
1966 3177 2157 3231 territa
2190 3177 2305 3243 ipsa
2339 3173 2606 3240 phalange
2634 3170 2967 3224 dmmonum.
2993 3165 3183 3218 obibat
3216 3176 3411 3217 omnes
3438 3178 3532 3214 an-

361 3438 413 3489 l'.
453 3436 689 3503 Ἐσπέρα
752 3437 848 3503 μὲν
878 3430 969 3488 οὖν
1020 3435 1121 3503 ἤδη
1177 3429 1263 3502 ἦν,
1322 3436 1414 3486 καὶ
1451 3437 1479 3486 ό
1513 3433 1606 3486 τοῦ
1640 3433 1860 3497 σκότους

288 3529 473 3597 ἄρχων
504 3526 707 3598 παρῆν,
727 3527 819 3581 καὶ
840 3527 975 3580 λίθοι
1006 3527 1144 3579 κατά
1178 3526 1269 3578 τοῦ
1298 3525 1499 3595 Δανιὴλ
1538 3525 1861 3596 ἑρῤιπτοῦν-

286 3638 370 3681 το,
402 3622 493 3673 καὶ
513 3616 641 3689 ἦχος
675 3620 923 3687 ἠκούετο,
951 3621 1042 3671 καὶ
1072 3618 1166 3689 βοὴ
1190 3618 1489 3686 συμμιγὴς,
1516 3618 1608 3669 καὶ
1635 3616 1860 3685 θόρυϐος

286 3714 612 3781 διηγείρετο.
658 3713 716 3763 'O
749 3713 805 3764 δὲ
849 3715 916 3781 τῇ
948 3714 1222 3780 προσευχῇ
1269 3714 1363 3762 καὶ
1398 3709 1553 3771 αὖθις
1584 3724 1860 3778 προσκαρ-

284 3805 459 3871 τερῶν
491 3805 735 3875 ἀτρέμας
769 3799 854 3871 ἦν.
874 3798 1005 3855 Εἶτα
1030 3802 1120 3854 καὶ
1152 3802 1283 3872 πρὸς
1316 3802 1531 3864 αὐτοῦς,
1556 3818 1574 3853 ι
1600 3800 1724 3854 Ἐὰν
1755 3817 1848 3852 πι-

293 3895 557 3964 ρατάξητε
588 3894 673 3945 ἐπ’
702 3894 803 3962 ἐμὲ
833 3892 1207 3962 παρεμϐολὴν,
1230 3892 1438 3961 ἔλεγεν,
1464 3894 1524 3944 οὐ
1555 3892 1859 3962 φοϐηθήσε-

289 4004 381 4037 ται
399 3988 431 4054 ὴ
452 3985 647 4053 καρδία
673 4002 792 4054 μου.
830 4004 849 4035 ι
873 3984 1061 4036 Νύκτα
1089 3983 1187 4051 μὲν
1216 3978 1310 4036 οῦν
1335 3983 1551 4052 ἐκείνην
1578 3983 1676 4046 τὴν
1707 3984 1859 4053 πρώο

288 4094 390 4143 την
438 4077 529 4127 καὶ
577 4075 675 4142 τὴν
713 4076 851 4144 μετά
902 4074 1072 4126 ταῦτα
1126 4075 1394 4143 δευτέραν
1448 4074 1609 4127 οῦτω.
1663 4075 1773 4143 Τὴν
1804 4073 1861 4127 δὲ
1934 4080 1942 4086 “

288 4166 477 4234 τρίτην
504 4163 824 4234 ἀνθρώπους
871 4164 1019 4236 ἑώρα
1049 4165 1127 4234 τῷ
1170 4166 1391 4234 μεγέθει
1428 4167 1743 4235 μεγίστους,
1796 4172 1860 4239 τῇ

294 4260 474 4326 μορφῇ
529 4257 883 4323 ἀλλοκότους,
922 4261 985 4329 τῇ
1044 4259 1309 4328 ὠμότητι,
1370 4260 1444 4319 ὡς
1498 4260 1741 4325 εἰκάζειν
1770 4256 1861 4332 ἦν,

291 4351 686 4418 σαρκοϐόρους,
712 4350 850 4402 πάνυ
900 4350 1075 4403 δεινὸν
1096 4352 1422 4418 τετριγότας
1455 4353 1546 4404 καὶ
1577 4352 1858 4405 ἀπειλοῦν-

289 4456 387 4502 τας
415 4439 491 4507 τῷ
517 4441 735 4509 Δανιὴλ,
772 4441 865 4493 καὶ
894 4441 971 4511 τῷ
998 4441 1149 4512 φόϐῳ
1197 4444 1294 4504 τὰς
1324 4427 1628 4508 δικολογίας
1663 4446 1862 4512 ἀναμι⁹

1961 3268 2138 3338 gulos,
2168 3278 2420 3334 quarens
2446 3261 2719 3329 fugientes
2745 3260 3021 3311 daemones
3035 3265 3092 3309 et
3116 3255 3171 3308 in
3200 3266 3533 3321 unoquoque

1962 3372 2154 3412 eorum
2191 3356 2415 3409 ﬂectens
2442 3367 2639 3421 genua.

2031 3447 2099 3500 Χ.
2141 3448 2319 3513 Atque
2370 3446 2482 3514 jam
2527 3440 2750 3509 quidem
2807 3448 2927 3492 erat
2966 3451 3222 3505 vespera.
3255 3444 3311 3489 et
3348 3436 3537 3489 aderat

1965 3539 2221 3607 princeps
2258 3536 2606 3589 tenebrarum
2646 3530 3071 3598 etjaeiebantur
3102 3527 3318 3593 lapides
3350 3527 3403 3578 in
3438 3526 3536 3577 Da-

1962 3628 2186 3690 nielcm,
2230 3635 2286 3681 et
2314 3640 2482 3679 sonus
2527 3620 2875 3683 audiebatur,
2916 3629 2971 3673 et
3001 3619 3227 3672 confusa
3272 3618 3535 3669 vocifera-

1966 3719 2042 3771 tio
2100 3725 2157 3771 et
2203 3718 2469 3784 strepitus
2544 3713 2911 3766 excitabatur.
2962 3711 3052 3763 Ille
3108 3719 3292 3761 autem
3345 3723 3536 3759 rursus

1965 3824 2324 3877 perseverans
2381 3809 2433 3860 in
2480 3806 2750 3864 oratione,
2789 3805 2966 3857 stabat
3026 3802 3267 3871 quietus.
3329 3799 3535 3853 Deinde

1963 3900 2031 3955 ad
2061 3916 2191 3955 eos:
2236 3918 2254 3950 ι
2295 3899 2351 3953 Si
2384 3899 2651 3951 adversus
2674 3914 2783 3959 me,
2814 3894 3051 3955 dicebat,
3085 3900 3293 3945 structa
3326 3890 3527 3943 constii

1967 3996 2096 4048 terit
2122 3993 2288 4056 acies,
2314 4006 2422 4045 non
2452 3990 2664 4045 timeLit
2692 4005 2784 4045 cor
2808 4002 2989 4042 meum
3017 3988 3056 4040 ‘.
3095 4004 3110 4035 ι
3148 3985 3383 4038 Primam
3406 3998 3535 4053 ergo

1964 4089 2117 4143 illam
2156 4097 2395 4149 noctem,
2428 4085 2825 4147 etsecundam,
2877 4097 2997 4152 quas
3026 4092 3212 4151 postea
3272 4090 3356 4133 est
3403 4098 3537 4135 con-

1963 4188 2176 4239 secuta,
2203 4180 2282 4231 sic
2321 4177 2645 4231 transmisit.
2680 4174 2864 4229 Tertia
2899 4180 3082 4226 autem
3125 4171 3263 4224 vidit
3289 4171 3539 4223 homines

1968 4269 2346 4340 magnitudine
2385 4270 2670 4330 maximos,
2705 4266 2881 4319 forma
2921 4264 3154 4329 alienos,
3186 4262 3535 4325 crudelitate,

1964 4372 2233 4432 quantum
2264 4360 2463 4414 licebat
2491 4360 2789 4425 ceujicere,
2816 4356 3157 4420 carnivoros,
3197 4353 3535 4407 horribiliter

1966 4451 2281 4515 stridentes,
2316 4458 2371 4503 et
2411 4450 2684 4501 minantes
2734 4445 2969 4509 Danieli,
3032 4455 3089 4498 et
3135 4443 3307 4497 metui
3358 4442 3535 4494 admi-

290 4533 542 4598 γνόντας,
577 4534 691 4596 καὶ,
724 4534 817 4597 Τίς
849 4550 931 4599 σε,
976 4534 1254 4603 λέγοντας,
1308 4536 1481 4595 ἄθλιε,
1506 4536 1575 4589 τά
1618 4536 1856 4590 ἐνταῦθά
1894 4527 1936 4581 D

1894 4527 1936 4581 θ
1966 4554 2184 4599 scentes
2236 4558 2348 4596 suae
2389 4556 2569 4594 causae
2627 4538 3031 4601 defensionem,
3084 4536 3367 4591 dicentes:
3406 4534 3540 4599 Quis

290 4625 617 4677 καταλαϐεῖν
651 4625 899 4688 ἔπεισενς
931 4628 1019 4679 ὅτε
1044 4627 1138 4680 καὶ
1162 4629 1211 4679 εί
1232 4628 1399 4695 μηδὲν
1414 4628 1561 4692 ἀλλο,
1586 4628 1614 4680 ὅ
1646 4644 1709 4696 γε
1741 4628 1866 4697 χρό-

288 4731 377 4775 νος
407 4715 468 4766 ὂν
516 4716 683 4783 ἐσμὲν
716 4717 951 4771 ἐνταῦθα
982 4718 1202 4788 κυρίους
1240 4720 1387 4787 ἡμᾶς
1427 4721 1527 4789 ήδη
1558 4718 1652 4772 τοῦ
1695 4719 1861 4772 τόπου

286 4807 547 4860 δείκνυσι.
602 4809 713 4861 Καὶ
763 4809 975 4862 ταύτων
1011 4811 1061 4862 οἱ
1114 4812 1213 4880 μὲν
1269 4814 1347 4874 είς
1400 4814 1671 4866 θάλατταν
1701 4812 1863 4866 αὐτὸν

288 4896 547 4963 ἐμϐαλεῖν
595 4898 875 4967 ἠπείλουν,
909 4901 955 4951 οἱ
987 4900 1041 4952 δὲ
1076 4902 1170 4953 καὶ
1195 4897 1348 4965 αὖθις
1398 4904 1578 4968 λίθους
1628 4905 1862 4974 ἠφίεσαν

289 4988 608 5054 εὐμεγέθεις
637 5005 649 5018 ·
679 4990 855 5052 οὐδεὶς
906 4991 1092 5060 μέντοι
1136 4992 1283 5063 αὺτῷ
1333 4994 1576 5063 ἐγγίζειν
1614 4999 1859 5071 ἐθάρρει.

290 5079 353 5130 Tt
379 5075 473 5131 οὖν
513 5082 691 5144 ποιεῖς
731 5081 983 5135 Πείθεται
1016 5081 1095 5154 τῷ
1122 5086 1389 5159 Δεσπότῃ,
1416 5089 1572 5143 τοῦτο
1609 5092 1670 5146 τὸ
1704 5091 1861 5157 γένος

288 5173 495 5224 εἰπόντι
533 5173 756 5243 νηστείᾳ
811 5176 947 5247 μόνῃ
980 5178 1074 5229 καὶ
1123 5182 1395 5250 προσευχῇ
1432 5182 1853 5249 φυγαδεύεσθαι.

291 5263 400 5314 Καὶ
442 5264 634 5331 πρῶτα
694 5266 792 5334 μὲν
849 5267 1011 5329 more;
1069 5270 1407 5337 ἀντηπείλει,
1444 5273 1697 5327 τοσοῦτον
1751 5274 1860 5345 γὰρ

292 5354 517 5425 ἑθὰῥρει
539 5359 603 5427 τῇ
626 5356 719 5410 τοῦ
745 5359 981 5428 Χριστοῦ
1002 5360 1227 5431 δυνάμει
1247 5381 1259 5394 ο
1294 5363 1485 5417 ἔπειτα
1510 5364 1581 5428 ὡς
1618 5367 1698 5419 ἔτι
1730 5367 1867 5435 μᾶλα

288 5445 381 5497 λον
425 5445 909 5516 ἀναισχυντοῦντας
934 5450 1080 5521 ἑώρα
1125 5454 1218 5505 καὶ
1259 5452 1641 5521 θορυϐοῦντας,
1683 5455 1860 5523 πάντη

293 5542 710 5608 καταφρονήσας
753 5543 929 5596 αὐτῶν
962 5545 1295 5615 ἀναφράττει
1329 5548 1509 5599 πᾶσαν
1537 5546 1633 5617 τὴν
1659 5546 1861 5599 εἴσοδον

292 5630 389 5683 τοῦ
418 5630 545 5684 ναοῦ
578 5632 836 5688 δεικνύων
881 5638 964 5690 ὅτι
994 5638 1156 5709 μόνος
1193 5638 1443 5709 βούλεται
1498 5640 1632 5709 πρὸς
1673 5640 1867 5710 μόνους

365 5822 384 5848 ¹
416 5816 553 5871 l‘sal
595 5834 735 5883 sm,
801 5819 844 5871 l.
925 5820 943 5849 ⁶
986 5818 1119 5875 ibid.
1168 5818 1218 5873 5.

1971 4636 2092 4699 tibi,
2132 4649 2165 4687 ο
2206 4633 2416 4697 infelix,
2458 4641 2517 4685 ut
2569 4632 2677 4685 huc
2706 4630 2944 4691 venires,
2993 4628 3289 4696 persuasit,
3319 4626 3541 4695 quando

1967 4728 2068 4783 etsi
2106 4727 2245 4779 nihil
2279 4725 2449 4788 aliud,
2496 4734 2710 4791 tempus
2763 4722 2989 4790 quidem
3039 4729 3229 4785 certe,
3302 4736 3411 4788 quo
3452 4719 3541 4771 hic

1968 4818 2195 4879 fuimus,
2246 4830 2346 4868 nos
2410 4815 2511 4866 loei
2553 4813 2814 4865 dominos
2860 4812 3049 4879 utique
3088 4809 3329 4864 effecit?
3387 4810 3453 4863 Et
3477 4825 3539 4861 ex

1971 4910 2039 4963 iis
2070 4909 2161 4961 alii
2190 4908 2412 4976 quidem
2462 4906 2813 4958 minabantur
2845 4920 2902 4957 se
2935 4919 3061 4957 eum
3110 4904 3162 4954 in
3213 4917 3361 4953 mare
3418 4916 3538 4953 esse

1964 5003 2245 5072 jacturos;
2297 4999 2388 5052 alii
2419 5009 2600 5051 autem
2639 5012 2827 5049 rursus
2879 4996 3144 5048 maximos
3178 4993 3385 5061 lapides
3439 4991 3542 5043 im-

1970 5094 2292 5156 mittebant;
2336 5106 2500 5145 nemo
2548 5105 2678 5144 vero
2711 5088 2948 5141 audebat
2986 5086 3053 5140 ad
3110 5100 3236 5139 eum
3284 5084 3541 5139 accedere

1971 5187 2217 5256 propius.
2238 5184 2379 5250 Quid
2408 5198 2536 5251 ergo
2562 5181 2734 5235 facit?
2766 5178 2957 5234 Credit
2982 5179 3233 5241 Domino,
3260 5177 3353 5244 qui
3392 5174 3531 5228 dixit

1976 5276 2079 5329 hoc
2112 5288 2280 5343 genus
2308 5272 2506 5340 expelli
2564 5271 2681 5324 solo
2724 5269 2934 5339 jejunio
2994 5276 3045 5323 et
3095 5267 3435 5337 precatione.
3474 5267 3540 5319 Et

1974 5365 2053 5420 sic
2111 5364 2332 5432 quidem
2367 5364 2489 5417 facit
2519 5404 2532 5427 ,
2574 5372 2628 5416 et
2657 5377 2753 5415 eos
2790 5362 3062 5414 minantes
3088 5402 3103 5424 ,
3148 5369 3312 5426 atque
3371 5356 3535 5411 etiam

1970 5457 2237 5527 jacicntes
2278 5469 2468 5524 parum
2502 5464 2594 5508 aut
2637 5454 2774 5507 nihil
2797 5467 3015 5517 curans,
3050 5452 3285 5520 primum
3318 5448 3537 5517 quidem

1977 5548 2093 5614 ipse
2143 5562 2359 5615 quoque
2400 5555 2591 5601 contra
2644 5543 2997 5606 minabatur;
3048 5551 3252 5594 tantum
3292 5539 3437 5591 enim
3486 5537 3538 5589 in

1976 5637 2181 5693 Christi
2219 5638 2420 5693 virtute
2455 5635 2781 5691 conﬁdebat.
2820 5633 3027 5689 Deinde
3070 5648 3193 5686 cum
3229 5645 3323 5683 eos
3363 5627 3542 5683 adhuc
