4214 6444
774 367 881 436 983

1937 370 2321 431 ADDENDA.
2359 400 2423 408 -—
2466 374 2898 443 DECEMBER.

3946 385 4060 448 984

779 480 987 536 videret
1017 495 1074 534 se
1105 481 1276 549 magis
1301 481 1648 551 impudenter
1681 500 1870 553 gerere
1902 496 1957 541 et
1999 488 2341 550 tumultuari,
2379 497 2417 547 Α

2393 497 2417 547 l
2449 492 2646 554 αὐτοὺς
2677 495 2948 558 παλαίειν,
2976 494 3072 548 καὶ
3095 496 3175 549 ὅτι
3204 495 3324 549 οὐδὲ
3354 497 3534 567 φυγῆς
3563 495 3733 550 δεῖται
3761 498 4057 568 προσϐαλ-

776 571 912 640 ipsis
969 571 1195 624 omnino
1231 571 1529 642 despectis,
1582 575 1825 630 obstruit
1875 592 2096 632 omnem
2155 581 2344 648 templi

775 665 1008 731 aditum,
1055 665 1354 721 ostendens
1421 683 1480 722 se
1538 667 1714 722 solum
1765 670 1907 724 velle
1961 687 2087 725 cum
2131 673 2212 727 eis
2259 673 2346 727 lu-

775 758 936 822 ctari,
962 765 1019 811 et
1044 773 1146 811 nec
1177 755 1304 828 fuga
1339 759 1562 828 quidem
1591 776 1775 829 egere,
1810 763 1854 816 si
1886 763 1989 831 ipsi
2018 763 2343 833 irruperint,

775 847 945 901 solam
970 856 1154 902 autem
1182 851 1359 919 aperit
1388 851 1682 908 fenestram
1707 897 1722 920 ,
1757 864 1816 908 ut
1846 856 2056 910 videret
2086 856 2349 910 acceden-

777 947 880 1005 tes,
908 950 964 996 et
995 952 1055 995 ut
1087 945 1304 1013 corpori
1342 947 1600 1017 exiguum
1624 949 1896 1016 acciperet
1921 951 2344 1006 nutrimentum.

777 1029 898 1086 Non
931 1033 1164 1089 multum
1217 1036 1534 1094 intercessit
1570 1042 1854 1110 temporis,
1896 1053 1950 1098 et
1982 1041 2185 1097 Christi
2225 1043 2348 1112 qui-

777 1123 899 1177 dem
933 1125 1138 1182 virtute
1180 1128 1359 1185 deleta
1388 1140 1470 1186 est
1496 1133 1698 1187 .omnis
1729 1135 1815 1188 illa
1849 1137 1990 1190 mala
2037 1135 2346 1191 daemonum

777 1219 1022 1284 operatio
1056 1237 1070 1284 ;
1105 1220 1356 1277 redditus
1382 1235 1468 1278 est
1493 1236 1677 1280 autem
1711 1230 2006 1285 universus
2027 1230 2182 1285 locus
2207 1231 2347 1285 liber

777 1311 845 1365 ab
888 1311 1111 1367 illorum
1151 1317 1467 1387 insultibus,
1499 1331 1555 1376 et
1591 1322 1852 1393 deinceps
1883 1324 2077 1391 libere,
2110 1335 2166 1381 et
2229 1327 2346 1380 sine

777 1403 903 1460 nilis
930 1405 1145 1463 insidiis
1185 1410 1536 1466 ambulabant
1575 1423 1630 1470 et
1672 1431 1819 1472 mare
1854 1418 2201 1488 navigabant.

841 1580 934 1638 XI.
971 1583 1148 1656 Hujus
1170 1604 1301 1643 vero
1328 1590 1404 1646 rei
1439 1593 1579 1647 fama
1606 1599 1843 1650 manavit
1874 1600 1930 1651 in
1980 1615 2174 1655 omnes
2225 1615 2345 1671 par-

774 1684 879 1741 tes,
905 1677 1186 1734 etlicebat
1224 1682 1410 1737 videre
1443 1686 1592 1740 viros
1644 1688 1808 1742 simul
1844 1699 1899 1744 et
1931 1694 2211 1759 mulieres,
2259 1696 2347 1764 ju-

778 1786 947 1825 venes
971 1781 1026 1826 et
1051 1788 1233 1836 senes,
1257 1790 1529 1846 pauperes
1561 1789 1615 1832 et
1647 1779 1869 1847 divites,
1892 1785 1983 1851 qui
2021 1784 2344 1839 habitabant

773 1862 1132 1919 circumcirca
1176 1865 1232 1919 in
1284 1867 1416 1922 locis
1466 1869 1736 1934 ﬁnitimis,
1772 1883 2028 1942 tanquam
2072 1874 2336 1930 ﬂuentum

773 1956 1019 2022 aliquod,
1048 1959 1312 2013 continuo
1333 1970 1510 2014 tractu
1533 1964 1598 2016 ad
1627 1980 1751 2017 eum
1793 1965 1944 2032 ferri,
1972 1977 2027 2022 et
2057 1967 2337 2024 admirari.

772 2066 1012 2118 quonam
1066 2054 1250 2120 modo,
1289 2056 1383 2110 ubi
1433 2073 1609 2126 nuper
1655 2059 1879 2129 quidem
1928 2071 2049 2118 erat
2086 2066 2338 2132 exitium,

771 2142 885 2196 iliic
919 2146 991 2199 sit
1034 2146 1227 2212 salus;
1266 2148 1356 2202 ubi
1395 2158 1579 2204 autem
1627 2153 1936 2207 daemonum
1990 2157 2341 2212 vociferatio-

773 2252 891 2302 nes,
925 2238 1038 2293 illic
1073 2249 1240 2294 noctu
1270 2251 1324 2296 et
1351 2243 1444 2297 diu
1485 2258 1753 2300 canantur
1797 2248 1864 2300 ad
1901 2250 2071 2303 Deum
2103 2251 2336 2306 cantica.

774 2328 994 2385 Invidus
1033 2347 1164 2387 vero
1204 2332 1392 2399 Satan,
1425 2344 1480 2387 et
1514 2334 1800 2390 hominum
1837 2337 2116 2405 inimicus,
2158 2357 2340 2411 neque

774 2421 839 2476 de
878 2437 936 2477 se
963 2433 1174 2492 partam
1202 2424 1516 2489 victoriam,
1551 2442 1731 2498 neque
1782 2432 1959 2484 sancti
1995 2432 2338 2500 patientiam,

773 2530 951 2583 neque
990 2517 1208 2585 piorum
1250 2517 1438 2572 videre
1465 2522 1749 2576 sustinens
1795 2525 2115 2588 utilitatem,
2153 2527 2222 2580 ad
2257 2544 2343 2582 se-

774 2607 1017 2661 cundum
1087 2611 1404 2680 aggreditur
1467 2612 1733 2666 callidum
1803 2626 2223 2682 commentum;
2287 2626 2344 2672 et

773 2701 1110 2771 quibusdam
1148 2718 1215 2758 ex
1263 2705 1332 2759 iis
1370 2706 1462 2773 qui
1495 2706 1548 2759 in
1581 2707 1786 2777 templo
1816 2711 2056 2778 cooptati
2101 2721 2258 2766 erant
2289 2711 2341 2766 in

771 2799 1003 2864 clerum,
1042 2799 1178 2854 tales
1232 2799 1484 2854 immittit
1532 2803 1914 2872 cogitationes,
1975 2805 2166 2874 quales
2210 2805 2340 2858 olim

771 2890 972 2945 Iudaeis
1021 2892 1287 2947 adversus
1311 2894 1620 2955 Christum.
1668 2911 1779 2949 non
1824 2895 2030 2950 bonum
2070 2911 2192 2952 esse
2220 2913 2344 2968 per-

772 2984 988 3037 mittere
1017 2983 1225 3038 homini
1254 2985 1344 3040 hic
1372 2985 1644 3051 habitare,
1680 3002 1843 3056 quem
1879 2989 2163 3057 ignoretis,
2195 2990 2342 3045 unde

771 3077 858 3130 sit.
897 3077 992 3131 Ille
1026 3085 1211 3131 autem
1243 3086 1299 3132 et
1325 3077 1469 3132 fama
1502 3072 1694 3134 omnes
1724 3081 1790 3134 ad
1823 3096 1880 3134 se
1903 3081 2149 3147 attrahit,
2179 3092 2234 3137 et
2279 3083 2343 3137 il-

2450 584 2653 638 λόντων
2703 587 2904 653 αὐτῶν,
2968 589 3172 659 μικρὰν
3223 589 3280 642 δὲ
3314 591 3486 660 μόνην
3531 592 3796 659 διανοίγει
3841 593 4054 661 Θυρίδα

2452 677 2581 741 Θέας
2629 679 2738 732 τῶν
2771 682 3110 750 προσιόντων
3148 683 3335 749 ἕνεκα,
3368 684 3462 736 καὶ
3510 684 3605 737 τοῦ
3637 684 3738 754 τὴν
3769 684 4056 755 βραχεῖαν

2449 771 2654 839 τροφὴν
2691 771 2769 842 τῷ
2802 771 3015 842 σώματι
3070 772 3342 843 δέχεσθαι.
3379 774 3453 827 Ού
3488 775 3621 827 πολὺ
3655 776 3716 826 τὸ
3746 777 3806 828 ὲν
3865 775 4052 844 μέσῳ,

2451 865 2543 915 καὶ
2593 866 2934 936 κατήργηται
2970 866 3072 936 μὲν
3111 869 3264 920 πᾶσα
3305 867 3410 920 τῶν
3439 867 3712 937 δαιμόνων
3746 869 3775 934 ἡ
3821 868 4055 934 πονηρά

2448 957 2696 1026 ἐνέργεια
2725 959 2952 1027 δυνάμει
2979 961 3238 1029 Χριστοῦ,
3268 959 3554 1032 ἐλεύθερος
3582 960 3640 1012 δὲ
3671 959 3828 1020 πᾶςό
3859 960 4049 1029 χῶρος

2447 1047 2549 1117 τῆς
2577 1046 2636 1112 ἐξ
2664 1048 2844 1103 αὐτῶν
2872 1051 3135 1121 ἐπηρείας
3159 1051 3462 1114 δείκνυται,
3487 1051 3580 1103 καλ⁸
3606 1049 3795 1102 λοιπὴν
3827 1052 4047 1112 πάντες

2448 1139 2818 1206 ἁνεπιϐούλως
2855 1145 2950 1197 καὶ
2980 1142 3285 1215 ἐλευθέρως
3329 1143 3532 1198 mem
3571 1158 3632 1196 τε
3678 1143 3779 1196 καὶ
3804 1143 3912 1214 τὴν
3936 1143 4042 1197 θα-

2449 1231 2649 1288 λατταν
2681 1233 2898 1291 ἔπλεον.

2522 1598 2625 1650 lA'.
2658 1597 2819 1667 Φήμη
2874 1595 2932 1649 δὲ
2980 1595 3111 1667 περὶ
3159 1595 3328 1649 αὐτοῦ
3381 1595 3634 1665 πανταχῆ
3669 1595 3904 1666 διέρρει,
3945 1597 4047 1651 καὶ

2448 1685 2518 1758 ἦν
2551 1688 2681 1740 ίδεῖν
2703 1688 2902 1756 ἄνδρας
2920 1688 3057 1754 όμοῦ
3081 1688 3177 1741 καὶ
3203 1691 3500 1755 γυναῖκας,
3531 1689 3684 1750 νέους
3712 1692 3810 1741 καὶ
3845 1691 4044 1760 γέρον-

2449 1799 2569 1844 τας,
2599 1781 2840 1843 πένητας
2897 1779 2993 1832 καὶ
3055 1778 3370 1843 πλουσίους,
3434 1780 3534 1832 καὶ
3596 1785 3706 1834 πᾶν
3732 1781 3863 1834 ὅσον
3915 1785 4046 1843 τοὺς

2450 1874 2609 1942 πέριξ
2654 1874 2856 1934 τόπους
2915 1871 3181 1943 κατῴκει,
3216 1872 3408 1941 ὥσπερ
3468 1889 3521 1924 τι
3583 1871 3764 1942 ῥεῦμα
3823 1877 4045 1944 συνεχεῖ

2447 1967 2594 2036 ὁλκῷ
2651 1965 2790 2036 πρὸς
2859 1965 3025 2019 αὑτὸν
3083 1966 3422 2036 φερομένους
3462 1967 3557 2023 καὶ
3606 1966 3694 2018 διὰ
3754 1967 4046 2036 Θαύματος

2444 2061 2807 2130 ποιουμένους
2859 2059 2980 2122 πῶς
3020 2060 3154 2112 ὅπου
3213 2060 3315 2127 μὲν
3365 2059 3560 2129 πρώην
3610 2059 3865 2126 ὄλεθρος.
3923 2060 4041 2110 ἐκεῖ

2443 2153 2709 2222 σωτηρία,
2747 2153 2882 2206 ὅπου
2933 2151 2989 2204 δὲ
3037 2151 3316 2220 δαιμόνων
3348 2150 3490 2218 βοαὶ,
3541 2149 3665 2202 ἐκεῖ
3691 2149 3789 2202 καὶ
3819 2149 4043 2218 νύκτωρ

2442 2247 2538 2297 καὶ
2599 2247 2721 2315 μεθ’
2751 2247 2968 2316 ἡμέραν
3001 2245 3138 2314 ᾠδαὶ
3171 2244 3308 2314 πρὸς
3361 2243 3518 2296 Θεόν.
3556 2241 3615 2295 Ὀ
3665 2242 3720 2296 δὲ
3773 2243 4041 2312 φθονερὸς

2443 2338 2618 2391 Σατᾶν
2658 2336 2752 2391 καὶ
2805 2337 3213 2406 μισάνθρωπος,
3261 2336 3399 2404 μήτε
3441 2334 3542 2404 τὴν
3607 2335 3810 2387 ἑαυτοῦ
3861 2329 4033 2404 ἧτταν

2447 2431 2588 2501 μήτε
2631 2430 2730 2500 τὴν
2763 2425 3045 2496 ὑπομονὴν
3083 2426 3180 2479 τοῦ
3224 2427 3378 2480 ὁσίου
3423 2426 3559 2494 μήτε
3602 2425 3702 2494 τὴν
3733 2425 3846 2476 τιῖν
3879 2427 4036 2478 εὐσε-

2445 2522 2688 2576 ϐούντων
2727 2518 2996 2586 ὠφέλειαν
3026 2516 3162 2586 όρᾷν
3193 2516 3544 2586 ἀνεχόμενος,
3571 2517 3667 2568 ἐπὶ
3693 2517 3758 2568 τὸ
3781 2516 4036 2586 δεύτερον

2449 2614 2638 2684 μετῄει
2671 2612 2932 2680 σόφισμα,
2977 2610 3072 2663 καί
3106 2627 3218 2662 τισι
3256 2609 3367 2662 τῶν
3401 2609 3460 2660 ὲν
3493 2609 3571 2675 τῷ
3607 2608 3724 2677 ναῷ
3748 2608 4038 2676 κεκληρω-

2450 2705 2627 2772 μένων
2652 2700 2931 2762 τοιούτους
2977 2700 3153 2767 ὲνίησι
3190 2697 3488 2765 λογισμοὺς
3515 2699 3663 2761 οἴους
3705 2700 3884 2752 πάλαι
3917 2700 4034 2761 τοῖς

2458 2794 2738 2856 Ἰουδαίοις
2777 2795 2925 2846 κατὰ
2949 2789 3213 2861 Χριστοῦ,
3253 2791 3330 2853 ὡς
3374 2791 3450 2842 Οὐ
3499 2791 3668 2846 καλὸν
3718 2793 4034 2859 συγχωρεῖν

2445 2888 2735 2958 ἄνθρωπον
2760 2885 2997 2938 ἐνταῦθα
3030 2885 3202 2937 οίκεῖν
3228 2882 3287 2935 ὃν
3320 2882 3420 2935 οὐκ
3445 2882 3625 2934 οἴδατε
3654 2881 3826 2935 πόθεν
3860 2881 4030 2933 ἐστίν.

2456 2981 2514 3032 '0
2558 2980 2615 3032 δὲ
2654 2978 2752 3032 καὶ
2790 2977 3004 3038 πάντας
3054 2977 3118 3044 τῇ
3159 2977 3319 3044 φήμῃ
3359 2973 3497 3042 πρὸς
3543 2972 3744 3026 ἑαυτὸν
3801 2972 4027 3037 ἑλκύει,

2444 3076 2540 3130 καὶ
2568 3077 2599 3145 ἡ
2631 3074 2846 3129 ικείνου
2882 3071 3018 3142 τιμὴ
3049 3070 3246 3138 ὕφεσις
3284 3070 3503 3132 πάντως
3541 3069 3677 3136 ὑμῖν
3718 3068 3830 3121 τῶν
3867 3085 4037 3138 προσ-

770 3171 877 3223 tius
911 3169 1089 3223 honor
1134 3177 1220 3225 est
1246 3171 1474 3225 omnino
1503 3171 1799 3227 diminutio
1825 3183 2135 3228 vestrorum
2175 3178 2345 3230 vecti-
2369 3179 2412 3240 C

2372 3179 2412 3240 ε
2445 3169 2580 3220 όδων
2610 3166 2842 3234 γίνεται.
2884 3163 3048 3217 Ἀλλὰ
3072 3162 3208 3233 δῆλα
3239 3161 3412 3214 ταῦτα
3444 3161 3522 3230 τῷ
3555 3160 3846 3228 ἐπισκόπῳ
3877 3160 4036 3226 ποιή-

771 3259 1000 3326 galium.
1053 3258 1162 3314 Sed
1218 3260 1546 3330 signiﬁcate,
1606 3262 1846 3329 dicebat,
1891 3264 2003 3318 hazc
2057 3266 2336 3336 episcopo.

770 3361 826 3406 et
850 3367 976 3406 eum
1010 3352 1120 3407 cito
1143 3353 1383 3422 expellit.
1424 3355 1490 3408 Et
1515 3363 1664 3408 sator
1685 3355 1906 3423 quidem
1942 3355 2032 3410 hic
2069 3364 2157 3412 est
2194 3376 2204 3411 :
2233 3359 2340 3412 tale

769 3453 954 3498 autem
1015 3458 1225 3500 semen.
1273 3444 1380 3509 Qui
1438 3461 1569 3500 vero
1658 3456 2006 3516 acceperant,
2081 3463 2191 3502 non
2274 3465 2340 3504 ex

770 3537 880 3591 alio
924 3537 1065 3602 noti,
1095 3553 1262 3607 quam
1295 3538 1440 3608 quod
1483 3540 1598 3595 hanc
1639 3542 1903 3595 continuo
1952 3543 2336 3611 produxerint.

769 3631 907 3683 Cum
963 3631 1203 3700 primum
1254 3646 1441 3686 semen
1478 3643 1828 3703 acceperunt,
1865 3634 2103 3690 fructum
2138 3637 2339 3705 produ-

767 3732 969 3777 xerunt
1002 3741 1016 3779 :
1045 3734 1100 3778 et
1132 3725 1400 3779 accedunt
1447 3725 1511 3779 ad
1546 3727 1893 3796 episc0pum,
1958 3739 2014 3782 et
2042 3729 2110 3782 de
2151 3737 2341 3782 sancto

769 3815 1109 3869 renuntiant.
1145 3814 1449 3886 Episcopus
1489 3827 1669 3871 autem
1707 3816 2342 3888 Constantinopolitanus

771 3905 841 3975 (is
869 3908 1328 3978 eratAnatolius),
1355 3907 1736 3977 thuomodo,
1766 3910 1973 3980 inquit,
2017 3911 2084 3965 de
2120 3911 2342 3967 homine

769 3997 1120 4062 maledicitis,
1161 4007 1216 4075 et
1266 4000 1540 4068 expellere
1562 4000 1948 4071 aggredimini,
1979 4017 2165 4071 quem,
2194 4001 2341 4055 unde

768 4091 876 4155 sit,
913 4086 1137 4144 nescitis
1161 4131 1176 4155 ,
1212 4106 1390 4160 neque
1427 4105 1676 4159 quamam
1734 4092 1809 4147 sit
1860 4093 1980 4163 ejus
2006 4094 2131 4149 vita
2159 4093 2338 4160 ratio;

769 4197 896 4236 cum
945 4189 1135 4236 contra
1165 4191 1416 4250 oporteat
1449 4182 1669 4251 quidem
1709 4197 1834 4237 eum
1873 4185 1983 4239 illic
2016 4184 2222 4250 sinere,
2258 4195 2340 4249 ut.

769 4274 813 4328 si
841 4275 910 4326 sit
943 4271 1170 4342 quidem
1220 4273 1420 4335 bonus,
1451 4255 1555 4328 nos.
1597 4288 1818 4343 quoque
1853 4273 2019 4329 faciat
2045 4276 2342 4345 participes

768 4365 1022 4419 utilitatis
1047 4380 1062 4428 ;
1089 4363 1172 4419 sin
1210 4373 1393 4418 autem
1426 4375 1640 4430 contra,
1676 4367 1792 4437 ipse
1809 4366 2030 4436 quidem
2063 4368 2192 4422 hinc
2218 4369 2340 4438 jure

766 4458 1071 4528 expelletur
1097 4496 1111 4520 ,
1152 4472 1249 4511 vos
1291 4471 1424 4512 vero
1458 4467 1513 4514 et
1544 4473 1645 4528 ego
1679 4460 1780 4512 hac
1822 4459 1878 4513 in
1930 4475 1992 4514 re
2025 4460 2343 4515 vacabimus

2452 3278 2644 3323 σαντες
2678 3256 2997 3323 ἐξελαύνετε
3030 3255 3226 3310 θᾶττον
3248 3255 3441 3327 αὐτόν..
3472 3254 3580 3306 Καὶ
3601 3255 3630 3306 ὁ
3665 3255 3770 3322 μὲν
3798 3253 4038 3320 σπορεὺς

2448 3350 2625 3416 οὗτος·
2658 3352 2687 3404 ό
2739 3351 2797 3405 δὲ
2832 3349 3033 3420 σπόρος
3086 3349 3363 3412 τοιοῦτος’
3408 3347 3456 3400 οἱ
3506 3347 3800 3416 δεξάμενοι
3839 3345 3898 3397 δὲ
3935 3345 4036 3396 οὐκ

2449 3445 2672 3500 ἄλλοθεν
2704 3443 2738 3513 ἦ
2790 3441 2906 3495 τού
2939 3441 3104 3503 εὐθὺς
3148 3440 3326 3494 ταῦτα
3374 3438 3678 3508 βλαστῆσαι
3728 3437 4031 3505 γνώριμοι.

2451 3539 2606 3606 Ἀμα
2644 3535 2778 3604 γοῦν
2809 3533 3004 3588 ἔλαϐον
3051 3533 3154 3602 τὴν
3203 3532 3438 3602 σπορὰν,
3472 3532 3716 3601 ἦνιγκαν
3761 3531 3856 3581 τὸν
3895 3546 4036 3596 καρ-

2449 3627 2572 3680 πόνο
2615 3627 2710 3678 καὶ
2742 3624 3006 3695 προσίασι
3037 3622 3115 3692 τῷ
3143 3622 3450 3690 ἑπισκόπῳ,
3481 3621 3576 3672 καὶ
3605 3620 3680 3682 ὡς
3717 3621 3750 3686 ἠ
3783 3619 3946 3687 βουλὴ
3966 3618 4034 3670 τὰ

2449 3719 2590 3771 κατὰ
2642 3717 2736 3770 τὸν
2795 3717 2941 3769 ὅσιον
2993 3713 3457 3781 ἀπαγγέλλουσιν.
3512 3709 3572 3764 '0
3618 3711 3675 3763 δὲ
3732 3711 4034 3771 ἐπίσκοπος

2451 3807 3088 3870 Κωνσταντινουπόλεως
3140 3805 3484 3872 (Ἀνατόλιος
3557 3799 3685 3873 ἦν),
3736 3803 3846 3855 Καὶ
3900 3802 4033 3865 πῶς,

2450 3900 2639 3970 φησιν,
2701 3896 2992 3967 ἄνθρωπον
3039 3896 3228 3956 κακῶς
3278 3894 3512 3960 λέγετε,
3567 3893 3661 3945 καὶ
3720 3891 4034 3955 ἐξελαύνειν

2449 3990 2783 4062 ἐπιχειρεῖτε
2813 3988 2872 4044 ὃν
2916 3986 3045 4042 οὕτε
3085 3986 3249 4040 πόθεν
3282 3985 3434 4039 ἐστὶν
3474 3987 3654 4038 οἴδατε
3691 3983 3816 4036 οὐδὲ
3855 3978 3969 4046 οἷος
4006 3981 4033 4034 ό

2449 4085 2644 4152 τρόπος
2694 4081 2845 4151 αὐτῷ
2894 4082 2996 4151 τῆς
3042 4077 3364 4146 διαγωγῆς;
3420 4077 3753 4129 Τούνσντίον
3796 4076 3898 4145 μὲν
3943 4071 4031 4127 οὖν

2448 4177 2566 4230 δέον
2590 4176 2686 4245 ὲᾷν
2725 4172 2891 4227 αὐτὸν
2923 4171 3197 4236 ἐνταυθοῖ,
3244 4170 3313 4223 tv’
3344 4170 3393 4222 εί
3443 4168 3544 4239 μὲν
3590 4168 3799 4235 ἀγαθὸς
3838 4162 3898 4239 ᾗ,
3941 4170 4029 4220 καὶ

2451 4267 2584 4335 ἡμῖν
2617 4264 2942 4329 κοινωνήσει
2968 4260 3071 4331 τῆς
3094 4259 3394 4328 ὠφελείας·
3427 4259 3478 4312 εί
3503 4259 3562 4313 δὲ
3589 4260 3913 4312 τούναντίον
3939 4258 4030 4309 αὒ-

2449 4357 2541 4419 τδς
2573 4357 2670 4426 μὲν
2702 4354 2927 4418 δικαίως
2967 4351 3220 4406 ἐντεῦθεν
3250 4350 3524 4422 ἀπελαθῇ,
3567 4351 3730 4420 ὑμεῖς
3785 4349 3844 4402 δὲ
3875 4349 4025 4416 κάγὼ

2452 4445 2603 4521 ὦμεν
2662 4450 2732 4503 τά
2778 4464 2841 4517 γε
2895 4444 3124 4500 τοιαῦτα
3178 4445 3526 4513 ἀνέγκλητοι.
3587 4441 3778 4504 Οὕτως
3828 4444 4022 4494 ἐκεῖνοι

769 4546 1222 4618 reprehensione.
1243 4546 1334 4602 Sic
1361 4548 1437 4601 illi
1478 4562 1508 4601 a
1538 4549 1733 4617 seipsis
1768 4549 1912 4619 capti
1943 4550 2058 4618 (res
2089 4549 2237 4604 enim
2261 4559 2344 4604 est
2379 4536 2419 4591 ο

2379 4536 2419 4591 D
2447 4545 2672 4605 ἁλόντες
2723 4541 2815 4610 ὑφ’
2846 4539 3062 4594 ἑαυτῶν
3097 4537 3368 4604 (τοιοῦτον
3398 4539 3510 4607 γὰρ
3542 4537 3576 4606 ἡ
3614 4534 3789 4587 κακία
3809 4551 3824 4565 ο
3860 4535 4021 4601 ἑαυτῇ

767 4641 1038 4712 ejusmodi
1079 4640 1299 4706 vitium,
1334 4639 1509 4708 ipsum
1545 4639 1766 4709 quidem
1796 4640 1851 4694 in
1877 4641 2118 4710 seipsum
2154 4640 2338 4704 cadit,

767 4745 822 4789 et
855 4751 884 4787 a
927 4734 1092 4788 rebus
1124 4732 1237 4788 suis
1272 4733 1508 4802 capitur)
1550 4748 1661 4802 pra:
1690 4733 1900 4804 pudore
1940 4733 2127 4790 vultus
2153 4742 2339 4805 tegen-

769 4839 853 4882 tes
882 4835 1170 4882 cessarunt
1204 4826 1273 4880 ab
1299 4826 1648 4896 improbitate

838 5010 956 5065 ΧΗ.
999 5012 1295 5081 Postquam
1353 5020 1537 5066 autem
1573 5025 1766 5065 eorum
1813 5011 2041 5068 insidias
2072 5014 2154 5068 sic
2205 5011 2343 5070 vidit

771 5101 1044 5171 malignus
1091 5115 1211 5155 esse
1245 5100 1453 5166 irritas,
1485 5100 1702 5170 longum
1749 5108 1895 5154 esset
1940 5101 2143 5164 dicere,
2177 5117 2340 5170 quam

775 5195 978 5249 multas
1008 5193 1233 5263 quidem
1269 5207 1459 5248 rursus
1489 5193 1726 5246 visiones
1759 5192 2038 5261 prioribus
2061 5194 2342 5262 graviores

771 5291 933 5343 beato
963 5287 1230 5350 intulerit,
1278 5300 1442 5354 quam
1488 5284 1689 5338 multas
1741 5292 1925 5338 autem
1965 5284 2260 5350 molestias
2288 5292 2343 5338 et

771 5380 1112 5444 vexationes,
1152 5393 1300 5432 nunc
1341 5377 1562 5447 quidem
1611 5377 1788 5431 minas
1829 5391 1888 5431 se
1914 5392 2037 5430 eum
2077 5377 2342 5431 interem-

768 5484 1016 5542 pturum,
1042 5486 1189 5524 nunc
1214 5486 1344 5524 vero
1370 5471 1423 5523 in
1452 5469 1589 5523 mari
1612 5469 2043 5530 submersurum.
2078 5486 2221 5525 nunc
2247 5487 2342 5524 au-

770 5575 878 5618 tem
941 5564 1147 5632 aliquid
1203 5562 1348 5616 aliud
1403 5561 1675 5616 facturum
1723 5576 1917 5615 eorum
1973 5576 2095 5630 (ποτε
2147 5563 2341 5626 nollet,

770 5654 982 5708 etiamsi
1019 5655 1252 5706 maxime
1295 5659 1350 5706 et
1387 5651 1499 5720 ipse
1525 5660 1579 5704 et
1606 5649 1778 5704 malus
1820 5651 1940 5720 ejus
1971 5651 2244 5706 exercitus
2275 5652 2345 5707 ab

769 5746 890 5814 ipso
925 5745 1036 5799 haec
1060 5754 1213 5799 erant
1247 5744 1486 5814 passuri.
1513 5743 1647 5796 Nam
1672 5751 1960 5812 postquam
1984 5742 2075 5796 ille
2108 5758 2342 5812 surgens

771 5841 969 5909 oravit,
1001 5849 1054 5898 et
1096 5840 1354 5900 audacter
1387 5847 1470 5897 est
1500 5837 1717 5896 locutus
1743 5878 1756 5904 ,
1801 5838 1989 5895 dicens
2031 5854 2042 5892 :
2077 5838 2339 5895 Dominus

2451 4634 2728 4706 πανταχοῦ
2759 4635 3106 4702 περιπίπτει,
3152 4633 3248 4685 καὶ
3283 4633 3398 4694 τοῖς
3434 4629 3662 4691 οἰκείοις
3690 4627 4022 4694 ἁλίσκεται),

2449 4728 2684 4798 αἰσχύνῃ
2712 4725 2780 4779 τὰ
2831 4725 3101 4797 πρόσωπα
3143 4720 3514 4792 καλυφθέντες
3560 4719 3658 4774 τοῦ
3695 4721 4022 4790 κακουργεῖν

2448 4821 2779 4877 ἐπαύσαντο.

2522 5006 2624 5063 ιδ’.
2664 5004 2753 5070 Ὦς
2785 5006 2840 5060 δὲ
2871 5006 2966 5060 καὶ
2987 5004 3191 5074 ταύτην
3219 5002 3385 5057 αὑτοῦ
3420 5002 3518 5072 τὴν
3556 5000 3856 5072 επιϐουλὴν
3885 5000 4017 5054 οὕτω

2449 5098 2593 5156 εἶδεν
2626 5100 2972 5155 διαλυθεῖσαν
3000 5097 3029 5151 ὁ
3067 5097 3326 5168 πονηρὸς,
3355 5095 3568 5167 μακρὸν
3604 5094 3672 5148 ἂν
3718 5094 3805 5163 εῐη
3846 5094 4017 5158 λέγειν

2448 5197 2576 5259 ὅσας
2599 5195 2698 5265 μὲν
2720 5192 2882 5248 πάλιν
2905 5192 3206 5260 φαντασίας
3219 5189 3329 5243 τῶν
3357 5189 3488 5257 πρὶν
3508 5186 3822 5256 δεινοτέρας
3851 5185 4015 5253 ιπῆγε

2447 5287 2525 5358 τῷ
2560 5286 2837 5354 μακαρίῳ,
2857 5286 2988 5348 ὅσας
3019 5283 3074 5337 δὲ
3103 5284 3199 5345 τὰς
3230 5282 3485 5351 ὀχλήσεις
3517 5278 3615 5332 νῦν
3648 5278 3748 5348 μὶν
3786 5277 4014 5331 ἀπειλῶν

2451 5379 2612 5434 αὐτὸν
2643 5376 2878 5438 ἀνελεῖν,
2913 5375 3006 5429 νῦν
3047 5376 3103 5429 δὲ
3139 5373 3585 5433 καταποντῶσαι,
3607 5370 3704 5422 νῦν
3733 5370 3792 5422 δὲ
3823 5370 3948 5424 ἄλλο
3973 5385 4014 5421 τι

2450 5474 2649 5541 δρᾶσαι
2675 5471 2786 5524 τῶν
2815 5469 3148 5539 ἀϐουλήτων,
3184 5468 3290 5520 κᾶν
3329 5467 3410 5519 ὅτι
3444 5464 3678 5536 μάλιστα
3710 5462 3887 5514 ταῦτα
3927 5477 4015 5511 παο

2451 5566 2563 5618 Θείν
2614 5563 2705 5616 ὑπ’
2748 5564 2960 5617 ἐκείνου
2997 5561 3158 5624 αὐτός
3190 5577 3249 5613 τε
3293 5560 3388 5612 καὶ
3422 5560 3484 5610 τδ
3523 5557 3614 5610 ὑπ’
3646 5555 3815 5610 αὑτὸν
3861 5555 4009 5621 στρά·

2449 5673 2625 5724 τευμα
2657 5656 2892 5725 πονηρὸν
2938 5653 3183 5724 ἔμελλον.
3227 5652 3314 5714 Ὠς
3359 5653 3468 5721 γὰρ
3517 5650 3582 5720 δὴ
3630 5651 3884 5709 κάκεῖνος
3915 5646 4010 5696 6::-

2449 5749 2652 5810 ναστὰς
2700 5747 3045 5818 προσηύξατό
3086 5764 3140 5800 τε
3188 5744 3281 5798 καὶ
3316 5744 3668 5814 Θαρῤούντως
3707 5739 4005 5807 ιφθέγξατο,

2463 5840 2706 5907 ἰησοῦςό
2723 5841 2978 5905 Χριστὸς,
2997 5840 3056 5895 ὃν
3072 5838 3373 5894 ἐπίστευσὰ
3388 5853 3445 5890 τε
3470 5835 3564 5891 καὶ
3585 5833 3844 5898 πιστεύω,
3869 5829 4004 5888 αὐτὸς
