4214 6444
246 404 364 471 985

1342 404 1522 466 νιΤΑ
1554 405 1612 468 S.
1660 401 2026 466 DANlELlS
2062 401 2416 463 S'IYLlTrE.

3386 396 3491 460 986

243 526 391 595 ὑμᾶς
426 524 507 587 είς
538 522 638 592 τὴν
666 523 906 579 ἄϐυσσον
934 523 1509 597 καταποντώσειε-τὴν
1546 526 1784 595 ἐσχάτην
1807 543 1821 557 ο

1927 521 2084 576 Jesus
2137 520 2424 582 Christus,
2486 518 2537 570 in
2570 532 2730 585 quem
2765 514 3074 569 credidistis
3101 512 3177 580 (l)
3218 522 3271 566 et
3302 513 3486 575 credo,

244 618 445 668 ἐκείνοι
466 615 586 668 τότε
616 614 811 685 πικρὸν
840 614 1194 680 ὀλολύξαντες
1228 616 1318 668 καὶ
1354 618 1545 687 γοερὸν
1575 616 1818 686 ἀνακρά-

245 706 473 771 ξαντες,
537 708 630 759 xui
694 707 773 777 τῷ
828 706 1007 761 δοκεῖν
1068 708 1135 760 τὰ
1198 708 1470 778 πρόσωπα
1524 709 1820 770 τύπτοντες

242 800 558 868 νυκτερίαιν
586 798 971 866 ὁμοιωθέντες,
1020 800 1186 852 αὑτοῦ
1242 800 1451 853 ἐκείνου
1492 800 1662 852 ταῦτα
1696 799 1818 869 βλέ-
1860 784 1864 787 ’

242 907 438 947 ποντος
467 890 561 942 τοῦ
610 890 760 942 ὁσίου
800 889 1031 957 unum
1064 906 1146 956 τε,
1190 890 1286 943 xui
1309 889 1564 954 ἀπιόντες
1591 889 1816 959 ᾤχοντο.

252 982 315 1035 Ὀ
344 982 399 1035 δὲ
431 982 699 1051 μηδέποτε
721 981 817 1036 τοῦ
845 984 1176 1052 ἐπηρεάζειν
1196 982 1526 1051 παυόμενος.
1561 984 1817 1050 νομίζων,

240 1076 290 1126 εἰ
320 1075 540 1135 πυκνῶς
567 1074 739 1143 αὐτῷ,
776 1074 1031 1146 καθάπερ
1061 1076 1123 1128 ἑν
1152 1075 1467 1147 πολιορκία,
1497 1075 1815 1145 προσσὰἀοι,

239 1165 340 1234 ὀψὲ
369 1165 499 1233 γοῦν
527 1166 759 1235 χαλάσαι
790 1165 884 1220 τοῦ
920 1167 1196 1238 μακαρίου
1226 1167 1285 1222 τὸ
1318 1168 1571 1239 φρόνημα
1594 1167 1819 1231 δυνατὸς

240 1259 418 1322 ἔσται,
461 1258 552 1312 καὶ
579 1260 670 1311 ἐπὶ
702 1258 894 1331 τρίτην
923 1262 1121 1329 πεῖραν
1146 1262 1236 1312 xui
1271 1260 1607 1329 κακουργίαν
1627 1261 1816 1330 χωρεῖ,

239 1349 338 1401 xui
390 1350 516 1412 τοὺς
549 1350 852 1421 προτέρους
893 1350 1043 1421 αὐτῷ
1080 1352 1423 1420 συκοφάντας
1456 1351 1689 1404 ἔπισείει
1726 1352 1820 1404 xui

240 1438 399 1502 αὖθις
429 1440 567 1509 μετὰ
588 1439 681 1493 τοῦ
711 1440 876 1495 αὑτοῦ
907 1443 1327 1513 μηχανήματος.
1348 1443 1412 1495 Οἳ
1442 1443 1505 1513 δὴ
1538 1443 1632 1497 xui
1656 1460 1822 1511 προσ-

241 1532 492 1597 ελθόντες
522 1533 598 1603 τῷ
628 1536 933 1605 ἑπισκόπῳ,
969 1534 1161 1604 ὥσπερ
1207 1536 1305 1606 ἤδη
1336 1538 1401 1589 τὰ
1438 1537 1671 1606 μέγιστα
1707 1537 1822 1591 άδι-

240 1626 526 1696 κούμενοι,
568 1626 881 1697 κακοῦργον
910 1628 1003 1681 τὸν
1030 1631 1176 1682 ὅσιον
1210 1630 1411 1696 εἴρωνα
1452 1648 1509 1683 τε
1548 1632 1642 1684 xui
1677 1634 1810 1683 ἁπα-

237 1716 419 1770 τεῶνα
449 1718 701 1782 ἐκάλουν,
735 1719 829 1771 xui
868 1720 948 1772 ὅτι
989 1720 1337 1789 Δύσχρηστος
1379 1723 1511 1790 ἡμῖν
1544 1722 1658 1773 ἐστι
1688 1738 1821 1789 φορ-

238 1810 390 1874 τικός
417 1828 472 1864 τε
499 1812 590 1864 xui
626 1812 785 1879 μόνον
819 1812 1174 1883 βλεπόμενος.
1206 1814 1470 1873 Κάκεῖνος
1502 1815 1684 1884 ἥττων
1715 1816 1815 1884 ἠδη
1852 1861 1893 1916 Β

239 1906 536 1973 γενόμενος
588 1906 700 1958 τῶν
753 1906 1054 1977 ὀχλήσεων,
1098 1908 1323 1977 πέμψας
1354 1908 1516 1970 εὐθὺς
1564 1908 1685 1976 ἄγει
1726 1908 1818 1961 τὸν

240 1994 446 2065 Δανιὴλ
493 1997 623 2066 παρ’
653 1997 837 2064 αὑτὸν,
876 1999 967 2052 xui
1027 2000 1357 2053 πυνθάνεται
1402 2003 1481 2063 τίς
1520 2018 1580 2053 τε
1615 2001 1689 2053 ὢν
1725 2002 1819 2053 xui

243 2091 413 2143 πόοέν
448 2091 543 2143 xui
574 2091 734 2143 τίνων
776 2091 1050 2162 δεόμενος,
1090 2096 1183 2148 xui
1215 2094 1307 2146 ini
1338 2096 1470 2146 πᾶσι
1507 2095 1667 2155 ποίας
1714 2094 1821 2160 ἄρα

241 2183 375 2249 περὶ
421 2182 481 2234 τὸ
518 2183 660 2235 θεῖον
691 2182 848 2251 δόξης
886 2183 1146 2253 ὲχόμενος
1191 2184 1401 2245 τούτοις
1438 2188 1552 2247 τοῖς
1599 2185 1819 2254 μέρεσιν

243 2275 609 2347 ἐπεδήμησεν.
654 2275 714 2329 '0
745 2276 801 2328 δὲ
824 2276 917 2329 τοῦ
954 2276 1213 2345 μεγίστου
1246 2280 1338 2331 xui
1369 2279 1587 2347 πρώτου
1621 2279 1715 2347 τῆς
1742 2280 1819 2341 είς

241 2366 480 2433 Χριστὸν
510 2367 797 2437 όρθοδόξου
832 2368 1070 2431 πίστεως
1117 2368 1309 2437 πρῶτα
1346 2370 1624 2438 μνησθεὶς,
1679 2370 1821 2423 οῦτω

240 2460 307 2522 δὴ
337 2460 430 2512 καὶ
461 2460 630 2512 τᾶλλα
676 2462 912 2529 συνεῖρε,
951 2461 1187 2530 πατρίδα
1220 2461 1313 2514 xui
1338 2463 1517 2529 γένος,
1547 2464 1641 2516 xui
1669 2464 1821 2526 τέλος

240 2555 325 2605 ὅτι
362 2553 479 2606 θεία
516 2552 706 2606 τοῦτον
752 2553 1006 2624 ἐκίνησεν
1040 2554 1386 2623 ἀποκάλυψις
1419 2556 1480 2608 τὸ
1531 2556 1819 2618 Βυζάντιόν

239 2662 303 2697 τε
342 2645 467 2696 ίδείν
528 2647 621 2698 xui
675 2646 743 2699 τὰ
805 2647 1038 2700 ἐνταῦθα
1108 2648 1455 2701 καταλαϐεῖν.
1509 2646 1694 2701 Ταῦτα
1744 2648 1819 2711 ὡς

243 2742 483 2808 ἦκουσεν
518 2740 544 2791 6
585 2739 907 2800 ἐπίσκοπος,
945 2739 1221 2807 ὑπανέστη
1257 2738 1352 2792 xui
1395 2740 1815 2808 περιεπτύξατο,

243 2829 341 2884 καὶ
381 2832 453 2892 ὼς
486 2830 626 2882 θεῖον
660 2830 900 2900 ἀτεχνῶς
934 2831 1101 2899 ἄνδρα
1136 2831 1391 2900 ἐτίμησε,
1432 2832 1522 2883 καὶ
1556 2834 1667 2892 τοῖς
1699 2832 1819 2883 κατ’

244 2922 414 2975 αὐτοῦ
467 2923 718 2990 λέγουσιν
775 2924 1097 2992 ἐπετίμησε.
1150 2925 1258 2977 Καὶ
1294 2924 1467 2976 ταῦτα
1516 2924 1614 2993 μὲν
1648 2925 1821 2987 οὕτως

244 3017 650 3085 ἐστρατήγηται
679 3016 856 3078 καλῶς
887 3018 965 3084 τῷ
1000 3017 1223 3085 μεγάλῳ
1246 3033 1257 3045 ’
1291 3017 1391 3069 οὐκ
1422 3013 1489 3087 ἦν
1519 3018 1574 3069 δε
1602 3020 1821 3081 παντως

243 3107 339 3159 τὶν
369 3108 466 3175 τὴν
488 3105 723 3175 Χριστοῦ
750 3106 1027 3159 πολιτείαν
1054 3107 1448 3174 ἑπανελόμενον
1484 3107 1558 3178 μὴ
1594 3109 1686 3163 xui
1721 3108 1819 3180 τὴν

1926 616 2041 683 ipse
2066 628 2160 665 vos
2197 613 2247 665 in
2288 611 2535 664 ultimum
2566 620 2819 661 abvssum
2847 605 3169 660 demerserit
3204 621 3216 657 :
3256 604 3331 656 illi
3365 614 3491 655 tunc.

1923 703 2119 758 acerbe
2152 702 2420 756 ululantes
2443 711 2497 755 et
2533 699 2788 752 flebiliter
2810 700 3126 759 clamantes,
3168 704 3222 747 et
3256 710 3382 748 suas
3418 692 3495 745 fa-

1922 797 2069 860 cies,
2116 802 2175 849 ut
2210 793 2537 847 videbantur
2565 834 2578 855 ,
2622 791 2920 860 pulsantes,
2958 788 3240 842 assimilati
3274 802 3492 853 vesper—

1923 887 2228 951 tilionibus,
2280 885 2372 939 illo
2398 887 2514 953 ipso
2545 885 2656 938 hzec
2681 883 3019 950 adspiciente
3051 878 3489 945 sancto,egressi

1923 988 2053 1034 sunt
2080 989 2135 1033 et
2162 977 2441 1033 abierunt.
2477 977 2568 1030 Ille
2609 987 2791 1029 autem
2828 988 3108 1040 nunquam
3153 984 3373 1024 cessans
3409 971 3492 1021 iu-

1916 1068 2118 1136 juriam
2172 1066 2376 1129 facere,
2427 1066 2749 1118 existimans
2784 1063 2929 1132 quod
2982 1062 3026 1114 si
3055 1076 3178 1112 eum
3201 1075 3341 1127 szepe
3370 1067 3493 1111 tan-

1922 1175 2085 1230 quam
2137 1159 2192 1213 in
2222 1159 2373 1213 urbis
2404 1156 2692 1211 obsidione
2727 1154 3032 1217 invaderet,
3078 1152 3295 1204 tandem
3342 1161 3493 1218 pote-

1923 1252 1997 1306 rit
2025 1252 2166 1305 beati
2194 1250 2420 1321 spiritus
2452 1260 2505 1304 et
2545 1262 2873 1319 generosum
2912 1247 3154 1298 animum
3178 1242 3489 1310 deprimere

1922 1353 1983 1391 ac
2013 1338 2293 1408 frangere,
2346 1339 2558 1391 accedit
2605 1337 2669 1390 ad
2710 1336 2958 1389 maleficii
3007 1334 3223 1389 tertiam
3290 1331 3488 1400 proba-

1922 1430 2125 1485 tionem
2150 1469 2163 1494 ,
2202 1439 2258 1484 et
2293 1429 2557 1484 adversus
2604 1445 2729 1483 eum
2773 1443 2961 1481 rursus
2996 1433 3303 1489 commovet
3340 1424 3484 1493 prio-

1923 1537 2013 1577 res
2054 1522 2500 1575 calumniatores.
2542 1520 2646 1586 Qui
2700 1537 2823 1575 cum
2866 1520 3225 1573 accessissent
3268 1518 3332 1569 ad
3366 1518 3483 1586 epi-

1923 1628 2171 1682 scopum,
2204 1615 2425 1681 perinde
2478 1630 2542 1667 ac
2586 1616 2688 1674 iam
2744 1612 2995 1666 maximis
3026 1612 3209 1665 allecti
3246 1612 3485 1679 injuriis,

1922 1716 2172 1759 sanctum
2206 1705 2476 1758 vocabant
2508 1706 2835 1767 maleﬁcum,
2873 1704 3363 1771 simulatoremque
3435 1712 3486 1755 et

1924 1799 2317 1867 deeeptorem;
2401 1798 2766 1866 dicebantque
2857 1799 2977 1867 ejus
3036 1796 3493 1850 consuetudinem

1924 1908 2043 1946 esse
2076 1893 2156 1945 eis
2186 1891 2614 1955 intolerabilem,
2658 1901 2717 1945 ut
2770 1891 2860 1959 qui
2894 1892 2976 1944 vel
3017 1891 3133 1944 solo
3165 1901 3384 1957 aspectu
3423 1889 3494 1941 sit

1922 1986 2188 2038 molestus
2243 1994 2297 2039 et
2330 1986 2696 2054 importunus.
2763 1985 2855 2037 Ille
2905 2000 3035 2037 vero
3081 1986 3188 2051 jam
3236 1984 3414 2035 vietus
3466 1997 3494 2033 a

1925 2088 2005 2131 tot
2032 2078 2439 2140 vexationibus,
2470 2080 2535 2132 ad
2577 2094 2634 2131 se
2662 2079 2893 2131 accersit
2917 2078 3226 2131 Damt-lem.
3261 2086 3310 2127 et
3342 2083 3494 2140 rogat

1922 2170 2173 2241 quisnam
2206 2170 2294 2235 sit,
2326 2180 2381 2225 et
2411 2171 2578 2233 unde,
2599 2180 2651 2223 et
2680 2172 3007 2237 quibusnam
3039 2170 3200 2221 rebus
3226 2183 3364 2234 Opus
3394 2168 3491 2218 lia-

1922 2265 2079 2329 beus,
2125 2274 2181 2318 et
2231 2275 2546 2333 postremo,
2604 2279 2896 2333 quamuam
2955 2264 3007 2316 in
3071 2265 3237 2315 Deum
3300 2272 3494 2315 tenens

1923 2358 2265 2426 opinionem,
2302 2358 2354 2410 in
2386 2358 2482 2410 has
2518 2369 2701 2425 partes
2731 2358 2967 2411 venerit.
3016 2356 3107 2408 Ille
3143 2366 3326 2408 autem
3361 2369 3488 2407 cum

1923 2452 2065 2522 ejus,
2103 2451 2248 2520 quod
2297 2461 2380 2504 est
2418 2450 2712 2502 maximum
2769 2458 2823 2501 et
2861 2448 3117 2517 primum,
3157 2463 3354 2515 nempe
3400 2462 3494 2500 or-

1925 2544 2178 2598 thodoxa:
2222 2544 2274 2596 in
2314 2543 2598 2597 Christum
2654 2542 2800 2604 ﬁdei,
2859 2542 3095 2609 primum
3130 2541 3494 2603 meminisset,

1923 2638 2025 2690 alia
2050 2636 2250 2689 deinde
2286 2636 2588 2698 contexuit,
2623 2636 2949 2702 patriam,et
2979 2650 3170 2699 genus,
3200 2644 3254 2686 et
3286 2635 3446 2686 tinem
3477 2652 3493 2690 :

1921 2742 2118 2796 nempe
2147 2726 2290 2794 quod
2321 2741 2446 2779 eum
2493 2725 2674 2778 divina
2728 2725 2959 2777 moverit
2990 2725 3274 2783 revelatio,
3328 2734 3385 2775 ut
3420 2724 3501 2776 vi-

1921 2818 2079 2872 deret
2145 2817 2485 2886 Byzantium,
2537 2824 2590 2868 et
2636 2817 2687 2868 in
2750 2816 2863 2869 htec
2903 2816 3019 2869 loca
3078 2816 3313 2869 veniret.
3373 2816 3497 2869 llaec

1922 2924 2049 2963 cum
2086 2909 2387 2962 audivisset
2438 2908 2753 2975 episcopus,
2780 2908 3104 2969 assurrexit,
3170 2918 3225 2960 et
3254 2923 3380 2961 eum
3412 2916 3497 2961 est

1924 3001 2208 3069 amplexus
2238 3041 2251 3063 ,
2295 3009 2351 3054 et.
2407 3016 2531 3054 eum
2581 3010 2838 3070 tanquam
2890 3000 3070 3052 virum
3114 3014 3304 3053 revera
3354 3000 3488 3053 divi—

1925 3108 2056 3147 num
2089 3094 2394 3147 honoravit.
2429 3094 2607 3161 Atque
2648 3093 2762 3146 haec
2795 3092 3016 3161 quidem
3054 3094 3133 3147 sic
3165 3104 3312 3146 recte
3345 3101 3494 3161 gesta

246 3195 402 3258 τάξιν
430 3197 524 3263 τῆς
567 3195 844 3257 πολιτείας
884 3196 963 3257 είς
1005 3195 1235 3247 δυνατὸν
1266 3197 1503 3264 φανῆναι
1545 3199 1818 3267 μιμούμε-

1924 3183 2145 3238 fuerant
2174 3200 2204 3239 a
2244 3200 2437 3254 magno
2468 3185 2710 3238 Daniele.
2739 3184 2881 3239 Fieri
2910 3194 3092 3239 autem
3125 3184 3353 3238 omnino
3387 3200 3496 3237 non

244 3305 359 3341 νον.
396 3288 606 3356 Ὠσπερ
634 3281 725 3339 οὖν
746 3288 773 3339 6
803 3286 993 3339 τούτου
1017 3289 1300 3356 Δεσπότης
1339 3288 1481 3357 μετὰ
1506 3289 1599 3340 τὸν
1630 3308 1824 3359 πειρα-

247 3377 391 3445 σμόν
421 3378 669 3445 φαίνεται
693 3377 803 3429 τῶν
832 3377 1077 3446 σημείων
1108 3378 1429 3447 ἀρχόμενος,
1462 3378 1604 3430 οῦτω
1638 3379 1700 3447 δὴ
1734 3380 1825 3434 xui

246 3465 427 3537 οὗτος,
474 3471 612 3539 πλὴν
664 3472 787 3523 ὅσον
842 3469 936 3522 xui
1009 3468 1197 3521 τοῦτον
1268 3469 1477 3521 ἐκείνου
1551 3470 1826 3536 κινοῦντος

245 3567 344 3618 xui
399 3565 587 3617 τούτου
618 3567 683 3635 τῇ
742 3562 953 3616 ἐκείνου
1012 3563 1240 3633 δυνάμει
1313 3562 1708 3634 κατορθοῦντος
1756 3562 1827 3616 τὰ

247 3659 527 3729 θαύματα.

323 3842 425 3895 ῐΓ’.
481 3839 715 3910 Ἡμέραι
769 3837 1049 3907 παρῆλοον
1102 3838 1219 3904 οὐχὶ
1263 3839 1477 3907 συχναὶ,
1530 3838 1623 3889 xui
1670 3839 1825 3901 νόσος

245 3934 580 4003 ἐπισκήπτει
618 3929 697 3999 τῷ
741 3930 1059 4000 πατριάρχῃ
1090 3927 1258 3998 δεινὴ,
1297 3928 1332 3999 ἢ
1370 3929 1463 3981 καὶ
1501 3928 1686 3997 ἱκέτην
1724 3930 1825 3981 αὐ-

244 4028 341 4080 τλν
373 4024 627 4094 γενέσθαι
682 4020 774 4075 τοῦ
824 4022 972 4073 ὁσίου
1028 4024 1192 4082 ποιεῖ,
1242 4021 1337 4073 xui
1398 4020 1824 4087 μεταστέλλεται

246 4117 438 4169 τοῦτον
472 4116 656 4178 εὐθὺς,
696 4115 789 4165 xui
835 4112 975 4183 ὑπὲρ
1007 4110 1174 4164 αὑτοῦ
1210 4110 1658 4179 δεηθῆναιδείται
1690 4111 1824 4180 Χρι-

250 4208 377 4259 στὸν
425 4205 687 4276 βοηθῆσαι
723 4205 1009 4273 κάμνοντι.
1055 4202 1163 4253 Τοῦ
1204 4202 1258 4253 δὲ
1310 4202 1377 4252 τὰ
1409 4201 1611 4268 γόνατα
1662 4201 1824 4269 μόνον

246 4300 332 4361 είς
368 4298 531 4367 εὐχὴν
567 4296 848 4356 κλίναντος
884 4294 1064 4363 παρῆν
1099 4295 1336 4363 ἐπήκοος
1359 4295 1386 4346 6
1416 4293 1648 4360 Χριστὸς
1681 4292 1822 4361 φθάο

246 4410 356 4445 νων
388 4390 584 4460 μικροῦ
619 4390 708 4441 καί
738 4388 835 4457 τὴν
877 4387 1094 4455 αἴτησιν
1116 4402 1131 4417 ο
1177 4388 1270 4438 xui
1314 4387 1347 4455 ἡ
1377 4386 1531 4448 νόσος
1560 4385 1706 4455 ῥᾴων
1733 4381 1822 4454 ἦν,

247 4487 345 4538 xui
376 4485 403 4535 6
438 4482 725 4552 ἀρχιερεὺς
753 4478 995 4548 ἀπαθής.
1020 4478 1129 4531 Καὶ.
1153 4476 1294 4529 οῦτω
1332 4477 1430 4547 μὲν
1461 4478 1531 4529 τὰ
1568 4476 1660 4530 τοῦ
1696 4477 1826 4530 θαύ-

252 4591 458 4647 ματος’
490 4576 550 4626 οὐ
588 4573 787 4642 μᾶλλον
840 4572 895 4625 δὲ
945 4572 1009 4624 ἄν
1050 4587 1133 4632 τις
1186 4568 1347 4623 αὑτὸν
1385 4570 1687 4639 ἐκπλαγείη
1720 4570 1822 4640 τῆς

249 4666 551 4739 θεραπείας
588 4665 620 4735 ἢ
664 4666 762 4733 τῆς
791 4663 882 4715 ἐπὶ
914 4665 979 4731 τῇ
1016 4661 1285 4731 θεραπεία
1307 4663 1695 4730 χρηστότητος.
1722 4662 1820 4725 Ὠς

246 4761 359 4827 γὰρ
402 4759 588 4811 ίάσατο
615 4753 826 4818 τοῦτον,
874 4751 993 4821 ᾔτει
1036 4750 1228 4820 μισθὸν
1275 4749 1375 4819 τῆς
1421 4750 1643 4813 ίάσεως·
1686 4751 1716 4803 6
1764 4752 1820 4802 δὲ

247 4847 317 4921 ἦν
356 4847 621 4917 ἀφεθῆναι
673 4846 787 4907 τοῖς
838 4841 1224 4911 διαϐεϐληκόσι
1279 4841 1340 4895 τδ
1388 4842 1633 4911 ὄφλημα.
1676 4842 1736 4897 '0
1765 4843 1821 4896 δὲ

248 4941 543 5012 ἀρχιερεὺς
587 4938 837 5009 ἁσμένως
886 4953 947 4988 τε
988 4936 1123 5002 arpi);
1175 4934 1273 5005 τὴν
1308 4936 1523 5006 αἴτησιν
1584 4938 1821 5007 διετέθη,

250 5036 366 5098 καὶ,
405 5034 529 5096 Πῶς
559 5031 666 5100 γὰρ
700 5028 773 5098 μὴ
801 5030 1017 5097 ἀφήσω,
1047 5027 1173 5098 ἔφη,
1206 5022 1287 5091 οἷς
1325 5027 1525 5098 μικροῦ
1564 5030 1685 5082 δέον
1727 5022 1853 5083 xui‘

248 5130 413 5199 χάριν
446 5123 729 5195 ὁμολογεῖν
763 5123 845 5175 ὅτι
882 5122 940 5174 σὲ
978 5122 1069 5173 τδν
1119 5121 1251 5190 ἐμὸν
1283 5123 1502 5191 σωτῆρα
1550 5125 1823 5194 παρέσχον

254 5224 406 5286 ἰδεῖν,
438 5221 531 5272 xui
561 5216 697 5287 πρὸς
734 5217 884 5284 ἡμᾶς
919 5214 1175 5283 φοιτῆσαι
1236 5214 1574 5283 κατέστησαν
1624 5217 1820 5282 uiuos;

264 5313 417 5366 Ἐπεὶ
462 5311 518 5363 δὲ
554 5308 692 5378 πρὸς
731 5306 896 5360 αὑτὸν
951 5306 1047 5359 xui
1083 5307 1448 5376 μοναστηρίου
1500 5310 1593 5360 xui
1640 5309 1825 5379 δώρων

250 5404 345 5453 καὶ
371 5398 465 5451 τοῦ
498 5398 736 5449 συνεῖναι
770 5393 944 5463 τούτῳ
986 5393 1278 5456 διαπαντὸς
1326 5397 1624 5467 ἐμέμνητο,
1656 5400 1720 5449 Εἰ
1757 5419 1823 5470 με

250 5492 445 5554 θέλεις,
479 5489 643 5558 φησὶν
665 5489 692 5539 ό
723 5488 920 5556 μέγας,
940 5486 1006 5537 τὰ
1030 5486 1258 5554 μέγιστα
1287 5486 1634 5557 θεραπεύειν,
1666 5490 1725 5543 ἔα
1759 5492 1825 5544 τὰ

247 5583 327 5653 τῷ
383 5582 501 5651 Θεῷ
532 5581 651 5633 xui
699 5581 824 5649 ὶμοὶ
872 5570 1134 5630 δοκοῦντα
1186 5582 1382 5633 ποιεῖν.
1421 5581 1529 5631 Kui
1578 5581 1719 5633 οῦτω
1760 5581 1823 5651 δὴ

250 5677 389 5748 πρὸς
416 5675 509 5728 τὸν
536 5673 663 5727 ναὸν
691 5671 789 5726 σῦν
818 5670 986 5740 πολλῇ
1035 5671 1131 5723 xui
1160 5669 1386 5741 λαμπρᾷ
1414 5675 1479 5742 τῇ
1522 5672 1826 5743 δορυφορίᾳ

1926 3286 2145 3347 poterat
2174 3317 2188 3339 ,
2231 3278 2407 3346 utqui
2453 3277 2653 3332 Christi
2714 3278 2839 3332 vita}
2882 3279 3193 3333 institutum
3240 3294 3499 3347 suscepe-

1928 3380 2033 3434 rat,
2096 3386 2203 3424 non
2244 3370 2409 3425 etiam
2455 3371 2575 3440 ejus
2629 3371 2755 3425 vita:
2817 3372 3038 3440 agenda:
3105 3370 3355 3426 ordinem
3399 3386 3500 3440 pro

1926 3462 2142 3517 viribus
2169 3462 2457 3517 videretur
2498 3463 2719 3516 imitari.
2756 3462 3043 3527 Quomodo
3072 3477 3203 3531 ergo
3245 3464 3365 3533 ejus
3389 3462 3502 3517 υο-

1928 3556 2111 3609 minus
2137 3570 2259 3608 cum
2318 3554 2714 3607 tentationihus
2753 3554 2904 3622 signa
2936 3554 3151 3608 videtur
3187 3555 3498 3618 inchoasse,

1927 3647 2002 3701 ita
2036 3647 2122 3699 hic
2157 3662 2398 3716 quoque,
2421 3647 2523 3699 nisi
2548 3657 2822 3714 quatenus
2848 3648 2938 3700 ille
2962 3648 3105 3701 hunc
3139 3648 3414 3711 movebat,
3445 3656 3502 3702 et

1928 3736 2021 3791 hic
2049 3738 2198 3791 illius
2228 3738 2435 3791 virtute
2470 3737 2705 3791 faciebat
2730 3738 3014 3792 miracula.

2001 3830 2140 3884 Xlll.
2193 3830 2309 3883 Non
2354 3831 2509 3883 multi
2546 3832 2662 3883 dies
2691 3834 3093 3900 prmterierunt,
3120 3842 3174 3886 et
3202 3833 3500 3887 vehemens

1928 3922 2156 3975 morbus
2186 3922 2412 3979 invadit!
2436 3924 2804 3992 patriarcham
2840 3942 2851 3977 :
2897 3926 2989 3993 qui
3020 3925 3186 3977 etiam
3215 3925 3399 3987 eflicit,
3441 3933 3500 3978 ut

1928 4014 1974 4070 is
2007 4014 2164 4071 ﬁeret
2210 4026 2404 4072 sancto
2457 4019 2710 4086 supplex,
2735 4026 2789 4071 et
2822 4032 2946 4071 eum
3001 4019 3269 4071 continuo
3309 4034 3497 4072 accer-

1926 4117 2097 4170 seret,
2140 4116 2196 4161 ut
2242 4123 2342 4177 pro
2368 4109 2486 4176 ipso
2519 4109 2803 4163 Christum
2841 4119 3097 4179 rogaret,
3129 4119 3187 4163 ut
3226 4110 3496 4165 laboranti

1926 4212 2088 4266 opem
2131 4197 2321 4251 ferret.
2383 4197 2521 4253 Cum
2560 4198 2605 4253 is
2645 4208 2830 4253 autem
2876 4200 3053 4252 solum
3096 4215 3270 4269 genua
3318 4200 3501 4255 flexis-

1926 4297 2009 4343 set
2044 4288 2110 4343 ad
2147 4289 2475 4355 orationem,
2512 4290 2688 4345 adfuit
2717 4290 2970 4345 Christus
3014 4294 3313 4346 exaudiens
3368 4309 3497 4362 pro-

1928 4382 2224 4448 pemodum
2272 4391 2629 4437 antevertens
2683 4384 3007 4438 petitionem
3048 4401 3061 4437 :
3107 4385 3497 4454 convaluitque

1927 4482 1983 4527 et
2030 4488 2199 4530 sanus
2223 4474 2397 4528 evasit
2437 4478 2771 4545 patriarcha.
2794 4476 2860 4530 Et
2886 4478 2966 4531 sic
2995 4478 3215 4545 quidem
3253 4480 3498 4533 miracu-

1927 4562 2037 4617 lum
2070 4582 2084 4629 ;
2123 4580 2233 4616 non
2276 4566 2446 4631 magis
2498 4576 2678 4620 autem
2731 4578 2815 4621 est
2863 4568 3217 4622 admirandus
3268 4578 3497 4638 propter

1927 4658 2290 4719 curationem,
2328 4674 2488 4726 quam
2524 4669 2748 4727 propter
2801 4660 3193 4727 benignitatem
3255 4661 3307 4713 in
3341 4677 3498 4715 cura-

1929 4752 2097 4805 tione.
2158 4751 2293 4805 Nam
2340 4761 2626 4822 postquam
2680 4769 2805 4806 eum
2858 4755 3091 4819 sanavit,
3152 4757 3313 4825 petiit
3357 4772 3501 4809 mer-

1930 4845 2117 4900 cedem
2143 4847 2447 4900 sanationis
2480 4864 2493 4910 ;
2541 4862 2605 4899 ea
2633 4862 2763 4900 vero
2789 4857 2928 4910 erat,
2970 4858 3027 4899 ut
3055 4846 3122 4900 iis
3152 4848 3245 4916 qui
3292 4850 3502 4902 calum-

1930 4940 2064 4993 niati
2127 4938 2384 5001 fuerant,
2464 4940 2843 4993 remitteretur
2906 4939 3175 4992 debitum.
3246 4940 3498 4995 Pontifex

1907 5046 2113 5086 .autem
2148 5033 2197 5086 ei
2234 5032 2471 5086 libenter
2516 5033 2789 5087 concessit
2826 5031 3168 5098 petitionem,
3206 5042 3261 5086 et
3298 5049 3311 5085 :
3354 5034 3502 5098 Quo-

1930 5124 2093 5176 modo
2121 5123 2289 5182 enim,
2341 5122 2538 5189 inquit,
2575 5137 2682 5174 non
2722 5122 3020 5186 remittam,
3069 5122 3271 5191 quibus
3305 5140 3495 5191 parum

1930 5216 2086 5269 abest
2140 5215 2271 5283 quin
2312 5216 2477 5267 etiam
2531 5228 2684 5283 agam
2732 5214 2957 5280 gratias,
2993 5213 3137 5281 quod
3188 5213 3495 5277 eﬂeeerint,

1933 5317 1993 5361 ut
2037 5319 2085 5360 te
2122 5307 2413 5370 viderem,
2449 5308 2539 5375 qui
2579 5307 2711 5359 mihi
2742 5306 2939 5360 dediin
2993 5307 3246 5372 salutem,
3299 5316 3352 5361 et
3385 5308 3500 5360 fuc-

1934 5407 2064 5453 runt
2117 5414 2302 5459 causa,
2338 5408 2395 5453 ut
2448 5408 2503 5449 tu
2534 5398 2600 5451 ad
2666 5415 2766 5452 nos
2808 5399 3075 5452 venires?
3132 5398 3269 5452 Cum
3312 5410 3494 5451 autem

1932 5488 2074 5558 apud
2119 5505 2245 5542 eum
2277 5500 2329 5541 et
2382 5487 2723 5551 monasterii,
2772 5497 2823 5541 ct
2869 5488 3159 5550 donorum,
3200 5500 3255 5539 et
3294 5498 3498 5540 utcum

1932 5593 2328 5652 eoperpertuo
2366 5589 2545 5643 esset,
2592 5582 2929 5633 meminisset
2970 5600 2980 5632 :
3020 5581 3072 5632 Si
3124 5581 3205 5632 vis
3248 5595 3353 5644 me,
3416 5580 3500 5631 in-

1933 5677 2053 5746 quit
2086 5676 2172 5729 ille
2207 5688 2453 5743 magnus,
2486 5687 2678 5741 magno
2734 5672 2916 5725 studio
2946 5674 3224 5741 prosequi,
3263 5671 3380 5724 sine
3413 5686 3498 5724 me

324 5821 402 5886 (ι)
444 5813 688 5883 Credidi,
748 5811 1043 5885 legendum
1102 5810 1341 5877 videtur,
1391 5818 1485 5866 aut
1537 5810 1974 5884 intelligendum,
2025 5825 2083 5870 ut
2160 5814 2396 5873 Jacobus
2439 5814 2560 5869 ait:
2624 5812 2893 5867 Dwmonrs
2974 5814 3212 5877 credunt,
3276 5822 3324 5864 ει
3379 5825 3497 5863 cou-

254 5889 587 5943 tremiscunt.
