4214 6444
760 374 864 438 987
1912 370 2175 432 ADDEN
2186 371 2306 431 DA.
2339 396 2407 408 -
2441 371 2852 432 DECEMRER
3918 368 4040 433 988

758 495 823 536 ea
859 481 1062 548 facere,
1115 497 1238 550 qua:
1276 481 1385 537 Deo
1437 490 1494 536 et
1542 481 1676 535 mibi
1727 479 2004 535 videntur.
2050 482 2115 532 Et
2156 479 2235 533 sie
2261 479 2326 532 ad
2361 492 2400 544 Α

2372 492 2400 543 Α
2434 481 2884 550 παραπεμφθεὶς,
2924 479 3022 534 καὶ
3073 478 3233 532 πάλιν
3279 478 3346 532 τὰ
3392 478 3531 532 αὐτά
3579 478 3695 540 τοῖς
3728 477 4036 544 προτέροις

761 575 1026 642 templum
1091 574 1291 629 missus
1351 590 1477 628 cum
1542 589 1739 644 magno
1802 581 1857 626 et
1919 573 2181 642 praeclaro
2240 589 2332 626 co-

2434 574 2694 642 ποιήσας.
2719 573 2816 625 καὶ
2834 571 3142 642 διαφράξας
3158 571 3258 639 τὴν
3287 569 3498 623 εἴσοδον
3519 570 3609 624 διά
3641 585 3792 631 τινος
3819 570 4036 636 μικρᾶς

763 665 983 724 mitatu,
1016 679 1140 718 cum
1174 665 1365 719 eadem
1419 663 1640 718 fecisset
1686 678 1806 731 qua:
1829 664 2002 731 prins,
2037 671 2092 716 et
2121 661 2330 715 aditum

2432 666 2570 731 όπῆς
2631 665 2826 732 ὡμίλει
2884 666 3001 726 τοῖς
3053 663 3393 732 προσιοῦσιν.
3441 661 3637 716 Ἐννέα
3692 660 3764 712 τὰ
3817 657 4037 727 μεταξὺ

2434 755 2650 824 διῆλθον
2677 754 2795 824 Im,
2815 754 2912 807 καὶ
2931 753 3029 806 επὶ
3055 755 3156 824 τὴν
3179 751 3516 822 τελεωτέραν
3543 752 3712 804 αὐτὸν
3741 749 4038 803 πολιτείαν

2433 847 2465 915 ἠ
2498 846 2724 915 πρόνοια
2748 843 2992 898 καλοῦσα
3020 843 3274 914 φανερῶς
3302 846 3372 898 τά
3404 843 3668 912 μέλλοντα
3692 841 4035 912 προεδήλου·

2433 939 2536 1008 ὁρᾷ
2575 937 2684 1007 γὰρ
2738 939 2798 991 έν
2854 938 3114 992 ἐκστάσει
3165 937 3464 1007 γενόμενος
3517 935 3714 989 στῦλον
3766 935 4036 1002 νεφέλης.

2431 1032 2527 1084 καὶ
2573 1025 2726 1094 οὗτος
2753 1029 2891 1100 ὑψοῦ
2927 1030 3053 1084 λίαν
3084 1031 3316 1102 ἐπῆρτο,
3348 1031 3444 1083 καὶ
3476 1027 3820 1096 καταντικρὺ
3857 1025 4036 1079 αὑτοῦ

2431 1122 2736 1194 ἀπῃώρητο
2759 1138 2774 1151 °
2795 1125 2890 1177 καὶ
2916 1126 2943 1175 6
2984 1123 3303 1194 θαυμαστὸς
3334 1121 3564 1192 Συμεὼν
3595 1120 3741 1190 ὕπερ
3777 1118 4037 1185 κεφαλῆς

2432 1213 2527 1267 τοῦ
2563 1215 2760 1268 στόλου
2793 1216 3081 1280 ἀφίστατο.
3135 1217 3238 1269 Δύο
3277 1215 3336 1269 δὲ
3383 1213 3535 1284 αὐτῷ
3567 1212 4038 1282 συμπαρίσταντο

2434 1305 2728 1359 νεανίσκοι·
2765 1307 2860 1360 καὶ
2914 1309 2948 1378 ἡ
3002 1307 3169 1377 ἐσθὴς
3201 1309 3386 1370 αὐτοῖς
3415 1305 3652 1375 λαμπρά
3684 1303 3784 1357 καὶ
3816 1303 4035 1370 ἀστρά-

2436 1413 2668 1450 πτουσα.
2705 1398 2946 1451 Ἀνωθεν
2968 1395 3064 1451 οῦν
3107 1397 3216 1457 ἀπὸ
3259 1398 3360 1468 τῆς
3394 1398 3491 1450 τοῦ
3532 1396 3729 1450 στύλου
3776 1394 4038 1463 κεφαλῆς

2434 1487 2627 1542 ἀκούει
2677 1489 2882 1559 φωνῆς,
2918 1489 3092 1560 Δεῦρο
3136 1491 3272 1559 πρός
3325 1507 3414 1560 με,
3465 1487 3758 1556 λεγούσης,
3796 1486 4034 1552 Δανιὴλ,

2435 1581 2646 1634 ἄνελθε.
2679 1581 2786 1634 Τοῦ
2820 1582 2897 1645 δὲ,
2932 1584 3041 1636 Καὶ
3073 1584 3190 1645 πῶς
3235 1581 3369 1649 ἐγὼ,
3399 1583 3578 1651 κύριε.
3603 1580 3740 1650 πρὸς
3771 1578 4037 1632 τοσοῦτον

758 753 1143 819 obstruxisset,
1183 770 1280 824 per
1312 770 1542 822 parvum
1597 754 1874 822 quoddam
1918 753 2164 806 foramen
2219 753 2334 807 col-

758 844 1084 912 loquebatur
1101 861 1228 898 cum
1262 846 1329 900 iis
1359 847 1452 915 qui
1479 845 1835 900 accedebant.
1868 845 2074 899 Novem
2109 844 2329 898 interim

757 935 886 988 anni
917 936 1316 1004 praterierant,
1372 947 1426 992 et
1465 953 1591 991 eum
1636 935 1703 989 ad
1750 937 1915 990 vitam
1949 935 2331 1006 perfectiorem

760 1041 963 1080 vocans
1010 1027 1359 1082 Providentia
1406 1037 1594 1097 aperte
1651 1030 1894 1082 ostendit
1941 1029 2150 1082 futura.
2194 1025 2332 1081 Cum

757 1118 906 1171 enim
938 1118 1131 1174 fuisset
1161 1120 1215 1173 in
1265 1120 1494 1182 exstasi,
1521 1119 1671 1174 videt
1725 1120 2033 1175 columnam
2065 1117 2246 1182 nubis,
2277 1125 2334 1172 et

762 1225 826 1263 ea
873 1208 1168 1264 admodum
1211 1209 1448 1266 sublime
1477 1219 1594 1265 erat
1653 1211 1891 1270 sublata.
1925 1218 1980 1264 et
2005 1224 2072 1264 ex
2103 1208 2333 1264 adverso

760 1301 879 1369 ejus
911 1301 1184 1370 pendebat
1214 1303 1266 1356 in
1302 1319 1464 1368 acre;
1497 1313 1553 1357 et
1591 1303 1932 1358 admirabilis
1972 1303 2192 1356 Simeon
2223 1310 2333 1354 sta-

762 1391 856 1446 bat
894 1407 1064 1462 super
1111 1404 1276 1462 caput
1328 1395 1619 1448 columnis.
1671 1394 1844 1449 Simul
1889 1403 2071 1449 autem
2113 1407 2237 1446 cum
2265 1405 2333 1445 eo

761 1484 873 1538 duo
926 1487 1179 1541 astabant
1236 1486 1665 1551 adolescentes;
1741 1496 1968 1556 eratque
2022 1484 2104 1542 eis
2166 1484 2335 1538 vestis

760 1577 905 1630 clara
936 1586 993 1631 et
1024 1578 1318 1648 refulgens.
1351 1580 1591 1648 Desuper
1636 1594 1765 1632 vero
1824 1594 1887 1632 ex
1914 1579 2094 1647 capite
2125 1578 2336 1631 colum-

761 1685 842 1721 nae
896 1669 1052 1724 audit
1085 1686 1271 1726 vocem
1317 1673 1586 1725 dicentem
1623 1689 1635 1725 :
1684 1671 1802 1725 Huc
1837 1672 1903 1726 ad
1953 1686 2038 1725 me
2070 1669 2334 1734 ascende.

2437 1671 2566 1740 ὕψος
2611 1673 2845 1742 ἀρθῆναι
2875 1673 3222 1742 δυνήσομαι;
3283 1672 3734 1744 ἀποκριναμένου
3756 1710 3773 1732 ,
3810 1671 4036 1738 ἐπιτρέ-

762 1761 971 1815 Daniel.
1022 1762 1156 1818 Cum
1189 1763 1235 1817 is
1287 1771 1471 1818 autem
1502 1764 1895 1831 respondisset,
1957 1763 2024 1817 Et
2054 1763 2333 1832 quomodo
2366 1831 2394 1835 _

2371 1831 2394 1835 _
2434 1764 2535 1834 ψαι
2582 1767 2696 1827 τοῖς
2767 1767 3022 1819 συνοῦσιν
3081 1766 3232 1835 αὖτῷ
3282 1766 3589 1826 νεανίσκοις
3648 1765 3745 1817 τδν
3798 1762 4035 1830 Συμεὼν

761 1862 953 1919 potero
976 1867 1098 1922 ego.
1128 1853 1374 1920 domine,
1407 1855 1461 1908 in
1488 1863 1692 1908 tantam
1732 1855 1921 1908 extolli
1944 1831 2332 1908 altitudinem?
2366 1831 2405 1887 Β

2369 1831 2405 1887 Β
2435 1831 2735 1922 κατελθεῖν,
2772 1857 2870 1910 καὶ
2895 1831 3268 1920 ἀναλαϐόντας
3293 1858 3429 1928 πρὸς
3455 1856 3618 1911 αὖτδν
3665 1857 3912 1924 ἀγαγεῖν
3937 1871 3952 1884 ·
3985 1851 4033 1905 οῖ

760 1945 923 2013 jussit
955 1945 1180 2001 Simeon
1240 1947 1309 2002 iis
1342 1947 1436 2017 qni
1466 1963 1590 2002 cum
1627 1949 1744 2016 ipso
1778 1956 1974 2010 erant,
2005 1947 2331 2002 adolescen-

2437 1947 2533 2001 καὶ
2561 1948 3123 2016 κατακεκελευτμένα
3156 1949 3545 2016 πεποιηκότες.
3585 1946 3809 2018 αῖρουσί
3838 1963 3905 1998 τε
3939 1945 4034 1996 καὶ

763 2035 932 2096 tibus,
963 2046 1022 2089 ut
1057 2034 1480 2100 descenderent,
1513 2046 1564 2090 et
1602 2046 1942 2105 assumptum
1968 2035 2034 2090 ad
2067 2052 2127 2090 se
2155 2036 2332 2090 dedu-

2439 2038 2629 2092 ίστῶσι
2658 2039 2888 2108 πλησίον
2926 2041 3117 2115 αὖτρῦ.
3151 2043 3418 2102 Κάκεῖνος
3453 2040 3618 2100 εὐθὺς
3647 2038 3840 2090 τοῦτον
3874 2053 4036 2103 περι-

763 2138 975 2182 cerent.
1010 2128 1112 2194 Qui
1163 2145 1288 2184 cum
1343 2129 1608 2199 imperata
1640 2128 1920 2192 fecissent,
1973 2144 2100 2184 eum
2135 2131 2334 2183 tollunt

2437 2130 2775 2200 πτυξάμενος
2801 2133 2904 2195 είς,
2945 2133 3175 2201 οὐρανόν
3209 2133 3526 2201 ἀνεφέρετο,
3569 2131 3665 2184 καὶ
3708 2130 3835 2197 ἅμα
3890 2131 4033 2198 μέγα

761 2229 817 2272 ct
849 2235 1016 2289 prepe
1051 2223 1227 2289 ipsum
1263 2231 1548 2276 statuunt.
1605 2222 1701 2276 Ille
1749 2231 1928 2276 autem
1977 2236 2103 2275 eum
2148 2221 2331 2275 statim

2434 2218 2655 2288 έφώνει,
2701 2221 3004 2290 Ἀνδρίζου,
3041 2223 3265 2293 Δανιὴλ,
3310 2223 3486 2292 ἴσχυε,
3534 2223 3631 2274 καλ⁵
3684 2220 3848 2292 στῆθι
3905 2238 4028 2288 γεν-

760 2315 1065 2382 amplexus.
1103 2316 1267 2370 simul
1309 2317 1363 2370 in
1390 2317 1590 2372 caelum
1611 2332 1738 2371 eum
1771 2316 2014 2379 tollebat,
2047 2321 2104 2367 et
2137 2329 2333 2384 magna

2440 2311 2626 2374 ναίως.
2677 2313 2785 2366 Καὶ
2831 2314 3019 2382 ἐπειδὴ
3063 2314 3207 2368 πάνυ
3258 2316 3511 2384 λαμπρὸν
3566 2316 3916 2384 περιήχησεν
4001 2315 4031 2380 ἡ

760 2419 893 2459 voce
922 2406 1192 2461 clamabat
1222 2424 1236 2461 :
1279 2407 1409 2462 Esto
1439 2408 1618 2471 fortis,
1673 2406 1859 2461 Daniel
1891 2423 1908 2472 ;
1965 2415 2019 2460 te
2043 2415 2330 2460 strenuum

2444 2406 2624 2475 φωνὴ,
2656 2407 2865 2478 φοϐερά
2904 2407 3013 2478 γὰρ
3054 2407 3217 2478 ίῴκει
3266 2401 3410 2460 εἶναι
3456 2407 3552 2459 καὶ⁴
3590 2406 3755 2473 ὁμοία
3802 2405 4029 2475 βροντῇ.

759 2512 822 2550 ac
859 2499 1141 2553 robustum
1195 2501 1394 2570 prazbe,
1440 2511 1496 2556 et
1534 2511 1615 2554 sta
1664 2499 1891 2568 pulchre
1937 2513 2003 2553 ac
2041 2511 2331 2566 generose.

2439 2501 2466 2552 6
2492 2500 2690 2568 Δανιὴλ
2735 2501 2968 2568 πληγεὶς
3002 2499 3100 2571 τὴν
3137 2500 3310 2569 ἀκοὴν
3367 2517 3462 2553 και
3509 2496 3922 2569 συνταραχθεὶς
3969 2496 4025 2561 ἐξ

761 2588 1054 2659 Postquam
1079 2607 1206 2644 vero
1238 2608 1341 2646 vox
1373 2591 1670 2646 aalmodum
1696 2592 1842 2645 clara
1879 2605 2006 2644 eum
2030 2589 2330 2643 circumso-

1621 2606 1670 2644 m
1696 2592 1842 2645 clara
1879 2605 2006 2644 eum
2030 2589 2330 2643 circumso-
2439 2587 2734 2660 ὀνειράτων
2761 2591 2956 2660 ὥσπερ
2985 2592 3279 2660 ἀνήνεγκε.

762 2683 1095 2753 nabat(visa
1127 2694 1208 2739 est
1238 2688 1384 2740 enim
1419 2687 1708 2751 terribilis,
1736 2696 1793 2740 et
1823 2685 2050 2740 tonitrui
2090 2679 2339 2752 similis),
2383 2683 2569 2740 Daniel
2605 2687 2694 2741 cui
2747 2701 3019 2756 percussa:
3099 2694 3156 2741 et
3201 2685 3546 2741 conturbata
3598 2692 3761 2740 erant
3845 2697 4031 2748 aures,

759 2795 824 2832 es
858 2794 1049 2831 somno
1090 2779 1494 2847 quodammodo
1522 2779 1590 2833 ad
1637 2795 1696 2834 se
1742 2778 1930 2834 rediit.

833 2869 971 2925 XIV.
1017 2869 1128 2924 Hoc
1169 2871 1414 2925 futurum
1461 2873 1583 2940 ejus
1604 2871 1724 2924 vitae
1749 2871 2083 2930 institutum.
2115 2871 2334 2926 Simeo-

2516 2869 2614 2924 1Δ’.
2639 2868 2812 2922 Τοῦτο
2849 2869 2948 2940 τὴν
2987 2869 3294 2938 μέλλουσαν
3323 2868 3475 2938 αὖτῷ
3507 2869 3650 2922 κατά
3676 2868 3771 2921 τὸν
3801 2866 4031 2936 Συμεὼν

761 2964 849 3017 nis
877 2963 1130 3016 instituto
1161 2962 1519 3023 conveniens,
1551 2961 1706 3031 prius
1735 2961 2082 3030 signiﬁcavit,
2113 2961 2332 3031 etquod

2445 2959 2728 3014 πολιτείαν
2766 2961 3169 3028 πῳανεφὼνει,
3206 2962 3303 3013 καὶ
3325 2962 3406 3013 ὃτι
3433 2961 3516 3012 δεῖ
3546 2959 3711 3013 αὑτὸν
3744 2962 3841 3013 καὶ
3907 2960 4034 3012 στύ-

761 3055 1052 3124 oportebat
1084 3069 1212 3108 eum
1240 3065 1297 3109 et
1329 3054 1638 3108 calumniam
1663 3054 1982 3117 ascendere.
2016 3063 2072 3110 et
2104 3055 2335 3108 transire
2365 3087 2408 3145 ε

2366 3087 2408 3145 c
2441 3049 2536 3103 λου
2565 3051 2829 3118 ιπιϐῆναι
2857 3052 2952 3103 καὶ
2976 3051 3144 3103 τόπον
3169 3049 3456 3118 παραπολὺ
3484 3048 3577 3101 τοῦ
3612 3047 3811 3101 στύλου
3838 3048 4030 3118 μετελ-

762 3146 830 3202 ad
871 3147 1074 3210 locum,
1125 3146 1379 3200 columna
1429 3146 1591 3212 longe
1635 3145 2016 3200 excelsiorem.
2079 3145 2171 3200 Sic
2204 3160 2330 3200 sen-
2371 3137 2405 3145 ⁷

2371 3137 2405 3145 ⁷
2439 3142 2552 3195 θεῖν
2605 3141 2962 3212 ὑψηλότερον.
3019 3142 3206 3204 Οὖτως
3252 3141 3402 3211 αὺτῷ
3459 3141 3640 3194 πάντα
3693 3138 3898 3210 γνώμῃ
3935 3137 4028 3190 τοῦ

763 3240 934 3295 tentia
961 3249 1017 3292 et
1035 3238 1321 3293 voluntate
1344 3237 1770 3308 Omnipotentis,
1808 3239 1878 3292 ab
1898 3254 1965 3294 eo
1990 3237 2184 3294 effecta
2205 3246 2337 3292 sunt

2439 3233 2771 3303 Κρείττονος
2802 3232 3148 3303 ἐπεραίνετο,
3174 3232 3269 3284 καὶ
3297 3230 3442 3308 μετά
3475 3230 3674 3300 μικρὸν
3712 3230 3814 3282 καὶ
3861 3230 3896 3297 ἡ
3934 3247 4033 3298 μη-

761 3333 970 3398 omnia,
992 3341 1050 3386 et
1077 3331 1145 3384 ad
1182 3345 1308 3384 cum
1335 3329 1498 3399 paulo
1518 3307 1651 3398 post
1679 3330 1842 3383 missa
1871 3336 1954 3384 est
1983 3329 2144 3398 pellis
2172 3329 2335 3382 ovilla

2438 3323 2585 3392 λωτὴ
2636 3322 2820 3376 Ἢλιοῦ
2851 3321 2928 3394 τῷ
2972 3327 3116 3377 κατὰ
3139 3324 3342 3393 τρόπον
3378 3307 3671 3391 Ἐλισσαίῳ
3709 3321 4026 3390 επέμπετο.

761 3426 832 3480 ab
862 3426 1002 3488 Elia,
1037 3424 1103 3478 ad
1128 3438 1277 3486 eum,
1314 3422 1558 3490 inquam,
1602 3421 1694 3490 qui
1729 3421 1976 3474 moribus
2000 3429 2121 3474 erat
2146 3419 2338 3474 Elisco

2450 3415 2761 3486 Ἐπέμπετο
2792 3417 2849 3469 δὲ
2882 3415 3081 3477 οὕτως.
3121 3415 3434 3468 Ἐστέλλετο
3469 3415 3570 3485 μὲν
3601 3414 3756 3482 παρά
3802 3411 3900 3464 τοῦ
3935 3412 4031 3464 Συ-

764 3519 980 3574 similis.
1014 3516 1104 3570 Sic
1139 3525 1322 3570 autem
1357 3515 1521 3568 missa
1559 3523 1664 3567 est.
1698 3513 1741 3567 Α
1771 3512 2026 3568 Simeone
2057 3511 2123 3567 ad
2161 3514 2336 3579 impe-

2443 3506 2591 3579 μεὼν
2622 3508 2698 3578 τῷ
2738 3508 2956 3578 βασιλεῖ
2999 3509 3233 3577 Σέργιος
3263 3507 3291 3557 6
3325 3507 3518 3559 τούτου
3571 3504 3824 3574 μαθητὴς
3859 3505 4031 3572 δῶρον

2442 3599 2595 3669 αὺτῷ
2628 3599 2834 3663 παντὸς
2865 3599 3040 3652 κακοῦ
3072 3601 3449 3668 ἀποτρόπαιον
3484 3600 3544 3649 τὸ
3589 3597 3683 3649 ἐπὶ
3710 3596 3816 3664 τῆς
3867 3614 4032 3663 κεφα-

2440 3689 2543 3757 λῆς
2572 3691 2836 3758 κάλυμμα
2877 3688 3236 3760 (κουκούλλαν
3269 3689 3389 3740 τόδε
3423 3688 3611 3740 καλεῖν
3639 3686 3897 3754 σύνηθες)
3943 3703 4030 3738 κο-

2445 3781 2603 3850 μίζον
2626 3780 2774 3849 αὑτῷ
2797 3797 2811 3811 '
2841 3781 2937 3833 τοῦ
2960 3780 3016 3833 δὲ
3049 3779 3319 3850 βασιλέως
3355 3780 3495 3850 πρὸς
3516 3779 3701 3841 ἀλλοις
3730 3779 3834 3848 τὴν
3854 3779 4027 3848 ψυχὴν

2443 3870 2660 3943 ἔχοντος
2689 3872 2785 3925 καὶ
2815 3869 3065 3942 φροντίσι
3096 3871 3384 3940 δημοσίαις
3414 3871 3823 3940 ἀσχολουμένου
3845 3910 3860 3933 ,
3895 3871 4027 3924 Θεοῦ

2443 3963 2619 4016 ταῦτα
2649 3961 2871 4025 πάντως
2909 3962 3363 4033 οῖκονομοῦντος,
3409 3965 3437 4016 6
3485 3963 3676 4033 ῥηθεὶς
3711 3957 3872 4021 οὗτος
3905 3965 4031 4034 Σέρ-

764 3620 1002 3664 ratoretn
1040 3608 1118 3678 (‘2)
1151 3606 1350 3662 missus
1378 3606 1600 3675 quidem
1659 3615 1780 3659 erat
1811 3605 2036 3674 Sergius
2058 3643 2072 3667 ,
2103 3605 2221 3673 ejus
2250 3602 2336 3656 di-

764 3700 1032 3769 scipulus,
1083 3699 1150 3753 ad
1191 3712 1316 3751 eum
1375 3696 1634 3749 deferens
1676 3694 1906 3758 donum,
1948 3694 2133 3748 omnia
2195 3693 2336 3747 mala

765 3790 1068 3859 depellens,
1094 3803 1293 3856 nempe
1340 3795 1556 3856 tegmen
1580 3783 1726 3854 quod
1764 3784 2001 3838 habebat
2031 3784 2084 3838 in
2116 3785 2294 3853 capite
2320 3800 2334 3849 ;

767 3883 945 3938 solent
981 3889 1167 3936 autem
1201 3879 1254 3932 id
1289 3892 1484 3932 vocare
1535 3877 1829 3929 cucullam.
1863 3875 2000 3931 Cum
2032 3885 2214 3930 autem
2241 3876 2340 3928 im-

769 3985 986 4043 perator
1015 3972 1247 4026 haberet
1268 3970 1510 4023 animum
1546 3969 1671 4022 aliis
1701 3968 1998 4031 intentum,
2030 3977 2086 4021 et
2114 3977 2259 4022 esset
2284 3967 2339 4020 in

2443 4073 2560 4126 γιος
2594 4054 2937 4110 ἀναπλεῦσαι
2968 4055 3189 4124 διέγνω,
3218 4056 3314 4110 καὶ
3336 4056 3435 4122 τὴν
3467 4055 3637 4126 μονὴν
3664 4055 3730 4127 ἢν
3773 4058 4028 4126 Ἀκοεμή-

2441 4167 2554 4202 των
2585 4147 2986 4217 επονομάζουσι
3016 4147 3351 4201 καταλαϐεῖν
3378 4147 3658 4201 ἔσπευδεν.
3707 4148 3866 4201 Ἐπεὶ
3902 4150 4026 4216 γοῦν

771 4246 964 4302 statuit
992 4245 1248 4312 navigare
1278 4249 1335 4296 et
1386 4240 1565 4294 redire
1599 4257 1614 4305 ;
1646 4250 1704 4292 et
1751 4237 2120 4293 contendebat
2149 4254 2342 4307 perve-

2443 4237 2732 4292 ἀναπλέων
2759 4237 2974 4306 σύναμα
3001 4239 3111 4291 τισὶ
3140 4237 3236 4290 τοῦ
3261 4239 3464 4309 Δανιὴλ
3485 4240 3827 4308 προσήγγιζε
3856 4241 4023 4309 τόπῳ,

771 4341 892 4392 nire
930 4336 1000 4390 ad
1060 4335 1456 4389 monasterium
1479 4375 1494 4398 ,
1532 4331 1678 4402 quod
1713 4331 1997 4384 nominant
2031 4330 2340 4385 Acmmeto-

2447 4329 2702 4399 καθάπερ
2734 4331 2799 4382 ἐκ
2824 4328 3168 4400 συνθήματος
3196 4329 3360 4392 εὐθὺς
3394 4333 3452 4382 ιν
3477 4333 3594 4393 τοῖς
3619 4330 3883 4384 ἀπάντων
3916 4333 4027 4385 στό-

773 4444 917 4492 rum,
946 4427 998 4481 id
1027 4436 1131 4492 est,
1164 4441 1275 4480 non
1309 4424 1722 4480 dormientium.
1751 4421 1885 4477 Cum
1934 4436 2064 4492 ergo
2101 4421 2216 4490 ipse
2255 4435 2340 4474 re-
2372 4428 2415 4482 D

2372 4428 2415 4482 D
2447 4438 2610 4490 μασιν
2638 4421 2667 4474 6
2709 4420 2979 4492 μακάριος
3013 4415 3102 4491 ἦν.
3132 4421 3245 4475 Καὶ
3273 4421 3324 4474 οῖ
3361 4423 3460 4489 μὲν
3493 4420 3659 4474 αὐτοῦ
3691 4424 3790 4492 τῆς
3827 4423 4028 4493 ὑπομο-

767 4064 918 4120 curis
960 4063 1198 4130 publicis
1248 4070 1547 4130 occupatus
1571 4098 1586 4123 ,
1626 4059 1736 4112 Deo
1769 4057 1885 4112 haec
1921 4057 2106 4111 omnia
2161 4057 2343 4125 provi-

767 4155 931 4210 dente
963 4165 1018 4209 et
1046 4155 1421 4223 dispensante,
1453 4152 1564 4216 hic,
1595 4165 1760 4221 quem
1793 4149 2036 4204 diximus
2059 4191 2074 4214 ,
2114 4149 2340 4220 Sergius

773 4529 996 4576 vertens
1018 4534 1142 4574 cum
1163 4517 1492 4586 quibusdam
1527 4516 1648 4570 aliis
1689 4514 2012 4570 accessisset
2059 4526 2231 4583 prope
2263 4512 2344 4565 lo-

772 4625 896 4664 cum
928 4608 1192 4674 Danielis,
1221 4608 1404 4662 statim
1452 4618 1709 4676 tanquam
1753 4605 1909 4675 signo
1943 4607 2093 4668 dato,
2149 4603 2342 4656 beatus

772 4710 889 4756 crat
924 4702 979 4754 in
1027 4715 1124 4755 ore
1155 4701 1422 4753 omnium.
1458 4699 1527 4753 Et
1579 4698 1669 4752 alii
1701 4696 1924 4767 quidem
1979 4695 2345 4750 meminerant

775 4796 895 4863 cjus
924 4792 1261 4853 tolerantize;
1292 4791 1383 4845 alii
1419 4801 1603 4845 autem
1649 4805 1895 4860 precum,
1922 4788 2015 4842 alii
2069 4804 2202 4841 vero
2242 4801 2344 4840 cu-

779 4886 1076 4947 rationttm,
1112 4882 1204 4936 alii
1231 4897 1381 4947 vero,
1426 4880 1572 4952 quod
1603 4879 1963 4934 mansucfecit
2009 4879 2211 4941 locum,
2247 4877 2340 4947 qui

775 4974 1158 5044 possidebatur
1202 4987 1232 5027 a
1273 4971 1614 5026 daatnonibus
1651 4988 1665 5026 :
1698 4982 1753 5024 et
1785 4985 1929 5024 nunc
1975 4970 2199 5038 quidem
2251 4970 2344 5038 qui

774 5075 902 5121 sunt
931 5065 986 5118 in
1030 5065 1206 5128 mari,
1236 5063 1353 5118 sine
1400 5063 1645 5132 periculo
1696 5062 2000 5130 navigant;
2048 5061 2199 5114 illaesi
2253 5075 2349 5113 au-

777 5166 884 5212 tem
924 5158 1030 5213 iter
1081 5157 1288 5212 obeunt
1327 5155 1362 5209 ii
1402 5156 1495 5224 qui
1547 5163 1674 5208 sunt
1729 5154 1781 5208 in
1821 5154 1905 5207 via
1932 5152 2162 5221 pedites.
2221 5150 2346 5206 HéBC

776 5249 1028 5318 intelligit
1078 5247 1323 5317 Sergius,
1373 5246 1458 5301 cui
1498 5246 1855 5299 commissum
1916 5243 2094 5297 fuerat
2138 5243 2344 5296 donum

773 5339 1270 5409 pretiosissimum;
1331 5346 1386 5391 et
1450 5354 1571 5391 cum
1645 5337 1765 5406 ejus
1830 5335 2106 5390 desiderio
2165 5345 2347 5389 motus

776 5430 969 5483 fuisset
1008 5429 1243 5495 animus,
1306 5441 1457 5500 rogat
1508 5430 1757 5498 quisnam
1796 5430 1888 5483 hic
1950 5430 2040 5496 sit,
2067 5441 2124 5485 ct
2147 5430 2262 5498 ubi,
2295 5441 2348 5486 et

776 5535 844 5574 an
878 5519 1037 5573 liccat
1068 5534 1193 5574 eum
1224 5521 1538 5573 convenire.
1572 5520 1651 5573 llli
1684 5536 1815 5575 vero
1846 5529 1900 5574 et
1929 5521 2113 5574 locum
2154 5522 2348 5576 alacri-

779 5620 863 5666 ter
900 5609 1280 5677 ostenderuut,
1314 5618 1370 5664 et
1398 5626 1520 5665 cum
1548 5611 1603 5664 in
1639 5619 1840 5665 terram
1883 5612 2204 5681 appulisset,
2239 5613 2341 5682 ipsi

863 5777 977 5849 (Ξ)
1038 5777 1168 5837 Vide
1237 5781 1433 5838 Baron.
1495 5795 1640 5836 anno
1696 5779 1817 5835 «100.
1874 5775 2108 5835 Leonem
2177 5779 2437 5849 ittlclligc.

2447 4513 2546 4581 νῆς
2580 4512 2922 4582 ἐμέμνηντο,
2956 4513 3008 4564 οί
3046 4512 3102 4565 δὲ
3133 4512 3243 4566 τῶν
3282 4511 3480 4582 εὐχῶν,
3515 4514 3564 4565 οί
3586 4513 3644 4567 6‘s
3665 4513 3780 4567 τῶν
3810 4517 4023 4578 zeum.

2446 4605 2495 4656 οί
2522 4603 2578 4655 δὲ
2604 4602 2685 4656 ὅτι
2707 4603 2800 4657 τὸν
2820 4603 2985 4656 τόπον
3005 4602 3256 4674 δαίμοσιν
3280 4603 3410 4657 ὄντα
3434 4605 3664 4674 κάτοχον
3681 4604 3776 4676 ιξη
3788 4607 4024 4676 μέρωσεο

2445 4695 2541 4748 καὶ
2598 4693 2695 4747 νῦν
2745 4693 3051 4759 ἀκινδύνως
3107 4695 3206 4764 μὲν
3247 4695 3301 4748 οἱ
3350 4697 3408 4748 ἑν
3453 4695 3701 4768 θαλάσσῃ
3747 4698 4024 4759 πλέουσιν,

2445 4784 2703 4847 ἀϐλαϐῶς
2743 4784 2802 4838 δὲ
2849 4784 2900 4837 oi
2949 4785 3010 4839 ιν
3047 4786 3118 4855 γῇ
3172 4787 3491 4850 πεζεύουσι.
3531 4786 3816 4842 Μανθάνει
3862 4791 4026 4842 ταῦτα

2448 4880 2543 4932 καὶ
2574 4879 2800 4949 Σέργιος
2833 4879 2862 4932 6
2891 4877 2954 4931 1:6
2985 4878 3286 4949 πολύτιμον
3308 4878 3542 4950 δώρημα
3570 4880 3914 4946 πιστευθεὶς,
3941 4885 4023 4934 καὶ

2448 4970 2548 5041 τὴν
2573 4969 2755 5040 ψυχὴν
2796 4970 2934 5040 πρὸς
2971 4970 3152 5041 ἔρωτα
3187 4969 3431 5040 κινηθεὶς
3462 4969 3798 5025 πυνθάνεται
3833 4975 3915 5036 τίς
3947 4968 4024 5027 οὗ.

2449 5079 2540 5124 τος
2572 5063 2665 5116 καὶ
2694 5063 2852 5126 ὅπου,
2883 5063 2980 5116 καὶ
3019 5064 3067 5115 εί
3107 5062 3331 5116 δυνατὸν
3360 5063 3510 5133 αὑτῷ
3550 5065 3819 5133 ἐντυχεῖν.
3864 5065 3930 5120 Ol
3974 5067 4022 5119 ἃ

2447 5153 2541 5205 τόν
2564 5169 2622 5206 τε
2649 5152 2814 5207 τόπον
2853 5153 3151 5224 προθύμως
3174 5154 3482 5220 ὑπέδειξαν,
3517 5157 3610 5209 καὶ
3643 5158 3710 5226 τῇ
3743 5160 3817 5227 γῇ
3867 5175 4021 5226 προσ-

2450 5244 2779 5310 οκείλαντες,
2812 5245 2966 5298 αὐτοί
2995 5262 3055 5299 τε
3083 5245 3220 5316 πρὸς
3254 5246 3345 5299 τὸν
3378 5247 3523 5299 ὅσιον
3555 5245 3770 5316 σύναμα
3814 5249 4015 5321 Σεργίῳ

2454 5337 2832 5408 ἀφικνοῦνται.
2864 5339 2962 5401 ’ος
2985 5338 3079 5392 καὶ
3113 5337 3319 5408 σφόδρα
3349 5337 3690 5408 φιλοφρόνως
3720 5340 3813 5392 τὸν
3847 5343 4014 5411 pand-

2455 5448 2572 5500 ριον
2603 5430 3013 5499 ἀσπασάμενος,
3046 5429 3116 5483 τὰ
3165 5431 3263 5498 μὲν
3300 5429 3463 5492 αὐτὸς
3512 5431 3813 5499 ἐξηγεῖται,
3844 5436 3940 5503 τήν
3966 5449 4015 5484 τι

2452 5521 2545 5573 τοῦ
2567 5519 2790 5590 Συμεὼν
2815 5521 2958 5590 φημὶ
2979 5519 3090 5574 τῶν
3118 5514 3328 5574 Mitys;
3351 5520 3699 5591 ἀπαλλαγὴν,
3724 5524 3822 5577 καὶ
3851 5523 3878 5576 δ
3901 5523 4014 5592 παρ’

2455 5607 2621 5664 αὑτοῦ
2652 5608 2867 5681 κομίζει
2910 5608 2988 5680 τῷ
3018 5608 3224 5680 βασιλεί
3281 5609 3476 5683 δῶρον.
3519 5610 3662 5682 Πρὸς
3716 5611 3776 5665 σε
3833 5611 4014 5683 μᾶλλον
