4214 6444
764 354 866 416 991

1938 355 2409 414 ADDENDA.—
2445 356 2880 418 DECEMBER.

3942 360 4046 422 992

763 473 885 540 (jus
944 471 1060 524 ﬁeri
1117 477 1352 539 poterat,
1389 486 1619 539 corpore
1673 485 1795 524 esse
1835 471 2241 530 contendebat;
2294 482 2348 526 et

2464 476 2628 544 μόνος
2652 471 2721 545 ἦν
2742 477 2799 528 ἐν
2828 476 2906 545 τῷ
2935 475 3096 538 κίονι,
3132 476 3388 546 μεθόριον
3417 478 3614 534 ἐαυτὸν
3638 482 3865 551 θέμενος
3887 485 4047 553 οὐρα-

764 563 832 614 de
873 574 1072 617 czetero
1107 562 1259 615 solus
1312 571 1431 615 erat
1473 562 1526 614 in
1570 565 1849 625 columna,
1893 561 2136 632 seipsutn
2173 563 2345 616 collo-

765 670 900 708 c:uts
951 655 1004 707 in
1064 654 1188 708 creti
1243 664 1298 706 et
1352 661 1510 708 terra:
1548 653 1817 718 conﬁnio;
1863 653 1933 707 ab
1986 655 2087 709 hac
2131 655 2354 723 quidem

768 747 1038 803 recedens
1097 762 1262 801 carne
1307 757 1364 802 et
1393 746 1614 817 spiritu,
1645 746 1712 800 ad
1746 745 1881 800 illud
1910 754 2096 802 autem
2128 756 2356 802 conten-

767 842 927 895 dens.

834 981 970 1035 XVI.
993 979 1116 1036 Hac
1147 990 1332 1034 autem
1384 992 1491 1035 non
1550 988 1766 1050 poterat
1795 982 2014 1040 invidus
2045 983 2187 1040 ferre
2222 1001 2357 1042 ocu-

765 1075 874 1135 lus,
924 1089 1099 1141 neque
1131 1075 1270 1141 patri
1311 1074 1525 1129 invidia
1546 1085 1705 1129 erant
1742 1075 1830 1130 illa
1866 1077 2194 1132 tolerabilia.
2235 1079 2344 1134 Sed

766 1181 890 1218 cum
922 1165 1026 1220 loci
1063 1167 1318 1220 dominus
1347 1167 1410 1220 ad
1445 1158 1639 1222 horum
1692 1169 1929 1224 venisset
1984 1171 2351 1240 cognitionem

765 1258 905 1325 (erat
932 1265 1114 1311 autem
1171 1258 1248 1312 illi
1289 1273 1490 1312 nomen
1522 1259 1815 1330 Gelasius),
1842 1261 2247 1319 inconsiderate
2274 1264 2353 1319 ira

764 1349 954 1404 animo
985 1351 1364 1412 perturbatus.
1397 1361 1492 1406 aut
1523 1353 1704 1421 potius
1738 1354 1998 1409 «lazmonis
2023 1355 2350 1426 importuni-

766 1452 874 1496 tate
926 1453 1257 1508 commotus,
1295 1457 1349 1498 et
1375 1444 1640 1500 adversus
1669 1455 1919 1501 sanetum
1949 1449 2129 1504 virum
2165 1450 2352 1506 lurore

763 1534 1002 1602 percitus
1028 1537 1210 1604 (causa
1254 1548 1438 1590 autem
1479 1539 2067 1610 przctexebatur.quod
2098 1558 2205 1596 non
2229 1559 2349 1598 eam

762 1627 1040 1696 posuisset
1061 1630 1341 1684 voluntate
1361 1629 1528 1698 illius)
1550 1631 1864 1699 imperatori
1895 1632 2116 1700 quidem
2147 1650 2352 1690 renun-

764 1726 863 1774 tiat
890 1721 943 1774 id
968 1721 1116 1790 quod
1149 1722 1350 1776 factum
1383 1722 1582 1777 fuerat.
1627 1723 1930 1780 ltenuntiat
1967 1735 2152 1781 autem
2185 1728 2350 1782 etiam

762 1812 1048 1867 Gennadio
1126 1814 1194 1881 (is
1227 1815 1372 1869 enim
1429 1816 1763 1870 constitutus
1820 1817 1996 1872 fuerat
2059 1818 2352 1888 episcopus

2452 570 2544 624 νοῦ
2592 587 2652 623 τε
2711 572 2804 623 καὶ
2848 570 2950 638 τῆς
3004 570 3129 639 γῆς,
3183 573 3349 642 σαρκὶ
3422 573 3523 642 μὲν
3595 577 3689 627 καὶ
3772 576 4046 643 πνεύματι

2463 665 2858 734 ἀφιστάμενος,
2893 666 3032 736 πρὸς
3081 664 3140 718 δέ
3189 666 3280 720 τὸν
3331 668 3712 738 ἐπειγόμενος.

2527 975 2645 1043 ις’.
2681 976 2938 1031 Ταῦταδέ
2967 981 3058 1032 τὸν
3082 980 3354 1050 βάσκανον
3376 981 3657 1054 ὀφθαλμὸν
3675 985 3778 1038 οὐκ
3799 979 3873 1056 ἦν
3890 984 4045 1050 ἐνεγ-

2455 1070 2595 1134 κεῖν,
2621 1069 2897 1141 οὑδάὐτῷ
2932 1073 3127 1143 ἐκείνῳ
3161 1073 3240 1145 τῷ
3266 1075 3362 1128 τοῦ
3380 1077 3575 1146 φθόνου
3599 1077 3771 1147 πατρὶ
3802 1077 4042 1148 φορητά.

2468 1163 2608 1216 Ἀλλ’
2627 1165 2654 1217 ὀ
2669 1163 2762 1218 τοῦ
2785 1167 2955 1218 τόπου
2973 1167 3177 1235 Κύριος
3196 1170 3274 1230 είς
3297 1169 3501 1236 γνῶσιν
3515 1169 3718 1223 τούτων
3731 1170 3929 1231 ἐλθὼν,
3948 1171 4047 1223 Γε-

2455 1255 2639 1318 λάσιος
2657 1257 2846 1327 ἐκείνῳ
2865 1257 3123 1329 τοῦνομα,
3146 1260 3417 1333 ἀλογίστῳ
3431 1261 3588 1332 θυμῷ
3609 1262 3708 1332 τὴν
3729 1262 3911 1333 ψυχὴν
3928 1265 4044 1316 δια-

2455 1364 2521 1399 τα
2529 1347 2820 1419 ραχθεὶς,ἢ
2839 1350 3041 1420 μᾶλλον
3053 1352 3344 1422 δαιμονίως
3362 1356 3643 1425 σκαιότητι
3658 1355 3933 1425 κινηθεὶς,
3951 1356 4047 1409 καὶ

2456 1440 2703 1497 κατάτοῦ
2722 1443 2867 1496 όσίου
2895 1444 3091 1514 ἀνδρὸς
3109 1446 3391 1514 ἐκμανεὶς,
3413 1446 3510 1502 καὶ⁵
3526 1449 3558 1518 ἡ
3576 1448 3724 1500 αἰτία
3738 1447 3798 1500 τὸ
3813 1448 3892 1516 μὴ
3904 1447 4042 1515 γνὼ-

2457 1550 2535 1606 μῃ
2561 1535 2772 1589 ἐκείνου
2798 1537 2891 1590 τὸν
2915 1537 3108 1590 στῦλον
3129 1543 3186 1591 ἐν
3206 1541 3316 1602 τοῖς
3336 1538 3548 1592 ἐκείνου
3569 1538 3916 1610 ἱδρύσασθαι,
3945 1540 4043 1605 ἀγ-

2453 1627 2632 1687 γέλλει
2669 1631 2768 1697 μὲν
2801 1631 3012 1699 βασιλεῖ
3045 1632 3107 1685 τὸ
3149 1632 3417 1703 πραχθὲν,
3455 1631 3707 1701 ἀγγέλλει
3771 1633 3827 1685 δὲ
3881 1622 4039 1683 τοῒιτο

2456 1721 2549 1773 καὶ
2576 1720 2862 1790 Γενναδίῳ,
2881 1715 3034 1783 οὗτος
3061 1724 3168 1794 γὰρ
3194 1725 3490 1787 ἐπίσκοπος
3521 1723 4041 1777 Κωντταντινευπό·

2453 1810 2588 1873 λεως
2615 1813 2752 1882 μετὰ
2782 1813 2881 1884 τὴν
2913 1815 3221 1869 Ἀνατολίου
3245 1815 3544 1868 καθίστατο
3571 1815 3850 1879 τελευτήν.
3879 1816 4041 1868 Βασι-

756 1905 1402 1974 Constantinopolitanus
1451 1918 1573 1975 post
1611 1907 1898 1961 decessum
1935 1909 2217 1979 Anatolii).
2252 1909 2347 1964 At-

2452 1903 2536 1955 λεῖ
2564 1905 2659 1973 μὲν
2689 1900 2784 1957 οῦν
2840 1906 3015 1972 λέγων
3066 1907 3296 1976 ἀνήκοος
3326 1903 3394 1978 ἦν
3414 1924 3428 1938 '
3463 1909 3490 1960 ὀ
3510 1907 3566 1960 δὲ
3598 1909 3902 1967 ἐπίσκοπος
3934 1909 4042 1961 είτε

758 2015 864 2065 que
895 1999 963 2052 ab
997 2000 1324 2067 imperatore
1346 2001 1568 2068 quidem
1603 1999 1793 2054 dicens
1826 2017 1936 2054 non
1974 2001 2077 2055 fuit
2121 2002 2348 2056 exaudi-

762 2101 872 2153 tus;
908 2092 1212 2161 episcopus
1241 2107 1374 2144 vero
1407 2092 1610 2146 invidia
1635 2103 1838 2167 motus,
1867 2103 1961 2148 Seu
1989 2094 2038 2148 ei
2071 2095 2166 2163 qui
2194 2112 2349 2165 roga-

760 2193 844 2236 rat
875 2183 1208 2246 concedens,
1239 2199 1344 2237 non
1387 2184 1561 2238 solum
1595 2186 1856 2239 censebat
1899 2197 2148 2240 sanctum
2186 2203 2217 2242 e
2254 2203 2348 2242 co-

760 2277 943 2329 lumna
976 2277 1369 2346 dejicienlum,
1405 2275 1500 2329 sed
1533 2275 1696 2329 etiam
1720 2292 1893 2343 pwnte
1918 2277 2345 2347 subjiciendum.

758 2370 922 2425 Redit
952 2385 1083 2437 ergo
1106 2368 1356 2422 Gelasius
1381 2378 1530 2422 totus
1565 2370 1643 2423 ira
1669 2370 1930 2438 percitus,
1961 2371 2097 2426 alios
2122 2388 2348 2441 quoque

763 2462 966 2514 lltUilOS
1021 2476 1204 2515 secum
1256 2475 1560 2522 assumens,
1599 2471 1654 2513 Cl
1686 2477 1716 2515 Ο
1778 2462 2032 2516 columna
2090 2473 2345 2517 sanctum

761 2556 953 2608 volens
991 2553 1305 2606 detrahere.
1351 2551 1457 2606 Sed
1517 2552 1609 2620 qui
1646 2568 1865 2620 semper
1912 2554 1964 2606 in
1998 2552 2203 2608 sanctis
2232 2553 2349 2608 suis

757 2658 843 2701 est
872 2645 1212 2699 admirabilis
1245 2646 1525 2708 Dominus,
1559 2645 1740 2712 qualia
1766 2660 1915 2700 nunc
1940 2661 2160 2718 quoque
2193 2645 2346 2713 iecit,

762 2741 913 2793 illum
951 2738 1216 2792 audacter
1246 2738 1598 2791 insultantem
1632 2737 1959 2804 reprimens,
1991 2750 2045 2793 et
2076 2741 2195 2809 ejus
2227 2755 2348 2793 ser-

765 2848 913 2897 vum,
935 2832 1027 2900 qui
1050 2841 1167 2886 erat
1189 2831 1455 2888 occultus.
1477 2829 1775 2898 gloriosum
1790 2829 2199 2884 elliciens..\'am
2221 2846 2346 2886 cum

759 2935 904 2979 esset
940 2924 1174 2978 maxima
1209 2924 1474 2977 serenitas
1511 2933 1765 2992 essetque
1797 2939 1891 2977 aer
1935 2939 2109 2992 purus
2142 2933 2197 2977 et
2229 2924 2349 2977 liui-

760 3017 943 3088 pidus,
974 3018 1150 3070 nubes
1180 3025 1400 3085 repente
1424 3027 1850 3073 euttcurrerunt.
1878 3026 1930 3068 et
1961 3027 2078 3069 orta
2109 3025 2194 3070 est
2218 3018 2351 3070 cali-

762 3125 851 3178 go,
885 3118 933 3162 et
971 3109 1266 3162 vehemens
1315 3107 1496 3176 pluvia
1526 3115 1579 3160 et
1611 3107 1818 3174 grando
1846 3107 2103 3161 deorsum
2135 3107 2349 3161 fereba-

765 3211 874 3252 tur.
910 3196 1230 3264 Tantusque
1273 3204 1392 3248 erat
1422 3199 1541 3264 ejus
1574 3197 1830 3264 impetus,
1864 3210 1920 3249 et
1954 3205 2062 3250 tam
2100 3197 2349 3266 ingentes

763 3293 923 3345 mina:
972 3290 1067 3344 ira:
1099 3305 1376 3359 superum,
1417 3297 1472 3342 ut
1516 3288 1680 3343 etiam
1714 3289 1906 3343 vitium
1931 3290 2194 3345 caderent
2222 3291 2347 3344 folia

763 3398 817 3438 et
852 3383 1116 3453 pampini,
1158 3397 1265 3435 non
1320 3381 1496 3435 solum
1550 3380 1762 3436 fructus
1797 3399 1811 3435 :
1844 3389 1966 3436 erat
2017 3383 2166 3437 enim
2220 3393 2350 3439 tunc

765 3486 979 3545 tempus
1011 3475 1323 3529 vindemiae.
1354 3473 1459 3527 Sed
1520 3489 1620 3527 nec
1652 3474 1769 3527 [nec
1825 3473 2048 3544 quidem
2081 3475 2344 3543 reprime-

764 3569 898 3622 bant
927 3570 1162 3622 amentis
1194 3567 1504 3620 stultitiam.
1549 3564 1653 3619 Sed
1686 3581 1814 3620 cum
1847 3582 1953 3620 non
1989 3567 2222 3620 multum
2253 3567 2348 3620 ab-

761 3661 978 3726 luisset,
1029 3661 1159 3731 quin
1209 3659 1297 3714 ille
1344 3659 1567 3728 periret,
1601 3673 1671 3712 ne
1725 3658 1803 3712 sic
1834 3657 2054 3728 quidem
2102 3658 2348 3714 discebat

758 3770 973 3824 sapere.
993 3763 1047 3808 et
1081 3768 1138 3807 se
1169 3752 1450 3805 moderate
1479 3767 1668 3820 gerere
1691 3769 1706 3812 ;
1733 3766 1910 3820 neque
1939 3751 2158 3820 volebat
2182 3751 2342 3814 scire,

759 3858 964 3914 quanta
1012 3859 1248 3913 superna
1304 3843 1479 3913 gratia
1525 3843 1889 3912 locupletatus
1939 3854 2086 3898 esset
2125 3844 2334 3899 Daniel.

760 3940 868 4013 Sed
919 3939 1210 3999 anhelans,
1257 3949 1312 3992 et
1359 3938 1718 3999 madefactus.
1774 3956 1899 3993 eum
1960 3940 2027 3995 iis
2071 3941 2166 4010 qui
2214 3941 2359 3996 circa
2399 3958 2523 3996 cum
2571 3952 2753 4009 erant,
2805 3957 3115 4013 aggressus,
3203 3943 3615 4014 indignabatur,

759 4031 1050 4097 clamabat,
1071 4039 1127 4087 et
1155 4031 1390 4103 dejicere
1417 4041 1670 4086 sanctum
1708 4032 2147 4103 aggrediebatur.

831 4177 1017 4231 XVIII.
1094 4176 1202 4231 Sed
1239 4186 1526 4246 postquam
1554 4177 1648 4246 qui
1684 4191 1808 4230 cum
1836 4192 1903 4232 eo
1929 4187 2111 4243 erant,
2151 4179 2202 4234 ei
2228 4195 2349 4250 qua:

757 4278 915 4325 erant
945 4271 1169 4340 Optima,
1202 4277 1610 4339 suggesserunt,
1642 4268 1887 4324 dicentes
1937 4285 2040 4325 nec
2076 4286 2195 4326 esse
2252 4289 2348 4327 co-

759 4364 1001 4416 lumnam
1038 4375 1170 4430 agro
1215 4362 1600 4432 propinquam,
1632 4371 1685 4416 et
1723 4362 1853 4417 hinc
1880 4363 1930 4418 ei
1963 4365 2166 4418 nullam
2199 4364 2347 4419 lutu-

2451 1995 2633 2064 φθόνῳ
2657 1997 2823 2049 εἴκων
2855 1998 2886 2068 ἢ
2934 1998 3026 2049 καὶ
3058 2000 3135 2068 τῷ
3155 2000 3402 2067 δεηθέντι
3431 1997 3818 2069 χαριζόμενος,
3853 1998 3917 2051 οὗ
3950 1998 4040 2050 τοῦ

2454 2089 2650 2142 στύλου
2681 2092 3075 2162 κατενεχθῆναι
3121 2093 3301 2162 μόνον,
3331 2092 3466 2145 ἀλλά
3498 2093 3590 2144 καὶ
3617 2091 3887 2161 ἐπιτιμίῳ
3916 2093 4041 2144 ὑπο-

2451 2181 2714 2248 ϐληθῆναι
2735 2184 2825 2234 τὸν
2850 2185 3006 2250 ἆγιον
3038 2186 3296 2238 ἐδικαίου.
3331 2187 3574 2238 ’Λνεισιν
3595 2181 3692 2238 οὖν
3722 2185 3752 2237 ὀ
3783 2186 4039 2246 Γελὰσιος

2449 2274 2569 2334 ὅλος
2592 2273 2763 2343 όργῆς
2803 2273 2878 2327 ὢν
2905 2277 3130 2346 συχνοὺς
3167 2277 3261 2328 καὶ
3291 2276 3485 2339 ἄλλους
3516 2279 3640 2345 μεθ’
3669 2277 3873 2328 ἑαυτοῦ
3910 2295 4040 2346 συμ-

2451 2367 2806 2436 παραλαϐὼν,
2852 2372 2945 2421 καὶ
2981 2368 3073 2420 τοῦ
3117 2368 3309 2420 στόλου
3340 2370 3430 2420 τὸν
3467 2371 3621 2436 ἆγιον
3663 2369 3869 2422 ἐθέλων
3914 2387 4040 2420 κατ-

2449 2462 2712 2525 ενεγκεῖν.
2769 2462 2909 2513 Ἀλλ’
2940 2463 2967 2512 ὁ
2991 2461 3076 2514 ἀεὶ
3109 2462 3421 2530 θαυμαστὸς
3450 2463 3505 2515 ἐν
3525 2464 3636 2523 τοῖς
3660 2464 3839 2528 ἀγξοις
3874 2461 4036 2515 αὐτοῦ

2451 2552 2654 2621 Κύριος
2692 2548 2780 2605 οἷα
2811 2559 2900 2606 καὶ
2938 2554 3032 2606 νῦν
3065 2555 3258 2617 ἐποίει,
3299 2556 3506 2608 ἐκεῖνόν
3538 2571 3597 2607 τε
3633 2555 4038 2626 θρασυνόμενον

2451 2645 2829 2710 ἀναστέλλων,
2897 2648 2989 2699 καὶ
3054 2649 3144 2702 τὸν
3208 2647 3376 2703 αὑτοῦ
3431 2648 3737 2719 θεράποντα
3797 2649 4037 2713 δοξάζων

2450 2739 2857 2808 κρυπτόμενον·
2917 2741 3098 2803 εὐδίας
3149 2740 3259 2808 γὰρ
3293 2740 3556 2810 ἀκριϐοῦς
3599 2741 3769 2811 οὔσης
3818 2747 3912 2797 καὶ
3947 2741 4036 2796 τεῦ

2450 2832 2610 2900 ἀέρος
2657 2830 2904 2900 ἀλαμπὲς
2961 2831 3115 2884 οὐδὲν
3165 2832 3382 2902 ἔχοντος
3425 2834 3564 2904 νέφη
3616 2852 3673 2888 τε
3729 2835 4035 2904 συνέδραμε

2451 2924 2768 2992 παραυτίκα
2802 2926 2892 2976 καὶ
2924 2924 3121 2994 ὀμίχλη
3161 2926 3524 2993 προσέπιπτε,
3559 2927 3652 2980 καὶ
3697 2927 3858 2990 ὑετὸς
3907 2931 4039 2998 (52.7-

2450 3014 2596 3074 δαῖος
2652 3016 2748 3068 καὶ
2799 3015 3009 3083 χάλαζα
3061 3017 3557 3085 συγκατεφέροντο.
3619 3018 3725 3070 Kal
3779 3017 4037 3071 τοσοῦτον

2451 3105 2654 3175 ταύτης
2687 3109 2718 3175 ἠ
2746 3108 2950 3176 ἐμϐολὴ
2980 3108 3076 3160 καὶ
3103 3110 3136 3177 ἡ
3166 3109 3268 3176 τῆς
3293 3110 3500 3180 ἀνωθεν
3525 3111 3695 3178 ὀργῆς
3735 3113 3938 3179 ἀπειὶὴ
3968 3113 4039 3177 ὡς

2453 3200 2547 3250 καὶ
2587 3200 2654 3250 τά
2687 3198 2792 3252 τῶν
2841 3201 3103 3269 ἀμπέλων
3136 3201 3483 3272 ἀπορῤεῦσαι
3531 3204 3729 3268 φύλλα,
3766 3205 3844 3272 μὴ
3871 3208 3951 3258 ὅτι
3979 3224 4039 3272 γε

2456 3291 2545 3341 τὸν
2578 3292 2813 3358 καρπὸν,
2865 3291 3137 3362 τρυγητδς
3179 3292 3288 3362 γὰρ
3336 3288 3427 3362 ἦν.
3452 3294 3594 3348 Οὐδὲ
3636 3293 3816 3347 ταῦτα
3856 3296 4040 3362 ἐπεῖχε

2455 3382 2554 3450 τὴν
2582 3383 2676 3436 τοῦ
2706 3383 3186 3452 παραφρονοῦντος
3210 3384 3525 3438 ἀσυνεσίαν·
3557 3385 3696 3438 ἀλλά
3740 3389 3834 3439 καὶ
3875 3389 4042 3455 ἐγγίις

2456 3477 2662 3536 ἐκεῖνος
2688 3473 2780 3527 τοῦ
2811 3474 3107 3528 ἀπολέσθαι
3147 3475 3465 3544 γενόμενος,
3513 3476 3632 3529 οὐδὲ
3665 3477 3843 3540 οὕτως
3875 3481 4042 3546 ἐμάν-

2457 3568 2585 3622 Θανε
2638 3571 2960 3638 σωφρονεῖν,
3007 3567 3117 3620 οὐδ’
3175 3568 3300 3620 ὅσον
3369 3567 3621 3622 ἐπλούτει
3678 3571 3884 3640 Δανιὴλ
3946 3576 4042 3640 τὴν

2458 3663 2663 3716 ἀνωθεν
2716 3661 2878 3731 χάριν
2917 3660 3072 3730 ἠξίου
3124 3662 3353 3730 μαθεῖν’
3407 3663 3544 3716 ἀλλά
3597 3667 3908 3717 πνευστιῶν
3955 3667 4041 3717 καὶ

2456 3753 2744 3822 διάϐροχος
2777 3755 2873 3806 σὺν
2897 3756 3009 3816 τοῖς
3036 3754 3175 3821 ἀμφ’
3211 3754 3374 3807 αὑτὸν
3417 3755 3664 3808 ἐπελθὼν
3710 3759 4038 3825 ἠγανάκτει,

2460 3844 2747 3912 διηπείλει,
2773 3844 2924 3908 ἐϐόα,
2960 3846 3312 3914 κατενεγκεῖν
3340 3847 3430 3899 τδν
3463 3848 3606 3901 ὅσιον
3633 3852 3937 3920 ἐπεχείρει.

3697 3949 4037 4012 minabatur,

2529 4180 2627 4234 IZ'.
2682 4179 2834 4232 Ἐπεὶ
2864 4178 2922 4231 δὲ
2941 4178 2991 4232 οί
3026 4178 3280 4241 συνόντες
3310 4178 3378 4231 τά
3412 4178 3666 4248 βέλτιστα
3692 4182 4040 4250 εἰσηγοῦντο,

2455 4271 2528 4334 ὡς
2559 4271 2680 4325 οὔτε
2711 4273 2740 4325 ό
2760 4271 2894 4325 κίων
2926 4270 3156 4340 ἔγγιστα
3184 4269 3279 4324 τοῦ
3321 4270 3514 4339 ἀγροῦ,
3548 4272 3821 4339 λέγοντες,
3862 4277 4039 4328 ἐντεῦ-

2454 4364 2546 4416 θέν
2594 4380 2653 4418 τε
2705 4362 2826 4416 οὐδὲ
2881 4362 3011 4433 μίαν
3053 4361 3274 4433 θχλησιν
3307 4361 3439 4428 ἔξει,
3468 4363 3551 4415 ὅτι
3602 4364 3676 4434 μὴ
3722 4368 3814 4417 καὶ
3866 4369 4039 4437 εὐχῶν

759 4471 873 4507 ram
921 4454 1254 4517 molestiam;
1298 4454 1409 4507 imo
1446 4467 1578 4522 vero
1612 4468 1738 4508 eum
1772 4464 2160 4524 pereepturum
2199 4455 2347 4511 lruc-

2456 4457 2656 4525 μᾶλλον
2679 4455 2980 4510 ἀπολαύσει
3015 4453 3248 4519 πολλῶν,
3284 4456 3381 4513 καὶ
3412 4454 3754 4523 λυσιτελήσει
3790 4458 3944 4528 αὖτῷ
3977 4463 4040 4513 τὰ

761 4557 876 4601 tum
918 4547 1218 4601 multarum
1250 4547 1584 4610 orationum,
1609 4557 1664 4602 et
1688 4547 1738 4601 ei
1767 4546 2012 4602 futurum
2044 4548 2205 4604 valde
2242 4548 2349 4604 uti-

758 4642 888 4707 lem,
919 4657 1042 4695 cum
1078 4641 1148 4695 sit
1199 4641 1380 4694 bonus
1426 4641 1660 4703 vicinus;
1697 4651 1988 4710 postquam
2039 4641 2156 4697 haec
2196 4641 2350 4697 dixe-

758 4745 907 4800 runt,
943 4742 1355 4803 persuaserunt.
1395 4732 1458 4787 Et
1495 4741 1626 4786 tunc
1648 4733 1870 4802 quidem
1910 4733 2070 4805 jussit
2122 4733 2350 4788 descen-

759 4825 912 4886 dere,
967 4825 1196 4894 pudore,
1250 4835 1309 4879 ιιι
1349 4824 1608 4888 arbitror,
1650 4833 1834 4878 motus
1871 4835 2093 4894 propter
2126 4840 2222 4880 eos
2253 4827 2348 4897 qui

759 4919 1013 4980 aderant,
1072 4931 1137 4970 ne
1167 4916 1451 4969 videretur
1500 4915 1709 4970 lrustra
1754 4916 1994 4983 venisse;
2029 4928 2220 4988 postea
2251 4934 2349 4973 au-

763 5020 871 5062 tem
905 5009 955 5062 ei
993 5023 1187 5060 rursus
1225 5006 1588 5076 pollicebatur
1633 5021 1943 5075 ascensum,
1972 5019 2027 5063 et
2072 5024 2196 5064 cum
2227 5025 2348 5064 rur—

756 5115 848 5153 sus
912 5099 1274 5159 ascendisset,
1334 5106 1600 5168 quantum
1656 5099 1944 5159 voluisset.
2001 5116 2344 5157 mansurum.

753 5193 890 5247 Cum
949 5205 1154 5252 autem.
1182 5193 1453 5247 columna:
1493 5194 1733 5248 admotis
1781 5195 1963 5258 scalis,
1993 5207 2216 5252 sanctus
2249 5200 2346 5254 dc-

755 5287 1063 5348 sccnderet,
1108 5294 1164 5338 et
1200 5284 1310 5353 jam
1362 5285 1416 5337 in
1470 5295 1622 5340 sexto
1667 5287 1836 5356 gradu
1886 5289 2078 5357 pedem
2135 5291 2344 5361 ﬁgeret,

753 5391 878 5429 cum
905 5373 998 5444 qui
1041 5381 1160 5427 erat
1205 5374 1540 5440 inﬂexibilis,
1594 5378 1742 5447 cepit
1785 5377 2182 5445 misericordia,
2214 5382 2346 5436 dum

756 5466 880 5520 illos
928 5465 1144 5519 videret
1199 5465 1366 5533 pedes
1397 5477 1653 5534 tanquam
1705 5468 1840 5524 alias
1875 5470 2178 5536 columnas,
2207 5487 2348 5540 quos

759 5572 854 5626 per
891 5567 1031 5610 totas
1083 5566 1275 5610 noctes
1314 5566 1367 5608 et
1412 5557 1528 5612 dies
1552 5561 1817 5614 stationes
1871 5562 2225 5617 reddiderant
2265 5573 2349 5617 tu-

759 5652 939 5704 midos
963 5658 1017 5703 et
1064 5650 1357 5713 ulceratos,
1395 5659 1449 5703 ct
1488 5652 1809 5706 vulneribus
1849 5655 2057 5722 plenos.
2098 5656 2227 5720 Qua:
2258 5657 2347 5711 ille

759 5755 883 5793 cum
923 5750 1146 5809 stupore
1197 5743 1626 5809 contemplatus,
1669 5753 1723 5798 et
1754 5759 2002 5798 sanetum
2043 5747 2338 5815 adjnravit,

765 5843 820 5889 u‘.
844 5849 1030 5890 rursus
1053 5833 1277 5901 rediret,
1299 5848 1347 5890 et
1373 5836 1595 5894 audacis
1621 5839 1703 5894 sui
1731 5839 1893 5910 empti
1921 5842 2074 5911 petiit
2099 5843 2334 5897 \etaiatn.

2455 4550 2686 4618 μέγιστα
2751 4546 2950 4615 γείτων
2994 4546 3198 4615 ἀγαθὸς
3253 4544 3364 4599 ὤν’
3427 4549 3550 4599 ἐπεὶ
3603 4549 3779 4602 ταῐτα
3831 4550 4038 4617 ἔλεγον,

2451 4641 2689 4697 ἔπειθον.
2728 4642 2840 4696 Καὶ
2870 4641 2990 4694 τότε
3019 4640 3117 4710 μὲν
3155 4639 3373 4692 ἐκέλευε
3405 4639 3688 4693 κατελθεῖν
3726 4640 3798 4693 δι’
3829 4643 4038 4706 αἰδοῦς,

2448 4731 2625 4804 οτμαι,
2675 4735 2802 4796 τοὺς
2853 4734 3128 4804 παρόντας
3187 4730 3534 4795 ποιούμενος,
3581 4731 3667 4784 ἵνα
3721 4733 3800 4804 μὴ
3863 4737 4041 4805 μάτην

2449 4825 2743 4892 ἀφικέσθαι
2776 4825 2930 4896 δοκῇ,
2968 4823 3196 4893 ὕστερον
3240 4823 3300 4877 δέ
3344 4823 3496 4894 αὑτῷ
3550 4825 3672 4903 και⁹
3699 4825 3803 4890 τὴν
3857 4828 4041 4880 ἄνοδον

2450 4919 2786 4988 ὑπισχνεῖτο,
2818 4917 2910 4970 καὶ
2941 4915 3232 4969 ἀνελθόντα
3266 4915 3457 4985 μένειν
3497 4917 3584 4984 ἐφ’
3615 4918 3742 4970 ὅσον
3771 4917 4036 4984 βούλοιτο.

2464 5008 2616 5062 Ἐπεὶ
2673 5006 2808 5076 γοῦν
2868 5006 3138 5076 κλίμακος
3198 5006 3684 5077 προοερεισθείσης
3745 5009 3826 5078 τῷ
3904 5013 4038 5064 κίονι

2450 5099 2645 5172 κατῄει
2679 5103 2707 5153 ό
2751 5101 2917 5163 ὅσιος,
2945 5099 3040 5153 καὶ
3069 5097 3137 5165 δὴ
3167 5100 3307 5168 πρὸς
3343 5099 3443 5166 τὴν
3469 5098 3636 5169 ἕκτην
3672 5100 3757 5153 ἔτι
3805 5101 4041 5171 ﬂabit-160

2449 5194 2542 5246 τὸν
2597 5192 2734 5246 πόδα
2783 5191 3018 5262 ἤρειδεν,
3087 5185 3270 5253 οῐκτος
3327 5189 3487 5244 ἔλασε
3545 5191 3638 5245 τὸν
3692 5193 4037 5261 ἀμείλικτον,

2449 5285 2663 5353 δρῶντα
2693 5284 2863 5348 πόδας
2917 5283 3163 5347 ἐκείνους
3213 5284 3290 5346 ὼς
3351 5283 3570 5354 ἐτέρους
3623 5284 3812 5349 κίονας
3847 5288 3947 5351 οὓς
3984 5290 4036 5340 αἱ

2450 5381 2715 5447 πάννυχοι
2750 5378 2968 5439 στάσεις
2998 5377 3091 5430 καὶ
3122 5377 3456 5446 πανημέριοι
3489 5375 3772 5441 οἰδοῦντας
3803 5381 3903 5433 καὶ
3942 5383 4034 5449 ήλ·

2450 5470 2732 5541 κωμένους
2770 5470 2864 5521 καὶ
2889 5468 3223 5538 τραυμάτων
3261 5467 3491 5536 πλήρεις
3518 5467 3802 5524 ἐδείκνυον
3829 5489 3843 5502 ’
3871 5473 3910 5526 ἃ
3947 5476 4034 5525 καὶ

2450 5564 2586 5633 πρὸς
2641 5562 2907 5632 ἔκπληξιν
2963 5561 3303 5630 θεασάμενος
3355 5559 3586 5632 ὦρκωσό
3637 5578 3695 5613 τε
3738 5564 3910 5617 πάλιν
3945 5566 4031 5617 τὸν

2449 5659 2597 5711 ὅσιον
2623 5656 2887 5721 ἀνελθεῖν,
2929 5653 3023 5708 καὶ
3081 5657 3416 5725 συγγνώμην
3462 5655 3584 5724 ᾔτει
3646 5655 3744 5708 τοῦ
3786 5659 4030 5726 ἐγχειρήο

2455 5768 2644 5820 ματος.
2672 5750 2942 5817 ’Ὕστερον
2971 5747 3027 5801 δὲ
3059 5747 3209 5817 αὐτῷ
3239 5748 3332 5800 καὶ
3353 5747 3444 5798 τὸν
3469 5747 3624 5800 κίονα
3659 5749 3873 5817 ἵστησιν
3903 5750 4028 5814 {17'3-

2450 5844 2690 5909 λότερον,
2733 5841 2825 5897 καὶ
2858 5833 2924 5895 τι
2952 5839 3125 5911 πᾶχνς
3159 5840 3534 5909 στερρὁτςρνν,
3568 5842 3663 5894 καὶ
3709 5842 3807 5908 τὴν
3855 5841 4019 5908 βὰὕιν,
