  <div class='ocr_page' id='page_1' title='image "/cluster/home/n/w/nwhite01/storage/ocr_20150623/116/nnc1.0046980156/568.png"; bbox 0 0 4214 6444; ppageno 0'>
   <div class='ocr_carea' id='block_1_1' title="bbox 224 431 3494 503">
    <p class='ocr_par' dir='ltr' id='par_1_1' title="bbox 224 431 3494 503">
     <span class='ocr_line' id='line_1_1' title="bbox 224 431 3494 503; baseline -0.003 0"><span class='ocrx_word' id='word_1_1' title='bbox 224 435 336 503; x_wconf 81' lang='lat'><strong>993</strong></span> <span class='ocrx_word' id='word_1_2' title='bbox 1318 437 1501 500; x_wconf 79' lang='lat' dir='ltr'><strong>VITA</strong></span> <span class='ocrx_word' id='word_1_3' title='bbox 1546 437 1609 498; x_wconf 93' lang='lat' dir='ltr'><strong>S.</strong></span> <span class='ocrx_word' id='word_1_4' title='bbox 1648 434 2017 497; x_wconf 76' lang='lat' dir='ltr'><strong>DANIELIS</strong></span> <span class='ocrx_word' id='word_1_5' title='bbox 2060 434 2433 496; x_wconf 63' lang='lat' dir='ltr'><strong>STYLITAE.</strong></span> <span class='ocrx_word' id='word_1_6' title='bbox 3388 431 3494 494; x_wconf 71' lang='grc'><strong>994</strong></span> 
     </span>
    </p>
   </div>
   <div class='ocr_carea' id='block_1_2' title="bbox 231 531 1895 626">
    <p class='ocr_par' dir='ltr' id='par_1_2' title="bbox 231 546 1884 626">
     <span class='ocr_line' id='line_1_2' title="bbox 231 546 1884 626; baseline -0.002 -25"><span class='ocrx_word' id='word_1_7' title='bbox 231 550 330 602; x_wconf 77' lang='grc' dir='ltr'><strong>καὶ</strong></span> <span class='ocrx_word' id='word_1_8' title='bbox 360 547 522 602; x_wconf 77' lang='grc' dir='ltr'><strong>τᾶλλα</strong></span> <span class='ocrx_word' id='word_1_9' title='bbox 554 546 1027 621; x_wconf 67' lang='grc' dir='ltr'><strong>πολυτελέστερον,</strong></span> <span class='ocrx_word' id='word_1_10' title='bbox 1057 546 1310 617; x_wconf 84' lang='grc' dir='ltr'><strong>γνώριμα</strong></span> <span class='ocrx_word' id='word_1_11' title='bbox 1344 549 1441 626; x_wconf 72' lang='grc' dir='ltr'><strong>καὶ</strong></span> <span class='ocrx_word' id='word_1_12' title='bbox 1477 546 1626 617; x_wconf 85' lang='grc' dir='ltr'><strong>αύτῷ</strong></span> <span class='ocrx_word' id='word_1_13' title='bbox 1655 546 1810 616; x_wconf 89' lang='grc' dir='ltr'><strong>βασι-</strong></span> <span class='ocrx_word' id='word_1_14' title='bbox 1838 549 1884 606; x_wconf 76' lang='grc' dir='ltr'><strong>Α</strong></span> 
     </span>
    </p>
   </div>
   <div class='ocr_carea' id='block_1_3' title="bbox 1832 531 3496 626">
    <p class='ocr_par' dir='ltr' id='par_1_3' title="bbox 1838 531 3496 613">
     <span class='ocr_line' id='line_1_3' title="bbox 1838 531 3496 613; baseline 0.001 -16"><span class='ocrx_word' id='word_1_15' title='bbox 1838 544 2108 606; x_wconf 76' lang='grc' dir='ltr'><strong>ΑΡοειθσ</strong></span> <span class='ocrx_word' id='word_1_16' title='bbox 2161 559 2290 599; x_wconf 89' lang='lat' dir='ltr'><strong>vero</strong></span> <span class='ocrx_word' id='word_1_17' title='bbox 2353 544 2402 597; x_wconf 92' lang='lat' dir='ltr'><strong>ei</strong></span> <span class='ocrx_word' id='word_1_18' title='bbox 2459 558 2678 613; x_wconf 88' lang='lat' dir='ltr'><strong>quoque</strong></span> <span class='ocrx_word' id='word_1_19' title='bbox 2735 544 3045 598; x_wconf 82' lang='lat' dir='ltr'><strong>columnam</strong></span> <span class='ocrx_word' id='word_1_20' title='bbox 3108 543 3290 612; x_wconf 78' lang='lat' dir='ltr'><strong>posuit</strong></span> <span class='ocrx_word' id='word_1_21' title='bbox 3316 531 3496 598; x_wconf 73' lang='lat' dir='ltr'><strong>excel-</strong></span> 
     </span>
    </p>
   </div>
   <div class='ocr_carea' id='block_1_4' title="bbox 232 634 1896 710">
    <p class='ocr_par' dir='ltr' id='par_1_4' title="bbox 232 634 1807 710">
     <span class='ocr_line' id='line_1_4' title="bbox 232 634 1807 710; baseline -0.002 -20"><span class='ocrx_word' id='word_1_22' title='bbox 232 637 320 691; x_wconf 82' lang='grc' dir='ltr'><strong>λεῖ</strong></span> <span class='ocrx_word' id='word_1_23' title='bbox 364 639 432 693; x_wconf 78' lang='grc' dir='ltr'><strong>τὰ</strong></span> <span class='ocrx_word' id='word_1_24' title='bbox 492 640 590 709; x_wconf 80' lang='grc' dir='ltr'><strong>τῆς</strong></span> <span class='ocrx_word' id='word_1_25' title='bbox 643 640 922 710; x_wconf 72' lang='grc' dir='ltr'><strong>ὑπομονῆς</strong></span> <span class='ocrx_word' id='word_1_26' title='bbox 977 639 1187 691; x_wconf 67' lang='grc' dir='ltr'><strong>ἑκείνου</strong></span> <span class='ocrx_word' id='word_1_27' title='bbox 1236 634 1464 707; x_wconf 80' lang='grc' dir='ltr'><strong>καὶτῆς</strong></span> <span class='ocrx_word' id='word_1_28' title='bbox 1515 636 1807 707; x_wconf 79' lang='grc' dir='ltr'><strong>καρτερίας</strong></span> 
     </span>
    </p>
   </div>
   <div class='ocr_carea' id='block_1_5' title="bbox 1830 634 3494 710">
    <p class='ocr_par' dir='ltr' id='par_1_5' title="bbox 1916 636 3491 705">
     <span class='ocr_line' id='line_1_5' title="bbox 1916 636 3491 705; baseline -0.003 -13"><span class='ocrx_word' id='word_1_29' title='bbox 1916 638 2134 699; x_wconf 78' lang='lat' dir='ltr'><strong>sioretn,</strong></span> <span class='ocrx_word' id='word_1_30' title='bbox 2167 647 2220 690; x_wconf 88' lang='lat' dir='ltr'><strong>et</strong></span> <span class='ocrx_word' id='word_1_31' title='bbox 2255 637 2625 691; x_wconf 67' lang='lat' dir='ltr'><strong>crassitudine</strong></span> <span class='ocrx_word' id='word_1_32' title='bbox 2659 637 3006 699; x_wconf 78' lang='lat' dir='ltr'><strong>validiorem,</strong></span> <span class='ocrx_word' id='word_1_33' title='bbox 3056 636 3283 705; x_wconf 86' lang='lat' dir='ltr'><strong>basique</strong></span> <span class='ocrx_word' id='word_1_34' title='bbox 3312 648 3363 688; x_wconf 90' lang='lat' dir='ltr'><strong>et</strong></span> <span class='ocrx_word' id='word_1_35' title='bbox 3393 654 3491 688; x_wconf 72' lang='lat' dir='ltr'><strong>ca:-</strong></span> 
     </span>
    </p>
   </div>
   <div class='ocr_carea' id='block_1_6' title="bbox 232 727 1896 801">
    <p class='ocr_par' dir='ltr' id='par_1_6' title="bbox 232 727 1809 801">
     <span class='ocr_line' id='line_1_6' title="bbox 232 727 1809 801; baseline -0.002 -18"><span class='ocrx_word' id='word_1_36' title='bbox 232 730 479 798; x_wconf 74' lang='grc' dir='ltr'><strong>θέμενος.</strong></span> <span class='ocrx_word' id='word_1_37' title='bbox 518 732 719 800; x_wconf 83' lang='grc' dir='ltr'><strong>Ἤρκει</strong></span> <span class='ocrx_word' id='word_1_38' title='bbox 755 732 854 801; x_wconf 74' lang='grc' dir='ltr'><strong>μὲν</strong></span> <span class='ocrx_word' id='word_1_39' title='bbox 901 727 996 785; x_wconf 74' lang='grc' dir='ltr'><strong>οὖν</strong></span> <span class='ocrx_word' id='word_1_40' title='bbox 1025 733 1119 783; x_wconf 76' lang='grc' dir='ltr'><strong>καὶ</strong></span> <span class='ocrx_word' id='word_1_41' title='bbox 1152 730 1324 783; x_wconf 83' lang='grc' dir='ltr'><strong>ταῦτα</strong></span> <span class='ocrx_word' id='word_1_42' title='bbox 1370 729 1601 782; x_wconf 79' lang='grc' dir='ltr'><strong>πλεῖστα</strong></span> <span class='ocrx_word' id='word_1_43' title='bbox 1630 745 1685 781; x_wconf 86' lang='grc' dir='ltr'><strong>τε</strong></span> <span class='ocrx_word' id='word_1_44' title='bbox 1716 730 1809 780; x_wconf 73' lang='grc' dir='ltr'><strong>καὶ</strong></span> 
     </span>
    </p>
   </div>
   <div class='ocr_carea' id='block_1_7' title="bbox 1831 727 3495 801">
    <p class='ocr_par' dir='ltr' id='par_1_7' title="bbox 1919 728 3495 796">
     <span class='ocr_line' id='line_1_7' title="bbox 1919 728 3495 796; baseline 0 -15"><span class='ocrx_word' id='word_1_45' title='bbox 1919 728 2055 781; x_wconf 82' lang='lat' dir='ltr'><strong>teris</strong></span> <span class='ocrx_word' id='word_1_46' title='bbox 2104 728 2652 795; x_wconf 80' lang='lat' dir='ltr'><strong>magniﬁcentiorem,</strong></span> <span class='ocrx_word' id='word_1_47' title='bbox 2705 738 2758 781; x_wconf 90' lang='lat' dir='ltr'><strong>et</strong></span> <span class='ocrx_word' id='word_1_48' title='bbox 2802 728 2870 782; x_wconf 87' lang='lat' dir='ltr'><strong>de</strong></span> <span class='ocrx_word' id='word_1_49' title='bbox 2918 729 3064 781; x_wconf 91' lang='lat' dir='ltr'><strong>illius</strong></span> <span class='ocrx_word' id='word_1_50' title='bbox 3116 728 3379 796; x_wconf 82' lang='lat' dir='ltr'><strong>patientia</strong></span> <span class='ocrx_word' id='word_1_51' title='bbox 3440 737 3495 781; x_wconf 86' lang='lat' dir='ltr'><strong>et</strong></span> 
     </span>
    </p>
   </div>
   <div class='ocr_carea' id='block_1_8' title="bbox 234 810 1898 889">
    <p class='ocr_par' dir='ltr' id='par_1_8' title="bbox 234 810 1849 889">
     <span class='ocr_line' id='line_1_8' title="bbox 234 810 1849 889; baseline 0.004 -17"><span class='ocrx_word' id='word_1_52' title='bbox 234 820 451 889; x_wconf 80' lang='grc' dir='ltr'><strong>μεγάλα</strong></span> <span class='ocrx_word' id='word_1_53' title='bbox 478 821 811 889; x_wconf 79' lang='grc' dir='ltr'><strong>τυγχάνοντα</strong></span> <span class='ocrx_word' id='word_1_54' title='bbox 846 820 1017 885; x_wconf 78' lang='grc' dir='ltr'><strong>δεῖξαι</strong></span> <span class='ocrx_word' id='word_1_55' title='bbox 1042 819 1133 873; x_wconf 76' lang='grc' dir='ltr'><strong>τὸν</strong></span> <span class='ocrx_word' id='word_1_56' title='bbox 1167 819 1261 871; x_wconf 88' lang='grc' dir='ltr'><strong>τοῦ</strong></span> <span class='ocrx_word' id='word_1_57' title='bbox 1291 819 1439 872; x_wconf 80' lang='grc' dir='ltr'><strong>ὁσίου</strong></span> <span class='ocrx_word' id='word_1_58' title='bbox 1473 817 1585 885; x_wconf 87' lang='grc' dir='ltr'><strong>βίον</strong></span> <span class='ocrx_word' id='word_1_59' title='bbox 1620 818 1715 869; x_wconf 79' lang='grc' dir='ltr'><strong>καὶ</strong></span> <span class='ocrx_word' id='word_1_60' title='bbox 1740 810 1808 886; x_wconf 82' lang='grc' dir='ltr'><strong>ἦς</strong></span> <span class='ocrx_word' id='word_1_61' title='bbox 1843 829 1849 833; x_wconf 85' lang='grc'><em>’</em></span> 
     </span>
    </p>
   </div>
   <div class='ocr_carea' id='block_1_9' title="bbox 1831 810 3495 889">
    <p class='ocr_par' dir='ltr' id='par_1_9' title="bbox 1843 817 3495 888">
     <span class='ocr_line' id='line_1_9' title="bbox 1843 817 3495 888; baseline 0.001 -17"><span class='ocrx_word' id='word_1_62' title='bbox 1843 829 1849 833; x_wconf 87' lang='grc'><strong>·</strong></span> <span class='ocrx_word' id='word_1_63' title='bbox 1916 817 2203 871; x_wconf 74' lang='lat' dir='ltr'><strong>tolerantia</strong></span> <span class='ocrx_word' id='word_1_64' title='bbox 2276 818 2656 888; x_wconf 74' lang='lat' dir='ltr'><strong>imperatorem</strong></span> <span class='ocrx_word' id='word_1_65' title='bbox 2729 819 2968 873; x_wconf 82' lang='lat' dir='ltr'><strong>reddidit</strong></span> <span class='ocrx_word' id='word_1_66' title='bbox 3023 822 3336 873; x_wconf 85' lang='lat' dir='ltr'><strong>certiorem.</strong></span> <span class='ocrx_word' id='word_1_67' title='bbox 3396 822 3495 873; x_wconf 80' lang='lat' dir='ltr'><strong>At-</strong></span> 
     </span>
    </p>
   </div>
   <div class='ocr_carea' id='block_1_10' title="bbox 232 908 1896 983">
    <p class='ocr_par' dir='ltr' id='par_1_10' title="bbox 232 908 1806 983">
     <span class='ocr_line' id='line_1_10' title="bbox 232 908 1806 983; baseline -0.002 -19"><span class='ocrx_word' id='word_1_68' title='bbox 232 911 396 974; x_wconf 79' lang='grc' dir='ltr'><strong>αὸτὺς</strong></span> <span class='ocrx_word' id='word_1_69' title='bbox 420 912 618 982; x_wconf 66' lang='grc' dir='ltr'><strong>⁴Ιιξίωτο</strong></span> <span class='ocrx_word' id='word_1_70' title='bbox 646 914 795 983; x_wconf 82' lang='grc' dir='ltr'><strong>παρὰ</strong></span> <span class='ocrx_word' id='word_1_71' title='bbox 821 912 958 967; x_wconf 85' lang='grc' dir='ltr'><strong>Θεοῦ</strong></span> <span class='ocrx_word' id='word_1_72' title='bbox 984 914 1224 983; x_wconf 73' lang='grc' dir='ltr'><strong>χάριτος.</strong></span> <span class='ocrx_word' id='word_1_73' title='bbox 1256 911 1316 965; x_wconf 86' lang='lat'><strong>&#39;0</strong></span> <span class='ocrx_word' id='word_1_74' title='bbox 1338 912 1393 964; x_wconf 70' lang='lat' dir='ltr'><strong>dl</strong></span> <span class='ocrx_word' id='word_1_75' title='bbox 1439 910 1592 977; x_wconf 74' lang='grc' dir='ltr'><strong>λόγος</strong></span> <span class='ocrx_word' id='word_1_76' title='bbox 1635 908 1806 979; x_wconf 78' lang='grc' dir='ltr'><strong>μικρὰ</strong></span> 
     </span>
    </p>
   </div>
   <div class='ocr_carea' id='block_1_11' title="bbox 1823 908 3487 983">
    <p class='ocr_par' dir='ltr' id='par_1_11' title="bbox 1913 910 3487 981">
     <span class='ocr_line' id='line_1_11' title="bbox 1913 910 3487 981; baseline 0.002 -19"><span class='ocrx_word' id='word_1_77' title='bbox 1913 923 2021 977; x_wconf 88' lang='lat' dir='ltr'><strong>que</strong></span> <span class='ocrx_word' id='word_1_78' title='bbox 2077 910 2191 963; x_wconf 72' lang='lat' dir='ltr'><strong>haec</strong></span> <span class='ocrx_word' id='word_1_79' title='bbox 2243 911 2464 979; x_wconf 78' lang='lat' dir='ltr'><strong>quidem</strong></span> <span class='ocrx_word' id='word_1_80' title='bbox 2506 910 2992 981; x_wconf 78' lang='lat' dir='ltr'><strong>suﬂicerent,qu:e</strong></span> <span class='ocrx_word' id='word_1_81' title='bbox 3045 922 3173 966; x_wconf 92' lang='lat' dir='ltr'><strong>sunt</strong></span> <span class='ocrx_word' id='word_1_82' title='bbox 3232 913 3487 981; x_wconf 79' lang='lat' dir='ltr'><strong>plurima,</strong></span> 
     </span>
    </p>
   </div>
   <div class='ocr_carea' id='block_1_12' title="bbox 230 1001 1894 1074">
    <p class='ocr_par' dir='ltr' id='par_1_12' title="bbox 230 1001 1807 1074">
     <span class='ocr_line' id='line_1_12' title="bbox 230 1001 1807 1074; baseline -0.001 -20"><span class='ocrx_word' id='word_1_83' title='bbox 230 1003 406 1056; x_wconf 87' lang='grc' dir='ltr'><strong>ταῦτα</strong></span> <span class='ocrx_word' id='word_1_84' title='bbox 435 1006 527 1057; x_wconf 76' lang='grc' dir='ltr'><strong>καὶ</strong></span> <span class='ocrx_word' id='word_1_85' title='bbox 556 1005 718 1057; x_wconf 76' lang='grc' dir='ltr'><strong>οἱονεὶ</strong></span> <span class='ocrx_word' id='word_1_86' title='bbox 753 1006 989 1073; x_wconf 76' lang='grc' dir='ltr'><strong>στοιχεῖα</strong></span> <span class='ocrx_word' id='word_1_87' title='bbox 1024 1005 1115 1058; x_wconf 69' lang='grc' dir='ltr'><strong>καὶ</strong></span> <span class='ocrx_word' id='word_1_88' title='bbox 1155 1004 1328 1074; x_wconf 79' lang='grc' dir='ltr'><strong>ἀρχὰς</strong></span> <span class='ocrx_word' id='word_1_89' title='bbox 1357 1003 1705 1071; x_wconf 71' lang='grc' dir='ltr'><strong>λογιζόμενος</strong></span> <span class='ocrx_word' id='word_1_90' title='bbox 1738 1001 1807 1054; x_wconf 79' lang='grc' dir='ltr'><strong>τὰ</strong></span> 
     </span>
    </p>
   </div>
   <div class='ocr_carea' id='block_1_13' title="bbox 1825 1001 3489 1074">
    <p class='ocr_par' dir='ltr' id='par_1_13' title="bbox 1911 1003 3489 1072">
     <span class='ocr_line' id='line_1_13' title="bbox 1911 1003 3489 1072; baseline -0.001 -15"><span class='ocrx_word' id='word_1_91' title='bbox 1911 1011 1967 1057; x_wconf 89' lang='lat' dir='ltr'><strong>et</strong></span> <span class='ocrx_word' id='word_1_92' title='bbox 1988 1003 2315 1063; x_wconf 80' lang='lat' dir='ltr'><strong>maxima.ad</strong></span> <span class='ocrx_word' id='word_1_93' title='bbox 2340 1004 2692 1057; x_wconf 76' lang='lat' dir='ltr'><strong>sanctivitam</strong></span> <span class='ocrx_word' id='word_1_94' title='bbox 2710 1004 3126 1061; x_wconf 84' lang='lat' dir='ltr'><strong>ostendendam.</strong></span> <span class='ocrx_word' id='word_1_95' title='bbox 3161 1014 3210 1057; x_wconf 82' lang='lat' dir='ltr'><strong>et</strong></span> <span class='ocrx_word' id='word_1_96' title='bbox 3240 1006 3489 1072; x_wconf 75' lang='lat' dir='ltr'><strong>gratiam,</strong></span> 
     </span>
    </p>
   </div>
   <div class='ocr_carea' id='block_1_14' title="bbox 236 1094 1900 1166">
    <p class='ocr_par' dir='ltr' id='par_1_14' title="bbox 236 1094 1450 1166">
     <span class='ocr_line' id='line_1_14' title="bbox 236 1094 1450 1166; baseline 0 -18"><span class='ocrx_word' id='word_1_97' title='bbox 236 1095 413 1165; x_wconf 88' lang='grc' dir='ltr'><strong>πολλῷ</strong></span> <span class='ocrx_word' id='word_1_98' title='bbox 440 1094 661 1165; x_wconf 73' lang='grc' dir='ltr'><strong>μείζονα</strong></span> <span class='ocrx_word' id='word_1_99' title='bbox 690 1096 895 1149; x_wconf 83' lang='grc' dir='ltr'><strong>τούτων</strong></span> <span class='ocrx_word' id='word_1_100' title='bbox 924 1095 1118 1166; x_wconf 76' lang='grc' dir='ltr'><strong>δηλοῦν</strong></span> <span class='ocrx_word' id='word_1_101' title='bbox 1145 1096 1450 1163; x_wconf 61' lang='grc' dir='ltr'><strong>ἐπείγεται.</strong></span> 
     </span>
    </p>
   </div>
   <div class='ocr_carea' id='block_1_15' title="bbox 1828 1094 3492 1166">
    <p class='ocr_par' dir='ltr' id='par_1_15' title="bbox 1912 1096 3492 1164">
     <span class='ocr_line' id='line_1_15' title="bbox 1912 1096 3492 1164; baseline 0.001 -16"><span class='ocrx_word' id='word_1_102' title='bbox 1912 1110 2075 1164; x_wconf 85' lang='lat' dir='ltr'><strong>quam</strong></span> <span class='ocrx_word' id='word_1_103' title='bbox 2114 1096 2229 1163; x_wconf 78' lang='lat' dir='ltr'><strong>ipse</strong></span> <span class='ocrx_word' id='word_1_104' title='bbox 2260 1109 2289 1149; x_wconf 91' lang='lat' dir='ltr'><strong>a</strong></span> <span class='ocrx_word' id='word_1_105' title='bbox 2325 1096 2435 1149; x_wconf 86' lang='lat' dir='ltr'><strong>Deo</strong></span> <span class='ocrx_word' id='word_1_106' title='bbox 2475 1104 2909 1150; x_wconf 78' lang='lat' dir='ltr'><strong>eratassccutus.</strong></span> <span class='ocrx_word' id='word_1_107' title='bbox 2951 1096 3138 1151; x_wconf 89' lang='lat' dir='ltr'><strong>Oratio</strong></span> <span class='ocrx_word' id='word_1_108' title='bbox 3165 1108 3343 1151; x_wconf 88' lang='lat' dir='ltr'><strong>autem</strong></span> <span class='ocrx_word' id='word_1_109' title='bbox 3378 1098 3492 1161; x_wconf 40' lang='lat' dir='ltr'><strong>hare</strong></span> 
     </span>
    </p>
   </div>
   <div class='ocr_carea' id='block_1_16' title="bbox 247 1187 3495 1263">
    <p class='ocr_par' dir='ltr' id='par_1_16' title="bbox 247 1187 3495 1263">
     <span class='ocr_line' id='line_1_16' title="bbox 247 1187 3495 1263; baseline -0.002 -18"><span class='ocrx_word' id='word_1_110' title='bbox 247 1205 417 1260; x_wconf 89' lang='lat' dir='ltr'><strong>parva</strong></span> <span class='ocrx_word' id='word_1_111' title='bbox 469 1205 589 1246; x_wconf 88' lang='lat' dir='ltr'><strong>esse</strong></span> <span class='ocrx_word' id='word_1_112' title='bbox 628 1191 1004 1257; x_wconf 76' lang='lat' dir='ltr'><strong>considerans,</strong></span> <span class='ocrx_word' id='word_1_113' title='bbox 1052 1205 1107 1245; x_wconf 87' lang='lat' dir='ltr'><strong>et</strong></span> <span class='ocrx_word' id='word_1_114' title='bbox 1154 1198 1411 1259; x_wconf 86' lang='lat' dir='ltr'><strong>tanquam</strong></span> <span class='ocrx_word' id='word_1_115' title='bbox 1452 1187 1718 1243; x_wconf 81' lang='lat' dir='ltr'><strong>elementa</strong></span> <span class='ocrx_word' id='word_1_116' title='bbox 1794 1202 1857 1242; x_wconf 90' lang='lat' dir='ltr'><strong>ac</strong></span> <span class='ocrx_word' id='word_1_117' title='bbox 1925 1189 2215 1260; x_wconf 88' lang='lat' dir='ltr'><strong>principia,</strong></span> <span class='ocrx_word' id='word_1_118' title='bbox 2268 1204 2388 1259; x_wconf 82' lang='lat' dir='ltr'><strong>quae</strong></span> <span class='ocrx_word' id='word_1_119' title='bbox 2441 1197 2569 1244; x_wconf 91' lang='lat' dir='ltr'><strong>sunt</strong></span> <span class='ocrx_word' id='word_1_120' title='bbox 2610 1192 2693 1245; x_wconf 90' lang='lat' dir='ltr'><strong>his</strong></span> <span class='ocrx_word' id='word_1_121' title='bbox 2742 1191 2897 1261; x_wconf 85' lang='lat' dir='ltr'><strong>longe</strong></span> <span class='ocrx_word' id='word_1_122' title='bbox 2961 1192 3184 1262; x_wconf 83' lang='lat' dir='ltr'><strong>majora,</strong></span> <span class='ocrx_word' id='word_1_123' title='bbox 3239 1196 3495 1263; x_wconf 81' lang='lat' dir='ltr'><strong>properat</strong></span> 
     </span>
    </p>
   </div>
   <div class='ocr_carea' id='block_1_17' title="bbox 238 1284 543 1348">
    <p class='ocr_par' dir='ltr' id='par_1_17' title="bbox 238 1284 543 1348">
     <span class='ocr_line' id='line_1_17' title="bbox 238 1284 543 1348; baseline -0.007 -8"><span class='ocrx_word' id='word_1_124' title='bbox 238 1284 543 1348; x_wconf 82' lang='lat' dir='ltr'><strong>declarare,</strong></span> 
     </span>
    </p>
   </div>
   <div class='ocr_carea' id='block_1_18' title="bbox 308 1375 1972 1455">
    <p class='ocr_par' dir='ltr' id='par_1_18' title="bbox 308 1375 1803 1451">
     <span class='ocr_line' id='line_1_18' title="bbox 308 1375 1803 1451; baseline -0.002 -16"><span class='ocrx_word' id='word_1_125' title='bbox 308 1378 415 1436; x_wconf 85' lang='lat' dir='ltr'><strong>IH&#39;.</strong></span> <span class='ocrx_word' id='word_1_126' title='bbox 453 1375 595 1434; x_wconf 83' lang='grc' dir='ltr'><strong>Ἧκέ</strong></span> <span class='ocrx_word' id='word_1_127' title='bbox 618 1398 700 1444; x_wconf 87' lang='grc' dir='ltr'><strong>τις</strong></span> <span class='ocrx_word' id='word_1_128' title='bbox 724 1379 861 1451; x_wconf 72' lang='grc' dir='ltr'><strong>μετα</strong></span> <span class='ocrx_word' id='word_1_129' title='bbox 897 1380 1091 1450; x_wconf 71' lang='grc' dir='ltr'><strong>μικρὸν</strong></span> <span class='ocrx_word' id='word_1_130' title='bbox 1119 1379 1252 1449; x_wconf 75' lang='grc' dir='ltr'><strong>πρὸς</strong></span> <span class='ocrx_word' id='word_1_131' title='bbox 1280 1378 1369 1431; x_wconf 70' lang='grc' dir='ltr'><strong>τὸν</strong></span> <span class='ocrx_word' id='word_1_132' title='bbox 1396 1379 1540 1432; x_wconf 79' lang='grc' dir='ltr'><strong>ὅσιον</strong></span> <span class='ocrx_word' id='word_1_133' title='bbox 1565 1379 1625 1432; x_wconf 69' lang='grc' dir='ltr'><strong>τὸ</strong></span> <span class='ocrx_word' id='word_1_134' title='bbox 1650 1378 1803 1448; x_wconf 87' lang='grc' dir='ltr'><strong>γένος</strong></span> 
     </span>
    </p>
   </div>
   <div class='ocr_carea' id='block_1_19' title="bbox 1826 1375 3490 1455">
    <p class='ocr_par' dir='ltr' id='par_1_19' title="bbox 1976 1376 3490 1455">
     <span class='ocr_line' id='line_1_19' title="bbox 1976 1376 3490 1455; baseline 0 -24"><span class='ocrx_word' id='word_1_135' title='bbox 1976 1376 2162 1431; x_wconf 74' lang='lat' dir='ltr'><strong>XVIII.</strong></span> <span class='ocrx_word' id='word_1_136' title='bbox 2179 1376 2335 1432; x_wconf 80' lang='lat' dir='ltr'><strong>Venit</strong></span> <span class='ocrx_word' id='word_1_137' title='bbox 2355 1379 2516 1447; x_wconf 86' lang='lat' dir='ltr'><strong>paulo</strong></span> <span class='ocrx_word' id='word_1_138' title='bbox 2540 1386 2661 1447; x_wconf 86' lang='lat' dir='ltr'><strong>post</strong></span> <span class='ocrx_word' id='word_1_139' title='bbox 2685 1378 2902 1445; x_wconf 87' lang='lat' dir='ltr'><strong>quidam</strong></span> <span class='ocrx_word' id='word_1_140' title='bbox 2922 1378 2986 1431; x_wconf 91' lang='lat' dir='ltr'><strong>ad</strong></span> <span class='ocrx_word' id='word_1_141' title='bbox 3012 1387 3280 1455; x_wconf 84' lang='lat' dir='ltr'><strong>sanctum,</strong></span> <span class='ocrx_word' id='word_1_142' title='bbox 3311 1379 3490 1433; x_wconf 83' lang='lat' dir='ltr'><strong>Thrax</strong></span> 
     </span>
    </p>
   </div>
   <div class='ocr_carea' id='block_1_20' title="bbox 231 1470 1895 1543">
    <p class='ocr_par' dir='ltr' id='par_1_20' title="bbox 231 1471 1804 1543">
     <span class='ocr_line' id='line_1_20' title="bbox 231 1471 1804 1543; baseline -0.001 -18"><span class='ocrx_word' id='word_1_143' title='bbox 231 1471 405 1543; x_wconf 75' lang='grc' dir='ltr'><strong>Θρᾲξ.</strong></span> <span class='ocrx_word' id='word_1_144' title='bbox 433 1474 534 1542; x_wconf 72' lang='grc' dir='ltr'><strong>τὴν</strong></span> <span class='ocrx_word' id='word_1_145' title='bbox 557 1472 772 1543; x_wconf 77' lang='grc' dir='ltr'><strong>ἡλικίαν</strong></span> <span class='ocrx_word' id='word_1_146' title='bbox 795 1472 1140 1541; x_wconf 85' lang='grc' dir='ltr'><strong>γεγηρακὼς,</strong></span> <span class='ocrx_word' id='word_1_147' title='bbox 1163 1473 1259 1532; x_wconf 70' lang='grc' dir='ltr'><strong>τὰς</strong></span> <span class='ocrx_word' id='word_1_148' title='bbox 1282 1471 1375 1524; x_wconf 90' lang='grc' dir='ltr'><strong>τοῦ</strong></span> <span class='ocrx_word' id='word_1_149' title='bbox 1408 1471 1520 1541; x_wconf 85' lang='grc' dir='ltr'><strong>βίου</strong></span> <span class='ocrx_word' id='word_1_150' title='bbox 1553 1474 1804 1542; x_wconf 70' lang='grc' dir='ltr'><strong>ἀφορμὰς</strong></span> 
     </span>
    </p>
   </div>
   <div class='ocr_carea' id='block_1_21' title="bbox 1828 1470 3492 1543">
    <p class='ocr_par' dir='ltr' id='par_1_21' title="bbox 1908 1470 3492 1539">
     <span class='ocr_line' id='line_1_21' title="bbox 1908 1470 3492 1539; baseline 0 -17"><span class='ocrx_word' id='word_1_151' title='bbox 1908 1470 2129 1538; x_wconf 88' lang='lat' dir='ltr'><strong>quidem</strong></span> <span class='ocrx_word' id='word_1_152' title='bbox 2179 1485 2399 1539; x_wconf 88' lang='lat' dir='ltr'><strong>genere,</strong></span> <span class='ocrx_word' id='word_1_153' title='bbox 2452 1478 2611 1524; x_wconf 68' lang='lat' dir='ltr'><strong>aztate</strong></span> <span class='ocrx_word' id='word_1_154' title='bbox 2669 1478 2851 1523; x_wconf 88' lang='lat' dir='ltr'><strong>autem</strong></span> <span class='ocrx_word' id='word_1_155' title='bbox 2904 1470 3211 1538; x_wconf 80' lang='lat' dir='ltr'><strong>senes._qui</strong></span> <span class='ocrx_word' id='word_1_156' title='bbox 3262 1486 3327 1523; x_wconf 78' lang='lat' dir='ltr'><strong>ex</strong></span> <span class='ocrx_word' id='word_1_157' title='bbox 3354 1470 3492 1523; x_wconf 87' lang='lat' dir='ltr'><strong>scri-</strong></span> 
     </span>
    </p>
   </div>
   <div class='ocr_carea' id='block_1_22' title="bbox 231 1559 1895 1631">
    <p class='ocr_par' dir='ltr' id='par_1_22' title="bbox 231 1560 1804 1631">
     <span class='ocr_line' id='line_1_22' title="bbox 231 1560 1804 1631; baseline 0 -17"><span class='ocrx_word' id='word_1_158' title='bbox 231 1562 373 1631; x_wconf 81' lang='grc' dir='ltr'><strong>ιχων</strong></span> <span class='ocrx_word' id='word_1_159' title='bbox 399 1561 505 1615; x_wconf 71' lang='grc' dir='ltr'><strong>ἀπὸ</strong></span> <span class='ocrx_word' id='word_1_160' title='bbox 529 1560 622 1614; x_wconf 85' lang='grc' dir='ltr'><strong>τοῦ</strong></span> <span class='ocrx_word' id='word_1_161' title='bbox 644 1561 710 1615; x_wconf 81' lang='grc' dir='ltr'><strong>τὰ</strong></span> <span class='ocrx_word' id='word_1_162' title='bbox 739 1561 1041 1629; x_wconf 78' lang='grc' dir='ltr'><strong>συμδόλαια</strong></span> <span class='ocrx_word' id='word_1_163' title='bbox 1068 1562 1300 1630; x_wconf 67' lang='grc' dir='ltr'><strong>γράφειν</strong></span> <span class='ocrx_word' id='word_1_164' title='bbox 1321 1599 1338 1625; x_wconf 82' lang='grc'><strong><em>,</em></strong></span> <span class='ocrx_word' id='word_1_165' title='bbox 1370 1561 1592 1630; x_wconf 66' lang='grc' dir='ltr'><strong>νομικὸν</strong></span> <span class='ocrx_word' id='word_1_166' title='bbox 1615 1560 1804 1614; x_wconf 85' lang='grc' dir='ltr'><strong>τοῦτον</strong></span> 
     </span>
    </p>
   </div>
   <div class='ocr_carea' id='block_1_23' title="bbox 1825 1559 3489 1631">
    <p class='ocr_par' dir='ltr' id='par_1_23' title="bbox 1908 1559 3489 1630">
     <span class='ocr_line' id='line_1_23' title="bbox 1908 1559 3489 1630; baseline -0.002 -17"><span class='ocrx_word' id='word_1_167' title='bbox 1908 1559 2107 1613; x_wconf 82' lang='lat' dir='ltr'><strong>bendis</strong></span> <span class='ocrx_word' id='word_1_168' title='bbox 2141 1562 2517 1615; x_wconf 71' lang='lat' dir='ltr'><strong>contractibus</strong></span> <span class='ocrx_word' id='word_1_169' title='bbox 2552 1560 2657 1615; x_wconf 89' lang='lat' dir='ltr'><strong>sibi</strong></span> <span class='ocrx_word' id='word_1_170' title='bbox 2700 1562 2905 1615; x_wconf 88' lang='lat' dir='ltr'><strong>victum</strong></span> <span class='ocrx_word' id='word_1_171' title='bbox 2944 1563 3166 1630; x_wconf 79' lang='lat' dir='ltr'><strong>parabat</strong></span> <span class='ocrx_word' id='word_1_172' title='bbox 3196 1579 3210 1619; x_wconf 90' lang='lat'><strong>:</strong></span> <span class='ocrx_word' id='word_1_173' title='bbox 3246 1562 3489 1630; x_wconf 71' lang='grc' dir='ltr'><strong>νομικὸν,</strong></span> 
     </span>
    </p>
   </div>
   <div class='ocr_carea' id='block_1_24' title="bbox 230 1648 1894 1723">
    <p class='ocr_par' dir='ltr' id='par_1_24' title="bbox 230 1650 1803 1723">
     <span class='ocr_line' id='line_1_24' title="bbox 230 1650 1803 1723; baseline -0.002 -17"><span class='ocrx_word' id='word_1_174' title='bbox 230 1655 377 1707; x_wconf 87' lang='grc' dir='ltr'><strong>εῖποι</strong></span> <span class='ocrx_word' id='word_1_175' title='bbox 417 1651 618 1723; x_wconf 81' lang='grc' dir='ltr'><strong>Ἕλλην</strong></span> <span class='ocrx_word' id='word_1_176' title='bbox 670 1653 831 1723; x_wconf 76' lang='grc' dir='ltr'><strong>ἁνήρ.</strong></span> <span class='ocrx_word' id='word_1_177' title='bbox 876 1650 1044 1715; x_wconf 76' lang='grc' dir='ltr'><strong>Οὗτος</strong></span> <span class='ocrx_word' id='word_1_178' title='bbox 1092 1653 1256 1705; x_wconf 83' lang='grc' dir='ltr'><strong>παῖδα</strong></span> <span class='ocrx_word' id='word_1_179' title='bbox 1312 1653 1494 1722; x_wconf 80' lang='grc' dir='ltr'><strong>φέρων</strong></span> <span class='ocrx_word' id='word_1_180' title='bbox 1544 1653 1803 1722; x_wconf 79' lang='grc' dir='ltr'><strong>μονογενῆ</strong></span> 
     </span>
    </p>
   </div>
   <div class='ocr_carea' id='block_1_25' title="bbox 1824 1648 3488 1723">
    <p class='ocr_par' dir='ltr' id='par_1_25' title="bbox 1912 1648 3488 1720">
     <span class='ocr_line' id='line_1_25' title="bbox 1912 1648 3488 1720; baseline 0.002 -19"><span class='ocrx_word' id='word_1_181' title='bbox 1912 1648 1963 1703; x_wconf 87' lang='lat' dir='ltr'><strong>id</strong></span> <span class='ocrx_word' id='word_1_182' title='bbox 2023 1659 2143 1714; x_wconf 91' lang='lat' dir='ltr'><strong>est,</strong></span> <span class='ocrx_word' id='word_1_183' title='bbox 2202 1650 2338 1720; x_wconf 78' lang='lat' dir='ltr'><strong>legis</strong></span> <span class='ocrx_word' id='word_1_184' title='bbox 2391 1652 2648 1720; x_wconf 88' lang='lat' dir='ltr'><strong>peritum,</strong></span> <span class='ocrx_word' id='word_1_185' title='bbox 2704 1661 2904 1706; x_wconf 91' lang='lat' dir='ltr'><strong>vocant</strong></span> <span class='ocrx_word' id='word_1_186' title='bbox 2962 1652 3155 1706; x_wconf 62' lang='lat' dir='ltr'><strong>Greci.</strong></span> <span class='ocrx_word' id='word_1_187' title='bbox 3213 1653 3261 1705; x_wconf 87' lang='lat' dir='ltr'><strong>Is</strong></span> <span class='ocrx_word' id='word_1_188' title='bbox 3320 1653 3488 1705; x_wconf 86' lang='lat' dir='ltr'><strong>lilium</strong></span> 
     </span>
    </p>
   </div>
   <div class='ocr_carea' id='block_1_26' title="bbox 230 1741 1894 1814">
    <p class='ocr_par' dir='ltr' id='par_1_26' title="bbox 230 1742 1803 1814">
     <span class='ocr_line' id='line_1_26' title="bbox 230 1742 1803 1814; baseline -0.002 -16"><span class='ocrx_word' id='word_1_189' title='bbox 230 1744 507 1814; x_wconf 84' lang='grc' dir='ltr'><strong>πνεύματι</strong></span> <span class='ocrx_word' id='word_1_190' title='bbox 571 1743 793 1813; x_wconf 82' lang='grc' dir='ltr'><strong>πονηρῷ</strong></span> <span class='ocrx_word' id='word_1_191' title='bbox 849 1744 1099 1813; x_wconf 74' lang='grc' dir='ltr'><strong>κάτεχον,</strong></span> <span class='ocrx_word' id='word_1_192' title='bbox 1156 1743 1269 1804; x_wconf 80' lang='grc' dir='ltr'><strong>θεὶς</strong></span> <span class='ocrx_word' id='word_1_193' title='bbox 1328 1744 1490 1795; x_wconf 85' lang='grc' dir='ltr'><strong>αὑτὸν</strong></span> <span class='ocrx_word' id='word_1_194' title='bbox 1550 1743 1657 1812; x_wconf 80' lang='grc' dir='ltr'><strong>πρὸ</strong></span> <span class='ocrx_word' id='word_1_195' title='bbox 1711 1742 1803 1795; x_wconf 82' lang='grc' dir='ltr'><strong>τοῦ</strong></span> 
     </span>
    </p>
   </div>
   <div class='ocr_carea' id='block_1_27' title="bbox 1831 1741 3495 1814">
    <p class='ocr_par' dir='ltr' id='par_1_27' title="bbox 1912 1741 3495 1813">
     <span class='ocr_line' id='line_1_27' title="bbox 1912 1741 3495 1813; baseline 0.001 -19"><span class='ocrx_word' id='word_1_196' title='bbox 1912 1741 2095 1795; x_wconf 79' lang='lat' dir='ltr'><strong>ferens</strong></span> <span class='ocrx_word' id='word_1_197' title='bbox 2147 1744 2457 1811; x_wconf 81' lang='lat' dir='ltr'><strong>unigenam,</strong></span> <span class='ocrx_word' id='word_1_198' title='bbox 2507 1742 2600 1811; x_wconf 89' lang='lat' dir='ltr'><strong>qui</strong></span> <span class='ocrx_word' id='word_1_199' title='bbox 2635 1758 2663 1795; x_wconf 89' lang='lat' dir='ltr'><strong>a</strong></span> <span class='ocrx_word' id='word_1_200' title='bbox 2704 1744 2941 1811; x_wconf 86' lang='lat' dir='ltr'><strong>maligno</strong></span> <span class='ocrx_word' id='word_1_201' title='bbox 2989 1743 3336 1797; x_wconf 86' lang='lat' dir='ltr'><strong>detinebatur</strong></span> <span class='ocrx_word' id='word_1_202' title='bbox 3385 1744 3495 1813; x_wconf 75' lang='lat' dir='ltr'><strong>spi-</strong></span> 
     </span>
    </p>
   </div>
   <div class='ocr_carea' id='block_1_28' title="bbox 230 1833 1894 1907">
    <p class='ocr_par' dir='ltr' id='par_1_28' title="bbox 230 1834 1804 1907">
     <span class='ocr_line' id='line_1_28' title="bbox 230 1834 1804 1907; baseline -0.003 -17"><span class='ocrx_word' id='word_1_203' title='bbox 230 1839 414 1898; x_wconf 84' lang='grc' dir='ltr'><strong>κίονος</strong></span> <span class='ocrx_word' id='word_1_204' title='bbox 448 1836 659 1905; x_wconf 79' lang='grc' dir='ltr'><strong>δάκρυα</strong></span> <span class='ocrx_word' id='word_1_205' title='bbox 684 1852 743 1887; x_wconf 83' lang='grc' dir='ltr'><strong>τε</strong></span> <span class='ocrx_word' id='word_1_206' title='bbox 777 1836 928 1907; x_wconf 70' lang='grc' dir='ltr'><strong>ἔρρει</strong></span> <span class='ocrx_word' id='word_1_207' title='bbox 969 1836 1081 1887; x_wconf 86' lang='grc' dir='ltr'><strong>τῶν</strong></span> <span class='ocrx_word' id='word_1_208' title='bbox 1103 1834 1419 1903; x_wconf 85' lang='grc' dir='ltr'><strong>ὀφθαλμῶν,</strong></span> <span class='ocrx_word' id='word_1_209' title='bbox 1451 1835 1543 1886; x_wconf 75' lang='grc' dir='ltr'><strong>καὶ</strong></span> <span class='ocrx_word' id='word_1_210' title='bbox 1584 1834 1804 1905; x_wconf 78' lang='grc' dir='ltr'><strong>ῥήματα</strong></span> 
     </span>
    </p>
   </div>
   <div class='ocr_carea' id='block_1_29' title="bbox 1827 1833 3491 1907">
    <p class='ocr_par' dir='ltr' id='par_1_29' title="bbox 1912 1833 3491 1903">
     <span class='ocr_line' id='line_1_29' title="bbox 1912 1833 3491 1903; baseline 0.003 -21"><span class='ocrx_word' id='word_1_211' title='bbox 1912 1834 2042 1895; x_wconf 90' lang='lat' dir='ltr'><strong>ritu,</strong></span> <span class='ocrx_word' id='word_1_212' title='bbox 2073 1848 2194 1885; x_wconf 92' lang='lat' dir='ltr'><strong>cum</strong></span> <span class='ocrx_word' id='word_1_213' title='bbox 2222 1846 2345 1886; x_wconf 88' lang='lat' dir='ltr'><strong>eum</strong></span> <span class='ocrx_word' id='word_1_214' title='bbox 2377 1835 2652 1900; x_wconf 82' lang='lat' dir='ltr'><strong>posuisset</strong></span> <span class='ocrx_word' id='word_1_215' title='bbox 2680 1833 2745 1887; x_wconf 88' lang='lat' dir='ltr'><strong>ad</strong></span> <span class='ocrx_word' id='word_1_216' title='bbox 2786 1836 3114 1896; x_wconf 85' lang='lat' dir='ltr'><strong>columnam.</strong></span> <span class='ocrx_word' id='word_1_217' title='bbox 3149 1846 3203 1889; x_wconf 89' lang='lat' dir='ltr'><strong>et</strong></span> <span class='ocrx_word' id='word_1_218' title='bbox 3228 1837 3276 1888; x_wconf 91' lang='lat' dir='ltr'><strong>ei</strong></span> <span class='ocrx_word' id='word_1_219' title='bbox 3314 1837 3491 1903; x_wconf 85' lang='lat' dir='ltr'><strong>lacry-</strong></span> 
     </span>
    </p>
   </div>
   <div class='ocr_carea' id='block_1_30' title="bbox 230 1924 1894 1998">
    <p class='ocr_par' dir='ltr' id='par_1_30' title="bbox 230 1924 1802 1998">
     <span class='ocr_line' id='line_1_30' title="bbox 230 1924 1802 1998; baseline -0.006 -14"><span class='ocrx_word' id='word_1_220' title='bbox 230 1928 543 1995; x_wconf 80' lang='grc' dir='ltr'><strong>προσετίθει</strong></span> <span class='ocrx_word' id='word_1_221' title='bbox 565 1927 673 1980; x_wconf 86' lang='grc' dir='ltr'><strong>τῶν</strong></span> <span class='ocrx_word' id='word_1_222' title='bbox 696 1927 947 1998; x_wconf 77' lang='grc' dir='ltr'><strong>δακρύων</strong></span> <span class='ocrx_word' id='word_1_223' title='bbox 965 1926 1473 1995; x_wconf 70' lang='grc' dir='ltr'><strong>ελεεινότερα.”ορα</strong></span> <span class='ocrx_word' id='word_1_224' title='bbox 1497 1926 1606 1993; x_wconf 70' lang='grc' dir='ltr'><strong>γὰρ</strong></span> <span class='ocrx_word' id='word_1_225' title='bbox 1633 1924 1802 1987; x_wconf 76' lang='grc' dir='ltr'><strong>πόσις</strong></span> 
     </span>
    </p>
   </div>
   <div class='ocr_carea' id='block_1_31' title="bbox 1827 1924 3491 1998">
    <p class='ocr_par' dir='ltr' id='par_1_31' title="bbox 1914 1924 3491 1995">
     <span class='ocr_line' id='line_1_31' title="bbox 1914 1924 3491 1995; baseline 0.001 -17"><span class='ocrx_word' id='word_1_226' title='bbox 1914 1940 2015 1978; x_wconf 66' lang='lat' dir='ltr'><strong>ma</strong></span> <span class='ocrx_word' id='word_1_227' title='bbox 2074 1924 2316 1978; x_wconf 81' lang='lat' dir='ltr'><strong>ﬂuebant</strong></span> <span class='ocrx_word' id='word_1_228' title='bbox 2362 1942 2429 1979; x_wconf 80' lang='lat' dir='ltr'><strong>es</strong></span> <span class='ocrx_word' id='word_1_229' title='bbox 2486 1926 2680 1991; x_wconf 83' lang='lat' dir='ltr'><strong>oculis,</strong></span> <span class='ocrx_word' id='word_1_230' title='bbox 2726 1934 2782 1980; x_wconf 91' lang='lat' dir='ltr'><strong>et</strong></span> <span class='ocrx_word' id='word_1_231' title='bbox 2846 1927 3095 1995; x_wconf 77' lang='lat' dir='ltr'><strong>adjunxit</strong></span> <span class='ocrx_word' id='word_1_232' title='bbox 3122 1929 3283 1980; x_wconf 89' lang='lat' dir='ltr'><strong>verba</strong></span> <span class='ocrx_word' id='word_1_233' title='bbox 3318 1927 3491 1985; x_wconf 81' lang='lat' dir='ltr'><strong>lacrv-</strong></span> 
     </span>
    </p>
   </div>
   <div class='ocr_carea' id='block_1_32' title="bbox 228 2011 1892 2090">
    <p class='ocr_par' dir='ltr' id='par_1_32' title="bbox 228 2011 1876 2090">
     <span class='ocr_line' id='line_1_32' title="bbox 228 2011 1876 2090; baseline -0.004 -17"><span class='ocrx_word' id='word_1_234' title='bbox 228 2016 347 2089; x_wconf 83' lang='grc' dir='ltr'><strong>εῐχε</strong></span> <span class='ocrx_word' id='word_1_235' title='bbox 381 2020 515 2090; x_wconf 66' lang='grc' dir='ltr'><strong>πρὸς</strong></span> <span class='ocrx_word' id='word_1_236' title='bbox 545 2018 795 2089; x_wconf 56' lang='grc' dir='ltr'><strong>ὀδυρμόν</strong></span> <span class='ocrx_word' id='word_1_237' title='bbox 810 2018 1090 2088; x_wconf 70' lang='grc' dir='ltr'><strong>ἀφορμὰς,</strong></span> <span class='ocrx_word' id='word_1_238' title='bbox 1121 2018 1221 2089; x_wconf 76' lang='grc' dir='ltr'><strong>τὴν</strong></span> <span class='ocrx_word' id='word_1_239' title='bbox 1253 2016 1434 2085; x_wconf 75' lang='grc' dir='ltr'><strong>φύσιν.</strong></span> <span class='ocrx_word' id='word_1_240' title='bbox 1465 2017 1561 2087; x_wconf 81' lang='grc' dir='ltr'><strong>τὴν</strong></span> <span class='ocrx_word' id='word_1_241' title='bbox 1591 2018 1801 2082; x_wconf 71' lang='grc' dir='ltr'><strong>πολιὰν,</strong></span> <span class='ocrx_word' id='word_1_242' title='bbox 1835 2011 1876 2067; x_wconf 79' lang='grc' dir='ltr'><strong><em>Β</em></strong></span> 
     </span>
    </p>
   </div>
   <div class='ocr_carea' id='block_1_33' title="bbox 1827 2011 3491 2090">
    <p class='ocr_par' dir='ltr' id='par_1_33' title="bbox 1835 2011 3491 2089">
     <span class='ocr_line' id='line_1_33' title="bbox 1835 2011 3491 2089; baseline 0.002 -22"><span class='ocrx_word' id='word_1_243' title='bbox 1835 2011 1876 2067; x_wconf 83' lang='lat' dir='ltr'><strong>B</strong></span> <span class='ocrx_word' id='word_1_244' title='bbox 1908 2018 2011 2071; x_wconf 89' lang='lat' dir='ltr'><strong>mis</strong></span> <span class='ocrx_word' id='word_1_245' title='bbox 2068 2020 2236 2086; x_wconf 84' lang='lat' dir='ltr'><strong>magis</strong></span> <span class='ocrx_word' id='word_1_246' title='bbox 2277 2018 2625 2073; x_wconf 84' lang='lat' dir='ltr'><strong>miserabilia.</strong></span> <span class='ocrx_word' id='word_1_247' title='bbox 2686 2019 2819 2073; x_wconf 76' lang='lat' dir='ltr'><strong>Vide</strong></span> <span class='ocrx_word' id='word_1_248' title='bbox 2853 2020 3020 2082; x_wconf 87' lang='lat' dir='ltr'><strong>enim,</strong></span> <span class='ocrx_word' id='word_1_249' title='bbox 3072 2034 3235 2089; x_wconf 89' lang='lat' dir='ltr'><strong>quam</strong></span> <span class='ocrx_word' id='word_1_250' title='bbox 3289 2021 3491 2072; x_wconf 88' lang='lat' dir='ltr'><strong>multas</strong></span> 
     </span>
    </p>
   </div>
   <div class='ocr_carea' id='block_1_34' title="bbox 227 2106 1891 2181">
    <p class='ocr_par' dir='ltr' id='par_1_34' title="bbox 227 2106 1802 2181">
     <span class='ocr_line' id='line_1_34' title="bbox 227 2106 1802 2181; baseline -0.002 -17"><span class='ocrx_word' id='word_1_251' title='bbox 227 2112 334 2181; x_wconf 81' lang='grc' dir='ltr'><strong>τὴν</strong></span> <span class='ocrx_word' id='word_1_252' title='bbox 360 2108 453 2163; x_wconf 85' lang='grc' dir='ltr'><strong>τοῦ</strong></span> <span class='ocrx_word' id='word_1_253' title='bbox 477 2106 663 2173; x_wconf 85' lang='grc' dir='ltr'><strong>παιδὸς</strong></span> <span class='ocrx_word' id='word_1_254' title='bbox 687 2110 940 2179; x_wconf 86' lang='grc' dir='ltr'><strong>νεότητα,</strong></span> <span class='ocrx_word' id='word_1_255' title='bbox 964 2113 1024 2162; x_wconf 67' lang='grc' dir='ltr'><strong>τὸ</strong></span> <span class='ocrx_word' id='word_1_256' title='bbox 1046 2111 1138 2163; x_wconf 66' lang='grc' dir='ltr'><strong>ἐπὶ</strong></span> <span class='ocrx_word' id='word_1_257' title='bbox 1164 2110 1307 2180; x_wconf 84' lang='grc' dir='ltr'><strong>μόνῳ</strong></span> <span class='ocrx_word' id='word_1_258' title='bbox 1334 2112 1506 2179; x_wconf 85' lang='grc' dir='ltr'><strong>τούτῳ</strong></span> <span class='ocrx_word' id='word_1_259' title='bbox 1534 2110 1802 2173; x_wconf 79' lang='grc' dir='ltr'><strong>σαλεύειν,</strong></span> 
     </span>
    </p>
   </div>
   <div class='ocr_carea' id='block_1_35' title="bbox 1823 2106 3487 2181">
    <p class='ocr_par' dir='ltr' id='par_1_35' title="bbox 1908 2106 3487 2173">
     <span class='ocr_line' id='line_1_35' title="bbox 1908 2106 3487 2173; baseline -0.003 -11"><span class='ocrx_word' id='word_1_260' title='bbox 1908 2106 2069 2162; x_wconf 86' lang='lat' dir='ltr'><strong>ﬂetus</strong></span> <span class='ocrx_word' id='word_1_261' title='bbox 2127 2108 2365 2162; x_wconf 81' lang='lat' dir='ltr'><strong>habebat</strong></span> <span class='ocrx_word' id='word_1_262' title='bbox 2421 2109 2787 2162; x_wconf 80' lang='lat' dir='ltr'><strong>occasiones:</strong></span> <span class='ocrx_word' id='word_1_263' title='bbox 2842 2116 3131 2171; x_wconf 82' lang='lat' dir='ltr'><strong>naturam,</strong></span> <span class='ocrx_word' id='word_1_264' title='bbox 3192 2110 3487 2173; x_wconf 80' lang='lat' dir='ltr'><strong>canitiem,</strong></span> 
     </span>
    </p>
   </div>
   <div class='ocr_carea' id='block_1_36' title="bbox 228 2196 1892 2272">
    <p class='ocr_par' dir='ltr' id='par_1_36' title="bbox 228 2201 1804 2272">
     <span class='ocr_line' id='line_1_36' title="bbox 228 2201 1804 2272; baseline -0.001 -16"><span class='ocrx_word' id='word_1_265' title='bbox 228 2204 293 2256; x_wconf 63' lang='lat' dir='ltr'><strong>s5</strong></span> <span class='ocrx_word' id='word_1_266' title='bbox 352 2204 568 2272; x_wconf 73' lang='grc' dir='ltr'><strong>μακρὰν</strong></span> <span class='ocrx_word' id='word_1_267' title='bbox 631 2202 887 2256; x_wconf 63' lang='grc' dir='ltr'><strong>ἐστάλθαι</strong></span> <span class='ocrx_word' id='word_1_268' title='bbox 971 2204 1065 2255; x_wconf 86' lang='grc' dir='ltr'><strong>καὶ</strong></span> <span class='ocrx_word' id='word_1_269' title='bbox 1128 2201 1331 2265; x_wconf 84' lang='grc' dir='ltr'><strong>πολλὴν</strong></span> <span class='ocrx_word' id='word_1_270' title='bbox 1379 2203 1804 2271; x_wconf 75' lang='grc' dir='ltr'><strong>’ταλαιπωρῆσαι</strong></span> 
     </span>
    </p>
   </div>
   <div class='ocr_carea' id='block_1_37' title="bbox 1822 2196 3486 2272">
    <p class='ocr_par' dir='ltr' id='par_1_37' title="bbox 1910 2196 3486 2266">
     <span class='ocr_line' id='line_1_37' title="bbox 1910 2196 3486 2266; baseline -0.002 -16"><span class='ocrx_word' id='word_1_271' title='bbox 1910 2196 2006 2250; x_wconf 80' lang='lat' dir='ltr'><strong>lilii</strong></span> <span class='ocrx_word' id='word_1_272' title='bbox 2050 2197 2501 2256; x_wconf 83' lang='lat' dir='ltr'><strong>adolescentiam,</strong></span> <span class='ocrx_word' id='word_1_273' title='bbox 2536 2197 2681 2265; x_wconf 90' lang='lat' dir='ltr'><strong>quod</strong></span> <span class='ocrx_word' id='word_1_274' title='bbox 2719 2206 2941 2266; x_wconf 82' lang='lat' dir='ltr'><strong>propter</strong></span> <span class='ocrx_word' id='word_1_275' title='bbox 2962 2212 3087 2250; x_wconf 86' lang='lat' dir='ltr'><strong>eum</strong></span> <span class='ocrx_word' id='word_1_276' title='bbox 3120 2196 3295 2249; x_wconf 89' lang='lat' dir='ltr'><strong>solum</strong></span> <span class='ocrx_word' id='word_1_277' title='bbox 3331 2196 3486 2248; x_wconf 81' lang='lat' dir='ltr'><strong>labo-</strong></span> 
     </span>
    </p>
   </div>
   <div class='ocr_carea' id='block_1_38' title="bbox 228 2288 1892 2364">
    <p class='ocr_par' dir='ltr' id='par_1_38' title="bbox 228 2293 1805 2364">
     <span class='ocr_line' id='line_1_38' title="bbox 228 2293 1805 2364; baseline 0 -17"><span class='ocrx_word' id='word_1_278' title='bbox 228 2296 477 2364; x_wconf 79' lang='grc' dir='ltr'><strong>πορείαν.</strong></span> <span class='ocrx_word' id='word_1_279' title='bbox 518 2293 614 2347; x_wconf 78' lang='grc' dir='ltr'><strong>καὶ</strong></span> <span class='ocrx_word' id='word_1_280' title='bbox 657 2294 827 2347; x_wconf 85' lang='grc' dir='ltr'><strong>ταῦτα</strong></span> <span class='ocrx_word' id='word_1_281' title='bbox 857 2294 1181 2363; x_wconf 79' lang='grc' dir='ltr'><strong>δαιμονῶντι</strong></span> <span class='ocrx_word' id='word_1_282' title='bbox 1220 2294 1316 2346; x_wconf 77' lang='grc' dir='ltr'><strong>καὶ</strong></span> <span class='ocrx_word' id='word_1_283' title='bbox 1354 2293 1524 2356; x_wconf 75' lang='grc' dir='ltr'><strong>οὕτως</strong></span> <span class='ocrx_word' id='word_1_284' title='bbox 1555 2296 1805 2358; x_wconf 72' lang='grc' dir='ltr'><strong>ἀτάκτως</strong></span> 
     </span>
    </p>
   </div>
   <div class='ocr_carea' id='block_1_39' title="bbox 1823 2288 3487 2364">
    <p class='ocr_par' dir='ltr' id='par_1_39' title="bbox 1909 2288 3487 2359">
     <span class='ocr_line' id='line_1_39' title="bbox 1909 2288 3487 2359; baseline 0 -18"><span class='ocrx_word' id='word_1_285' title='bbox 1909 2295 2077 2348; x_wconf 90' lang='lat' dir='ltr'><strong>raret,</strong></span> <span class='ocrx_word' id='word_1_286' title='bbox 2107 2288 2252 2357; x_wconf 86' lang='lat' dir='ltr'><strong>quod</strong></span> <span class='ocrx_word' id='word_1_287' title='bbox 2277 2288 2433 2358; x_wconf 86' lang='lat' dir='ltr'><strong>longe</strong></span> <span class='ocrx_word' id='word_1_288' title='bbox 2464 2299 2608 2343; x_wconf 85' lang='lat' dir='ltr'><strong>esset</strong></span> <span class='ocrx_word' id='word_1_289' title='bbox 2636 2290 2935 2357; x_wconf 80' lang='lat' dir='ltr'><strong>prolectus,</strong></span> <span class='ocrx_word' id='word_1_290' title='bbox 2958 2298 3013 2342; x_wconf 91' lang='lat' dir='ltr'><strong>et</strong></span> <span class='ocrx_word' id='word_1_291' title='bbox 3046 2290 3223 2359; x_wconf 80' lang='lat' dir='ltr'><strong>magni</strong></span> <span class='ocrx_word' id='word_1_292' title='bbox 3273 2289 3487 2343; x_wconf 76' lang='lat' dir='ltr'><strong>itineris</strong></span> 
     </span>
    </p>
   </div>
   <div class='ocr_carea' id='block_1_40' title="bbox 230 2378 1894 2454">
    <p class='ocr_par' dir='ltr' id='par_1_40' title="bbox 230 2382 1803 2454">
     <span class='ocr_line' id='line_1_40' title="bbox 230 2382 1803 2454; baseline 0 -19"><span class='ocrx_word' id='word_1_293' title='bbox 230 2384 328 2435; x_wconf 69' lang='grc' dir='ltr'><strong>καὶ</strong></span> <span class='ocrx_word' id='word_1_294' title='bbox 360 2383 603 2451; x_wconf 75' lang='grc' dir='ltr'><strong>μανικῶς</strong></span> <span class='ocrx_word' id='word_1_295' title='bbox 637 2382 832 2453; x_wconf 70' lang='grc' dir='ltr'><strong>ἔχοντι.</strong></span> <span class='ocrx_word' id='word_1_296' title='bbox 867 2384 973 2435; x_wconf 87' lang='lat' dir='ltr'><strong>Kal</strong></span> <span class='ocrx_word' id='word_1_297' title='bbox 1004 2383 1152 2448; x_wconf 89' lang='grc' dir='ltr'><strong>τέλος</strong></span> <span class='ocrx_word' id='word_1_298' title='bbox 1181 2384 1437 2454; x_wconf 73' lang='grc' dir='ltr'><strong>προσθεὶς</strong></span> <span class='ocrx_word' id='word_1_299' title='bbox 1462 2384 1541 2435; x_wconf 83' lang='grc' dir='ltr'><strong>ὄτι</strong></span> <span class='ocrx_word' id='word_1_300' title='bbox 1568 2383 1803 2451; x_wconf 74' lang='grc' dir='ltr'><strong>Τριακοο</strong></span> 
     </span>
    </p>
   </div>
   <div class='ocr_carea' id='block_1_41' title="bbox 1824 2378 3488 2454">
    <p class='ocr_par' dir='ltr' id='par_1_41' title="bbox 1906 2378 3488 2451">
     <span class='ocr_line' id='line_1_41' title="bbox 1906 2378 3488 2451; baseline 0.001 -19"><span class='ocrx_word' id='word_1_301' title='bbox 1906 2378 2122 2433; x_wconf 80' lang='lat' dir='ltr'><strong>labores</strong></span> <span class='ocrx_word' id='word_1_302' title='bbox 2171 2387 2316 2433; x_wconf 85' lang='lat' dir='ltr'><strong>esset</strong></span> <span class='ocrx_word' id='word_1_303' title='bbox 2375 2394 2690 2449; x_wconf 87' lang='lat' dir='ltr'><strong>perpessus,</strong></span> <span class='ocrx_word' id='word_1_304' title='bbox 2764 2380 2929 2451; x_wconf 90' lang='lat' dir='ltr'><strong>idque</strong></span> <span class='ocrx_word' id='word_1_305' title='bbox 2977 2396 3100 2435; x_wconf 90' lang='lat' dir='ltr'><strong>cum</strong></span> <span class='ocrx_word' id='word_1_306' title='bbox 3161 2389 3305 2435; x_wconf 80' lang='lat' dir='ltr'><strong>esset</strong></span> <span class='ocrx_word' id='word_1_307' title='bbox 3353 2396 3488 2449; x_wconf 89' lang='lat' dir='ltr'><strong>puer</strong></span> 
     </span>
    </p>
   </div>
   <div class='ocr_carea' id='block_1_42' title="bbox 230 2470 1894 2545">
    <p class='ocr_par' dir='ltr' id='par_1_42' title="bbox 230 2475 1804 2545">
     <span class='ocr_line' id='line_1_42' title="bbox 230 2475 1804 2545; baseline -0.001 -18"><span class='ocrx_word' id='word_1_308' title='bbox 230 2475 335 2545; x_wconf 78' lang='grc' dir='ltr'><strong>στὴ</strong></span> <span class='ocrx_word' id='word_1_309' title='bbox 366 2475 504 2545; x_wconf 81' lang='grc' dir='ltr'><strong>αῦτη</strong></span> <span class='ocrx_word' id='word_1_310' title='bbox 543 2475 724 2545; x_wconf 74' lang='grc' dir='ltr'><strong>ἡμέρα</strong></span> <span class='ocrx_word' id='word_1_311' title='bbox 780 2475 960 2540; x_wconf 77' lang='grc' dir='ltr'><strong>ἑξότου</strong></span> <span class='ocrx_word' id='word_1_312' title='bbox 1010 2475 1070 2529; x_wconf 80' lang='grc' dir='ltr'><strong>τὸ</strong></span> <span class='ocrx_word' id='word_1_313' title='bbox 1126 2476 1217 2530; x_wconf 74' lang='grc' dir='ltr'><strong>σὸν</strong></span> <span class='ocrx_word' id='word_1_314' title='bbox 1252 2476 1423 2545; x_wconf 75' lang='grc' dir='ltr'><strong>ὄνομα</strong></span> <span class='ocrx_word' id='word_1_315' title='bbox 1471 2475 1531 2527; x_wconf 74' lang='grc' dir='ltr'><strong>τὸ</strong></span> <span class='ocrx_word' id='word_1_316' title='bbox 1571 2476 1804 2545; x_wconf 85' lang='grc' dir='ltr'><strong>πονηρὸν</strong></span> 
     </span>
    </p>
   </div>
   <div class='ocr_carea' id='block_1_43' title="bbox 1828 2470 3492 2545">
    <p class='ocr_par' dir='ltr' id='par_1_43' title="bbox 1894 2470 3492 2542">
     <span class='ocr_line' id='line_1_43' title="bbox 1894 2470 3492 2542; baseline -0.001 -17"><span class='ocrx_word' id='word_1_317' title='bbox 1894 2470 2294 2533; x_wconf 63' lang='lat' dir='ltr'><strong>damoniacus,</strong></span> <span class='ocrx_word' id='word_1_318' title='bbox 2329 2480 2384 2524; x_wconf 89' lang='lat' dir='ltr'><strong>et</strong></span> <span class='ocrx_word' id='word_1_319' title='bbox 2445 2479 2592 2524; x_wconf 86' lang='lat' dir='ltr'><strong>tanta</strong></span> <span class='ocrx_word' id='word_1_320' title='bbox 2628 2483 2772 2526; x_wconf 84' lang='lat' dir='ltr'><strong>esset</strong></span> <span class='ocrx_word' id='word_1_321' title='bbox 2807 2474 2923 2542; x_wconf 76' lang='lat' dir='ltr'><strong>ejus</strong></span> <span class='ocrx_word' id='word_1_322' title='bbox 2952 2474 3169 2527; x_wconf 76' lang='lat' dir='ltr'><strong>vexatio</strong></span> <span class='ocrx_word' id='word_1_323' title='bbox 3217 2480 3271 2525; x_wconf 91' lang='lat' dir='ltr'><strong>et</strong></span> <span class='ocrx_word' id='word_1_324' title='bbox 3296 2472 3492 2525; x_wconf 87' lang='lat' dir='ltr'><strong>immo-</strong></span> 
     </span>
    </p>
   </div>
   <div class='ocr_carea' id='block_1_44' title="bbox 228 2562 1892 2637">
    <p class='ocr_par' dir='ltr' id='par_1_44' title="bbox 228 2564 1804 2637">
     <span class='ocr_line' id='line_1_44' title="bbox 228 2564 1804 2637; baseline -0.002 -17"><span class='ocrx_word' id='word_1_325' title='bbox 228 2565 539 2637; x_wconf 78' lang='grc' dir='ltr'><strong>ἁνακράζει</strong></span> <span class='ocrx_word' id='word_1_326' title='bbox 578 2566 813 2636; x_wconf 81' lang='grc' dir='ltr'><strong>πνεῦμα,</strong></span> <span class='ocrx_word' id='word_1_327' title='bbox 846 2566 944 2635; x_wconf 74' lang='grc' dir='ltr'><strong>την</strong></span> <span class='ocrx_word' id='word_1_328' title='bbox 973 2566 1255 2636; x_wconf 81' lang='grc' dir='ltr'><strong>εὐκίνητον</strong></span> <span class='ocrx_word' id='word_1_329' title='bbox 1284 2565 1462 2636; x_wconf 75' lang='grc' dir='ltr'><strong>ψυχὴν</strong></span> <span class='ocrx_word' id='word_1_330' title='bbox 1494 2564 1628 2634; x_wconf 73' lang='grc' dir='ltr'><strong>πρὸς</strong></span> <span class='ocrx_word' id='word_1_331' title='bbox 1659 2565 1804 2617; x_wconf 67' lang='grc' dir='ltr'><strong>ἔλεον</strong></span> 
     </span>
    </p>
   </div>
   <div class='ocr_carea' id='block_1_45' title="bbox 1822 2562 3486 2637">
    <p class='ocr_par' dir='ltr' id='par_1_45' title="bbox 1906 2562 3486 2635">
     <span class='ocr_line' id='line_1_45' title="bbox 1906 2562 3486 2635; baseline 0.001 -19"><span class='ocrx_word' id='word_1_332' title='bbox 1906 2564 2139 2616; x_wconf 90' lang='lat' dir='ltr'><strong>deratio.</strong></span> <span class='ocrx_word' id='word_1_333' title='bbox 2205 2562 2272 2616; x_wconf 84' lang='lat' dir='ltr'><strong>Et</strong></span> <span class='ocrx_word' id='word_1_334' title='bbox 2322 2579 2444 2617; x_wconf 89' lang='lat' dir='ltr'><strong>cum</strong></span> <span class='ocrx_word' id='word_1_335' title='bbox 2488 2572 2771 2633; x_wconf 84' lang='lat' dir='ltr'><strong>postremo</strong></span> <span class='ocrx_word' id='word_1_336' title='bbox 2825 2565 3144 2627; x_wconf 82' lang='lat' dir='ltr'><strong>addidisset,</strong></span> <span class='ocrx_word' id='word_1_337' title='bbox 3202 2580 3323 2618; x_wconf 82' lang='lat' dir='ltr'><strong>esse</strong></span> <span class='ocrx_word' id='word_1_338' title='bbox 3378 2565 3486 2635; x_wconf 85' lang='lat' dir='ltr'><strong>jam</strong></span> 
     </span>
    </p>
   </div>
   <div class='ocr_carea' id='block_1_46' title="bbox 227 2654 1891 2728">
    <p class='ocr_par' dir='ltr' id='par_1_46' title="bbox 227 2654 1803 2728">
     <span class='ocr_line' id='line_1_46' title="bbox 227 2654 1803 2728; baseline -0.002 -16"><span class='ocrx_word' id='word_1_339' title='bbox 227 2659 393 2721; x_wconf 74' lang='grc' dir='ltr'><strong>εὐθὺς</strong></span> <span class='ocrx_word' id='word_1_340' title='bbox 422 2654 566 2727; x_wconf 72' lang='grc' dir='ltr'><strong>εἶχεν</strong></span> <span class='ocrx_word' id='word_1_341' title='bbox 596 2659 744 2728; x_wconf 81' lang='grc' dir='ltr'><strong>αύτῷ</strong></span> <span class='ocrx_word' id='word_1_342' title='bbox 793 2658 1212 2727; x_wconf 68' lang='grc' dir='ltr'><strong>συμπαθοῦσιν.</strong></span> <span class='ocrx_word' id='word_1_343' title='bbox 1248 2660 1357 2711; x_wconf 79' lang='grc' dir='ltr'><strong>Καὶ</strong></span> <span class='ocrx_word' id='word_1_344' title='bbox 1403 2658 1519 2721; x_wconf 80' lang='grc' dir='ltr'><strong>πῶς</strong></span> <span class='ocrx_word' id='word_1_345' title='bbox 1565 2658 1673 2726; x_wconf 81' lang='grc' dir='ltr'><strong>γὰρ</strong></span> <span class='ocrx_word' id='word_1_346' title='bbox 1704 2658 1803 2710; x_wconf 82' lang='grc' dir='ltr'><strong>οὑκ</strong></span> 
     </span>
    </p>
   </div>
   <div class='ocr_carea' id='block_1_47' title="bbox 1825 2654 3489 2728">
    <p class='ocr_par' dir='ltr' id='par_1_47' title="bbox 1906 2655 3489 2727">
     <span class='ocr_line' id='line_1_47' title="bbox 1906 2655 3489 2727; baseline 0.001 -18"><span class='ocrx_word' id='word_1_347' title='bbox 1906 2655 2241 2710; x_wconf 84' lang='lat' dir='ltr'><strong>tricesimum</strong></span> <span class='ocrx_word' id='word_1_348' title='bbox 2290 2656 2457 2721; x_wconf 88' lang='lat' dir='ltr'><strong>diem,</strong></span> <span class='ocrx_word' id='word_1_349' title='bbox 2505 2671 2572 2709; x_wconf 82' lang='lat' dir='ltr'><strong>cx</strong></span> <span class='ocrx_word' id='word_1_350' title='bbox 2619 2672 2728 2726; x_wconf 91' lang='lat' dir='ltr'><strong>quo</strong></span> <span class='ocrx_word' id='word_1_351' title='bbox 2784 2672 2984 2712; x_wconf 88' lang='lat' dir='ltr'><strong>nomen</strong></span> <span class='ocrx_word' id='word_1_352' title='bbox 3041 2659 3187 2711; x_wconf 91' lang='lat' dir='ltr'><strong>illius</strong></span> <span class='ocrx_word' id='word_1_353' title='bbox 3221 2659 3489 2727; x_wconf 83' lang='lat' dir='ltr'><strong>malignus</strong></span> 
     </span>
    </p>
   </div>
   <div class='ocr_carea' id='block_1_48' title="bbox 230 2747 1894 2821">
    <p class='ocr_par' dir='ltr' id='par_1_48' title="bbox 230 2747 1803 2821">
     <span class='ocr_line' id='line_1_48' title="bbox 230 2747 1803 2821; baseline 0 -20"><span class='ocrx_word' id='word_1_354' title='bbox 230 2749 425 2819; x_wconf 75' lang='grc' dir='ltr'><strong>Ιμελλε</strong></span> <span class='ocrx_word' id='word_1_355' title='bbox 454 2749 754 2818; x_wconf 76' lang='grc' dir='ltr'><strong>συμπαθεῖν</strong></span> <span class='ocrx_word' id='word_1_356' title='bbox 814 2749 843 2802; x_wconf 83' lang='grc' dir='ltr'><strong>ό</strong></span> <span class='ocrx_word' id='word_1_357' title='bbox 887 2747 980 2801; x_wconf 77' lang='grc' dir='ltr'><strong>τοῦ</strong></span> <span class='ocrx_word' id='word_1_358' title='bbox 1025 2747 1258 2819; x_wconf 83' lang='grc' dir='ltr'><strong>Χριστοῦ</strong></span> <span class='ocrx_word' id='word_1_359' title='bbox 1309 2750 1585 2821; x_wconf 67' lang='grc' dir='ltr'><strong>μιμητήςς</strong></span> <span class='ocrx_word' id='word_1_360' title='bbox 1635 2749 1695 2801; x_wconf 87' lang='grc' dir='ltr'><strong>Εί</strong></span> <span class='ocrx_word' id='word_1_361' title='bbox 1740 2751 1803 2802; x_wconf 71' lang='grc' dir='ltr'><strong>σὺ</strong></span> 
     </span>
    </p>
   </div>
   <div class='ocr_carea' id='block_1_49' title="bbox 1825 2747 3489 2821">
    <p class='ocr_par' dir='ltr' id='par_1_49' title="bbox 1904 2748 3489 2821">
     <span class='ocr_line' id='line_1_49' title="bbox 1904 2748 3489 2821; baseline 0.003 -20"><span class='ocrx_word' id='word_1_362' title='bbox 1904 2748 2169 2803; x_wconf 85' lang='lat' dir='ltr'><strong>clamaret</strong></span> <span class='ocrx_word' id='word_1_363' title='bbox 2209 2749 2456 2821; x_wconf 81' lang='lat' dir='ltr'><strong>spiritus,</strong></span> <span class='ocrx_word' id='word_1_364' title='bbox 2519 2751 2637 2819; x_wconf 78' lang='lat' dir='ltr'><strong>ejus</strong></span> <span class='ocrx_word' id='word_1_365' title='bbox 2684 2751 2918 2812; x_wconf 88' lang='lat' dir='ltr'><strong>animus.</strong></span> <span class='ocrx_word' id='word_1_366' title='bbox 2954 2752 3045 2821; x_wconf 88' lang='lat' dir='ltr'><strong>qui</strong></span> <span class='ocrx_word' id='word_1_367' title='bbox 3083 2751 3245 2808; x_wconf 78' lang='lat' dir='ltr'><strong>facile</strong></span> <span class='ocrx_word' id='word_1_368' title='bbox 3299 2765 3489 2805; x_wconf 77' lang='lat' dir='ltr'><strong>move-</strong></span> 
     </span>
    </p>
   </div>
   <div class='ocr_carea' id='block_1_50' title="bbox 227 2838 1891 2911">
    <p class='ocr_par' dir='ltr' id='par_1_50' title="bbox 227 2838 1803 2911">
     <span class='ocr_line' id='line_1_50' title="bbox 227 2838 1803 2911; baseline -0.001 -17"><span class='ocrx_word' id='word_1_369' title='bbox 227 2839 348 2905; x_wconf 72' lang='grc' dir='ltr'><strong>οὖν,</strong></span> <span class='ocrx_word' id='word_1_370' title='bbox 389 2841 516 2911; x_wconf 70' lang='grc' dir='ltr'><strong>εφη,</strong></span> <span class='ocrx_word' id='word_1_371' title='bbox 553 2840 620 2894; x_wconf 79' lang='grc' dir='ltr'><strong>δι’</strong></span> <span class='ocrx_word' id='word_1_372' title='bbox 654 2840 790 2910; x_wconf 65' lang='grc' dir='ltr'><strong>ἐμοῦ</strong></span> <span class='ocrx_word' id='word_1_373' title='bbox 823 2838 1102 2903; x_wconf 79' lang='grc' dir='ltr'><strong>πιστεύεις</strong></span> <span class='ocrx_word' id='word_1_374' title='bbox 1138 2839 1359 2909; x_wconf 82' lang='grc' dir='ltr'><strong>ίαθῆναι</strong></span> <span class='ocrx_word' id='word_1_375' title='bbox 1383 2841 1474 2893; x_wconf 80' lang='grc' dir='ltr'><strong>τὸν</strong></span> <span class='ocrx_word' id='word_1_376' title='bbox 1504 2841 1684 2903; x_wconf 88' lang='grc' dir='ltr'><strong>παῖδα,</strong></span> <span class='ocrx_word' id='word_1_377' title='bbox 1716 2840 1803 2893; x_wconf 74' lang='grc' dir='ltr'><strong>δο-</strong></span> 
     </span>
    </p>
   </div>
   <div class='ocr_carea' id='block_1_51' title="bbox 1820 2838 3484 2911">
    <p class='ocr_par' dir='ltr' id='par_1_51' title="bbox 1905 2839 3484 2910">
     <span class='ocr_line' id='line_1_51' title="bbox 1905 2839 3484 2910; baseline 0.002 -17"><span class='ocrx_word' id='word_1_378' title='bbox 1905 2839 2068 2893; x_wconf 87' lang='lat' dir='ltr'><strong>batur</strong></span> <span class='ocrx_word' id='word_1_379' title='bbox 2125 2840 2531 2905; x_wconf 83' lang='lat' dir='ltr'><strong>misericordia,</strong></span> <span class='ocrx_word' id='word_1_380' title='bbox 2567 2841 2743 2910; x_wconf 78' lang='lat' dir='ltr'><strong>ipsius</strong></span> <span class='ocrx_word' id='word_1_381' title='bbox 2820 2843 2998 2896; x_wconf 90' lang='lat' dir='ltr'><strong>statim</strong></span> <span class='ocrx_word' id='word_1_382' title='bbox 3059 2851 3143 2897; x_wconf 91' lang='lat' dir='ltr'><strong>est</strong></span> <span class='ocrx_word' id='word_1_383' title='bbox 3202 2843 3484 2898; x_wconf 81' lang='lat' dir='ltr'><strong>misertus.</strong></span> 
     </span>
    </p>
   </div>
   <div class='ocr_carea' id='block_1_52' title="bbox 230 2929 1894 3003">
    <p class='ocr_par' dir='ltr' id='par_1_52' title="bbox 230 2931 1801 3003">
     <span class='ocr_line' id='line_1_52' title="bbox 230 2931 1801 3003; baseline -0.002 -17"><span class='ocrx_word' id='word_1_384' title='bbox 230 2934 458 3003; x_wconf 77' lang='grc' dir='ltr'><strong>θήσεταί</strong></span> <span class='ocrx_word' id='word_1_385' title='bbox 514 2949 594 2986; x_wconf 80' lang='grc' dir='ltr'><strong>σοι</strong></span> <span class='ocrx_word' id='word_1_386' title='bbox 640 2934 780 2985; x_wconf 78' lang='grc' dir='ltr'><strong>κατὰ</strong></span> <span class='ocrx_word' id='word_1_387' title='bbox 825 2933 925 3001; x_wconf 74' lang='grc' dir='ltr'><strong>τὴν</strong></span> <span class='ocrx_word' id='word_1_388' title='bbox 979 2932 1160 2984; x_wconf 79' lang='grc' dir='ltr'><strong>πίστιν</strong></span> <span class='ocrx_word' id='word_1_389' title='bbox 1213 2949 1327 2985; x_wconf 89' lang='grc' dir='ltr'><strong>σου.</strong></span> <span class='ocrx_word' id='word_1_390' title='bbox 1386 2933 1496 2985; x_wconf 82' lang='lat' dir='ltr'><strong>Kal</strong></span> <span class='ocrx_word' id='word_1_391' title='bbox 1543 2933 1658 3001; x_wconf 71' lang='grc' dir='ltr'><strong>ἅμα</strong></span> <span class='ocrx_word' id='word_1_392' title='bbox 1708 2931 1801 2984; x_wconf 82' lang='grc' dir='ltr'><strong>τοῦ</strong></span> 
     </span>
    </p>
   </div>
   <div class='ocr_carea' id='block_1_53' title="bbox 1822 2929 3486 3003">
    <p class='ocr_par' dir='ltr' id='par_1_53' title="bbox 1904 2929 3486 2995">
     <span class='ocr_line' id='line_1_53' title="bbox 1904 2929 3486 2995; baseline 0.004 -13"><span class='ocrx_word' id='word_1_393' title='bbox 1904 2929 2106 2995; x_wconf 87' lang='lat' dir='ltr'><strong>Quidni</strong></span> <span class='ocrx_word' id='word_1_394' title='bbox 2159 2933 2305 2985; x_wconf 85' lang='lat' dir='ltr'><strong>enim</strong></span> <span class='ocrx_word' id='word_1_395' title='bbox 2359 2932 2741 2987; x_wconf 89' lang='lat' dir='ltr'><strong>misericordia</strong></span> <span class='ocrx_word' id='word_1_396' title='bbox 2779 2934 3083 2987; x_wconf 88' lang='lat' dir='ltr'><strong>movendus</strong></span> <span class='ocrx_word' id='word_1_397' title='bbox 3136 2944 3255 2988; x_wconf 87' lang='lat' dir='ltr'><strong>erat</strong></span> <span class='ocrx_word' id='word_1_398' title='bbox 3283 2934 3486 2989; x_wconf 80' lang='lat' dir='ltr'><strong>Christi</strong></span> 
     </span>
    </p>
   </div>
   <div class='ocr_carea' id='block_1_54' title="bbox 228 3022 1892 3095">
    <p class='ocr_par' dir='ltr' id='par_1_54' title="bbox 228 3022 1800 3093">
     <span class='ocr_line' id='line_1_54' title="bbox 228 3022 1800 3093; baseline -0.003 -15"><span class='ocrx_word' id='word_1_399' title='bbox 228 3025 415 3078; x_wconf 68' lang='grc' dir='ltr'><strong>ἐλαίου</strong></span> <span class='ocrx_word' id='word_1_400' title='bbox 443 3024 604 3077; x_wconf 69' lang='grc' dir='ltr'><strong>αὐτὸν</strong></span> <span class='ocrx_word' id='word_1_401' title='bbox 633 3023 851 3075; x_wconf 68' lang='grc' dir='ltr'><strong>ἐκέλευε</strong></span> <span class='ocrx_word' id='word_1_402' title='bbox 892 3022 1215 3093; x_wconf 85' lang='grc' dir='ltr'><strong>ποτισθῆναι</strong></span> <span class='ocrx_word' id='word_1_403' title='bbox 1257 3022 1366 3074; x_wconf 83' lang='grc' dir='ltr'><strong>τῶν</strong></span> <span class='ocrx_word' id='word_1_404' title='bbox 1398 3024 1577 3074; x_wconf 70' lang='grc' dir='ltr'><strong>ἐκεῖσε</strong></span> <span class='ocrx_word' id='word_1_405' title='bbox 1611 3022 1800 3090; x_wconf 75' lang='grc' dir='ltr'><strong>ἁγίων,</strong></span> 
     </span>
    </p>
   </div>
   <div class='ocr_carea' id='block_1_55' title="bbox 1824 3022 3488 3095">
    <p class='ocr_par' dir='ltr' id='par_1_55' title="bbox 1905 3022 3488 3095">
     <span class='ocr_line' id='line_1_55' title="bbox 1905 3022 3488 3095; baseline 0.004 -20"><span class='ocrx_word' id='word_1_406' title='bbox 1905 3022 2249 3093; x_wconf 78' lang='lat' dir='ltr'><strong>discipulus?</strong></span> <span class='ocrx_word' id='word_1_407' title='bbox 2283 3022 2339 3077; x_wconf 91' lang='lat' dir='ltr'><strong>Si</strong></span> <span class='ocrx_word' id='word_1_408' title='bbox 2377 3031 2433 3078; x_wconf 90' lang='lat' dir='ltr'><strong>tu</strong></span> <span class='ocrx_word' id='word_1_409' title='bbox 2462 3039 2615 3094; x_wconf 75' lang='lat' dir='ltr'><strong>ergo,</strong></span> <span class='ocrx_word' id='word_1_410' title='bbox 2655 3025 2852 3095; x_wconf 90' lang='lat' dir='ltr'><strong>inquit.</strong></span> <span class='ocrx_word' id='word_1_411' title='bbox 2886 3025 3066 3081; x_wconf 80' lang='lat' dir='ltr'><strong>credis</strong></span> <span class='ocrx_word' id='word_1_412' title='bbox 3098 3026 3236 3091; x_wconf 81' lang='lat' dir='ltr'><strong>fore,</strong></span> <span class='ocrx_word' id='word_1_413' title='bbox 3272 3036 3331 3080; x_wconf 92' lang='lat' dir='ltr'><strong>ut</strong></span> <span class='ocrx_word' id='word_1_414' title='bbox 3358 3042 3488 3095; x_wconf 89' lang='lat' dir='ltr'><strong>per-</strong></span> 
     </span>
    </p>
   </div>
   <div class='ocr_carea' id='block_1_56' title="bbox 228 3108 1892 3183">
    <p class='ocr_par' dir='ltr' id='par_1_56' title="bbox 228 3108 1804 3183">
     <span class='ocr_line' id='line_1_56' title="bbox 228 3108 1804 3183; baseline -0.001 -16"><span class='ocrx_word' id='word_1_415' title='bbox 228 3108 294 3167; x_wconf 70' lang='grc' dir='ltr'><strong>οὗ</strong></span> <span class='ocrx_word' id='word_1_416' title='bbox 321 3114 610 3183; x_wconf 72' lang='grc' dir='ltr'><strong>γενομένου</strong></span> <span class='ocrx_word' id='word_1_417' title='bbox 638 3112 819 3183; x_wconf 75' lang='grc' dir='ltr'><strong>βάλλει</strong></span> <span class='ocrx_word' id='word_1_418' title='bbox 850 3112 949 3183; x_wconf 66' lang='grc' dir='ltr'><strong>μὲν</strong></span> <span class='ocrx_word' id='word_1_419' title='bbox 981 3112 1140 3167; x_wconf 80' lang='grc' dir='ltr'><strong>αὑτὸν</strong></span> <span class='ocrx_word' id='word_1_420' title='bbox 1170 3112 1332 3175; x_wconf 83' lang='grc' dir='ltr'><strong>εὐθὺς</strong></span> <span class='ocrx_word' id='word_1_421' title='bbox 1367 3114 1453 3166; x_wconf 76' lang='grc' dir='ltr'><strong>έπ’</strong></span> <span class='ocrx_word' id='word_1_422' title='bbox 1493 3113 1721 3180; x_wconf 73' lang='grc' dir='ltr'><strong>ἐδάφους</strong></span> <span class='ocrx_word' id='word_1_423' title='bbox 1746 3114 1804 3165; x_wconf 83' lang='grc' dir='ltr'><strong>τὸ</strong></span> 
     </span>
    </p>
   </div>
   <div class='ocr_carea' id='block_1_57' title="bbox 1821 3108 3485 3183">
    <p class='ocr_par' dir='ltr' id='par_1_57' title="bbox 1906 3113 3485 3180">
     <span class='ocr_line' id='line_1_57' title="bbox 1906 3113 3485 3180; baseline 0.002 -12"><span class='ocrx_word' id='word_1_424' title='bbox 1906 3124 2130 3168; x_wconf 84' lang='lat' dir='ltr'><strong>sanetur</strong></span> <span class='ocrx_word' id='word_1_425' title='bbox 2179 3125 2307 3169; x_wconf 89' lang='lat' dir='ltr'><strong>tuus</strong></span> <span class='ocrx_word' id='word_1_426' title='bbox 2334 3113 2502 3180; x_wconf 82' lang='lat' dir='ltr'><strong>Illius,</strong></span> <span class='ocrx_word' id='word_1_427' title='bbox 2562 3116 2782 3170; x_wconf 83' lang='lat' dir='ltr'><strong>dabitur</strong></span> <span class='ocrx_word' id='word_1_428' title='bbox 2829 3116 2927 3170; x_wconf 92' lang='lat' dir='ltr'><strong>tibi</strong></span> <span class='ocrx_word' id='word_1_429' title='bbox 2988 3116 3288 3171; x_wconf 90' lang='lat' dir='ltr'><strong>secundum</strong></span> <span class='ocrx_word' id='word_1_430' title='bbox 3322 3116 3485 3171; x_wconf 86' lang='lat' dir='ltr'><strong>ﬁdem</strong></span> 
     </span>
    </p>
   </div>
   <div class='ocr_carea' id='block_1_58' title="bbox 227 3203 1891 3278">
    <p class='ocr_par' dir='ltr' id='par_1_58' title="bbox 227 3203 1801 3278">
     <span class='ocr_line' id='line_1_58' title="bbox 227 3203 1801 3278; baseline -0.004 -18"><span class='ocrx_word' id='word_1_431' title='bbox 227 3208 465 3278; x_wconf 74' lang='grc' dir='ltr'><strong>χαλεπὸν</strong></span> <span class='ocrx_word' id='word_1_432' title='bbox 488 3208 779 3275; x_wconf 65' lang='grc' dir='ltr'><strong>δαιμόνιον,</strong></span> <span class='ocrx_word' id='word_1_433' title='bbox 804 3206 895 3259; x_wconf 76' lang='grc' dir='ltr'><strong>καὶ</strong></span> <span class='ocrx_word' id='word_1_434' title='bbox 922 3205 1133 3268; x_wconf 80' lang='grc' dir='ltr'><strong>πολλοῖς</strong></span> <span class='ocrx_word' id='word_1_435' title='bbox 1158 3203 1360 3267; x_wconf 71' lang='grc' dir='ltr'><strong>αἱκίζει</strong></span> <span class='ocrx_word' id='word_1_436' title='bbox 1380 3204 1801 3274; x_wconf 74' lang='grc' dir='ltr'><strong>σπαράγμασιν,</strong></span> 
     </span>
    </p>
   </div>
   <div class='ocr_carea' id='block_1_59' title="bbox 1820 3203 3484 3278">
    <p class='ocr_par' dir='ltr' id='par_1_59' title="bbox 1908 3207 3484 3277">
     <span class='ocr_line' id='line_1_59' title="bbox 1908 3207 3484 3277; baseline 0.002 -18"><span class='ocrx_word' id='word_1_437' title='bbox 1908 3215 2077 3271; x_wconf 87' lang='lat' dir='ltr'><strong>tuam;</strong></span> <span class='ocrx_word' id='word_1_438' title='bbox 2117 3216 2173 3260; x_wconf 90' lang='lat' dir='ltr'><strong>et</strong></span> <span class='ocrx_word' id='word_1_439' title='bbox 2221 3208 2383 3261; x_wconf 89' lang='lat' dir='ltr'><strong>simul</strong></span> <span class='ocrx_word' id='word_1_440' title='bbox 2432 3222 2556 3261; x_wconf 90' lang='lat' dir='ltr'><strong>eum</strong></span> <span class='ocrx_word' id='word_1_441' title='bbox 2601 3207 2765 3277; x_wconf 84' lang='lat' dir='ltr'><strong>jussit</strong></span> <span class='ocrx_word' id='word_1_442' title='bbox 2797 3210 2973 3277; x_wconf 92' lang='lat' dir='ltr'><strong>potari</strong></span> <span class='ocrx_word' id='word_1_443' title='bbox 3020 3209 3141 3262; x_wconf 92' lang='lat' dir='ltr'><strong>oleo</strong></span> <span class='ocrx_word' id='word_1_444' title='bbox 3192 3224 3220 3262; x_wconf 88' lang='lat' dir='ltr'><strong>a</strong></span> <span class='ocrx_word' id='word_1_445' title='bbox 3259 3209 3484 3272; x_wconf 81' lang='lat' dir='ltr'><strong>sanctis,</strong></span> 
     </span>
    </p>
   </div>
   <div class='ocr_carea' id='block_1_60' title="bbox 229 3294 1893 3396">
    <p class='ocr_par' dir='ltr' id='par_1_60' title="bbox 229 3294 1873 3396">
     <span class='ocr_line' id='line_1_60' title="bbox 229 3294 1873 3396; baseline -0.005 -43"><span class='ocrx_word' id='word_1_446' title='bbox 229 3296 353 3353; x_wconf 75' lang='grc' dir='ltr'><strong>εἶτα</strong></span> <span class='ocrx_word' id='word_1_447' title='bbox 407 3299 545 3369; x_wconf 87' lang='grc' dir='ltr'><strong>μέγα</strong></span> <span class='ocrx_word' id='word_1_448' title='bbox 594 3299 794 3369; x_wconf 81' lang='grc' dir='ltr'><strong>βοῆσαν</strong></span> <span class='ocrx_word' id='word_1_449' title='bbox 837 3297 894 3350; x_wconf 69' lang='grc' dir='ltr'><strong>έν</strong></span> <span class='ocrx_word' id='word_1_450' title='bbox 944 3299 1195 3365; x_wconf 78' lang='grc' dir='ltr'><strong>οἰμωγῇ,</strong></span> <span class='ocrx_word' id='word_1_451' title='bbox 1254 3296 1601 3365; x_wconf 75' lang='grc' dir='ltr'><strong>Ἐξέρχομαι,</strong></span> <span class='ocrx_word' id='word_1_452' title='bbox 1661 3294 1797 3363; x_wconf 85' lang='grc' dir='ltr'><strong>φεῦί</strong></span> <span class='ocrx_word' id='word_1_453' title='bbox 1832 3342 1873 3396; x_wconf 75' lang='lat' dir='ltr'><strong>c</strong></span> 
     </span>
    </p>
   </div>
   <div class='ocr_carea' id='block_1_61' title="bbox 1817 3294 3481 3396">
    <p class='ocr_par' dir='ltr' id='par_1_61' title="bbox 1832 3299 3481 3396">
     <span class='ocr_line' id='line_1_61' title="bbox 1832 3299 3481 3396; baseline 0.002 -45"><span class='ocrx_word' id='word_1_454' title='bbox 1832 3342 1873 3396; x_wconf 61' lang='grc' dir='ltr'><strong>ς</strong></span> <span class='ocrx_word' id='word_1_455' title='bbox 1906 3300 1999 3369; x_wconf 90' lang='lat' dir='ltr'><strong>qui</strong></span> <span class='ocrx_word' id='word_1_456' title='bbox 2056 3300 2165 3352; x_wconf 87' lang='lat' dir='ltr'><strong>illic</strong></span> <span class='ocrx_word' id='word_1_457' title='bbox 2218 3307 2396 3355; x_wconf 90' lang='lat' dir='ltr'><strong>erant.</strong></span> <span class='ocrx_word' id='word_1_458' title='bbox 2454 3299 2608 3365; x_wconf 85' lang='lat' dir='ltr'><strong>Quod</strong></span> <span class='ocrx_word' id='word_1_459' title='bbox 2651 3315 2777 3355; x_wconf 89' lang='lat' dir='ltr'><strong>cum</strong></span> <span class='ocrx_word' id='word_1_460' title='bbox 2826 3301 3028 3356; x_wconf 83' lang='lat' dir='ltr'><strong>factum</strong></span> <span class='ocrx_word' id='word_1_461' title='bbox 3075 3312 3249 3365; x_wconf 87' lang='lat' dir='ltr'><strong>esset,</strong></span> <span class='ocrx_word' id='word_1_462' title='bbox 3300 3304 3481 3358; x_wconf 88' lang='lat' dir='ltr'><strong>statim</strong></span> 
     </span>
    </p>
   </div>
   <div class='ocr_carea' id='block_1_62' title="bbox 230 3387 1894 3463">
    <p class='ocr_par' dir='ltr' id='par_1_62' title="bbox 230 3387 1871 3463">
     <span class='ocr_line' id='line_1_62' title="bbox 230 3387 1871 3463; baseline -0.006 -16"><span class='ocrx_word' id='word_1_463' title='bbox 230 3393 547 3463; x_wconf 67' lang='grc' dir='ltr'><strong>έξέρχομαι.</strong></span> <span class='ocrx_word' id='word_1_464' title='bbox 590 3391 809 3460; x_wconf 85' lang='grc' dir='ltr'><strong>Ὀγδόης</strong></span> <span class='ocrx_word' id='word_1_465' title='bbox 856 3390 955 3460; x_wconf 70' lang='grc' dir='ltr'><strong>ήδη</strong></span> <span class='ocrx_word' id='word_1_466' title='bbox 990 3387 1274 3458; x_wconf 82' lang='grc' dir='ltr'><strong>παρούσης</strong></span> <span class='ocrx_word' id='word_1_467' title='bbox 1320 3388 1530 3458; x_wconf 76' lang='grc' dir='ltr'><strong>ἡμέρας</strong></span> <span class='ocrx_word' id='word_1_468' title='bbox 1578 3388 1742 3456; x_wconf 83' lang='grc' dir='ltr'><strong>μέλαν</strong></span> <span class='ocrx_word' id='word_1_469' title='bbox 1775 3388 1802 3437; x_wconf 87' lang='grc' dir='ltr'><strong>ό</strong></span> <span class='ocrx_word' id='word_1_470' title='bbox 1840 3387 1871 3396; x_wconf 68' lang='grc'><strong><em>⁷</em></strong></span> 
     </span>
    </p>
   </div>
   <div class='ocr_carea' id='block_1_63' title="bbox 1816 3387 3480 3463">
    <p class='ocr_par' dir='ltr' id='par_1_63' title="bbox 1840 3387 3480 3463">
     <span class='ocr_line' id='line_1_63' title="bbox 1840 3387 3480 3463; baseline 0.005 -21"><span class='ocrx_word' id='word_1_471' title='bbox 1840 3387 1871 3396; x_wconf 68' lang='grc'><strong><em>⁷</em></strong></span> <span class='ocrx_word' id='word_1_472' title='bbox 1906 3392 2125 3459; x_wconf 88' lang='lat' dir='ltr'><strong>quidem</strong></span> <span class='ocrx_word' id='word_1_473' title='bbox 2172 3407 2297 3446; x_wconf 93' lang='lat' dir='ltr'><strong>eum</strong></span> <span class='ocrx_word' id='word_1_474' title='bbox 2352 3394 2503 3446; x_wconf 90' lang='lat' dir='ltr'><strong>humi</strong></span> <span class='ocrx_word' id='word_1_475' title='bbox 2534 3394 2665 3463; x_wconf 89' lang='lat' dir='ltr'><strong>jacit</strong></span> <span class='ocrx_word' id='word_1_476' title='bbox 2696 3409 2896 3448; x_wconf 66' lang='lat' dir='ltr'><strong>saevum</strong></span> <span class='ocrx_word' id='word_1_477' title='bbox 2923 3395 3277 3459; x_wconf 69' lang='lat' dir='ltr'><strong>daemonium,</strong></span> <span class='ocrx_word' id='word_1_478' title='bbox 3324 3411 3480 3450; x_wconf 89' lang='lat' dir='ltr'><strong>eum-</strong></span> 
     </span>
    </p>
   </div>
   <div class='ocr_carea' id='block_1_64' title="bbox 229 3476 1893 3559">
    <p class='ocr_par' dir='ltr' id='par_1_64' title="bbox 229 3476 1804 3554">
     <span class='ocr_line' id='line_1_64' title="bbox 229 3476 1804 3554; baseline -0.004 -16"><span class='ocrx_word' id='word_1_479' title='bbox 229 3484 501 3554; x_wconf 88' lang='grc' dir='ltr'><strong>δαιμονῶν</strong></span> <span class='ocrx_word' id='word_1_480' title='bbox 550 3482 815 3551; x_wconf 62' lang='grc' dir='ltr'><strong>ἐξεμέσας</strong></span> <span class='ocrx_word' id='word_1_481' title='bbox 861 3476 1001 3549; x_wconf 77' lang='grc' dir='ltr'><strong>αἷμα</strong></span> <span class='ocrx_word' id='word_1_482' title='bbox 1036 3482 1129 3532; x_wconf 71' lang='grc' dir='ltr'><strong>καὶ</strong></span> <span class='ocrx_word' id='word_1_483' title='bbox 1175 3480 1423 3545; x_wconf 83' lang='grc' dir='ltr'><strong>πεπηγὸς</strong></span> <span class='ocrx_word' id='word_1_484' title='bbox 1465 3478 1651 3547; x_wconf 83' lang='grc' dir='ltr'><strong>εὐχαῖς</strong></span> <span class='ocrx_word' id='word_1_485' title='bbox 1687 3478 1804 3531; x_wconf 69' lang='lat' dir='ltr'><strong>Itiro</strong></span> 
     </span>
    </p>
   </div>
   <div class='ocr_carea' id='block_1_65' title="bbox 1820 3476 3484 3559">
    <p class='ocr_par' dir='ltr' id='par_1_65' title="bbox 1907 3482 3484 3559">
     <span class='ocr_line' id='line_1_65' title="bbox 1907 3482 3484 3559; baseline 0.008 -29"><span class='ocrx_word' id='word_1_486' title='bbox 1907 3498 2012 3551; x_wconf 82' lang='lat' dir='ltr'><strong>que</strong></span> <span class='ocrx_word' id='word_1_487' title='bbox 2052 3482 2209 3537; x_wconf 85' lang='lat' dir='ltr'><strong>valde</strong></span> <span class='ocrx_word' id='word_1_488' title='bbox 2274 3484 2444 3537; x_wconf 90' lang='lat' dir='ltr'><strong>laniat</strong></span> <span class='ocrx_word' id='word_1_489' title='bbox 2474 3499 2537 3537; x_wconf 89' lang='lat' dir='ltr'><strong>ac</strong></span> <span class='ocrx_word' id='word_1_490' title='bbox 2588 3485 2811 3539; x_wconf 85' lang='lat' dir='ltr'><strong>lacerat.</strong></span> <span class='ocrx_word' id='word_1_491' title='bbox 2849 3486 3052 3540; x_wconf 83' lang='lat' dir='ltr'><strong>Deinde</strong></span> <span class='ocrx_word' id='word_1_492' title='bbox 3109 3502 3299 3556; x_wconf 85' lang='lat' dir='ltr'><strong>magna</strong></span> <span class='ocrx_word' id='word_1_493' title='bbox 3351 3502 3484 3559; x_wconf 71' lang='lat' dir='ltr'><strong>voce</strong></span> 
     </span>
    </p>
   </div>
   <div class='ocr_carea' id='block_1_66' title="bbox 229 3569 1893 3649">
    <p class='ocr_par' dir='ltr' id='par_1_66' title="bbox 229 3569 1802 3644">
     <span class='ocr_line' id='line_1_66' title="bbox 229 3569 1802 3644; baseline -0.004 -14"><span class='ocrx_word' id='word_1_494' title='bbox 229 3576 327 3631; x_wconf 82' lang='grc' dir='ltr'><strong>τοῦ</strong></span> <span class='ocrx_word' id='word_1_495' title='bbox 377 3574 621 3644; x_wconf 76' lang='grc' dir='ltr'><strong>ἀοιδίμου</strong></span> <span class='ocrx_word' id='word_1_496' title='bbox 668 3572 902 3642; x_wconf 57' lang='grc' dir='ltr'><strong>Πατρὶς,</strong></span> <span class='ocrx_word' id='word_1_497' title='bbox 956 3571 1050 3625; x_wconf 77' lang='grc' dir='ltr'><strong>καὶ</strong></span> <span class='ocrx_word' id='word_1_498' title='bbox 1099 3569 1263 3637; x_wconf 79' lang='grc' dir='ltr'><strong>ὑγιῶς</strong></span> <span class='ocrx_word' id='word_1_499' title='bbox 1298 3569 1435 3639; x_wconf 74' lang='grc' dir='ltr'><strong>έχων</strong></span> <span class='ocrx_word' id='word_1_500' title='bbox 1480 3569 1557 3639; x_wconf 83' lang='grc' dir='ltr'><strong>τῷ</strong></span> <span class='ocrx_word' id='word_1_501' title='bbox 1611 3569 1802 3623; x_wconf 69' lang='grc' dir='ltr'><strong>ἑαυτοῦ</strong></span> 
     </span>
    </p>
   </div>
   <div class='ocr_carea' id='block_1_67' title="bbox 1820 3569 3484 3649">
    <p class='ocr_par' dir='ltr' id='par_1_67' title="bbox 1908 3574 3484 3649">
     <span class='ocr_line' id='line_1_67' title="bbox 1908 3574 3484 3649; baseline 0.003 -22"><span class='ocrx_word' id='word_1_502' title='bbox 1908 3588 2032 3627; x_wconf 93' lang='lat' dir='ltr'><strong>cum</strong></span> <span class='ocrx_word' id='word_1_503' title='bbox 2067 3574 2215 3628; x_wconf 91' lang='lat' dir='ltr'><strong>luctu</strong></span> <span class='ocrx_word' id='word_1_504' title='bbox 2276 3576 2496 3639; x_wconf 87' lang='lat' dir='ltr'><strong>clamat,</strong></span> <span class='ocrx_word' id='word_1_505' title='bbox 2542 3577 2806 3646; x_wconf 74' lang='lat' dir='ltr'><strong>Egredior</strong></span> <span class='ocrx_word' id='word_1_506' title='bbox 2864 3578 2991 3643; x_wconf 88' lang='lat' dir='ltr'><strong>heu,</strong></span> <span class='ocrx_word' id='word_1_507' title='bbox 3034 3578 3231 3647; x_wconf 87' lang='lat' dir='ltr'><strong>inquit.</strong></span> <span class='ocrx_word' id='word_1_508' title='bbox 3270 3580 3484 3649; x_wconf 83' lang='lat' dir='ltr'><strong>egredi-</strong></span> 
     </span>
    </p>
   </div>
   <div class='ocr_carea' id='block_1_68' title="bbox 233 3659 1897 3737">
    <p class='ocr_par' dir='ltr' id='par_1_68' title="bbox 233 3659 1804 3737">
     <span class='ocr_line' id='line_1_68' title="bbox 233 3659 1804 3737; baseline -0.006 -15"><span class='ocrx_word' id='word_1_509' title='bbox 233 3667 403 3736; x_wconf 78' lang='grc' dir='ltr'><strong>πατρὶ</strong></span> <span class='ocrx_word' id='word_1_510' title='bbox 428 3664 800 3737; x_wconf 83' lang='grc' dir='ltr'><strong>παραδίδοται.</strong></span> <span class='ocrx_word' id='word_1_511' title='bbox 846 3663 904 3715; x_wconf 87' lang='lat'><strong>&#39;0</strong></span> <span class='ocrx_word' id='word_1_512' title='bbox 938 3663 992 3715; x_wconf 69' lang='grc' dir='ltr'><strong>δὲ</strong></span> <span class='ocrx_word' id='word_1_513' title='bbox 1036 3661 1127 3715; x_wconf 62' lang='grc' dir='ltr'><strong>τὸν</strong></span> <span class='ocrx_word' id='word_1_514' title='bbox 1160 3661 1321 3713; x_wconf 85' lang='grc' dir='ltr'><strong>παῖδα</strong></span> <span class='ocrx_word' id='word_1_515' title='bbox 1370 3659 1550 3713; x_wconf 75' lang='grc' dir='ltr'><strong>λαϐὼν</strong></span> <span class='ocrx_word' id='word_1_516' title='bbox 1596 3664 1660 3730; x_wconf 77' lang='grc' dir='ltr'><strong>τῇ</strong></span> <span class='ocrx_word' id='word_1_517' title='bbox 1707 3661 1804 3725; x_wconf 74' lang='grc' dir='ltr'><strong>μὶν</strong></span> 
     </span>
    </p>
   </div>
   <div class='ocr_carea' id='block_1_69' title="bbox 1821 3659 3485 3737">
    <p class='ocr_par' dir='ltr' id='par_1_69' title="bbox 1905 3664 3485 3735">
     <span class='ocr_line' id='line_1_69' title="bbox 1905 3664 3485 3735; baseline 0.006 -19"><span class='ocrx_word' id='word_1_518' title='bbox 1905 3678 1987 3717; x_wconf 92' lang='lat' dir='ltr'><strong>or.</strong></span> <span class='ocrx_word' id='word_1_519' title='bbox 2027 3664 2162 3717; x_wconf 82' lang='lat' dir='ltr'><strong>Cum</strong></span> <span class='ocrx_word' id='word_1_520' title='bbox 2207 3664 2326 3718; x_wconf 87' lang='lat' dir='ltr'><strong>dies</strong></span> <span class='ocrx_word' id='word_1_521' title='bbox 2349 3666 2459 3735; x_wconf 90' lang='lat' dir='ltr'><strong>jam</strong></span> <span class='ocrx_word' id='word_1_522' title='bbox 2496 3665 2717 3720; x_wconf 87' lang='lat' dir='ltr'><strong>adesset</strong></span> <span class='ocrx_word' id='word_1_523' title='bbox 2770 3677 3015 3733; x_wconf 84' lang='lat' dir='ltr'><strong>octavus,</strong></span> <span class='ocrx_word' id='word_1_524' title='bbox 3064 3670 3155 3722; x_wconf 92' lang='lat' dir='ltr'><strong>ubi</strong></span> <span class='ocrx_word' id='word_1_525' title='bbox 3190 3671 3485 3725; x_wconf 69' lang='lat' dir='ltr'><strong>daemonia-</strong></span> 
     </span>
    </p>
   </div>
   <div class='ocr_carea' id='block_1_70' title="bbox 229 3750 1893 3829">
    <p class='ocr_par' dir='ltr' id='par_1_70' title="bbox 229 3750 1801 3828">
     <span class='ocr_line' id='line_1_70' title="bbox 229 3750 1801 3828; baseline -0.003 -19"><span class='ocrx_word' id='word_1_526' title='bbox 229 3759 446 3828; x_wconf 72' lang='grc' dir='ltr'><strong>γλώττῃ</strong></span> <span class='ocrx_word' id='word_1_527' title='bbox 483 3758 618 3827; x_wconf 73' lang='grc' dir='ltr'><strong>πρὸς</strong></span> <span class='ocrx_word' id='word_1_528' title='bbox 653 3756 1005 3825; x_wconf 75' lang='grc' dir='ltr'><strong>εὐχαριστίαν</strong></span> <span class='ocrx_word' id='word_1_529' title='bbox 1054 3754 1273 3823; x_wconf 69' lang='grc' dir='ltr'><strong>εχρῆτο,</strong></span> <span class='ocrx_word' id='word_1_530' title='bbox 1314 3755 1425 3815; x_wconf 90' lang='grc' dir='ltr'><strong>τοῖς</strong></span> <span class='ocrx_word' id='word_1_531' title='bbox 1479 3752 1707 3823; x_wconf 84' lang='grc' dir='ltr'><strong>δάκρυσι</strong></span> <span class='ocrx_word' id='word_1_532' title='bbox 1746 3750 1801 3805; x_wconf 71' lang='grc' dir='ltr'><strong>δὲ</strong></span> 
     </span>
    </p>
   </div>
   <div class='ocr_carea' id='block_1_71' title="bbox 1816 3750 3480 3829">
    <p class='ocr_par' dir='ltr' id='par_1_71' title="bbox 1904 3757 3480 3829">
     <span class='ocr_line' id='line_1_71' title="bbox 1904 3757 3480 3829; baseline 0.002 -20"><span class='ocrx_word' id='word_1_533' title='bbox 1904 3771 2003 3810; x_wconf 89' lang='lat' dir='ltr'><strong>cus</strong></span> <span class='ocrx_word' id='word_1_534' title='bbox 2053 3757 2267 3827; x_wconf 88' lang='lat' dir='ltr'><strong>nigrum</strong></span> <span class='ocrx_word' id='word_1_535' title='bbox 2302 3767 2356 3811; x_wconf 89' lang='lat' dir='ltr'><strong>et</strong></span> <span class='ocrx_word' id='word_1_536' title='bbox 2395 3767 2712 3811; x_wconf 89' lang='lat' dir='ltr'><strong>concretum</strong></span> <span class='ocrx_word' id='word_1_537' title='bbox 2762 3759 3092 3813; x_wconf 87' lang='lat' dir='ltr'><strong>evomuisset</strong></span> <span class='ocrx_word' id='word_1_538' title='bbox 3136 3762 3480 3829; x_wconf 86' lang='lat' dir='ltr'><strong>sanguinem,</strong></span> 
     </span>
    </p>
   </div>
   <div class='ocr_carea' id='block_1_72' title="bbox 230 3844 1894 3919">
    <p class='ocr_par' dir='ltr' id='par_1_72' title="bbox 230 3844 1802 3919">
     <span class='ocr_line' id='line_1_72' title="bbox 230 3844 1802 3919; baseline -0.004 -18"><span class='ocrx_word' id='word_1_539' title='bbox 230 3851 371 3919; x_wconf 77' lang='grc' dir='ltr'><strong>πρὸς</strong></span> <span class='ocrx_word' id='word_1_540' title='bbox 410 3849 605 3919; x_wconf 83' lang='grc' dir='ltr'><strong>χαράν.</strong></span> <span class='ocrx_word' id='word_1_541' title='bbox 640 3848 796 3899; x_wconf 82' lang='grc' dir='ltr'><strong>Ἐστι</strong></span> <span class='ocrx_word' id='word_1_542' title='bbox 841 3848 945 3915; x_wconf 82' lang='grc' dir='ltr'><strong>γὰρ</strong></span> <span class='ocrx_word' id='word_1_543' title='bbox 973 3847 1066 3898; x_wconf 73' lang='grc' dir='ltr'><strong>καὶ</strong></span> <span class='ocrx_word' id='word_1_544' title='bbox 1096 3845 1289 3914; x_wconf 68' lang='grc' dir='ltr'><strong>ἡδονῆς</strong></span> <span class='ocrx_word' id='word_1_545' title='bbox 1322 3845 1553 3915; x_wconf 80' lang='grc' dir='ltr'><strong>δάκρυα,</strong></span> <span class='ocrx_word' id='word_1_546' title='bbox 1588 3846 1714 3896; x_wconf 75' lang='grc' dir='ltr'><strong>ὅταν</strong></span> <span class='ocrx_word' id='word_1_547' title='bbox 1745 3844 1802 3908; x_wconf 61' lang='grc' dir='ltr'><strong>ἐξ</strong></span> 
     </span>
    </p>
   </div>
   <div class='ocr_carea' id='block_1_73' title="bbox 1818 3844 3482 3919">
    <p class='ocr_par' dir='ltr' id='par_1_73' title="bbox 1904 3846 3482 3919">
     <span class='ocr_line' id='line_1_73' title="bbox 1904 3846 3482 3919; baseline 0.004 -20"><span class='ocrx_word' id='word_1_548' title='bbox 1904 3847 2127 3917; x_wconf 87' lang='lat' dir='ltr'><strong>gloriosi</strong></span> <span class='ocrx_word' id='word_1_549' title='bbox 2184 3846 2363 3902; x_wconf 85' lang='lat' dir='ltr'><strong>Patris</strong></span> <span class='ocrx_word' id='word_1_550' title='bbox 2412 3860 2637 3905; x_wconf 86' lang='lat' dir='ltr'><strong>sanatus</strong></span> <span class='ocrx_word' id='word_1_551' title='bbox 2670 3858 2754 3902; x_wconf 89' lang='lat' dir='ltr'><strong>est</strong></span> <span class='ocrx_word' id='word_1_552' title='bbox 2812 3849 3090 3919; x_wconf 83' lang='lat' dir='ltr'><strong>precibus,</strong></span> <span class='ocrx_word' id='word_1_553' title='bbox 3138 3858 3194 3903; x_wconf 91' lang='lat' dir='ltr'><strong>et</strong></span> <span class='ocrx_word' id='word_1_554' title='bbox 3232 3866 3399 3905; x_wconf 85' lang='lat' dir='ltr'><strong>sanus</strong></span> <span class='ocrx_word' id='word_1_555' title='bbox 3426 3861 3482 3906; x_wconf 91' lang='lat' dir='ltr'><strong>et</strong></span> 
     </span>
    </p>
   </div>
   <div class='ocr_carea' id='block_1_74' title="bbox 227 3936 1891 4011">
    <p class='ocr_par' dir='ltr' id='par_1_74' title="bbox 227 3936 1802 4011">
     <span class='ocr_line' id='line_1_74' title="bbox 227 3936 1802 4011; baseline -0.005 -14"><span class='ocrx_word' id='word_1_556' title='bbox 227 3942 407 4011; x_wconf 74' lang='grc' dir='ltr'><strong>ἄκρας</strong></span> <span class='ocrx_word' id='word_1_557' title='bbox 440 3940 674 4010; x_wconf 72' lang='grc' dir='ltr'><strong>ἀθυμίας</strong></span> <span class='ocrx_word' id='word_1_558' title='bbox 713 3939 887 4009; x_wconf 76' lang='grc' dir='ltr'><strong>χαρᾶς</strong></span> <span class='ocrx_word' id='word_1_559' title='bbox 916 3939 1221 4008; x_wconf 83' lang='grc' dir='ltr'><strong>ἀκρότητες</strong></span> <span class='ocrx_word' id='word_1_560' title='bbox 1266 3938 1362 4005; x_wconf 79' lang='grc' dir='ltr'><strong>τὴν</strong></span> <span class='ocrx_word' id='word_1_561' title='bbox 1392 3937 1570 4007; x_wconf 81' lang='grc' dir='ltr'><strong>ψυχὴν</strong></span> <span class='ocrx_word' id='word_1_562' title='bbox 1605 3936 1802 3989; x_wconf 56' lang='lat' dir='ltr'><strong>aus-.6-</strong></span> 
     </span>
    </p>
   </div>
   <div class='ocr_carea' id='block_1_75' title="bbox 1816 3936 3480 4011">
    <p class='ocr_par' dir='ltr' id='par_1_75' title="bbox 1906 3940 3480 4010">
     <span class='ocr_line' id='line_1_75' title="bbox 1906 3940 3480 4010; baseline 0.003 -18"><span class='ocrx_word' id='word_1_563' title='bbox 1906 3948 2052 3993; x_wconf 90' lang='lat' dir='ltr'><strong>recte</strong></span> <span class='ocrx_word' id='word_1_564' title='bbox 2084 3953 2141 3993; x_wconf 85' lang='lat' dir='ltr'><strong>se</strong></span> <span class='ocrx_word' id='word_1_565' title='bbox 2169 3940 2377 3994; x_wconf 90' lang='lat' dir='ltr'><strong>habens</strong></span> <span class='ocrx_word' id='word_1_566' title='bbox 2400 3955 2499 3994; x_wconf 91' lang='lat' dir='ltr'><strong>suo</strong></span> <span class='ocrx_word' id='word_1_567' title='bbox 2560 3941 2700 4010; x_wconf 83' lang='lat' dir='ltr'><strong>patri</strong></span> <span class='ocrx_word' id='word_1_568' title='bbox 2732 3949 2816 3994; x_wconf 89' lang='lat' dir='ltr'><strong>est</strong></span> <span class='ocrx_word' id='word_1_569' title='bbox 2875 3941 3123 3997; x_wconf 88' lang='lat' dir='ltr'><strong>traditus.</strong></span> <span class='ocrx_word' id='word_1_570' title='bbox 3157 3942 3252 3995; x_wconf 88' lang='lat' dir='ltr'><strong>Ille</strong></span> <span class='ocrx_word' id='word_1_571' title='bbox 3296 3951 3480 3996; x_wconf 90' lang='lat' dir='ltr'><strong>autem</strong></span> 
     </span>
    </p>
   </div>
   <div class='ocr_carea' id='block_1_76' title="bbox 232 4029 1896 4102">
    <p class='ocr_par' dir='ltr' id='par_1_76' title="bbox 232 4029 1802 4099">
     <span class='ocr_line' id='line_1_76' title="bbox 232 4029 1802 4099; baseline -0.003 -14"><span class='ocrx_word' id='word_1_572' title='bbox 232 4049 325 4085; x_wconf 87' lang='grc' dir='ltr'><strong>σαι</strong></span> <span class='ocrx_word' id='word_1_573' title='bbox 355 4031 415 4084; x_wconf 74' lang='grc' dir='ltr'><strong>τὸ</strong></span> <span class='ocrx_word' id='word_1_574' title='bbox 447 4032 763 4099; x_wconf 81' lang='grc' dir='ltr'><strong>πιεζόμενον</strong></span> <span class='ocrx_word' id='word_1_575' title='bbox 810 4030 968 4097; x_wconf 86' lang='grc' dir='ltr'><strong>νέφος</strong></span> <span class='ocrx_word' id='word_1_576' title='bbox 1013 4029 1172 4091; x_wconf 79' lang='grc' dir='ltr'><strong>εὐθὺς</strong></span> <span class='ocrx_word' id='word_1_577' title='bbox 1202 4030 1426 4093; x_wconf 84' lang='grc' dir='ltr'><strong>λύσωσι,</strong></span> <span class='ocrx_word' id='word_1_578' title='bbox 1465 4030 1559 4081; x_wconf 83' lang='grc' dir='ltr'><strong>καὶ</strong></span> <span class='ocrx_word' id='word_1_579' title='bbox 1597 4031 1662 4099; x_wconf 78' lang='grc' dir='ltr'><strong>τῇ</strong></span> <span class='ocrx_word' id='word_1_580' title='bbox 1694 4029 1802 4081; x_wconf 88' lang='grc' dir='ltr'><strong>τῶν</strong></span> 
     </span>
    </p>
   </div>
   <div class='ocr_carea' id='block_1_77' title="bbox 1814 4029 3478 4102">
    <p class='ocr_par' dir='ltr' id='par_1_77' title="bbox 1904 4030 3478 4102">
     <span class='ocr_line' id='line_1_77' title="bbox 1904 4030 3478 4102; baseline 0.002 -17"><span class='ocrx_word' id='word_1_581' title='bbox 1904 4046 2027 4085; x_wconf 91' lang='lat' dir='ltr'><strong>cum</strong></span> <span class='ocrx_word' id='word_1_582' title='bbox 2067 4032 2368 4101; x_wconf 88' lang='lat' dir='ltr'><strong>accepisset</strong></span> <span class='ocrx_word' id='word_1_583' title='bbox 2402 4030 2594 4096; x_wconf 76' lang='lat' dir='ltr'><strong>lilium,</strong></span> <span class='ocrx_word' id='word_1_584' title='bbox 2641 4033 2826 4102; x_wconf 88' lang='lat' dir='ltr'><strong>lingua</strong></span> <span class='ocrx_word' id='word_1_585' title='bbox 2849 4033 3071 4101; x_wconf 85' lang='lat' dir='ltr'><strong>quidem</strong></span> <span class='ocrx_word' id='word_1_586' title='bbox 3117 4034 3370 4088; x_wconf 84' lang='lat' dir='ltr'><strong>utebatur</strong></span> <span class='ocrx_word' id='word_1_587' title='bbox 3411 4034 3478 4087; x_wconf 90' lang='lat' dir='ltr'><strong>ad</strong></span> 
     </span>
    </p>
   </div>
   <div class='ocr_carea' id='block_1_78' title="bbox 227 4120 1891 4194">
    <p class='ocr_par' dir='ltr' id='par_1_78' title="bbox 227 4120 1891 4194">
     <span class='ocr_line' id='line_1_78' title="bbox 227 4120 1891 4194; baseline -0.005 -15"><span class='ocrx_word' id='word_1_588' title='bbox 227 4123 483 4194; x_wconf 81' lang='grc' dir='ltr'><strong>δακρύων</strong></span> <span class='ocrx_word' id='word_1_589' title='bbox 511 4124 713 4191; x_wconf 72' lang='grc' dir='ltr'><strong>φυσικῇ</strong></span> <span class='ocrx_word' id='word_1_590' title='bbox 739 4122 915 4174; x_wconf 79' lang='grc' dir='ltr'><strong>λιϐἀδι</strong></span> <span class='ocrx_word' id='word_1_591' title='bbox 948 4122 1044 4173; x_wconf 78' lang='grc' dir='ltr'><strong>σὺν</strong></span> <span class='ocrx_word' id='word_1_592' title='bbox 1070 4122 1226 4191; x_wconf 79' lang='grc' dir='ltr'><strong>ἡδονῇ</strong></span> <span class='ocrx_word' id='word_1_593' title='bbox 1259 4123 1589 4190; x_wconf 78' lang='grc' dir='ltr'><strong>χρήσωνται.</strong></span> <span class='ocrx_word' id='word_1_594' title='bbox 1616 4120 1800 4184; x_wconf 76' lang='grc' dir='ltr'><strong>Οὕτως</strong></span> <span class='ocrx_word' id='word_1_595' title='bbox 1883 4139 1891 4148; x_wconf 90' lang='grc'><strong>·</strong></span> 
     </span>
    </p>
   </div>
   <div class='ocr_carea' id='block_1_79' title="bbox 1814 4120 3478 4194">
    <p class='ocr_par' dir='ltr' id='par_1_79' title="bbox 1883 4123 3478 4194">
     <span class='ocr_line' id='line_1_79' title="bbox 1883 4123 3478 4194; baseline 0.001 -16"><span class='ocrx_word' id='word_1_596' title='bbox 1883 4139 1891 4148; x_wconf 93' lang='grc'><strong>·</strong></span> <span class='ocrx_word' id='word_1_597' title='bbox 1905 4123 2142 4194; x_wconf 86' lang='lat' dir='ltr'><strong>agendas</strong></span> <span class='ocrx_word' id='word_1_598' title='bbox 2158 4124 2645 4194; x_wconf 68' lang='lat' dir='ltr'><strong>gratiasJacrymis</strong></span> <span class='ocrx_word' id='word_1_599' title='bbox 2658 4139 2786 4178; x_wconf 84' lang='lat' dir='ltr'><strong>vero</strong></span> <span class='ocrx_word' id='word_1_600' title='bbox 2800 4123 2865 4178; x_wconf 90' lang='lat' dir='ltr'><strong>ad</strong></span> <span class='ocrx_word' id='word_1_601' title='bbox 2891 4126 3154 4179; x_wconf 64' lang='lat' dir='ltr'><strong>laetitiam.</strong></span> <span class='ocrx_word' id='word_1_602' title='bbox 3180 4126 3318 4180; x_wconf 90' lang='lat' dir='ltr'><strong>Sunt</strong></span> <span class='ocrx_word' id='word_1_603' title='bbox 3335 4126 3478 4182; x_wconf 86' lang='lat' dir='ltr'><strong>enim</strong></span> 
     </span>
    </p>
   </div>
   <div class='ocr_carea' id='block_1_80' title="bbox 228 4209 1892 4287">
    <p class='ocr_par' dir='ltr' id='par_1_80' title="bbox 228 4209 1800 4281">
     <span class='ocr_line' id='line_1_80' title="bbox 228 4209 1800 4281; baseline -0.004 -12"><span class='ocrx_word' id='word_1_604' title='bbox 228 4218 262 4269; x_wconf 78' lang='grc' dir='ltr'>ὁ</span> <span class='ocrx_word' id='word_1_605' title='bbox 292 4215 420 4277; x_wconf 75' lang='grc' dir='ltr'><strong>παῖς</strong></span> <span class='ocrx_word' id='word_1_606' title='bbox 449 4214 548 4266; x_wconf 74' lang='grc' dir='ltr'><strong>οὐκ</strong></span> <span class='ocrx_word' id='word_1_607' title='bbox 582 4215 725 4265; x_wconf 75' lang='grc' dir='ltr'><strong>ίᾶται</strong></span> <span class='ocrx_word' id='word_1_608' title='bbox 757 4210 917 4281; x_wconf 88' lang='grc' dir='ltr'><strong>μόνον</strong></span> <span class='ocrx_word' id='word_1_609' title='bbox 950 4209 1042 4263; x_wconf 85' lang='grc' dir='ltr'><strong>τοῦ</strong></span> <span class='ocrx_word' id='word_1_610' title='bbox 1078 4210 1312 4278; x_wconf 85' lang='grc' dir='ltr'><strong>πονηροῦ</strong></span> <span class='ocrx_word' id='word_1_611' title='bbox 1346 4210 1617 4279; x_wconf 82' lang='grc' dir='ltr'><strong>δαίμονος,</strong></span> <span class='ocrx_word' id='word_1_612' title='bbox 1664 4209 1800 4262; x_wconf 68' lang='grc' dir='ltr'><strong>ἀλλὰ</strong></span> 
     </span>
    </p>
   </div>
   <div class='ocr_carea' id='block_1_81' title="bbox 1820 4209 3484 4287">
    <p class='ocr_par' dir='ltr' id='par_1_81' title="bbox 1900 4216 3484 4287">
     <span class='ocr_line' id='line_1_81' title="bbox 1900 4216 3484 4287; baseline 0.002 -20"><span class='ocrx_word' id='word_1_613' title='bbox 1900 4216 2062 4268; x_wconf 89' lang='lat' dir='ltr'><strong>etiam</strong></span> <span class='ocrx_word' id='word_1_614' title='bbox 2085 4216 2285 4269; x_wconf 61' lang='lat' dir='ltr'><strong>latitia:</strong></span> <span class='ocrx_word' id='word_1_615' title='bbox 2308 4217 2581 4286; x_wconf 66' lang='lat' dir='ltr'><strong>lacrymae,</strong></span> <span class='ocrx_word' id='word_1_616' title='bbox 2604 4218 2823 4285; x_wconf 88' lang='lat' dir='ltr'><strong>quando</strong></span> <span class='ocrx_word' id='word_1_617' title='bbox 2845 4231 3111 4270; x_wconf 87' lang='lat' dir='ltr'><strong>summam</strong></span> <span class='ocrx_word' id='word_1_618' title='bbox 3128 4218 3304 4271; x_wconf 89' lang='lat' dir='ltr'><strong>animi</strong></span> <span class='ocrx_word' id='word_1_619' title='bbox 3328 4218 3484 4287; x_wconf 61' lang='lat' dir='ltr'><strong>aegri-</strong></span> 
     </span>
    </p>
   </div>
   <div class='ocr_carea' id='block_1_82' title="bbox 230 4300 1894 4379">
    <p class='ocr_par' dir='ltr' id='par_1_82' title="bbox 230 4300 1798 4372">
     <span class='ocr_line' id='line_1_82' title="bbox 230 4300 1798 4372; baseline -0.005 -11"><span class='ocrx_word' id='word_1_620' title='bbox 230 4308 328 4361; x_wconf 73' lang='grc' dir='ltr'><strong>καὶ</strong></span> <span class='ocrx_word' id='word_1_621' title='bbox 358 4306 496 4358; x_wconf 81' lang='grc' dir='ltr'><strong>κατὰ</strong></span> <span class='ocrx_word' id='word_1_622' title='bbox 543 4303 810 4372; x_wconf 86' lang='grc' dir='ltr'><strong>δαιμόνων</strong></span> <span class='ocrx_word' id='word_1_623' title='bbox 841 4302 1002 4364; x_wconf 77' lang='grc' dir='ltr'><strong>εὐθὺς</strong></span> <span class='ocrx_word' id='word_1_624' title='bbox 1050 4301 1336 4365; x_wconf 78' lang='grc' dir='ltr'><strong>ὁπλίζεται</strong></span> <span class='ocrx_word' id='word_1_625' title='bbox 1370 4300 1449 4371; x_wconf 82' lang='grc' dir='ltr'><strong>τῷ</strong></span> <span class='ocrx_word' id='word_1_626' title='bbox 1489 4300 1607 4371; x_wconf 84' lang='grc' dir='ltr'><strong>Θεῷ</strong></span> <span class='ocrx_word' id='word_1_627' title='bbox 1638 4302 1798 4353; x_wconf 77' lang='grc' dir='ltr'><strong>αὑτὸν</strong></span> 
     </span>
    </p>
   </div>
   <div class='ocr_carea' id='block_1_83' title="bbox 1818 4300 3482 4379">
    <p class='ocr_par' dir='ltr' id='par_1_83' title="bbox 1901 4307 3482 4379">
     <span class='ocr_line' id='line_1_83' title="bbox 1901 4307 3482 4379; baseline 0.003 -20"><span class='ocrx_word' id='word_1_628' title='bbox 1901 4307 2149 4360; x_wconf 82' lang='lat' dir='ltr'><strong>tudinem</strong></span> <span class='ocrx_word' id='word_1_629' title='bbox 2183 4322 2408 4361; x_wconf 72' lang='lat' dir='ltr'><strong>summae</strong></span> <span class='ocrx_word' id='word_1_630' title='bbox 2459 4308 2798 4377; x_wconf 77' lang='lat' dir='ltr'><strong>excipientes</strong></span> <span class='ocrx_word' id='word_1_631' title='bbox 2851 4308 3071 4369; x_wconf 68' lang='lat' dir='ltr'><strong>latitia,</strong></span> <span class='ocrx_word' id='word_1_632' title='bbox 3104 4309 3306 4363; x_wconf 87' lang='lat' dir='ltr'><strong>nubem</strong></span> <span class='ocrx_word' id='word_1_633' title='bbox 3359 4324 3482 4379; x_wconf 69' lang='lat' dir='ltr'><strong>qua</strong></span> 
     </span>
    </p>
   </div>
   <div class='ocr_carea' id='block_1_84' title="bbox 227 4391 1891 4469">
    <p class='ocr_par' dir='ltr' id='par_1_84' title="bbox 227 4391 1798 4464">
     <span class='ocr_line' id='line_1_84' title="bbox 227 4391 1798 4464; baseline -0.004 -14"><span class='ocrx_word' id='word_1_634' title='bbox 227 4397 326 4450; x_wconf 79' lang='grc' dir='ltr'><strong>τοῦ</strong></span> <span class='ocrx_word' id='word_1_635' title='bbox 355 4397 563 4464; x_wconf 56' lang='lat' dir='ltr'><strong>nam;</strong></span> <span class='ocrx_word' id='word_1_636' title='bbox 592 4395 727 4463; x_wconf 78' lang='grc' dir='ltr'><strong>μετὰ</strong></span> <span class='ocrx_word' id='word_1_637' title='bbox 760 4393 856 4463; x_wconf 73' lang='grc' dir='ltr'><strong>τὴν</strong></span> <span class='ocrx_word' id='word_1_638' title='bbox 895 4391 1191 4462; x_wconf 74' lang='grc' dir='ltr'><strong>θεραπείαν</strong></span> <span class='ocrx_word' id='word_1_639' title='bbox 1222 4391 1677 4463; x_wconf 79' lang='grc' dir='ltr'><strong>καθιερώσαντος,</strong></span> <span class='ocrx_word' id='word_1_640' title='bbox 1702 4393 1798 4445; x_wconf 79' lang='grc' dir='ltr'><strong>καὶ</strong></span> 
     </span>
    </p>
   </div>
   <div class='ocr_carea' id='block_1_85' title="bbox 1820 4391 3484 4469">
    <p class='ocr_par' dir='ltr' id='par_1_85' title="bbox 1899 4398 3484 4469">
     <span class='ocr_line' id='line_1_85' title="bbox 1899 4398 3484 4469; baseline 0.001 -18"><span class='ocrx_word' id='word_1_641' title='bbox 1899 4398 2207 4467; x_wconf 87' lang='lat' dir='ltr'><strong>premebat.</strong></span> <span class='ocrx_word' id='word_1_642' title='bbox 2247 4399 2500 4469; x_wconf 88' lang='lat' dir='ltr'><strong>protinus</strong></span> <span class='ocrx_word' id='word_1_643' title='bbox 2573 4398 2926 4467; x_wconf 90' lang='lat' dir='ltr'><strong>depulerint,</strong></span> <span class='ocrx_word' id='word_1_644' title='bbox 2980 4409 3037 4454; x_wconf 89' lang='lat' dir='ltr'><strong>et</strong></span> <span class='ocrx_word' id='word_1_645' title='bbox 3091 4400 3325 4454; x_wconf 88' lang='lat' dir='ltr'><strong>naturali</strong></span> <span class='ocrx_word' id='word_1_646' title='bbox 3382 4400 3484 4453; x_wconf 84' lang='lat' dir='ltr'><strong>Ilu-</strong></span> 
     </span>
    </p>
   </div>
   <div class='ocr_carea' id='block_1_86' title="bbox 226 4480 1890 4558">
    <p class='ocr_par' dir='ltr' id='par_1_86' title="bbox 226 4480 1799 4555">
     <span class='ocr_line' id='line_1_86' title="bbox 226 4480 1799 4555; baseline -0.004 -16"><span class='ocrx_word' id='word_1_647' title='bbox 226 4488 293 4539; x_wconf 71' lang='grc' dir='ltr'><strong>τδ</strong></span> <span class='ocrx_word' id='word_1_648' title='bbox 335 4487 445 4538; x_wconf 88' lang='grc' dir='ltr'><strong>τῶν</strong></span> <span class='ocrx_word' id='word_1_649' title='bbox 482 4483 732 4555; x_wconf 85' lang='grc' dir='ltr'><strong>μοναχῶν</strong></span> <span class='ocrx_word' id='word_1_650' title='bbox 759 4482 971 4536; x_wconf 71' lang='grc' dir='ltr'><strong>ὶνδῦναι</strong></span> <span class='ocrx_word' id='word_1_651' title='bbox 1010 4480 1194 4551; x_wconf 82' lang='grc' dir='ltr'><strong>σχῆμα</strong></span> <span class='ocrx_word' id='word_1_652' title='bbox 1232 4482 1443 4533; x_wconf 77' lang='grc' dir='ltr'><strong>καὶτὸν</strong></span> <span class='ocrx_word' id='word_1_653' title='bbox 1478 4482 1588 4551; x_wconf 85' lang='grc' dir='ltr'><strong>βίον</strong></span> <span class='ocrx_word' id='word_1_654' title='bbox 1623 4498 1799 4553; x_wconf 84' lang='grc' dir='ltr'><strong>παρα-</strong></span> 
     </span>
    </p>
   </div>
   <div class='ocr_carea' id='block_1_87' title="bbox 1817 4480 3481 4558">
    <p class='ocr_par' dir='ltr' id='par_1_87' title="bbox 1899 4486 3481 4558">
     <span class='ocr_line' id='line_1_87' title="bbox 1899 4486 3481 4558; baseline 0.004 -20"><span class='ocrx_word' id='word_1_655' title='bbox 1899 4486 2060 4539; x_wconf 75' lang='lat' dir='ltr'><strong>sione</strong></span> <span class='ocrx_word' id='word_1_656' title='bbox 2092 4486 2455 4558; x_wconf 75' lang='lat' dir='ltr'><strong>Iacrymarum</strong></span> <span class='ocrx_word' id='word_1_657' title='bbox 2494 4501 2608 4540; x_wconf 69' lang='lat' dir='ltr'><strong>use</strong></span> <span class='ocrx_word' id='word_1_658' title='bbox 2657 4486 2864 4541; x_wconf 79' lang='lat' dir='ltr'><strong>fuerint</strong></span> <span class='ocrx_word' id='word_1_659' title='bbox 2895 4502 3020 4542; x_wconf 88' lang='lat' dir='ltr'><strong>cum</strong></span> <span class='ocrx_word' id='word_1_660' title='bbox 3058 4490 3359 4558; x_wconf 76' lang='lat' dir='ltr'><strong>voluptate.</strong></span> <span class='ocrx_word' id='word_1_661' title='bbox 3391 4489 3481 4545; x_wconf 86' lang='lat' dir='ltr'><strong>Sic</strong></span> 
     </span>
    </p>
   </div>
   <div class='ocr_carea' id='block_1_88' title="bbox 231 4572 1895 4649">
    <p class='ocr_par' dir='ltr' id='par_1_88' title="bbox 231 4572 1795 4646">
     <span class='ocr_line' id='line_1_88' title="bbox 231 4572 1795 4646; baseline -0.004 -16"><span class='ocrx_word' id='word_1_662' title='bbox 231 4579 623 4641; x_wconf 68' lang='grc' dir='ltr'><strong>σκευάσαντος,</strong></span> <span class='ocrx_word' id='word_1_663' title='bbox 658 4575 735 4646; x_wconf 80' lang='grc' dir='ltr'><strong>τῷ</strong></span> <span class='ocrx_word' id='word_1_664' title='bbox 765 4573 932 4645; x_wconf 85' lang='grc' dir='ltr'><strong>ίατρῷ</strong></span> <span class='ocrx_word' id='word_1_665' title='bbox 962 4590 1020 4627; x_wconf 87' lang='grc' dir='ltr'><strong>τε</strong></span> <span class='ocrx_word' id='word_1_666' title='bbox 1054 4573 1146 4627; x_wconf 90' lang='grc' dir='ltr'><strong>τοῦ</strong></span> <span class='ocrx_word' id='word_1_667' title='bbox 1185 4576 1435 4643; x_wconf 82' lang='grc' dir='ltr'><strong>σώματος</strong></span> <span class='ocrx_word' id='word_1_668' title='bbox 1465 4572 1795 4643; x_wconf 84' lang='grc' dir='ltr'><strong>παραδόντος</strong></span> 
     </span>
    </p>
   </div>
   <div class='ocr_carea' id='block_1_89' title="bbox 1817 4572 3481 4649">
    <p class='ocr_par' dir='ltr' id='par_1_89' title="bbox 1898 4580 3481 4649">
     <span class='ocr_line' id='line_1_89' title="bbox 1898 4580 3481 4649; baseline 0.004 -18"><span class='ocrx_word' id='word_1_669' title='bbox 1898 4592 2038 4647; x_wconf 90' lang='lat' dir='ltr'><strong>puer</strong></span> <span class='ocrx_word' id='word_1_670' title='bbox 2094 4593 2203 4632; x_wconf 91' lang='lat' dir='ltr'><strong>non</strong></span> <span class='ocrx_word' id='word_1_671' title='bbox 2268 4580 2445 4633; x_wconf 75' lang='lat' dir='ltr'><strong>solum</strong></span> <span class='ocrx_word' id='word_1_672' title='bbox 2492 4590 2720 4634; x_wconf 89' lang='lat' dir='ltr'><strong>curatur</strong></span> <span class='ocrx_word' id='word_1_673' title='bbox 2788 4593 2817 4634; x_wconf 92' lang='lat' dir='ltr'><strong>a</strong></span> <span class='ocrx_word' id='word_1_674' title='bbox 2877 4581 3022 4635; x_wconf 86' lang='lat' dir='ltr'><strong>man</strong></span> <span class='ocrx_word' id='word_1_675' title='bbox 3069 4581 3337 4649; x_wconf 70' lang='lat' dir='ltr'><strong>daemone,</strong></span> <span class='ocrx_word' id='word_1_676' title='bbox 3386 4582 3481 4637; x_wconf 86' lang='lat' dir='ltr'><strong>sed</strong></span> 
     </span>
    </p>
   </div>
   <div class='ocr_carea' id='block_1_90' title="bbox 230 4663 1894 4739">
    <p class='ocr_par' dir='ltr' id='par_1_90' title="bbox 230 4663 1873 4738">
     <span class='ocr_line' id='line_1_90' title="bbox 230 4663 1873 4738; baseline -0.004 -14"><span class='ocrx_word' id='word_1_677' title='bbox 230 4671 329 4724; x_wconf 79' lang='grc' dir='ltr'><strong>καὶ</strong></span> <span class='ocrx_word' id='word_1_678' title='bbox 361 4668 542 4738; x_wconf 80' lang='grc' dir='ltr'><strong>ίατρδν</strong></span> <span class='ocrx_word' id='word_1_679' title='bbox 571 4665 824 4736; x_wconf 85' lang='grc' dir='ltr'><strong>γενέσθαι</strong></span> <span class='ocrx_word' id='word_1_680' title='bbox 856 4666 950 4718; x_wconf 76' lang='grc' dir='ltr'><strong>καὶ</strong></span> <span class='ocrx_word' id='word_1_681' title='bbox 980 4666 1079 4732; x_wconf 71' lang='grc' dir='ltr'><strong>τῆς</strong></span> <span class='ocrx_word' id='word_1_682' title='bbox 1111 4664 1287 4736; x_wconf 79' lang='grc' dir='ltr'><strong>ψυχῆς</strong></span> <span class='ocrx_word' id='word_1_683' title='bbox 1323 4663 1791 4729; x_wconf 76' lang='grc' dir='ltr'><strong>καταξιώσαντοςο</strong></span> <span class='ocrx_word' id='word_1_684' title='bbox 1829 4670 1873 4728; x_wconf 86' lang='lat' dir='ltr'><strong>D</strong></span> 
     </span>
    </p>
   </div>
   <div class='ocr_carea' id='block_1_91' title="bbox 1813 4663 3477 4739">
    <p class='ocr_par' dir='ltr' id='par_1_91' title="bbox 1829 4670 3477 4739">
     <span class='ocr_line' id='line_1_91' title="bbox 1829 4670 3477 4739; baseline 0.001 -11"><span class='ocrx_word' id='word_1_685' title='bbox 1829 4670 1873 4728; x_wconf 83' lang='grc' dir='ltr'><strong>ο</strong></span> <span class='ocrx_word' id='word_1_686' title='bbox 1899 4670 2071 4725; x_wconf 87' lang='lat' dir='ltr'><strong>etiam</strong></span> <span class='ocrx_word' id='word_1_687' title='bbox 2124 4671 2390 4726; x_wconf 89' lang='lat' dir='ltr'><strong>continuo</strong></span> <span class='ocrx_word' id='word_1_688' title='bbox 2422 4682 2671 4726; x_wconf 88' lang='lat' dir='ltr'><strong>armatur</strong></span> <span class='ocrx_word' id='word_1_689' title='bbox 2704 4671 2967 4727; x_wconf 86' lang='lat' dir='ltr'><strong>adversus</strong></span> <span class='ocrx_word' id='word_1_690' title='bbox 3001 4673 3280 4728; x_wconf 70' lang='lat' dir='ltr'><strong>daemones</strong></span> <span class='ocrx_word' id='word_1_691' title='bbox 3302 4714 3318 4739; x_wconf 89' lang='lat'><strong>,</strong></span> <span class='ocrx_word' id='word_1_692' title='bbox 3352 4689 3477 4729; x_wconf 88' lang='lat' dir='ltr'><strong>cum</strong></span> 
     </span>
    </p>
   </div>
   <div class='ocr_carea' id='block_1_92' title="bbox 229 4754 1893 4831">
    <p class='ocr_par' dir='ltr' id='par_1_92' title="bbox 229 4754 1791 4828">
     <span class='ocr_line' id='line_1_92' title="bbox 229 4754 1791 4828; baseline -0.003 -14"><span class='ocrx_word' id='word_1_693' title='bbox 229 4760 292 4823; x_wconf 77' lang='grc' dir='ltr'><strong>ὃς</strong></span> <span class='ocrx_word' id='word_1_694' title='bbox 322 4762 415 4812; x_wconf 69' lang='grc' dir='ltr'><strong>καὶ</strong></span> <span class='ocrx_word' id='word_1_695' title='bbox 451 4757 702 4828; x_wconf 82' lang='grc' dir='ltr'><strong>καθαρῶς</strong></span> <span class='ocrx_word' id='word_1_696' title='bbox 729 4756 806 4827; x_wconf 83' lang='grc' dir='ltr'><strong>τῷ</strong></span> <span class='ocrx_word' id='word_1_697' title='bbox 839 4757 1062 4827; x_wconf 84' lang='grc' dir='ltr'><strong>καθαρῷ</strong></span> <span class='ocrx_word' id='word_1_698' title='bbox 1094 4755 1366 4825; x_wconf 80' lang='grc' dir='ltr'><strong>προσῆλθε</strong></span> <span class='ocrx_word' id='word_1_699' title='bbox 1401 4756 1501 4826; x_wconf 79' lang='grc' dir='ltr'><strong>τὴν</strong></span> <span class='ocrx_word' id='word_1_700' title='bbox 1542 4754 1634 4807; x_wconf 87' lang='grc' dir='ltr'><strong>τοῦ</strong></span> <span class='ocrx_word' id='word_1_701' title='bbox 1675 4754 1791 4825; x_wconf 86' lang='grc' dir='ltr'><strong>βίου</strong></span> 
     </span>
    </p>
   </div>
   <div class='ocr_carea' id='block_1_93' title="bbox 1817 4754 3481 4831">
    <p class='ocr_par' dir='ltr' id='par_1_93' title="bbox 1900 4764 3481 4831">
     <span class='ocr_line' id='line_1_93' title="bbox 1900 4764 3481 4831; baseline 0.003 -16"><span class='ocrx_word' id='word_1_702' title='bbox 1900 4769 2057 4830; x_wconf 90' lang='lat' dir='ltr'><strong>pater</strong></span> <span class='ocrx_word' id='word_1_703' title='bbox 2088 4770 2211 4831; x_wconf 85' lang='lat' dir='ltr'><strong>post</strong></span> <span class='ocrx_word' id='word_1_704' title='bbox 2247 4765 2591 4818; x_wconf 81' lang='lat' dir='ltr'><strong>curationem</strong></span> <span class='ocrx_word' id='word_1_705' title='bbox 2637 4779 2763 4819; x_wconf 89' lang='lat' dir='ltr'><strong>eum</strong></span> <span class='ocrx_word' id='word_1_706' title='bbox 2816 4764 2927 4820; x_wconf 89' lang='lat' dir='ltr'><strong>Deo</strong></span> <span class='ocrx_word' id='word_1_707' title='bbox 2971 4774 3365 4829; x_wconf 87' lang='lat' dir='ltr'><strong>consecrasset.</strong></span> <span class='ocrx_word' id='word_1_708' title='bbox 3426 4772 3481 4819; x_wconf 90' lang='lat' dir='ltr'><strong>et</strong></span> 
     </span>
    </p>
   </div>
   <div class='ocr_carea' id='block_1_94' title="bbox 230 4846 1894 4924">
    <p class='ocr_par' dir='ltr' id='par_1_94' title="bbox 230 4846 1796 4918">
     <span class='ocr_line' id='line_1_94' title="bbox 230 4846 1796 4918; baseline -0.002 -15"><span class='ocrx_word' id='word_1_709' title='bbox 230 4853 417 4905; x_wconf 78' lang='grc' dir='ltr'><strong>πᾶσαν</strong></span> <span class='ocrx_word' id='word_1_710' title='bbox 445 4848 730 4902; x_wconf 81' lang='grc' dir='ltr'><strong>ἀπολιπὼν</strong></span> <span class='ocrx_word' id='word_1_711' title='bbox 763 4849 1118 4918; x_wconf 85' lang='grc' dir='ltr'><strong>ματαιότητα.</strong></span> <span class='ocrx_word' id='word_1_712' title='bbox 1165 4848 1258 4899; x_wconf 83' lang='grc' dir='ltr'><strong>Ἐν</strong></span> <span class='ocrx_word' id='word_1_713' title='bbox 1298 4847 1393 4915; x_wconf 70' lang='grc' dir='ltr'><strong>μὲν</strong></span> <span class='ocrx_word' id='word_1_714' title='bbox 1423 4846 1487 4916; x_wconf 79' lang='grc' dir='ltr'><strong>δὴ</strong></span> <span class='ocrx_word' id='word_1_715' title='bbox 1524 4847 1679 4899; x_wconf 85' lang='grc' dir='ltr'><strong>τοῦτο</strong></span> <span class='ocrx_word' id='word_1_716' title='bbox 1702 4848 1796 4901; x_wconf 78' lang='grc' dir='ltr'><strong>καὶ</strong></span> 
     </span>
    </p>
   </div>
   <div class='ocr_carea' id='block_1_95' title="bbox 1816 4846 3480 4924">
    <p class='ocr_par' dir='ltr' id='par_1_95' title="bbox 1900 4851 3480 4924">
     <span class='ocr_line' id='line_1_95' title="bbox 1900 4851 3480 4924; baseline 0.005 -21"><span class='ocrx_word' id='word_1_717' title='bbox 1900 4859 1962 4903; x_wconf 89' lang='lat' dir='ltr'><strong>ut</strong></span> <span class='ocrx_word' id='word_1_718' title='bbox 1991 4851 2353 4906; x_wconf 88' lang='lat' dir='ltr'><strong>monasticum</strong></span> <span class='ocrx_word' id='word_1_719' title='bbox 2398 4854 2657 4906; x_wconf 89' lang='lat' dir='ltr'><strong>amictum</strong></span> <span class='ocrx_word' id='word_1_720' title='bbox 2713 4863 2770 4908; x_wconf 91' lang='lat' dir='ltr'><strong>et</strong></span> <span class='ocrx_word' id='word_1_721' title='bbox 2796 4854 2961 4908; x_wconf 89' lang='lat' dir='ltr'><strong>vitam</strong></span> <span class='ocrx_word' id='word_1_722' title='bbox 2993 4856 3313 4924; x_wconf 86' lang='lat' dir='ltr'><strong>susciperet,</strong></span> <span class='ocrx_word' id='word_1_723' title='bbox 3343 4854 3480 4911; x_wconf 73' lang='grc' dir='ltr'><strong>οσο-</strong></span> 
     </span>
    </p>
   </div>
   <div class='ocr_carea' id='block_1_96' title="bbox 228 4935 1892 5013">
    <p class='ocr_par' dir='ltr' id='par_1_96' title="bbox 228 4935 1722 5007">
     <span class='ocr_line' id='line_1_96' title="bbox 228 4935 1722 5007; baseline -0.002 -14"><span class='ocrx_word' id='word_1_724' title='bbox 228 4940 402 4999; x_wconf 82' lang='grc' dir='ltr'><strong>οῦτως</strong></span> <span class='ocrx_word' id='word_1_725' title='bbox 435 4938 554 5007; x_wconf 79' lang='grc' dir='ltr'><strong>έχσν</strong></span> <span class='ocrx_word' id='word_1_726' title='bbox 575 4950 589 4967; x_wconf 87' lang='grc'>⁶</span> <span class='ocrx_word' id='word_1_727' title='bbox 629 4936 853 5007; x_wconf 81' lang='grc' dir='ltr'><strong>ὓστερον</strong></span> <span class='ocrx_word' id='word_1_728' title='bbox 886 4936 941 4987; x_wconf 70' lang='grc' dir='ltr'><strong>δὲ</strong></span> <span class='ocrx_word' id='word_1_729' title='bbox 980 4935 1170 4988; x_wconf 86' lang='grc' dir='ltr'><strong>τούτου</strong></span> <span class='ocrx_word' id='word_1_730' title='bbox 1204 4935 1451 5006; x_wconf 74' lang='grc' dir='ltr'><strong>οὑδιμῶς</strong></span> <span class='ocrx_word' id='word_1_731' title='bbox 1482 4936 1722 4991; x_wconf 87' lang='grc' dir='ltr'><strong>έλαττον.</strong></span> 
     </span>
    </p>
   </div>
   <div class='ocr_carea' id='block_1_97' title="bbox 1810 4935 3474 5013">
    <p class='ocr_par' dir='ltr' id='par_1_97' title="bbox 1892 4942 3474 5013">
     <span class='ocr_line' id='line_1_97' title="bbox 1892 4942 3474 5013; baseline 0.004 -19"><span class='ocrx_word' id='word_1_732' title='bbox 1892 4942 2085 5005; x_wconf 83' lang='lat' dir='ltr'><strong>cisset,</strong></span> <span class='ocrx_word' id='word_1_733' title='bbox 2121 4951 2177 4995; x_wconf 88' lang='lat' dir='ltr'><strong>et</strong></span> <span class='ocrx_word' id='word_1_734' title='bbox 2220 4943 2434 4997; x_wconf 89' lang='lat' dir='ltr'><strong>medico</strong></span> <span class='ocrx_word' id='word_1_735' title='bbox 2468 4944 2715 5013; x_wconf 85' lang='lat' dir='ltr'><strong>corporis</strong></span> <span class='ocrx_word' id='word_1_736' title='bbox 2747 4959 2874 4999; x_wconf 88' lang='lat' dir='ltr'><strong>eum</strong></span> <span class='ocrx_word' id='word_1_737' title='bbox 2910 4944 3244 5012; x_wconf 75' lang='lat' dir='ltr'><strong>tradidisset,</strong></span> <span class='ocrx_word' id='word_1_738' title='bbox 3300 4956 3356 5000; x_wconf 87' lang='lat' dir='ltr'><strong>et</strong></span> <span class='ocrx_word' id='word_1_739' title='bbox 3389 4961 3474 4999; x_wconf 88' lang='lat' dir='ltr'><strong>ro-</strong></span> 
     </span>
    </p>
   </div>
   <div class='ocr_carea' id='block_1_98' title="bbox 230 5029 3483 5114">
    <p class='ocr_par' dir='ltr' id='par_1_98' title="bbox 230 5029 3483 5114">
     <span class='ocr_line' id='line_1_98' title="bbox 230 5029 3483 5114; baseline -0.001 -18"><span class='ocrx_word' id='word_1_740' title='bbox 230 5047 413 5114; x_wconf 71' lang='lat' dir='ltr'><strong>gasset</strong></span> <span class='ocrx_word' id='word_1_741' title='bbox 476 5044 537 5090; x_wconf 93' lang='lat' dir='ltr'><strong>ut</strong></span> <span class='ocrx_word' id='word_1_742' title='bbox 587 5039 735 5085; x_wconf 84' lang='lat' dir='ltr'><strong>esset</strong></span> <span class='ocrx_word' id='word_1_743' title='bbox 784 5032 950 5086; x_wconf 88' lang='lat' dir='ltr'><strong>etiam</strong></span> <span class='ocrx_word' id='word_1_744' title='bbox 1006 5029 1254 5084; x_wconf 87' lang='lat' dir='ltr'><strong>medicus</strong></span> <span class='ocrx_word' id='word_1_745' title='bbox 1301 5030 1517 5096; x_wconf 64' lang='lat' dir='ltr'><strong>anima;</strong></span> <span class='ocrx_word' id='word_1_746' title='bbox 1558 5033 1653 5101; x_wconf 89' lang='lat' dir='ltr'><strong>qui</strong></span> <span class='ocrx_word' id='word_1_747' title='bbox 1701 5034 1864 5089; x_wconf 75' lang='lat' dir='ltr'><strong>etiam</strong></span> <span class='ocrx_word' id='word_1_748' title='bbox 1928 5050 2104 5103; x_wconf 87' lang='lat' dir='ltr'><strong>purus</strong></span> <span class='ocrx_word' id='word_1_749' title='bbox 2151 5036 2218 5089; x_wconf 91' lang='lat' dir='ltr'><strong>ad</strong></span> <span class='ocrx_word' id='word_1_750' title='bbox 2261 5052 2455 5107; x_wconf 89' lang='lat' dir='ltr'><strong>purum</strong></span> <span class='ocrx_word' id='word_1_751' title='bbox 2507 5039 2757 5100; x_wconf 87' lang='lat' dir='ltr'><strong>accessit,</strong></span> <span class='ocrx_word' id='word_1_752' title='bbox 2811 5038 2957 5090; x_wconf 90' lang='lat' dir='ltr'><strong>omni</strong></span> <span class='ocrx_word' id='word_1_753' title='bbox 3020 5038 3310 5093; x_wconf 64' lang='lat' dir='ltr'><strong>mundanae</strong></span> <span class='ocrx_word' id='word_1_754' title='bbox 3358 5038 3483 5094; x_wconf 70' lang='lat' dir='ltr'><strong>vita</strong></span> 
     </span>
    </p>
   </div>
   <div class='ocr_carea' id='block_1_99' title="bbox 232 5120 2803 5195">
    <p class='ocr_par' dir='ltr' id='par_1_99' title="bbox 232 5120 2803 5195">
     <span class='ocr_line' id='line_1_99' title="bbox 232 5120 2803 5195; baseline -0.001 -9"><span class='ocrx_word' id='word_1_755' title='bbox 232 5134 421 5191; x_wconf 73' lang='lat' dir='ltr'><strong>relicta</strong></span> <span class='ocrx_word' id='word_1_756' title='bbox 452 5128 708 5182; x_wconf 79' lang='lat' dir='ltr'><strong>vanitate.</strong></span> <span class='ocrx_word' id='word_1_757' title='bbox 747 5125 860 5180; x_wconf 72' lang='lat' dir='ltr'><strong>[loc</strong></span> <span class='ocrx_word' id='word_1_758' title='bbox 930 5124 1148 5192; x_wconf 87' lang='lat' dir='ltr'><strong>quidem</strong></span> <span class='ocrx_word' id='word_1_759' title='bbox 1193 5122 1291 5175; x_wconf 85' lang='lat' dir='ltr'><strong>Iuit</strong></span> <span class='ocrx_word' id='word_1_760' title='bbox 1325 5138 1493 5180; x_wconf 91' lang='lat' dir='ltr'><strong>unum</strong></span> <span class='ocrx_word' id='word_1_761' title='bbox 1525 5125 1814 5195; x_wconf 85' lang='lat' dir='ltr'><strong>ejusmodi;</strong></span> <span class='ocrx_word' id='word_1_762' title='bbox 1840 5120 2069 5183; x_wconf 87' lang='lat' dir='ltr'><strong>alterum</strong></span> <span class='ocrx_word' id='word_1_763' title='bbox 2102 5138 2283 5182; x_wconf 86' lang='lat' dir='ltr'><strong>autem</strong></span> <span class='ocrx_word' id='word_1_764' title='bbox 2317 5145 2384 5184; x_wconf 87' lang='lat' dir='ltr'><strong>eo</strong></span> <span class='ocrx_word' id='word_1_765' title='bbox 2410 5145 2523 5183; x_wconf 88' lang='lat' dir='ltr'><strong>non</strong></span> <span class='ocrx_word' id='word_1_766' title='bbox 2561 5128 2803 5184; x_wconf 78' lang='lat' dir='ltr'><strong>inferius.</strong></span> 
     </span>
    </p>
   </div>
   <div class='ocr_carea' id='block_1_100' title="bbox 305 5222 1969 5297">
    <p class='ocr_par' dir='ltr' id='par_1_100' title="bbox 305 5222 1793 5297">
     <span class='ocr_line' id='line_1_100' title="bbox 305 5222 1793 5297; baseline -0.004 -15"><span class='ocrx_word' id='word_1_767' title='bbox 305 5229 405 5285; x_wconf 77' lang='lat' dir='ltr'><strong>IG’.</strong></span> <span class='ocrx_word' id='word_1_768' title='bbox 446 5228 613 5297; x_wconf 77' lang='grc' dir='ltr'><strong>Κύρῳ</strong></span> <span class='ocrx_word' id='word_1_769' title='bbox 636 5226 744 5277; x_wconf 72' lang='grc' dir='ltr'><strong>τινὶ</strong></span> <span class='ocrx_word' id='word_1_770' title='bbox 773 5223 1001 5291; x_wconf 78' lang='grc' dir='ltr'><strong>ὑπάρχῳ</strong></span> <span class='ocrx_word' id='word_1_771' title='bbox 1021 5222 1119 5288; x_wconf 66' lang='grc' dir='ltr'><strong>μιν</strong></span> <span class='ocrx_word' id='word_1_772' title='bbox 1141 5222 1386 5290; x_wconf 88' lang='grc' dir='ltr'><strong>γεγονότι</strong></span> <span class='ocrx_word' id='word_1_773' title='bbox 1410 5223 1471 5275; x_wconf 81' lang='grc' dir='ltr'><strong>τὸ</strong></span> <span class='ocrx_word' id='word_1_774' title='bbox 1502 5223 1793 5292; x_wconf 82' lang='grc' dir='ltr'><strong>πρότερον,</strong></span> 
     </span>
    </p>
   </div>
   <div class='ocr_carea' id='block_1_101' title="bbox 1820 5222 3484 5297">
    <p class='ocr_par' dir='ltr' id='par_1_101' title="bbox 1977 5223 3484 5297">
     <span class='ocr_line' id='line_1_101' title="bbox 1977 5223 3484 5297; baseline 0.004 -20"><span class='ocrx_word' id='word_1_775' title='bbox 1977 5223 2117 5279; x_wconf 74' lang='lat' dir='ltr'><strong>XIX.</strong></span> <span class='ocrx_word' id='word_1_776' title='bbox 2166 5223 2397 5279; x_wconf 85' lang='lat' dir='ltr'><strong>Cuidam</strong></span> <span class='ocrx_word' id='word_1_777' title='bbox 2429 5226 2589 5295; x_wconf 85' lang='lat' dir='ltr'><strong>Cyro,</strong></span> <span class='ocrx_word' id='word_1_778' title='bbox 2622 5229 2714 5293; x_wconf 84' lang='lat' dir='ltr'><strong>qui</strong></span> <span class='ocrx_word' id='word_1_779' title='bbox 2753 5225 2909 5296; x_wconf 83' lang='lat' dir='ltr'><strong>prius</strong></span> <span class='ocrx_word' id='word_1_780' title='bbox 2961 5226 3181 5297; x_wconf 89' lang='lat' dir='ltr'><strong>quidem</strong></span> <span class='ocrx_word' id='word_1_781' title='bbox 3212 5228 3317 5282; x_wconf 76' lang='lat' dir='ltr'><strong>fuit</strong></span> <span class='ocrx_word' id='word_1_782' title='bbox 3345 5243 3484 5297; x_wconf 79' lang='lat' dir='ltr'><strong>pra:-</strong></span> 
     </span>
    </p>
   </div>
   <div class='ocr_carea' id='block_1_102' title="bbox 232 5310 1896 5391">
    <p class='ocr_par' dir='ltr' id='par_1_102' title="bbox 232 5310 1798 5391">
     <span class='ocr_line' id='line_1_102' title="bbox 232 5310 1798 5391; baseline -0.007 -16"><span class='ocrx_word' id='word_1_783' title='bbox 232 5323 359 5375; x_wconf 80' lang='grc' dir='ltr'><strong>ῦστε</strong></span> <span class='ocrx_word' id='word_1_784' title='bbox 370 5336 459 5391; x_wconf 86' lang='grc' dir='ltr'><strong>ρον</strong></span> <span class='ocrx_word' id='word_1_785' title='bbox 487 5317 543 5370; x_wconf 65' lang='grc' dir='ltr'><strong>δὲ</strong></span> <span class='ocrx_word' id='word_1_786' title='bbox 576 5316 670 5369; x_wconf 78' lang='grc' dir='ltr'><strong>καὶ</strong></span> <span class='ocrx_word' id='word_1_787' title='bbox 699 5314 889 5385; x_wconf 80' lang='grc' dir='ltr'><strong>θρόνου</strong></span> <span class='ocrx_word' id='word_1_788' title='bbox 926 5311 1234 5379; x_wconf 74' lang='grc' dir='ltr'><strong>έπισκοπῆς</strong></span> <span class='ocrx_word' id='word_1_789' title='bbox 1257 5310 1528 5373; x_wconf 75' lang='grc' dir='ltr'><strong>έπιδάντι,</strong></span> <span class='ocrx_word' id='word_1_790' title='bbox 1559 5311 1620 5363; x_wconf 76' lang='grc' dir='ltr'><strong>τὸ</strong></span> <span class='ocrx_word' id='word_1_791' title='bbox 1650 5313 1706 5364; x_wconf 76' lang='grc' dir='ltr'><strong>έν</strong></span> <span class='ocrx_word' id='word_1_792' title='bbox 1732 5314 1798 5381; x_wconf 80' lang='grc' dir='ltr'><strong>τῇ</strong></span> 
     </span>
    </p>
   </div>
   <div class='ocr_carea' id='block_1_103' title="bbox 1816 5310 3480 5391">
    <p class='ocr_par' dir='ltr' id='par_1_103' title="bbox 1903 5316 3480 5388">
     <span class='ocr_line' id='line_1_103' title="bbox 1903 5316 3480 5388; baseline 0.004 -22"><span class='ocrx_word' id='word_1_793' title='bbox 1903 5327 2010 5377; x_wconf 89' lang='lat' dir='ltr'><strong>ses,</strong></span> <span class='ocrx_word' id='word_1_794' title='bbox 2039 5326 2224 5382; x_wconf 88' lang='lat' dir='ltr'><strong>postea</strong></span> <span class='ocrx_word' id='word_1_795' title='bbox 2257 5323 2438 5369; x_wconf 89' lang='lat' dir='ltr'><strong>autem</strong></span> <span class='ocrx_word' id='word_1_796' title='bbox 2471 5316 2718 5369; x_wconf 86' lang='lat' dir='ltr'><strong>ascendit</strong></span> <span class='ocrx_word' id='word_1_797' title='bbox 2754 5317 2919 5371; x_wconf 91' lang='lat' dir='ltr'><strong>etiam</strong></span> <span class='ocrx_word' id='word_1_798' title='bbox 2948 5318 3013 5370; x_wconf 93' lang='lat' dir='ltr'><strong>ad</strong></span> <span class='ocrx_word' id='word_1_799' title='bbox 3050 5320 3236 5373; x_wconf 88' lang='lat' dir='ltr'><strong>sedem</strong></span> <span class='ocrx_word' id='word_1_800' title='bbox 3263 5319 3480 5388; x_wconf 86' lang='lat' dir='ltr'><strong>episco-</strong></span> 
     </span>
    </p>
   </div>
   <div class='ocr_carea' id='block_1_104' title="bbox 230 5399 1894 5484">
    <p class='ocr_par' dir='ltr' id='par_1_104' title="bbox 230 5399 1802 5484">
     <span class='ocr_line' id='line_1_104' title="bbox 230 5399 1802 5484; baseline -0.008 -17"><span class='ocrx_word' id='word_1_801' title='bbox 230 5413 445 5484; x_wconf 62' lang='grc' dir='ltr'><strong>Φρυγίᾳ</strong></span> <span class='ocrx_word' id='word_1_802' title='bbox 480 5409 776 5463; x_wconf 72' lang='grc' dir='ltr'><strong>Κοτυαειον</strong></span> <span class='ocrx_word' id='word_1_803' title='bbox 804 5405 944 5471; x_wconf 83' lang='grc' dir='ltr'><strong>αῦτη</strong></span> <span class='ocrx_word' id='word_1_804' title='bbox 971 5399 1061 5473; x_wconf 75' lang='grc' dir='ltr'><strong>ἦν,</strong></span> <span class='ocrx_word' id='word_1_805' title='bbox 1088 5404 1183 5456; x_wconf 79' lang='grc' dir='ltr'><strong>καὶ</strong></span> <span class='ocrx_word' id='word_1_806' title='bbox 1208 5403 1413 5471; x_wconf 76' lang='grc' dir='ltr'><strong>ταύτης</strong></span> <span class='ocrx_word' id='word_1_807' title='bbox 1441 5403 1694 5456; x_wconf 78' lang='grc' dir='ltr'><strong>έκστὰντι</strong></span> <span class='ocrx_word' id='word_1_808' title='bbox 1716 5403 1802 5456; x_wconf 77' lang='grc' dir='ltr'><strong>διά</strong></span> 
     </span>
    </p>
   </div>
   <div class='ocr_carea' id='block_1_105' title="bbox 1815 5399 3479 5484">
    <p class='ocr_par' dir='ltr' id='par_1_105' title="bbox 1903 5406 3479 5480">
     <span class='ocr_line' id='line_1_105' title="bbox 1903 5406 3479 5480; baseline 0.004 -22"><span class='ocrx_word' id='word_1_809' title='bbox 1903 5406 2077 5474; x_wconf 89' lang='lat' dir='ltr'><strong>palem</strong></span> <span class='ocrx_word' id='word_1_810' title='bbox 2096 5406 2329 5459; x_wconf 85' lang='lat' dir='ltr'><strong>civitatis</strong></span> <span class='ocrx_word' id='word_1_811' title='bbox 2354 5406 2407 5459; x_wconf 92' lang='lat' dir='ltr'><strong>in</strong></span> <span class='ocrx_word' id='word_1_812' title='bbox 2427 5406 2685 5477; x_wconf 85' lang='lat' dir='ltr'><strong>Phrygia,</strong></span> <span class='ocrx_word' id='word_1_813' title='bbox 2706 5408 2794 5461; x_wconf 92' lang='lat' dir='ltr'><strong>cui</strong></span> <span class='ocrx_word' id='word_1_814' title='bbox 2814 5423 3015 5463; x_wconf 88' lang='lat' dir='ltr'><strong>nomen</strong></span> <span class='ocrx_word' id='word_1_815' title='bbox 3036 5420 3154 5463; x_wconf 89' lang='lat' dir='ltr'><strong>erat</strong></span> <span class='ocrx_word' id='word_1_816' title='bbox 3170 5408 3479 5480; x_wconf 80' lang='lat' dir='ltr'><strong>Cotyaium.</strong></span> 
     </span>
    </p>
   </div>
   <div class='ocr_carea' id='block_1_106' title="bbox 231 5490 1895 5569">
    <p class='ocr_par' dir='ltr' id='par_1_106' title="bbox 231 5490 1801 5565">
     <span class='ocr_line' id='line_1_106' title="bbox 231 5490 1801 5565; baseline -0.006 -8"><span class='ocrx_word' id='word_1_817' title='bbox 231 5522 355 5558; x_wconf 82' lang='grc' dir='ltr'><strong>τινα</strong></span> <span class='ocrx_word' id='word_1_818' title='bbox 388 5502 509 5556; x_wconf 86' lang='grc' dir='ltr'><strong>κατ’</strong></span> <span class='ocrx_word' id='word_1_819' title='bbox 545 5498 710 5553; x_wconf 80' lang='grc' dir='ltr'><strong>αὑτοῦ</strong></span> <span class='ocrx_word' id='word_1_820' title='bbox 750 5496 1065 5565; x_wconf 78' lang='grc' dir='ltr'><strong>κινηθεῖσαν</strong></span> <span class='ocrx_word' id='word_1_821' title='bbox 1086 5494 1359 5562; x_wconf 74' lang='grc' dir='ltr'><strong>διαδολὴν,</strong></span> <span class='ocrx_word' id='word_1_822' title='bbox 1389 5493 1683 5564; x_wconf 83' lang='grc' dir='ltr'><strong>θυγάτριον</strong></span> <span class='ocrx_word' id='word_1_823' title='bbox 1712 5490 1801 5565; x_wconf 74' lang='grc' dir='ltr'><strong>ἦν,</strong></span> 
     </span>
    </p>
   </div>
   <div class='ocr_carea' id='block_1_107' title="bbox 1813 5490 3477 5569">
    <p class='ocr_par' dir='ltr' id='par_1_107' title="bbox 1902 5498 3477 5569">
     <span class='ocr_line' id='line_1_107' title="bbox 1902 5498 3477 5569; baseline 0.003 -18"><span class='ocrx_word' id='word_1_824' title='bbox 1902 5506 1958 5551; x_wconf 88' lang='lat' dir='ltr'><strong>et</strong></span> <span class='ocrx_word' id='word_1_825' title='bbox 2019 5498 2088 5550; x_wconf 88' lang='lat' dir='ltr'><strong>ab</strong></span> <span class='ocrx_word' id='word_1_826' title='bbox 2142 5498 2236 5559; x_wconf 84' lang='lat' dir='ltr'><strong>illo</strong></span> <span class='ocrx_word' id='word_1_827' title='bbox 2290 5508 2477 5566; x_wconf 91' lang='lat' dir='ltr'><strong>postea</strong></span> <span class='ocrx_word' id='word_1_828' title='bbox 2516 5499 2845 5552; x_wconf 88' lang='lat' dir='ltr'><strong>discesserat</strong></span> <span class='ocrx_word' id='word_1_829' title='bbox 2908 5510 3137 5568; x_wconf 86' lang='lat' dir='ltr'><strong>propter</strong></span> <span class='ocrx_word' id='word_1_830' title='bbox 3185 5502 3477 5569; x_wconf 87' lang='lat' dir='ltr'><strong>quamdam</strong></span> 
     </span>
    </p>
   </div>
   <div class='ocr_carea' id='block_1_108' title="bbox 246 5583 1910 5663">
    <p class='ocr_par' dir='ltr' id='par_1_108' title="bbox 246 5583 1910 5663">
     <span class='ocr_line' id='line_1_108' title="bbox 246 5583 1910 5663; baseline -0.002 -20"><span class='ocrx_word' id='word_1_831' title='bbox 246 5592 599 5663; x_wconf 79' lang='grc' dir='ltr'><strong>Ἀλεξανδρία</strong></span> <span class='ocrx_word' id='word_1_832' title='bbox 633 5590 801 5659; x_wconf 76' lang='grc' dir='ltr'><strong>ταύτῃ</strong></span> <span class='ocrx_word' id='word_1_833' title='bbox 833 5587 895 5640; x_wconf 83' lang='grc' dir='ltr'><strong>τδ</strong></span> <span class='ocrx_word' id='word_1_834' title='bbox 926 5586 1120 5652; x_wconf 76' lang='grc' dir='ltr'><strong>ὖνομα.</strong></span> <span class='ocrx_word' id='word_1_835' title='bbox 1156 5583 1303 5654; x_wconf 77' lang='grc' dir='ltr'><strong>Αὕτη</strong></span> <span class='ocrx_word' id='word_1_836' title='bbox 1345 5584 1423 5655; x_wconf 83' lang='grc' dir='ltr'><strong>τῷ</strong></span> <span class='ocrx_word' id='word_1_837' title='bbox 1458 5585 1705 5655; x_wconf 82' lang='grc' dir='ltr'><strong>προτέρῳ</strong></span> <span class='ocrx_word' id='word_1_838' title='bbox 1736 5586 1803 5638; x_wconf 81' lang='grc' dir='ltr'><strong>τὰ</strong></span> <span class='ocrx_word' id='word_1_839' title='bbox 1906 5599 1910 5637; x_wconf 82' lang='lat'>1</span> 
     </span>
    </p>
   </div>
   <div class='ocr_carea' id='block_1_109' title="bbox 1816 5583 3480 5663">
    <p class='ocr_par' dir='ltr' id='par_1_109' title="bbox 1906 5586 3480 5652">
     <span class='ocr_line' id='line_1_109' title="bbox 1906 5586 3480 5652; baseline 0.006 -15"><span class='ocrx_word' id='word_1_840' title='bbox 1906 5595 2106 5638; x_wconf 89' lang='lat' dir='ltr'><strong>motam</strong></span> <span class='ocrx_word' id='word_1_841' title='bbox 2147 5586 2411 5641; x_wconf 83' lang='lat' dir='ltr'><strong>adversus</strong></span> <span class='ocrx_word' id='word_1_842' title='bbox 2442 5603 2565 5640; x_wconf 89' lang='lat' dir='ltr'><strong>eum</strong></span> <span class='ocrx_word' id='word_1_843' title='bbox 2600 5588 2952 5652; x_wconf 82' lang='lat' dir='ltr'><strong>calumniam,</strong></span> <span class='ocrx_word' id='word_1_844' title='bbox 2984 5598 3103 5643; x_wconf 89' lang='lat' dir='ltr'><strong>erat</strong></span> <span class='ocrx_word' id='word_1_845' title='bbox 3128 5589 3235 5643; x_wconf 81' lang='lat' dir='ltr'><strong>ﬁlia</strong></span> <span class='ocrx_word' id='word_1_846' title='bbox 3258 5591 3480 5647; x_wconf 80' lang='lat' dir='ltr'><strong>nomine</strong></span> 
     </span>
    </p>
   </div>
   <div class='ocr_carea' id='block_1_110' title="bbox 230 5674 1894 5755">
    <p class='ocr_par' dir='ltr' id='par_1_110' title="bbox 230 5675 1804 5755">
     <span class='ocr_line' id='line_1_110' title="bbox 230 5675 1804 5755; baseline -0.009 -12"><span class='ocrx_word' id='word_1_847' title='bbox 230 5690 393 5755; x_wconf 83' lang='grc' dir='ltr'><strong>ὅμοια</strong></span> <span class='ocrx_word' id='word_1_848' title='bbox 432 5682 742 5747; x_wconf 51' lang='lat' dir='ltr'><strong>mat-.022,</strong></span> <span class='ocrx_word' id='word_1_849' title='bbox 775 5680 868 5733; x_wconf 72' lang='grc' dir='ltr'><strong>καὶ</strong></span> <span class='ocrx_word' id='word_1_850' title='bbox 899 5679 1003 5731; x_wconf 79' lang='grc' dir='ltr'><strong>ὑπὸ</strong></span> <span class='ocrx_word' id='word_1_851' title='bbox 1048 5677 1301 5746; x_wconf 55' lang='grc' dir='ltr'><strong>δαίμονος</strong></span> <span class='ocrx_word' id='word_1_852' title='bbox 1342 5675 1565 5745; x_wconf 85' lang='grc' dir='ltr'><strong>ὼχλεῖτο</strong></span> <span class='ocrx_word' id='word_1_853' title='bbox 1594 5677 1804 5738; x_wconf 86' lang='grc' dir='ltr'><strong>δεινῶς.</strong></span> 
     </span>
    </p>
   </div>
   <div class='ocr_carea' id='block_1_111' title="bbox 1817 5674 3481 5755">
    <p class='ocr_par' dir='ltr' id='par_1_111' title="bbox 1898 5674 3481 5750">
     <span class='ocr_line' id='line_1_111' title="bbox 1898 5674 3481 5750; baseline 0.005 -22"><span class='ocrx_word' id='word_1_854' title='bbox 1898 5674 2247 5731; x_wconf 82' lang='lat' dir='ltr'><strong>Alexandria.</strong></span> <span class='ocrx_word' id='word_1_855' title='bbox 2290 5678 2362 5730; x_wconf 86' lang='lat' dir='ltr'><strong>Ea</strong></span> <span class='ocrx_word' id='word_1_856' title='bbox 2394 5679 2586 5733; x_wconf 88' lang='lat' dir='ltr'><strong>eodem</strong></span> <span class='ocrx_word' id='word_1_857' title='bbox 2642 5678 2805 5733; x_wconf 91' lang='lat' dir='ltr'><strong>modo</strong></span> <span class='ocrx_word' id='word_1_858' title='bbox 2835 5688 2955 5735; x_wconf 90' lang='lat' dir='ltr'><strong>erat</strong></span> <span class='ocrx_word' id='word_1_859' title='bbox 3000 5681 3212 5744; x_wconf 81' lang='lat' dir='ltr'><strong>aﬂ‘ecta,</strong></span> <span class='ocrx_word' id='word_1_860' title='bbox 3254 5695 3364 5750; x_wconf 92' lang='lat' dir='ltr'><strong>quo</strong></span> <span class='ocrx_word' id='word_1_861' title='bbox 3391 5682 3481 5737; x_wconf 88' lang='lat' dir='ltr'><strong>ille</strong></span> 
     </span>
    </p>
   </div>
   <div class='ocr_carea' id='block_1_112' title="bbox 242 5767 1906 5843">
    <p class='ocr_par' dir='ltr' id='par_1_112' title="bbox 242 5767 1906 5843">
     <span class='ocr_line' id='line_1_112' title="bbox 242 5767 1906 5843; baseline -0.007 -11"><span class='ocrx_word' id='word_1_862' title='bbox 242 5779 305 5832; x_wconf 84' lang='grc' dir='ltr'><strong>Ὀ</strong></span> <span class='ocrx_word' id='word_1_863' title='bbox 337 5777 429 5831; x_wconf 76' lang='grc' dir='ltr'><strong>οὖν</strong></span> <span class='ocrx_word' id='word_1_864' title='bbox 468 5774 667 5843; x_wconf 71' lang='grc' dir='ltr'><strong>ταύτης</strong></span> <span class='ocrx_word' id='word_1_865' title='bbox 692 5772 875 5841; x_wconf 76' lang='grc' dir='ltr'><strong>πατὴρ</strong></span> <span class='ocrx_word' id='word_1_866' title='bbox 907 5771 995 5823; x_wconf 80' lang='grc' dir='ltr'><strong>τὸν</strong></span> <span class='ocrx_word' id='word_1_867' title='bbox 1021 5771 1167 5823; x_wconf 86' lang='grc' dir='ltr'><strong>ὅσιον</strong></span> <span class='ocrx_word' id='word_1_868' title='bbox 1204 5768 1295 5822; x_wconf 70' lang='grc' dir='ltr'><strong>επὶ</strong></span> <span class='ocrx_word' id='word_1_869' title='bbox 1323 5767 1448 5820; x_wconf 90' lang='grc' dir='ltr'><strong>νοῦν</strong></span> <span class='ocrx_word' id='word_1_870' title='bbox 1476 5767 1655 5821; x_wconf 70' lang='grc' dir='ltr'><strong>λαϐὼν</strong></span> <span class='ocrx_word' id='word_1_871' title='bbox 1682 5767 1805 5836; x_wconf 75' lang='grc' dir='ltr'><strong>ἄγει</strong></span> <span class='ocrx_word' id='word_1_872' title='bbox 1902 5789 1906 5813; x_wconf 69' lang='grc' dir='ltr'><strong>ε</strong></span> 
     </span>
    </p>
   </div>
   <div class='ocr_carea' id='block_1_113' title="bbox 1814 5767 3478 5843">
    <p class='ocr_par' dir='ltr' id='par_1_113' title="bbox 1902 5769 3478 5838">
     <span class='ocr_line' id='line_1_113' title="bbox 1902 5769 3478 5838; baseline 0.006 -20"><span class='ocrx_word' id='word_1_873' title='bbox 1902 5780 2063 5836; x_wconf 87' lang='lat' dir='ltr'><strong>quem</strong></span> <span class='ocrx_word' id='word_1_874' title='bbox 2088 5769 2240 5837; x_wconf 86' lang='lat' dir='ltr'><strong>prius</strong></span> <span class='ocrx_word' id='word_1_875' title='bbox 2274 5770 2533 5833; x_wconf 83' lang='lat' dir='ltr'><strong>diximus,</strong></span> <span class='ocrx_word' id='word_1_876' title='bbox 2564 5779 2617 5824; x_wconf 93' lang='lat' dir='ltr'><strong>et</strong></span> <span class='ocrx_word' id='word_1_877' title='bbox 2641 5771 2881 5838; x_wconf 84' lang='lat' dir='ltr'><strong>graviter</strong></span> <span class='ocrx_word' id='word_1_878' title='bbox 2906 5773 3205 5826; x_wconf 78' lang='lat' dir='ltr'><strong>vexabatur</strong></span> <span class='ocrx_word' id='word_1_879' title='bbox 3227 5787 3258 5827; x_wconf 90' lang='lat' dir='ltr'><strong>a</strong></span> <span class='ocrx_word' id='word_1_880' title='bbox 3282 5773 3478 5826; x_wconf 59' lang='lat' dir='ltr'><strong>demo-</strong></span> 
     </span>
    </p>
   </div>
   <div class='ocr_carea' id='block_1_114' title="bbox 232 5857 1896 5941">
    <p class='ocr_par' dir='ltr' id='par_1_114' title="bbox 232 5857 1807 5941">
     <span class='ocr_line' id='line_1_114' title="bbox 232 5857 1807 5941; baseline -0.008 -18"><span class='ocrx_word' id='word_1_881' title='bbox 232 5868 371 5941; x_wconf 69' lang='grc' dir='ltr'><strong>πρδς</strong></span> <span class='ocrx_word' id='word_1_882' title='bbox 405 5865 567 5922; x_wconf 76' lang='grc' dir='ltr'><strong>αύτδν</strong></span> <span class='ocrx_word' id='word_1_883' title='bbox 612 5862 711 5934; x_wconf 81' lang='grc' dir='ltr'><strong>τὴν</strong></span> <span class='ocrx_word' id='word_1_884' title='bbox 756 5861 923 5916; x_wconf 85' lang='grc' dir='ltr'><strong>παῖδα</strong></span> <span class='ocrx_word' id='word_1_885' title='bbox 959 5862 1026 5933; x_wconf 69' lang='grc' dir='ltr'><strong>τῇ</strong></span> <span class='ocrx_word' id='word_1_886' title='bbox 1079 5860 1283 5931; x_wconf 77' lang='grc' dir='ltr'><strong>φυσικῇ</strong></span> <span class='ocrx_word' id='word_1_887' title='bbox 1340 5860 1541 5927; x_wconf 74' lang='grc' dir='ltr'><strong>στοργῇ</strong></span> <span class='ocrx_word' id='word_1_888' title='bbox 1596 5857 1807 5930; x_wconf 87' lang='grc' dir='ltr'><strong>θέρμην</strong></span> 
     </span>
    </p>
   </div>
   <div class='ocr_carea' id='block_1_115' title="bbox 1817 5857 3481 5941">
    <p class='ocr_par' dir='ltr' id='par_1_115' title="bbox 1904 5860 3481 5935">
     <span class='ocr_line' id='line_1_115' title="bbox 1904 5860 3481 5935; baseline 0.003 -22"><span class='ocrx_word' id='word_1_889' title='bbox 1904 5874 1995 5916; x_wconf 90' lang='lat' dir='ltr'><strong>ne.</strong></span> <span class='ocrx_word' id='word_1_890' title='bbox 2027 5860 2161 5932; x_wconf 83' lang='lat' dir='ltr'><strong>Ejus</strong></span> <span class='ocrx_word' id='word_1_891' title='bbox 2211 5877 2339 5935; x_wconf 80' lang='lat' dir='ltr'><strong>ergo</strong></span> <span class='ocrx_word' id='word_1_892' title='bbox 2373 5873 2549 5932; x_wconf 83' lang='lat' dir='ltr'><strong>pater.</strong></span> <span class='ocrx_word' id='word_1_893' title='bbox 2607 5876 2735 5920; x_wconf 88' lang='lat' dir='ltr'><strong>cum</strong></span> <span class='ocrx_word' id='word_1_894' title='bbox 2781 5872 3004 5920; x_wconf 89' lang='lat' dir='ltr'><strong>sanctus</strong></span> <span class='ocrx_word' id='word_1_895' title='bbox 3049 5864 3102 5921; x_wconf 84' lang='lat' dir='ltr'><strong>ei</strong></span> <span class='ocrx_word' id='word_1_896' title='bbox 3140 5864 3381 5921; x_wconf 86' lang='lat' dir='ltr'><strong>venisset</strong></span> <span class='ocrx_word' id='word_1_897' title='bbox 3429 5864 3481 5918; x_wconf 89' lang='lat' dir='ltr'><strong>in</strong></span> 
     </span>
    </p>
   </div>
  </div>
