4214 6444
775 381 890 449 995

1941 381 2332 442 ADDENDA.
2368 403 2438 414 -
2473 379 2903 446 ΒΕΟΕΜΒΕΒ.

3972 387 4081 454 996

775 506 1039 560 mentem,
1069 495 1136 550 ad
1185 495 1364 566 ipsum
1418 495 1576 551 ducit
1625 495 1818 560 ﬁliam,
1853 496 2090 550 naturali
2135 496 2366 549 benevo-

2477 493 2646 562 ἇλλην
2669 498 2914 567 κεράσας
2943 495 3040 550 καὶ
3063 497 3163 570 τὴν
3181 499 3247 554 tat
3279 501 3540 566 πίστεως.
3582 504 3735 575 ’Δμα
3761 502 3865 561 οὖν
3885 511 3948 563 αι
3982 511 4080 563 τοῦ

775 591 959 647 lentia:
1011 589 1181 644 alium
1218 589 1588 644 commiscens
1635 589 1916 654 ardorem,
1969 601 2169 657 nempe
2219 585 2366 640 ﬁdei.

776 680 951 736 Simul
1000 686 1164 749 atque
1198 696 1329 750 ergo
1358 679 1531 734 sancti
1565 693 1758 733 manus
1793 680 1913 749 ejus
1951 679 2116 749 capiti
2146 678 2371 732 fuerunt

777 773 1078 842 imposita,
1114 771 1338 842 fugatus
1386 780 1474 826 est
1519 773 1770 841 spiritus,
1798 778 1856 826 et
1901 785 2023 840 qua
2061 769 2368 824 laborabat.

779 864 968 918 statim
1002 874 1300 933 conspecta
1329 872 1416 918 est
1451 878 1606 919 sana.
1655 863 1828 918 Porro
1858 870 2044 917 autem
2073 862 2202 916 huic
2228 875 2370 931 quo-

775 973 884 1030 que
917 956 1186 1012 miracqu
1230 955 1336 1010 fuit
1369 957 1604 1010 alterum
1643 958 2023 1027 conjunctum.
2070 955 2188 1010 lam
2220 953 2369 1008 enim

773 1049 952 1120 Cyrus
985 1056 1177 1103 sancto
1205 1048 1366 1103 valde
1393 1047 1700 1114 conﬁdens,
1731 1048 1854 1118 ejus
1880 1046 2145 1102 utebatur
2170 1045 2365 1116 gratia.

777 1142 932 1198 Unde
984 1141 1149 1197 etiam
1210 1157 1438 1196 uxorem
1501 1143 1648 1212 ejus,
1699 1141 1788 1196 cui
1848 1156 2078 1196 suorum
2111 1154 2368 1210 agrorum

777 1237 957 1290 luerat
981 1235 1238 1288 mandata
1271 1251 1424 1299 cura,
1457 1251 1579 1304 qua:
1627 1235 1741 1305 ipsa
1775 1248 1992 1303 quoque
2020 1244 2142 1287 erat
2167 1232 2370 1287 daemo-

775 1330 954 1392 niaca,
1010 1329 1170 1383 duxit
1215 1329 1283 1382 ad
1331 1329 1544 1399 ipsum.
1597 1329 1789 1400 Neque
1845 1344 1972 1384 eum
2021 1343 2120 1382 sua
2177 1325 2372 1380 fefellit

775 1421 1002 1483 ﬁducia.
1053 1421 1150 1476 sed
1184 1436 1248 1477 ea
1281 1437 1505 1492 quoque
1558 1436 1683 1478 cum
1735 1420 1843 1474 ﬁlia
1879 1419 2140 1472 mundata
2189 1417 2294 1472 fuit
2339 1433 2370 1472 a

776 1513 927 1568 rabie
979 1511 1262 1566 damonis.
1297 1511 1404 1565 Pro
1449 1511 1652 1581 quibus
1702 1509 1769 1564 iis
1823 1508 2015 1578 utique
2063 1520 2286 1577 magnas
2319 1503 2369 1557 ei

777 1603 982 1658 habens
1013 1612 1070 1658 et
1123 1618 1290 1674 agens
1329 1603 1530 1672 gratias
1575 1609 1728 1668 (crat
1757 1599 1903 1655 enim
1949 1599 2034 1652 vir
2061 1598 2278 1660 doctus,
2317 1603 2372 1651 et

776 1695 1033 1750 humanis
1077 1695 1277 1750 litteris
1307 1693 1618 1761 eruditus),
1665 1694 1720 1747 in
1757 1693 1936 1762 posits
1968 1691 2081 1744 illic
2114 1689 2370 1744 columna

665 1827 676 1837 .
772 1788 1106 1856 epigramma
1155 1786 1341 1857 postea
1368 1785 1677 1853 insculpsit,
1715 1783 1865 1854 quod
1904 1785 1986 1838 sic
2023 1781 2191 1836 habet
2224 1799 2239 1835 :
2270 1779 2370 1836 Hic

772 1887 881 1932 stat
908 1879 1012 1939 vir,
1064 1879 1307 1947 undique
1356 1876 1662 1945 impetitur,
1717 1885 1774 1931 et
1807 1885 1998 1931 ventos
2042 1891 2153 1929 non
2186 1875 2361 1929 timet.

772 1971 1070 2026 Ambrosio
1107 1981 1290 2025 autem
1327 1969 1501 2025 utitur
1547 1971 1835 2032 alimento,
1889 1977 1946 2022 et
1993 1967 2085 2021 siti
2137 1974 2363 2036 experte

771 2061 1094 2127 sanguinis;
1131 2062 1272 2115 actis
1304 2076 1436 2116 vero
1467 2059 1768 2123 radicibus,
1791 2058 2042 2113 fundavit
2064 2058 2360 2113 adiﬁcium

2396 1843 2445 1901 B

2472 585 2632 652 ἁγίου
2664 589 2844 658 χεῖρες
2872 590 2940 659 τῇ
2963 589 3176 660 κεφαλῇ
3199 590 3368 662 αὐτῆς
3389 594 3725 664 επετίθιντο,
3756 599 3823 651 τὸ
3845 597 4079 668 πνεῦμα

2472 677 2863 746 ἐφυγαδεύετο,
2901 680 3000 733 καὶ
3045 681 3206 753 ὑγιὴς
3235 683 3400 749 εὐθὺς
3433 687 3467 756 ἡ
3517 687 3808 758 πάσχουσα
3855 693 4074 746 καθεω-

2473 768 2628 838 ρᾶτο.
2672 769 2888 838 ’Δμέλει
2917 772 3013 824 καὶ
3037 771 3117 842 τῷ
3147 773 3378 845 τοιούτῳ
3405 775 3644 847 θαύματι
3670 779 3862 850 θαῦμα
3897 784 4076 852 συνή-

2473 875 2637 913 πτετο
2665 861 2877 932 ἕτερον.
2917 863 3062 936 Ἤδη
3087 865 3199 936 γὰρ
3227 868 3256 919 6
3283 867 3466 939 Κῦρος
3493 872 3567 924 τὰ
3597 873 3816 941 μεγάλα
3842 873 4076 947 θαῤῥῶν

2470 953 2608 1019 πρὸς
2640 952 2734 1005 τὶν
2764 953 2922 1021 ἅγιον
2951 956 3018 1027 τῇ
3069 955 3240 1010 αὐτοῦ
3283 959 3470 1030 χάριτι
3511 963 3949 1035 καταχρώμενος
3979 963 4072 1039 ἦν.

2473 1041 2637 1095 Ὅθεν
2686 1048 2780 1100 καὶ
2825 1046 2924 1118 τὴν
2955 1052 3194 1116 γυναῖκα
3225 1051 3321 1105 τοῦ
3369 1053 3482 1107 τῶν
3513 1057 3703 1128 ἀγρῶν
3755 1058 3930 1114 αὐτοῦ
3967 1064 4073 1131 τὴν

2472 1137 2731 1226 φροντίδα
2785 1143 3227 1212 πεπιστευμένου
3281 1146 3634 1217 δσιμονῶσαν
3688 1152 3784 1206 καὶ
3853 1155 4070 1226 ταύτην

2470 1223 2637 1282 οὖσαν
2674 1231 2807 1299 πρὸς
2843 1233 3006 1286 αὐτὸν
3036 1235 3239 1304 ῆγαγε,
3280 1239 3375 1292 καὶ
3416 1240 3637 1312 θαρῤὦν
3670 1245 3769 1314 οὐχ
3799 1223 4072 1317 ἡμάρτα-

2471 1337 2582 1384 νεν,
2619 1321 2757 1376 ἀλλα
2807 1327 2903 1378 καὶ
2932 1327 3138 1396 ταύτην
3181 1331 3324 1399 μετὰ
3354 1333 3454 1402 τῆς
3485 1332 3759 1407 Θυγατρὺς
3792 1335 3914 1409 εἶχε
3944 1341 4071 1395 6m-

2473 1413 2664 1482 μονίας
2702 1414 2904 1486 λύσσης
2937 1419 3364 1492 κεκαθαρμένην
3389 1440 3404 1454 ’
3439 1425 3583 1496 ὑπὲρ
3615 1419 3692 1482 ὧν
3721 1430 3787 1498 δὴ
3838 1436 3938 1484 καὶ
3972 1451 4072 1502 με.

2470 1505 2642 1572 τάλας
2668 1507 2952 1576 όμολογῶν
2979 1511 3213 1582 χάριτας
3242 1513 3364 1582 (καὶ
3393 1518 3506 1588 γὰρ
3546 1519 3676 1590 περὶ
3705 1521 3906 1590 λόγους
3953 1520 4071 1595 εῐχε

2472 1597 2568 1649 καὶ
2594 1597 2693 1668 τὴν
2735 1599 3060 1673 Ἑλληνικὴν
3092 1607 3287 1671 σοφίαν
3327 1609 3682 1678 πεπαίδευτο)
3724 1614 4069 1684 ἐπίγραμμα

2471 1687 2548 1757 τῷ
2585 1689 2811 1760 ὕστερον
2859 1693 3008 1764 αύτῷ
3055 1695 3325 1764 ἱδρυθέντι
3376 1700 3516 1755 κίονι
3566 1703 3904 1775 ινεκόλαψεν
3944 1708 4070 1776 ἔχον

2473 1781 2649 1845 οὕτως
2673 1799 2689 1814 ⁸
2723 1784 2969 1840 Ἰσταται
3004 1790 3145 1859 ἀνὴρ
3197 1790 3466 1848 πάντοθεν
3498 1797 3802 1867 ἀρνύμενος
3857 1802 3955 1853 καὶ
4004 1802 4066 1852 ού

2471 1873 2717 1942 τρομέων
2749 1875 2986 1946 ἀνέμους
3007 1894 3022 1910 ο
3049 1883 3226 1951 τροφῇ
3267 1882 3313 1936 δ’
3346 1884 3626 1958 ἀμύροσίῃ
3664 1892 3936 1960 τρέφεται
3970 1893 4064 1945 καὶ

2471 1966 2725 2034 ἀναίμονι
2751 1967 2905 2040 δίψῃ.
2934 1972 3134 2042 τεύχεα
3168 1972 3409 2043 ῥιζώσας
3452 1978 3592 2034 κίονι
3639 1982 3932 2053 διχθαδίῳ.
3962 1985 4064 2036 Συ·

2472 2056 2620 2127 μεὼν
2648 2058 2706 2112 δὲ
2754 2060 2880 2132 ῥίζα
2909 2062 3030 2117 υἱέα
3073 2066 3362 2135 κηρύττων
3408 2071 3618 2142 μητρὸς
3645 2075 4060 2146 ἁπειρογάμου.

771 2153 1026 2208 columna
1080 2153 1304 2222 duplici.
1340 2152 1645 2208 Estantem
1681 2151 1836 2206 radis
1887 2149 2133 2217 Simeon,
2179 2151 2358 2206 ﬁlium
2394 2151 2706 2222 predicans
2763 2157 2979 2223 matris,
3029 2174 3152 2229 quin
3201 2178 3311 2220 non
3380 2177 3466 2222 est
3517 2177 3745 2238 experta
3813 2173 4059 2242 nuptias.

772 2246 880 2302 Sed
912 2247 1026 2301 haec
1056 2248 1278 2316 quidem
1306 2249 1407 2305 sic.

842 2343 962 2397 XX.
1001 2344 1274 2415 Deinceps
1324 2359 1456 2399 vero
1503 2354 1620 2400 erat
1649 2343 1875 2413 quidem
1922 2343 2064 2410 dies,
2111 2341 2367 2397 omnium

773 2436 989 2490 dierum
1041 2437 1368 2506 praecipuus.
1408 2437 1502 2492 Vir
1539 2445 1723 2491 autem
1765 2437 1988 2506 quidam
2022 2450 2087 2491 es
2134 2434 2226 2501 iis,
2273 2435 2368 2505 qui

772 2543 941 2598 prope
973 2528 1245 2582 Euxinum
1301 2539 1532 2599 pontum
1580 2527 1923 2590 habitabant,
1956 2527 2108 2580 venit
2135 2526 2372 2581 aﬁ‘erens

776 2621 976 2687 ﬁlium,
1023 2622 1118 2690 qui
1177 2622 1293 2690 ipse
1350 2636 1572 2691 quoque
1620 2619 2009 2691 possidebatur
2055 2618 2280 2689 quidem
2339 2632 2370 2672 a

773 2714 1039 2779 daemone,
1085 2714 1181 2770 sed
1227 2723 1346 2770 erat
1367 2713 1578 2784 alioqui
1641 2721 1699 2768 et
1735 2712 1938 2768 surdus
1975 2719 2033 2765 et
2072 2719 2280 2774 mutus,
2314 2718 2371 2766 et

773 2809 991 2875 qualem
1025 2822 1248 2863 curasse
1279 2805 1563 2862 Christum
1618 2805 1821 2860 docent
1877 2804 2196 2875 Evangelia.
2230 2803 2371 2858 Cum

775 2909 963 2955 autem
1021 2899 1292 2954 columna:
1345 2899 1456 2970 jam
1509 2897 2018 2969 appropinquarent
2064 2895 2210 2951 ﬁlius
2247 2909 2374 2949 cum

775 3002 950 3063 patre,
984 2992 1274 3046 excutiens
1313 3006 1552 3062 puerum
1597 2991 1832 3051 daemon,
1871 2998 1929 3044 et
1959 2987 2204 3043 avellens
2245 3001 2373 3042 eum

774 3085 844 3140 ab
879 3084 1032 3155 ipsis,
1068 3084 1163 3153 qui
1198 3084 1379 3152 ipsum
1412 3082 1698 3148 tenebant,
1728 3081 1947 3151 impulit
1982 3095 2109 3136 eum
2143 3080 2210 3134 ad
2243 3093 2366 3133 sca-

2541 2339 2625 2396 κ’.
2657 2340 2738 2393 Τὰ
2762 2341 2820 2395 δι
2854 2343 2983 2409 ἑξῆς
3035 2346 3223 2417 ἡμέρα
3255 2343 3324 2419 ἦν
3356 2351 3390 2420 ὴ
3429 2351 3599 2422 κυρία
3645 2351 3758 2406 τῶν
3808 2354 4056 2426 ἡμερῶν.

2479 2433 2652 2503 ’Λνὴρ
2678 2433 2735 2486 δέ
2760 2451 2846 2499 τις
2871 2435 2981 2490 τῶν
3015 2439 3171 2507 παρὰ
3201 2439 3296 2492 τδν
3323 2441 3581 2506 Εὔξεινον
3610 2445 3806 2500 πόντον
3850 2449 4060 2501 οίκούν-

2467 2541 2581 2577 των
2627 2518 2734 2594 ἧκε
2791 2529 2960 2581 παῖδα
3013 2527 3260 2598 κομίζων
3319 2531 3539 2602 δαίμονι
3592 2535 3692 2606 μὲν
3743 2539 3844 2590 καὶ
3895 2540 4059 2593 αὐτὸν

2469 2615 2806 2685 κατάσχετον
2842 2619 2996 2684 ὅντα,
3029 2619 3172 2690 πλὴν
3201 2621 3372 2677 ⁴τᾶλλα
3418 2628 3605 2694 κωφόν
3637 2644 3696 2681 τε
3730 2630 3825 2682 καὶ
3861 2630 4057 2684 ἄλαλον

2471 2709 2567 2761 καὶ
2594 2709 2781 2762 όποῐον
2807 2710 2874 2781 δὴ
2919 2712 3014 2764 τὸν
3053 2713 3293 2785 Χριστὸν
3327 2715 3664 2787 θεραπεῦσαι
3699 2723 3769 2774 τὰ
3802 2723 4054 2791 Εὐαγγέ-

2469 2798 2580 2854 λια.
2628 2799 2716 2864 Ὠς
2745 2799 2842 2853 οὖν
2865 2803 2970 2872 ἠδη
2991 2802 3068 2872 τῷ
3103 2804 3284 2876 στύλφ
3307 2810 3677 2879 προσήτγιζον
3698 2812 3730 2864 6
3757 2816 3893 2877 παις
3919 2818 4056 2884 μετα

2476 2889 2573 2943 τοῦ
2607 2894 2837 2962 πατρὸς,
2871 2896 3158 2962 ικτινάξας
3187 2901 3216 2952 6
3245 2900 3458 2970 δαίμων
3488 2902 3584 2957 τὸν
3617 2905 3784 2958 παῖδα
3812 2909 3916 2958 καὶ
3947 2907 4056 2960 τῶν

2471 2984 2823 3052 κρατούντων
2867 2988 3033 3040 αὐτὸν
3079 2990 3412 3056 ἀποσπάσας
3442 2993 3611 3064 ἥλασε
3641 2996 3778 3066 πρὸς
3816 2998 3921 3068 τὴν
3946 2999 4059 3051 κλί-

2478 3093 2628 3162 μακα
2669 3078 2792 3148 ἥτις
2839 3081 3211 3154 ἐρηρεισμένη
3246 3086 3370 3140 τότε
3420 3087 3501 3156 τῷ
3545 3089 3724 3160 στύλῳ
3762 3091 4055 3162 έτύγχανε.

774 3165 877 3240 las,
901 3140 1054 3246 'qua‘.
1085 3140 1236 3230 tunc'
1272 3174 1493 3245 quidem
1532 3140 1753 3228 fuerant
1774 3140 2009 3227 admota
2059 3171 2363 3234 columna;

2475 3140 2586 3223 Ital
2616 3187 2644 3226 ο
2822 3140 2987 3237 didii;
3017 3140 3118 3244 τῆς
3164 3140 3434 3248 κλίμακος

772 3275 829 3322 et
858 3267 951 3321 ille
985 3263 1214 3335 quidem
1254 3265 1512 3334 protinus
1545 3262 1877 3318 ascendebat
1907 3261 2102 3328 scalas;
2141 3269 2365 3315 sanctus

772 3370 908 3410 vero
937 3354 1180 3425 desuper
1231 3353 1532 3423 aspiciens,
1572 3352 1746 3407 Deum
1782 3350 2033 3422 rogabat.
2079 3348 2367 3417 Quomodo

770 3446 920 3500 enim
947 3461 1056 3500 non
1088 3460 1119 3500 a
1146 3444 1396 3500 daemone
1423 3460 1454 3499 e
1490 3443 1654 3500 scalis
1677 3445 1977 3515 proiectus,
2011 3443 2205 3498 fuisset
2236 3457 2370 3499 con-

772 3538 1004 3604 fractus,
1056 3537 1162 3593 nisi
1198 3539 1245 3593 is
1296 3537 1620 3593 retinuisset
1653 3536 1957 3592 daemonem
2012 3534 2368 3604 precatione?

771 3630 891 3685 Non
939 3643 1068 3700 ergo
1115 3629 1167 3684 ei
1202 3645 1395 3684 manus
1448 3629 1736 3699 imposuit,
1794 3641 1976 3696 neque
2014 3625 2168 3691 fecit,
2238 3639 2361 3696 qua

768 3722 898 3776 aliis
946 3720 1129 3776 facere
1181 3728 1564 3783 consueverat,
1597 3718 1695 3772 sed
1727 3717 1819 3773 ille
1852 3714 2074 3786 quidem
2108 3714 2368 3784 precaba-

771 3821 865 3867 tur
886 3814 1163 3883 superius.
1203 3812 1346 3866 Puer
1383 3820 1568 3866 autem
1598 3825 1724 3866 cum
1753 3817 1904 3865 esset
1932 3806 2118 3862 adhuc
2177 3805 2369 3861 inferi-

771 3920 858 3965 us.
888 3915 944 3960 et
977 3905 1045 3959 ad
1071 3905 1280 3960 medias
1321 3904 1496 3959 scalas
1525 3903 1772 3958 nondum
1798 3901 2168 3972 pervenisset,
2221 3897 2368 3953 sani-

773 4005 939 4052 tatem
994 4005 1080 4051 est
1131 4006 1437 4051 assecutus.
1503 3994 1643 4052 Cum
1701 3995 1867 4050 unius
1915 4003 2128 4049 tantum
2182 3992 2370 4049 fecero

773 4089 1133 4154 mentionem,
1171 4090 1405 4144 aliorum
1462 4103 1564 4144 suo
1596 4097 1845 4158 tempore
1870 4085 2199 4142 meminero.

842 4178 984 4235 XXI.
1006 4181 1228 4251 Magnus
1245 4180 1369 4234 Leo.
1380 4180 1472 4249 qui
1494 4181 1796 4234 Romanum
1814 4178 2033 4249 quidem
2053 4176 2368 4248 imperium,

770 4284 1024 4330 naturam
1065 4287 1246 4330 autem
1285 4289 1474 4343 regere
1515 4269 1625 4327 nun
1675 4280 1914 4342 poterat,
1965 4269 2062 4326 sed
2097 4270 2284 4340 proles
2315 4271 2369 4325 ei

769 4367 958 4422 deerat
990 4367 1253 4432 mascula,
1286 4367 1419 4437 quid
1450 4365 1614 4420 facit?
1667 4364 1927 4435 Confugit
1945 4363 2012 4418 ad
2045 4365 2217 4418 Deum
2247 4378 2368 4416 om-

2467 3261 2615 3326 ὅσιος
2649 3264 2857 3319 ἄνωθεν
2884 3265 3032 3336 όρῶν
3063 3266 3246 3320 ιδέετο
3289 3268 3385 3322 τοῦ
3433 3269 3594 3340 Θεοῦ.
3630 3273 3740 3326 Καὶ
3790 3275 3916 3340 πῶς
3945 3280 4054 3349 γὰρ

2467 3353 2568 3408 οὐκ
2604 3354 2671 3407 ἂν
2698 3355 2804 3408 ὑπὸ
2843 3355 2938 3409 τού
2984 3355 3241 3425 δαίμονος
3271 3360 3452 3429 ριφεὶς
3482 3361 3584 3431 τῆς
3631 3361 3909 3432 κλίμακος
3957 3384 4055 3422 κα-

2466 3447 2664 3518 τεάγη,
2713 3450 2764 3500 εί
2817 3447 2894 3519 μὴ
2929 3450 3308 3520 προκατέσχεν
3355 3447 3512 3516 οὗτος
3558 3457 3652 3508 τὸν
3698 3457 3937 3528 δαίμονα
3987 3464 4051 3532 τῇ

2468 3538 2603 3609 εὐχῇ
2627 3554 2644 3604 ;
2674 3537 2884 3594 Οὔκουν
2912 3541 3064 3611 αύτῷ
3089 3541 3191 3606 τὰς
3216 3544 3405 3614 χεῖρας
3432 3545 3725 3617 ιπέοηκεν,
3757 3551 3882 3604 οὐδὲ
3914 3554 4052 3623 ᾇπερ

2468 3632 2561 3685 ἐπὶ
2584 3633 2696 3694 τοῖς
2727 3631 3043 3704 ἔμπροσθεν
3072 3633 3257 3688 εἰώθει
3296 3638 3472 3692 ποιεῖν
3505 3637 3760 3709 έδρασεν,
3794 3643 3917 3696 ἀλλ’
3943 3645 4050 3699 ἄνω

2471 3724 2572 3794 μὶν
2601 3725 2808 3788 ἐκεῖνος
2833 3723 3052 3795 ηὔχετο,
3081 3729 3230 3782 κάτω
3259 3727 3316 3781 δὲ
3345 3728 3421 3781 ὢν
3443 3730 3473 3781 6
3501 3733 3631 3794 παῖς
3655 3731 3739 3784 [st
3766 3734 3865 3787 καὶ
3890 3737 4049 3805 μήπω

2469 3815 2539 3868 τὰ
2566 3815 2709 3884 μέσα
2737 3815 2836 3885 τῆς
2866 3817 3135 3886 κλίμακος
3170 3817 3430 3887 έφθακὼς
3457 3820 3559 3890 τῆς
3583 3822 3891 3892 θεραπείας
3921 3827 4047 3880 ag.

2469 3904 2656 3960 λαυεν.
2693 3904 2846 3969 Ἐνδς
2869 3906 2951 3959 ῑτι
2979 3907 3139 3977 μόνου
3169 3908 3434 3978 μνησθεὶς
3452 3910 3564 3965 τῶν
3582 3911 3764 3968 ἄλλων
3791 3915 3853 3967 ιν
3877 3916 4047 3986 καιρῷ

2471 3998 2636 4053 πάλιν
2680 3998 2797 4069 ιδίῳ
2829 3999 3236 4070 μνησθήσομαι.

2542 4174 2674 4230 KA'.
2719 4175 2873 4230 Λέων
2919 4178 2948 4230 6
2990 4176 3163 4246 μέγας
3208 4178 3434 4246 ἐκράτει
3488 4178 3588 4248 μιν
3622 4179 3722 4248 τῆς
3767 4179 4045 4251 Ῥωμαίων

2469 4267 2669 4339 ἀρχῆς,
2695 4267 2898 4338 ἥκιστα
2926 4269 2985 4322 δὲ
3016 4270 3111 4321 καὶ
3142 4268 3358 4337 φύσεως
3385 4265 3500 4338 εἶχε
3531 4273 3777 4340 κρατεῖν,
3810 4274 3930 4325 ἀλλ’
3956 4275 4042 4345 ἆῤ-

2473 4361 2631 4431 ρενος
2657 4360 2877 4430 ῆμοίρει
2901 4359 3088 4432 γονῆς.
3122 4359 3188 4415 Τί
3218 4355 3313 4415 οὖν
3341 4363 3520 4425 noui;
3563 4363 3684 4414 Ἐπὶ
3709 4365 3805 4416 τὸν
3839 4366 4042 4419 πάντων

772 4463 922 4516 nium
974 4462 1296 4524 Dominum,
1334 4458 1479 4529 apud
1526 4459 1706 4529 ipsum
1745 4456 1971 4512 Daniele
2011 4472 2147 4512 usus
2193 4455 2366 4510 inter-

2473 4453 2780 4523 κρατοῦντα
2809 4453 3145 4522 καταφεύγει
3187 4453 3346 4518 Θεὸν,
3375 4455 3572 4526 μεσίτῃ
3609 4457 3747 4527 πρὸς
3778 4458 3945 4513 αὐτὸν
3974 4459 4042 4528 τῷ

770 4568 1012 4609 cessare.
1055 4553 1150 4608 Ille
1199 4567 1330 4608 vero
1370 4551 1576 4622 paruit,
1623 4558 1680 4605 et
1715 4565 1861 4605 anno
1901 4548 2156 4618 sequenti
2213 4548 2362 4617 pari-

773 4657 952 4703 turam
984 4663 1106 4704 esse
1134 4661 1361 4702 uxorem
1400 4645 1653 4712 protinus
1675 4641 2027 4712 signiﬁcavit.
2065 4643 2174 4697 Res
2203 4656 2358 4710 crgo,

771 4749 831 4795 ut
882 4740 1118 4799 dixerat.
1153 4735 1439 4800 successit,
1495 4743 1552 4788 et
1603 4743 1798 4787 natura
1843 4729 2010 4785 cessit
2064 4727 2360 4799 precibus:

769 4849 879 4888 non
931 4831 1109 4886 solum
1170 4829 1240 4882 ad
1277 4829 1402 4900 hoc,
1463 4834 1525 4879 ut
1559 4823 1719 4879 daret
1791 4822 1988 4888 ﬁlium,
2023 4820 2118 4875 sed
2153 4820 2220 4874 ad
2256 4821 2362 4876 hoc

767 4929 958 4988 etiam,
983 4934 1042 4977 ut
1063 4925 1217 4977 daret
1249 4921 1341 4976 illo
1371 4930 1641 4989 tempore,
1669 4931 1780 4987 quo
1809 4914 1985 4971 sancti
2020 4929 2082 4968 os
2111 4914 2358 4968 divinum

772 5017 1121 5088 praedixerat.
1153 5014 1245 5070 Sic
1271 5014 1361 5067 ille
1383 5027 1494 5066 non
1523 5011 1706 5066 solum
1741 5018 1862 5066 erat
1895 5006 2042 5062 ﬁlius
2073 5006 2354 5076 precatio-

2470 4545 2671 4615 Δανιὴλ
2697 4546 3067 4616 χρησάμενος.
3104 4547 3214 4599 Καὶ
3245 4546 3305 4609 ὃς
3352 4540 3620 4617 ύπήκουε,
3661 4549 3761 4602 καὶ
3789 4551 3874 4603 ὅτι
3904 4551 4041 4616 τέξει

2469 4649 2559 4688 ται
2583 4635 2618 4705 ἡ
2655 4635 2792 4706 γυνὴ
2815 4635 2878 4689 τὺ
2907 4636 3062 4690 έπιὸν
3088 4636 3209 4700 ho;
3245 4635 3409 4700 εὐθὺς
3433 4638 3660 4709 ἐμήνυε.
3690 4639 3926 4708 Γέγονεν
3956 4639 4041 4696 οὖν

2469 4725 2602 4779 αὐτὸ
2629 4729 2862 4796 πρᾶγμα
2894 4727 2956 4781 τὸ
2983 4727 3158 4799 ῥῆμα,
3201 4728 3295 4781 καὶ
3335 4731 3456 4793 ταῖς
3491 4729 3677 4800 εὐχαῖς
3708 4725 3856 4794 εἰξεν
3883 4735 3916 4803 ἡ
3949 4734 4039 4802 νύ·

2471 4815 2641 4881 σιςόύ
2681 4819 2867 4872 δοῦναι
2900 4821 3060 4889 μόνον
3089 4821 3230 4883 υἱὸν.
3270 4821 3409 4875 ἀλλὰ
3432 4823 3529 4876 καὶ
3568 4823 3692 4876 κατ’
3728 4825 3942 4880 sulm
3971 4829 4038 4880 δεὶ

2463 4913 2555 4964 τὸν
2603 4911 2799 4979 καιρὸν
2823 4911 3009 4966 δοῦναι
3059 4914 3182 4966 καθ’
3223 4914 3284 4968 ὃν
3329 4916 3392 4968 τὸ
3431 4915 3688 4985 Θεοφόρον
3733 4921 3915 4987 στόμα
3958 4920 4037 4971 τοῦ

2463 5007 2623 5076 ἁγίου
2651 5008 2962 5078 προέλεξτν.
2999 5009 3185 5074 Οὕτως
3215 5012 3424 5073 ἐκεῖνος
3452 5011 3513 5064 ού
3547 5010 3708 5080 μόνον
3735 5010 3907 5083 εὐχῆς
3934 5012 4035 5074 υίὸς

769 5110 877 5174 nis,
907 5107 1001 5161 sed
1041 5107 1209 5162 etiam
1263 5120 1363 5174 per
1395 5118 1591 5174 preces
1624 5101 1790 5157 dabat
1820 5100 1943 5155 aliis
1971 5109 2033 5153 ut
2084 5099 2356 5152 baberent

2470 5095 2548 5172 ἦν,
2567 5100 2705 5153 ἀλλὰ
2728 5103 2950 5164 καὶτοῖς
2979 5101 3161 5165 ἄλλοις
3184 5101 3356 5155 ιδίδου
3375 5102 3520 5172 ἐχειν
3553 5102 3623 5154 δι’
3647 5100 3820 5171 εὐχῆς
3872 5105 4032 5166 υίούς.

770 5201 937 5255 ﬁlios.
963 5198 1178 5254 Idcirco
1233 5212 1362 5252 eum
1409 5209 1768 5250 remunerans
1823 5194 2140 5264 imperator,
2183 5191 2354 5246 tertiae

2470 5187 2647 5243 Ταῦτα
2690 5191 2783 5243 καὶ
2839 5190 3092 5260 βασιλεὺς
3133 5191 3286 5262 αύτῷ
3327 5193 3713 5262 ἀμειϐόμενος,
3746 5194 3938 5264 τρίτου
3961 5195 4031 5248 θε-

771 5294 1046 5348 columna:
1065 5291 1118 5346 ei
1167 5291 1302 5362 jecit
1353 5289 1804 5343 fundamentum.

834 5381 1003 5436 XXII.
1027 5381 1167 5437 Cum
1196 5381 1338 5434 fama
1357 5394 1486 5450 ergo
1505 5388 1756 5434 sanctum
1777 5380 1986 5449 ubique
2004 5377 2355 5450 pradicant,

761 5477 831 5532 ad
883 5489 1012 5531 eum
1049 5475 1200 5528 venit
1246 5473 1562 5543 imperatrix
1624 5471 1970 5542 Eudocia(3)
2001 5487 2125 5543 qua:
2180 5485 2358 5541 nuper

761 5575 978 5622 servata
1035 5580 1106 5621 es
1148 5564 1370 5629 Africa;
1421 5573 1478 5619 et
1545 5579 1796 5634 magnam
1845 5564 2067 5632 quidem
2115 5562 2164 5616 ei
2201 5575 2360 5616 reve-

763 5659 1022 5726 rentiam,
1085 5665 1327 5713 multum
1391 5665 1572 5713 autem
1633 5657 1884 5712 tribuens
1944 5655 2237 5719 honorem,
2299 5661 2356 5707 et

2469 5283 2653 5354 μέλιον
2681 5283 2857 5347 κίονος
2883 5284 3047 5338 αὑτὸν
3083 5285 3434 5342 κατεϐάλετο.

2539 5375 2669 5429 KB’.
2703 5375 2814 5444 Τῆς
2846 5377 3035 5446 φήμης
3066 5371 3160 5430 οὖν
3187 5377 3279 5431 τὸν
3316 5377 3474 5446 ἅγιον
3504 5378 3825 5448 ἁπανταχοῦ
3854 5381 4029 5448 61:17,-

2473 5467 2774 5538 ρυττούσης
2804 5469 3117 5537 ἀφικνεῖται
3153 5471 3291 5540 πρὸς
3325 5471 3488 5524 αύτδν
3518 5472 3614 5524 καὶ
3637 5473 3672 5542 ἡ
3705 5469 3916 5540 βασιλὶς
3941 5471 4020 5524 Εὑ-

2466 5560 2624 5612 δοκία
2655 5561 2720 5613 έκ
2765 5560 2862 5630 τῆς
2891 5561 3117 5632 Ἄφρων
3160 5563 3284 5630 ἄρτι
3318 5561 3504 5633 χώρας
3543 5563 3909 5626 ἀνασωοεῐσα,
3942 5562 4025 5615 καὶ

2470 5651 2674 5722 πολλὴν
2709 5651 2810 5722 μὶν
2835 5651 2992 5721 αίδὼ,
3027 5654 3227 5725 πολλὴν
3259 5653 3316 5707 6's
3349 5653 3517 5724 τιμὴν
3544 5653 3791 5724 νέμουσα
3818 5652 4023 5718 ἀξιοῦσι

834 5799 909 5868 (3)
947 5797 1195 5872 Eudocia
1227 5807 1444 5854 servata
1487 5814 1556 5856 es
1584 5799 1768 5857 Africa
1795 5799 2022 5869 dicitur,
2049 5797 2196 5867 quod
2234 5812 2263 5852 a
2303 5795 2612 5854 Genserico
2639 5796 3040 5856 Wandalorum
3083 5815 3211 5872 rege
3243 5799 3464 5871 captiva
3494 5798 3550 5855 in
3585 5798 3831 5857 Africam
3864 5795 4016 5855 dedu-

761 5877 872 5935 cta,
903 5881 1025 5940 post
1054 5869 1285 5926 dimissa
1321 5881 1425 5925 est.
