4214 6444
198 367 310 434 997

1274 364 1456 427 VITA
1495 365 1556 428 S.
1603 363 1970 427 DANIELIS
2008 364 2382 425 ASTYLIT/E.

3370 369 3475 434 998

197 504 260 539 τε
296 482 459 537 αὑτὸν
482 480 576 535 τοῦ
604 479 703 550 μὶν
726 476 905 542 κίονος
931 474 1240 541 κατελθεῖν,
1268 478 1529 549 φοιτῆσαι
1557 478 1615 531 δὲ
1643 480 1779 546 πρὸς

1891 491 2085 545 rogans
2116 477 2317 545 ipsum,
2360 484 2417 528 ut
2446 474 2513 529 de
2541 477 2798 532 columna
2826 480 3048 549 quidem
3082 481 3469 547 descenderet.

195 580 327 642 τοὺς
373 574 545 644 αὐτῆς
574 574 793 637 τόπους,
843 572 939 627 καὶ
965 570 1189 635 τούτους
1220 570 1463 641 οίκῆσαι.
1508 571 1702 625 Πολλοὶ
1726 571 1781 625 δέ

201 687 317 740 μοι,
349 668 559 737 ίλεγεν,
587 658 755 731 οὗτοι,
789 667 883 719 καί
911 665 1028 735 ἅμα
1067 665 1166 734 μιν
1207 664 1437 735 ἡσυχίας
1469 666 1636 733 φίλοι,
1667 664 1813 748 ἆμα-

196 762 257 816 δὶ
289 759 381 814 καὶ
430 757 791 830 παραμυθίαν
825 757 993 827 ἄλλην
1030 757 1250 826 ὀρέγειν
1281 756 1589 825 δυνάμενοι.
1641 757 1698 808 '0
1726 754 1782 807 δὲ

197 854 301 923 τῆς
336 852 548 922 ἀγαθῆς
579 850 750 920 αὐτὴν
778 850 1005 920 γνώμης
1035 850 1435 919 ἀποδεχόμενος
1468 849 1566 901 οὐκ
1599 850 1780 918 ἔκρινε

202 945 577 1016 μεταδαίνειν,
611 944 725 997 ἀλλ’
746 943 979 997 ἐνταῦθα
1008 942 1073 1013 δὴ
1099 942 1503 1013 διακαρτερεῖν,
1534 940 1662 994 ἔνθα
1689 942 1782 993 καὶ

200 1040 353 1108 παρά
389 1037 628 1109 Χριστοῦ
671 1036 979 1105 πεφύτευτο
1006 1038 1073 1107 τῇ
1122 1038 1291 1107 ἀρετῇ
1344 1034 1649 1105 ῥιζοῦσθαι,
1687 1035 1781 1087 καὶ

196 1132 292 1185 τὸν
344 1132 560 1202 καρπὸν
613 1129 815 1182 διδόναι
846 1128 987 1182 κατά
1019 1130 1212 1196 καιρὸν
1257 1127 1352 1180 τὸν
1405 1129 1777 1196 προσήκοντα.

196 1221 389 1275 Ταῦτα
426 1222 522 1274 καὶ
552 1220 757 1274 τοιαῦθ’
785 1221 953 1289 ἔτερα
984 1220 1145 1283 λέξας
1188 1219 1283 1271 καὶ
1312 1217 1565 1283 εὐλογίας
1611 1216 1782 1286 αὐτὴν

195 1314 437 1379 ἀξιώσας
469 1315 764 1384 ἐκπέμπει.
797 1313 907 1366 Καὶ
938 1313 1064 1366 τότε
1100 1313 1163 1382 δη
1198 1312 1335 1382 πρὸς
1356 1312 1448 1365 τὸν
1487 1310 1579 1363 τοῦ
1609 1310 1780 1362 Γελα·

199 1412 321 1464 σίου
354 1410 510 1462 κίονα
541 1408 879 1478 μεταϐαίνει,
911 1407 1005 1461 καὶ
1034 1407 1152 1477 ἅμα
1179 1406 1256 1477 τῷ
1290 1406 1489 1475 στύλῳ,
1521 1403 1783 1473 ὑψηλότε-

198 1518 297 1572 ρος
330 1500 437 1570 γὰρ
471 1496 562 1570 ἦν,
593 1502 686 1554 καὶ
727 1500 876 1568 αὐτῷ
904 1498 973 1551 τά
1004 1498 1101 1567 τῆς
1135 1500 1338 1567 ἀρετῆς
1384 1496 1652 1559 έπεδίδου,
1685 1497 1782 1548 καὶ

197 1593 477 1657 πολιτείας
511 1592 849 1663 ὑψηλοτέρας
887 1591 1319 1661 ἔπελαμσάνετο.
1349 1589 1463 1643 Οὐκ
1495 1588 1688 1659 ἔμελλε
1726 1588 1783 1640 δὲ

195 1688 309 1759 ἀρα
363 1688 487 1741 οὕτε
543 1688 621 1757 τῷ
676 1687 908 1757 διαϐόλῳ
965 1686 1091 1739 οὕτε
1158 1686 1271 1746 τοῖς
1316 1685 1523 1737 ἐκείνου
1584 1681 1785 1735 ὲνεκτά

194 1779 373 1833 ταῦτα
412 1777 576 1835 εἶναι.
646 1778 743 1833 Διά.
790 1797 872 1833 τοι
902 1778 1075 1832 ταῦτα
1120 1778 1281 1839 αὐτὸς
1332 1777 1430 1845 μὲν
1478 1775 1727 1844 ὑπῆρχεν
1755 1775 1782 1826 ό

1890 564 1957 618 ad
2018 580 2117 619 sua
2178 582 2307 621 vero
2350 568 2469 621 loca
2495 569 2727 635 veniret,
2758 578 2814 624 et
2859 586 2924 625 ea
2987 572 3283 629 habitaret.
3330 574 3467 629 Sunt

1889 668 2096 721 autem,
2142 658 2357 713 dicebat
2398 675 2486 723 ea,
2534 660 2666 713 mihi
2715 662 2906 725 multa,
2943 672 2997 716 et
3038 666 3201 720 simul
3248 669 3469 737 quidem

1889 751 2063 805 amica
2099 751 2339 814 silentio,
2374 762 2428 806 et
2460 768 2581 822 quae
2609 756 2820 823 possint
2851 758 3014 810 aliam
3062 758 3310 825 praebere
3339 776 3463 813 con-

1889 845 2236 901 solationem.
2266 845 2361 900 Ille
2388 861 2515 901 vero
2533 847 2733 900 bonam
2767 850 2885 918 ejus
2913 860 3151 905 mentem
3191 853 3470 923 accipiens

1888 947 1942 992 et
1965 938 2220 1003 laudans,
2255 939 2446 994 statuit
2473 956 2579 995 non
2614 943 3029 1011 translnigrare.
3060 944 3153 1000 sed
3185 946 3238 999 in
3260 961 3327 1000 eo
3349 947 3470 1001 loco

1890 1046 2267 1101 perseverare,
2300 1030 2355 1086 in
2386 1048 2497 1102 quo
2529 1034 2704 1089 fuerat
2746 1051 2777 1090 a
2811 1034 3033 1091 Christo
3070 1038 3374 1107 plantatus,
3413 1049 3469 1095 et

1891 1126 2115 1181 virtutis
2143 1124 2360 1182 radices
2382 1126 2437 1180 in
2468 1142 2534 1182 eo
2560 1144 2744 1200 agere,
2781 1138 2838 1185 et
2867 1129 3105 1187 fructum
3132 1132 3469 1189 convenien-

1891 1224 2002 1270 tem
2034 1216 2167 1272 dare
2213 1233 2315 1272 suo
2348 1228 2614 1289 tempore.
2652 1218 2789 1275 Cum
2819 1222 2933 1277 bare
2980 1232 3038 1277 et
3081 1223 3189 1279 alia
3242 1225 3470 1293 dixisset

1889 1310 2184 1378 ejusmodi,
2207 1322 2262 1366 et
2282 1312 2669 1367 benedictione
2694 1329 2814 1368 eam
2840 1316 3219 1383 impertiisset,
3244 1320 3469 1372 emittit.

1892 1397 2047 1453 Tunc
2067 1408 2254 1452 autem
2290 1403 2486 1456 transit
2519 1402 2587 1456 ad
2613 1401 2924 1458 columnam
2956 1404 3179 1472 Gelasii,
3214 1415 3270 1461 et
3306 1407 3470 1461 simul

1892 1502 2016 1542 cum
2044 1490 2301 1544 columna
2329 1490 2469 1561 (erat
2495 1492 2645 1549 enim
2671 1494 2963 1563 excelsior)
2984 1496 3033 1550 ei
3060 1512 3279 1567 quoque
3310 1507 3470 1552 aucta

1890 1592 1976 1634 est
2003 1580 2208 1647 virtus;
2242 1590 2296 1635 et
2335 1582 2457 1635 vitm
2493 1584 2808 1639 institutum
2845 1602 3137 1657 aggressus
3172 1597 3258 1642 est
3288 1589 3472 1643 excel-

1892 1674 2027 1728 sius.
2052 1674 2171 1728 Non
2194 1686 2353 1729 erant
2375 1686 2559 1729 autem
2582 1678 2770 1731 futura
2796 1680 2912 1733 hac
2938 1680 3265 1744 tolerabilia,
3292 1696 3471 1750 neque

1892 1764 2132 1829 diabolo,
2175 1781 2353 1835 neque
2390 1766 2537 1822 illius
2570 1770 2816 1823 asseclis.
2852 1769 3151 1839 Propterea
3184 1770 3300 1839 ipse
3341 1771 3470 1842 qui-

200 1872 439 1941 κάμινον
463 1872 612 1943 αὐτῷ
658 1873 820 1927 πάλιν
857 1872 964 1925 τῶν
998 1841 1785 1940 πειρασμῶν-ἀνάπτωννίὲκέ-

1892 1854 2015 1909 dem
2069 1856 2119 1911 ei
2176 1873 2371 1912 rursus
2424 1861 2679 1915 accendit
2726 1861 3008 1916 fornacem
3071 1864 3470 1929 tentationum;

202 1979 379 2033 χρητο
429 1964 483 2017 δὶ
514 1965 626 2026 τοῖς
671 1964 727 2015 ἰν
768 1961 1048 2030 Βυζαντίῳ
1088 1960 1194 2013 τῶν
1240 1958 1537 2030 αίρετικῶν
1594 1960 1785 2010 παισὶν

200 2055 529 2127 ὑπηρέταις.
561 2058 721 2109 Ουτοι
762 2053 983 2123 γύναιόν
1019 2071 1069 2106 τι
1090 2053 1199 2105 τῶν
1229 2050 1653 2123 έταιριζομένων
1685 2067 1788 2101 πα-

202 2148 535 2218 ραλαϐόντες
639 2147 695 2200 τὸ
747 2146 845 2216 μὲν
872 2146 1026 2214 γένος
1071 2145 1243 2206 Ἀσία,
1275 2143 1562 2196 πλεύσασα
1612 2142 1669 2192 δὲ
1705 2140 1785 2200 είς

200 2239 528 2304 Βυζάντιον,
582 2239 852 2309 πορισμὸν
886 2240 1052 2307 ἑαυτῇ
1088 2235 1235 2306 φεῦί
1281 2236 1390 2289 ἀπὸ
1446 2236 1540 2288 τοῦ
1581 2234 1785 2286 οἰκείου

198 2332 457 2401 σώματος
487 2332 729 2400 πονηρὸν
760 2332 1020 2382 ἂποιεῖτο.
1053 2326 1273 2397 Ταύτην
1308 2326 1489 2393 λόγοις
1514 2324 1790 2395 ἐξαπατή-

201 2441 400 2487 σαντες
431 2425 523 2477 καὶ
546 2422 731 2493 ὅρκοις
759 2422 1054 2484 πείσαντες
1086 2421 1179 2475 καὶ
1213 2420 1515 2489 χρημάτων
1552 2421 1790 2487 ἐπαγγε-

196 2515 295 2586 λίᾳ
332 2515 460 2583 ὅλην
491 2514 622 2585 πρὸς
663 2514 798 2583 ὅπερ
828 2512 1122 2582 ἠϐούλοντο
1158 2512 1642 2581 παρορμήσαντες,
1682 2527 1786 2561 πα-

202 2606 608 2679 ρασκευάζουσι
638 2605 773 2675 πρὸς
795 2604 887 2657 τὸν
918 2604 1075 2670 ἅγιον
1096 2603 1378 2665 ἀπελθεῖν,
1405 2602 1498 2654 καὶ
1529 2601 1561 2669 ἢ
1596 2601 1791 2671 ἐκείνῳ

201 2700 238 2771 ἢ
282 2698 363 2752 ἑνί
398 2714 462 2766 γε
506 2696 617 2751 τῶν
648 2692 815 2749 αὑτοῦ
863 2694 1121 2765 μαθητῶν
1162 2693 1341 2762 έρωτα
1380 2693 1665 2763 ὲνσπεῖραι
1696 2692 1789 2744 καὶ

203 2794 345 2865 πρὸς
377 2791 678 2861 ιπιθυμίαν
714 2788 916 2845 ἀτοπον
960 2786 1381 2842 ἐκκαλέσασθαι.
1419 2789 1628 2839 ’Λνεισι
1677 2802 1789 2838 τοι·

203 2886 418 2956 γαροῦν
450 2886 483 2956 ἡ
536 2884 835 2943 ἀκόλαστος
875 2881 1013 2951 πρὸς
1042 2880 1130 2933 τὸν
1187 2878 1465 2948 σώφρονα,
1515 2878 1653 2949 πρὸς
1692 2878 1790 2950 τὴν

203 2976 455 3047 καθαρὰν
483 2975 661 3046 ψυχὴν
691 2977 725 3046 ἠ
752 2973 1064 3042 ἀκάθαρτος
1092 2971 1405 3025 ἀκολούθων
1429 2971 1631 3039 πλῆθος
1659 2972 1792 3024 ὲπα-

203 3068 441 3137 γομένη,
473 3066 824 3135 φαντάσμασί
847 3081 906 3117 τε
935 3064 1032 3116 καὶ
1066 3064 1311 3133 σχήμασι
1343 3062 1617 3133 βδελυροῖς
1650 3080 1791 3132 χρω-

208 3159 350 3230 μένη
386 3158 480 3210 καὶ
537 3156 780 3226 χρυσίων
828 3151 1116 3226 περιϐολῇ,
1173 3155 1269 3207 καὶ
1318 3155 1567 3223 κοσμίων
1613 3154 1789 3205 ἄλλων

204 3251 505 3321 ἀπιπλοκῇ,
556 3250 811 3303 κλέπτειν
859 3246 1105 3318 οἰηθεῖσα
1152 3248 1246 3301 καὶ
1284 3246 1554 3310 δελεάζειν
1582 3245 1787 3313 ὀφθαλ-

208 3342 351 3415 μοὺς
401 3341 664 3405 ὲκείνους,
705 3340 858 3393 οὐδὲν
886 3339 1206 3407 πρόσγειον,
1255 3337 1409 3391 ούίὶν
1456 3337 1564 3389 τῶν
1591 3336 1791 3390 ὑλικῶν

203 3436 626 3507 ἀγαπήσαντας.
677 3432 1075 3501 Παραμείνασα
1120 3428 1177 3481 δέ
1222 3445 1329 3481 τινι
1358 3428 1466 3481 τῶν
1515 3428 1700 3498 ἀγρῶν
1737 3427 1795 3491 ὃς

204 3528 305 3581 τοῦ
340 3543 399 3580 τε
434 3527 611 3586 κίονος
656 3518 725 3595 ἦν
760 3520 992 3590 ἀντικρὺ
1027 3519 1121 3573 καὶ
1163 3518 1261 3590 τῆς
1288 3519 1529 3590 μανδρας
1564 3518 1672 3572 τῶν
1705 3518 1794 3571 λο-

203 3617 382 3689 γικῶν
409 3615 743 3688 θρεμμάτων
769 3610 878 3664 τῶν
906 3610 999 3664 τοῦ
1033 3608 1202 3664 καλοῦ
1230 3609 1384 3663 τοῦδε
1418 3610 1670 3679 ποιμένος
1693 3611 1796 3661 Δα-

201 3710 351 3781 νιὴλ,
411 3710 508 3762 καὶ
557 3706 941 3777 προσεποιεῖτο
976 3705 1171 3767 νοσεῖν,
1231 3700 1297 3754 ἵν’
1327 3700 1375 3753 εί
1437 3700 1661 3753 δυνατὸν
1695 3701 1789 3755 καὶ

202 3801 357 3870 αὐτῷ
392 3798 489 3870 μὲν
540 3796 620 3867 τῷ
670 3796 811 3865 ἀγίῳ
843 3792 1083 3864 ψυχικῆς
1132 3790 1449 3863 ἀρρωστίας
1498 3790 1650 3843 αίτία
1694 3790 1787 3853 γέ-

202 3906 378 3947 νοιτο’
407 3893 455 3943 εἰ
481 3888 524 3939 δ’
559 3884 672 3953 οὖν,
700 3890 811 3948 τοῖς
849 3901 912 3953 γε
950 3884 1219 3955 μαθηταῖς
1250 3881 1462 3935 ἑκείνου
1484 3880 1583 3952 τὴν
1610 3881 1788 3952 λύμην

200 3985 411 4055 ἐνθείη.

278 4072 407 4128 Kl".
447 4072 537 4136 Ὠς
564 4071 621 4124 δὲ
652 4070 746 4123 ἰπὶ
775 4067 942 4121 πολὺν
967 4066 1160 4137 χρόνον
1193 4066 1607 4137 παραμεινάσῃ,
1635 4062 1783 4116 ἀπαν

200 4168 342 4237 αὐτῇ
370 4165 431 4219 τδ
465 4165 709 4233 σόφισμα
741 4162 973 4232 μάταιον
1007 4155 1098 4229 ἦν,
1136 4158 1471 4227 κατέρχεται
1512 4158 1612 4226 μὲν
1652 4155 1788 4225 πρὸς

199 4262 331 4321 τοὺς
358 4256 810 4317 ἀποστείλαντας,
836 4252 986 4320 λέγει
1006 4250 1063 4303 δι
1081 4251 1115 4320 ἡ
1145 4250 1546 4315 κατάπτυστος,
1571 4249 1665 4301 καὶ
1692 4264 1790 4299 κα-

198 4348 531 4417 ταψεύδεται
551 4344 644 4399 τοῦ
662 4346 841 4412 ἀγίου,
880 4342 919 4395 ἃς
944 4342 1043 4407 μὲν
1060 4342 1191 4411 μήτι
1222 4356 1285 4408 γε
1308 4338 1385 4407 τῷ
1411 4338 1631 4409 μεγάλῳ
1650 4339 1793 4391 ὲκεί-

1894 1966 2024 2006 usus
2046 1960 2131 2005 est
2156 1967 2288 2006 vero
2320 1953 2593 2009 ministris
2622 1954 2916 2019 bereticis,
2942 1956 3036 2025 qui
3069 1964 3231 2011 erant
3258 1958 3469 2028 Byzan-

1893 2043 1973 2097 tii.
2026 2043 2116 2098 Isti
2158 2060 2281 2098 cum
2336 2046 2631 2114 quamdam
2674 2049 3041 2116 sumpsissent
3082 2050 3372 2105 mulierem
3405 2066 3471 2104 ex

1891 2138 2310 2201 meretricibus,
2352 2156 2472 2207 qua:
2499 2150 2619 2194 erat
2648 2142 2872 2210 quidem
2908 2158 3113 2212 genere
3151 2143 3376 2208 Asiana,
3419 2144 3470 2198 ei

1890 2239 2075 2285 autem
2102 2242 2225 2285 erat
2259 2248 2459 2288 nomen
2492 2234 2720 2288 Basiana
2750 2253 2763 2298 ;
2808 2252 2933 2290 cum
2988 2236 3302 2306 navigasset
3337 2252 3468 2291 vero

1890 2325 2238 2396 Byzantium,
2276 2326 2614 2396 improbum,
2664 2328 2802 2398 proh
2857 2328 3054 2383 dolori
3092 2340 3364 2399 quaestum
3393 2330 3475 2383 fa-

1892 2418 2073 2473 ciebat
2105 2434 2205 2474 suo
2232 2436 2483 2489 corpore.
2506 2421 2638 2475 Eam
2663 2437 2788 2476 cum
2814 2423 2998 2477 verbis
3025 2423 3391 2493 decepissent,
3416 2432 3472 2477 et

1892 2512 2161 2581 promissa
2189 2514 2442 2581 pecunia,
2470 2523 2639 2567 totam
2666 2515 2734 2567 ad
2766 2514 2817 2567 id
2848 2516 2996 2584 quod
3024 2516 3302 2579 volebant,
3333 2516 3472 2571 inci-

1895 2611 2122 2667 tassent,
2150 2606 2398 2659 cilicium
2428 2615 2486 2659 ut
2514 2606 2673 2661 vadat
2703 2606 2770 2661 ad
2800 2616 3075 2670 sanctum.
3103 2618 3159 2663 et
3187 2609 3272 2663 vel
3296 2610 3473 2672 illum,

1891 2694 1978 2749 vel
2010 2712 2177 2750 unum
2202 2714 2268 2751 ex
2296 2699 2410 2752 suis
2441 2698 2751 2767 discipulis,
2792 2700 2859 2755 ad
2891 2718 3135 2757 amorem
3166 2702 3382 2766 illiciat,
3419 2712 3477 2759 et

1892 2788 1959 2844 ad
2005 2788 2205 2845 Imdam
2260 2802 2526 2860 provocet
2568 2793 2879 2849 libidinem.
2927 2794 3307 2853 Proﬁciscitur
3340 2812 3474 2867 ergo

1894 2878 2168 2947 impudica
2202 2878 2271 2932 ad
2302 2878 2588 2948 pudicum.
2623 2881 2838 2951 impura
2869 2886 3050 2938 anima
3084 2885 3151 2938 ad
3182 2885 3469 2951 mundam,

1892 2969 2157 3022 comitum
2207 2985 2395 3024 secum
2438 2970 2648 3024 ducens
2698 2974 3136 3039 multitudinem,
3183 2975 3471 3045 splendida

1892 3071 2121 3115 externa
2146 3077 2309 3117 utens
2333 3063 2540 3131 specie,
2563 3072 2618 3118 et
2639 3064 2953 3121 libidinosis
2978 3068 3247 3135 gestibus,
3274 3085 3476 3124 aureo-

1895 3172 2001 3226 que
2031 3157 2235 3210 amictu
2274 3165 2328 3210 et
2358 3157 2468 3211 alio
2520 3157 2816 3211 intertexto
2850 3168 3070 3224 ornatu,
3101 3160 3377 3217 arbitrata
3417 3177 3476 3217 se

1894 3248 2217 3301 allecturam
2267 3254 2321 3300 et
2360 3248 2729 3302 inescaturam
2782 3249 2906 3303 illos
2930 3250 3143 3316 oculos,
3193 3252 3287 3321 qui
3335 3252 3474 3306 nihil

1897 3347 2201 3403 terrenum,
2244 3338 2385 3393 nihil
2415 3354 2482 3394 ex
2518 3340 2749 3395 materia
2780 3350 3101 3397 concretum
3134 3343 3472 3400 dilexerunt.

1896 3428 2123 3484 Manens
2150 3438 2333 3483 autem
2359 3430 2412 3483 in
2440 3432 2675 3498 quodam
2704 3447 2856 3503 agro,
2882 3434 2978 3504 qui
2999 3443 3118 3489 erat
3144 3450 3212 3490 ex
3237 3436 3473 3491 adverso

1898 3522 2190 3584 columna,
2227 3531 2284 3577 et
2319 3522 2557 3579 mandrae
2592 3526 2824 3580 rationis
2858 3537 3176 3597 compotum
3207 3545 3469 3598 pecorum

1898 3606 2062 3678 bujus
2087 3610 2289 3678 egregii
2318 3613 2554 3679 pastoris
2590 3612 2849 3679 Danielis,
2884 3616 3183 3673 simulabat
3216 3634 3274 3675 se
3300 3636 3471 3692 aegro-

1896 3707 2051 3763 tare;
2100 3709 2179 3761 ut,
2212 3700 2257 3753 si
2309 3700 2425 3755 Iieri
2472 3713 2679 3770 posset,
2730 3707 2814 3760 vel
2868 3707 2971 3777 ipsi
3015 3710 3245 3779 quidem
3276 3721 3471 3767 sancto

1893 3792 2271 3859 aegrotationis
2306 3794 2478 3848 animi
2524 3811 2687 3851 causa
2720 3808 2903 3867 esset;
2941 3801 3029 3856 sin
3066 3804 3271 3863 minus.
3322 3804 3470 3860 illius

1894 3884 2089 3937 saltem
2114 3884 2396 3953 discipulis
2429 3886 2653 3942 aﬂerrct
2682 3892 3007 3959 perniciem.

1965 4060 2153 4116 XXIII.
2214 4063 2349 4117 Cum
2414 4073 2598 4120 autem
2659 4076 2949 4137 postquam
3009 4068 3174 4140 longo
3225 4078 3473 4140 tempore

1896 4154 2207 4219 mansisset,
2244 4157 2406 4210 inane
2438 4166 2492 4209 et
2523 4158 2739 4211 irritum
2771 4169 2890 4213 erat
2924 4160 3185 4213 callidum
3219 4161 3475 4226 ejuscm-

1894 4246 2372 4315 ptum,descendit
2394 4248 2617 4317 quidem
2642 4250 2709 4304 ad
2740 4266 2859 4317 eos,
2886 4252 2981 4321 qui
3011 4253 3473 4325 miserant.;;dicit

1900 4355 2033 4393 vero
2066 4341 2421 4404 exsecranda,
2459 4350 2514 4395 et
2548 4356 2611 4395 ea
2664 4342 2923 4397 mentitur
2980 4342 3049 4398 de
3080 4355 3295 4411 sancto,
3347 4359 3477 4414 quas

200 4460 281 4511 νῳ
312 4441 403 4492 ἰπὶ
432 4436 556 4493 νοῦν
582 4434 713 4507 ἦλθε
742 4435 923 4505 (τοῦτο
941 4434 1051 4504 γὰρ
1088 4434 1117 4485 ό
1142 4432 1350 4502 σφόδρα
1373 4431 1481 4483 τῶν
1510 4429 1788 4499 λογισμῶν

1896 4446 2007 4485 non
2036 4431 2213 4485 solum
2242 4447 2438 4502 magno
2482 4432 2561 4486 illi
2587 4449 2866 4503 nunquam
2898 4435 2971 4489 in
3010 4447 3251 4492 mentem
3301 4450 3472 4492 vene-

201 4531 564 4605 ἐκκρουσθεὶς
598 4530 967 4596 ιπίστευσεν),
995 4524 1110 4580 ἀλλ’
1140 4526 1263 4577 οὐδὲ
1296 4524 1403 4577 τῶν
1429 4522 1644 4578 ἐκείνου
1674 4540 1792 4592 φοι-

202 4625 385 4697 τητῶν
409 4623 606 4686 οὐδενὶ,
638 4619 834 4673 πολλοῦ
852 4636 913 4682 γε
934 4619 1033 4671 δεῖ.
1067 4617 1149 4669 Τὰ
1180 4616 1235 4669 δὲ
1270 4611 1336 4685 ἦν
1374 4616 1448 4677 ὼς
1489 4615 1663 4669 Ἑάλω
1690 4614 1790 4685 μὲν

201 4717 328 4774 κατ’
366 4717 541 4785 ἀκρας
579 4711 713 4785 ἐμοῦ
751 4712 976 4782 Δανιὴλ,
1008 4708 1230 4773 ἐδέξατο
1258 4708 1314 4762 δὲ
1338 4710 1405 4778 τῇ
1441 4706 1587 4779 ψυχῇ
1610 4708 1669 4760 τὸ
1701 4705 1791 4777 βέ·

204 4811 318 4876 λος,
357 4808 449 4862 καὶ
488 4806 642 4869 τέλος
675 4806 749 4867 ὠς
800 4802 1067 4874 ἐπέτρεψε
1102 4803 1215 4865 τοῖς
1252 4802 1525 4871 μαθηταῖς
1564 4800 1791 4869 ἀγαγεῖν

208 4920 274 4975 με
308 4902 397 4955 διὰ
440 4902 540 4971 τῆς
576 4898 846 4967 κλίμακος
876 4895 1011 4966 πρὸς
1056 4894 1220 4949 αὑτόν
1252 4911 1266 4925 °
1310 4893 1447 4962 εμοῦ
1493 4894 1571 4959 δὲ,
1630 4895 1811 4967 φησὶ,

1895 4529 2022 4575 runt.
2054 4521 2205 4593 (hoc
2252 4521 2397 4575 enim
2464 4538 2533 4577 ne
2602 4524 2695 4592 qui
2760 4524 2914 4577 valde
2970 4524 3193 4594 quidem
3222 4538 3251 4578 a
3285 4533 3477 4579 mente

1893 4613 2168 4681 discessit,
2204 4613 2503 4668 crediderit
2537 4617 2579 4683 ),
2617 4614 2711 4670 sed
2739 4630 2839 4670 nec
2876 4615 2973 4669 ulli
3004 4632 3071 4671 ex
3106 4616 3255 4671 illius
3300 4615 3471 4671 disci-

1892 4704 2035 4773 pulis
2061 4742 2076 4769 ,
2108 4704 2342 4758 multum
2383 4705 2605 4775 quidem
2648 4708 2822 4762 abest.
2852 4705 2980 4761 Hac
3038 4715 3221 4763 autem
3272 4717 3470 4762 erant:

1892 4798 1995 4854 Mei
2022 4814 2229 4863 amore,
2263 4798 2501 4863 dicebat,
2531 4799 2687 4854 valde
2714 4799 2936 4869 quidem
2959 4810 3153 4870 captus
3193 4811 3314 4856 erat
3362 4801 3469 4856 Da-

1891 4892 2038 4957 niel;
2067 4892 2251 4946 animo
2276 4906 2406 4946 vero
2438 4891 2607 4945 telum
2638 4902 2943 4962 acceperat,
2999 4901 3053 4949 et
3091 4894 3313 4948 tandem
3340 4908 3465 4948 eum

209 4995 288 5068 μὴ
320 4993 706 5064 ἀνασχομένης
743 4988 1136 5044 ιὸουλεύσαντο
1178 4987 1390 5042 ἀνελεῖν
1417 4986 1511 5040 τοῦ
1544 4989 1641 5059 τὴν
1666 4989 1789 5041 ἀκο-

1891 4985 2139 5056 iussisset
2175 4998 2304 5037 suos
2337 4982 2657 5051 discipulos,
2688 4992 2747 5037 ut
2772 4998 2857 5037 me
2894 4998 3114 5038 sursum
3172 4982 3241 5037 ad
3288 4983 3467 5053 ipsum

206 5088 435 5154 λασίαν,
468 5084 672 5153 ταύτην
723 5082 946 5136 λαθεῖνο
988 5083 1081 5135 καὶ
1124 5081 1234 5134 ίδοὺ
1274 5080 1426 5149 μόλις
1456 5080 1556 5141 τάς
1606 5082 1792 5150 χεῖρας

208 5179 391 5235 αὐτῶν
410 5176 746 5246 διαδράσασα
767 5177 833 5244 τῇ
860 5177 1007 5245 φυγῇ
1034 5173 1340 5243 σέσωσμαι.
1366 5170 1519 5224 Οὕτω
1540 5175 1635 5242 τῆς
1667 5190 1791 5241 μαι-

209 5273 370 5335 νάδος
401 5269 697 5336 εὐέλεγκτα
722 5267 1148 5336 διαψευδομένης
1172 5264 1423 5337 ἥρπαζον
1444 5266 1642 5318 ἐκεῖνοι
1668 5266 1791 5327 τοὺς

209 5366 403 5433 λόγους
436 5362 511 5426 ὡς
555 5359 948 5431 ἀληθεστάτοις
998 5359 1362 5430 προσέχοντες
1388 5375 1402 5389 ο
1435 5356 1470 5411 ἀ
1499 5358 1607 5427 γὰρ
1641 5356 1793 5410 £600-

209 5461 389 5524 λοντο,
418 5455 590 5509 ταῦτα
625 5454 720 5507 καὶ
747 5453 924 5523 ἀληθῆ
959 5446 1103 5504 εἶναι
1133 5450 1323 5521 ᾤοντο,
1353 5451 1449 5504 καὶ
1473 5451 1585 5508 τοῖς
1611 5450 1792 5512 ἀλλοις

212 5551 603 5620 παρέπεμπον.
650 5545 809 5599 Ἀλλά
843 5546 952 5617 γάρ
987 5546 1015 5597 ὁ
1049 5533 1207 5607 αὐτὸς
1242 5543 1307 5614 ἦν
1348 5542 1625 5596 κάνταῦθα
1660 5541 1793 5603 Θεὸς

212 5646 311 5699 καὶ
339 5642 401 5696 τδ
427 5643 524 5711 τῆς
559 5639 711 5711 δίκης
744 5638 990 5708 ἄφυκτον
1031 5638 1128 5689 καὶ
1174 5636 1468 5705 ἀλάθητον.
1498 5636 1562 5689 Τί
1595 5634 1688 5689 οῦν
1712 5634 1796 5704 γί-

211 5753 387 5800 νεται,
423 5737 518 5788 καὶ
558 5733 674 5797 πῶς
706 5731 881 5785 ταῦτα
932 5732 1330 5801 οίκονομεῖταις
1370 5728 1594 5797 Πνεῦμα
1630 5746 1795 5799 πονη-

215 5830 309 5902 (Av
338 5829 432 5882 tm.
457 5825 558 5898 τὴν
584 5825 799 5897 φαύλην
819 5823 913 5880 καὶ
936 5822 1259 5896 ψευδολόγον
1282 5822 1441 5889 εὐθὺς
1474 5822 1782 5894 πέμπεται,

1892 5092 1990 5146 per
2024 5078 2198 5131 scalas
2228 5075 2592 5139 deducerent,
2644 5090 2746 5147 ego
2801 5085 3009 5141 autem,
3062 5076 3264 5146 inquit.
3306 5091 3467 5145 passa

1893 5185 2000 5223 non
2028 5185 2224 5232 essem,
2262 5184 2347 5223 me
2404 5168 2689 5223 occidendi
2725 5169 3019 5223 consilium
3048 5166 3339 5238 ceperunt,
3405 5179 3465 5223 ut

1894 5260 2011 5315 haec
2066 5263 2261 5315 lateret
2314 5260 2757 5328 intemperantia.
2804 5262 2875 5316 Et
2926 5275 3057 5315 ecce
3110 5261 3201 5313 vix
3264 5276 3464 5316 manus

1894 5369 2085 5409 eorum
2149 5355 2448 5424 eﬂugiens,
2488 5354 2622 5408 mibi
2680 5354 2805 5423 luga
2856 5354 3133 5408 consului.
3170 5352 3262 5409 Sic
3308 5370 3467 5408 men-

1896 5447 2065 5502 tiente
2120 5447 2387 5510 ntznnade,
2447 5456 2503 5502 et
2570 5445 2636 5501 ea
2690 5446 2934 5512 dicente,
2993 5448 3110 5502 haec
3164 5447 3334 5501 verba
3385 5447 3466 5502 illi

1894 5538 2248 5607 arripuerunt
2283 5539 2507 5608 perinde
2542 5554 2606 5593 ac
2636 5538 2924 5593 verissima
2976 5538 3145 5609 (qua:
3196 5540 3341 5593 enim
3371 5554 3471 5593 vo-

1894 5628 2097 5692 lebant,
2131 5644 2195 5683 ea
2222 5630 2383 5684 etiam
2418 5646 2543 5685 vera
2574 5630 2955 5701 putabantur),
2993 5638 3049 5686 et
3088 5644 3154 5685 ea
3204 5631 3275 5685 ad
3331 5630 3470 5685 alios

1897 5722 2361 5778 transmittebant.
2388 5722 2589 5778 Verum
2617 5722 2899 5778 enimvero
2938 5721 3029 5777 hic
3074 5735 3295 5791 quoque
3346 5727 3467 5775 erat

1898 5817 2046 5875 idem
2086 5818 2250 5885 Deus,
2285 5824 2341 5873 ct
2371 5815 2607 5889 justitia,
2655 5830 2774 5888 qua
2828 5828 3007 5885 neque
3058 5821 3244 5885 potest
3304 5811 3467 5868 vitari
