4214 6444
753 350 863 412 999
1907 344 2296 407 ADDENDA.
2337 370 2405 382 —
2443 346 2872 410 DECEMBEB.
3913 343 4048 407 1000

757 478 859 522 nec
887 459 1153 517 oblivioni
1183 458 1454 514 mandari.
1486 458 1628 526 Quid
1667 473 1800 530 ergo
1834 459 2037 514 accidit
2057 499 2075 525 ,
2112 468 2168 515 et
2197 473 2340 529 quo-

2467 459 2540 515 ιαὶ
2569 459 2704 514 ἀκον
2732 461 2975 514 ἄκουσαν
3023 458 3262 524 εξειπεῖν
3311 457 3611 526 ἀναγκάζει
3665 459 3769 530 τήν
3815 474 3879 511 τε
3911 458 4046 525 πρὸς

760 555 924 612 modo
983 555 1099 610 haec
1161 553 1596 623 dispensantur?
1657 552 1832 608 Malus
1877 552 2108 622 spiritus
2152 553 2340 608 statim

2467 553 2672 624 txsivnv
2698 553 2809 607 τῶν
2848 552 3144 623 αῖρετικῶν
3172 551 3414 623 ἀπάτην,
3455 553 3551 607 καὶ
3581 553 3680 624 τὴν
3726 551 3910 619 αὐτῆς
3947 549 4047 602 πά-

763 649 1000 703 mittitur
1029 645 1096 700 ad
1131 650 1327 700 malam
1353 655 1408 700 et
1443 645 1765 700 mendacem
1793 645 2075 710 feminam,
2111 655 2168 700 et
2194 645 2340 700 invi-

2467 656 2534 698 ttv
2559 645 2917 714 ψευδολογίαν
2948 646 3127 700 καὶτὸ
3155 646 3477 716 μηχάνημα.
3510 645 3789 708 Λαϐόντες
3829 640 3929 698 οὖν
3955 644 4048 697 αὑ-

766 755 853 798 tus
887 742 1113 796 invitam
1143 741 1290 811 cogit
1349 739 1505 794 eﬂari
1562 739 1810 795 fraudem
1861 739 2249 794 hmreticorum
2284 739 2341 793 in

2467 739 2548 808 ιὴν
2581 739 2628 791 οἱ
2675 739 2778 809 τῆς
2829 738 3040 803 πόλεως
3077 741 3173 794 καὶ
3225 740 3365 810 πρὸς
3414 739 3518 793 τὸν·
3535 741 3685 794 ὅσιον
3733 739 4045 806 ἀγαγόντες

766 837 934 900 illam,
965 844 1022 889 et
1055 851 1214 889 suum
1261 850 1455 888 rursus
1499 832 1845 888 mendacium
1875 841 1930 886 et
1982 831 2349 886 machinatio-

2467 830 2782 900 ispa'ust'osw
2826 831 3036 902 ἠξίουν.
3083 831 3143 886 '0
3168 833 3225 886 δὶ
3255 831 3464 904 ἀληθὴς
3513 831 3757 903 Χριστοῦ
3790 828 4045 899 μαθητὴς

765 944 915 984 nem.
947 927 1084 983 Cum
1108 942 1227 980 eam
1257 942 1390 997 ergo
1421 925 1768 996 accepissent
1796 925 1966 988 cives,
2006 932 2060 980 et
2105 923 2172 979 ad
2217 939 2345 978 san-

764 1034 914 1078 ctum
943 1023 1248 1087 duxissent,
1285 1020 1549 1091 rogabant
1584 1029 1836 1074 sanctum
1882 1029 1944 1075 ut
1973 1025 2215 1074 curaret.
2248 1017 2346 1072 Ille

766 1126 948 1172 autem
1002 1131 1165 1170 verus
1203 1113 1402 1169 Christi
1429 1113 1733 1184 discipulus
1759 1154 1774 1177 ,
1805 1114 1900 1184 qui
1944 1114 2082 1168 dixit
2128 1123 2350 1183 septua-

765 1211 944 1280 gesies
967 1209 1177 1280 septies
1219 1217 1475 1278 oportere
1511 1207 1777 1262 fratribus
1825 1209 2108 1264 remittere
2138 1207 2348 1269 debita,

768 1313 822 1357 et
871 1302 1097 1371 diligere
1155 1301 1428 1366 inimicos,
1481 1302 1645 1355 ambo
1688 1301 1851 1355 simul
1916 1309 2190 1369 pracepta
2240 1315 2348 1354 una

768 1407 1062 1451 exsecutus
1093 1407 1179 1450 est
1213 1397 1452 1461 actione,
1511 1396 1642 1450 illud
1677 1394 1922 1462 quidem,
1984 1393 2349 1448 condonanda

769 1490 1048 1559 injurtam,
1098 1488 1203 1541 hoc
1254 1502 1405 1549 vero,
1464 1486 1780 1540 miserendo
1830 1487 2195 1550 calamitatis,
2240 1486 2351 1539 imo

769 1597 901 1634 vero
927 1596 1045 1633 cam
1070 1579 1354 1649 splendide
1396 1579 1684 1649 erigendo,
1738 1587 1795 1632 et
1851 1578 2073 1632 sanitati
2123 1578 2353 1630 restitu-

769 1675 932 1728 endo.
959 1673 1092 1728 Nam
1116 1688 1239 1726 cum
1278 1673 1528 1726 oratione
1557 1687 1711 1736 usus,
1737 1687 1857 1726 eam
1883 1671 2008 1726 oleo
2036 1681 2350 1726 sanctorum

771 1777 1028 1834 tanquam
1096 1766 1321 1819 salutari
1385 1764 1569 1835 aliquo
1636 1773 1878 1834 putasset
1927 1765 2348 1828 medicamento,

2451 922 2546 975 τοῦ
2580 924 2852 992 φήσαντος
2903 923 3372 995 ἑϐδομηκοντάκις
3397 924 3538 978 ἑπτά
3585 924 3701 978 δεῖν
3728 924 3846 986 τοῖς
3889 921 4046 975 ἀδελ.

2455 1017 2575 1083 φοῖς
2603 1015 2823 1084 ἀφιέναι
2857 1015 2926 1070 τά
2956 1015 3320 1088 ὀφειλήματα,
3355 1016 3453 1070 καὶ
3491 1016 3617 1080 τοὺς
3645 1013 3884 1085 ἐχθροὺς
3913 1014 4048 1079 ἀγα-

2457 1109 2586 1179 πᾷν,
2617 1108 2934 1180 ἀμφοτέρας
2963 1111 3079 1181 ἃμα
3106 1111 3205 1174 τὰς
3244 1109 3466 1174 ἀντολάς
3513 1109 3712 1180 πράξει
3741 1109 3849 1178 μιᾷ
3891 1123 4046 1160 συνεο

2457 1202 2685 1271 πέρανε,
2738 1201 2837 1270 τὴν
2905 1202 3007 1271 μὲν
3042 1201 3120 1273 τῷ
3150 1203 3212 1255 τὸ
3259 1203 3498 1272 ἀδίκημα
3539 1201 3932 1271 συγχωρῆσαι,
3983 1200 4047 1267 τῇ

2455 1295 2514 1348 δὲ
2553 1294 2632 1362 τῷ
2695 1297 2789 1346 καὶ⁸
2838 1298 2902 1365 τῇ
2938 1297 3197 1367 συμφορᾷ
3242 1296 3606 1365 συναλγῆσαι,
3662 1294 3874 1365 μᾶλλον
3902 1294 3962 1347 δὲ
3994 1296 4051 1347 τὸ

2459 1387 2551 1440 καὶ
2576 1387 2758 1441 τέλεον
2784 1386 2955 1456 αὐτὴν
2988 1387 3405 1458 ἀνορθώσασθαι
3429 1390 3562 1459 εὐχῇ
3586 1405 3645 1441 τε
3671 1387 4048 1458 χρησάμενοτ,

2459 1478 2556 1532 καὶ
2585 1479 2767 1533 ἔλαιον
2812 1479 2982 1550 αὐτὴν
3017 1479 3127 1533 τῶν
3156 1480 3329 1549 ἁγίων
3353 1474 3466 1533 οἷόν
3495 1495 3548 1532 τι
3597 1484 3830 1541 ποτίσας
3875 1477 4024 1540 ἀλεξί

2459 1593 2630 1629 κακον
2660 1576 2976 1647 φάρμακον,
3000 1577 3062 1630 τὸ
3098 1577 3198 1647 μὲν
3234 1579 3474 1650 πονηρὸν
3513 1579 3736 1649 πνεῦμα
3763 1579 3844 1641 ῶς
3868 1596 3923 1631 τι
3947 1578 4051 1629 τῶν

2465 1669 2686 1724 ἰοϐόλων
2729 1671 2894 1734 εὐθὺς
2936 1671 3260 1736 ἀπελαύνει,
3299 1673 3430 1739 ὑγιᾶ
3483 1673 3541 1726 δὲ
3584 1673 3684 1742 τὴν
3724 1671 4049 1740 πάσχουσαν

2464 1764 2801 1834 παραδίδωσι
2820 1768 2932 1828 τοῖς
2961 1765 3291 1827 οίκείοις.Ἢ
3311 1767 3406 1819 καὶ
3430 1765 3508 1835 τῷ
3533 1766 3742 1819 ἐκείνου
3779 1763 4049 1834 περιπλε-

773 1861 974 1912 malum
1011 1859 1232 1928 quidem
1261 1858 1536 1928 spiritum,
1571 1867 1830 1922 tanquam
1879 1858 2086 1927 aliquid
2119 1871 2354 1911 venena-

2467 1858 2616 1909 κεῖσα
2649 1857 2788 1909 κίονι
2835 1856 3040 1920 πολλὰς
3087 1857 3186 1927 μὶν
3212 1858 3310 1922 τάς
3343 1858 3720 1929 εὐχαριστίας,
3757 1857 3962 1917 πολλὰς
3996 1856 4049 1908 δὲ

774 1952 1122 2015 tum,statim
1150 1951 1406 2018 expellit;
1457 1967 1578 2005 eam
1615 1965 1819 2016 autem,
1870 1967 1992 2020 quae
2045 1951 2351 2015 laborabat,

773 2044 888 2098 suis
927 2060 1111 2098 sanam
1149 2044 1346 2098 reddit.
1380 2043 1509 2109 Quae
1559 2043 1724 2097 etiam
1762 2042 1908 2097 illius
1951 2044 2230 2112 complexa
2265 2059 2356 2097 co-

777 2137 1037 2197 lumnam,
1072 2153 1295 2206 magnas
1325 2137 1544 2203 quidem
1571 2151 1738 2204 agens
1786 2137 2008 2205 gratias.
2045 2145 2101 2189 et
2152 2135 2354 2191 deinde

775 2228 946 2282 multa
983 2229 1092 2282 Deo
1124 2230 1468 2297 promittens,
1503 2239 1562 2282 ut
1615 2244 1736 2297 qua
1769 2227 2044 2297 duplicem
2101 2229 2354 2283 morbum

775 2317 1077 2389 eﬂ‘ugisset,
1111 2334 1221 2372 non
1266 2319 1442 2372 solum
1479 2332 1603 2371 eum
1637 2318 1729 2386 qui
1779 2318 2079 2387 apparebat
2111 2325 2167 2372 et
2199 2318 2355 2373 dam-

777 2433 909 2470 num
938 2416 1200 2470 aﬂ‘erebat
1236 2413 1311 2466 rei
1346 2428 1465 2478 qua:
1489 2411 1800 2473 videbatur,
1859 2409 1956 2464 sed
1989 2411 2161 2466 multo
2208 2409 2383 2480 magis
2443 2427 2570 2467 eum
2615 2413 2711 2483 qui
2778 2416 3026 2480 latebat,

2459 1950 2557 2003 καὶ
2608 1950 2707 2013 τὰς
2759 1950 2900 2020 πρὸς
2927 1951 3061 2004 Θεὸν
3087 1951 3424 2019 ἐπαγγελίας
3472 1951 3532 2004 τὸ
3561 1951 3753 2003 λοιπὸν
3787 1951 4048 2012 ἐποιεῖτο,

2461 2041 2558 2094 ἅτε
2590 2041 2786 2112 διπλῆν
2839 2043 3160 2112 ἐκφυγοῦσα
3215 2044 3393 2112 νόσον,
3448 2045 3511 2097 οὑ
3567 2044 3668 2114 τὴν
3711 2047 4050 2113 φαινομένην

2465 2135 2626 2205 μόνον
2659 2136 2751 2188 καὶ
2787 2137 3119 2204 φαινομένου
3169 2139 3498 2208 πράγματος
3533 2137 3742 2206 βλάδην
3793 2136 4049 2204 ἔχουσαν.

2460 2225 2599 2280 ἀλλὰ
2652 2227 2834 2296 πολλῷ
2881 2227 3043 2280 πλέον
3096 2227 3195 2300 τὴν
3225 2229 3408 2298 ἀφανῆ
3443 2231 3536 2281 καὶ
3582 2229 3916 2298 αὐθαίρετον
3963 2229 4051 2279 καὶ

2458 2320 2639 2390 ψυχὴν
2671 2321 2943 2375 ἀθάνατον
2979 2321 3231 2386 κολάζειν
3272 2323 3514 2376 ἀθάνατα
3539 2321 3876 2391 δυναμένην.

3104 2424 3332 2484 eratque
3388 2416 3755 2482 voluntarius,
3831 2426 3891 2472 et
3962 2429 4054 2469 sua

777 2521 973 2582 sponte
1005 2517 1316 2578 susceptus.
1341 2516 1398 2562 et
1448 2509 1687 2561 animam
1720 2507 2088 2562 immortalem
2154 2507 2354 2576 punire
2395 2518 2611 2579 poterat
2650 2511 3057 2568 immortaliter.

853 2602 1040 2658 XXVI.
1073 2603 1191 2657 Non
1217 2601 1394 2656 solum
1421 2610 1607 2655 autem
1645 2599 1924 2664 morbum,
1953 2598 2049 2668 qui
2089 2599 2253 2655 modo
2279 2599 2362 2653 in-

780 2696 1011 2760 ciderat,
1067 2705 1281 2764 poterat
1334 2706 1530 2746 curare
1582 2701 1846 2754 sanctus,
1883 2690 1978 2745 sed
2030 2689 2194 2745 etiam
2249 2691 2360 2741 ritu

780 2788 1051 2844 bonorum
1101 2785 1461 2847 medicorum,
1506 2794 1562 2839 et
1616 2783 1865 2837 futurum
1910 2797 2093 2846 nosse,
2125 2790 2181 2837 et
2213 2780 2361 2850 quod

783 2890 905 2936 erat
954 2881 1328 2940 eventurum,
1371 2876 1694 2946 prophetice
1731 2885 1786 2929 et
1833 2874 2025 2929 videre
2071 2884 2129 2929 et
2175 2873 2362 2928 dicere

784 2971 1094 3027 certissima
1155 2976 1371 3037 poterat
1437 2967 1775 3045 conjectura.
1841 2964 2091 3036 Magnam
2137 2964 2360 3034 quidem

784 3073 935 3120 certe
971 3064 1162 3117 urbem
1211 3076 1436 3130 magnas
1462 3060 1757 3114 adorturas
1786 3073 1909 3113 esse
1941 3059 2141 3120 minas,
2173 3073 2298 3113 cum
2331 3072 2361 3110 a

783 3155 1004 3225 superis
1036 3155 1338 3223 accepisset
1375 3151 1770 3207 revelationem
1794 3191 1808 3213 ,
1839 3167 1960 3205 eam
1995 3151 2256 3220 episcopo
2286 3151 2364 3204 si-

785 3247 1008 3317 gniﬁcat
1051 3246 1360 3309 Gennadio,
1411 3246 1612 3316 jubens
1653 3245 1998 3299 contentiore
2043 3243 2124 3298 uti
2174 3258 2364 3313 preca-

2539 2600 2664 2658 KA'.
2701 2604 2775 2656 Οὐ
2803 2604 2964 2673 μόνον
2995 2604 3052 2656 δὲ
3080 2603 3175 2676 τὴν
3205 2604 3331 2674 άρτι
3364 2603 3787 2674 προσπεσοῦσαν
3810 2605 3841 2657 ό
3878 2606 4056 2674 μακα-

2468 2709 2584 2762 ριος
2613 2694 2770 2748 νόσον
2821 2695 3079 2749 ἰάσασθαι
3112 2696 3357 2761 δυνατὸς,
3391 2696 3526 2751 ἀλλά
3559 2699 3700 2750 κατά
3744 2700 3876 2761 τοὺς
3905 2699 4057 2765 ἀγα-

2467 2787 2594 2852 θοὺς
2618 2786 2729 2840 τῶν
2779 2789 2983 2859 ἰατρῶν
3016 2790 3107 2843 καὶ
3142 2789 3241 2860 τὴν
3280 2790 3550 2860 ἐσομένην
3589 2790 3820 2859 γνῶναι,
3867 2792 3965 2842 καὶ
3997 2791 4060 2843 τὸ

2471 2880 2664 2948 μέλλον
2699 2881 3056 2950 προφητικῶς
3087 2882 3180 2934 καὶ
3209 2883 3339 2935 ἰδεῖν
3388 2883 3483 2934 καὶ
3512 2883 3688 2935 είπεῖν
3717 2884 4063 2953 εὐστοχώτα-

2468 2989 2581 3034 τος.
2607 2973 2923 3028 Μέλλουσαν
2949 2972 3082 3041 γοῦν
3104 2977 3170 3045 τῇ
3200 2975 3411 3046 μεγάλῃ
3439 2976 3592 3029 πόλει
3618 2977 3872 3044 μεγάλην
3899 2977 4063 3031 ἐπελ-

2471 3063 2585 3117 θεῖν
2621 3067 2714 3118 καὶ
2765 3067 2864 3136 τὴν
2899 3066 3150 3137 ἀπειλὴν,
3191 3065 3401 3120 ἀνωθεν
3427 3067 3722 3138 δεξάμενος
3762 3063 3924 3133 οὗτος
3960 3070 4060 3140 τὴν

2469 3155 2816 3227 ἀποκάλυψιν
2843 3158 2920 3227 τῷ
2942 3175 3002 3211 τε
3030 3159 3316 3231 επισκόπῳ
3341 3160 3612 3232 Γενναδίῳ
3640 3161 3841 3232 μηνύει
3871 3180 4064 3216 συντοο

2470 3250 2680 3320 νωτέρᾳ
2711 3250 2948 3320 χρῆσθαι
2973 3253 3040 3322 τῇ
3067 3252 3200 3323 εὐχῇ
3229 3252 3519 3316 κελεύσας.
3569 3255 3732 3308 ’Δλλά
3759 3255 3828 3326 δὴ
3856 3258 3952 3309 καὶ
3986 3257 4063 3326 τῷ

787 3339 1113 3406 tione.Quin
1137 3339 1303 3393 etiam
1334 3338 1650 3407 imperatori
1668 3338 1838 3392 Leoni
1863 3337 2112 3407 praedicit
2139 3336 2358 3400 similia,

2471 3341 2685 3412 βασιλεί
2714 3344 2905 3397 Λέοντι
2938 3345 3197 3414 προλέγει
3230 3350 3298 3398 τά
3329 3346 3513 3415 ὅμοια,
3539 3347 3633 3400 καὶ
3669 3347 3754 3411 δὶς
3782 3325 3887 3419 τῆς
3917 3325 4068 3404 δεδά-

787 3444 843 3488 et
873 3434 958 3487 bis
992 3433 1046 3485 in
1084 3430 1424 3485 hebdomsda
1460 3429 1621 3499 jubet
1652 3443 1975 3484 communes
2007 3427 2126 3481 ﬂeri
2154 3427 2368 3497 suppli-

788 3527 1055 3580 cationes.
1089 3524 1180 3579 Sic
1210 3523 1360 3578 enim
1387 3525 1469 3578 eis
1505 3522 1798 3591 pollicetur
1821 3520 1960 3574 iram
1989 3519 2088 3574 Dei
2121 3520 2365 3572 futuram

790 3617 1088 3672 mitiorem.
1122 3619 1298 3685 Atque
1349 3615 1387 3669 ii
1435 3613 1656 3682 quidem
1694 3613 1869 3667 sancti
1913 3614 2205 3682 pneceptis
2235 3625 2367 3666 con-

789 3712 1021 3781 temptui
1044 3709 1268 3770 habitis,
1293 3717 1451 3763 erant
1477 3707 1594 3776 ipsa
1629 3705 1960 3760 intellecturi
1989 3705 2360 3776 experientia,

783 3818 849 3859 ca
867 3819 990 3872 qua:
1014 3800 1307 3856 multitudo
1333 3808 1682 3869 peccatorum
1705 3796 1912 3860 eﬂ‘ecit,
1940 3805 2000 3850 ut
2020 3795 2086 3850 ad
2109 3795 2367 3851 effectum

789 3896 1220 3949 deducerentur.
1261 3891 1576 3947 Procedens
1605 3898 1789 3944 autem
1818 3888 1870 3942 id
1901 3887 2206 3942 declarabit
2243 3903 2369 3942 ora-

791 3989 888 4042 tio.
916 3987 1187 4052 Quoniam
1211 3994 1394 4038 autem
1426 3980 1600 4036 divini
1623 3995 1844 4052 quoque
1868 3981 2004 4050 Agni
2033 3979 2369 4035 sacriﬁcato-

788 4095 905 4133 renr
937 4077 1227 4145 oportebat
1251 4088 1371 4130 esse
1398 4074 1702 4138 Danielem,
1726 4072 1821 4142 qui
1856 4074 1970 4142 jam
1999 4071 2050 4126 ei
2080 4073 2233 4141 prius
2285 4087 2372 4126 sa-

791 4171 1138 4223 criﬁcaverat
1166 4177 1220 4220 et
1244 4181 1447 4235 corpus
1471 4177 1530 4220 et
1549 4165 1814 4232 animam,
1850 4179 1879 4216 e
1897 4164 2117 4234 superis
2138 4164 2362 4232 quidem

791 4273 977 4317 movet
1007 4261 1392 4328 imperatorem
1424 4257 1685 4327 Spiritus,
1727 4265 1912 4312 movet
1939 4265 2122 4310 autem
2152 4256 2370 4311 Genna-

791 4353 944 4408 dium
969 4365 1189 4420 quoque
1221 4350 1539 4418 imperator,
1572 4357 1629 4402 et
1657 4348 1725 4401 ad
1765 4362 1893 4402 eum
1931 4346 2146 4409 scribit,
2186 4355 2248 4400 ut
2276 4361 2372 4402 ac-

790 4444 968 4514 ceptis
1003 4443 1189 4497 multis
1224 4457 1290 4496 ex
1322 4440 1564 4495 Ecclesia
1590 4479 1605 4503 ,
1649 4440 1834 4494 veniat
1862 4438 1931 4493 ad
1978 4453 2235 4508 magnum
2268 4439 2373 4493 Da-

791 4536 1014 4597 nielem,
1034 4545 1088 4589 et
1108 4549 1236 4590 eum
1260 4540 1605 4589 consummet
1633 4531 1828 4587 ordine
1861 4529 2210 4586 sacerdotali.
2235 4529 2372 4585 Cum

2474 3435 2641 3504 μάδος
2670 3434 2857 3498 κοινάς
2882 3439 3174 3506 ἐπιτρέπει
3196 3439 3295 3500 τὰς
3317 3437 3592 3499 λιτανείας
3611 3437 3865 3506 γίνεσθαι
3883 3457 3898 3471 ο
3925 3439 4065 3494 οὕτω

2470 3525 2579 3595 γὰρ
2609 3526 2792 3590 αὐτοῖς
2839 3529 3104 3595 ἐγγυᾶται
3139 3529 3234 3582 καὶ
3271 3529 3371 3598 τὴν
3414 3528 3508 3584 τοῦ
3543 3528 3680 3584 Θεοῦ
3731 3534 3918 3602 ὁρμὴν
3950 3535 4065 3587 εσε-

2473 3615 2597 3669 σθαι
2627 3618 2958 3688 πραοτέραν.
2999 3612 3160 3673 Οὗτοι
3216 3621 3314 3691 μὲν
3342 3619 3438 3675 οῦν
3465 3622 3576 3675 τῶν
3624 3623 3720 3676 τοῦ
3759 3625 3925 3690 ἁγίου
3962 3643 4067 3678 πα·

2474 3709 2870 3780 ραγγελμάτων
2904 3710 3340 3783 ὀλιγωρήσαντες
3385 3711 3554 3785 πείρᾳ
3580 3714 3779 3784 μαθεῖν
3808 3717 4061 3786 ἔμελλον,

2472 3802 2614 3872 ἅπερ
2633 3803 2921 3871 ἁμαρτιῶν
2939 3803 3142 3873 πλῆθος
3167 3806 3245 3866 είς
3261 3805 3422 3874 ῖργον
3445 3807 3620 3859 ιλθείν
3646 3809 4062 3877 παρεσκεύαζε.

2472 3895 2717 3964 Δηλώσει
2744 3896 2800 3950 δὲ
2827 3895 3039 3966 προῖὼν
3058 3899 3087 3949 ό
3109 3897 3287 3965 λόγος.
3326 3897 3484 3953 Ἐπεὶ
3506 3900 3565 3952 δὲ
3591 3901 3686 3954 καὶ
3709 3901 3888 3973 θύτην
3917 3904 4064 3968 ἀξιον

2471 3989 2566 4042 τοῦ
2585 3987 2734 4041 θείου
2761 3988 2938 4058 ἀμνοῦ
2966 3988 3058 4042 τὸν
3085 3990 3292 4060 Δανιὴλ
3318 3989 3429 4044 ἔδει
3457 3993 3738 4059 γενέσθαι,
3756 3993 3864 4065 ἤδη
3895 3997 4064 4064 τούτῷ

2473 4079 2854 4149 προτεθυκότα
2896 4081 2991 4131 καὶ
3039 4078 3200 4148 σῶμα
3249 4079 3342 4132 καὶ
3379 4081 3479 4150 τὴν
3520 4081 3724 4150 ψυχὴν,
3768 4087 3921 4137 κινεῖ
3970 4087 4064 4154 μὲν

2473 4170 2681 4224 ἄνωθεν
2711 4172 2802 4224 τὸν
2832 4171 3136 4240 κρατοῦντα
3169 4171 3228 4224 τὸ
3271 4172 3513 4242 πνεῦμα,
3551 4177 3692 4226 κινεῖ
3720 4174 3780 4228 δὲ
3811 4179 3913 4229 καὶ
3943 4178 4065 4230 Γεν-

2474 4261 2652 4317 νάδιον
2682 4263 2711 4315 ό
2737 4263 2978 4334 κρατῶν,
3007 4263 3102 4316 καὶ
3130 4263 3441 4318 ἐπιστέλλει
3467 4265 3696 4334 συχνοὺς
3721 4265 3825 4335 τῆς
3861 4269 4064 4339 ειχλη-

2475 4353 2600 4414 σίας
2631 4353 2868 4407 λαϐόντα
2911 4351 3046 4424 πρὸς
3076 4353 3170 4405 τὸν
3215 4353 3391 4422 μέγαν
3428 4353 3678 4408 ἀνελθεῖν
3727 4359 3825 4411 καὶ
3869 4361 3940 4430 τῇ
3971 4359 4062 4412 τοῦ

2475 4441 2669 4512 ίερέως
2695 4443 2858 4497 αὐτὸν
2898 4443 3187 4498 τελειῶσαι
3218 4445 3548 4517 χειροτονίᾳ.
3589 4446 3697 4500 Τοῦ
3743 4448 3804 4502 δὲ
3845 4450 3928 4513 ὡς
3955 4447 4061 4522 εἶχε

2473 4535 2647 4588 ταῦτα
2681 4536 3032 4603 πεποικότος,
3103 4539 3132 4591 ό
3178 4537 3350 4600 πολὺς
3391 4538 3462 4592 τά
3506 4539 3780 4610 μέλλοντα
3814 4548 4060 4614 προορᾷν

794 4629 842 4684 is
866 4643 997 4681 vero
1028 4626 1145 4680 haec
1173 4626 1414 4688 fecisset,
1439 4624 1533 4692 qui
1570 4621 1907 4692 praevidendi
1932 4623 2156 4691 quidem
2183 4622 2358 4677 futura

2477 4628 2694 4700 πρῶτον
2751 4629 2850 4700 μὲν
2891 4631 2991 4690 τὴν
3027 4631 3164 4702 πρὸς
3213 4631 3378 4686 αὑτὸν
3434 4631 3620 4702 ἄφιξιν
3649 4633 3729 4703 τῷ
3783 4637 4058 4706 πνεύματι

794 4735 1044 4792 magnam
1073 4718 1307 4773 habebat
1336 4725 1678 4787 potestatem,
1714 4715 1950 4784 primum
1981 4713 2204 4783 quidem
2259 4717 2370 4786 spi—

795 4817 908 4869 ritu
941 4813 1336 4885 pracognoscit
1361 4810 1608 4865 futurum
1637 4808 1702 4862 ad
1731 4823 1788 4862 se
1815 4807 2144 4873 adventum;
2170 4808 2369 4864 deinde

795 4919 918 4959 cum
961 4904 1050 4956 ille
1080 4902 1189 4971 jam
1215 4902 1455 4955 venisset
1484 4897 1549 4951 ad
1597 4898 1932 4961 columnam,
1963 4897 2101 4951 dixit
2144 4913 2203 4952 se
2225 4899 2365 4968 jam-

796 4995 1008 5067 pridem
1039 4993 1383 5049 desiderasse
1431 4992 1496 5044 ad
1545 5005 1672 5044 eum
1720 4988 2043 5054 ascendere,
2076 4989 2173 5045 sed
2207 5005 2368 5046 curas

797 5089 1146 5162 prohibuisse
1175 5086 1598 5149 ecclesiasticas,
1633 5099 1702 5138 ne
1737 5083 1900 5137 linem
1935 5084 2244 5152 imponeret
2269 5097 2373 5138 suo

797 5181 1096 5245 desiderio,
1122 5194 1268 5234 nunc
1295 5187 1481 5233 autem
1507 5177 1715 5242 venire,
1752 5185 1812 5230 ut
1840 5185 1896 5230 et
1931 5176 2111 5246 ipsum
2139 5175 2370 5241 videret,

797 5276 1026 5344 ejusque
1058 5273 1315 5343 precibus
1346 5272 1623 5325 frueretur
1645 5279 1702 5325 et
1723 5269 2092 5325 sermonibus.
2128 5269 2374 5340 Rogabat

797 5383 950 5429 vero,
987 5373 1044 5420 ut
1081 5366 1246 5420 scala:
1277 5379 1495 5433 quoque
1541 5362 1963 5417 adhiberentur.
2006 5361 2254 5425 Frustra,
2290 5361 2376 5415 in-

798 5460 919 5530 quit
950 5458 1002 5514 ei
1034 5456 1367 5527 pradicendi
1397 5471 1586 5526 magna
1611 5455 1664 5508 vi
1695 5453 1955 5524 praditus
1983 5452 2196 5517 Daniel,
2223 5452 2372 5506 hunc

799 5553 1044 5607 laborem
1079 5559 1138 5604 ut
1166 5551 1492 5620 susciperes,
1543 5546 1879 5617 procuravit,
1906 5546 1999 5615 qui
2051 5539 2220 5600 te'ad
2272 5560 2372 5599 nos

800 5644 993 5699 movit.
1021 5642 1137 5697 lloc
1169 5641 1333 5697 simul
1366 5650 1419 5695 et
1449 5649 1730 5710 stuporem
1765 5647 1819 5694 et
1849 5645 2055 5693 metum
2084 5636 2245 5691 aﬂert
2279 5651 2372 5691 sa-

799 5735 1046 5800 cerdoti;
1084 5742 1364 5804 stuporem
1395 5731 1642 5802 quidem,
1673 5745 1913 5800 quonam
1945 5726 2110 5784 modo
2140 5728 2222 5783 sic
2247 5728 2368 5798 ejus

801 5827 1056 5900 cognovit
1095 5827 1409 5897 adventum,
1457 5825 1710 5884 timorem
1756 5835 1938 5883 autem
1967 5867 1981 5894 ,
2022 5824 2171 5897 quod
2208 5840 2366 5882 mens

2481 4719 2883 4792 προγινώσκει·
2927 4722 3119 4775 ἔπειτα
3153 4722 3229 4784 ὡς
3272 4723 3479 4785 ἐκεῖνος
3514 4725 3616 4794 ήδη
3651 4727 3794 4778 κατά
3819 4728 3918 4780 τὺν
3947 4729 4060 4781 στῦ-

2476 4812 2566 4864 λον
2589 4813 2880 4880 γενόμενος
2909 4813 3144 4867 ἔκπαλαι
3178 4813 3280 4883 μὶν
3311 4815 3445 4885 δρᾷν
3473 4814 3576 4883 ἔφη
3605 4818 3705 4884 τῇς
3729 4820 3874 4886 πρὸς
3903 4820 4057 4872 αὑτὸν

2476 4903 2684 4968 ἀνόδου,
2718 4904 3198 4974 ικκλησιαστικαῖς
3227 4905 3284 4958 δὶ
3333 4906 3615 4977 φροντίσιν
3645 4908 3938 4978 εἴργεσθαι
3969 4912 4056 4964 πέ-

2481 5011 2581 5063 ρας
2619 4997 2928 5065 παρασχεῖν
2976 4997 3043 5066 τῇ
3080 4995 3372 5066 ἐπιθυμίᾳ,
3420 4998 3540 5049 νυνὶ
3573 4996 3630 5048 δὲ
3676 4997 3866 5066 ἥκειν,
3903 5000 4055 5053 αὐτόν

2476 5104 2536 5140 τε
2574 5087 2700 5141 ίδετν
2729 5089 2822 5141 καὶ
2847 5088 3024 5159 εὐχῶν
3058 5089 3227 5143 αὐτοῦ
3272 5091 3368 5143 καὶ
3403 5089 3581 5158 λόγων
3615 5093 4052 5158 καταπολαῦσαι,

2477 5180 2631 5249 ἠξίου
2677 5181 2734 5234 δὲ
2765 5182 2861 5235 καὶ
2909 5182 3012 5252 τὴν
3041 5182 3288 5252 κλίμακα
3329 5183 3545 5252 στῆναι,
3584 5183 3804 5253 Μάτην,
3838 5187 4051 5254 φησῖνό

2477 5272 2963 5343 προφητικώτατος
2997 5273 3195 5343 Δανιὴλ
3245 5273 3380 5344 πρὸς
3421 5273 3602 5340 αὑτὸν,
3637 5276 3815 5328 κόπου
3843 5293 3932 5330 σοι
3961 5295 4051 5329 xa-

2477 5363 2639 5433 τέστη
2699 5364 2957 5434 πρόξενος
3010 5367 3039 5418 ό
3088 5367 3318 5436 κινήσας
3381 5383 3440 5418 σε
3483 5368 3618 5434 πρὸς
3661 5369 3837 5436 ἡμᾶς.
3891 5368 4052 5421 Τοῦτο

2477 5453 2740 5524 ἔκπληξιν
2771 5455 2887 5526 ἅμα
2929 5457 3024 5510 καὶ
3051 5457 3171 5521 δέος
3206 5457 3464 5527 ὶμσάλλει
3491 5457 3571 5526 τῷ
3603 5458 3762 5527 ίερεῖ,
3794 5459 4050 5526 ἔκπληξιν

2483 5549 2582 5619 μὲν
2598 5551 2744 5613 ὅπως
2771 5549 2914 5604 οὕτω
2930 5554 3028 5618 τῆς
3052 5549 3290 5618 ἀφίξεως
3309 5549 3476 5604 αὐτοῦ
3492 5551 3582 5602 τὸν
3610 5550 3817 5620 τρόπον
3835 5550 4045 5617 διέγνω,

2474 5645 2594 5708 δέος
2621 5645 2677 5698 δὲ
2711 5645 2791 5698 ὅτι
2834 5646 2929 5698 καὶ
2958 5646 3027 5699 τὰ
3080 5646 3178 5714 τῆς
3206 5642 3432 5713 γνώμης
3477 5642 3643 5698 αὐτοῦ
3701 5643 3786 5714 τῷ
3807 5665 3823 5683 ο
3835 5645 4048 5714 μεγάλῳ

2478 5731 2689 5801 φανερά
2720 5727 2788 5803 ἦν
2815 5749 2828 5764 ·
2866 5733 2988 5786 οὐδὲ
3037 5734 3166 5802 γὰρ,
3198 5735 3246 5788 εί
3278 5733 3352 5805 μὴ
3398 5733 3550 5805 παρά
3597 5731 3693 5786 τοῦ
3725 5733 4046 5806 κρατοῦντος

2475 5825 2810 5893 ὴνάγκαστο,
2849 5815 3144 5880 επένευσεν
3169 5826 3235 5882 ἀν
3276 5844 3405 5881 ποτε
3436 5827 3670 5882 ἀνιέναι.
