4214 6444
221 412 359 477 1001

1284 410 1468 470 νιΤΑ
1508 409 1565 468 S.
1612 406 1981 467 DANIELIS
2011 406 2374 468 δτϊιιτλε.

3334 403 3475 467 1002

214 526 341 593 ejus
384 536 579 591 magno
624 528 743 575 erat
787 518 993 573 Daniell
1038 516 1345 572 manifesta.
1376 516 1577 584 .Neque
1605 516 1777 579 enim,
1822 515 1929 572 nisi
1959 524 2187 572 coactus
2214 516 2875 585 fuissetabimperatorc,
2936 512 3006 569 ad
3036 530 3163 567 eum
3228 531 3469 585 unquam

215 618 414 673 venire
445 615 750 668 annuisset.

294 708 423 762 κε’.
472 706 625 759 Ἐπεὶ
652 706 711 758 ὄλ
758 705 929 758 πολλὰ
975 704 1078 774 μὲν
1121 701 1214 755 τοῦ
1260 701 1588 763 επισκόπου,
1621 701 1791 753 πολλὰ

1970 696 2129 751 XXV.
2148 697 2285 752 Cum
2311 704 2493 749 autem
2513 700 2570 747 et
2583 692 2896 761 episcopus,
2919 700 2975 745 et
2988 695 3080 761 qui
3104 696 3475 763 sequebantur

217 799 279 853 6s
325 798 421 850 καὶ
465 797 578 847 τῶν
624 794 911 863 ἑπομένων
962 791 1041 860 τῷ
1096 789 1383 857 ὲπισκόπῳ
1434 787 1660 854 τεθῆναι
1702 783 1801 853 τὴν
1846 781 1853 785 ’

220 889 478 958 κλίμακα
530 886 831 953 δεηθέντων
881 884 976 936 καὶ
1023 881 1271 935 ἀνελθεῖν
1341 880 1723 947 ἀπηγόρευσεν
1773 877 1802 927 ὁ

221 985 517 1050 ἀήττητος,
552 979 654 1049 ήδη
698 978 756 1030 δὲ
786 976 878 1030 καὶ
907 978 937 1028 ὁ
982 974 1135 1041 ἥλιος
1169 971 1307 1025 κατὰ
1360 970 1530 1039 μέσας
1560 968 1801 1034 εἱστήκει

220 1071 325 1135 τὰς
392 1070 633 1136 κεφαλάς
684 1068 918 1138 θερμαῖς
972 1065 1145 1125 αὑτάς
1178 1063 1387 1135 βάλλων
1434 1060 1554 1121 ταῖς
1593 1058 1799 1120 ἀκτῖσι,

222 1166 323 1218 καὶ
345 1164 405 1215 τι
435 1162 642 1231 πλῆθος
687 1160 832 1228 δίψει
862 1160 955 1211 καὶ
986 1157 1229 1213 καύσωνι
1263 1156 1290 1205 ὁ
1340 1151 1640 1211 ἐπίσκοπος
1674 1149 1804 1215 φλε-

1903 791 2247 860 episcopum,
2275 788 2508 841 multum
2536 786 2901 854 rogavissent,
2941 794 2998 837 ut
3045 786 3473 841 admoverentur

1904 884 2086 943 scalae,
2144 889 2200 935 et
2257 879 2322 932 ad
2382 895 2508 933 eum
2567 877 2915 939 ascenderet,
2945 877 3270 945 prohibebat
3338 894 3473 934 vero

1904 976 2147 1031 invictus
2174 973 2398 1034 Daniel;
2424 972 2749 1026 imminebat
2782 984 2964 1025 autem
2991 972 3103 1041 jam
3134 972 3216 1025 sol
3276 973 3471 1027 mediis

1904 1083 2096 1124 eorum
2127 1065 2421 1135 capitibus,
2449 1064 2643 1118 calidis
2662 1079 2758 1119 eos
2782 1063 2989 1118 feriens
3025 1065 3217 1128 radiis,
3245 1074 3301 1118 et
3328 1064 3477 1118 vide-

1905 1159 2001 1213 bat
2028 1159 2327 1227 episcopus
2391 1156 2801 1209 multitudinem
2835 1156 2924 1209 siti
2974 1165 3029 1208 et
3076 1165 3208 1209 mstu
3252 1159 3473 1212 torreri.

222 1256 494 1324 γομένους
537 1252 704 1321 ἐώρα,
737 1252 788 1302 τί
841 1253 1011 1312 ποιεῖς
1047 1246 1308 1301 Κάτωθεν
1366 1245 1466 1312 μὲν
1515 1242 1801 1310 ἐπιτρέπει

1909 1250 2059 1322 iubet
2094 1249 2324 1303 inferius
2358 1248 2583 1314 quidem
2639 1248 3037 1301 arcliidiacono
3067 1263 3256 1315 preces
3288 1250 3475 1325 dicere

221 1347 304 1413 τῷ
336 1345 700 1415 ἀρχιδιακόνῳ
728 1344 824 1405 τάς
877 1340 1135 1407 συνήθεις
1173 1338 1339 1406 εὐχὰς
1383 1332 1759 1402 ὑπαγορεύσαι
1784 1347 1800 1362 ο

221 1439 389 1498 αὐτὸς
428 1438 488 1489 δὲ
546 1436 983 1505 προσευξάμενος
1021 1432 1319 1501 χειροτονεῖ
1360 1429 1454 1480 τὸν
1495 1427 1669 1495 μέγαν
1712 1424 1805 1478 καὶ

228 1534 307 1600 μὴ
342 1531 584 1601 παρόντα
637 1527 1036 1598 πρεσϐύτερον.
1066 1527 1159 1577 καὶ
1192 1526 1308 1593 ἆμα
1338 1522 1398 1573 τὸ
1439 1520 1662 1587 πλῆθος,
1696 1517 1805 1569 Καὶ

222 1622 400 1687 ἄξιος,
452 1621 693 1673 ἐπεϐόων
732 1623 823 1672 ἐπὶ
889 1620 981 1671 τὸν
1032 1614 1244 1683 άληθῶς
1292 1615 1461 1679 ἄξιον.
1512 1611 1671 1664 Οὕτω
1709 1607 1803 1661 τοῦ

224 1714 572 1783 πατριάρχου
617 1711 901 1764 Γενναόίου
954 1710 1105 1779 ίερέα
1139 1725 1197 1760 τε
1244 1706 1336 1758 τὸν
1372 1704 1569 1773 Δανιὴλ
1603 1703 1804 1772 ὀνομά-

227 1820 425 1865 σαντος
474 1802 589 1862 καὶ.
641 1801 793 1863 Ἰδοὺ,
851 1802 1153 1870 είρηκότος.
1206 1796 1299 1848 καὶ
1346 1798 1373 1848 ὁ
1409 1794 1534 1856 λαός
1579 1810 1660 1845 σοι
1706 1793 1804 1860 τὴν

226 1894 628 1962 νενομισμένην
686 1894 863 1961 ἀφῆκε
910 1889 1093 1959 φωνὴν
1149 1890 1241 1940 ἐπὶ
1288 1885 1484 1954 τούτῳ,
1529 1886 1622 1937 καὶ
1673 1884 1803 1945 Θεὸς

225 1984 442 2042 ἄνωθεν
470 1988 538 2039 δι’
569 1985 704 2054 ἐμοῦ
750 2002 835 2037 σοι
864 1983 960 2051 τὴν
987 1985 1147 2051 χεῖρα
1192 1977 1457 2046 ἐπέθηκε,
1491 1977 1585 2029 καὶ
1616 1973 1801 2035 ἁπλῶς

1906 1354 2222 1397 consuetas.
2258 1341 2376 1411 Ipse
2410 1352 2592 1396 autem
2613 1358 2737 1395 cum
2770 1350 2915 1395 esset
2947 1351 3223 1408 precatus,
3254 1343 3475 1396 ordinat

1908 1451 2163 1503 magnum
2200 1435 2477 1487 Danielem
2506 1434 2674 1487 etiam
2707 1449 2816 1486 non
2846 1441 3195 1500 praesentem,
3250 1434 3476 1505 presby-

1909 1537 2111 1591 terum,
2141 1535 2197 1580 et
2226 1525 2391 1579 simul
2447 1525 2745 1579 multitudo
2786 1525 2853 1578 de
2878 1539 2945 1578 eo
2978 1524 3216 1592 quierat
3244 1540 3371 1578 vere
3396 1526 3479 1579 di-

1907 1634 2071 1688 gnus,
2095 1619 2388 1681 clamabat,
2420 1617 2647 1685 Dignus.
2672 1614 2809 1670 Cum
2832 1616 2911 1670 sic
2936 1616 3243 1684 patriarcha
3261 1614 3480 1670 Genna-

1908 1713 2035 1767 dius
2090 1711 2366 1765 Danielem
2403 1711 2740 1765 nominasset
2779 1708 3142 1769 sacerdotem,
3198 1717 3274 1772 et,
3317 1708 3479 1772 Ecce,

1906 1805 2157 1865 dixisset,
2185 1811 2241 1857 et
2273 1802 2368 1856 tibi
2408 1802 2860 1871 pepulusjustam
2893 1802 2960 1855 de
2996 1815 3149 1855 more
3187 1809 3476 1869 propterea

1906 1896 2089 1951 emisit
2114 1909 2303 1949 vocem
2330 1912 2343 1957 ;
2366 1904 2421 1948 et
2444 1898 2588 1948 Deus
2610 1894 2851 1961 desuper
2884 1894 2979 1947 tibi
3010 1909 3108 1962 per
3138 1908 3226 1948 me
3252 1909 3475 1947 manum

1909 1989 2192 2058 imposuit,
2242 1997 2298 2041 et
2334 1988 2541 2049 omnia,
2590 1996 2648 2040 ut
2687 1987 2855 2041 semel
2907 1986 3113 2047 dicam,
3170 1986 3467 2054 suscepisti

225 2082 410 2133 πάντα
448 2083 517 2131 τά
547 2078 645 2146 τῆς
684 2076 984 2147 ἱερωσύνης
1019 2074 1185 2138 ἐδέξω
1231 2070 1480 2138 σύμϐολα
1504 2085 1517 2100 ·
1557 2068 1802 2120 λείπεται

1909 2087 2061 2152 s‘gna
2097 2080 2418 2136 sacerdotii.
2459 2080 2658 2133 Restat
2694 2094 2848 2149 ergo.
2877 2092 2935 2132 ut
2962 2078 3124 2131 scale
3147 2077 3481 2131 admovean—

224 2171 362 2238 γοῦν
399 2172 499 2240 τὴν
528 2169 771 2239 κλίμακα
805 2167 884 2237 τῷ
918 2169 1055 2219 κίονι
1091 2164 1421 2231 ἐρεισθῆναι.
1458 2160 1546 2216 ῐνα
1579 2160 1677 2212 καὶ
1703 2160 1802 2226 τῆς

226 2262 383 2329 ίερᾶς
415 2260 693 2329 μετάσχῃς
725 2258 942 2320 θυσίας,
976 2256 1070 2309 καὶ
1112 2255 1289 2307 πάντα
1324 2252 1551 2322 ὑπείξῃς
1598 2250 1674 2319 τῷ
1707 2266 1807 2302 κα-

222 2350 415 2403 λοῦντι
451 2349 595 2417 Θεῷ.
625 2349 697 2400 ἰὸ
726 2349 888 2415 γνοὺς
916 2349 943 2399 ὁ
967 2345 1231 2416 μακάριος
1264 2344 1338 2413 μὴ
1368 2344 1434 2395 ἂν
1458 2341 1609 2393 ἀθεεὶ
1630 2340 1802 2393 ταῦτα

223 2444 507 2512 γενέσθαι,
542 2442 677 2494 ἀλλὰ
714 2440 962 2494 κάκεῖνον
997 2438 1388 2505 συνευδοκῆσαι
1436 2437 1547 2496 τοῖς
1578 2434 1806 2502 γενομέ-

225 2553 365 2598 νοις,
400 2538 500 2603 τήν
535 2549 594 2585 τε
636 2532 883 2598 κλίμακα
912 2530 1136 2598 τεθῆναι
1182 2527 1416 2589 κελεύει,
1450 2528 1542 2579 καὶ
1587 2527 1681 2578 τὸν
1714 2526 1806 2577 ού-

227 2629 419 2695 ράνιον
465 2625 833 2695 μαργαρίτην,
862 2624 962 2692 τὴν
999 2623 1148 2674 θείαν
1193 2621 1333 2690 φημὶ
1379 2617 1686 2683 κοινωνίαν,
1713 2620 1809 2671 καὶ

226 2720 418 2773 δίδωσι
450 2718 542 2770 καὶ
591 2717 881 2785 λαμϐάνει.
915 2711 1049 2768 Εἶτα
1106 2713 1200 2765 καὶ
1249 2713 1417 2765 τᾶλλα
1470 2714 1649 2765 πάντα
1694 2712 1807 2773 τοῖς

238 2812 483 2882 ἱερεῦσιν
513 2810 753 2873 εἰωθότα,
778 2814 1011 2877 ποιήσας
1059 2809 1151 2859 καὶ
1177 2806 1271 2859 τοῦ
1309 2806 1545 2875 πλήθους
1576 2806 1809 2873 ὑπερευ-

230 2907 490 2974 εάμενος,
524 2906 703 2973 ἀφῆκε
747 2903 1041 2972 χαίροντας
1070 2898 1204 2967 ἐμοῦ
1252 2902 1345 2950 καὶ⁵
1387 2896 1767 2966 θαυμάζοντας
1793 2911 1806 2924 '

226 2999 298 3050 τὸ
332 2998 429 3066 μὲν
451 2996 541 3049 διὰ
589 2997 687 3066 τὴν
712 2996 1022 3062 πρόγνωσιν
1057 2993 1153 3046 καὶ
1191 2992 1291 3060 τὴν
1320 2990 1611 3058 ὶπαινετήν
1642 2988 1809 3049 ὅντως

227 3089 457 3155 δειλίαν,
484 3089 544 3142 τὸ
583 3088 641 3141 δὲ
687 3089 769 3141 ὅτι
804 3087 962 3155 μόγις
1011 3084 1129 3154 μιν,
1168 3082 1420 3136 πείθεται
1446 3080 1502 3134 δὲ
1529 3082 1679 3150 ὅμως
1718 3081 1813 3133 αἰ-

230 3183 328 3247 τδς
364 3185 463 3251 μὲν
504 3182 602 3250 τὴν
658 3178 961 3248 ἱερωσύνην
1005 3176 1211 3239 λασεῖν,
1262 3174 1488 3235 ἐκείνοις
1517 3174 1575 3227 δι
1612 3174 1681 3226 τὰ
1714 3175 1812 3243 τῆς

229 3275 403 3344 εὐχῆς
438 3275 736 3343 παρασχεῖν
772 3271 992 3338 καὶτῆς
1019 3268 1295 3335 εὐλογίας.
1330 3267 1373 3319 Τ
1376 3266 1516 3319 αὔτα
1554 3266 1689 3334 δῆλα
1721 3267 1811 3317 καὶ

1915 2186 2004 2230 tur
2052 2175 2347 2235 columna,
2397 2182 2459 2226 ut
2488 2172 2565 2225 sis
2594 2173 2762 2224 etiam
2793 2171 2932 2224 sacri
2963 2172 3239 2239 particeps
3267 2170 3476 2224 sacrifi-

1911 2268 2005 2324 cii.
2034 2275 2091 2319 et
2123 2266 2235 2318 Deo
2258 2264 2476 2318 vocanti
2504 2262 2733 2316 omnino
2751 2264 2936 2315 cedas.
2960 2261 3116 2315 Tunc
3135 2276 3260 2314 cum
3281 2261 3479 2314 beatus

1909 2356 2463 2428 cognovissetDanicl
2503 2354 2620 2409 haec
2651 2368 2760 2407 non
2788 2353 2907 2407 fieri
2937 2353 3057 2407 sine
3091 2352 3184 2407 Dei
3230 2354 3479 2415 numine,

1912 2450 2008 2503 sed
2056 2449 2107 2501 ei
2135 2462 2357 2517 quoque
2402 2454 2557 2515 grata
2607 2460 2732 2499 esse
2782 2454 2837 2498 et
2875 2453 3122 2513 accepta.
3179 2462 3301 2514 quae
3341 2446 3481 2499 facta

1913 2548 2063 2602 sunt,
2110 2539 2266 2607 jubet
2317 2539 2444 2608 poni
2482 2538 2682 2596 scalas.
2714 2545 2769 2591 et
2800 2538 3079 2591 cmlestem
3108 2538 3483 2607 margaritam.

1913 2630 2183 2695 divinam,
2221 2631 2469 2699 inquam,
2499 2629 2971 2690 communionem,
2994 2638 3050 2682 et
3077 2629 3171 2683 dat
3190 2639 3244 2683 et
3262 2630 3482 2697 accipit.

1913 2724 2123 2779 Deinde
2156 2738 2281 2778 cum
2320 2723 2488 2785 etiam
2517 2721 2741 2775 fecisset
2771 2720 2878 2773 alia
2901 2718 3107 2783 omnia,
3137 2735 3258 2790 quae
3305 2721 3485 2774 solent

1916 2815 2030 2869 fieri
2058 2829 2085 2867 a
2109 2811 2512 2873 sacerdotibus,
2539 2819 2595 2865 et
2622 2797 2877 2878 precatus
2917 2818 3065 2863 esset
3100 2824 3199 2878 pro
3234 2810 3485 2864 multitu-

1915 2908 2066 2970 dine,
2107 2922 2205 2961 eos
2260 2903 2472 2959 dimisit
2515 2901 2768 2956 lactantes
2823 2900 2989 2955 simul
3039 2910 3096 2955 et
3120 2902 3481 2965 admirantes,

1915 3000 2113 3069 partim
2154 2996 2377 3067 quidem
2433 3004 2659 3063 propter
2691 2991 3098 3061 praescientiam
3121 3000 3178 3047 et
3202 3008 3332 3047 vere
3369 2994 3491 3047 lau-

1914 3092 2150 3146 dabilem
2185 3088 2559 3150 timiditatem,
2592 3084 2791 3154 partim
2825 3093 3007 3138 autem
3037 3084 3183 3153 quod
3230 3084 3319 3138 vix
3364 3086 3486 3154 qui-

1914 3185 2058 3246 dem,
2117 3180 2478 3249 persuadetur
2528 3188 2709 3231 tamen
2760 3176 2879 3244 ipse
2946 3175 3173 3243 quidem
3236 3177 3487 3245 accipere

1914 3273 2311 3334 sacerdotium,
2338 3272 2447 3325 illis
2473 3285 2602 3324 vero
2629 3270 2876 3338 przbere
2902 3282 3093 3338 preces
3146 3278 3202 3322 et
3230 3268 3489 3323 benedic-

229 3368 315 3437 τῷ
347 3367 556 3437 βασιλεῖ
588 3366 825 3430 γίνεται,
859 3364 953 3415 καὶ
981 3362 1079 3432 τῆς
1118 3362 1311 3430 ὁμοίας
1334 3358 1497 3411 αὑτὸν
1535 3356 1811 3428 ἐμπίπλη-

1916 3367 2142 3419 tionem.
2174 3364 2304 3420 Haec
2344 3361 2665 3431 imperatori
2694 3373 2916 3428 quoque
2974 3359 3378 3429 significantur,
3429 3370 3486 3414 et

233 3478 324 3513 σιν
356 3460 549 3529 ἡδονῆς
574 3458 669 3511 καὶ
701 3456 1041 3527 ἐκπλήξεως.

310 3555 455 3618 KC’.
491 3553 656 3604 Οὐδὲν
702 3550 798 3603 οὖν
836 3551 978 3620 μέγα
1016 3549 1137 3601 οὐδὲ
1184 3547 1285 3616 τῆς
1320 3546 1496 3614 ἀρχῆς
1530 3544 1804 3614 φρονήσας

230 3650 457 3710 οἰκεῖον,
488 3645 627 3698 ἀλλὰ
672 3642 858 3713 μαθὼν
885 3642 1009 3694 ὅσον
1046 3640 1164 3692 ἐστὶ
1193 3638 1471 3709 βασιλείας
1509 3638 1678 3708 ἁρετὴ
1727 3653 1808 3687 τις

237 3738 533 3809 μιώτερον,
567 3736 741 3789 ἄνεισι
772 3733 864 3785 καὶ
902 3734 1061 3794 αὐτὸς
1105 3732 1238 3800 πρὸς
1284 3731 1469 3791 αὑτὸν.
1500 3729 1593 3782 καὶ
1617 3730 1805 3797 ὥσπερ

233 3835 330 3886 τὸν
357 3828 525 3897 τῦφον
559 3828 653 3881 καὶ
686 3826 783 3895 τὴν
826 3824 1098 3895 βασίλειον
1123 3823 1298 3892 ὀφρὺν
1323 3824 1472 3875 κάτω
1503 3821 1677 3873 λιπὼν
1716 3821 1809 3872 κ-ιὶ

234 3922 677 3987 ἀπολυσάμενος,
725 3917 908 3986 βάλλει
948 3916 1045 3984 μὲν
1078 3916 1269 3966 ἑαυτὸν
1297 3914 1374 3975 είς
1415 3913 1543 3981 γῆν,
1577 3912 1808 3965 ἅπτεται

232 4017 296 4069 δὲ
321 4013 430 4066 τῶν
482 4012 641 4080 ίερῶν
673 4010 879 4062 ἐκείνου
930 4008 1128 4069 ποδῶν,
1182 4006 1486 4074 καθαπερεὶ
1527 4006 1603 4075 τῷ
1635 4003 1808 4058 ταῦτα

234 4107 417 4158 ποιεῖν
454 4103 636 4173 μεῖζον
663 4101 696 4171 ἢ
721 4101 860 4153 κατὰ
886 4098 1112 4169 βασιλέα
1141 4098 1470 4167 τιμώμενος.
1509 4097 1807 4162 Ἀψάμενος

233 4197 296 4250 δὲ
357 4193 661 4263 πληροῦται
719 4192 999 4261 θαύματος
1046 4191 1077 4259 ἢ
1134 4191 1403 4258 πρότερον
1449 4190 1477 4240 ὁ
1509 4187 1546 4239 Γ
1551 4186 1807 4248 ελάσιοςο

234 4286 398 4348 πόδες
429 4286 539 4354 γὰρ
583 4286 786 4337 ὶκεῐνοι
820 4285 943 4336 λίαν
986 4282 1321 4352 ὲξῳὸηκότες
1367 4276 1509 4350 ἦσαν
1544 4280 1640 4333 καὶ⁵
1671 4279 1809 4341 ὅλως

239 4378 499 4449 βρύοντες
528 4377 737 4439 ιλκεσι,
779 4377 873 4427 καὶ
914 4371 982 4446 ἦν
1018 4372 1250 4443 φρικτὸν
1280 4370 1415 4442 ὁμοῦ
1468 4373 1563 4424 καὶ
1593 4370 1811 4438 οἰκτρὸν

244 4470 378 4523 ιδείν
409 4470 505 4521 καὶ
530 4466 795 4537 άψασθαι.
829 4466 962 4518 Τότε
1011 4465 1141 4533 γοῦν
1174 4465 1203 4516 6
1235 4463 1488 4532 βασιλεὺς
1524 4462 1687 4514 αὑτὸν
1717 4462 1813 4513 καὶ

239 4560 437 4616 διττῶν
488 4560 647 4629 βάσιν
695 4558 891 4613 κιόνων
941 4558 1198 4627 δωρεῖται
1247 4556 1341 4618 οὒς
1385 4556 1548 4615 αὐτὸς
1602 4554 1809 4622 ἵδρυσε,

239 4654 512 4724 διχθάδιον
549 4652 641 4708 τὸν
697 4649 888 4704 στῦλον
940 4649 1324 4719 ἐπονομάσας-ο
1357 4641 1419 4702 οὖ
1470 4648 1565 4700 καὶ
1610 4648 1809 4715 Δανιὴλ

242 4720 548 4801 ἐπιϐαίνων
600 4743 842 4814 (χαιρεν.
887 4742 1130 4805 Ἐκεῖνός
1164 4758 1222 4794 τε
1254 4741 1364 4808 γὰρ
1414 4739 1490 4808 τῷ
1522 4738 1650 4808 ὕψει
1678 4738 1814 4807 μᾶλ-
1844 4720 1887 4776 D

241 4839 339 4891 λον
366 4838 594 4906 ἐπῆρτο,
638 4835 736 4889 καὶ
778 4832 953 4897 οὕτως
985 4835 1102 4902 Ξιμα
1133 4832 1268 4902 πρὸς
1317 4832 1550 4900 ἄσκησιν
1598 4830 1815 4883 ἐπετεί-

243 4946 391 4991 νετο,
442 4928 635 4999 θέρους
693 4928 791 4997 μὶν
830 4926 1257 4995 φλοτοδεστερον
1310 4924 1472 4975 αὐτὸν
1532 4922 1813 4991 βάλλοντος

242 5020 343 5074 τοῦ
372 5020 546 5091 ἡλίου.
577 5018 849 5089 χειμῶνος
889 5019 945 5070 6‘s
977 5018 1318 5087 ψυχρότερον
1354 5013 1450 5067 τοῦ
1500 5014 1687 5083 ἀέρος.
1728 5012 1815 5075 ’ος

245 5116 305 5168 δι
338 5116 430 5167 καὶ
457 5115 556 5183 τῆς
587 5112 697 5165 τῶν
726 5113 946 5180 ἀνίμων
978 5112 1121 5181 βίας.
1150 5110 1327 5178 χιόνος
1359 5124 1417 5160 τε
1451 5108 1543 5160 κειῖ⁹
1576 5105 1816 5175 χαλάζης

251 5206 494 5276 ἰσχυρῶς
547 5205 958 5273 ὲπιτεταμίνων
1001 5204 1096 5255 καὶ
1139 5202 1339 5271 ἣκιστα
1386 5198 1631 5270 φορητὴν
1697 5197 1821 5250 im-

246 5300 574 5354 δεικνύντων
622 5298 723 5367 τὴν
773 5295 1090 5365 καρτερίαν,
1149 5293 1344 5361 ἀμέλει
1390 5292 1485 5343 καὶ
1536 5288 1707 5341 πολλὰ
1752 5287 1820 5339 τά

248 5388 508 5458 θαύματα
542 5384 828 5456 ἠκολούθει
852 5401 865 5414 ·
914 5375 1050 5453 ὅπερ
1081 5380 1202 5450 εμοὶ
1236 5382 1297 5433 τὸ
1337 5378 1513 5449 μῆκος
1564 5377 1817 5445 φεύγοντι

247 5481 342 5533 τοῦ
369 5481 528 5546 λόγου
578 5479 639 5529 οὑ
675 5478 855 5529 πάντα
888 5477 1068 5547 ῥᾴδιον
1116 5474 1373 5539 εξειπεῖν,
1402 5471 1539 5525 ἀλλὰ
1582 5470 1651 5522 τὰ
1696 5487 1815 5522 καιο

250 5575 494 5644 ριὼτατα
528 5571 689 5639 μόνον
730 5570 805 5633 ὠς
836 5570 868 5639 ἡ
901 5570 1220 5638 ὑπόσχεσις.
1266 5567 1331 5618 Ὀ
1359 5564 1413 5617 δὲ
1464 5564 1600 5633 μηδὲ
1639 5562 1822 5631 βουλο-

249 5669 400 5735 μένῳ
443 5667 674 5718 δυνατὸν
723 5662 1039 5733 παρελθεῖν,
1070 5661 1228 5715 τοῦτο
1260 5659 1354 5715 νῦν
1404 5658 1480 5722 ὡς
1510 5658 1617 5729 (Ito
1659 5658 1818 5724 λόγου

243 5765 582 5829 ⁴πειράσομαι
612 5756 993 5828 διηγήσασθαι.

492 5954 731 6011 Parnm
790 5951 904 6009 Gn.
937 5948 1147 6009 CXVI.

1909 3457 2071 3513 simili
2104 3472 2229 3510 cum
2257 3458 2471 3527 replent
2512 3460 2700 3513 laetitia
2729 3471 2784 3514 et
2819 3459 3207 3514 admiratione.

1976 3548 2167 3603 XXVI.
2198 3549 2333 3603 Cum
2360 3564 2471 3603 non
2501 3567 2631 3620 ergo
2659 3553 2926 3620 ingentes,
2958 3552 3052 3621 qui
3100 3563 3232 3607 sunt
3268 3554 3486 3621 imperii

1908 3643 2138 3712 proprii,
2162 3642 2487 3711 sumpsisset
2509 3646 2757 3713 spiritus,
2785 3645 2879 3699 sed
2908 3645 3192 3701 didicisset
3214 3656 3481 3715 quantum

1909 3737 1981 3791 sit
2011 3735 2183 3790 virtus
2207 3736 2433 3802 imperio
2486 3738 2857 3803 praestantior,
2882 3736 2998 3802 ipse
3024 3752 3245 3805 quoque
3266 3748 3331 3790 ad
3359 3753 3485 3790 eum

1910 3827 2263 3887 ascendit.'et
2294 3827 2521 3895 perinde
2552 3842 2617 3880 ac
2642 3829 2685 3879 si
2718 3829 2929 3896 regium
2964 3829 3159 3881 fastum
3196 3838 3251 3881 et
3289 3844 3487 3896 super-

1910 3920 2097 3973 cilium
2122 3918 2436 3987 reliquissct
2458 3918 2711 3982 inferius,
2736 3929 2788 3973 et
2811 3934 2867 3972 se
2892 3919 3155 3984 exuisset,
3173 3934 3231 3974 se
3265 3919 3485 3988 quidem

1913 4010 2067 4064 humi
2098 4011 2422 4078 prosternit,
2460 4010 2632 4077 tangit
2659 4021 2843 4062 autem
2886 4023 3072 4062 sacros
3102 4009 3249 4062 illius
3296 4009 3486 4078 pedes.

1910 4092 2067 4172 quasi
2100 4103 2216 4155 haec
2249 4101 2504 4156 faciendo
2524 4103 2700 4169 magis
2728 4102 3121 4165 bonoraretur,
3145 4117 3309 4171 quam
3338 4102 3485 4170 quod

1909 4204 2057 4248 esset
2084 4195 2400 4261 imperator.
2438 4193 2587 4259 Quos
2620 4208 2744 4247 cum
2779 4194 3073 4263 tetigisset,
3103 4194 3365 4263 impletur
3392 4195 3489 4247 ad-

1912 4285 2225 4347 miratione,
2253 4285 2395 4339 sicut
2424 4285 2577 4353 prius
2606 4285 2883 4350 Gelasius;
2910 4294 3069 4338 erant
3100 4286 3248 4340 enim
3280 4286 3356 4339 illi
3392 4302 3490 4356 pc-

1910 4375 2007 4428 des
2035 4372 2189 4427 valde
2214 4383 2508 4432 tumentes.
2533 4381 2590 4427 et
2619 4373 2841 4427 omnino
2867 4382 3143 4428 scatentes
3189 4374 3489 4445 ulceribus,

1910 4477 2139 4535 eratque
2175 4466 2340 4519 simul
2382 4465 2650 4520 horribile
2682 4476 2740 4520 et
2774 4466 3091 4521 miserabile
3141 4467 3264 4521 illos
3302 4467 3489 4521 videre

1913 4567 1969 4612 et
2007 4569 2254 4628 tangere.
2289 4557 2446 4612 Tunc
2494 4572 2624 4627 ergo
2656 4557 2959 4626 imperator
2985 4556 3153 4611 donat
3199 4573 3327 4613 eum
3372 4559 3488 4613 basi

1914 4648 2255 4719 geminarum
2289 4652 2691 4714 columnarum,
2728 4664 2866 4719 quas
2909 4650 3028 4717 ipse
3057 4631 3273 4717 posuit,
3306 4651 3492 4720 dupli-

1918 4756 2034 4795 cem
2098 4754 2219 4793 eam
2294 4740 2604 4793 columnam
2669 4740 2987 4795 nominans.
3054 4739 3228 4804 Quam
3300 4756 3495 4795 ascen-

1920 4833 2057 4888 dens
2090 4831 2375 4885 latabatur
2406 4830 2612 4885 Daniel.
2640 4830 2775 4885 Nam
2806 4839 2863 4884 et
2914 4830 3006 4885 illa
3052 4840 3173 4886 erat
3198 4831 3491 4887 sublimiOr

1921 4922 2230 4989 altitudine,
2262 4931 2318 4976 et
2366 4922 2485 4977 hac
2517 4922 2682 4977 etiam
2751 4922 3157 4979 ostendebatur
3213 4924 3279 4977 ad
3333 4938 3493 4977 exerv

1922 5016 2237 5069 citationem
2265 5053 2281 5078 ,
2318 5022 2509 5068 aestate
2554 5013 2818 5084 quidem,
2854 5014 3137 5069 ardentius
3197 5030 3323 5072 eum
3374 5015 3489 5070 sole

1920 5105 2188 5172 feriente;
2230 5106 2411 5162 hieme
2454 5114 2639 5160 autem
2697 5119 2829 5161 aere
2868 5104 3149 5175 frigidius.
3191 5104 3329 5160 Cum
3357 5120 3491 5160 vero

1917 5207 1974 5253 et
2024 5200 2108 5255 vis
2162 5208 2453 5254 ventorum
2483 5237 2498 5258 .
2530 5197 2787 5266 nivisque
2846 5205 2901 5251 et
2965 5196 3278 5265 grandinis'
3322 5197 3491 5250 velte-

1920 5300 2133 5345 menter
2158 5289 2470 5357 impeteret,
2504 5295 2562 5342 et
2595 5286 2913 5341 violentiam
2946 5286 3303 5342 ostenderent
3323 5285 3492 5341 mini-

1919 5396 2003 5434 me
2034 5379 2398 5442 tolerabilem,
2427 5388 2575 5432 certe
2602 5379 2774 5433 multa
2804 5378 3292 5443 consequebantur
3326 5380 3495 5431 mira-

1919 5471 2045 5525 cula
2069 5486 2084 5523 :
2109 5485 2231 5540 quae
2260 5468 2481 5539 quidem
2511 5465 2684 5530 mihi;
2713 5468 2912 5522 vitanti
2950 5469 3321 5539 prolixitatem
3369 5483 3494 5522 ora-

1923 5567 2109 5633 tionis.
2144 5579 2251 5619 non
2295 5571 2424 5617 sunt
2455 5563 2641 5617 omnia
2688 5563 2836 5618 dictu
2868 5564 3045 5617 facilia
3077 5578 3092 5616 :
3130 5562 3223 5616 sed
3262 5562 3438 5615 solum
3473 5604 3487 5622 ,

1921 5674 2041 5728 qua:
2073 5668 2200 5711 sunt
2232 5656 2526 5725 praecipua,
2558 5662 2619 5707 ut
2648 5669 2769 5707 sum
2799 5655 3097 5721 pollicitus.
3129 5653 3283 5717 Quod
3311 5666 3492 5706 autem

1925 5762 2030 5802 nec
2068 5748 2113 5800 si
2147 5746 2310 5801 velim
2338 5744 2586 5815 quidem,
2613 5758 2835 5814 possum
2860 5744 3161 5813 praterire,
3187 5742 3289 5797 hoc
3323 5755 3496 5809 nunc,

1921 5857 2186 5915 quantum
2225 5853 2413 5913 potcro
2443 5843 2658 5912 assequi
2692 5841 2961 5907 oratione,
2991 5841 3234 5894 conabor
3255 5854 3499 5894 narrare.

3088 5934 3162 5992 3.!
