4214 6444
197 410 343 473 1005

1267 399 1440 461 VITA
1486 399 1543 455 ς.
1581 394 1948 455 Ὁυυίῐῐῗῐλὲ
1988 386 2350 456 ςΤῩΙᾸΤᾸΞ.

3321 378 3456 450 1006

203 528 482 599 συμὸολήν
509 542 567 577 τε
597 523 704 576 τῶν
736 522 829 576 δύο
857 521 1103 588 συνεῖχον
1127 515 1319 568 κιόνων
1348 514 1443 572 καὶ
1473 518 1561 566 τὶν
1584 511 1780 580 Δανιὴλ

1895 510 2026 564 adeo
2057 508 2277 563 violenti
2310 517 2364 561 et
2398 520 2662 559 immanes
2684 547 2696 566 ,
2728 513 2787 556 ut
2818 504 3026 557 ferreas
3056 518 3218 557 ansas
3250 510 3459 558 colum.

200 622 408 676 ἀνωθεν
442 619 634 687 ἔφερον
673 614 861 686 βιαίως
891 608 1342 676 ἀποσπασθῆναι,
1380 607 1526 674 μόνῳ
1572 605 1629 656 δὲ
1659 620 1782 655 συν⁴

203 713 458 782 ειλῆφθαι
504 710 731 771 τούτους
774 703 1052 775 στυλαρίῳ
1096 699 1280 770 μικρῷ
1327 699 1355 751 ὃ
1411 697 1614 767 μεταξὺ
1660 694 1784 747 τού-

203 822 315 858 των
359 803 658 871 ἐτύγχανεν
710 795 1008 868 ἐμὸληθιν.
1055 794 1210 860 Ἅμα
1258 790 1386 859 γοῦν
1437 788 1783 860 προσέπιπτε

206 894 488 961 καταιγὶς,
518 892 614 944 καὶ
652 891 701 942 oi
730 890 909 950 κίονες
949 885 1356 955 ἐκραδαίνοντο,
1390 881 1486 933 καὶ
1523 880 1553 930 6
1579 879 1785 937 δίκαιος

202 984 416 1040 ἀνωθεν
446 983 581 1036 ὡσεὶ
628 979 822 1038 κλάδος
858 976 1076 1044 δένδρου
1109 973 1235 1042 τῇδε
1279 970 1500 1024 κάκεῖσε
1534 965 1788 1037 περιεφέ-

210 1094 337 1148 ρετο
358 1078 451 1129 καὶ
477 1072 893 1143 συμπεριήγετο
913 1068 980 1138 τῇ
1008 1068 1176 1135 πνοῇ·
1207 1062 1325 1132 βοαὶ
1345 1061 1404 1114 δὲ
1433 1060 1530 1112 σὺν
1552 1059 1786 1125 δάκρυσι

202 1170 314 1223 τῶν
362 1166 618 1237 μαθητῶν
666 1161 932 1225 κάτωθεν,
965 1159 1060 1211 καὶ
1103 1154 1378 1225 ὀφθαλμοῖ⁸
1428 1150 1564 1221 πρὸς
1609 1148 1776 1216 μόνον

204 1262 415 1314 ἐκεῖνον
456 1258 768 1330 βλέποντες,
798 1256 892 1307 καὶ
928 1248 1229 1321 προσδοκία
1252 1246 1470 1314 λυπηρά
1503 1243 1599 1311 μία
1629 1244 1662 1309 ἡ
1692 1241 1786 1293 τοῦ

208 1352 417 1419 πατρὸς
460 1329 648 1401 αὐτῶν
680 1344 958 1415 στέρησις.
1003 1338 1145 1391 Ἀλλ’
1200 1337 1301 1390 οὐκ
1345 1335 1446 1406 ῆδη
1490 1333 1584 1386 καὶ
1633 1329 1788 1401 ἡτοῦ

207 1444 409 1513 Δανιὴλ
458 1442 613 1504 ἐλπὶς
654 1441 688 1508 ἡ
743 1438 879 1508 πρὸς
912 1434 1118 1504 Κύριον
1168 1430 1479 1491 ἐσαλεύετο,
1542 1427 1659 1480 ἀλλ’
1699 1426 1790 1477 ἐπὶ

208 1537 418 1606 ταύτης
447 1538 544 1605 τῆς
593 1532 873 1605 ἀῤῥαγοῦς
908 1529 1115 1597 πέτρας
1152 1525 1181 1577 6
1216 1523 1485 1592 μακάριος
1540 1516 1792 1587 στηριζό-

213 1647 376 1702 μενος
436 1625 627 1697 μηδεν)⁸
695 1624 865 1694 μηδὲν
914 1618 1294 1688 φθεγγόμενος
1359 1613 1494 1682 μηδὲ
1541 1612 1590 1662 εί
1634 1607 1793 1702 τοῦτρ

214 1693 405 1793 συμϐῇ
437 1693 706 1781 ’δεδοικὼς
735 1718 809 1789 (τί
866 1716 977 1784 γὰρ
1011 1712 1182 1766 δεινὸν
1232 1706 1379 1775 αύτῷ
1420 1708 1480 1757 16
1520 1704 1721 1764 θανεῖν,
1750 1693 1793 1765 ᾧ

1888 618 2103 666 narum,
2139 617 2259 671 quae
2288 601 2426 656 duas
2451 599 2735 654 columnas
2767 598 2910 651 inter
2944 610 3003 651 se
3037 598 3459 651 committebant

1886 702 1943 747 et
1966 692 2391 761 conjungebant,
2422 702 2475 745 et
2504 689 2779 743 Danielem
2815 689 2868 741 in
2902 688 3011 741 alto
3040 688 3313 747 ferebant.
3337 692 3459 741 vio-

1887 784 2062 837 lenter
2091 783 2390 836 avellerent
2411 823 2425 845 ,
2459 782 2551 835 ille
2580 788 2758 834 autem
2788 781 2841 833 in
2870 794 3033 847 parva
3069 782 3179 833 sola
3213 783 3466 833 contine-

1889 882 2045 925 retur
2066 872 2416 934 columnella,
2443 888 2563 939 quer
2590 872 2734 923 inter
2764 885 2857 923 eas
2888 879 3007 924 erat
3034 870 3253 937 injecta.
3284 871 3463 924 Simul

1888 979 2020 1033 ergo
2048 974 2105 1017 et
2136 962 2378 1033 procella
2417 962 2684 1029 irruebat,
2717 972 2772 1017 et
2817 963 3331 1031 conquassabantur
3367 978 3463 1015 co-

1888 1058 2109 1123 lumnae,
2138 1066 2194 1113 et
2214 1057 2397 1125 justus
2426 1071 2685 1125 superne,
2716 1065 2978 1124 tanquam
3010 1070 3194 1109 ramus
3225 1054 3465 1122 arboris,

1890 1150 1995 1204 buc
2025 1160 2078 1204 et
2108 1150 2240 1204 illuc
2265 1148 2785 1210 circumferebatur,
2814 1156 2870 1201 et
2904 1146 3034 1201 ﬂatu
3060 1146 3469 1217 circumageba-

1892 1254 1981 1296 tur
2003 1264 2015 1295 ;
2038 1242 2273 1297 Inferius
2312 1252 2495 1295 autem
2532 1241 2977 1295 vociferabantur
3004 1241 3260 1310 discipuli
3292 1243 3471 1311 lacry-

1892 1341 2103 1386 mantes
2120 1348 2133 1395 ;
2152 1343 2207 1385 et
2225 1334 2278 1386 in
2297 1334 2446 1387 illum
2470 1334 2649 1389 solum
2663 1332 3271 1394 convertebantoculos,
3288 1340 3342 1384 et
3364 1347 3469 1385 una

1891 1423 1976 1476 eis
2005 1431 2126 1476 erat
2156 1423 2352 1477 acerba
2386 1424 2742 1491 exspectatio,
2782 1423 2960 1477 Patris
2986 1436 3179 1475 eorum
3210 1422 3469 1490 privatio.

1893 1514 1998 1568 Sed
2030 1530 2138 1568 non
2178 1515 2364 1568 itidem
2395 1514 2611 1568 lababat
2638 1530 2762 1583 spes
2796 1514 3034 1569 Danielis
3068 1515 3120 1567 in
3147 1515 3470 1578 Dominum,

1894 1608 1988 1663 sed
2022 1623 2190 1676 super
2224 1608 2368 1662 hanc
2424 1607 2636 1660 ﬁrmam
2683 1616 2893 1676 petram
2942 1607 3208 1663 fundatus
3256 1608 3471 1673 beats,

1895 1704 2102 1757 nemini
2136 1703 2438 1771 quidquam
2488 1704 2720 1771 loquens
2745 1741 2760 1766 ,
2794 1718 2974 1771 neque
3003 1705 3048 1755 si
3084 1702 3188 1756 hoc
3225 1704 3476 1758 evenerit

210 1816 276 1867 τὸ
300 1812 534 1865 ἐνταῦθα
565 1811 751 1882 μένειν
770 1807 914 1860 κατὰ
939 1806 1030 1857 τὸν
1056 1801 1216 1855 Δαυῖδ
1238 1799 1452 1867 φυλακή
1476 1798 1541 1865 ;),
1570 1795 1682 1847 ἀνω
1705 1793 1792 1845 τὸν

1898 1797 2290 1865 pertimescens
2323 1796 2473 1864 (quid
2505 1797 2653 1849 enim
2702 1796 2752 1849 ei
2798 1812 2963 1864 grave
3010 1805 3129 1851 erat
3174 1795 3335 1855 mori.
3383 1797 3471 1849 cui

212 1904 340 1958 νοῦν
372 1904 511 1973 ἔχων
558 1872 655 1955 καὶ
697 1899 1135 1971 προσευχόμενος
1177 1890 1487 1960 ἐκαρτέρει.
1533 1887 1792 1949 Ἐχέκρα-

1906 1888 1997 1940 hic
2047 1900 2291 1948 manere,
2351 1886 2539 1937 Davidi
2592 1897 2980 1955 congruenter,
3036 1896 3157 1941 erat
3212 1888 3471 1955 carcer?)

214 1994 307 2060 ξεν
340 1991 430 2047 οῦν
471 1993 499 2046 6
552 1992 781 2053 δίκαιος,
830 1988 928 2041 καὶ
954 1989 981 2039 6
1029 1983 1234 2052 Κύριος
1266 1979 1424 2038 εὐθὺς
1470 1978 1796 2045 είσήκουσεν

213 2086 411 2151 αὐτοῦ,
438 2085 533 2139 καὶ
560 2084 766 2137 ἀνωθεν
796 2082 855 2147 ἐξ
889 2078 1119 2149 ούρανοῦ
1144 2076 1217 2137 ὡς
1246 2076 1309 2127 ἐκ
1330 2071 1423 2123 τοῦ
1450 2070 1637 2123 πλοίου
1662 2068 1794 2136 πρὶν

212 2180 330 2239 τοῖς
363 2178 584 2245 ἀνέμοις
633 2175 899 2241 ἐπιτιμᾷ,
942 2170 1037 2223 καὶ
1068 2165 1409 2236 παραχρῆμα
1455 2160 1664 2228 γαλήνη
1700 2157 1793 2210 καὶ

216 2268 451 2337 νηνεμία
492 2264 685 2335 πολλή.
718 2264 829 2316 Καὶ
868 2260 936 2314 τά
968 2259 1069 2329 μὲν
1098 2257 1206 2311 τῶν
1231 2252 1447 2323 ἀνέμων
1473 2249 1666 2312 οὓτως.

292 2444 422 2498 KO'.
470 2442 621 2496 Ἐπεὶ
659 2441 714 2494 δὲ
755 2438 862 2492 ἔδει
898 2439 972 2508 μὴ
1012 2438 1083 2489 τά
1122 2435 1408 2501 πνεύματα
1446 2430 1629 2499 μόνον,
1660 2426 1798 2479 άλλά

219 2539 320 2593 καί
349 2553 501 2599 τινας
529 2534 638 2587 τῶν
671 2532 771 2602 τὴν
807 2530 1018 2601 Ἀρείου
1067 2525 1414 2597 μαινομένων
1444 2520 1644 2590 μανίαν
1670 2517 1801 2588 στῆ-

220 2648 313 2685 ναι
364 2631 463 2699 τῆς
491 2626 762 2699 ταραχῆς,
788 2624 885 2676 καὶ
930 2620 1089 2675 τοῦτο
1127 2619 1193 2671 δι’
1222 2617 1437 2670 ἐκείνου
1484 2614 1798 2683 σοφώτατα,

222 2723 419 2791 ὥσπερ
498 2718 712 2781 εῑωθεν,
760 2714 1150 2784 οἰκονομεῖται.
1198 2712 1309 2764 Καὶ
1360 2708 1612 2760 σκοπεῖτε
1653 2706 1802 2768 ὅπως

222 2815 326 2882 τὴν
354 2812 669 2880 οἰκονομίαν
694 2808 947 2876 ποικίλην
975 2809 1071 2859 καὶ
1095 2804 1162 2857 δι’
1186 2802 1362 2857 ἄλλων
1388 2801 1553 2870 ἕτερα
1579 2797 1801 2851 πλέκειν

226 2904 491 2967 πολλάκις
517 2899 658 2957 οἶδεν
690 2904 725 2971 ἡ
750 2902 999 2971 πρόνοια.
1035 2898 1218 2965 Ἔγνω
1249 2893 1498 2965 βασιλεὺς
1528 2892 1564 2947 ά
1599 2892 1800 2961 συμσέο

228 2997 372 3067 6ηκε
415 2995 492 3066 τῷ
535 2997 686 3062 ισίῳ,
735 2994 832 3046 καὶ
866 2994 959 3044 τὸν
986 2991 1175 3043 στῦλον
1207 2990 1344 3051 ίδεῖν,
1372 2987 1623 3050 ἔσπευδε,
1647 2984 1808 3037 τοῦτο

238 3090 339 3155 μὲν
396 3087 549 3149 δίκας
597 3085 873 3155 ἐπιθήσων
920 3085 1033 3144 τοῖς
1089 3081 1164 3149 μὴ
1218 3078 1452 3149 βεσαίως
1489 3078 1588 3137 τὰς
1636 3073 1806 3135 λαϐὰς

232 3182 640 3249 ε’ρςασμένοις,
698 3178 856 3228 τοῦτο
902 3176 959 3226 δὲ
1011 3171 1106 3224 τοῦ
1166 3169 1355 3222 λοιποῦ
1410 3167 1613 3228 ταύτας
1671 3168 1808 3237 πρὸς

233 3272 541 3339 ἀσφάλειαν
596 3266 960 3337 συναρμόσαι.
1021 3262 1162 3317 Ἀλλ’
1213 3261 1457 3320 ἐκείνους
1502 3260 1600 3327 μὲν
1635 3259 1668 3327 ἡ
1714 3256 1806 3310 τοῦ

240 3362 481 3434 μεγάλου
509 3360 755 3431 πραότης
805 3359 903 3426 τῆς
937 3354 1339 3422 αὐτοκράτορος
1381 3350 1615 3418 ἀπειλῆς
1659 3349 1811 3413 ἐξαι-

242 3460 418 3526 ρεῖται
458 3454 689 3508 θάνατον
723 3452 906 3509 αὐτοῖς
954 3445 1325 3507 ἀπειλοῦντος,
1357 3443 1596 3497 κατιόντι
1627 3442 1683 3495 δέ
1716 3441 1811 3494 τοῦ

236 3549 404 3616 ὅρους
454 3547 530 3615 τῷ
582 3543 793 3615 βασιλεῖ
845 3541 1083 3601 κίνδυνος
1130 3538 1191 3591 ού
1246 3537 1439 3607 μικρὸς
1484 3535 1810 3606 συνηνέχθη.

240 3640 375 3698 Δέος
403 3638 509 3705 γάρ
554 3635 695 3689 κατά
730 3632 827 3701 τὴν
855 3630 1025 3699 τύχην
1058 3627 1366 3697 ἐκταράξαν
1418 3626 1509 3678 16v
1543 3625 1729 3690 ἵππον,
1754 3619 1815 3677 οῦ

242 3727 592 3798 ἐπιὸεὸηκὼς
620 3727 780 3786 αὐτὸς
807 3721 895 3795 ῆν,
924 3724 1019 3777 καὶ
1037 3721 1289 3790 πτοηθείς
1312 3721 1556 3782 καὶτοὺς
1577 3722 1793 3790 ἐμπροσ
1808 3749 1819 3761 ο

243 3825 395 3884 Οίους
433 3822 594 3882 πόδας
629 3817 765 3886 πρὸς
797 3818 854 3869 16
908 3816 1092 3885 δρθιον
1135 3813 1421 3874 ἀνατείνας
1474 3810 1663 3874 ὕπτιος
1719 3812 1816 3879 μὲν

240 3918 340 3968 ἐπὶ
374 3912 465 3964 τοῦ
488 3912 717 3979 ἐδάφους
748 3909 776 3960 6
808 3908 970 3967 ἵππος
1003 3905 1187 3969 εὐθὺς,
1233 3904 1420 3966 ὕπτιος
1455 3904 1507 3955 δὲ
1542 3907 1636 3957 καὶ
1663 3905 1691 3955 6
1718 3903 1814 3973 βαι

248 4006 431 4067 σ;λεὺς
486 4005 583 4056 σὺν
634 4002 802 4069 αὐτῷ,
848 4000 911 4051 τὸ
958 3997 1013 4050 δὲ
1064 3996 1161 4064 τῆς
1212 3995 1498 4065 βασιλικῆς
1547 3995 1818 4061 καθέδρας

247 4094 559 4163 ἔμπροσθεν
597 4088 1037 4160 ὑπερανεστηκὸς
1087 4087 1356 4157 ἐπιτρίϐει
1405 4085 1483 4153 τῷ
1512 4085 1723 4153 βασιλεῖ
1757 4086 1819 4136 16

248 4185 527 4255 μέτωπον,
557 4183 763 4235 καὶτὸν
790 4182 881 4233 ἐπὶ
914 4180 1013 4246 τῆς
1044 4179 1283 4247 κεφαλῆς
1318 4178 1577 4243 στέφανον
1608 4178 1820 4250 πόρρω-

248 4276 347 4330 Θεν
379 4274 630 4345 ἐκκρούει
674 4272 820 4325 ἔνθα.
848 4269 1137 4337 συμϐαίνει
1168 4269 1295 4331 τοὺς
1334 4269 1391 4320 ἐν
1420 4268 1569 4339 αὑτῷ
1601 4269 1819 4338 μαργα-

251 4385 383 4440 ρους
430 4366 588 4420 ἄλλον
620 4362 853 4431 ἀλλαχοῦ
882 4360 1356 4433 διασκεδασθῆναι.
1404 4360 1564 4414 Ἀλλὰ
1597 4364 1690 4415 καὶ
1716 4363 1819 4414 Δα-

250 4461 373 4531 νιὴλ
398 4462 466 4531 τῇ
498 4461 629 4529 εύχῇ
654 4457 973 4527 προφθάσας
1004 4456 1095 4507 τὸν
1126 4453 1361 4523 πονηρὸν
1390 4453 1629 4522 χαλεποῦ
1660 4455 1822 4506 θανά-

1902 1978 2291 2046 perseverabat
2332 1988 2572 2032 mentem
2625 1995 2845 2032 sursum
2892 1979 3103 2049 erigere
3133 2021 3146 2041 ,
3184 1991 3241 2035 et
3288 1997 3470 2034 orare.

1900 2069 2320 2137 Clamavitergo
2348 2071 2549 2138 justus,
2579 2079 2634 2123 et
2668 2070 2931 2124 Dominus
2975 2071 3159 2124 statim
3193 2072 3475 2125 exaudivit

1902 2176 2054 2226 eum,
2082 2173 2137 2215 et
2163 2162 2401 2225 desuper
2430 2176 2459 2215 e
2490 2162 2652 2218 ctelo.
2686 2162 2829 2215 sicut
2856 2177 2886 2216 e
2920 2164 3042 2214 navi
3078 2163 3252 2231 prius,
3282 2172 3474 2215 ventos

1908 2250 2177 2320 increpat,
2209 2261 2265 2306 et
2296 2260 2522 2321 repente
2556 2253 2925 2322 tranquillitas
2960 2252 3064 2308 fuit
3095 2263 3148 2307 et
3179 2255 3469 2309 serenitas.

1903 2345 1971 2398 Et
2002 2353 2293 2398 ventorum
2324 2344 2545 2414 quidem
2581 2360 2667 2399 res
2697 2346 2771 2398 ita
2800 2346 3014 2400 habuit.

1980 2434 2167 2489 XXIX.
2200 2435 2337 2490 Cum
2373 2445 2553 2493 autem
2581 2452 2691 2490 non
2719 2438 2945 2506 spiritus
2965 2439 3166 2503 solum,
3191 2442 3284 2495 sed
3308 2442 3474 2496 etiam

1907 2529 2174 2597 quosdam
2221 2544 2289 2583 ex
2339 2528 2405 2582 iis
2453 2530 2545 2599 qui
2592 2530 2791 2583 Ariana
2841 2530 3171 2586 laborabant
3221 2534 3432 2588 insania
3462 2578 3475 2598 ,

1906 2621 2146 2675 coerceri
2197 2630 2477 2688 oporteret
2518 2637 2549 2675 a
2598 2623 3061 2691 perturbatione:
3102 2626 3206 2681 hoc
3258 2645 3477 2699 quoque

1907 2713 2357 2781 prudentissime,
2391 2722 2449 2767 ut
2474 2725 2862 2782 consueverat,
2895 2730 2991 2785 per
3021 2718 3174 2772 illum
3211 2721 3477 2789 provide-

1914 2813 2025 2858 tur.
2050 2804 2115 2859 Et
2148 2806 2349 2870 videte,
2377 2822 2543 2875 quam
2568 2806 2725 2861 vario
2753 2809 2832 2863 uti
2856 2810 3088 2865 consilio
3107 2820 3163 2865 et
3185 2814 3478 2883 multiplici

1918 2896 2324 2964 dispensatione
2345 2940 2359 2962 ,
2397 2909 2455 2953 et
2484 2899 2588 2953 alia
2622 2914 2719 2967 per
2742 2900 2846 2954 alia
2878 2912 3174 2957 contexere
3202 2920 3345 2973 saepe
3376 2907 3484 2961 scit

1919 2987 2285 3053 providentia.
2324 2987 2561 3041 Noverat
2590 2988 2909 3055 imperator,
2942 3004 3069 3057 qua:
3093 2991 3242 3060 justo
3274 2992 3482 3047 Danieli

1915 3077 2260 3141 acciderant;
2302 3086 2356 3131 et
2386 3079 2671 3132 contendit
2704 3079 2769 3133 ad
2805 3078 3095 3135 videndam
3130 3084 3441 3138 columnam
3466 3128 3479 3147 ,

1916 3174 2111 3241 partim
2138 3175 2359 3243 quidem
2409 3192 2595 3245 pinnas
2639 3189 2957 3246 sumpturus
2985 3178 3053 3232 de
3096 3180 3163 3233 iis
3196 3180 3289 3249 qui
3321 3196 3485 3235 ansas

1912 3283 2021 3320 non
2059 3268 2360 3323 eﬂ‘ecerant
2398 3269 2583 3324 ﬁrmas
2616 3280 2672 3324 et
2716 3272 2953 3334 validas;
2985 3273 3185 3341 partim
3230 3289 3383 3337 vero.
3426 3286 3487 3328 ut

1912 3375 2010 3414 eos
2039 3369 2161 3415 tuto
2188 3361 2256 3415 de
2290 3373 2489 3416 caetero
2535 3364 2928 3417 committeret.
2969 3364 3074 3419 Sed
3112 3366 3232 3420 illes
3261 3367 3484 3435 quidem

1917 3452 2094 3520 magni
2125 3453 2369 3507 Danielis
2401 3454 2762 3509 mansuetudo
2787 3455 2953 3523 eripit
2981 3472 3012 3509 ι
3046 3456 3211 3510 minis
3252 3457 3495 3525 impura-

1918 3543 2073 3605 toris,
2102 3554 2335 3596 mortem
2367 3544 2449 3597 eis
2476 3544 2759 3601 minantis.
2796 3546 3160 3601 Descendenti
3194 3557 3377 3601 autem
3418 3548 3488 3602 de

1917 3648 2101 3689 monte
2130 3636 2443 3703 imperatori
2492 3652 2599 3689 non
2648 3651 2876 3704 parvum
2910 3637 3114 3691 accidit
3149 3638 3484 3706 periculum.

1916 3726 2048 3779 Nam
2086 3742 2211 3781 cum
2239 3727 2462 3794 quidam
2492 3739 2672 3780 metus
2697 3744 2903 3793 equum
2930 3728 3071 3782 forte
3111 3728 3331 3785 fortuna
3360 3746 3489 3800 per-

1918 3814 2217 3872 turbasset.
2243 3830 2408 3883 quem
2440 3816 2554 3884 ipse
2574 3816 2920 3878 ascenderat,
2948 3818 3103 3885 isque
3132 3821 3488 3882 conterritus.

1920 3908 2086 3975 pedes
2117 3909 2385 3962 erexisset
2413 3907 2742 3971 anteriores,
2776 3910 3010 3977 supinus
3038 3911 3262 3979 quidem
3302 3915 3488 3967 statim

1921 3997 2071 4050 bumi
2101 3997 2319 4066 iacebat
2346 4013 2545 4065 equus,
2579 3999 2812 4065 smpinus
2846 4009 3028 4053 autem
3060 4001 3228 4055 etiam
3264 4017 3388 4056 cum
3421 4019 3488 4058 eo

1918 4078 2216 4155 imperator
2246 4105 2257 4140 :
2285 4087 2339 4139 id
2377 4102 2526 4150 vero,
2560 4087 2707 4155 quod
2743 4098 2869 4141 ante
2904 4089 3084 4143 stabat
3110 4105 3275 4159 super
3297 4092 3487 4145 sellam

1920 4178 2144 4245 regiam,
2175 4175 2412 4230 frontem
2448 4177 2711 4230 contrivit
2746 4179 3088 4246 imperatori,
3118 4190 3173 4233 et
3206 4196 3327 4250 qua:
3366 4195 3489 4235 erat

1920 4269 1972 4323 in
2013 4270 2190 4339 capite
2217 4312 2230 4334 ,
2280 4259 2544 4323 coronam
2579 4271 2767 4337 procul
2799 4271 3046 4339 expellit.
3077 4271 3196 4337 Quo
3240 4282 3489 4343 tempore

1919 4362 2203 4430 contingit,
2238 4376 2331 4414 eas
2363 4377 2483 4430 qua:
2518 4370 2675 4413 erant
2703 4361 2755 4413 in
2790 4361 2924 4427 ipsa,
2951 4365 3297 4431 margaritas,
3325 4366 3487 4419 aliam

1922 4451 2029 4503 alio
2095 4450 2354 4519 dispergi.
2406 4450 2509 4503 Sed
2560 4450 2746 4504 Daniel
2792 4467 3011 4521 quoque
3061 4468 3187 4507 cum
3241 4457 3489 4510 oratione

249 4570 348 4606 του
381 4550 543 4616 σώζει
596 4552 688 4602 16v
743 4546 989 4617 βασιλέα,
1044 4547 1136 4599 καὶ
1176 4548 1342 4616 χωρὶς
1380 4545 1521 4598 οὕτω
1573 4547 1792 4599 κινδύνοπ

1926 4544 2276 4612 praevenisset
2311 4542 2627 4611 malignum,
2659 4557 2687 4595 a
2719 4542 2860 4595 mala
2894 4552 3070 4597 morte
3106 4555 3288 4599 servat
3320 4546 3489 4615 iinpe.

250 4646 354 4715 τὴν
385 4642 641 4695 ἐπάνοδον
664 4642 922 4693 ἐποιεῖτο.
966 4638 1106 4691 ‘AD.’
1136 4636 1367 4690 ἐνταῦθά
1391 4654 1479 4702 μοι
1500 4636 1596 4706 τῆς
1629 4637 1820 4707 διηγή-

256 4753 396 4797 σεως
429 4736 488 4786 16
517 4732 815 4801 κεφάλαιον
848 4733 941 4784 καὶ
980 4731 1126 4794 ὅπως
1158 4725 1296 4782 οἶδεν
1322 4731 1356 4799 ἡ
1394 4730 1620 4799 Πρόνοια
1653 4746 1827 4799 παρα-

254 4827 423 4890 δόξως
470 4826 797 4893 οἰκονομεῖν.

334 5005 415 5058 A'.
463 5004 523 5053 ’0
570 5002 664 5052 τοῦ
713 5000 975 5070 βασιλέως
1036 4998 1375 5065 ἱπποκόμος,
1407 4998 1562 5058 ὡςδὲ
1612 5000 1827 5069 ήκω-,ὴ

264 5100 333 5151 ἂν
393 5096 534 5148 εἴποι
592 5094 682 5145 καὶ
742 5091 977 5161 συνήθης
1026 5089 1265 5157 γλῶττα,
1292 5090 1401 5143 τῶν
1447 5090 1627 5143 ἵππων
1671 5094 1698 5144 6
1739 5093 1828 5144 κό-

269 5203 378 5256 μης
428 5183 701 5251 Ἰορδάνης
748 5181 890 5234 οὕτω
922 5179 1280 5250 καλούμενος,
1312 5181 1483 5233 ἐνόσει
1525 5184 1625 5250 μέν
1654 5184 1829 5236 πάντα

264 5280 359 5331 τὸν
433 5280 537 5347 πρὸ
595 5275 687 5328 τοῦ
750 5276 940 5344 χρόνον
996 5272 1093 5342 τὴν
1156 5272 1393 5340 ἄθεσμον
1458 5276 1668 5343 Ἀρείου
1734 5293 1832 5343 μα-

268 5373 408 5425 νίαν.
440 5371 576 5423 Τότε
607 5369 663 5422 δέ
693 5371 785 5421 τὸν
823 5367 918 5420 τοῦ
949 5367 1210 5435 βασιλέως
1249 5367 1492 5420 κίνδυνον
1520 5369 1831 5439 ὑποπτήξας

268 5465 391 5525 καὶ,
424 5462 620 5531 μήπως
656 5462 826 5529 ὀργῆς
860 5460 1028 5512 αῐτιον
1061 5458 1211 5528 αὑτῷ
1248 5459 1473 5526 γένηται
1515 5462 1577 5512 16
1598 5461 1830 5531 συμϐὰν,

262 5553 455 5624 δρόμῳ
508 5552 643 5623 πρὸς
673 5552 761 5603 τὸν
812 5552 957 5603 ὅσιον
1006 5551 1335 5618 ἀφικνεῖται.
1371 5550 1431 5601 '0
1467 5550 1524 5601 δὲ
1567 5550 1627 5602 ού
1675 5553 1835 5619 μόνον

266 5644 419 5711 αὐτῷ
452 5645 543 5698 τὸν
571 5645 634 5696 ἐκ
663 5642 759 5696 τοῦ
789 5643 1117 5714 κρατοῦντος
1149 5640 1311 5709 φόὸον
1334 5640 1520 5693 λύσειν
1546 5642 1830 5711 ὑπέσχετο,

269 5734 410 5788 ἀλλὰ
436 5738 529 5786 καὶ
558 5733 654 5801 τῆς
692 5734 935 5803 πονηρᾶς
968 5733 1127 5784 αὐτὴν
1155 5729 1463 5793 ἀπαλλάξαι
1493 5731 1831 5795 κακοδοξίας,

271 5825 307 5895 ῆ
342 5827 539 5889 παντὸς
574 5826 733 5880 ἄλλου
782 5825 1019 5887 κίνδυνός
1048 5826 1160 5876 ἐστι
1203 5823 1601 5894 χαλεπώτερος,
1634 5826 1831 5895 ἤκουσε

1925 4645 2199 4709 ratorem;
2240 4643 2294 4689 et
2326 4634 2411 4688 sic
2453 4648 2708 4687 reversus
2752 4634 2859 4687 fuit
2905 4633 3023 4689 sine
3070 4637 3337 4704 periculo.
3383 4638 3488 4693 Sed

1925 4727 2027 4780 huc
2056 4728 2108 4779 in
2152 4728 2273 4780 loco
2297 4735 2382 4779 est
2417 4734 2579 4792 caput
2611 4726 2962 4790 narrationis,
2995 4735 3053 4781 et
3078 4731 3356 4796 quomodo
3391 4746 3490 4786 no-

1926 4819 2001 4870 vit
2034 4818 2379 4873 Providentia
2408 4816 2716 4871 admirabili
2746 4818 2823 4871 uti
2853 4818 3084 4873 consilio
3112 4827 3168 4874 et
3204 4820 3492 4889 dispensa-

1928 4921 2100 4962 tione.

1998 4997 2162 5053 XXX.
2197 4998 2401 5066 Equiso
2438 4998 2804 5068 impetatoris,
2862 5009 2980 5064 aut,
3010 5010 3069 5053 ut
3098 5018 3225 5055 eum
3252 5004 3493 5073 vulgaris

1928 5102 1983 5145 et
2014 5103 2273 5145 consueta
2316 5092 2500 5159 lingua
2538 5099 2718 5154 vocat,
2767 5106 2953 5147 comes
3000 5106 3291 5162 equorum,
3344 5099 3493 5150 omni

1929 5184 2147 5253 quidem
2206 5182 2469 5236 anteriori
2510 5191 2756 5251 tempore
2804 5184 3087 5239 laborabat
3120 5181 3327 5240 nefaria
3378 5189 3491 5240 Arii

1934 5274 2164 5329 insania.
2200 5273 2355 5327 Tunc
2383 5283 2567 5326 autem
2600 5282 2656 5327 et
2687 5274 3033 5341 imperatoris
3062 5275 3259 5330 timens
3286 5276 3496 5344 pericu-

1933 5368 2070 5429 lum,
2104 5376 2161 5419 et
2198 5380 2264 5419 ne
2304 5367 2449 5433 quod
2495 5365 2803 5430 acciderat,
2848 5368 2899 5420 ei
2952 5370 3085 5420 iram
3134 5367 3453 5421 conciliaret

1933 5475 2096 5512 cursu
2131 5459 2277 5519 venit
2311 5458 2377 5511 ad
2408 5458 2804 5513 sanctumsllle
2834 5475 2966 5513 vero
3011 5476 3121 5513 non
3156 5461 3332 5515 solum
3364 5475 3495 5513 eum

1935 5560 2081 5620 metu
2107 5549 2176 5603 ab
2209 5550 2555 5617 imperatore,
2592 5549 2686 5604 sed
2716 5552 2880 5605 etiam
2914 5552 3055 5606 mala
3093 5564 3177 5607 est
3220 5553 3498 5621 pollicitus

1933 5657 1992 5695 se
2020 5657 2143 5696 esse
2172 5641 2529 5694 liberaturum
2556 5642 2838 5709 opinione,
2868 5658 2989 5712 qua
3020 5652 3103 5697 est
3148 5643 3344 5713 quovis
3385 5645 3495 5697 alio

1937 5735 2183 5803 periculo
2210 5734 2447 5802 gravior.
2482 5733 2605 5787 llaec
2634 5734 2843 5788 audivit
2868 5736 3081 5805 equiso,
3114 5745 3169 5791 ct
3193 5751 3317 5789 cum
3346 5736 3494 5787 miti-

1939 5828 2042 5884 bus
2071 5842 2133 5883 ac
2170 5826 2397 5898 placidis
2448 5826 2567 5895 eius
2620 5828 2968 5885 suasionibus
3012 5829 3325 5898 opinionem
3380 5827 3495 5881 Atii
