4214 6444
233 428 373 495 1009

1302 428 1478 486 VITA
1504 425 1564 487 S.
1604 423 1968 484 DANIELIS
2009 422 2366 483 STYLIT5.

3343 415 3483 479 1010

223 547 366 619 χιὼν
391 547 531 599 κατὰ
570 545 856 613 πρότωπον
891 542 1223 611 προσϐάλλει
1258 541 1428 609 πολλὴ
1480 543 1575 593 καὶ
1602 537 1808 607 ψυχρά.

1915 539 2184 592 cucullam
2222 534 2401 591 llando
2436 534 2740 602 etpellunt,
2772 540 2825 589 et
2874 532 2929 587 lu
2962 530 3153 585 vallem
3183 528 3481 599 quamdam

239 641 303 693 '0
332 639 390 691 δὶ
419 638 500 707 (ού
522 637 632 707 γὰρ
666 637 769 688 ὑπὸ
792 638 991 703 στέγην
1022 631 1131 703 εἶχε
1164 633 1389 700 δραμεῖν
1432 632 1561 698 ὅλης
1591 629 1807 691 νυκτὸς,

226 730 278 787 ὣ
301 732 480 802 ψυχῆς
515 729 823 800 άχειρώτου
845 728 1061 796 δεσμοῖς
1101 725 1195 778 τοῦ
1232 723 1482 789 σώματος
1506 724 1546 791 l)
1593 722 1809 790 δέχεται
1854 790 1857 793 _

227 825 423 896 γυμνῷ
456 824 534 893 τῷ
574 822 791 892 σώματι
827 822 1002 874 πάντα
1028 818 1182 883 ὁμοῦ,
1216 819 1277 871 τὸ
1310 818 1474 886 δριμὺ
1505 817 1604 883 τῆς
1632 815 1806 885 ὥρας,

226 922 332 991 τὴν
356 919 532 990 χιόνα,
566 919 632 971 τά
672 918 981 985 πνεύματα,
1013 914 1113 981 τὴν
1142 913 1304 984 πῆξιν
1326 912 1423 982 τὴν
1453 910 1583 979 περὶ
1607 910 1705 978 τὴν
1733 909 1808 963 ἓω

224 1013 331 1081 τὴν
374 1012 651 1078 ἀλγεινὴν.
699 1010 937 1072 Ἐφανεν
971 1008 1182 1077 ἡμέρα,
1244 1007 1340 1058 καὶ
1393 1004 1455 1057 τὸ
1505 1004 1680 1057 δεινὸν
1710 1004 1807 1055 οὐκ

229 1105 449 1175 ἔληγεν.
473 1103 588 1158 ἀλλ’
623 1104 772 1171 ἴσχυε
797 1102 1024 1171 μᾶλλον,
1057 1100 1151 1152 καὶ
1180 1101 1208 1152 ὁ
1234 1094 1440 1168 χειμὼν
1478 1095 1806 1149 ἐπετείνετο.

226 1197 358 1259 Τοῖς
394 1196 447 1248 δὲ
478 1198 758 1262 φοιτηταῖς
790 1193 1004 1263 μηχανὴ
1043 1192 1164 1245 οὐδὲ
1209 1194 1305 1259 μία
1343 1189 1444 1258 τῆς
1477 1188 1648 1257 Θύρας
1679 1204 1810 1256 προ-

229 1288 423 1356 κύψαι,
459 1289 555 1339 καὶ
588 1291 615 1340 ὁ
646 1286 932 1356 βοηθήσων
960 1285 1156 1344 οὐδείς.
1197 1284 1446 1352 Ἥμέραν
1473 1282 1570 1349 μὲν
1594 1280 1811 1351 ἐκείνην

229 1381 364 1449 ὃλην
387 1383 477 1433 καὶ
500 1382 597 1448 τὴν
633 1380 895 1433 ἐπιοῦσαν
924 1380 1097 1431 νύκτα
1122 1380 1255 1432 πολὺ
1287 1376 1620 1447 δριμυτέραν
1644 1371 1810 1429 οὖσαν

227 1472 410 1534 οὕτως
445 1475 472 1525 ό
525 1476 769 1540 γενναῖος
809 1473 1171 1542 διεκαρτέρει.
1216 1473 1377 1539 Ἀρτι
1421 1471 1476 1524 δι
1520 1471 1674 1540 τρίτη
1713 1470 1811 1539 μὲν

231 1560 305 1634 ἦν
344 1564 421 1634 τῷ
458 1567 709 1635 χειμῶνι,
758 1567 819 1618 τὸ
849 1566 903 1619 δὲ
937 1566 1129 1634 ἄγριον
1155 1566 1247 1618 τοῦ
1282 1564 1492 1635 κρυμοῦ
1523 1562 1808 1630 ύπελώφα,

233 1659 334 1710 καὶ
362 1659 462 1728 τὴν
495 1660 736 1728 κλίμακα
768 1660 876 1713 τῶν
907 1659 1166 1730 μαθητῶν
1199 1661 1247 1712 oi
1288 1660 1609 1728 θερμότεροι
1646 1675 1809 1727 προσ-

234 1749 572 1817 ερείσαντες,
607 1753 699 1803 καὶ
748 1752 946 1805 αὐτίκα
1002 1752 1207 1822 σπουδῇ
1253 1751 1419 1820 πολλῇ
1472 1750 1808 1812 ἀναϐάντες.

232 1841 405 1909 ὁρῶσι
440 1841 618 1909 Θέαμα
643 1844 889 1911 φρικτὸν,
920 1838 965 1897 ὦ
994 1846 1240 1897 Δέσποτα
1290 1846 1382 1896 καὶ
1409 1843 1532 1909 Θεὲ,
1580 1844 1673 1896 καὶ
1706 1843 1810 1911 πρὸ

232 1932 330 1985 τοῦ
364 1933 493 1985 ἰδεῖν
528 1934 624 2001 μὲν
652 1936 833 1997 αὐτοῖς
864 1934 1141 1999 ἐλπισθὲν,
1162 1935 1310 2003 ὅμως
1338 1934 1392 1987 δέ
1415 1951 1467 1987 τι
1490 1935 1585 1987 καὶ
1608 1933 1811 2002 μᾶλλον

233 2023 615 2095 φοϐερώτερον
656 2027 803 2095 ’πρὸς
836 2026 935 2095 τὴν
978 2027 1100 2094 ϐψιν
1134 2027 1322 2095 φανὲν,
1374 2027 1467 2079 τὸν
1516 2028 1659 2079 ὅσιον
1710 2024 1805 2079 τοῦ

236 2116 584 2183 περιϐολαίου
622 2119 720 2187 μὶν
752 2120 851 2190 ήδη
880 2120 1331 2188 γεγυμνωμένον,
1359 2120 1438 2190 τῷ
1462 2120 1517 2172 δὲ
1537 2120 1807 2188 κρυσταλ-

232 2207 315 2275 λῳ
344 2210 608 2262 πάντοθεν
639 2212 1065 2280 περιεσταμένον
1087 2212 1183 2265 καὶ
1205 2212 1304 2280 τὴν
1335 2212 1577 2281 κεφαλὴν
1595 2213 1689 2264 καὶ
1710 2210 1809 2281 τὴν

232 2298 362 2365 Caput
392 2301 485 2352 καὶ
515 2300 583 2353 τὰ
610 2302 771 2354 λοιπὰ
806 2301 946 2373 μέρη
995 2302 1089 2355 τοῦ
1122 2305 1392 2371 σώματος,
1439 2304 1500 2356 ού
1546 2303 1707 2371 μόνον
1750 2302 1806 2356 δὲ

233 2390 373 2443 ἀ).λὰ
428 2391 525 2445 καὶ
582 2392 713 2444 αὐτὸ
779 2394 840 2445 τὸ
892 2394 1050 2463 σῶμα
1124 2396 1477 2462 άποπαγέντα
1530 2395 1624 2447 καὶ
1671 2394 1808 2462 πρὸς

234 2483 572 2552 κρύσταλλον
597 2486 665 2537 τά
690 2502 751 2553 γε
777 2488 856 2547 είς
884 2486 1199 2556 ψυχρότητα
1230 2492 1322 2541 καὶ
1352 2487 1514 2556 πῆξιν
1540 2487 1810 2556 μεταϐλη-

233 2574 402 2626 οὲντα
442 2575 824 2642 κρυστάλλινον
852 2578 915 2632 άν
956 2595 1035 2638 τις
1063 2579 1349 2646 ὠνόμασεν
1383 2578 1543 2631 αὑτὸν
1595 2578 1811 2649 ἄνθρω-

234 2682 342 2717 πον
367 2668 483 2734 (καὶ
509 2668 561 2720 τί
596 2668 705 2734 γὰρ
744 2670 987 2739 άλλο;)ῆ
1024 2672 1217 2738 νεκρὸν
1244 2670 1411 2723 ἕνεκά
1444 2687 1503 2722 τε
1534 2669 1628 2721 τοῦ
1674 2670 1807 2739 μηδι

238 2757 411 2825 πνοὴν
457 2756 601 2826 ἔχειν
646 2759 982 2827 νομίζεσθαι.
1036 2760 1272 2829 Θερμοῖς
1320 2756 1414 2814 οὖν
1446 2759 1603 2815 ὕδασι
1658 2760 1809 2829 μόλις

233 2849 331 2900 τὸν
364 2849 537 2914 πάγον
568 2849 848 2912 λύσαντες,
880 2850 1017 2903 ἀλλὰ
1036 2852 1098 2922 δὴ
1120 2854 1211 2904 καὶ
1230 2851 1290 2904 τὺ
1321 2852 1478 2921 σῶμα
1507 2854 1810 2923 περιρραν-

230 2942 507 3004 τίσαντες,
538 2942 630 2993 καὶ
663 2943 921 3009 σπόγγοις
964 2943 1412 3008 ὲξαπονίσαντες,
1448 2944 1638 3015 ἐπειδὴ
1690 2944 1809 3012 μεθ’

231 3031 427 3084 ἰκανὸν
446 3032 525 3092 είς
551 3032 746 3085 ἑαυτὸν
776 3035 980 3095 ἐκεῖνος
1020 3034 1190 3086 ἐλθὼν
1228 3036 1321 3087 καὶ
1349 3035 1539 3105 ὥσπερ
1559 3034 1624 3088 ἐκ
1648 3034 1807 3088 θανά-

236 3140 335 3174 του
358 3123 454 3191 τὴν
478 3124 642 3191 πνοὴν
674 3123 826 3185 αὖθις
847 3124 1028 3177 λαϐὼν
1051 3124 1343 3195 ἀπειλήφει
1372 3126 1578 3192 καὶτὴν
1602 3126 1807 3194 φωνὴν,

251 3214 416 3267 Ἰνατί
446 3232 553 3281 μοι,
575 3217 729 3285 φησὶ,
752 3219 1052 3285 πράγματα
1077 3218 1337 3287 παρέχειν
1354 3219 1512 3285 ὑμεῖς
1532 3218 1809 3287 βούλεσθε,
1840 3251 1880 3307 C

238 3309 337 3358 καὶ
400 3306 562 3374 ἡδέως
611 3306 945 3359 ὑπνώττοντι
998 3308 1305 3375 ὲνοχλείτε;
1344 3309 1505 3374 ’Δρτι
1559 3308 1667 3377 γὰρ
1720 3310 1812 3361 τὸν

241 3397 453 3463 λύριον
482 3400 559 3459 εἰς
584 3399 905 3466 ἐπικουρίαν
928 3399 1315 3468 ἑκκαλουμένῳ
1342 3398 1537 3468 μικρὸν
1558 3400 1817 3467 ἀφυπνὼ-

240 3490 334 3543 σαί
366 3508 455 3560 μοι
488 3490 700 3558 γέγονε.
752 3492 895 3559 Πλὴν
925 3492 1037 3544 ἀλλ’
1067 3492 1194 3559 εὖγε
1222 3493 1372 3560 ύμῖν,
1415 3487 1460 3546 ὦ
1491 3493 1680 3557 τέκνα,
1720 3493 1814 3546 τοῦ

238 3584 448 3652 πατρὸς
484 3583 626 3635 οὕτω
664 3584 1033 3653 φροντίζουσι.
1085 3585 1227 3648 Καὶ,
1262 3587 1392 3637 Δότε
1439 3586 1501 3653 δή
1539 3602 1651 3653 μοι,
1687 3586 1811 3655 ἔφη,

238 3680 337 3729 καὶ
391 3677 855 3742 περιστείλασθαι,
907 3680 1317 3746 αἰσχυνόμενος,
1367 3673 1556 3747 οῖμαι.
1596 3680 1682 3731 διὰ
1716 3681 1815 3749 τὴν

238 3769 543 3835 γύμνωσιν,
585 3770 698 3821 ἀλλ’
729 3770 848 3838 οὐχὶ
896 3769 1105 3835 θέρμης
1136 3770 1412 3837 δεόμενος.
1449 3772 1514 3822 Οί
1546 3770 1602 3823 δὲ
1644 3788 1813 3839 προσ-

240 3862 482 3930 ήνεγκάν
506 3878 563 3913 τε
593 3861 737 3929 αὐτῷ
780 3861 1121 3929 περιϐόλαιον
1170 3863 1375 3928 ἓτερον,
1436 3863 1529 3916 καὶ
1563 3864 1815 3917 ἐνέδυσαν

244 3954 398 4016 θείας
431 3955 778 4025 εὐφροσύνης»
812 3954 1010 4023 χιτῶνα
1049 3956 1190 4008 κατὰ
1217 3957 1306 4009 τὸν
1352 3957 1640 4027 προφήτην
1668 3959 1814 4012 ἑνδε-

241 4047 502 4116 δυμένον.

316 4308 436 4360 ΛΡ.
470 4307 645 4360 Πολλὰ
672 4308 799 4375 γοῦν
842 4310 981 4375 μετὰ
1017 4310 1187 4364 ταῦτα
1212 4311 1303 4364 καὶ
1338 4311 1429 4364 τοῦ
1463 4313 1811 4383 φιλοχρίστου

244 4398 509 4466 βασιλέως
540 4399 811 4463 ἀξιοῦντος
857 4401 970 4453 καὶ·
991 4402 1245 4471 δεομένου
1279 4402 1402 4474 (ἧκε
1435 4408 1544 4474 γάρ
1581 4409 1674 4459 καὶ
1708 4407 1811 4475 μὲ-

244 4505 368 4556 χρις
419 4486 582 4540 αὑτοῦ
632 4488 845 4555 ταῦτα),
875 4489 947 4551 ὡς
992 4492 1051 4542 El
1101 4493 1191 4543 καὶ
1228 4494 1301 4562 μὴ
1334 4492 1427 4545 σοῦ
1469 4497 1649 4564 χάριν,
1696 4495 1814 4547 ἀλλ’

1912 629 2213 699 subjectam
2235 628 2569 697 iaculantur.
2592 625 2727 681 Cum
2754 624 2929 679 ventis
2951 630 3132 676 autem
3157 623 3323 675 multa
3349 636 3488 689 quo-

1912 737 2021 791 que
2056 721 2146 775 nix
2170 731 2225 776 et
2256 720 2447 790 frigida
2484 719 2606 789 ejus
2625 717 2819 771 faciem
2839 714 3158 783 impetebat.
3180 711 3275 766 Ille
3305 722 3485 765 autem

1910 818 2113 885 (neque
2142 813 2289 869 enim
2321 813 2557 868 habebat
2588 819 2794 867 tectum
2820 810 2919 874 ,ad
2950 807 3098 877 quod
3136 805 3484 875 confugeret)

1914 916 2027 961 tota
2060 913 2220 961 nocte
2246 906 2300 975 (ο
2341 905 2596 961 invictam
2627 902 2865 959 vinculis
2904 900 3153 971 corporis
3181 900 3418 952 animam
3446 896 3489 960 lt

1914 998 2061 1053 nudo
2106 1011 2337 1067 corpore
2379 995 2564 1051 omnia
2617 995 2851 1059 suffert,
2899 991 3165 1063 temporis
3222 987 3489 1043 acerbitu-

1914 1099 2044 1155 tem,
2063 1090 2270 1155 nivem,
2290 1096 2505 1149 ventos.
2527 1103 2776 1157 asperam
2806 1088 2955 1142 circa
2984 1098 3237 1140 auroram
3261 1097 3489 1138 concre-

1918 1183 2122 1236 tionem
2148 1188 2203 1235 et
2235 1180 2754 1248 conglaciationem.
2774 1175 3174 1247 Apparetdies,
3202 1183 3255 1227 et
3284 1173 3486 1226 malum

1912 1289 2021 1328 non
2046 1273 2319 1336 cessabat,
2335 1273 2429 1327 sed
2453 1274 2625 1342 magis
2642 1271 3093 1335 invalescebat,et
3115 1269 3292 1322 hiems
3309 1267 3487 1335 inteno

1912 1367 2165 1421 dehatur.
2188 1364 2451 1431 Discipuli
2470 1374 2650 1419 autem
2670 1363 2821 1417 nullo
2839 1362 3001 1416 modo
3020 1368 3273 1429 poterant
3287 1374 3317 1413 e
3333 1366 3492 1427 porta

1913 1459 2247 1529 prospicere.
2287 1472 2464 1525 neque
2511 1465 2630 1510 erat
2682 1457 2847 1520 ullus,
2888 1454 2982 1524 qui
3016 1454 3064 1509 ei
3100 1467 3259 1521 opem
3294 1452 3485 1505 ferret.

1914 1552 2113 1606 Totum
2139 1566 2270 1620 ergo
2301 1550 2457 1603 illum
2487 1550 2631 1603 diem
2659 1558 2715 1603 et
2746 1556 3069 1616 sequentem
3103 1555 3341 1601 noctem.
3371 1560 3492 1614 quae

1915 1645 2017 1699 fuit
2054 1644 2224 1697 multo
2258 1644 2539 1704 acerbior,
2578 1642 2663 1695 hic
2698 1640 2782 1694 vir
2830 1654 3129 1709 generosus
3179 1636 3399 1691 fortiter
3436 1645 3494 1689 et

1913 1742 2232 1789 constanter
2268 1733 2509 1800 pertulit.
2551 1731 2670 1787 lam
2718 1731 2916 1785 tertius
2950 1730 3171 1799 quidem
3207 1736 3326 1782 erat
3375 1727 3494 1782 dies

1919 1822 2279 1892 tempestatis,
2329 1822 2571 1877 desierat
2608 1838 2741 1876 vero
2778 1823 2947 1877 eﬂ'era
2996 1823 3217 1893 glacies.
3266 1830 3322 1875 et
3367 1837 3491 1876 cum

1912 1918 2089 1972 scalas
2117 1916 2509 1982 admovissent,
2536 1916 2630 1985 qui
2661 1916 3201 1971 erantierventiores
3226 1932 3292 1970 ex
3321 1915 3493 1969 disci-

1917 2009 2086 2079 pulis,
2118 2016 2175 2062 et
2219 2023 2454 2077 propere
2503 2009 2903 2071 ascendissent,
2938 2008 3151 2072 vident,
3198 2024 3231 2061 o
3266 2007 3493 2061 Domine

1918 2102 2082 2163 Deus,
2114 2100 2453 2157 horrendum
2484 2102 2887 2170 spectaculum.
2915 2110 2972 2156 et
3015 2102 3163 2171 quod
3198 2111 3491 2171 antequam

1916 2195 2183 2248 vidissent
2213 2194 2457 2262 quidem,
2484 2193 2555 2249 ab
2582 2194 2664 2249 eis
2685 2195 3127 2264 exspectabatur,
3162 2194 3282 2263 ipso
3310 2203 3492 2248 tamen

1913 2296 2138 2356 aspectu
2204 2287 2383 2341 visum
2435 2296 2521 2342 est
2576 2287 2881 2343 terribilius
2928 2296 3233 2343 :sanctum
3285 2286 3489 2342 amictu

1914 2379 2137 2448 quidem
2158 2381 2268 2448 jam
2310 2379 2605 2444 nudatum,
2644 2380 2818 2449 glacie
2851 2396 2979 2435 vero
3026 2380 3177 2434 omni
3227 2394 3293 2434 ex
3341 2388 3493 2451 partu

1916 2471 2400 2539 comprehensum,
2428 2479 2482 2524 et
2507 2471 2687 2541 capite
2711 2482 2767 2525 et
2799 2472 2958 2534 facie,
2983 2480 3039 2526 et
3067 2472 3294 2541 rcliquis
3328 2472 3493 2541 parti-

1918 2561 2024 2615 bus
2056 2561 2327 2628 corporis,
2378 2576 2559 2631 neque
2606 2562 2713 2617 hoc
2762 2563 2980 2627 solum,
3039 2563 3134 2619 sed
3169 2564 3336 2619 etiam
3373 2564 3492 2633 ipso

1916 2670 2149 2723 corpore
2175 2655 2402 2710 omnino
2425 2665 2762 2717 concretum.
2792 2667 2847 2711 et
2876 2658 2929 2711 iu
2961 2658 3214 2726 glaciem.
3248 2658 3293 2711 si
3318 2656 3493 2727 frigus

1918 2756 2135 2817 spectes
2182 2757 2239 2801 et
2286 2748 2700 2803 concretionem
2731 2788 2746 2814 ,
2787 2764 3148 2815 conversum;
3194 2762 3320 2803 eum
3368 2750 3492 2816 quis

1917 2840 2199 2909 glacialem
2233 2840 2511 2896 hominem
2540 2842 2909 2897 nominaverit
2939 2842 3089 2911 (quid
3113 2841 3260 2897 enim
3280 2840 3491 2906 aliud?)

1918 2943 2012 2987 aut
2044 2943 2343 2997 mortuum,
2386 2933 2534 3003 quod
2563 2933 2972 2989 existimaretur
3002 2949 3066 2989 ne
3087 2949 3244 3005 posse
3268 2933 3489 3004 quidem

1919 3025 2150 3093 spirare.
2179 3025 2316 3080 Cum
2349 3026 2539 3080 calidis
2562 3041 2695 3095 ergo
2723 3028 2883 3095 aquis
2906 3027 3198 3081 solvissent
3230 3027 3486 3095 glaciem,

1921 3117 2054 3184 quin
2087 3116 2252 3170 etiam
2280 3132 2482 3186 corpus
2513 3119 2881 3186 aspersissent
2916 3159 2931 3183 ,
2966 3125 3253 3188 postquam
3288 3119 3378 3173 i'le
3421 3121 3487 3174 ad

1919 3223 1977 3263 se
2010 3210 2283 3273 rediisset,
2316 3223 2373 3265 et
2405 3220 2673 3279 tanquam
2702 3229 2733 3265 ιι
2774 3222 2948 3267 morte
2975 3213 3294 3277 suscitatus,
3332 3212 3491 3280 spiri-

1919 3310 2034 3355 tum
2070 3307 2391 3371 recepisset.
2424 3320 2617 3359 vocem
2649 3321 2871 3375 quoque
2920 3306 3154 3374 accepit,
3204 3314 3261 3359 et
3292 3306 3430 3359 dixit
3470 3324 3483 3358 :

1916 3391 2028 3447 Cur
2079 3394 2211 3447 mihi
2265 3395 2431 3450 vultis
2468 3396 2740 3451 exhibere
2786 3396 3089 3465 negotium,
3141 3408 3197 3451 ct
3248 3399 3489 3452 suaviter

1918 3487 2281 3544 dormientem
2321 3491 2564 3544 vexatis?
2623 3492 2756 3546 Nam
2796 3508 2919 3546 cum
2960 3493 3120 3546 modo
3160 3480 3489 3549 Domini‘iu-

1919 3595 2173 3635 vocarem
2209 3582 2497 3646 auxilium,
2530 3584 2731 3639 accidit
2770 3585 2927 3647 mihi,
2962 3594 3020 3639 ut
3054 3601 3243 3652 parum
3280 3588 3491 3642 dormi-

1920 3680 2110 3726 tarem.
2147 3671 2414 3729 Creterum
2450 3675 2586 3729 bene
2622 3677 2693 3729 sit
2729 3677 2900 3738 vobis,
2936 3693 2969 3727 ο
3020 3677 3154 3740 filii,
3186 3679 3280 3747 qui
3314 3680 3491 3733 Patris

1918 3770 2125 3818 tantam
2155 3780 2343 3819 curam
2395 3768 2603 3836 geritis.
2659 3768 2790 3821 Date
2842 3777 3024 3823 autem
3074 3770 3233 3836 mihi,
3286 3772 3489 3840 inquit.

1918 3873 2028 3926 quo
2055 3873 2144 3911 me
2187 3858 2443 3925 induam;
2472 3861 2825 3924 erubescens,
2865 3872 2923 3915 ut
2958 3861 3222 3922 arbitror,
3258 3874 3489 3931 promer

1918 3951 2243 4014 nuditatem,
2295 3966 2405 4005 non
2455 3962 2639 4005 autem
2695 3954 2874 4006 calore
2932 3954 3203 4021 indigens.
3234 3954 3320 4007 Illi
3359 3971 3489 4009 vero

1917 4044 2082 4107 alium
2122 4044 2381 4097 amictum
2431 4044 2497 4097 ad
2529 4060 2654 4098 eum
2692 4047 3019 4110 attulerunt,
3052 4059 3108 4100 et
3134 4062 3259 4101 eum
3288 4048 3487 4102 indue-

1918 4144 2066 4198 runt,
2097 4136 2279 4188 tunica
2309 4136 2508 4189 divinae
2536 4138 2736 4191 laetitia:
2763 4138 3037 4204 indutum,
3074 4150 3131 4193 ut
3156 4141 3330 4194 dicam
3362 4156 3486 4195 cum

1916 4229 2181 4297 propheta
2215 4229 2257 4281 '.

1990 4318 2223 4372 XXXIII,
2258 4319 2451 4374 Postea
2484 4332 2663 4374 autem
2700 4322 2930 4376 multum
2985 4338 3109 4377 cum
3159 4334 3383 4394 rogante
3432 4337 3489 4380 et

1916 4412 2241 4465 obsecrante
2273 4411 2477 4467 Christi
2512 4424 2732 4468 amante
2784 4416 3117 4483 imperatore
3154 4417 3293 4486 (hcec
3336 4419 3482 4471 enim

1916 4505 1981 4557 ad
2011 4519 2135 4558 cum
2172 4520 2344 4574 usque
2373 4506 2764 4575 pervenerunt)
2789 4516 2845 4559 et
2877 4507 3095 4563 dicente
3131 4530 3143 4562 :
3182 4510 3236 4563 Si
3266 4526 3372 4564 non
3396 4522 3487 4566 tua

240 4579 406 4630 ἕνεκά
444 4596 504 4647 γε
559 4580 709 4649 ἡμῶν
765 4584 858 4632 καὶ
904 4583 999 4650 τῆς
1041 4583 1305 4649 ὡφελείας
1356 4588 1452 4655 τῆς
1486 4587 1762 4656 ἡμετέρας
1792 4626 1804 4649 ,

1915 4612 2099 4659 causa,
2136 4609 2189 4650 at
2219 4607 2403 4652 nostra
2435 4607 2491 4652 et
2517 4608 2719 4654 nostra:
2752 4600 3025 4663 utilitatis,
3060 4616 3222 4667 parce
3259 4603 3379 4657 istis
3402 4605 3486 4657 ni-

240 4672 423 4739 φεῖσαι
458 4670 562 4721 τῶν
596 4670 915 4738 παραϐόλων
942 4674 1146 4726 τούτων
1177 4676 1456 4741 κινδύνων,
1496 4679 1586 4730 καὶ
1621 4680 1695 4748 μὴ
1724 4680 1813 4732 οὗ·

234 4780 347 4824 τως
371 4763 648 4832 αὐτόχειρ,
676 4766 1113 4833 μικροῦ,,ἑαυτοῦ
1134 4769 1423 4837 γενόμενος
1450 4772 1594 4839 ἡμᾶς
1624 4790 1682 4824 τε
1713 4773 1809 4842 όρο

236 4854 443 4919 φανοὺς
488 4856 796 4926 ἀπολίπῃς,
848 4859 1010 4919 αὐτὸς
1050 4862 1105 4912 δὲ
1146 4862 1362 4929 ἐξάγειν
1412 4864 1607 4918 ἑαυτὸν
1653 4866 1810 4936 δόξῃς

232 4948 332 4999 τοῦ
365 4948 478 5016 βίου
520 4952 613 5001 καὶ
663 4951 768 5020 πρὸ
807 4952 1023 5013 καιροῦ.
1055 4952 1237 5007 Ταῦτα
1269 4957 1362 5009 καὶ
1402 4956 1607 5009 τούτων
1638 4959 1807 5011 πλείω

235 5044 337 5091 σὺν
360 5040 592 5109 δάκρυσι
620 5041 714 5094 τοῦ
756 5044 1084 5112 κρατοῦντος
1118 5047 1374 5113 δεομένου
1410 5049 1504 5101 καὶ
1537 5050 1653 5118 ἅμα
1699 5050 1809 5102 τῶν

235 5132 417 5185 ποδῶν
444 5133 751 5201 ἁπτομένου
784 5136 936 5204 μόλις
978 5138 1235 5206 ⁴Ιγνέσχετο
1268 5142 1464 5209 μικρὸν
1495 5141 1625 5207 γοῦν
1660 5142 1805 5211 αύτῷ

232 5222 490 5291 γενέσθαι
524 5226 745 5294 στέγην,
773 5227 1041 5289 αἰδεσθεὶς
1073 5232 1141 5281 τὰ
1160 5229 1254 5281 τοῦ
1284 5231 1546 5298 βασιλέως
1573 5232 1804 5299 δάκρυα.

234 5317 350 5368 Καὶ
382 5316 538 5367 τοῦτο
567 5314 763 5386 εἴρηκα
803 5319 985 5385 μέντοι
1026 5320 1307 5383 πολλάκις,
1354 5322 1505 5374 οὐδὲν
1544 5322 1600 5374 δὲ
1644 5317 1807 5393 ἧττον

235 5406 333 5458 καὶ
367 5406 461 5457 νῦν
489 5406 620 5476 ἐρῶ,
665 5409 739 5471 ὼς
784 5410 934 5461 οὐδὲν
985 5406 1051 5480 ἦν
1103 5412 1178 5479 τῷ
1220 5412 1430 5481 βασιλεῖ
1459 5412 1644 5483 θαῦμα
1685 5415 1806 5467 οὑδὶ

232 5499 409 5551 (Mm
450 5502 631 5570 μεῖζον
664 5503 760 5570 τῆς
807 5501 901 5554 τοῦ
954 5504 1189 5583 μεγάλου
1243 5506 1535 5577 καρτερίας
1577 5509 1669 5561 καὶ
1707 5508 1805 5575 τῆς

234 5591 511 5655 πολιτείας
538 5594 748 5664 ἐκείνῳ.
775 5596 989 5660 Πάντας
1009 5598 1102 5652 οὖν
1123 5599 1172 5651 οἳ
1199 5599 1646 5669 διεπρεσϐεύοντο
1670 5602 1805 5671 πρὸς

234 5684 419 5748 αὑτὸν,
440 5685 546 5737 εἴτε
571 5687 808 5755 βασιλεῖς
841 5683 952 5741 εἷεν
978 5689 1085 5742 εἴτε
1118 5691 1398 5760 πρέσϐεις,
1432 5691 1531 5744 εἴθ’
1560 5692 1650 5758 οὓς
1682 5695 1801 5746 όνο-

315 5862 333 5892 ⁸
367 5861 468 5916 lia.
510 5879 617 5926 in,
658 5865 737 5919 l0.

1920 4689 2021 4741 mis
2061 4689 2433 4758 praecipitibus
2464 4691 2803 4759 et-projectis
2834 4692 3134 4761 periculis:
3169 4704 3224 4749 et
3258 4711 3349 4755 ne.
3386 4696 3484 4749 tibi

1918 4781 2019 4849 ipsi
2039 4792 2269 4836 mortem
2290 4783 2682 4851 propemodum
2700 4785 3073 4848 consciens,et
3095 4803 3194 4841 nos
3210 4788 3380 4842 orbos
3400 4804 3487 4843 re-

1915 4875 2149 4941 linquas,
2182 4888 2240 4937 et
2261 4876 2375 4943 ipse
2393 4885 2764 4943 antetempus
2792 4876 3027 4931 videaris
3065 4894 3093 4931 e
3119 4879 3227 4932 vita
3252 4879 3484 4949 teipsunt

1916 4968 2174 5024 educere.
2198 4966 2322 5021 Hzec
2338 4965 2677 5036 etbisplura
2704 4967 2921 5022 dicente
2956 4969 3285 5038 imperatore
3315 4983 3372 5025 et
3391 4988 3483 5026 ro-

1914 5066 2095 5127 gante,
2121 5065 2178 5111 et
2216 5056 2383 5125 pedes
2410 5057 2573 5111 simul
2607 5059 2991 5126 prehensante,
3020 5061 3105 5114 vix
3135 5062 3398 5118 sustinuit
3426 5074 3487 5121 ut

1914 5149 2018 5204 sibi
2044 5163 2233 5218 parum
2264 5147 2455 5202 saltem
2480 5148 2884 5215 fleret-tectum,
2915 5153 3186 5207 reveritus
3213 5154 3485 5226 lacrymas

1913 5240 2283 5309 imperatoris.
2316 5238 2430 5295 Hoc
2456 5242 2679 5311 quidem
2714 5242 2822 5311 jam
2846 5259 2875 5296 a
2909 5260 2994 5298 me
3021 5244 3229 5299 dictum
3255 5256 3360 5312 est,
3398 5248 3485 5301 ni-

1917 5330 2213 5386 hilominus
2236 5340 2416 5386 tamen
2452 5347 2597 5387 nunc
2619 5349 2839 5403 quoque
2863 5336 3062 5389 dicam.
3097 5337 3315 5391 Nullum
3341 5352 3481 5398 erat.

1911 5437 2014 5477 nec
2054 5423 2343 5476 videbatur
2378 5424 2694 5494 imperatori
2725 5428 2899 5496 majus
2939 5429 3265 5482 miraculum
3297 5432 3479 5499 magni

1910 5516 2150 5569 Danielis
2182 5516 2469 5571 tolerantia
2502 5528 2558 5571 et
2602 5518 2735 5573 vita.
2771 5517 2975 5575 Omnes
3006 5537 3159 5590 ergo,
3196 5523 3289 5591 qui
3333 5526 3478 5592 apud

1908 5624 2039 5663 cum
2070 5608 2439 5677 fungebantur
2473 5610 2765 5678 legatione,
2792 5613 2906 5666 sive
2936 5622 3117 5666 essent
3152 5629 3326 5682 reges,
3364 5615 3476 5667 sive

1907 5698 2110 5767 legati,
2144 5698 2359 5768 aliquos
2391 5699 2613 5769 quidem
2651 5716 2748 5770 per
2776 5702 2917 5756 alios
2972 5706 3109 5759 alios
3143 5719 3274 5758 vero
3308 5705 3477 5758 etiam
