4214 6444
758 423 889 487 1011

1884 419 2270 482 ΛΒΒΕΝΒΑ.
2292 441 2362 450 --
2390 414 2826 476 DECEMBER.

3904 395 4040 460 1012

758 549 853 605 per
889 549 947 590 se
974 533 1201 590 deduxit
1224 533 1293 589 ad
1322 543 1597 593 sanctum.
1648 534 1728 590 Illi
1771 549 1902 590 vero
1931 534 2102 604 magis
2146 541 2331 601 stupe-
2357 542 2379 584 Α

2451 532 2676 599 μάςουσι
2701 532 2903 601 ῥῆγας,
2941 530 3067 589 τοὺς
3105 527 3204 596 μὲν
3226 525 3296 579 δι’
3327 523 3554 592 ἑτέρων,
3584 518 3710 580 τοὺς
3751 514 3812 568 δὲ
3847 514 3946 564 καὶ
3975 511 4039 561 δι·

759 631 888 682 bant
921 626 1192 692 videntes,
1222 642 1386 697 quam
1419 627 1727 692 audientes.
1760 636 1822 682 et
1843 627 1930 684 sic
1951 626 2204 686 redibant
2231 627 2330 684 be-

2441 623 2636 679 tauaot'i
2664 623 2801 696 πρὸς
2821 623 2910 676 τὸν
2930 621 3077 674 ὅσιον
3103 619 3327 687 ἀνῆγεν.
3347 615 3606 668 Κάκεῐνοι
3633 608 3839 680 μᾶλλον
3856 605 4036 678 δρῶνο

759 717 1100 784 nedicentes,
1130 727 1189 774 et
1221 717 1404 773 anima
1436 719 1622 775 edocti
1647 717 1928 773 mlieres.
1953 716 2112 783 Quod
2141 728 2330 772 autem

2451 735 2527 783 ιες
2560 720 2593 790 ἢ
2637 709 3504 780 ἀκούοντεςηιξεπλήττοντοςκαλ
3543 707 3719 768 οὕτως
3761 704 4031 772 ὑπέστρε-

761 819 819 863 υι
845 807 1031 884 futura
1064 823 1287 880 quoque
1329 809 1562 875 videret,
1589 820 1849 880 tanquam
1874 810 1986 880 jam
2017 811 2330 881 praesentia,

757 917 790 956 a
817 904 1036 972 superis
1069 914 1374 973 acceperat,
1396 919 1432 960 a
1458 919 1545 959 me
1569 903 1796 972 quidem
1830 904 1942 975 jam
1977 918 2121 974 saepe
2162 919 2332 974 supe-

2436 833 2538 884 φον
2566 811 2954 882 εὐλογοῦμενοι
2977 809 3074 863 καὶ
3105 807 3206 878 τὴν
3233 806 3415 876 ψυχὴν
3441 801 3689 873 βελτίους
3716 797 4033 869 γενόμ-ενοι.

2440 909 2569 962 Ὀτι
2592 908 2649 961 δὲ
2680 906 2778 962 καὶ
2812 905 2882 958 τὰ
2909 903 3174 974 μελλοντα
3203 899 3278 963 ὡς
3305 898 3412 970 ἢδη
3444 895 3696 967 παρόντα
3719 894 3860 963 όρᾷν
3891 890 4037 946 ἂνω·

761 994 881 1049 rius
908 1004 1191 1054 ostensum
1218 1007 1327 1054 est.
1357 998 1454 1053 Est
1486 1013 1618 1054 vero
1646 999 1812 1070 huius
1840 1013 2063 1070 quoque
2112 1000 2188 1054 rei
2221 1014 2336 1056 nta-

2451 998 2532 1053 iev
2549 992 2664 1068 εἶχε
2684 995 2891 1066 λαχὼν,
2915 993 3163 1065 πολλαχῆ
3195 990 3300 1062 μιν
3318 1008 3403 1045 τοι
3427 990 3522 1044 καὶ
3551 990 3616 1041 ὲκ
3643 986 3756 1043 τῶν
3774 985 4039 1054 ἀνωτέρω

761 1089 1027 1148 nil'eatum
1060 1090 1349 1149 indicium.
1369 1092 1642 1162 Quaedam
1668 1093 1818 1150 fama
1847 1092 1902 1150 in
1933 1105 2126 1148 omnes
2153 1101 2337 1161 partes

764 1184 1042 1249 manabat,
1070 1184 1467 1240 Genseriehum
1495 1201 1674 1255 regem
1709 1186 2079 1241 Vandalorum
2130 1184 2335 1241 bellum

762 1289 960 1344 gerere
982 1275 1250 1332 adversus
1295 1277 1575 1333 Romanos
1615 1293 1811 1350 magno
1841 1286 2111 1348 apparatu
2139 1287 2195 1332 et
2224 1292 2336 1331 rna-

759 1369 887 1437 jore
914 1367 1148 1424 audacia
1169 1409 1184 1436 ,
1215 1377 1274 1424 et
1304 1370 1452 1439 quod
1478 1371 1590 1441 jam
1621 1385 1744 1424 cum
1777 1384 1971 1440 magna
2019 1385 2181 1425 manu
2215 1385 2342 1438 per-

767 1460 924 1515 venit
966 1461 1390 1526 Alexandriam,
1424 1477 1545 1517 eam
1599 1462 1703 1518 sibi
1753 1464 1942 1518 volens
1984 1463 2110 1517 belli
2156 1462 2340 1516 facere

770 1553 1077 1623 premium.
1117 1552 1235 1610 Non
1282 1569 1477 1625 parum
1511 1571 1642 1626 ergo
1666 1557 1852 1611 animo
1881 1555 2184 1625 angebatur
2231 1569 2343 1609 tua-

771 1646 1052 1709 gistratus,
1076 1656 1130 1701 et
1154 1646 1272 1716 ipse
1295 1646 1727 1715 imperator:qui
1749 1645 1913 1701 etiam
1943 1646 2052 1700 cito
2082 1644 2257 1700 currit
2277 1644 2342 1698 ad

772 1749 1099 1792 consuetum
1150 1738 1609 1794 medicamentum
1660 1737 1827 1792 animi
1874 1737 2240 1807 aegritudinis,
2289 1745 2346 1791 et

775 1843 968 1884 sancto
1008 1830 1206 1884 famam
1254 1829 1544 1901 signiﬁcat.
1593 1829 1690 1884 Ille
1743 1845 1874 1884 vero
1921 1839 2178 1899 tanquam
2233 1842 2343 1882 non
2379 1867 2420 1926 Β

776 1923 1103 1990 praevidens,
1159 1923 1253 1978 sed
1304 1923 1416 1993 iam
1455 1922 1652 1980 videns
1696 1921 1873 1977 oculis
1918 1935 1983 1975 ea
2019 1935 2141 1989 quae
2186 1929 2346 1977 erant

773 2022 1059 2075 eventura,
1091 2013 1230 2068 dixit
1265 2015 1539 2082 protinus,
1564 2028 1675 2069 non
1721 2013 1898 2068 solum
1937 2011 2344 2067 Gensericbum

767 2106 1158 2163 Alexandriam
1192 2122 1307 2163 non
1332 2121 1455 2168 esse
1477 2115 1903 2177 occupaturum,
1933 2105 2030 2162 sed
2064 2105 2120 2160 in
2162 2103 2348 2162 omni-

774 2200 881 2254 bus
905 2198 1072 2255 etiam
1117 2199 1259 2265 aliis,
1307 2215 1365 2259 re
1407 2199 1631 2263 inlecta,
1677 2198 1900 2258 donium
1939 2212 2061 2253 esse
2093 2212 2348 2253 reversu-

776 2305 919 2345 rum.
945 2290 1344 2350 Omninouihil
1369 2306 1508 2362 opus
1535 2301 1619 2347 est
1643 2291 1880 2361 adjicere
1905 2289 1960 2346 id
1988 2289 2135 2360 quod
2161 2289 2348 2344 evenit

780 2385 848 2438 iis
881 2385 976 2453 qui
1016 2384 1192 2438 virum
1217 2392 1442 2439 norunt.
1473 2385 1698 2439 Factum
1728 2394 1812 2440 est
1852 2384 1997 2439 enim
2033 2399 2141 2440 non
2175 2383 2348 2440 multo

776 2483 920 2544 post,
954 2474 1098 2530 sicut
1129 2475 1316 2530 divina
1356 2476 1595 2531 Danielis
1628 2476 1810 2546 lingua
1841 2475 2111 2546 praedixitt

847 2566 1090 2624 XXXIV.
1117 2568 1348 2638 Propter
1388 2567 1504 2623 hac
1527 2582 1678 2637 ergo,
1711 2577 1768 2622 et
1799 2569 1968 2623 multa
1999 2569 2109 2622 alia
2141 2570 2229 2623 his
2257 2569 2349 2624 ad-

777 2659 1138 2723 ruirabiliora,
1173 2660 1364 2716 volens
1393 2662 1692 2728 imperator
1716 2675 1972 2730 maguum
2005 2663 2346 2717 remunerari

775 2751 1055 2809 Danielem
1082 2792 1096 2816 ,
1124 2751 1385 2820 quoniam
1420 2751 1524 2806 alia
1553 2753 1768 2807 ratione
1795 2767 1906 2806 non
1942 2751 2165 2812 licebat.
2196 2762 2349 2824 rogat

780 2857 838 2900 at
863 2847 956 2904 ﬂat
979 2848 1171 2904 saltem
1212 2847 1540 2904 domuncula
1590 2847 1736 2904 illius
1768 2847 2100 2918 discipulis:
2136 2849 2204 2905 Ut
2250 2848 2349 2903 ba-

780 2939 968 3004 beant,
1011 2939 1210 3007 inquit.
1251 2952 1354 2993 suo
1391 2939 1616 3008 corpori
1643 2937 2065 2995 habitationem.
2111 2937 2350 2993 Sanctus

779 3046 910 3086 vero
950 3046 964 3082 :
998 3029 1052 3087 Si
1104 3030 1290 3085 dixisti
1337 3030 1585 3100 quidem,
1635 3031 1853 3101 inquit,
1891 3031 1958 3085 de
2009 3028 2349 3086 exstruendo

777 3123 1033 3185 aediﬁcio,
1062 3139 1171 3179 non
1212 3131 1395 3192 potest
1433 3123 1488 3178 id
1534 3124 1670 3178 mihi
1718 3138 1843 3179 esse
1868 3131 2105 3194 gratum.
2157 3121 2348 3192 Neque

781 3217 928 3272 enim
977 3217 1137 3270 beato
1171 3215 1431 3283 Simeoni,
1457 3230 1700 3285 unquam
1734 3214 1938 3269 adfuit.
1967 3214 2049 3268 Tu
2081 3222 2267 3269 autem
2303 3213 2349 3268 si
2377 3199 2422 3262 C

783 3306 920 3362 velis
949 3305 1130 3360 facere
1157 3305 1290 3360 mihi
1313 3321 1430 3360 rem
1453 3316 1688 3377 gratam,
1714 3305 1914 3362 festina
1944 3307 2052 3362 huc
2079 3305 2354 3361 adducere

781 3398 934 3452 illius
967 3397 1247 3466 reliquias,
1282 3406 1338 3451 et
1359 3412 1474 3451 rem
1493 3398 1627 3451 mihi
1655 3397 2040 3468 gratissimam,
2075 3407 2355 3467 acceptam

782 3490 883 3545 tibi
901 3489 1254 3545 feram.Tunc
1269 3489 1450 3551 libens
1468 3489 1622 3560 jubet
1643 3492 1940 3559 imperator
1960 3508 1972 3542 :
1993 3500 2109 3545 tum
2126 3500 2186 3547 ut
2200 3504 2356 3545 sacro

782 3585 980 3642 domus
1009 3583 1310 3639 aediﬁcetur
1334 3582 1600 3647 Simeoni,
1623 3591 1750 3637 ante
1779 3582 2089 3637 columnam
2119 3581 2357 3636 Daniclis

784 3675 850 3728 ad
888 3675 1110 3731 boream
1161 3690 1175 3729 :
1211 3682 1324 3728 tum
1371 3687 1500 3727 vero
1524 3714 1538 3735 ,
1573 3680 1634 3728 ut
1671 3672 1868 3727 domus
1898 3687 2117 3743 quoque
2163 3671 2357 3727 tierent

785 3768 1114 3841 hospitibus,
1141 3767 1233 3837 qui
1263 3766 1330 3822 ad
1367 3776 1609 3822 montem
1639 3765 2013 3821 ascendebant
2032 3805 2046 3829 ,
2077 3775 2132 3820 et
2162 3764 2354 3835 magni

788 3862 1031 3917 Danielis
1060 3861 1377 3931 discipulis,
1405 3859 1594 3915 etsi-ei
1641 3868 1864 3914 sanctus
1894 3859 2128 3914 multum
2170 3857 2359 3927 prohi-

787 3955 967 4010 beret.
997 3952 1134 4006 Cum
1179 3961 1365 4006 autem
1408 3951 1501 4021 qui
1534 3950 1688 4006 missi
1719 3949 2355 4015 fuerantAntiochiam,

785 4046 865 4100 sic
898 4044 1125 4115 iubente
1153 4044 1507 4113 imperatore,
1535 4041 1801 4111 reliquias
1824 4043 2159 4105 attulissent,
2192 4041 2358 4111 signi-

787 4134 986 4190 ticabat
1023 4132 1245 4203 quidem
1286 4146 1518 4202 magnus
1560 4131 1752 4185 Daniel
1791 4129 2053 4200 episcopo
2084 4129 2259 4193 urbis,
2298 4139 2359 4185 nt

787 4225 1050 4296 praedicet
1079 4233 1136 4279 et
1183 4223 1406 4293 publice
1453 4222 1746 4276 annuntiet
1794 4221 2236 4290 exportationem
2279 4229 2359 4276 ta-

785 4319 1094 4380 bernaculi,
1131 4326 1272 4372 etut
1314 4316 1430 4386 ipse
1462 4315 1654 4371 sedeat
1701 4315 1759 4369 in
1814 4314 2072 4370 vehiculo
2125 4314 2360 4385 impera-

789 4415 945 4473 toris.
979 4413 1103 4467 sinu
1146 4421 1342 4466 tenens
1390 4408 1674 4478 reliquias,
1703 4417 1758 4463 et
1790 4407 1869 4462 sic
1890 4407 1994 4462 iter
2027 4406 2191 4463 faciat
2229 4420 2356 4461 cum

2449 1092 2750 1160 δεδήλωται
2787 1106 2802 1122 ο
2850 1088 2969 1146 ιστι
2997 1086 3057 1140 δι
3095 1087 3203 1150 καὶ
3249 1085 3450 1156 δείγμα
3496 1081 3690 1151 σαφές.
3734 1080 3905 1149 Φήμη
3961 1094 4041 1139 τις

2447 1183 2729 1255 πανταχοῦ
2751 1184 2966 1256 διέρρει
2991 1181 3288 1250 Γιζήριχον
3307 1176 3402 1232 τὸν
3425 1176 3572 1248 ρἦα
3591 1173 3702 1227 τῶν
3725 1169 4041 1228 Ἰουνδὰλων

2456 1279 2750 1349 Ῥωμαίοις
2800 1274 3228 1348 ιπιστρατεύειν
3259 1273 3432 1342 πολλῇ
3475 1272 3543 1339 τῇ
3579 1266 3916 1339 παρασκευῇ
3949 1264 4044 1316 καὶ

2449 1373 2655 1426 πλείονι
2684 1370 2762 1442 τῷ
2783 1369 2978 1438 θράσει
2998 1368 3307 1439 χρώμενον,
3333 1365 3425 1418 καὶ
3441 1362 3517 1426 ὡς
3534 1361 3634 1430 Ιιδη
3658 1358 3759 1428 τὴν
3787 1353 4046 1424 ’Δλεξάντ

2445 1464 2633 1531 δρειαν
2683 1462 2884 1533 βαρείᾳ
2942 1455 3356 1527 καταλαμϐάνει
3411 1453 3558 1524 χειρὶ
3618 1446 3786 1505 ἆθλον
3841 1442 4042 1502 ἑαυτοῦ

2447 1556 2652 1625 ταύτην
2675 1556 2902 1626 ποιῆσαι
2942 1552 3293 1625 βουλόμενος.
3308 1546 3420 1603 Ἦν
3447 1544 3542 1602 οὖν
3569 1541 3721 1614 ἁγὼν
3747 1543 3809 1597 οὐ
3845 1539 4042 1612 μικρδς

2448 1651 2561 1711 τοῖς
2587 1633 2829 1702 ἐν’τέλει
2875 1648 2970 1702 καὶ
3000 1643 3153 1715 αὐτῷ
3184 1643 3417 1714 βασιλεῐ.
3449 1640 3509 1702 δς
3531 1637 3628 1693 καὶ
3656 1635 3800 1704 ταχὺ
3851 1632 3950 1686 επὶ
3983 1631 4043 1682 τὸ

2449 1741 2638 1804 mea;
2665 1741 2856 1810 τρέχει
2885 1737 2988 1809 τῆς
3019 1737 3262 1808 ἀθυμίας
3299 1734 3616 1804 φάρμακον,
3645 1728 3742 1783 καὶ
3770 1723 4041 1796 γνωρίζει

2448 1833 2529 1904 τῷ
2557 1834 2690 1903 ὁσίῳ
2721 1833 2821 1904 τὴν
2857 1833 3070 1904 φήμην.
3116 1829 3178 1884 '0
3205 1827 3263 1882 δὲ
3295 1826 3490 1897 ὥσπερ
3517 1824 3580 1878 οὐ
3610 1821 3889 1893 προορῶν,
3923 1817 4041 1872 ἀλλ’

2448 1928 2508 1981 εν
2531 1927 2835 1997 ὀφθαλμοῖς
2863 1925 3008 1998 ὀρῶν
3043 1923 3146 1994 ἠδη
3185 1921 3258 1976 τὰ
3284 1919 3702 2001 ωμρησόμενα,
3734 1914 3901 1971 εὐθὺς
3935 1912 4041 1980 (qn

2449 2021 2514 2074 οὐ
2564 2019 2726 2090 μόνον
2768 2015 3194 2087 Γιζήριχονιτὴν
3245 2010 3662 2082 ’Δλεξάνδρειαν
3695 2008 3824 2078 οὐχὶ
3869 2023 4043 2060 κατα-

2447 2111 2736 2182 λήψεσθαι,
2792 2108 3071 2168 ἀλλὰκαὶ
3126 2105 3274 2162 κατὰ
3316 2105 3501 2159 πάντα
3530 2101 3700 2157 τᾶλλα
3750 2100 4043 2170 ἄπρακτον

2451 2203 2590 2275 πρὸς
2619 2203 2719 2273 τὴν
2757 2202 2940 2257 οίκίαν
2983 2196 3375 2263 λπαναζεῦεαι.
3403 2197 3630 2257 Πάντως
3665 2193 3822 2248 οὐδὲν
3867 2192 3953 2245 δεῖ
3981 2190 4044 2242 τὸ

2449 2295 2622 2349 εκδὰν
2640 2293 2995 2365 προστιθέναι
3012 2292 3127 2354 τοῖς
3150 2289 3245 2344 τὸν
3265 2287 3437 2358 ἄνδρα
3464 2282 3818 2354 γινώσκουσι·
3847 2283 4040 2351 γέγονε

2450 2389 2561 2459 γὰρ
2610 2389 2673 2442 οὐ
2711 2391 2850 2457 μετὰ
2905 2386 3043 2440 πολὺ
3100 2381 3288 2446 καθὼς
3324 2382 3359 2452 ἡ
3393 2379 3655 2452 θεοφόρος
3697 2375 3921 2446 γλῶσσα
3947 2373 4040 2427 τοῦ

2451 2480 2651 2552 Δανιὴλ
2681 2481 3118 2551 προηγόρευσεν.

2524 2572 2653 2632 ΔΔ’.
2687 2572 2915 2627 Τούτων.
2932 2572 2990 2626 δι
3016 2567 3113 2626 οὖν
3144 2573 3236 2625 καὶ
3261 2571 3440 2626 ἄλλων
3463 2568 3726 2623 πλειόνων
3754 2566 3929 2619 ῑνεκα
3952 2563 4042 2615 καὶ

2453 2663 2925 2736 θαυμασιωτᾶρων
2963 2662 3293 2733 ἀμείϐεσθαι
3342 2662 3435 2715 τὸν
3491 2661 3668 2730 μέγαν
3714 2658 3743 2711 ό
3776 2655 4042 2727 βασιλεὺς

2456 2757 2760 2828 βουληθεὶς,
2789 2756 2914 2810 ἐπεὶ
2962 2755 3140 2818 ἄλλως
3168 2755 3269 2807 οὐκ
3299 2748 3392 2823 ἦν.
3440 2751 3723 2807 οἱκίσκους
3760 2747 3898 2816 γοῦν
3927 2749 4043 2807 τοις

2453 2851 2667 2904 ἐκείνου
2720 2848 2993 2919 μαθηταῖς
3046 2846 3306 2915 γενέσθαι
3357 2841 3688 2914 παρακαλεῖ,
3722 2839 3791 2895 ἶν’
3839 2837 4040 2908 ἔχοιεν,

2455 2944 2647 3012 φησὶν,
2679 2943 2761 3006 είς
2795 2941 3085 2996 κατοικίαν
3127 2933 3275 2993 οὗτοι
3303 2936 3383 3008 τῷ
3418 2935 3654 3005 σώματι.
3696 2933 3757 2986 '0
3787 2933 3847 2985 δὲ
3871 2933 4040 2994 ὅσιος,

2461 3037 2566 3094 Ἦν
2609 3035 2708 3105 μὶν
2736 3036 2988 3105 εἴρηκας,
3023 3031 3161 3102 φησι
3211 3031 3349 3102 πρὸς
3384 3029 3568 3091 αὑτὸν,
3627 3023 4041 3081 καταϐαλέσθαι

2455 3125 2743 3197 οἰκοδομὴν
2770 3127 2832 3180 οὐ
2864 3125 3114 3195 στέργειν
3139 3123 3248 3193 ιχω
3273 3139 3288 3155 ’
3313 3122 3436 3176 οὐδὲ
3480 3120 3592 3190 γὰρ
3631 3117 3712 3188 τῷ
3757 3117 4042 3187 μακαρίτῃ

2457 3215 2682 3285 Συμεὼν
2717 3213 3081 3284 προσεγένετο
3124 3228 3280 3266 ποτε.
3313 3212 3388 3265 Σὺ
3417 3211 3497 3275 δὲ,
3542 3209 3596 3263 εί
3633 3210 3690 3261 τί
3727 3223 3820 3276 μοι
3860 3204 4042 3274 βούλει

2460 3307 2556 3363 καὶ⁵
2604 3305 2727 3361 καθ’
2781 3306 3001 3375 ἡδονὴν.
3033 3306 3232 3365 ποιεῖν.
3284 3296 3519 3370 ἀγαγεῖν
3568 3319 3660 3370 μοι
3709 3300 3772 3354 τδ
3822 3285 4039 3352 ἐκείνου

2458 3399 2709 3469 λείψανον
2742 3397 2996 3453 ινταυθοῐ
3039 3396 3275 3450 σπεῦσον
3324 3397 3419 3452 καὶ
3453 3397 3638 3450 πᾶσαν
3678 3393 3906 3463 ἀπέχων
3938 3391 4041 3461 τὴν

2458 3493 2698 3564 ἀμοιϐὴν
2752 3493 3074 3564 ἀξιόχρεων.
3129 3492 3264 3548 Τότε
3324 3491 3392 3562 δὴ
3455 3490 3692 3560 ἄσμενος
3737 3489 3766 3540 δ
3818 3485 4040 3553 κρατῶν

2461 3585 2739 3639 ιπιτάττει
2767 3583 2926 3638 τοῦτο
2960 3585 3058 3653 μὲν
3092 3584 3236 3653 ίερδν
3270 3578 3425 3636 οῐκον
3446 3580 3524 3650 τῷ
3556 3580 3787 3642 Συμεὼν
3816 3575 3924 3646 πρὸ
3947 3573 4039 3626 τοῦ

2462 3676 2658 3730 στόλου
2684 3677 2778 3730 τοῦ
2798 3677 2997 3747 Δανιὴλ
3015 3677 3150 3748 πρὸς
3179 3675 3385 3747 βορρᾶν
3406 3670 3859 3741 οἰκοδομηθῆναι,
3886 3669 4043 3720 τοῦτο

2459 3770 2515 3823 δὲ
2561 3770 2659 3823 καὶ
2703 3771 2879 3832 οεκίας
2907 3770 3163 3838 γενέσθαι
3210 3771 3322 3831 τοῖς
3368 3765 3612 3819 ἀνιοῦσιν
3665 3762 3762 3817 ἐπὶ
3815 3762 3878 3814 τδ
3915 3761 4041 3831 δρος

2464 3861 2638 3927 ξένοις
2687 3864 2780 3917 καὶ
2815 3865 2927 3925 τοῖς
2978 3862 3246 3932 μαθηταῖς
3278 3859 3372 3912 τοῦ
3408 3858 3671 3928 μεγάλου,
3727 3854 3902 3908 πολλὰ
3949 3854 4042 3905 καὶ

2450 3957 2582 4010 ’τότε
2610 3956 2747 4028 πρὸς
2780 3954 2941 4009 τοῦτο
2977 3954 3070 4007 τὸν
3103 3953 3250 4007 ὅσιον
3293 3952 3431 4021 ἔχων
3465 3948 3905 4019 ἀπαγορεύοντα.
3955 3945 4041 4008 Ὠς

2460 4050 2516 4103 δὲ
2542 4049 2734 4103 θᾶττον
2763 4049 2812 4100 ot
2834 4048 2928 4100 ἐπὶ
2953 4047 3050 4115 τὴν
3084 4047 3420 4114 Ἀντιόχειαν
3453 4044 3743 4104 σταλέντες
3775 4041 4042 4110 βασιλέως

2460 4144 2604 4199 οὕτω
2623 4143 3178 4216 παρακελευσαμένου
3212 4142 3497 4208 ἀνήγοντο,
3521 4139 3672 4208 δηλοῖ
3697 4139 3796 4208 μὲν
3820 4141 3848 4191 ό
3867 4139 4041 4207 μέγας

2462 4237 2539 4308 τῷ
2566 4237 2853 4307 ιπισκόπφ
2879 4237 2980 4304 τῆς
3021 4235 3228 4297 πόλεως
3263 4234 3363 4304 τὴν
3401 4229 3738 4301 ἀνακομιδὴν
3770 4229 3868 4281 τοῦ
3907 4229 4042 4294 σκή-

2462 4347 2588 4388 νους
2619 4329 2865 4399 κηρύξας
2888 4327 3052 4382 αὐτόν
3077 4343 3136 4380 τε
3165 4326 3354 4380 τοῦτον
3386 4325 3477 4378 επὶ
3503 4321 3788 4393 βασιλικοῦ
3817 4319 4040 4372 καθίσαι

2461 4422 2737 4491 ὀχήματος
2766 4421 2835 4475 τὰ
2866 4419 3092 4488 λείψανα
3124 4419 3240 4481 τοῖς
3288 4417 3513 4478 κόλποις
3567 4412 4038 4484 περικρατοῦντα.

785 4505 1008 4576 psalmis
1056 4513 1112 4559 et
1157 4502 1398 4574 hymnis,
1427 4510 1486 4557 et
1518 4515 1644 4557 cum
1672 4515 1768 4555 eas
1797 4498 2096 4556 deduxerit
2124 4499 2193 4554 ad
2222 4507 2359 4552 tem-

2465 4514 2557 4568 καὶ
2587 4512 2733 4566 οὕτω
2760 4513 2858 4582 τὴν
2889 4511 3116 4581 πορείαν
3137 4500 3374 4580 ψαλμοῖς
3397 4509 3490 4560 καὶ
3517 4505 3709 4575 ὕμνοις
3739 4506 4038 4565 ποιεῖσθαι,

786 4600 936 4668 plum
973 4597 1183 4652 militia:
1213 4594 1481 4666 principis
1523 4592 1825 4657 Michaelis,
1857 4591 1970 4648 illic
1998 4592 2238 4650 divinam
2272 4607 2363 4646 ce-

2470 4606 2561 4659 καὶ
2620 4606 2928 4673 ἀγαγόντας
2975 4603 3111 4672 πρὸς
3158 4603 3219 4655 τὺ
3263 4599 3360 4655 τοῦ
3404 4597 3857 4670 ἀρχιστρατήγου
3901 4597 4041 4664 ίερδν

785 4691 965 4746 lebret
1002 4687 1416 4759 mystagogiam.
1467 4684 1600 4751 Qua:
1664 4699 1789 4740 cum
1833 4693 2254 4756 peragerentur,
2307 4692 2362 4738 et

783 4797 985 4854 magno
1027 4789 1084 4837 et
1127 4778 1582 4856 splendidissimo
1623 4778 1890 4833 comitatu
1923 4777 2361 4841 deducerentur,

783 4874 960 4929 multa
991 4888 1090 4943 per
1124 4873 1240 4941 ipsa
1267 4870 1323 4925 in
1355 4869 1587 4926 transitu
1627 4869 1810 4926 facere
1832 4867 2095 4924 miracula
2132 4883 2365 4939 conspe-

785 4973 909 5020 ctus
937 4973 1023 5019 est
1059 4964 1325 5019 Dominus
1361 4977 1376 5014 :
1409 4975 1531 5031 qua
1564 4959 1800 5030 quidem
1822 4959 2103 5031 sigillatim
2137 4959 2363 5016 omnino

786 5074 1031 5123 narrare,
1058 5072 1168 5111 non
1198 5066 1282 5110 est
1312 5053 1599 5126 praesentis
1628 5053 1913 5123 temporis.
1945 5053 2240 5123 Postquam
2268 5069 2364 5108 au-

785 5163 894 5206 tem
927 5150 1091 5206 tinem
1125 5157 1465 5217 acceperunt
1495 5162 1562 5203 ea
1589 5161 1711 5216 qua
1749 5145 2102 5216 pertinebant
2137 5145 2206 5200 ad
2235 5148 2364 5201 reli-

785 5247 965 5314 quias,
1001 5253 1058 5297 et
1085 5243 1204 5312 ipse
1230 5241 1512 5303 sacerdos,
1545 5248 1604 5295 et
1641 5255 1833 5296 omnes
1855 5241 1950 5310 qui
1981 5239 2142 5295 simul
2165 5254 2363 5297 conse-

790 5339 1126 5406 quebantur,
1165 5350 1290 5390 cum
1331 5332 1531 5404 gaudio
1577 5332 1647 5388 ad
1680 5341 1930 5392 sanctum
1966 5333 2359 5400 ascenderunt,

789 5429 1056 5484 maximas
1105 5427 1432 5490 suavissima
1476 5424 1660 5480 anima
1710 5425 1764 5479 in
1803 5439 1899 5480 eos
1933 5424 2120 5480 verbis
2163 5423 2362 5479 eﬂudit

787 5522 1012 5592 gratias,
1046 5529 1101 5574 et
1127 5518 1306 5574 mellis
1335 5517 1635 5589 plurimum
1675 5531 1868 5572 revera
1900 5524 2113 5571 scatere
2144 5516 2276 5571 fecit
2307 5516 2361 5571 in

791 5617 1008 5669 illorum
1035 5610 1255 5675 animis,
1281 5610 1349 5665 de
1375 5625 1561 5666 amore
1582 5610 1634 5664 in
1667 5623 1941 5680 pauperes
1968 5617 2024 5662 et
2047 5607 2104 5662 in
2138 5608 2357 5675 fratres,

789 5709 857 5764 de
897 5707 1190 5770 charitate,
1230 5715 1286 5760 ct
1317 5705 1549 5776 judicio,
1604 5713 1658 5774 et
1707 5702 2172 5768 renumeratione,
2205 5713 2262 5759 et
2292 5703 2360 5759 de

790 5802 912 5855 aliis
939 5799 1257 5869 huiusmodi
1295 5797 1435 5868 apud
1469 5814 1562 5852 eos
1590 5797 1754 5852 verba
1795 5796 2020 5850 faciens.

2467 4696 2656 4750 θέσθαι
2687 4699 2803 4750 ἐκεῖ
2847 4696 2947 4767 τὴν
2976 4695 3128 4749 θείαν
3162 4691 3551 4764 μυσταγωγίαν
3593 4689 4040 4754 επιτελέσαντας.

2467 4784 2566 4843 Ὧν
2597 4790 2661 4858 δὴ
2694 4790 2788 4842 καὶ
2810 4788 3150 4857 τελουμένων
3184 4789 3278 4840 καὶ
3319 4788 3415 4838 σὺν
3452 4784 3622 4854 πολλῇ
3657 4783 3756 4836 καὶ
3791 4783 4042 4852 λαμπρο-

2466 4883 2604 4954 τάτῃ
2637 4881 2932 4952 δορυφορίᾳ
2947 4880 3056 4931 τῶν
3073 4878 3340 4948 λειψάνων
3361 4874 3850 4945 προπεμπομένων
3874 4875 4042 4928 πολλὰ

2464 4975 2532 5028 δι’
2563 4974 2743 5026 αὐτῶν
2773 4972 2914 5025 κατὰ
2943 4972 3042 5042 τὴν
3076 4971 3313 5037 πάροδον
3353 4965 3740 5037 τερατουργὼ
3771 4967 3800 5018 ό
3839 4967 4040 5036 Κύριος

2465 5062 2815 5117 διεδείκνυτο·
2847 5061 2883 5115 ἃ
2912 5061 2975 5131 δὴ
3005 5060 3241 5128 καθεξῆς
3262 5058 3569 5128 διηγεῖσθαι
3606 5057 3830 5119 πάντως
3859 5057 3924 5110 οὐ
3951 5055 4039 5108 τοῦ

2465 5155 2734 5225 παρόντος
2766 5152 2980 5221 καιροῦ.
3027 5153 3180 5206 Ἐπεὶ
3223 5152 3280 5205 δι
3331 5149 3481 5212 τέλος
3528 5144 3642 5218 εῐχε
3689 5153 3794 5201 καὶ
3811 5149 3894 5202 τὰ
3937 5148 4038 5199 τῶν

2465 5247 2739 5317 λειψάνων
2767 5244 2935 5300 αὑτοῦ
2964 5261 3023 5298 τε
3051 5244 3144 5297 τοῦ
3179 5243 3372 5313 ἱερέως
3396 5243 3492 5295 καὶ
3535 5239 3755 5294 πάντων
3782 5239 3906 5309 ἃμα
3934 5240 4038 5293 τῶν

2466 5339 2846 5409 συνεπομένων
2889 5339 2986 5391 σὺν
3014 5338 3173 5406 ἡδονῇ
3219 5333 3354 5405 πρὸς
3379 5333 3471 5387 τὸν
3493 5334 3638 5386 ὅσιον
3671 5332 4030 5392 ἀνελθόντων,

2465 5433 2733 5494 τοσαύτας
2775 5430 2956 5484 αὐτῶν
3003 5432 3035 5500 η
3075 5430 3262 5507 ἡδίστη
3315 5427 3463 5498 ψυχὴ
3511 5426 3597 5480 διὰ
3649 5427 3762 5481 τῶν
3800 5427 4036 5495 χαρίτων

2464 5525 2691 5596 κατέχεε
2725 5525 2970 5594 χάριτας,
3004 5525 3099 5577 καὶ
3121 5521 3374 5575 τοσοῦτον
3403 5521 3466 5574 τὸ
3503 5517 3720 5589 ἀληθῶς
3756 5518 3882 5588 pm
3920 5519 4036 5580 ταις

2464 5615 2693 5671 ἑκείνων
2709 5614 2907 5686 ψυχαῖς
2926 5614 3282 5674 ὲναπέόλυσε.
3315 5612 3438 5682 περὶ
3462 5611 3840 5680 φιλοπτωχίας
3859 5610 4034 5669 αὐτοῖς

2465 5709 2558 5761 καὶ
2594 5707 2948 5777 φιλαδελφίας
2999 5708 3092 5760 καὶ
3148 5706 3373 5775 ἀγάπης
3417 5721 3478 5757 τε
3522 5703 3619 5756 καὶ
3650 5703 3893 5773 κρίσεως
3944 5703 4032 5753 καὶ

2465 5799 2873 5864 ἀνταποδόσεως
2893 5800 2992 5853 καὶ
3022 5799 3128 5852 τῶν
3159 5799 3331 5852 ἄλλων
3363 5796 3471 5850 τῶν
3505 5798 3766 5848 τοιούτων
3793 5793 4030 5857 διαλεξὶ-

793 5909 973 5959 μενος,
1009 5892 1102 5945 καὶ
1155 5890 1346 5954 πείσας
1379 5889 1520 5944 οὕτω
1561 5889 1816 5962 δακρύειν
1853 5889 1940 5960 ὑφ’
1991 5888 2178 5960 ἡδονῆς
2231 5891 2353 5947 ὅσον
2392 5891 2588 5948 ἐκείνοι
2633 5893 2781 5964 μόνοι
2846 5891 3204 5962 γινώσκουσιν
3251 5892 3298 5944 oi
3348 5891 3456 5947 τῶν
3504 5890 3757 5962 δακρύων
3826 5889 4029 5945 "iam

789 5983 849 6038 ιν
884 5983 1045 6052 πείρα
1069 5980 1449 6053 γεγενημένοι.
