4214 6444
231 394 369 461 Ῑο13

1285 402 1466 461 VITA
1498 402 1557 464 S.
1606 400 1965 462 DANIELIS
2004 400 2361 461 STYLITJS.

3370 385 3512 452 1014

301 514 426 570 ΛΗ.
465 516 541 568 οὐ
579 516 741 585 μόνον
785 515 841 570 δὲ
870 517 953 585 ἐφ’
984 512 1067 580 οἷς
1098 516 1258 581 αὐτὸς
1297 518 1472 577 ἐποίει
1520 519 1581 571 τὸ
1624 518 1808 589 περιὸν

1994 514 2213 570 XXXV.
2246 515 2365 569 Non
2393 514 2571 568 solum
2604 520 2786 567 autem
2839 510 2892 564 in
2932 511 2999 565 iis
3032 522 3153 577 qua:
3188 506 3302 576 ipse
3342 503 3499 560 faeie-

224 608 421 678 ἐδήλου
460 608 560 677 τῆς
595 608 824 677 ἀρετῆς,
872 609 1007 664 ἀλλὰ
1058 610 1152 664 καὶ
1205 610 1293 680 ἔφ’
1340 605 1425 675 οἷς
1476 611 1717 681 ῐπασχον
1766 616 1813 665 οί

223 700 482 763 κακίζειν
525 701 688 755 αὐτὸν
733 702 836 756 οὐκ
884 698 1271 773 ἐρυθριῶντας.
1306 703 1464 766 Two;
1511 704 1641 771 γοῦν
1679 722 1813 757 ποτε
1849 768 1853 770 Ἴ

222 794 338 845 τῶν
369 790 705 860 δγγιζόντων
758 794 909 865 αὐτῷ
960 794 1221 866 (ἐσφαλτο
1270 796 1327 849 δὲ
1374 789 1529 860 οὗτος
1582 798 1712 866 περὶ
1752 798 1813 850 τὸ

225 886 416 957 σέϐας)
455 888 874 957 λοιδορουμένου
930 888 1008 959 τῷ
1038 889 1173 959 ὁσίῳ
1222 888 1321 943 καλ⁵
1366 889 1477 943 τῶν
1524 890 1814 961 παρόντων

221 980 325 1033 καὶ
354 980 667 1034 ἀκουόντων
712 979 1101 1051 ἐπιτιμώντων
1132 980 1301 1051 αὐτῷ,
1338 982 1543 1036 ἔσωθεν
1583 982 1678 1035 τοῦ
1727 984 1814 1033 ἐν-

218 1071 461 1141 δῦματος
489 1072 654 1136 αὐτὸς
699 1072 798 1144 τὴν
828 1075 986 1144 χεῖρα
1021 1072 1203 1143 βαλὼν
1233 1075 1327 1128 καὶ
1374 1074 1527 1144 ἰχθὺν
1556 1074 1815 1143 ὠπτημέ-

220 1181 314 1217 νον
348 1164 657 1232 ἐξαγαγὼν,
678 1165 808 1228 Ἴδε,
835 1166 991 1235 φησί,
1022 1167 1212 1219 τοῦτον
1235 1168 1331 1220 καὶ
1357 1167 1549 1231 ἄλλους
1589 1167 1814 1232 πολλοὺς

221 1258 330 1327 πρὸ
348 1257 442 1311 τοῦ
474 1259 807 1312 καταλαϐεῖν
845 1260 991 1327 ὑμᾶς
1029 1260 1217 1330 ἢσθιεν
1241 1263 1269 1314 ὁ
1299 1262 1431 1331 παρ’
1450 1262 1579 1330 ὑμῖν
1600 1264 1815 1330 κριταῖς

217 1352 522 1421 ἐγκρατής.
556 1349 713 1416 Εῐπε,
744 1353 839 1406 καὶ
878 1353 1041 1417 εὐθὺς
1068 1355 1102 1424 ἡ
1127 1356 1250 1424 δίκη
1286 1355 1378 1409 τὸν
1407 1355 1577 1425 ἄνδρα
1600 1354 1811 1425 μετῄει.

230 1444 393 1497 Ἐπεὶ
419 1445 529 1514 γὰρ
578 1446 715 1515 μετὰ
755 1446 956 1517 μικρὸν
1004 1447 1169 1511 αὑτός
1197 1464 1257 1500 τε
1295 1446 1513 1515 ἀληθῶς
1551 1446 1814 1515 μετέλαϐε

215 1535 317 1588 τοῦ
372 1537 576 1605 ἰχθύος,
606 1541 703 1592 καὶ
736 1540 955 1603 γυναικὶ
989 1540 1084 1592 καὶ
1132 1539 1344 1602 τέκνοις
1393 1541 1592 1607 φαγεῖν
1620 1538 1810 1604 ἔδωκε,

218 1631 393 1699 μανία
444 1633 668 1693 τούτους
718 1631 1013 1699 λαμϐάνει,
1042 1632 1140 1685 καὶ
1192 1632 1561 1701 δαιμονῶντες
1615 1632 1816 1695 πάντες

217 1726 553 1778 ἐδείκνυντο.
592 1724 656 1777 Ol
711 1724 981 1794 παρόντες
1027 1726 1230 1787 τοίνυν,
1264 1724 1361 1795 τὴν
1401 1726 1583 1778 αἰτίαν
1625 1724 1813 1778 αἰσθό-

220 1838 378 1889 μενοι
407 1821 625 1889 καὶτῆς
692 1819 886 1889 διπλῆς
940 1820 1140 1888 μανίας
1191 1821 1383 1873 τοῦτον
1415 1820 1810 1892 οἰκτείραντες,
1846 1860 1886 1917 Β

215 1912 477 1974 λαϐόντες
527 1911 721 1979 ἀγουσι
776 1912 915 1980 πρὸς
963 1912 1055 1965 τὸν
1108 1912 1274 1966 ὅσιον.
1320 1913 1382 1965 Ὀ
1428 1912 1484 1964 δὲ
1524 1913 1599 1982 μὴ
1649 1913 1808 1982 μόνον

216 2006 396 2075 πρᾶος
428 2005 565 2074 πρὸς
626 2007 752 2065 τοὺς
811 2005 1232 2075 ἁμαρτάνοντας
1264 2005 1360 2067 ὢν,
1417 2005 1680 2059 ἀλλὰκαὶ
1708 2006 1807 2069 τὰς

217 2097 510 2167 συμφορὰς
555 2097 736 2149 αὐτῶν
782 2099 862 2160 είς
893 2097 1209 2150 τούναντίον
1256 2097 1579 2167 περιιστῶν,
1614 2096 1807 2168 ἐπειδὴ

212 2188 744 2257 ἔξομολογουμένους
792 2187 940 2258 ἑώρα
992 2189 1086 2240 καὶ
1139 2187 1454 2257 δεομένους,
1504 2188 1808 2256 εὐξάμενος

212 2282 318 2350 τῆς
345 2297 405 2333 τε
442 2280 639 2349 μανίας
672 2279 986 2349 ἀπήλλαττε
1022 2280 1114 2331 καὶ
1145 2278 1241 2331 τοῦ
1279 2279 1667 2349 χαλεπωτέρου
1692 2280 1807 2333 δαί-

215 2389 380 2441 μονος
412 2372 511 2440 τῆς
554 2371 882 2436 κενοδοξίας.
928 2370 991 2424 Οἳ
1039 2372 1133 2423 καὶ
1166 2371 1305 2438 μετά
1345 2370 1520 2423 ταῦτα
1551 2370 1807 2424 τοσοῦτον

210 2465 504 2518 ἀπώναντο
550 2463 652 2532 τῆς
685 2460 851 2517 αὐτοῦ
889 2461 1190 2531 θεραπείας
1232 2461 1309 2524 ὠς
1358 2462 1455 2514 καὶ
1503 2460 1599 2530 τὴν
1644 2464 1809 2529 εὐχα-

215 2559 435 2626 ριστίαν
466 2549 835 2625 ’ἀνάγραπτον
873 2552 1016 2607 εἶναι
1069 2552 1383 2624 βουλόμενοι
1430 2553 1661 2624 ἀργύρῳ
1713 2555 1806 2606 τὸν

210 2649 427 2701 ἐκείνου
459 2648 787 2718 χαρακτῆρα
831 2646 1110 2711 τυπῶσαι,
1144 2647 1240 2699 καὶ
1272 2647 1500 2711 ἑαυτοὺς
1531 2646 1638 2699 ὑπὸ
1680 2646 1807 2709 τοὺς

214 2740 387 2802 πόδας
412 2740 761 2809 παραθεῖναι,
784 2739 1001 2808 γράψαι
1027 2756 1088 2791 τε
1115 2736 1357 2808 τοῦνομα
1384 2740 1479 2793 καὶ
1513 2738 1612 2808 τὴν
1641 2738 1807 2808 εὐχα-

215 2833 433 2903 ριστίαν
452 2832 985 2902 προσπαραγράψαι.
1005 2830 1103 2884 καὶ
1120 2830 1271 2901 αὐτῷ
1290 2830 1368 2901 τῷ
1388 2830 1483 2884 τοῦ
1504 2833 1808 2902 ἀρχιστρα-

211 2926 389 2993 τήγου
418 2923 531 2993 ναῷ
561 2924 918 2993 παραθεῖναι.
938 2922 1189 2993 Τοσαύτη
1209 2923 1265 2976 δὲ
1285 2918 1355 2992 ἦν
1386 2923 1445 2976 ιν
1466 2926 1579 2986 τοῖς
1602 2922 1805 2993 χείλεσι

211 3016 297 3086 τῷ
333 3015 589 3086 μακαρίῳ
621 3015 818 3077 πειθὼ,
853 3016 946 3068 καὶ
985 3015 1159 3078 οὕτως
1186 3016 1214 3067 ό
1236 3015 1395 3083 λόγος
1418 3014 1569 3081 αὐτῷ
1602 3013 1804 3084 μικροῦ

213 3108 296 3177 τῷ
326 3106 429 3178 βίῳ
453 3107 649 3161 ταυτὸν
681 3107 916 3177 ⁴ἠδύνατο
951 3106 1137 3174 θέλξαι
1165 3106 1348 3178 ψυχὴν
1374 3107 1471 3160 καὶ⁵
1498 3109 1684 3159 πεῖσαι
1707 3105 1806 3176 τὴν

1923 610 2034 667 bat.
2059 607 2389 664 ostendebat
2415 604 2787 675 praestantiam
2805 618 2918 658 sua:
2946 601 3188 663 virtutis,
3215 598 3311 654 sed
3334 599 3504 653 etiam

1926 703 1977 755 in
2012 702 2076 755 iis
2106 718 2228 771 quae
2250 699 2659 772 patiebanturii
2685 700 2779 769 qui
2804 712 2914 752 non
2945 692 3350 751 erubescebant
3374 706 3501 747 eum

1921 792 2225 848 maledictis
2266 791 2505 861 insequi.
2532 791 2671 846 Cum
2729 790 2954 860 quidam
3010 796 3159 842 certe
3207 782 3506 855 aliquando

1924 886 2089 940 exiis
2128 885 2224 955 qui
2270 885 2336 940 ad
2388 900 2514 939 eum
2567 884 2906 939 accedibant
2956 882 3161 953 (fuerat
3189 894 3319 933 vero
3355 878 3400 932 is
3432 877 3498 932 la-

1920 994 2057 1047 psus
2095 979 2149 1032 in
2185 993 2315 1031 vera
2354 976 2647 1047 religione)
2684 985 2936 1031 sanctum
2990 971 3299 1027 maledictis
3326 969 3506 1024 inces-

1924 1081 2093 1129 seret.
2127 1078 2183 1124 et
2210 1068 2304 1139 qui
2361 1068 2593 1124 aderant
2651 1079 2708 1123 ct
2770 1066 3091 1126 audiebant,
3152 1078 3277 1119 eum
3320 1062 3507 1117 incre-

1921 1169 2134 1228 parent,
2176 1160 2291 1230 ipse
2327 1174 2456 1214 cum
2498 1172 2721 1212 manum
2786 1157 2927 1211 intra
2989 1152 3374 1208 indumentum
3420 1146 3507 1202 in-

1915 1254 2161 1323 iecisset,
2181 1260 2237 1308 et
2261 1253 2471 1323 piscem
2488 1258 2736 1308 assatum
2757 1248 3041 1303 eduxisset
3069 1264 3082 1299 ε
3109 1245 3275 1309 Ecce,
3302 1238 3502 1311 inquit.

1921 1347 2068 1401 hunc
2092 1354 2149 1401 et
2182 1345 2320 1400 alios
2355 1346 2561 1400 multos
2589 1342 2937 1404 comedebat,
2964 1340 3059 1409 qui
3087 1334 3502 1405 vestrojndicio

1920 1446 2005 1492 est
2054 1437 2361 1492 abstinens.
2421 1434 2616 1490 Statim
2678 1444 2859 1489 autem
2913 1430 3127 1505 justitia
3183 1428 3364 1482 virum
3417 1428 3502 1479 est

1920 1537 2231 1599 persecuta.
2295 1530 2591 1598 Postquam
2622 1528 2774 1581 enim
2825 1536 2879 1579 ct
2914 1525 3031 1593 ipse
3069 1522 3233 1591 paqu
3266 1526 3389 1589 post
3418 1532 3505 1570 rc-

1920 1636 2051 1675 vera
2080 1620 2147 1673 de
2173 1620 2323 1689 pisce
2356 1618 2623 1682 comedit,
2656 1618 2931 1686 uxorique
2952 1631 3079 1670 eum
3105 1611 3335 1669 deditet
3365 1608 3501 1664 lib:-

1920 1713 1997 1768 ris
2024 1710 2450 1775 comedendum,
2483 1725 2581 1766 eos
2634 1711 2845 1765 invadit
2880 1709 3057 1772 furor,
3088 1715 3145 1761 et
3190 1721 3219 1757 a
3252 1704 3502 1757 dmmone

1919 1806 2162 1877 possessi
2188 1807 2471 1875 conspecti
2500 1814 2632 1861 sunt
2660 1805 2729 1858 ab
2759 1802 3040 1857 omnibus.
3072 1798 3177 1865 Qui
3204 1813 3337 1866 ergo
3368 1794 3500 1849 ade-

1918 1908 2066 1963 rant,
2133 1912 2260 1953 cum
2294 1913 2517 1953 causam
2571 1897 2900 1958 sensissent,
2934 1892 3215 1961 duplicem
3250 1889 3500 1943 furorem

1912 1991 2184 2055 miserati,
2216 2006 2315 2046 eos
2336 1992 2617 2060 accipiunt
2644 1998 2699 2043 et
2729 1988 2945 2043 ducunt
2973 1984 3041 2038 ad
3096 1992 3374 2037 sanctum.
3407 1980 3501 2033 Ille

1910 2098 2045 2138 vero
2078 2098 2203 2137 cum
2241 2097 2347 2136 non
2378 2082 2556 2136 solum
2601 2088 2754 2136 esset
2790 2077 2940 2131 mitis
2992 2089 3119 2147 erga
3153 2082 3499 2143 peccatores,

1911 2175 2006 2230 sed
2038 2175 2204 2230 etiam
2238 2173 2579 2229 calamitates
2628 2179 2981 2227 converteret
3012 2167 3067 2220 in
3119 2162 3491 2224 contrarium,

1911 2275 2201 2335 postquam
2233 2265 2370 2320 vidit
2394 2263 2743 2326 confitentes,
2779 2267 3055 2331 precatus,
3091 2271 3187 2311 eos
3234 2253 3495 2309 liberavit

1910 2358 2183 2419 afurore,
2214 2367 2272 2411 et
2328 2374 2357 2411 a
2390 2356 2642 2426 graviore
2694 2355 2967 2417 daemone,
3021 2365 3219 2419 nempe
3274 2365 3303 2403 a
3353 2347 3507 2401 mala,

1910 2451 2196 2520 opinione.
2226 2450 2331 2516 Qui
2357 2450 2525 2505 etiam
2565 2458 2752 2518 postea
2781 2457 2994 2502 tantum
3052 2445 3299 2499 fructum
3331 2456 3496 2496 acce-

1912 2552 2113 2612 perunt
2163 2559 2228 2598 cx
2264 2543 2385 2613 ejus
2415 2542 2725 2605 curatione,
2758 2550 2817 2595 ut
2841 2541 3091 2596 volentes
3116 2552 3238 2593 esse
3287 2536 3495 2591 descri-

1910 2642 2059 2704 ptam
2106 2651 2259 2690 suam
2287 2636 2589 2705 gratiarum
2622 2636 2924 2698 actionem,
2959 2648 3027 2687 ex
3051 2640 3281 2701 argento
3344 2628 3499 2683 iliius

1912 2728 2140 2800 figuram
2196 2728 2533 2792 eﬂlnxerint,
2589 2734 2645 2782 et
2675 2726 2888 2796 seipsos
2936 2724 3042 2779 sub
3089 2724 3209 2793 ejus
3262 2721 3500 2791 pedibus

1911 2821 2301 2890 posuerint,et
2329 2834 2535 2875 nomen
2570 2818 2918 2889 scripserint,
2952 2827 3009 2872 et
3042 2816 3351 2886 gratiarum
3398 2827 3495 2867 ae-

1913 2916 2115 2968 tionem
2176 2915 2560 2984 ascripserint,
2606 2921 2664 2969 et
2721 2913 2930 2967 militiae
2968 2910 3231 2982 principis
3288 2907 3496 2977 templo

1910 3004 2316 3061 dedicaverint.
2348 3004 2406 3058 In
2435 3005 2580 3059 beati
2622 3013 2807 3058 autem
2841 3002 3087 3057 Danielis
3117 3001 3290 3055 labris
3342 3008 3495 3055 tanta

1909 3106 2028 3151 erat
2053 3097 2309 3153 salutaris
2332 3098 2639 3167 persuasio,
2666 3106 2722 3152 et
2746 3098 2873 3167 ejus
2888 3094 3068 3151 oratio
3092 3093 3493 3165 propemodum

216 3199 414 3269 στενὴν
454 3198 667 3251 ἑλέσθαι
696 3198 848 3263 ὁδὸν,
900 3197 1043 3252 ὥστε
1074 3199 1135 3251 οὗ
1171 3199 1335 3267 μόνον
1381 3198 1511 3261 τοὺς
1542 3198 1631 3251 ἐπ’
1675 3199 1807 3250 αὐτὸ

1911 3204 2062 3258 teque
2097 3204 2160 3243 ac
2208 3190 2336 3253 vita,
2365 3198 2582 3259 poterat
2620 3188 2857 3243 delinire
2887 3188 3159 3255 animum,
3184 3196 3240 3241 et
3268 3200 3499 3256 persua-

211 3292 378 3345 τοῦτο
400 3293 535 3362 πρὸς
566 3291 731 3346 αὐτὸν
763 3292 1009 3355 ἀνιόντας
1032 3292 1063 3362 ἢ
1090 3293 1183 3345 καὶ
1213 3291 1388 3355 ἄλλως
1414 3294 1681 3355 ἐπιεικεῖς
1710 3293 1804 3345 καὶ

212 3385 463 3456 ἡμέρους
500 3385 760 3455 δικρύειν
794 3385 888 3438 καὶ
921 3383 1275 3455 περιέχεσθαι
1303 3385 1494 3437 τούτου
1526 3386 1806 3456 δρωτικῶς

215 3477 460 3539 ἔπειθεν,
506 3477 641 3530 ἀλλὰ
674 3478 770 3530 καὶ
809 3476 1008 3540 αὐτοὺς
1040 3478 1168 3539 τοὺς
1198 3478 1427 3547 ἰταμοὺς
1457 3477 1552 3531 καὶ
1583 3477 1806 3546 ἀγρίους

213 3569 286 3623 τὰ
315 3570 476 3640 ὅμοια
505 3570 747 3624 διετίθει.
772 3572 881 3624 Καὶ
910 3556 1324 3640 δεῖγμασαφές.

292 3838 431 3902 AG'.
473 3834 732 3903 Ἔδρανός
759 3850 846 3897 τις
877 3833 974 3901 τὴν
1011 3831 1221 3903 κλῆσιν,
1265 3833 1325 3885 τὸ
1354 3832 1512 3899 vivo;
1542 3834 1605 3885 ὲκ
1634 3832 1805 3886 Γαλα-

214 3930 345 3987 τεῦν,
368 3928 543 3990 ἄλλως
564 3927 815 3996 ἀνδρικὸς
844 3928 939 3979 καὶ
961 3928 1100 3979 κατά
1131 3928 1291 3995 χεῖρα
1312 3928 1582 3993 γενναῖος,
1609 3926 1803 3993 αἵμασι

214 4022 314 4071 καὶ
359 4018 615 4087 πολέμοις
647 4016 1109 4086 ἐντεθραμμένος,
1143 4016 1238 4068 καὶ
1263 4017 1451 4084 μέντοι
1484 4018 1576 4069 καὶ
1604 4015 1803 4078 πολλάς

212 4112 497 4183 ἀριστείας
535 4112 1003 4178 ἀπενεγκάμενος,
1056 4108 1197 4177 ἔχων
1247 4109 1304 4160 δὲ
1358 4111 1451 4161 καὶ
1498 4109 1589 4176 ὑφ’
1640 4108 1804 4161 αὑτὸν

216 4206 448 4272 συχνοὺς
478 4203 571 4255 καὶ
617 4201 828 4262 πάντας
869 4200 1104 4266 ἀγαθοὺς
1146 4202 1214 4252 τὰ
1255 4199 1508 4269 πολέμια,
1544 4199 1730 4252 τοῦτον
1770 4200 1801 4268 ἠ

214 4298 375 4364 φήμη
412 4295 654 4361 φέρουσα
708 4293 803 4346 καὶ
855 4295 974 4354 ταῖς
1024 4291 1289 4360 βασιλέως
1340 4292 1557 4344 δίδωσιν
1589 4292 1799 4352 ἀκοαῖς.

226 4387 287 4439 't)
314 4387 369 4438 δὲ
408 4387 568 4447 εὐθὺς
602 4386 809 4436 ἐκεῖνον
843 4383 935 4435 καὶ
964 4382 1095 4443 τοὺς
1132 4381 1226 4432 ὑπ’
1271 4384 1475 4433 ἐκεῖνον
1513 4398 1800 4450 μεταπεμ-

211 4480 461 4548 ψάμενος
498 4478 723 4538 τούτους
756 4474 856 4543 μὲν
886 4473 1073 4535 ἄλλαις
1108 4474 1359 4545 δωρεῖται
1390 4476 1599 4543 τιμαῖς,
1638 4473 1715 4543 τῷ
1744 4472 1801 4523 δὲ

211 4573 318 4638 τὴν
348 4569 668 4637 ἐπιμέλειαν
692 4565 799 4618 τῶν
827 4564 991 4619 αὐτοῦ
1026 4565 1212 4618 ἵππων
1237 4563 1555 4635 ἐγχειρίζει,
1584 4566 1802 4633 κόμητα

210 4658 407 4711 τοῦτον
438 4659 626 4710 καλεῖν
660 4657 913 4721 σύνηθες,
962 4656 1037 4719 ὡς
1084 4659 1177 4709 καὶ
1220 4657 1479 4723 ἀνωτέρω
1538 4656 1750 4725 φθάσας
1777 4658 1803 4708 ό

210 4751 373 4816 λόγος
421 4748 683 4817 ἐδήλωσε.
732 4747 947 4799 Στέλλει
1003 4749 1057 4800 δὲ
1113 4749 1207 4801 καὶ
1258 4748 1441 4812 αὑτὸν,
1480 4748 1555 4808 ὼς
1601 4747 1802 4811 εἰώθει,

214 4845 350 4896 ἰδεῖν
372 4860 429 4895 τε
458 4843 549 4895 τὸν
584 4843 756 4911 μέγαν
786 4843 880 4895 καὶ
916 4842 1166 4911 εὐλογίας
1199 4844 1411 4896 ἐκείνου
1450 4844 1798 4913 μεταλαϐεῖν.

222 4936 288 4987 '0
329 4935 385 4987 δὲ
418 4935 554 5003 πρὸς
584 4935 748 4987 αὑτὸν
784 4935 1060 4997 ἀπελθὼν,
1098 4937 1191 4988 καὶ
1241 4937 1332 4989 τόν
1370 4954 1428 4988 τε
1485 4938 1598 5006 βίον
1636 4955 1803 4990 κατα-

213 5025 409 5097 μαθὼν
432 5028 525 5079 καὶ
558 5029 675 5087 τοῖς
705 5026 886 5093 λόγοις
922 5026 989 5079 τὰ
1016 5027 1183 5090 ὅντως
1217 5026 1472 5097 ὠφέλιμα
1510 5029 1802 5099 διδαχθεὶς,

211 5120 312 5171 καὶ
346 5119 636 5172 ἀλλοίωσιν
672 5114 784 5172 οἷόν
832 5137 954 5172 τινα
1009 5118 1163 5171 θείαν
1200 5120 1539 5186 ἀλλοιωθεὶς,
1581 5122 1674 5173 καὶ
1721 5122 1801 5185 είς

212 5211 494 5279 πρόϐατον
526 5212 591 5263 ὲκ
622 5212 787 5264 λύκου
824 5211 1208 5281 μεταϐληθεὶς,
1237 5208 1548 5283 στρατείαις
1575 5214 1671 5282 μὲν
1706 5214 1799 5266 καὶ

212 5302 477 5371 πολέμοις
510 5302 698 5371 μακρὰ
730 5302 943 5372 χαίρειν
975 5297 1097 5355 εῐπε
1142 5305 1236 5355 καὶ
1267 5305 1388 5367 ταῖς
1424 5304 1486 5356 ἐκ
1537 5304 1801 5373 βασιλέως

209 5394 423 5462 τιμαῖς,
460 5396 555 5445 καὶ
585 5397 613 5447 ό
644 5393 749 5464 πρὸ
782 5392 874 5446 τοῦ
916 5395 1104 5462 χρόνον
1148 5394 1367 5448 ἅπαντα
1422 5397 1556 5463 πρὸς
1589 5397 1801 5465 αἵματα

211 5488 312 5539 καὶ
346 5488 560 5554 σφαγὰς
600 5487 1129 5558 ἐγγεγυμνασμένος,
1153 5488 1269 5559 (καὶ
1300 5488 1352 5539 τί
1384 5490 1491 5559 γὰρ
1519 5489 1646 5542 ἀλλο
1681 5489 1799 5542 ἐστὶ

213 5584 579 5649 στρατιώτης.
604 5583 700 5635 καὶ
730 5582 901 5635 ταῦτα
951 5582 1283 5651 βάρϐαρος;)
1318 5583 1602 5651 φιλόσοφος
1642 5579 1796 5647 οὗτος

213 5675 380 5734 εὐθὺς
413 5676 505 5727 καὶ
539 5674 772 5744 Χριστοῦ
802 5675 897 5727 τοῦ
929 5676 1100 5743 πράου
1133 5675 1381 5744 μαθητὴς
1404 5671 1797 5747 ἧν,κείρασο;ιί

213 5789 274 5821 τε
316 5771 412 5839 τὴν
460 5770 633 5839 κόμην
677 5770 771 5824 καὶ
802 5771 1135 5839 συνταγῆναι
1170 5773 1283 5833 τοῖς
1319 5770 1484 5822 αὐτοῦ
1519 5776 1799 5840 φοιτηταῖς

214 5864 409 5917 ἐδεῖτο.
459 5853 608 5918 Ἰἰπεῖ
634 5864 687 5919 δὲ
720 5866 812 5919 καὶ
846 5864 937 5917 τὸν
974 5862 1143 5935 μέγαν
1171 5862 1311 5933 {dira
1340 5866 1455 5928 ταῖς
1486 5864 1647 5917 αὑτοῦ
1684 5864 1799 5935 δεή-

1910 3281 2064 3344 dere,
2091 3291 2150 3335 ut
2179 3281 2323 3335 viam
2375 3292 2664 3352 angustam
2704 3282 2993 3352 eligerent,
3034 3289 3091 3335 ut
3144 3295 3253 3332 non
3301 3278 3481 3332 solum

1910 3390 2008 3428 eos
2033 3373 2127 3443 qui
2164 3373 2232 3427 ad
2267 3373 2372 3428 hoc
2427 3375 2605 3443 ipsum
2650 3374 2716 3427 ad
2772 3389 2898 3427 cum
2958 3372 3353 3435 ascendebant,
3401 3380 3500 3424 ant

1911 3473 2074 3518 erant
2090 3464 2297 3533 alioqui
2332 3465 2493 3517 mites
2525 3476 2579 3519 et
2607 3464 2904 3528 mansueti,
2936 3463 3069 3517 ﬂere
3087 3462 3278 3532 etlejus
3297 3470 3507 3531 magno.

1911 3570 2101 3609 amore
2138 3557 2257 3625 eapi
2308 3556 2691 3625 persuaderet,
2725 3556 2820 3611 sed
2858 3571 2955 3611 eos
2990 3556 3140 3621 ipsos
3196 3553 3288 3622 qui
3337 3561 3499 3607 erant

1910 3648 2075 3700 etiam
2117 3648 2469 3717 impudentes
2526 3660 2581 3702 et
2624 3661 2891 3719 agrestes,
2942 3644 3490 3702 similitcrefﬁceret.

1910 3741 2084 3805 liuius
2120 3750 2301 3795 autem
2339 3744 2415 3795 rei
2438 3753 2691 3811 apertum
2727 3752 2814 3796 est
2840 3742 3133 3796 indicium.

1984 3832 2221 3886 XXXVI.
2254 3834 2486 3899 Quidam
2524 3834 2751 3889 nomine
2774 3835 3051 3899 Edranns,
3084 3831 3492 3903 genereGalata

1911 3925 2071 3978 fortis
2106 3925 2313 3993 alioqui
2350 3936 2405 3979 ct
2442 3942 2605 3979 manu
2659 3940 2948 3990 strenuus,
3009 3926 3063 3979 in
3123 3924 3392 3993 sanguine
3436 3934 3495 3977 et

1911 4018 2072 4083 bellis
2102 4019 2398 4081 educatus.
2453 4018 2546 4088 qui
2579 4020 2745 4073 etiam
2782 4021 2836 4073 in
2887 4018 3075 4073 multis
3102 4018 3239 4072 locis
3264 4032 3322 4071 se
3349 4031 3493 4086 prae-

1910 4110 2217 4163 clarissime
2266 4122 2535 4179 gesserat,
2573 4120 2629 4164 et
2693 4126 2797 4165 suo
2836 4110 3069 4180 imperio
3100 4119 3361 4178 parentes
3389 4109 3492 4162 ba-

1910 4201 2076 4254 behat
2114 4202 2337 4265 multos,
2398 4214 2454 4256 et
2482 4218 2579 4256 eos
2631 4218 2826 4257 omnes
2856 4205 2911 4257 in
2955 4202 3103 4257 bello
3131 4201 3325 4256 fortes.
3356 4201 3492 4271 Ejus

1910 4295 2049 4347 fama
2114 4296 2365 4363 pervenit
2418 4311 2591 4365 usque
2653 4296 2718 4350 ad
2777 4311 2941 4351 aures
3000 4294 3376 4365 imperatoris.
3437 4293 3491 4349 Is

1910 4394 2092 4439 autem
2127 4401 2252 4440 cum
2308 4386 2486 4449 illum,
2542 4398 2597 4441 et
2635 4402 2733 4441 eos
2781 4387 2877 4455 qui
2908 4387 3031 4456 ejus
3082 4386 3354 4456 parebant
3382 4383 3491 4439 im-

1914 4478 2090 4547 perio,
2120 4479 2530 4541 accersivisset,
2562 4494 2660 4533 eos
2692 4478 2917 4547 quidem
2953 4478 3078 4533 aliis
3110 4477 3279 4533 allicit
3306 4478 3489 4531 honou-

1914 4572 2087 4635 ribus,
2144 4571 2220 4624 illi
2263 4585 2397 4625 vero
2427 4572 2595 4625 tradit
2648 4586 2841 4625 curam
2875 4586 3105 4625 suorum
3166 4584 3484 4641 equorum;

1914 4666 2053 4717 solet
2102 4664 2148 4718 is
2204 4664 2391 4718 vocari
2454 4678 2661 4728 comes,
2702 4665 2848 4718 sicut
2904 4664 3163 4731 superius
3222 4663 3487 4717 diximus.

1911 4753 2085 4807 Porro
2114 4764 2298 4809 autem
2337 4756 2514 4823 ipsum
2568 4770 2790 4825 quoque
2813 4756 3005 4819 mittit,
3044 4764 3105 4809 ut
3150 4755 3387 4819 solebat,
3418 4756 3487 4811 ad

1910 4861 2167 4914 magnum
2196 4847 2496 4901 videndum
2528 4846 2831 4910 Danielem,
2860 4855 2917 4902 et
2956 4848 3339 4917 accipiendam
3369 4848 3494 4917 ejus

1858 4984 1870 5012 γ’
1909 4938 2380 4992 benedictionem.
2411 4939 2551 4992 Cum
2575 4954 2704 4993 vero
2729 4939 2796 4993 ad
2830 4954 2959 4994 eum
2991 4940 3254 5005 venisset,
3285 4948 3342 4994 et
3369 4941 3491 5011 ejus

1908 5031 2074 5082 vitam
2113 5030 2419 5093 didicisset,
2449 5040 2505 5086 et
2536 5031 2889 5085 sermonibus
2918 5045 2983 5108 ea
3017 5046 3141 5101 qna:
3176 5046 3305 5086 vere
3329 5043 3491 5086 erant

1910 5120 2091 5184 utilia,
2134 5121 2334 5176 doctus
2387 5132 2555 5185 esset,
2611 5131 2665 5177 et
2722 5122 2913 5177 divina
2967 5123 3206 5193 quadam
3242 5132 3488 5191 mutatus

1907 5221 2053 5265 esset
2107 5212 2435 5286 mutatione,
2462 5221 2521 5266 et
2551 5227 2617 5266 ex
2651 5214 2784 5282 lupo
2810 5214 2863 5266 in
2893 5228 3051 5269 ovem
3084 5223 3233 5269 esset
3256 5229 3490 5269 conver-

1908 5320 2023 5367 sus,
2055 5305 2286 5360 militias
2302 5305 2524 5373 quidem
2545 5313 2601 5359 et
2624 5306 2762 5359 bella
2783 5314 2839 5360 et
2868 5305 3108 5360 honores
3134 5306 3488 5375 imperatoris

1908 5399 2144 5451 multum
2181 5398 2365 5453 valere
2389 5398 2576 5465 jussit,
2600 5406 2656 5451 et
2692 5398 2787 5467 qui
2820 5407 2935 5453 toto
2973 5406 3100 5452 ante
3138 5406 3389 5467 tempore
3414 5398 3484 5454 ad

1905 5491 2226 5560 sanguinem
2290 5501 2345 5545 ct
2379 5492 2579 5545 caedem
2634 5502 2752 5546 erat
2784 5492 3121 5546 exercitatus
3153 5491 3305 5562 (quid
3336 5505 3403 5545 en
3433 5504 3485 5543 m

1902 5585 2051 5638 aliud
2120 5594 2201 5639 est
2262 5586 2437 5651 miles,
2499 5584 2665 5654 idque
2729 5585 3100 5653 barbarus?),
3144 5584 3188 5638 is
3260 5591 3487 5653 repente

1905 5677 2293 5747 philosophus,
2346 5687 2401 5732 et
2444 5679 2594 5732 mitis
2626 5678 2834 5731 Christi
2877 5689 2997 5731 erat
3039 5676 3390 5745 discipulus:
3430 5684 3487 5729 et

1910 5772 2153 5841 rogabat,
2183 5782 2243 5825 ut
2277 5772 2578 5826 referretur
2610 5773 2664 5825 in
2704 5788 2996 5826 numerum
3030 5773 3151 5841 ejus
3174 5770 3482 5838 discipulo-

1907 5879 2051 5917 rum.
2106 5865 2397 5932 l‘nstquam
2456 5876 2636 5920 autem
2682 5864 2829 5919 videt
2892 5880 3145 5933 magnum
3204 5863 3483 5917 Danielent
