4214 6444
756 406 892 469 10ίῦ

1866 393 2330 454 ΔΒΟΕΝΙ)Α.-·
2367 393 2792 454 DECEMBEB.

3868 377 4007 439 1016

755 512 876 566 suis
900 509 1156 579 precibus
1199 521 1465 568 annuere,
1496 504 1646 558 illius
1680 503 1986 572 discipulus
2019 501 2077 555 Iit
2122 500 2316 554 doctor
2349 506 2388 559 Α

2349 506 2388 559 Α
2427 517 2576 553 σεσιν
2601 504 2826 571 ἥκοντα.
2881 503 2909 554 ὁ
2939 500 3186 569 μαθητὴς
3214 498 3424 552 ἐκείνου
3468 493 3676 548 πολλῶν
3723 492 3904 545 ἄλλων
3931 490 4006 540 δι-

758 604 1056 657 multorum
1096 598 1329 654 aliorum
1360 601 1372 651 !
1405 607 1462 653 et
1492 612 1615 651 cum
1643 611 1854 657 omnes,
1881 595 1976 663 qui
2009 604 2168 649 erant
2199 608 2321 647 cum

760 697 901 764 ipso,
934 692 1260 747 advocasset
1288 690 1587 744 familiares
1613 699 1670 742 ct
1701 697 1884 752 notos,
1917 685 2083 754 etqui
2117 684 2322 753 alioqui

760 787 828 841 ad
853 801 981 839 eum
1022 785 1355 848 attinebant,
1415 782 1612 837 suadet
1669 781 1799 842 illis,
1855 787 1914 832 ut
1940 777 2156 841 eadem,
2217 792 2324 845 qua

760 879 878 949 Ipse
910 919 926 940 .
949 879 1036 933 via
1071 877 1522 948 ingrederentur.
1551 870 2022 928 Adhortatiovero
2047 868 2152 921 fuit
2175 869 2324 936 ejus-

761 969 936 1036 modi,
967 984 1090 1038 qute
1142 976 1332 1038 posset
1365 967 1452 1020 vel
1487 980 1610 1019 cum
1647 965 1833 1033 lingua
1890 970 2105 1015 certare
2139 967 2324 1013 orato-

766 1077 914 1123 rum.
944 1071 999 1115 et
1028 1059 1174 1115 ferre
1208 1059 1517 1114 victoriam.
1551 1057 1684 1128 Ejus
1725 1070 1827 1126 ego
1858 1051 2137 1108 memoria:
2172 1064 2326 1105 man-

763 1152 927 1214 dabo,
990 1167 1114 1221 qua:
1144 1161 1273 1206 sunt
1299 1149 1727 1222 jucundissima,
1760 1158 1818 1206 et
1851 1146 1967 1202 scio
1996 1144 2134 1210 fore,
2165 1152 2226 1198 ut
2258 1155 2322 1197 ea

761 1259 981 1314 quoque
1008 1245 1164 1298 vobis
1191 1243 1462 1313 placeam.

837 1337 1100 1390 XXXVII.
1134 1337 1267 1405 Ego,
1322 1337 1527 1406 inquit,
1564 1335 1730 1390 statui
1766 1334 2030 1403 deinceps
2061 1331 2194 1401 Regi
2222 1331 2326 1385 mi-

760 1427 920 1482 litare
957 1431 1195 1483 cmlesti.
1229 1429 1355 1482 Mihi
1408 1428 1554 1481 enim
1589 1427 1837 1497 persuasi
1889 1426 2028 1480 nihil
2074 1423 2324 1494 profutu-

765 1536 886 1572 rum
949 1520 1187 1584 homini,
1242 1520 1287 1572 si
1348 1528 1524 1573 totum
1558 1519 1826 1572 mundum
1885 1515 2212 1579 lucrifaciat,
2269 1525 2326 1570 et

764 1612 1020 1663 damnum
1054 1626 1166 1664 sua:
1200 1611 1397 1664 animm
1429 1613 1687 1679 patiatur.
1726 1606 2012 1673 Quodnam
2041 1615 2220 1661 autem
2256 1605 2324 1658 ad

763 1717 864 1754 nos
894 1717 958 1755 ex
989 1703 1134 1756 bello
1163 1703 1375 1756 lucrum
1405 1702 1568 1766 redit,
1594 1701 1700 1755 nisi
1729 1702 1958 1753 omnino
1985 1699 2171 1768 gladii,
2218 1713 2324 1752 ca:-

762 1793 880 1856 des,
950 1795 1174 1860 sanguis
1227 1804 1280 1846 et
1336 1793 1587 1862 strages?
1635 1792 1891 1857 Quaenam
1947 1805 2080 1844 vero
2130 1789 2183 1843 in
2241 1789 2326 1842 his

2422 596 2689 657 δάσκαλος
2707 595 2936 663 γίνεται.
2957 594 3052 646 καὶ
3081 599 3208 652 τοὺς
3239 593 3336 645 σὺν
3357 589 3505 657 αὑτῷ
3529 589 3731 644 πόντιε
3757 598 3982 654 προην-

2424 687 2724 755 λεσάμενος
2751 686 2988 747 οἰκείους
3008 701 3066 738 τε
3089 686 3184 737 καὶ
3209 683 3486 751 γνωστοὺς
3511 681 3604 734 καὶ
3628 676 3809 737 ἄλλως
3833 689 4005 741 προσ·

2423 781 2658 850 ἠκοντας
2676 780 2930 846 παραινεῖ
2949 776 3238 839 κάκείνους
3252 776 3350 846 τὴν
3370 775 3542 842 αὐτὴν
3560 770 3782 824 ὁδεῦσαι
3798 768 4004 835 τούτῳ.

2434 875 2501 928 ’11
2540 874 2594 926 δὲ
2619 872 2944 943 παραίνεσις
2971 871 3057 924 οἶα
3101 873 3195 922 καὶ
3251 867 3388 937 πρὸς
3439 865 3690 936 ρητόρων
3737 861 4003 927 γλῶσσαν

2425 965 2816 1037 ἁμιλληθῆναι,
2845 967 2940 1019 καὶ
2963 963 3065 1034 τὴν
3086 961 3322 1015 νικῶσαν
3337 959 3527 1012 λαϐεῖν
3547 974 3563 987 ο
3593 950 3662 1028 ἧς
3689 955 3788 1006 καὶ
3806 951 4008 1022 ἥδιστα

2424 1057 2908 1128 διαμνημονεύσω,
2940 1054 3036 1110 καὶ
3085 1053 3230 1124 oud;
3257 1046 3355 1105 οἷδ’
3381 1050 3466 1104 δτι
3509 1046 3631 1120 μετ’
3668 1045 3853 1113 ὀλίγον
3899 1040 4008 1107 ἔξω

2430 1150 2853 1222 συνηδομένους.

2496 1329 2619 1385 AZ'.
2657 1329 2819 1396 Ἐγὼ.
2854 1327 3012 1396 φησὶ,
3052 1325 3147 1379 τοῦ
3171 1322 3360 1377 λοιποῦ
3387 1320 3464 1392 τῷ
3488 1317 3798 1389 ιπουρανίῳ
3829 1315 4012 1382 [me

2430 1421 2827 1492 στρατεύεσθαι
2863 1419 3090 1489 βασιλεῖ’
3122 1417 3363 1470 πέπεικα
3390 1415 3498 1484 γάρ
3522 1410 3759 1481 ἐμαυτὸν
3787 1409 3870 1461 ὃτι
3902 1423 4013 1474 μη-

2425 1516 2514 1569 δὲν
2555 1515 2828 1584 ὠφελήσει
2864 1512 3174 1582 ἄνθρωπον,
3217 1510 3311 1561 ὲάν
3343 1507 3464 1560 ὅλον
3499 1506 3590 1558 τδν
3628 1503 3838 1564 κόσμον
3872 1514 4012 1564 κερ-

2424 1611 2586 1680 δήσῃ,
2625 1609 2717 1660 καὶ
2745 1605 2995 1675 ζημιωθῇ
3035 1605 3131 1672 τὴν
3159 1602 3342 1671 ψυχὴν
3378 1597 3567 1653 αὐτοῦ.
3600 1595 3664 1648 Τί
3717 1594 3774 1647 δὲ
3825 1594 3921 1644 καὶ
3953 1590 4013 1640 τὸ

2429 1701 2520 1754 τοῦ
2561 1699 2804 1767 πολέμου
2839 1696 3032 1765 κέρδος
3066 1695 3196 1763 ἡμῖν
3231 1691 3264 1760 ἢ
3298 1692 3515 1750 πάντως
3550 1685 3675 1755 ξίφη
3716 1683 3812 1736 καὶ
3851 1681 4012 1749 φόνει

2428 1790 2525 1844 καὶ
2573 1789 2786 1858 αἵματα
2823 1785 2914 1840 καὶ
2972 1783 3224 1852 σφαγαί;
3264 1780 3398 1834 Ποία
3444 1779 3501 1831 δὲ
3549 1778 3639 1831 καὶ
3688 1775 3907 1835 τούτοις
3947 1772 4011 1822 οὗ

765 1900 875 1937 non
933 1885 1078 1938 inest
1132 1885 1432 1949 calamitas,
1491 1893 1548 1939 et
1604 1891 1871 1954 praeterea
1930 1883 2323 1936 detrimentum
2358 1885 2429 1936 BI

2358 1885 2394 1936 Β
2427 1883 2688 1951 πρόσεστι
2713 1879 2969 1950 συμφορά
2994 1879 3090 1930 καὶ
3124 1877 3348 1947 προσέτι
3381 1872 3553 1942 βλάϐη
3578 1869 3776 1939 ψυχῆς,
3830 1867 3891 1917 έν
3926 1858 4013 1923 οἷς

765 1977 1004 2028 animat?
1038 1975 1096 2028 In
1140 1977 1365 2045 quibus,
1418 1985 1474 2031 et
1508 1976 1601 2044 qui
1636 1976 1857 2037 cecidit,
1909 1975 2054 2045 justc
2099 1973 2322 2028 cecidit.

764 2067 904 2132 Quid
929 2069 1074 2121 enim
1104 2068 1307 2122 bellum
1327 2068 1692 2138 gerebatcum
1720 2068 1786 2121 iis
1808 2067 1899 2135 qui
1926 2075 2053 2121 sunt
2076 2065 2321 2135 ejusdem

765 2159 1028 2224 generis?
1059 2169 1113 2213 et
1140 2161 1230 2229 qui
1264 2161 1542 2220 interﬁcit.
1579 2172 1663 2214 est
1687 2161 1910 2212 omnino
1947 2157 2219 2228 parricida
2268 2166 2324 2211 et

762 2251 1157 2306 exsecrandus.
1185 2249 1296 2305 Cur
1330 2253 1475 2305 enim
1500 2262 1725 2321 propter
1761 2250 2050 2322 pecuniam
2079 2260 2175 2302 aut
2205 2253 2323 2302 ina-

765 2358 887 2396 nem
917 2343 1143 2411 gloriam
1183 2352 1392 2396 tantum
1424 2344 1636 2397 facinus
1668 2358 1831 2397 ausus
1862 2350 1948 2397 est
2001 2339 2323 2409 suscipere?

763 2434 866 2487 Sed
902 2435 1089 2488 leones
1121 2434 1366 2502 quidem.
1403 2449 1434 2487 ο
1464 2435 1736 2498 homines,
1774 2444 1830 2488 et
1882 2433 2059 2503 pardi,
2089 2442 2145 2486 et
2185 2433 2319 2501 lupi,

761 2538 815 2578 ct
841 2526 885 2578 si
919 2528 1048 2595 quid
1081 2536 1165 2580 est
1221 2528 1306 2579 his
1339 2528 1635 2595 agrestius,
1699 2541 1974 2594 nunquam
2030 2540 2321 2579 commune

766 2620 911 2670 inter
951 2634 1007 2670 se
1041 2619 1242 2672 bellum
1295 2628 1511 2685 gerunt.
1547 2618 1713 2670 Nobis
1745 2630 1924 2670 autem
1980 2616 2180 2685 quibus
2225 2630 2322 2668 na-

767 2721 885 2761 tura
937 2709 1096 2764 adust
1161 2712 1546 2770 mansuetudo.
1577 2720 1631 2762 et
1683 2710 1860 2762 oratio
1893 2723 2013 2778 quae
2064 2707 2322 2776 Opprimit

763 2798 1059 2862 feritatem,
1116 2817 1235 2869 quae
1288 2809 1597 2869 estpraeter
1652 2797 2100 2866 naturamzquin
2156 2797 2320 2850 etiam

765 2903 946 2946 movet
998 2894 1457 2952 misericordiam.
1535 2902 1590 2946 et
1643 2908 1987 2946 communem
2065 2900 2320 2944 naturam

765 2995 984 3038 revocat
1018 2986 1069 3039 in
1103 2987 1442 3047 memoriam,
1484 2994 1611 3038 ante
1650 2984 1832 3038 omnia
1894 2997 2044 3045 vero,
2096 2981 2318 3050 quibus,

766 3086 823 3129 ut
861 3092 1035 3144 neque
1070 3077 1327 3146 injuriam
1359 3077 1644 3140 faciamus,
1681 3091 1856 3144 neque
1880 3073 2322 3128 contradicamus

765 3170 1010 3230 munino,
1037 3168 1080 3220 si
1113 3170 1270 3223 nobis
1301 3169 1394 3221 ﬁat
1447 3168 1668 3238 injuria,
1722 3178 1805 3220 est
1856 3168 2150 3219 maximum
2189 3182 2324 3234 pra:—

2429 1978 2456 2028 ὅ
2487 1993 2543 2028 τε
2578 1973 2760 2028 πεσὼν
2786 1973 3010 2033 δικαίως
3032 1974 3292 2024 πέπτωκε
3323 1984 3337 2032 ;
3381 1966 3445 2017 Τί
3467 1965 3572 2031 γὰρ
3602 1960 3863 2024 ἐπολέμει
3909 1955 4014 2007 καὶ

2426 2071 2541 2133 τοῖς
2564 2067 2880 2137 ὁμογενέσιν
2903 2082 2917 2130 ;
2949 2065 2976 2116 ὃ
3004 2080 3062 2115 τε
3105 2063 3210 2131 μὴν
3236 2057 3478 2126 ἀναιρῶν
3513 2053 3843 2121 ἀνδροφόνος
3867 2050 4011 2102 πάν-

2428 2178 2534 2220 τως
2560 2161 2654 2212 καὶ
2677 2149 2910 2226 έναγή;³;
2937 2156 3002 2208 Τί
3028 2154 3136 2222 γάρ
3159 2155 3252 2205 καὶ
3280 2152 3576 2221 χρημάτων
3599 2146 3632 2214 ἦ
3655 2144 3820 2212 δόξης
3844 2141 4010 2226 χάριν

2430 2251 2587 2318 κενῆς
2639 2250 2698 2302 τὸ
2751 2221 3007 2302 τοσοῦτον
3044 2221 3283 2313 ἐτδλμα;
3329 2240 3493 2293 Ἀλλά
3539 2237 3755 2295 λέοντες
3806 2231 3930 2300 μὲν,
3963 2221 4010 2280 ὦ

2428 2344 2726 2414 ἄνθρωποι.
2751 2341 2844 2394 καὶ
2880 2337 3174 2408 παρδάλεις
3198 2335 3290 2387 καὶ
3325 2333 3480 2384 λύκοι
3513 2331 3608 2382 καὶ
3630 2329 3684 2380 ετ
3709 2345 3760 2378 τι
3794 2324 4008 2378 τούτων

2428 2437 2575 2489 ἐστὶν
2615 2433 2969 2503 ἀγριώτερον,
3005 2429 3202 2482 οὓποτε
3248 2425 3435 2494 κοινὴν
3484 2421 3674 2474 ίστῶσι
3729 2417 3881 2487 προς,
3909 2417 4009 2468 ἀλ·

2430 2530 2623 2596 λήλους
2653 2526 2749 2596 τὴν
2784 2526 2985 2593 μάχηνο
3022 2523 3154 2589 ἡμῖν
3184 2519 3238 2570 δὲ
3271 2512 3352 2578 οἷς
3377 2517 3472 2567 καὶ
3508 2513 3667 2578 φύσει
3698 2513 3758 2563 τὸ
3791 2511 4010 2577 ἥμερον

2430 2622 2523 2675 καὶ
2555 2621 2712 2684 λόγος
2745 2617 3010 2685 πρόσεστι
3032 2614 3091 2666 τδ
3119 2610 3270 2680 παρὰ
3302 2609 3462 2677 φύσιν
3491 2607 3679 2675 ἄγριον
3703 2600 4008 2656 καταστέλο

2428 2714 2556 2774 λων,
2612 2710 2746 2763 ἀλλά
2791 2711 2847 2763 δὲ
2900 2710 2992 2762 καὶ
3042 2701 3224 2757 οἶκτον
3263 2701 3493 2769 ἐγείρων
3532 2699 3625 2750 καὶ
3673 2697 3774 2762 τῆς
3812 2691 4006 2757 κοινῆς

2429 2805 2865 2872 ὑπομιμνήσκων
2903 2799 3141 2868 φύσεως,
3199 2795 3307 2863 πρὸ
3359 2793 3414 2845 δὲ
3462 2793 3679 2844 πάντων
3729 2783 3808 2847 οἷς
3859 2786 4002 2853 μήτε

2429 2899 2635 2950 ἀδικεῖν
2659 2896 2794 2962 μήτε
2817 2891 3118 2955 ἀντιλέγειν
3143 2887 3276 2948 ὅλως
3296 2883 3673 2951 ἀδικουμένοις
3699 2881 3732 2948 ή
3762 2877 4002 2944 μεγίστη

2428 2987 2535 3039 τῶν
2552 2986 2801 3047 ἐντολῶν,
2822 2983 3102 3035 καὶταῦτα
3121 2977 3549 3045 ὲγγύθενέχουσι
3567 2972 3627 3024 τὸ
3647 2970 4006 3038 παράδειγμα

2428 3079 2592 3132 αὐτὸν
2641 3078 2851 3128 ἐκεῖνον
2891 3074 2980 3126 τὸν
3027 3073 3294 3140 ἡμέτερον
3341 3065 3543 3134 δηλαδὴ
3597 3062 3900 3127 Δεσπότην,
3943 3057 4004 3116 ὃς

2430 3173 2519 3222 ἐπὶ
2545 3169 2759 3240 σφαγὴν
2791 3166 3084 3232 ἑλκόμενος
3112 3159 3398 3223 ἠκολούθει
3434 3156 3631 3227 (καίτοι
3666 3154 3834 3203 πόσον
3882 3147 4006 3200 ἐστὶ

763 3271 1021 3328 ceptum:
1058 3259 1220 3328 idque
1284 3276 1407 3314 cum
1438 3276 1608 3330 prepc
1670 3260 1970 3313 habeamus
2021 3259 2321 3326 exemplar,
2351 3229 2392 3286 θ
2424 3282 2427 3294 ε

2351 3229 2392 3286 c
2424 3262 2486 3313 τὸ
2513 3261 2766 3328 διάφορον
2805 3256 3077 3309 Δεσπότου
3103 3254 3196 3306 καὶ
3227 3250 3426 3319 δούλων
3451 3251 3491 3315 ς)
3528 3247 3646 3305 πῶς
3674 3244 3787 3312 ἔχει
3825 3241 4005 3294 ταῦτκ

767 3353 917 3406 illum
978 3353 1155 3421 ipsum
1193 3353 1407 3406 scilicet
1437 3361 1689 3405 nostrum
1731 3351 2044 3412 Dominum,
2074 3349 2167 3416 qui
2200 3362 2323 3401 cum

766 3445 1077 3498 traheretur
1133 3444 1198 3497 ad
1246 3445 1472 3506 caedem,
1531 3444 1864 3510 sequebatur
1903 3441 2074 3510 (atqui
2123 3449 2326 3507 quanta

765 3548 853 3592 est
884 3537 1192 3591 diﬂ’erentia
1255 3538 1401 3591 inter
1432 3535 1722 3589 Dominum
1755 3545 1810 3588 et
1863 3548 2077 3586 servum
2098 3531 2160 3599 ?),
2194 3545 2330 3598 quo-

767 3629 927 3682 modo
964 3630 1076 3683 hzcc
1118 3645 1174 3682 se
1216 3639 1361 3682 recte
1407 3626 1630 3689 habent,
1663 3629 1883 3694 quando
1919 3624 2041 3678 etsi
2073 3625 2188 3675 haec
2220 3637 2326 3674 non

765 3721 1051 3783 faciamus,
1106 3720 1307 3773 multas
1371 3719 1636 3772 habemus
1698 3716 2208 3777 remunerationes;
2277 3715 2320 3768 si

765 3811 1028 3865 faciamus
1085 3821 1289 3872 autem,
1343 3811 1509 3862 multa
1538 3807 1853 3878 supplicia?
1883 3807 2038 3873 Quod
2074 3808 2116 3860 si
2155 3805 2319 3858 etiam

764 3913 984 3972 oportet
1021 3902 1259 3956 vicissim
1316 3899 1575 3953 invadere
1626 3913 1724 3953 eos
1762 3900 1852 3968 qui
1889 3913 1988 3950 nos
2037 3895 2322 3960 invadunt,

765 4002 984 4062 oportet
1020 3994 1243 4046 omnino
1277 4005 1523 4061 magnam
1558 4005 1776 4043 manum
1833 3998 1888 4042 ct
1935 3989 2202 4041 excelsam
2242 3987 2325 4039 in-

765 4101 961 4139 vocare
1000 4086 1063 4138 ad
1101 4100 1202 4138 nos
1241 4082 1617 4136 defendendos
1657 4096 1720 4134 ac
1750 4079 2108 4133 vindicandos
2144 4087 2202 4132 ut
2248 4077 2326 4130 sic

768 4193 868 4231 nos
886 4177 1068 4245 potius
1095 4176 1359 4230 facientes
1386 4189 1448 4228 ea
1467 4190 1586 4243 quze
1617 4175 1706 4227 ille
1731 4171 1995 4241 praecipit,
2029 4170 2327 4224 vehemen—

770 4267 943 4321 tiores
978 4267 1160 4337 plagas
1213 4249 1558 4335 imponamus
1613 4266 1872 4320 inimicis.
1931 4264 2051 4318 llaec
2101 4277 2230 4331 ergo
2282 4260 2327 4314 si

768 4364 953 4426 vultis,
1015 4363 1221 4428 sinite;
1257 4379 1469 4416 mecum
1523 4372 1702 4415 autem
1739 4370 1994 4423 manete;
2054 4367 2110 4414 et
2165 4358 2327 4410 vitam

2431 3351 2632 3414 καλῶς,
2667 3351 2756 3402 ὅτε
2805 3350 2898 3400 καὶ
2949 3347 3043 3398 τοῦ
3088 3345 3160 3412 μὴ
3199 3342 3370 3394 ταῦτα
3421 3341 3594 3390 ποιεῖν
3633 3337 3834 3394 πολλὰς
3898 3335 4006 3395 τὰς

2430 3442 2665 3510 ἀμοιϐὰς
2695 3440 2907 3510 ἔχομεν,
2936 3439 3028 3489 καὶ
3051 3436 3143 3488 τοῦ
3169 3437 3340 3487 ποιεῖν
3371 3433 3568 3494 πολλᾶς
3593 3431 3689 3492 τὰς
3710 3429 4002 3490 κολάσειςς

2435 3535 2494 3585 El
2522 3532 2576 3584 δέ
2604 3550 2654 3584 τι
2685 3531 2791 3600 χρὴ
2821 3529 2912 3581 καὶ
2942 3529 3054 3588 τοῖς
3086 3525 3360 3577 ἀδικοῦσιν
3390 3519 3856 3580 ἀντεπιτίθεσθαι,
3883 3517 4007 3568 δέον

2433 3625 2648 3685 πάντως
2671 3622 2768 3690 τὴν
2796 3619 3039 3687 μεγάλην
3073 3618 3228 3685 χεῖρα
3262 3616 3355 3667 καὶ
3377 3612 3584 3682 ὑῂλὴν
3617 3613 3692 3673 εἰς
3721 3611 4007 3676 ἐκδίκησιν

2434 3714 2590 3784 ἡμῶν
2619 3708 2990 3766 ἐκκαλεῖσθαι,
3023 3705 3089 3756 ἶν’
3118 3705 3259 3757 οὕτω
3290 3704 3491 3773 μᾶλλον
3515 3704 3672 3768 ἡμεῖς
3703 3699 4003 3750 τὰὲκείνου

2437 3804 2717 3864 ποιοῦντες
2750 3800 3108 3869 σφοδροτέραν
3144 3798 3258 3857 τοῖς
3311 3795 3522 3863 ἐχθροῖς
3551 3793 3732 3858 δῶμεν
3775 3792 3872 3841 καὶ
3905 3789 4008 3857 τὴν

2436 3898 2669 3966 πληγήν.
2689 3895 2881 3946 Τοίνυν
2912 3893 2959 3942 εί
2991 3888 3270 3958 βούλεσθε,
3293 3886 3464 3954 ταῦτα
3491 3885 3588 3952 μὲν
3609 3884 3756 3940 ἐᾶτε,
3781 3880 4004 3949 μείνατε

2434 3991 2490 4043 δὲ
2531 3989 2626 4042 σὺν
2666 3985 2809 4055 ἐμοὶ,
2843 3986 2938 4037 καὶ
2984 3984 3074 4034 τὸν
3112 3982 3251 4033 κατά
3291 3979 3421 4030 Θεὸν
3460 3975 3716 4044 ἑλώμεθα
3756 3973 3895 4042 βὶον.
3942 3972 4007 4023 Εί

2432 4080 2477 4134 δ’
2525 4075 2640 4143 οὖν,
2679 4079 2910 4138 ἕκαστος
2964 4074 3062 4144 τὴν
3115 4069 3308 4124 ἑαυτοῦ
3362 4067 3717 4134 πορευέσθω·
3752 4065 3908 4117 οὐδέν
3955 4080 4007 4114 τι

2435 4172 2597 4224 πλέον
2630 4165 3070 4237 προσαναγκάσει)
3110 4160 3329 4231 Χριστῷ
3373 4160 3475 4210 κάν
3506 4157 3678 4224 τούτῳ
3709 4156 4002 4221 ἑπόμενος,

2434 4264 2492 4325 ὃς
2527 4261 2740 4317 πολλοῖς
2770 4258 2916 4326 ἡμᾶς
2955 4256 3048 4307 καὶ
3081 4252 3262 4314 ἀλλοις
3293 4249 3534 4319 τιμήσας
3566 4246 3640 4316 τῷ
3670 4245 4009 4310 αὐτεξουσίῳ

2437 4351 2638 4421 πρώτῳ
2669 4350 2953 4418 τετίμηκε.

767 4472 888 4524 qua:
914 4465 998 4509 est
1026 4472 1091 4510 ex
1114 4458 1244 4516 Deo.
1275 4456 1559 4524 eligamus.
1593 4454 1687 4509 Sin
1718 4457 1922 4520 minus,
1949 4453 2330 4522 unusquisque
2369 4449 2511 4504 viam
2540 4463 2694 4504 suam
2723 4448 2894 4502 ineat.
2958 4445 3174 4501 Nullam
3228 4456 3331 4522 ego
3386 4439 3648 4508 majorem
3724 4433 4005 4502 imponam

771 4550 1175 4609 necessitatem,
1210 4547 1265 4600 in
1330 4547 1433 4602 hoc
1469 4562 1689 4616 quoque
1734 4547 2014 4603 Christum
2053 4558 2326 4614 sequens:
2368 4542 2464 4609 qui
2496 4556 2622 4596 cum
2654 4553 2757 4594 nos
2790 4537 2976 4592 multis
3001 4550 3222 4606 quoque
3279 4533 3404 4587 aliis
3467 4530 3818 4590 bonorasset,
3893 4525 4008 4592 pri-

766 4659 913 4698 mum
951 4643 1243 4697 honoravit
1272 4641 1445 4695 libero
1476 4641 1728 4695 arbitrio.

837 4741 1130 4796 XXXVIII.
1168 4740 1293 4794 Hzrc
1325 4741 1428 4794 etsi
1464 4755 1572 4794 nou
1611 4739 1901 4793 videantur
1928 4752 2048 4793 esse
2107 4734 2323 4790 barbari
2353 4733 2405 4792 D

2353 4733 2405 4792 D
2507 4725 2632 4782 ΑΠ’.
2684 4723 2870 4780 Ταῦτα
2903 4724 2951 4775 εί
2989 4722 3064 4792 μὴ
3099 4717 3362 4773 καὶκατὰ
3401 4715 3570 4785 ἄνδρα
3605 4711 3886 4782 βάρϐαρον
3913 4704 4003 4778 ἦν,

765 4831 1030 4890 nominis.
1065 4830 1111 4884 si
1142 4829 1267 4898 quis
1300 4837 1478 4882 tamen
1516 4828 1853 4896 reputaverit
1898 4826 2126 4897 gratiam
2157 4822 2328 4877 divini

769 4920 1032 4988 Spiritus.
1073 4929 1129 4972 et
1162 4917 1305 4986 quod
1335 4917 1380 4971 is
1412 4917 1611 4986 dignus
1637 4926 1783 4970 esset
1828 4932 1947 4970 eam
1979 4913 2218 4983 assequi,
2246 4914 2331 4967 in-

766 5009 954 5063 veniet
987 5009 1214 5062 omniuo
1267 5009 1666 5076 eumpotuisse
1726 5008 1842 5060 hate
1899 5007 2104 5065 dicere.
2158 5016 2214 5060 et
2242 5006 2327 5060 his

767 5103 1088 5155 excelsiora.
1146 5102 1265 5155 llon
1299 5111 1480 5153 autem
1515 5107 1732 5153 ostensa
1757 5109 1841 5152 est
1865 5099 2028 5152 etiam
2087 5098 2168 5151 vis
2197 5113 2326 5151 sua-

769 5195 961 5248 sionis.
1001 5194 1219 5246 Duobus
1281 5195 1427 5246 enim
1486 5191 1755 5254 Barbaris,
1790 5190 1880 5264 qui
1941 5191 2181 5243 divinam
2230 5190 2328 5242 do-

771 5285 1012 5340 ctrinam
1047 5300 1115 5339 ne
1151 5285 1433 5339 auditione
1468 5284 1691 5350 quidem
1716 5292 2060 5352 acceperant,
2103 5297 2328 5351 persua-

770 5377 842 5428 sit
873 5384 952 5438 ut,
984 5375 1240 5427 omnibus
1278 5375 1541 5436 dimissis,
1574 5376 1733 5427 simul
1785 5389 1909 5428 cum
1940 5390 2006 5427 eo
2036 5375 2324 5429 viverent:

770 5467 893 5519 aliis
917 5481 1046 5519 vero
1068 5481 1189 5519 cum
1210 5465 1452 5519 dedisset
1475 5468 1733 5534 pecunias
1756 5482 1819 5520 ex
1849 5467 1914 5519 iis
1936 5481 2072 5536 quas
2095 5466 2330 5521 habebat

773 5569 827 5611 et
859 5573 955 5612 eos
997 5558 1178 5611 valere
1201 5558 1478 5627 iussisset,
1507 5557 1754 5628 permisit
1786 5569 1843 5611 ut
1874 5558 2016 5612 irent
2050 5565 2161 5627 quo
2217 5558 2332 5612 vcl-

773 5652 906 5703 lent.
941 5651 1033 5704 Ille
1062 5660 1245 5704 autem
1276 5660 1331 5706 et
1360 5651 1452 5718 qui
1484 5666 1606 5704 cum
1632 5665 1698 5704 eo
1743 5661 1920 5716 erant,
1969 5651 2330 5707 renuntiatio-

775 5744 862 5795 nis
894 5758 1102 5795 sacram
1146 5754 1439 5808 sequemcs
1463 5744 1727 5812 regulam,
1759 5744 2004 5797 habitum
2039 5758 2212 5796 monai
2235 5743 2331 5796 hoc

775 5850 896 5891 tum
928 5837 1100 5890 sancti
1130 5834 1379 5889 manibus
1412 5833 1619 5904 accipi-.1
1635 5849 1712 5896 nt,
1743 5846 1794 5889 et
1840 5835 2090 5889 Edrauns
2120 5845 2331 5889 mutato

2432 4819 2548 4875 ἀλλ’
2579 4818 2633 4870 εἴ
2658 4835 2739 4874 τις
2765 4816 2863 4884 τὴν
2883 4815 3046 4885 χάριν
3070 4812 3163 4865 τοῦ
3184 4809 3330 4864 θείου
3351 4807 3667 4875 Πνεύματος
3697 4802 4003 4870 λογισθείη,

2433 4915 2525 4965 καὶ
2560 4912 2642 4964 ὅτι
2674 4902 2828 4966 οὗτος
2858 4908 3004 4971 ἄξιος
3037 4904 3250 4970 ἐκείνης
3281 4902 3488 4969 τυχεῖν,
3524 4899 3752 4966 εὑρήσει
3784 4893 4004 4956 πάντως

2431 5007 2512 5059 ὅτι
2546 5001 2770 5063 δυνατὸς
2799 4996 2867 5070 ἦν
2895 5001 2988 5052 καὶ
3015 4997 3186 5050 ταῦτα
3221 4996 3310 5047 καὶ
3337 4994 3404 5045 τά
3426 4991 3634 5043 τούτων
3663 4987 4005 5057 φθέγγεσθαι

2433 5097 2764 5166 ὑψηλότερα.
2803 5094 3081 5146 Δέδεικται
3131 5089 3186 5141 δὲ
3227 5087 3425 5141 αὐτίκα
3457 5086 3550 5137 καὶ
3585 5083 3687 5150 τῆς
3740 5081 4005 5150 παραινίο

2435 5208 2569 5250 σεως
2599 5192 2630 5258 ἡ
2667 5187 2841 5256 ἰσχύς.
2875 5185 2978 5237 Δύο
3015 5182 3124 5251 γάρ
3157 5180 3464 5252 βαρϐάρους
3492 5178 3687 5243 κομιδῆ
3723 5174 3879 5235 θείας
3911 5177 4003 5226 αν-

2433 5283 2631 5351 ηκόους
2668 5278 3012 5338 διδασκαλίας
3053 5276 3240 5328 ἔπεισε
3267 5275 3486 5326 πάντων
3519 5272 3828 5340 ἀφεμένους
3863 5287 4004 5338 cup.-

2438 5376 2700 5430 ϐιοτεύειν
2731 5373 2897 5440 αὐτῷ’
2934 5374 3045 5434 τοῖς
3070 5370 3248 5432 ἄλλοις
3271 5369 3327 5420 δὲ
3348 5369 3607 5436 χρήματα
3642 5365 3752 5417 τῶν
3777 5364 4008 5433 προσόν.

2439 5486 2547 5521 των
2576 5467 2724 5534 αὐτῷ
2774 5466 2896 5527 δοὺς
2925 5468 3018 5516 καὶ
3049 5462 3545 5528 κατασπασάμενος
3586 5459 3761 5525 ἐφῆκε
3798 5457 3998 5524 πορεύ-

2442 5559 2594 5614 εσθαι
2626 5559 2746 5610 ὅποι
2784 5555 2848 5608 ἂν
2875 5554 3030 5608 αὐτοὶ
3058 5553 3351 5622 βούλοιντο.
3369 5551 3604 5611 Ἐκεῖνος
3636 5550 3819 5617 μέντοι
3846 5550 3938 5598 καὶ
3957 5549 4004 5598 οι

2445 5653 2539 5705 σὺν
2562 5649 2709 5717 αὐτῷ
2731 5648 2805 5716 τῷ
2831 5647 2962 5716 ίερῷ
2983 5647 3078 5714 τῆς
3103 5643 3381 5712 ἁποτσγῆς
3407 5642 3592 5696 κανόνι
3621 5641 4002 5708 στοιχήσαντες

2443 5744 2505 5796 τὸ
2537 5743 2719 5812 σχῆμα
2771 5740 2878 5793 τῶν
2917 5738 3167 5807 μοναχῶν
3207 5739 3321 5799 ταῖς
3357 5735 3513 5802 ἀγίου
3545 5735 3702 5802 χερσὶ
3738 5733 4002 5799 δέχονται,

2443 5836 2531 5891 καῖ
2566 5833 2721 5896 Τῖτος
2766 5835 2792 5885 ὸ
2842 5831 3100 5901 meum;
3150 5828 3408 5898 φιλοθέως
3449 5825 3900 5897 ιιετονομάζεται.
3933 5824 4003 5875 Οὐ
