4214 6444
182 368 319 424 1021

1253 382 1439 443 νιΤΑ
1484 384 1546 445 S.
1597 385 1968 452 DANIELIS
2008 394 2374 457 δΤηιΤιεΕ.

3309 411 3457 476 1022

177 482 372 550 θρόνον
405 485 716 553 κοσμοῦντα
739 487 838 544 τοῦ
878 489 979 561 μιν
1020 490 1186 563 ὀρθοῦ
1221 496 1634 567 προϊστάμενον
1679 499 1763 553 16-

1881 515 2116 576 nugatur
2144 510 2397 578 quaedam
2455 512 2780 586 blaspbema
2819 519 3255 581 etadulterina.
3321 528 3465 583 Aen-

176 590 300 639 γου,
328 578 395 645 τῇ
439 577 496 630 δέ
539 579 647 633 τῶν
690 582 902 637 ἐκείνου
952 583 1244 654 δογμάτων
1276 587 1415 660 ζάλῃ
1468 589 1769 662 θερμότητι

178 667 494 738 πνεύματος
564 675 659 727 καὶ
712 677 1002 747 παρρησίᾳ
1062 678 1310 747 σφοδρῶς
1369 682 1727 736 ἁντιπνέοντα
1750 723 1767 747 ,

177 764 366 833 σφαγῇ
404 766 713 837 παρανόμῳ
741 767 928 823 δοῦναι
963 768 1306 839 βουλεύεται.
1336 771 1510 827 Τοῦτο
1538 774 1770 837 πολλοὺς

179 855 285 925 μὲν
324 855 434 908 τῶν
470 860 780 927 μοναστῶν,
810 862 1040 927 πολλοὺς
1079 863 1138 917 δέ
1180 864 1380 934 ωνῆξε
1410 868 1505 920 καὶ
1534 867 1645 920 τῶν
1680 884 1772 936 μι-

174 948 380 1017 γὰδων,
428 952 524 1004 καὶ
555 952 879 1025 συνδραμὼν
909 955 1057 1010 ἂπαν
1085 957 1147 1009 τὸ
1173 958 1429 1027 ποίμνιον
1469 958 1646 1017 ἔσωζε
1678 960 1772 1013 τὸν

178 1042 420 1113 ποιμένα
446 1044 817 1115 διαφθαρῆναι
839 1049 1247 1106 κινδυνεύοντα.
1283 1051 1569 1122 Ἐκέκριτο
1594 1052 1660 1122 δὴ
1679 1053 1772 1106 οὖν

175 1139 274 1191 καὶ
303 1138 395 1192 τὸν
429 1140 604 1210 μέγαν
648 1143 728 1203 είς
758 1142 1088 1214 ἐπικουρίαν
1134 1146 1343 1209 καλεῖν,
1389 1146 1485 1200 καὶ
1513 1147 1667 1215 δηλοί
1698 1147 1774 1217 τῷ

136 1287 141 1291 ,
178 1231 345 1301 πράῳ
376 1232 447 1287 τὰ
470 1232 571 1300 τῆς
599 1234 802 1304 λύττης
824 1237 853 1287 ὁ
885 1236 1085 1304 ἱερεύς.
1128 1236 1190 1290 '0
1215 1237 1272 1291 δὲ
1303 1239 1403 1309 τὴν
1432 1242 1773 1311 κακουργίαν

180 1320 347 1390 σοφὸς
379 1323 407 1375 ό
448 1321 706 1391 βασιλεὺς
738 1324 897 1378 τοῦτο
930 1332 1093 1392 γνοὺς
1140 1328 1401 1399 γνωρίζει
1454 1330 1531 1400 τῷ
1576 1332 1775 1403 Δανιὴλ

176 1416 275 1470 καὶ
304 1415 467 1480 αὐτὸς
504 1416 693 1472 τοῦτον
722 1418 884 1473 αὑτὸν
934 1414 1075 1473 εἶναι
1114 1422 1316 1491 μᾶλλον
1345 1424 1439 1477 τὸν
1483 1424 1633 1495 ἱερέα
1677 1426 1774 1497 τῆς

174 1511 438 1582 τοιαύτης
466 1512 716 1583 ταραχῆς
743 1512 941 1567 αίτιον.
975 1515 1089 1585 Τήν
1115 1532 1175 1568 τε
1212 1516 1322 1587 γὰρ
1368 1518 1547 1583 πόλιν,
1581 1521 1773 1590 φησιν,

177 1602 582 1667 ἐπανίστασθαι
604 1621 695 1674 μοι
726 1608 883 1669 ποιεῖ,
905 1607 1001 1660 καὶ
1028 1606 1088 1659 τὸ
1115 1610 1508 1679 στρατιωτικὶν
1528 1610 1777 1681 διαστρέ-

179 1714 296 1765 φει,
322 1698 414 1751 καὶ
458 1697 773 1767 σκώμματα
809 1702 1103 1767 συμφορεῖ,
1131 1703 1225 1754 καὶ
1253 1701 1456 1769 ψόγους
1481 1704 1775 1773 ἐπιτρίϐει,

176 1793 278 1845 καὶ
314 1790 527 1862 μυρίοις
572 1792 770 1861 χρῆται
814 1794 927 1854 τοῖς
979 1791 1101 1845 καθ’
1134 1794 1289 1863 ἡμῶν
1314 1810 1328 1824 ·
1364 1796 1442 1863 τῷ
1472 1813 1554 1849 τοι
1584 1797 1679 1848 καὶ
1706 1784 1777 1849 δι’

1880 600 2023 655 cium
2053 610 2263 667 autem,
2294 606 2389 674 qui
2422 614 2552 663 tunc
2580 608 2769 666 sedem
2794 613 3015 670 tenebat
3062 619 3461 689 pontificalem,
3488 684 3494 690 _

1818 756 1822 760 ,
1881 694 1975 760 qui
2023 703 2228 749 rectam
2289 699 2514 768 quidem
2591 702 2921 761 defendebat
2979 709 3273 777 rationem,
3315 714 3465 771 illius

1880 795 2065 841 autem
2093 789 2412 859 dogmath
2447 800 2790 866 tempestati,
2830 802 3062 871 spiritus
3126 808 3363 870 fervore,
3403 822 3464 865 et

1880 878 2103 936 dicendi
2130 883 2388 943 libertate
2414 890 2773 947 vehementer
2797 895 3120 953 resistebat.
3136 900 3255 955 vult
3274 902 3463 971 iniqua

1883 984 2065 1027 morte
2092 976 2351 1034 multare.
2413 980 2531 1037 Hoc
2564 999 2691 1039 cum
2746 988 2948 1044 multos
2977 991 3201 1060 quidem
3234 1009 3466 1066 congre-

1882 1074 2063 1135 gasset
2086 1084 2154 1125 ex
2192 1070 2258 1126 iis
2280 1074 2373 1142 qui
2402 1076 2570 1131 vitam
2630 1090 2799 1150 agunt
2844 1084 3166 1153 solitariam,
3198 1097 3255 1143 et
3292 1103 3359 1144 ει
3396 1088 3464 1144 iis

1882 1160 1977 1228 qui
2016 1163 2333 1230 promiscue
2364 1168 2562 1225 vivunt
2592 1183 2649 1228 et
2678 1177 3155 1243 communiter,et'
3174 1197 3305 1252 grex
3333 1198 3465 1237 eon-

1883 1255 2151 1309 currisset
2210 1261 2526 1326 universus.
2570 1270 2810 1324 servavit
2858 1279 3157 1339 pastorem,
3242 1276 3337 1345 qui
3394 1293 3464 1332 ne

1884 1346 2114 1414 periret,
2156 1350 2412 1407 veniebat
2462 1356 2515 1411 in
2552 1360 2881 1427 perieulum.
2938 1364 3233 1422 Decretum
3284 1362 3466 1426 fuerat

1886 1452 2143 1510 maguum
2181 1460 2405 1517 quoque
2434 1452 2714 1509 Danielem
2743 1472 2943 1512 vocare
2972 1460 3027 1514 in
3061 1449 3351 1528 auxilium,
3410 1472 3468 1517 et

1884 1532 2009 1624 viro
2043 1534 2161 1590 miti
2197 1540 2455 1597 sacerdos
2511 1544 2865 1615 imperatoris
2897 1552 3107 1607 rabiem
3168 1555 3465 1624 signiﬁcat.

1885 1621 2023 1677 Cum
2075 1636 2285 1695 autem,
2313 1636 2410 1703 qui
2439 1647 2557 1691 erat
2588 1640 2810 1709 sapiens
2862 1644 2929 1697 ad
2981 1621 3460 1711 malefaciendum.

1888 1714 1994 1769 hoc
2048 1723 2399 1789 cognovisset
2446 1727 2768 1799 imperator,
2817 1736 2937 1805 ipse
2991 1753 3213 1808 quoque
3255 1741 3464 1797 Danieli

1886 1809 2181 1881 significat,
2234 1816 2383 1875 hunc
2415 1820 2598 1891 ipsum
2653 1829 2842 1897 potius
2889 1831 3234 1887 sacerdotem
3296 1833 3465 1889 fuisse

178 1884 352 1955 εὐχῆς
382 1883 587 1955 μᾶλλον
621 1885 763 1939 κατὰ
804 1884 902 1937 τοῦ
935 1884 1241 1939 ἐπισκόπου
1279 1885 1398 1941 δέον
1451 1886 1531 1959 τῷ
1572 1888 1782 1959 βασιλεῖ

1886 1916 2109 1973 causam
2167 1909 2335 1981 hujus
2392 1919 2685 1975 tumultos.
2732 1922 2866 1976 Nam
2910 1934 2965 1979 et
2998 1925 3131 1981 facit
3184 1928 3463 1981 civitatem

180 1978 521 2046 συμμαχεῖν.

1876 1991 2145 2052 adversus
2213 2017 2300 2058 me
2338 2004 2648 2077 insurgere,
2690 2022 2745 2065 et
2781 2013 2987 2068 milites
3051 2020 3357 2086 corrumpit
3404 2034 3465 2072 ac

178 2071 476 2139 pervertit,
509 2071 645 2127 etin
673 2088 763 2129 me
810 2073 1106 2129 maledicta
1165 2074 1437 2144 congerit,
1466 2085 1521 2129 et
1556 2078 1757 2145 probra
1802 2082 1994 2147 inurit.
2024 2100 2080 2144 et
2124 2092 2394 2153 adversus
2446 2071 2533 2157 me
2586 2071 2719 2159 facit
2790 2107 3244 2165 innumerabilia.
3279 2071 3467 2177 Πρω-

189 2169 352 2272 circa
373 2176 595 2272 oportet
620 2178 696 2232 te,
745 2169 952 2272 aiebat,
984 2168 1247 2272 precibus
1278 2170 1387 2225 tuis
1448 2172 1770 2241 imperatori
1812 2182 2001 2247 potius
2032 2200 2191 2255 opem
2226 2192 2374 2249 ferre
2402 2208 2596 2253 contra
2622 2200 2966 2272 episcopum.

254 2262 391 2315 MB'.
435 2261 577 2315 Ἀλλ’
610 2262 845 2318 ἐνταῦθά
904 2259 997 2335 μοί
1049 2282 1134 2328 τις
1181 2267 1457 2320 σκοπείτω
1504 2268 1599 2321 τοῦ
1647 2271 1770 2324 θαυ.

183 2355 399 2425 μαστοῦ
433 2355 634 2424 Δανιὴλ
665 2356 760 2410 καὶ
807 2357 869 2410 τὸ
903 2358 963 2411 ἐν
994 2358 1271 2427 διακρίσει
1319 2359 1630 2427 σοφώτατον
1680 2365 1776 2415 καὶ

180 2449 247 2501 τὸ
285 2447 421 2519 πρὸς
446 2446 679 2517 Χριστοῦ
710 2448 1022 2519 παράταξιν
1048 2450 1454 2517 γενναιότατονο
1482 2445 1559 2505 ὧν
1586 2454 1647 2506 τὸ
1678 2454 1777 2523 μὲν

181 2546 246 2596 ἐν
281 2541 359 2611 τῷ
383 2544 637 2611 φωρᾶσαι
663 2542 764 2612 τὴν
811 2545 1154 2612 κακουργίαν
1196 2545 1387 2612 ἔδειξε,
1424 2548 1485 2598 τὸ
1529 2547 1585 2598 δὲ
1613 2547 1672 2599 το
1705 2548 1778 2617 μὴ

187 2632 353 2701 μόνον
379 2630 604 2701 ὑϐρίσαι
640 2630 733 2685 τὸν
774 2635 854 2695 είς
883 2632 984 2703 τὴν
1017 2632 1433 2701 ἐνανθρὼπησιν
1460 2633 1555 2685 τοῦ
1590 2632 1782 2702 ἀληθι-

186 2721 284 2776 νοῦ
314 2721 450 2775 Θεοῦ
482 2720 861 2791 ἐνυϐρίζοντα,
895 2722 1031 2775 ἀλλὰ
1056 2723 1150 2775 καὶ
1180 2722 1249 2776 τὰ
1282 2722 1515 2790 μέγιστα
1543 2722 1781 2793 ἀπειλῆ-

186 2832 303 2878 σαι,
339 2814 437 2867 καὶ
461 2813 820 2883 προφητικῶς
854 2812 1004 2883 αὐτῷ
1035 2813 1395 2882 φθέγξασθαι,
1426 2815 1776 2886 Διαρρήσων,

185 2905 346 2975 φησι,
377 2902 661 2977 διαρρήξει
702 2902 802 2974 τὴν
834 2902 1113 2973 βασιλείαν
1148 2922 1243 2957 σου
1269 2906 1297 2957 ό
1328 2906 1485 2969 Θεὸς,
1521 2912 1612 2959 καὶ
1647 2906 1781 2960 ἄλλα

185 3000 246 3052 δὲ
282 2996 495 3061 τούτοις
527 2996 846 3065 προσθεῖναι
881 2995 917 3051 ἃ
963 2996 1221 3050 τοσοῦτον
1268 2993 1381 3067 εἶχε
1429 2999 1489 3050 τὸ
1519 2998 1779 3065 δάκρυον,

191 3090 290 3142 καὶ
320 3085 644 3141 καθικέσθαι
690 3088 789 3157 τῆς
839 3086 1071 3158 καρδίας
1114 3086 1347 3157 ἠδύνατο
1397 3087 1473 3150 ὡς
1525 3086 1659 3156 μηδὲ
1694 3088 1782 3139 τὸν

1957 2307 2122 2366 XLII.
2154 2313 2259 2369 Sed
2292 2316 2383 2373 hic
2434 2320 2569 2374 mihi
2607 2322 2922 2378 consideret
2975 2322 3198 2394 aliquis,
3226 2324 3469 2380 admira-

1886 2399 2013 2455 bilis
2049 2403 2292 2461 Danielis
2345 2417 2401 2462 et
2426 2408 2478 2463 in
2516 2410 2884 2469 discernendo
2918 2429 3188 2471 summam
3248 2417 3468 2487 sapien—

1888 2495 2041 2560 tiam,
2067 2508 2124 2553 et
2156 2502 2210 2554 in
2238 2501 2559 2559 dimicando
2590 2522 2690 2575 pro
2719 2506 2942 2563 Christo
3003 2508 3389 2565 fortitudinem
3413 2521 3468 2564 et

1886 2592 2336 2661 generositatem.
2376 2596 2622 2663 Quorum
2676 2598 2808 2653 illud
2860 2601 3087 2670 quidem
3122 2602 3366 2659 ostendit
3412 2603 3465 2657 in

1884 2687 2354 2753 deprehendendo
2373 2691 2642 2747 maleﬁcio
2667 2694 2807 2747 :hoc
2833 2709 2986 2757 vero,
3000 2695 3145 2763 quod
3164 2710 3272 2749 non
3291 2696 3466 2750 solum

1884 2782 2092 2849 probro
2124 2783 2379 2839 aﬂ‘eeerit
2435 2802 2563 2841 eum
2609 2786 2705 2857 qui
2738 2799 3054 2860 susceptam
3110 2804 3140 2843 a
3174 2804 3306 2843 vero
3356 2789 3471 2843 Deo

1879 2872 2285 2930 humanitatem
2318 2876 2524 2946 probro
2550 2877 2842 2945 alliciebat,
2872 2879 2970 2934 sed
2996 2880 3163 2935 etiam
3195 2879 3467 2934 maximas

1884 2971 2063 3024 minas
2086 2970 2141 3023 in
2169 2985 2293 3024 eum
2328 2971 2652 3035 intenderit,
2708 2984 2764 3027 et
2814 2972 3138 3043 pr0plietice
3189 2972 3240 3029 ei
3272 2973 3471 3029 effatus

1883 3060 1996 3117 sit:
2026 3061 2407 3132 llisrumpens,
2442 3064 2642 3133 inquit,
2674 3065 2983 3134 disrumpet
3036 3066 3183 3122 Deus
3238 3082 3468 3136 regnum

193 3184 325 3245 τοὺς
362 3182 557 3249 λόγους
619 3156 1030 3246 διακινούμενον
1074 3178 1162 3231 διὰ
1208 3179 1474 3248 στόματος
1516 3178 1783 3246 θαρρῆσαι

1896 3162 2073 3218 tuum,
2109 3165 2164 3211 et
2186 3156 2293 3213 alia
2325 3157 2617 3228 adjecerit,
2665 3174 2787 3227 qua:
2815 3174 2911 3213 eor
2954 3159 3077 3227 ejus
3109 3175 3284 3229 usque
3331 3160 3473 3213 adeo

190 3271 375 3325 ταῦτα
420 3269 500 3340 τῷ
532 3268 762 3339 βασιλεῖ.
806 3268 964 3322 Οὕτω
1013 3268 1111 3335 μιν
1161 3262 1253 3321 οὖν
1305 3270 1513 3331 ἐκεῖνος
1544 3268 1731 3338 ἀπῄει·
1758 3269 1787 3320 ὁ

191 3365 254 3418 δὲ
280 3362 569 3433 ἀρχιερεὺς
594 3357 797 3430 μικροῦ
831 3360 1044 3421 πάντας
1068 3358 1176 3411 τῶν
1203 3358 1522 3413 ἐπισκόπων
1544 3374 1786 3426 συναγα-

194 3454 312 3523 γὼν
356 3453 562 3506 στέλλει
595 3452 730 3522 πρὸς
765 3448 859 3502 τδν
892 3450 1063 3519 μέγαν
1099 3449 1192 3502 ἐπὶ
1234 3449 1333 3519 τὴν
1366 3449 1507 3519 ὑπὲρ
1546 3450 1786 3519 Χριστοῦ

199 3544 524 3615 συμμαχίαν
556 3539 921 3611 παρακαλῶν,
960 3540 1055 3592 καὶ
1086 3539 1168 3593 ὅτι
1213 3540 1312 3608 τῆς
1359 3539 1572 3594 ἐκείνου
1617 3540 1788 3609 μόνης

195 3640 270 3693 ἂν
316 3637 404 3705 εῐη
434 3635 531 3689 καὶ
557 3634 803 3704 γλώττης
836 3633 932 3685 καὶ
971 3631 1175 3702 ἀρετῆς
1218 3631 1354 3698 πρὸς
1385 3629 1616 3681 ἔκτοπον
1647 3628 1789 3681 οὕτω

197 3729 555 3805 βλασφημίαν
589 3725 962 3795 διαμάχεσθαι
994 3725 1089 3779 καὶ
1126 3725 1219 3777 τὸν
1252 3723 1389 3792 ὑπὲρ
1421 3724 1518 3790 τῆς
1555 3721 1789 3792 Ἐκκλη-

196 3828 325 3888 σίας
357 3823 590 3891 πόλεμον
619 3817 1006 3884 ἀναδέξασθαι.
1062 3807 1220 3868 Οὗτοι
1258 3813 1357 3882 μὲν
1395 3808 1489 3865 οὖν
1518 3811 1787 3865 diremti)-

194 3933 293 3976 τες
327 3909 674 3983 ἀπήγγελλον
703 3907 896 3962 ταῦτα·
939 3904 1128 3975 ἐπειδὴ
1157 3905 1212 3957 δέ
1238 3904 1332 3957 τοῦ
1367 3903 1561 3957 στύλου
1594 3903 1791 3955 κατελ-

194 4007 317 4060 θεῖν
350 4003 439 4056 τὸν
466 4002 737 4072 μακάριον
766 4000 907 4068 ἄγαν
935 3997 1085 4068 αύτῷ
1113 3996 1395 4066 δυσχερὲς,
1421 3997 1516 4049 καὶ
1544 3995 1788 4059 ἀνένευε,

192 4099 253 4151 τί
289 4096 601 4166 μηχανᾶται
652 4092 819 4144 πάλιν
865 4093 893 4143 ό
948 4090 1331 4158 πατριάρχης;
1380 4088 1612 4158 Κάμψαι
1657 4088 1791 4157 πρὸς

194 4209 231 4245 τ
251 4190 367 4242 ,ῦτο
401 4186 723 4257 βουλόμενος
755 4182 967 4251 πέμπει
996 4181 1091 4234 καὶ
1121 4170 1281 4242 αὖθις
1304 4181 1429 4241 τοὺς
1455 4179 1791 4241 ἐπισκόπους

201 4282 502 4351 τεενθήρεις
559 4277 709 4347 αύτῷ
774 4274 1009 4343 φανῆναι
1076 4271 1365 4333 κελεύσας,
1426 4270 1679 4332 ἐλεεινοῖς
1733 4287 1791 4323 τε

197 4371 519 4446 χρήσασθαι
550 4367 642 4421 καὶ
672 4367 853 4433 λόγοις
885 4364 981 4418 καὶ
1014 4364 1277 4431 σχήμασι,
1332 4359 1545 4431 δάκρυά
1576 4378 1633 4412 τε
1660 4378 1794 4431 προ-

198 4466 376 4536 χέειν,
424 4460 776 4530 ἰσχυρότατον
814 4458 893 4518 είς
943 4452 1115 4506 πειθὼ
1150 4454 1476 4523 φάρμακον,
1533 4452 1628 4505 καὶ
1660 4453 1793 4505 πάν-

1896 3256 2156 3316 poterant
2187 3249 2443 3303 mordere
2485 3258 2543 3305 et
2593 3259 2839 3319 tangere,
2876 3259 2935 3304 ut
2983 3266 3085 3306 nec
3110 3252 3199 3305 ille
3224 3251 3469 3321 quidem,

1896 3338 1991 3407 qui
2029 3339 2284 3393 minister
2314 3348 2435 3393 erat
2492 3338 2714 3393 futurus
2744 3339 3064 3404 verborum,
3111 3356 3278 3394 ausus
3305 3341 3473 3395 fuerit

1899 3430 2018 3484 hac
2036 3446 2131 3483 ore
2158 3432 2481 3485 renuntiare
2527 3433 2869 3500 imperatori,
2897 3433 2990 3487 sed
3024 3449 3055 3488 a
3080 3449 3277 3503 magno
3302 3433 3473 3501 petie-

1901 3524 1995 3585 rit,
2025 3531 2085 3577 ut
2111 3524 2336 3589 litteris,
2362 3525 2541 3592 iisque
2564 3526 2887 3595 obsignatis,
2938 3527 3054 3582 haec
3100 3526 3477 3597 signiﬁcaren-

1901 3627 1991 3670 tur
2017 3618 2357 3686 imperatori.
2382 3619 2449 3672 Et
2477 3620 2557 3673 sic
2582 3620 2670 3672 ille
2693 3619 2917 3690 quidem
2946 3621 3193 3675 recessit.
3221 3619 3471 3675 Pontifex

1898 3714 2080 3759 autem
2138 3722 2262 3760 cum
2322 3723 2515 3762 omnes
2584 3708 2698 3762 fere
2769 3710 3005 3765 eximios
3092 3721 3477 3781 congregasset

1897 3800 2213 3867 episcopos,
2236 3799 2408 3853 mittit
2434 3801 2499 3854 ad
2521 3817 2778 3871 magnum
2798 3801 3102 3866 Dauielem,
3123 3820 3250 3858 eum
3274 3804 3476 3859 adhor-

1901 3899 2024 3945 tans
2047 3900 2108 3946 ut
2136 3908 2296 3947 suum
2322 3908 2422 3963 pro
2453 3893 2674 3949 Christo
2730 3895 2888 3951 daret
2938 3897 3224 3960 auxilium,
3283 3899 3476 3955 dicens

1902 3985 2053 4041 illius
2078 4001 2197 4041 esse
2224 3988 2399 4042 solius
2429 3988 2630 4058 lingua:
2675 3996 2733 4043 et
2760 3990 2983 4046 virtutis
3023 3990 3292 4048 adversus
3338 3993 3478 4049 adeo

1898 4078 2195 4132 absurdam
2248 4078 2569 4149 depugnare
2621 4080 3042 4150 blasphemiam.
3076 4092 3133 4141 et
3187 4084 3478 4155 suscipere

1898 4170 2106 4226 bellum
2170 4188 2266 4241 pro
2298 4173 2563 4228 Ecclesia.
2597 4174 2776 4243 Atque
2814 4174 2901 4235 isti
2953 4175 3179 4245 quidem
3219 4177 3473 4246 profecti,

1901 4262 2019 4319 haec
2054 4264 2455 4333 signiﬁcarunt.
2490 4264 2760 4331 Quoniam
2791 4282 2921 4323 vero
2953 4278 3148 4323 sancto
3175 4276 3297 4323 erat
3320 4269 3478 4325 valde

1900 4358 2119 4412 difﬁcile
2154 4374 2183 4411 e
2233 4358 2486 4415 columna
2528 4357 2890 4422 descendere,
2929 4371 2986 4415 et
3021 4362 3310 4422 renuebat,
3343 4362 3476 4432 quid

1902 4466 2095 4505 rursus
2134 4451 2485 4506 machinatur
2532 4452 2866 4521 patriarcha,
2905 4453 3095 4509 volens
3151 4469 3285 4525 eum
3312 4450 3380 4509 ad
3425 4454 3477 4512 id

199 4528 362 4611 ταθεν
393 4528 633 4622 κάμψειν
664 4549 985 4619 ἐπιχειρεῖν,
1020 4545 1283 4615 Μίμησαί
1344 4561 1457 4604 σου,
1514 4543 1783 4611 λέγοντας.

1904 4542 2169 4598 ﬂectere?
2202 4541 2417 4598 Rursus
2471 4542 2642 4597 mittit
2674 4543 2989 4612 episcopos,
3038 4543 3241 4612 iubens
3293 4560 3389 4599 eos
3424 4544 3476 4598 ei

199 4648 303 4700 τὸν
340 4645 553 4712 πρῶτον
574 4639 892 4711 καθηγητὴν
925 4640 1014 4692 καὶ
1049 4635 1389 4690 διδάσκαλον.
1436 4636 1526 4688 Ἐν
1555 4635 1664 4705 γὰρ
1686 4637 1795 4695 τοῖς

200 4742 351 4810 ὑπὲρ
382 4734 621 4809 Χριστοῦ
651 4734 717 4787 τὰ
749 4730 985 4802 Χριστοῦ
1019 4728 1308 4801 μιμεῖσθαι
1350 4728 1533 4782 καλόν.
1577 4728 1795 4782 Ἕκλινε

200 4834 464 4894 κακεῖνος
497 4828 780 4899 οὐρανοὺς,
811 4826 908 4878 καὶ
956 4823 1163 4891 κατέϐη
1209 4820 1309 4891 τὴν
1351 4822 1460 4873 τῶν
1494 4819 1798 4890 ἀνθρώπων

205 4920 739 4994 πραγματευόμενος
771 4915 1066 4986 σωτηρίαν.
1121 4914 1185 4967 Τί
1233 4908 1327 4967 οὖν
1359 4913 1560 4966 ἁτοπον
1595 4915 1689 4967 καὶ
1738 4914 1799 4967 σέ

207 5014 311 5073 τοῦ
348 5012 540 5067 στύλου
577 5002 712 5078 πρὸς
746 5007 918 5077 βραχὺ
969 5004 1276 5068 κατελθεῖν,
1314 5006 1407 5057 καὶ
1450 5001 1799 5057 κινδυνεύου-

210 5124 319 5160 σαν
366 5102 667 5158 ἀπολέσθαι
721 5099 893 5153 σῶσαι
938 5098 1040 5166 τὴν
1078 5096 1432 5166 Ἐκκλησίαν,
1479 5096 1618 5167 ὑπὲρ
1644 5091 1712 5168 ἧς
1741 5095 1800 5147 δν

209 5200 379 5260 αὐτὸς
425 5197 600 5265 φιλεῖς
635 5195 729 5248 καὶ
778 5191 873 5247 τοῦ
933 5192 1062 5245 ίδίου
1096 5190 1328 5260 αἵματος
1375 5190 1473 5241 οὐκ
1506 5189 1797 5257 ipsinam;

208 5292 401 5359 Αὖτήν
453 5306 535 5342 σοι
583 5287 735 5340 δόκει
788 5283 1132 5354 παρεστάναι
1174 5280 1271 5352 τὴν
1312 5280 1656 5351 Ἐκκλησίαν,
1707 5282 1802 5335 καὶ

210 5382 405 5452 φωνὴν
437 5380 681 5449 ἀφιέναι,
712 5378 803 5431 καὶ
833 5378 1022 5446 χεῖρας
1053 5376 1133 5439 είς
1160 5374 1483 5441 ἐπικουρίαν
1514 5374 1795 5429 ἐκτείνειν.

1907 4651 2176 4706 apparere
2236 4644 2483 4696 mmstos,
2515 4636 2705 4705 utique
2755 4636 3169 4692 miserabilibus
3193 4645 3251 4691 et
3294 4636 3479 4693 verbis

1908 4738 1963 4783 et
1998 4728 2244 4799 gestibus
2270 4744 2285 4789 ;
2313 4737 2368 4782 et
2392 4727 2731 4798 profundere
2760 4727 3053 4800 lacrymas,
3083 4729 3481 4784 validissimum

1910 4819 2370 4873 medicamentum
2406 4817 2473 4871 ad
2510 4818 2946 4887 persuasionem,
2975 4829 3032 4874 et
3066 4821 3217 4881 omni
3267 4820 3488 4875 ratione

1906 4914 2097 4969 conari
2152 4929 2279 4968 eum
2315 4913 2559 4975 flectere,
2621 4913 2869 4978 Imitare,
2930 4912 3203 4979 dicentes,
3240 4913 3488 4982 primum

1908 5007 2231 5076 magistrum
2258 5017 2313 5061 et
2372 5018 2789 5076 praeceptorem.
2825 5005 2881 5060 In
2918 5006 2988 5060 iis
3017 5006 3162 5059 enim
3188 5020 3310 5075 qua
3352 5014 3485 5059 sunt

1907 5100 2159 5154 facienda
2183 5116 2284 5170 pro
2312 5100 2553 5164 Christo,
2581 5100 2871 5169 pulchrum
2916 5106 3001 5152 est
3032 5096 3316 5152 Christum
3360 5096 3485 5151 imi-

1909 5195 2031 5248 tari.
2071 5194 2375 5249 Declinavit
2419 5193 2512 5249 ille
2557 5208 2779 5263 quoque
2821 5208 2854 5247 e
2892 5190 3051 5247 curiis
3080 5200 3137 5245 et
3171 5175 3487 5256 descendit,

1907 5301 2214 5356 procurans
2245 5286 2477 5340 salutem
2537 5284 2845 5339 hominum.
2880 5281 3023 5369 quid
3080 5297 3214 5352 ergo
3258 5280 3486 5335 absurdi

1911 5376 2099 5439 fuerit,
2132 5378 2176 5431 si
2212 5386 2267 5430 tu
2311 5390 2533 5445 quoque
2565 5376 2964 5445 aliquantisper
3015 5390 3047 5429 e
3074 5375 3332 5429 columna
3387 5369 3486 5427 de-

205 5471 521 5534 scenderis,
558 5479 617 5526 et
659 5486 779 5541 quae
812 5468 963 5523 venit
995 5468 1050 5522 in
1082 5467 1415 5538 periculum,
1472 5482 1542 5520 ne
1592 5479 1798 5536 pereat,
1840 5470 2081 5524 servaris
2110 5469 2434 5531 Ecclesiam,
2471 5486 2569 5541 pro
2599 5468 2706 5540 qua
2737 5469 2852 5539 ipse
2917 5484 3036 5524 eam
3094 5482 3289 5522 amans
3355 5480 3485 5536 pro-

207 5571 339 5640 prio
371 5583 482 5623 non
534 5567 781 5637 pepercit
847 5563 1159 5635 sanguini?
1206 5562 1473 5617 Existima
1525 5562 1622 5617 tibi
1694 5563 1868 5633 ipsam
1910 5576 2091 5621 astare
2120 5566 2449 5633 Ecclesiam,
2480 5577 2536 5621 et
2570 5581 2760 5622 vocem
2784 5566 3063 5633 emittere,
3091 5576 3148 5621 et
3174 5562 3477 5621 extendere

209 5675 413 5717 manus
432 5658 503 5713 ad
518 5657 807 5712 auxilium.

289 5751 424 5806 ΜΓ.
454 5749 678 5814 Τούτοις
706 5750 800 5805 καὶ
847 5747 1032 5810 ἄλλοις
1061 5748 1273 5804 πλείοσι
1301 5751 1425 5831 τοὺς
1465 5754 1799 5816 ἐπισκόπους

216 5845 384 5901 οἷονεὶ
412 5841 818 5916 προπαιδεύ-ιας
842 5842 868 5894 ὁ
897 5844 1263 5919 πατριάρχης,
1284 5844 1372 5897 καὶ
1399 5845 1535 5911 ὅλως
1567 5861 1771 5914 mpure

1978 5752 2165 5809 XLIII.
2194 5752 2327 5807 Cum
2362 5752 2448 5805 bis
2474 5760 2530 5807 et
2552 5751 2677 5806 aliis
2706 5750 2961 5822 pluribus
2991 5749 3285 5817 episcopos
3320 5746 3479 5816 prius

1904 5838 2256 5917 instruxisset
2285 5845 2619 5908 patriarcha,
2656 5852 2711 5899 et
2746 5841 2971 5899 omnino
3003 5839 3363 5902 exercuisset,
3416 5845 3479 5891 ut
