  <div class='ocr_page' id='page_1' title='image "/cluster/home/n/w/nwhite01/storage/ocr_20150623/116/nnc1.0046980156/583.png"; bbox 0 0 4214 6444; ppageno 0'>
   <div class='ocr_carea' id='block_1_1' title="bbox 826 355 966 422">
    <p class='ocr_par' dir='ltr' id='par_1_1' title="bbox 826 355 966 422">
     <span class='ocr_line' id='line_1_1' title="bbox 826 355 966 422; baseline -0.029 0"><span class='ocrx_word' id='word_1_1' title='bbox 826 355 966 422; x_wconf 70' lang='grc'>1023</span> 
     </span>
    </p>
   </div>
   <div class='ocr_carea' id='block_1_2' title="bbox 1955 358 2914 425">
    <p class='ocr_par' dir='ltr' id='par_1_2' title="bbox 1955 358 2914 425">
     <span class='ocr_line' id='line_1_2' title="bbox 1955 358 2914 425; baseline 0.007 -8"><span class='ocrx_word' id='word_1_2' title='bbox 1955 359 2314 420; x_wconf 63' lang='grc' dir='ltr'><strong>ΑΒΟΕΝΒᾹ</strong></span> <span class='ocrx_word' id='word_1_3' title='bbox 2371 385 2440 394; x_wconf 91' lang='grc'><strong>-</strong></span> <span class='ocrx_word' id='word_1_4' title='bbox 2480 358 2914 425; x_wconf 63' lang='grc' dir='ltr'><strong>οΕαΕξιπΒΕῐπι.</strong></span> 
     </span>
    </p>
   </div>
   <div class='ocr_carea' id='block_1_3' title="bbox 3972 358 4104 422">
    <p class='ocr_par' dir='ltr' id='par_1_3' title="bbox 3972 358 4104 422">
     <span class='ocr_line' id='line_1_3' title="bbox 3972 358 4104 422; baseline -0.008 0"><span class='ocrx_word' id='word_1_5' title='bbox 3972 358 4104 422; x_wconf 69' lang='grc'><strong>1024</strong></span> 
     </span>
    </p>
   </div>
   <div class='ocr_carea' id='block_1_4' title="bbox 823 465 2487 538">
    <p class='ocr_par' dir='ltr' id='par_1_4' title="bbox 823 468 2466 538">
     <span class='ocr_line' id='line_1_4' title="bbox 823 468 2466 538; baseline -0.001 -14"><span class='ocrx_word' id='word_1_6' title='bbox 823 469 1107 538; x_wconf 82' lang='lat' dir='ltr'><strong>aptissime</strong></span> <span class='ocrx_word' id='word_1_7' title='bbox 1135 468 1202 523; x_wconf 85' lang='lat' dir='ltr'><strong>ad</strong></span> <span class='ocrx_word' id='word_1_8' title='bbox 1239 469 1563 524; x_wconf 74' lang='lat' dir='ltr'><strong>movendam</strong></span> <span class='ocrx_word' id='word_1_9' title='bbox 1584 469 2046 532; x_wconf 78' lang='lat' dir='ltr'><strong>misericordiam,</strong></span> <span class='ocrx_word' id='word_1_10' title='bbox 2067 479 2123 524; x_wconf 91' lang='lat' dir='ltr'><strong>et</strong></span> <span class='ocrx_word' id='word_1_11' title='bbox 2156 469 2392 523; x_wconf 86' lang='lat' dir='ltr'><strong>maxime</strong></span> <span class='ocrx_word' id='word_1_12' title='bbox 2423 477 2466 531; x_wconf 75' lang='grc' dir='ltr'><strong>Α</strong></span> 
     </span>
    </p>
   </div>
   <div class='ocr_carea' id='block_1_5' title="bbox 2439 465 4103 538">
    <p class='ocr_par' dir='ltr' id='par_1_5' title="bbox 2439 465 4103 537">
     <span class='ocr_line' id='line_1_5' title="bbox 2439 465 4103 537; baseline -0.001 -19"><span class='ocrx_word' id='word_1_13' title='bbox 2439 477 2466 531; x_wconf 64' lang='grc' dir='ltr'>ι</span> <span class='ocrx_word' id='word_1_14' title='bbox 2500 468 2735 520; x_wconf 79' lang='grc' dir='ltr'><strong>θέσεατα</strong></span> <span class='ocrx_word' id='word_1_15' title='bbox 2761 466 2860 537; x_wconf 78' lang='grc' dir='ltr'><strong>τὴν</strong></span> <span class='ocrx_word' id='word_1_16' title='bbox 2889 465 3110 534; x_wconf 73' lang='grc' dir='ltr'><strong>αἴτησιν</strong></span> <span class='ocrx_word' id='word_1_17' title='bbox 3140 465 3396 520; x_wconf 70' lang='grc' dir='ltr'><strong>ὑπελθεῖν</strong></span> <span class='ocrx_word' id='word_1_18' title='bbox 3424 467 3848 536; x_wconf 68' lang='grc' dir='ltr'><strong>προγυμνάσας,</strong></span> <span class='ocrx_word' id='word_1_19' title='bbox 3883 465 4103 533; x_wconf 73' lang='grc' dir='ltr'><strong>ἐκπέμο</strong></span> 
     </span>
    </p>
   </div>
   <div class='ocr_carea' id='block_1_6' title="bbox 823 561 2391 633">
    <p class='ocr_par' dir='ltr' id='par_1_6' title="bbox 823 561 2391 633">
     <span class='ocr_line' id='line_1_6' title="bbox 823 561 2391 633; baseline -0.001 -16"><span class='ocrx_word' id='word_1_20' title='bbox 823 563 1211 618; x_wconf 73' lang='lat' dir='ltr'><strong>miserabiliter</strong></span> <span class='ocrx_word' id='word_1_21' title='bbox 1266 561 1333 616; x_wconf 87' lang='lat' dir='ltr'><strong>ad</strong></span> <span class='ocrx_word' id='word_1_22' title='bbox 1388 562 1799 633; x_wconf 86' lang='lat' dir='ltr'><strong>proponendam</strong></span> <span class='ocrx_word' id='word_1_23' title='bbox 1864 562 2190 617; x_wconf 87' lang='lat' dir='ltr'><strong>accederent</strong></span> <span class='ocrx_word' id='word_1_24' title='bbox 2251 563 2391 631; x_wconf 86' lang='lat' dir='ltr'><strong>peti-</strong></span> 
     </span>
    </p>
   </div>
   <div class='ocr_carea' id='block_1_7' title="bbox 828 656 2390 724">
    <p class='ocr_par' dir='ltr' id='par_1_7' title="bbox 828 656 2390 724">
     <span class='ocr_line' id='line_1_7' title="bbox 828 656 2390 724; baseline 0.001 -16"><span class='ocrx_word' id='word_1_25' title='bbox 828 660 1076 720; x_wconf 88' lang='lat' dir='ltr'><strong>tionem;</strong></span> <span class='ocrx_word' id='word_1_26' title='bbox 1124 656 1231 710; x_wconf 87' lang='lat' dir='ltr'><strong>illis</strong></span> <span class='ocrx_word' id='word_1_27' title='bbox 1269 667 1454 710; x_wconf 88' lang='lat' dir='ltr'><strong>autem</strong></span> <span class='ocrx_word' id='word_1_28' title='bbox 1489 656 1755 724; x_wconf 86' lang='lat' dir='ltr'><strong>imperata</strong></span> <span class='ocrx_word' id='word_1_29' title='bbox 1797 656 2149 720; x_wconf 73' lang='lat' dir='ltr'><strong>facientibus,</strong></span> <span class='ocrx_word' id='word_1_30' title='bbox 2194 667 2249 709; x_wconf 91' lang='lat' dir='ltr'><strong>et</strong></span> <span class='ocrx_word' id='word_1_31' title='bbox 2302 658 2390 709; x_wconf 83' lang='lat' dir='ltr'><strong>in-</strong></span> 
     </span>
    </p>
   </div>
   <div class='ocr_carea' id='block_1_8' title="bbox 823 745 2388 817">
    <p class='ocr_par' dir='ltr' id='par_1_8' title="bbox 823 745 2388 817">
     <span class='ocr_line' id='line_1_8' title="bbox 823 745 2388 817; baseline 0 -17"><span class='ocrx_word' id='word_1_32' title='bbox 823 747 978 800; x_wconf 82' lang='lat' dir='ltr'><strong>ferne</strong></span> <span class='ocrx_word' id='word_1_33' title='bbox 1008 745 1313 816; x_wconf 83' lang='lat' dir='ltr'><strong>supplicum</strong></span> <span class='ocrx_word' id='word_1_34' title='bbox 1370 746 1480 800; x_wconf 93' lang='lat' dir='ltr'><strong>ritu</strong></span> <span class='ocrx_word' id='word_1_35' title='bbox 1530 761 1654 798; x_wconf 84' lang='lat' dir='ltr'><strong>cum</strong></span> <span class='ocrx_word' id='word_1_36' title='bbox 1687 747 1946 817; x_wconf 87' lang='lat' dir='ltr'><strong>lacrymis</strong></span> <span class='ocrx_word' id='word_1_37' title='bbox 1997 748 2388 813; x_wconf 88' lang='lat' dir='ltr'><strong>clamantibus,</strong></span> 
     </span>
    </p>
   </div>
   <div class='ocr_carea' id='block_1_9' title="bbox 827 836 2391 911">
    <p class='ocr_par' dir='ltr' id='par_1_9' title="bbox 827 836 2391 911">
     <span class='ocr_line' id='line_1_9' title="bbox 827 836 2391 911; baseline 0.004 -22"><span class='ocrx_word' id='word_1_38' title='bbox 827 838 1062 906; x_wconf 84' lang='lat' dir='ltr'><strong>primum</strong></span> <span class='ocrx_word' id='word_1_39' title='bbox 1117 836 1340 906; x_wconf 86' lang='lat' dir='ltr'><strong>quidem</strong></span> <span class='ocrx_word' id='word_1_40' title='bbox 1402 853 1466 892; x_wconf 88' lang='lat' dir='ltr'><strong>ea</strong></span> <span class='ocrx_word' id='word_1_41' title='bbox 1505 853 1627 907; x_wconf 74' lang='lat' dir='ltr'><strong>quae</strong></span> <span class='ocrx_word' id='word_1_42' title='bbox 1692 839 1914 902; x_wconf 81' lang='lat' dir='ltr'><strong>ﬂebant,</strong></span> <span class='ocrx_word' id='word_1_43' title='bbox 1970 857 2115 911; x_wconf 58' lang='lat' dir='ltr'><strong>aegre</strong></span> <span class='ocrx_word' id='word_1_44' title='bbox 2174 840 2391 896; x_wconf 80' lang='lat' dir='ltr'><strong>ferebat</strong></span> 
     </span>
    </p>
   </div>
   <div class='ocr_carea' id='block_1_10' title="bbox 825 931 2392 1001">
    <p class='ocr_par' dir='ltr' id='par_1_10' title="bbox 825 931 2392 1001">
     <span class='ocr_line' id='line_1_10' title="bbox 825 931 2392 1001; baseline 0.004 -18"><span class='ocrx_word' id='word_1_45' title='bbox 825 941 1071 996; x_wconf 78' lang='lat' dir='ltr'><strong>sanctus,</strong></span> <span class='ocrx_word' id='word_1_46' title='bbox 1107 941 1163 986; x_wconf 93' lang='lat' dir='ltr'><strong>et</strong></span> <span class='ocrx_word' id='word_1_47' title='bbox 1191 931 1496 1001; x_wconf 64' lang='lat' dir='ltr'><strong>angebatur</strong></span> <span class='ocrx_word' id='word_1_48' title='bbox 1550 934 1752 986; x_wconf 91' lang='lat' dir='ltr'><strong>animo.</strong></span> <span class='ocrx_word' id='word_1_49' title='bbox 1789 934 1996 988; x_wconf 88' lang='lat' dir='ltr'><strong>Deinde</strong></span> <span class='ocrx_word' id='word_1_50' title='bbox 2025 950 2149 988; x_wconf 90' lang='lat' dir='ltr'><strong>cum</strong></span> <span class='ocrx_word' id='word_1_51' title='bbox 2179 935 2392 989; x_wconf 87' lang='lat' dir='ltr'><strong>videret</strong></span> 
     </span>
    </p>
   </div>
   <div class='ocr_carea' id='block_1_11' title="bbox 828 1023 2389 1095">
    <p class='ocr_par' dir='ltr' id='par_1_11' title="bbox 828 1023 2389 1095">
     <span class='ocr_line' id='line_1_11' title="bbox 828 1023 2389 1095; baseline 0.007 -24"><span class='ocrx_word' id='word_1_52' title='bbox 828 1023 999 1092; x_wconf 73' lang='lat' dir='ltr'><strong>magis</strong></span> <span class='ocrx_word' id='word_1_53' title='bbox 1031 1033 1464 1090; x_wconf 86' lang='lat' dir='ltr'><strong>perseverantes,</strong></span> <span class='ocrx_word' id='word_1_54' title='bbox 1525 1033 1581 1078; x_wconf 92' lang='lat' dir='ltr'><strong>et</strong></span> <span class='ocrx_word' id='word_1_55' title='bbox 1637 1025 2024 1080; x_wconf 79' lang='lat' dir='ltr'><strong>vehementius</strong></span> <span class='ocrx_word' id='word_1_56' title='bbox 2077 1038 2389 1095; x_wconf 84' lang='lat' dir='ltr'><strong>precantes,</strong></span> 
     </span>
    </p>
   </div>
   <div class='ocr_carea' id='block_1_12' title="bbox 827 1113 2393 1189">
    <p class='ocr_par' dir='ltr' id='par_1_12' title="bbox 827 1113 2393 1189">
     <span class='ocr_line' id='line_1_12' title="bbox 827 1113 2393 1189; baseline 0.006 -24"><span class='ocrx_word' id='word_1_57' title='bbox 827 1121 882 1166; x_wconf 81' lang='lat' dir='ltr'><strong>et</strong></span> <span class='ocrx_word' id='word_1_58' title='bbox 910 1128 1034 1166; x_wconf 90' lang='lat' dir='ltr'><strong>cum</strong></span> <span class='ocrx_word' id='word_1_59' title='bbox 1083 1113 1384 1167; x_wconf 83' lang='lat' dir='ltr'><strong>miserabili</strong></span> <span class='ocrx_word' id='word_1_60' title='bbox 1411 1115 1654 1176; x_wconf 84' lang='lat' dir='ltr'><strong>clamore</strong></span> <span class='ocrx_word' id='word_1_61' title='bbox 1683 1118 1891 1170; x_wconf 87' lang='lat' dir='ltr'><strong>calidas</strong></span> <span class='ocrx_word' id='word_1_62' title='bbox 1935 1118 2202 1189; x_wconf 82' lang='lat' dir='ltr'><strong>lacrymas</strong></span> <span class='ocrx_word' id='word_1_63' title='bbox 2229 1121 2393 1174; x_wconf 74' lang='lat' dir='ltr'><strong>emit-</strong></span> 
     </span>
    </p>
   </div>
   <div class='ocr_carea' id='block_1_13' title="bbox 832 1206 2393 1276">
    <p class='ocr_par' dir='ltr' id='par_1_13' title="bbox 832 1206 2393 1276">
     <span class='ocr_line' id='line_1_13' title="bbox 832 1206 2393 1276; baseline 0.008 -21"><span class='ocrx_word' id='word_1_64' title='bbox 832 1215 1029 1268; x_wconf 83' lang='lat' dir='ltr'><strong>tentes,</strong></span> <span class='ocrx_word' id='word_1_65' title='bbox 1059 1206 1340 1260; x_wconf 83' lang='lat' dir='ltr'><strong>nesciebat</strong></span> <span class='ocrx_word' id='word_1_66' title='bbox 1377 1206 1509 1274; x_wconf 89' lang='lat' dir='ltr'><strong>quid</strong></span> <span class='ocrx_word' id='word_1_67' title='bbox 1550 1219 1735 1276; x_wconf 80' lang='lat' dir='ltr'><strong>ageret</strong></span> <span class='ocrx_word' id='word_1_68' title='bbox 1798 1210 1887 1262; x_wconf 91' lang='lat' dir='ltr'><strong>illa</strong></span> <span class='ocrx_word' id='word_1_69' title='bbox 1923 1212 2239 1267; x_wconf 75' lang='lat' dir='ltr'><strong>misericors</strong></span> <span class='ocrx_word' id='word_1_70' title='bbox 2277 1213 2393 1267; x_wconf 82' lang='lat' dir='ltr'><strong>ani-</strong></span> 
     </span>
    </p>
   </div>
   <div class='ocr_carea' id='block_1_14' title="bbox 832 1297 2395 1368">
    <p class='ocr_par' dir='ltr' id='par_1_14' title="bbox 832 1297 2395 1368">
     <span class='ocr_line' id='line_1_14' title="bbox 832 1297 2395 1368; baseline 0.008 -21"><span class='ocrx_word' id='word_1_71' title='bbox 832 1311 938 1358; x_wconf 88' lang='lat' dir='ltr'><strong>ma,</strong></span> <span class='ocrx_word' id='word_1_72' title='bbox 977 1297 1044 1350; x_wconf 89' lang='lat' dir='ltr'><strong>ad</strong></span> <span class='ocrx_word' id='word_1_73' title='bbox 1103 1309 1362 1367; x_wconf 78' lang='lat' dir='ltr'><strong>utrasque</strong></span> <span class='ocrx_word' id='word_1_74' title='bbox 1413 1299 1671 1354; x_wconf 87' lang='lat' dir='ltr'><strong>distracta</strong></span> <span class='ocrx_word' id='word_1_75' title='bbox 1727 1301 2106 1368; x_wconf 76' lang='lat' dir='ltr'><strong>cogitationes.</strong></span> <span class='ocrx_word' id='word_1_76' title='bbox 2165 1303 2395 1368; x_wconf 84' lang='lat' dir='ltr'><strong>Quando</strong></span> 
     </span>
    </p>
   </div>
   <div class='ocr_carea' id='block_1_15' title="bbox 827 1387 2397 1452">
    <p class='ocr_par' dir='ltr' id='par_1_15' title="bbox 827 1387 2397 1452">
     <span class='ocr_line' id='line_1_15' title="bbox 827 1387 2397 1452; baseline 0.008 -13"><span class='ocrx_word' id='word_1_77' title='bbox 827 1387 974 1441; x_wconf 89' lang='lat' dir='ltr'><strong>enim</strong></span> <span class='ocrx_word' id='word_1_78' title='bbox 1002 1389 1070 1442; x_wconf 89' lang='lat' dir='ltr'><strong>ad</strong></span> <span class='ocrx_word' id='word_1_79' title='bbox 1097 1391 1434 1452; x_wconf 87' lang='lat' dir='ltr'><strong>sacerdotes.</strong></span> <span class='ocrx_word' id='word_1_80' title='bbox 1471 1401 1526 1446; x_wconf 91' lang='lat' dir='ltr'><strong>et</strong></span> <span class='ocrx_word' id='word_1_81' title='bbox 1561 1392 1626 1445; x_wconf 90' lang='lat' dir='ltr'><strong>ad</strong></span> <span class='ocrx_word' id='word_1_82' title='bbox 1673 1393 2018 1448; x_wconf 73' lang='lat' dir='ltr'><strong>sacerdotum</strong></span> <span class='ocrx_word' id='word_1_83' title='bbox 2079 1395 2397 1450; x_wconf 81' lang='lat' dir='ltr'><strong>intuebatur</strong></span> 
     </span>
    </p>
   </div>
   <div class='ocr_carea' id='block_1_16' title="bbox 826 1481 2393 1554">
    <p class='ocr_par' dir='ltr' id='par_1_16' title="bbox 826 1481 2393 1554">
     <span class='ocr_line' id='line_1_16' title="bbox 826 1481 2393 1554; baseline 0.006 -20"><span class='ocrx_word' id='word_1_84' title='bbox 826 1481 1113 1552; x_wconf 81' lang='lat' dir='ltr'><strong>lat-rymas,</strong></span> <span class='ocrx_word' id='word_1_85' title='bbox 1140 1483 1461 1538; x_wconf 81' lang='lat' dir='ltr'><strong>movebatur</strong></span> <span class='ocrx_word' id='word_1_86' title='bbox 1488 1504 1501 1551; x_wconf 90' lang='lat'><strong>;</strong></span> <span class='ocrx_word' id='word_1_87' title='bbox 1535 1486 1756 1554; x_wconf 88' lang='lat' dir='ltr'><strong>quando</strong></span> <span class='ocrx_word' id='word_1_88' title='bbox 1779 1495 1960 1540; x_wconf 88' lang='lat' dir='ltr'><strong>autem</strong></span> <span class='ocrx_word' id='word_1_89' title='bbox 1985 1487 2051 1542; x_wconf 90' lang='lat' dir='ltr'><strong>ad</strong></span> <span class='ocrx_word' id='word_1_90' title='bbox 2081 1489 2393 1543; x_wconf 78' lang='lat' dir='ltr'><strong>columnam</strong></span> 
     </span>
    </p>
   </div>
   <div class='ocr_carea' id='block_1_17' title="bbox 827 1576 2397 1648">
    <p class='ocr_par' dir='ltr' id='par_1_17' title="bbox 827 1576 2397 1648">
     <span class='ocr_line' id='line_1_17' title="bbox 827 1576 2397 1648; baseline 0.008 -24"><span class='ocrx_word' id='word_1_91' title='bbox 827 1583 881 1625; x_wconf 83' lang='lat' dir='ltr'><strong>et</strong></span> <span class='ocrx_word' id='word_1_92' title='bbox 910 1588 1004 1626; x_wconf 89' lang='lat' dir='ltr'><strong>eos</strong></span> <span class='ocrx_word' id='word_1_93' title='bbox 1037 1576 1133 1643; x_wconf 90' lang='lat' dir='ltr'><strong>qui</strong></span> <span class='ocrx_word' id='word_1_94' title='bbox 1158 1587 1288 1630; x_wconf 88' lang='lat' dir='ltr'><strong>sunt</strong></span> <span class='ocrx_word' id='word_1_95' title='bbox 1344 1576 1398 1630; x_wconf 94' lang='lat' dir='ltr'><strong>in</strong></span> <span class='ocrx_word' id='word_1_96' title='bbox 1444 1591 1506 1630; x_wconf 92' lang='lat' dir='ltr'><strong>ea</strong></span> <span class='ocrx_word' id='word_1_97' title='bbox 1549 1577 1784 1642; x_wconf 81' lang='lat' dir='ltr'><strong>labores,</strong></span> <span class='ocrx_word' id='word_1_98' title='bbox 1836 1587 1892 1633; x_wconf 92' lang='lat' dir='ltr'><strong>et</strong></span> <span class='ocrx_word' id='word_1_99' title='bbox 1941 1579 2397 1648; x_wconf 86' lang='lat' dir='ltr'><strong>optabilissimam</strong></span> 
     </span>
    </p>
   </div>
   <div class='ocr_carea' id='block_1_18' title="bbox 829 1665 2395 1741">
    <p class='ocr_par' dir='ltr' id='par_1_18' title="bbox 829 1665 2395 1741">
     <span class='ocr_line' id='line_1_18' title="bbox 829 1665 2395 1741; baseline 0.01 -28"><span class='ocrx_word' id='word_1_100' title='bbox 829 1665 1097 1730; x_wconf 85' lang='lat' dir='ltr'><strong>quietem.</strong></span> <span class='ocrx_word' id='word_1_101' title='bbox 1131 1675 1251 1720; x_wconf 90' lang='lat' dir='ltr'><strong>erat</strong></span> <span class='ocrx_word' id='word_1_102' title='bbox 1302 1669 1638 1722; x_wconf 82' lang='lat' dir='ltr'><strong>inﬂexibilis.</strong></span> <span class='ocrx_word' id='word_1_103' title='bbox 1675 1669 1764 1725; x_wconf 89' lang='lat' dir='ltr'><strong>Sic</strong></span> <span class='ocrx_word' id='word_1_104' title='bbox 1795 1684 1928 1741; x_wconf 70' lang='lat' dir='ltr'><strong>ergo</strong></span> <span class='ocrx_word' id='word_1_105' title='bbox 1969 1671 2111 1726; x_wconf 87' lang='lat' dir='ltr'><strong>inter</strong></span> <span class='ocrx_word' id='word_1_106' title='bbox 2164 1689 2224 1727; x_wconf 87' lang='lat' dir='ltr'><strong>se</strong></span> <span class='ocrx_word' id='word_1_107' title='bbox 2262 1689 2395 1728; x_wconf 81' lang='lat' dir='ltr'><strong>con—</strong></span> 
     </span>
    </p>
   </div>
   <div class='ocr_carea' id='block_1_19' title="bbox 827 1752 2395 1834">
    <p class='ocr_par' dir='ltr' id='par_1_19' title="bbox 827 1752 2395 1834">
     <span class='ocr_line' id='line_1_19' title="bbox 827 1752 2395 1834; baseline 0.01 -29"><span class='ocrx_word' id='word_1_108' title='bbox 827 1756 1183 1811; x_wconf 78' lang='lat' dir='ltr'><strong>tendentibus</strong></span> <span class='ocrx_word' id='word_1_109' title='bbox 1229 1759 1679 1828; x_wconf 78' lang='lat' dir='ltr'><strong>cogitationibus.</strong></span> <span class='ocrx_word' id='word_1_110' title='bbox 1716 1773 1770 1816; x_wconf 89' lang='lat' dir='ltr'><strong>et</strong></span> <span class='ocrx_word' id='word_1_111' title='bbox 1803 1763 1857 1816; x_wconf 92' lang='lat' dir='ltr'><strong>in</strong></span> <span class='ocrx_word' id='word_1_112' title='bbox 1893 1762 2204 1832; x_wconf 64' lang='lat' dir='ltr'><strong>aequilibrio</strong></span> <span class='ocrx_word' id='word_1_113' title='bbox 2256 1752 2395 1834; x_wconf 75' lang='lat' dir='ltr'><strong>quo-</strong></span> 
     </span>
    </p>
   </div>
   <div class='ocr_carea' id='block_1_20' title="bbox 827 1848 2398 1926">
    <p class='ocr_par' dir='ltr' id='par_1_20' title="bbox 827 1848 2398 1926">
     <span class='ocr_line' id='line_1_20' title="bbox 827 1848 2398 1926; baseline 0.009 -28"><span class='ocrx_word' id='word_1_114' title='bbox 827 1848 1120 1901; x_wconf 81' lang='lat' dir='ltr'><strong>dummodo</strong></span> <span class='ocrx_word' id='word_1_115' title='bbox 1153 1851 1364 1916; x_wconf 84' lang='lat' dir='ltr'><strong>positis.</strong></span> <span class='ocrx_word' id='word_1_116' title='bbox 1425 1854 1621 1920; x_wconf 73' lang='lat' dir='ltr'><strong>quaerit</strong></span> <span class='ocrx_word' id='word_1_117' title='bbox 1654 1863 1995 1908; x_wconf 88' lang='lat' dir='ltr'><strong>momentum</strong></span> <span class='ocrx_word' id='word_1_118' title='bbox 2053 1856 2276 1924; x_wconf 86' lang='lat' dir='ltr'><strong>superni</strong></span> <span class='ocrx_word' id='word_1_119' title='bbox 2305 1857 2398 1926; x_wconf 84' lang='lat' dir='ltr'><strong>ju-</strong></span> 
     </span>
    </p>
   </div>
   <div class='ocr_carea' id='block_1_21' title="bbox 825 1940 2394 2008">
    <p class='ocr_par' dir='ltr' id='par_1_21' title="bbox 825 1940 2394 2008">
     <span class='ocr_line' id='line_1_21' title="bbox 825 1940 2394 2008; baseline 0.01 -17"><span class='ocrx_word' id='word_1_120' title='bbox 825 1940 951 1992; x_wconf 87' lang='lat' dir='ltr'><strong>dicii</strong></span> <span class='ocrx_word' id='word_1_121' title='bbox 983 1958 997 2002; x_wconf 83' lang='lat'><strong>;</strong></span> <span class='ocrx_word' id='word_1_122' title='bbox 1029 1950 1082 1995; x_wconf 89' lang='lat' dir='ltr'><strong>et</strong></span> <span class='ocrx_word' id='word_1_123' title='bbox 1141 1958 1206 1996; x_wconf 89' lang='lat' dir='ltr'><strong>eo</strong></span> <span class='ocrx_word' id='word_1_124' title='bbox 1253 1953 1434 1998; x_wconf 75' lang='lat' dir='ltr'><strong>stante</strong></span> <span class='ocrx_word' id='word_1_125' title='bbox 1485 1946 1551 1999; x_wconf 92' lang='lat' dir='ltr'><strong>ad</strong></span> <span class='ocrx_word' id='word_1_126' title='bbox 1601 1947 1924 2008; x_wconf 79' lang='lat' dir='ltr'><strong>orationem,</strong></span> <span class='ocrx_word' id='word_1_127' title='bbox 1985 1964 2086 2004; x_wconf 86' lang='lat' dir='ltr'><strong>vox</strong></span> <span class='ocrx_word' id='word_1_128' title='bbox 2144 1951 2330 2004; x_wconf 88' lang='lat' dir='ltr'><strong>statim</strong></span> <span class='ocrx_word' id='word_1_129' title='bbox 2363 1969 2394 2007; x_wconf 89' lang='lat' dir='ltr'><strong>e</strong></span> 
     </span>
    </p>
   </div>
   <div class='ocr_carea' id='block_1_22' title="bbox 827 2034 2396 2107">
    <p class='ocr_par' dir='ltr' id='par_1_22' title="bbox 827 2034 2396 2107">
     <span class='ocr_line' id='line_1_22' title="bbox 827 2034 2396 2107; baseline 0.009 -23"><span class='ocrx_word' id='word_1_130' title='bbox 827 2034 965 2086; x_wconf 80' lang='lat' dir='ltr'><strong>ctelo</strong></span> <span class='ocrx_word' id='word_1_131' title='bbox 1019 2035 1253 2099; x_wconf 81' lang='lat' dir='ltr'><strong>exsistit,</strong></span> <span class='ocrx_word' id='word_1_132' title='bbox 1289 2052 1408 2105; x_wconf 74' lang='lat' dir='ltr'><strong>qua:</strong></span> <span class='ocrx_word' id='word_1_133' title='bbox 1459 2038 1618 2107; x_wconf 84' lang='lat' dir='ltr'><strong>jubet</strong></span> <span class='ocrx_word' id='word_1_134' title='bbox 1673 2041 1722 2092; x_wconf 91' lang='lat' dir='ltr'><strong>ei</strong></span> <span class='ocrx_word' id='word_1_135' title='bbox 1761 2051 1909 2096; x_wconf 87' lang='lat' dir='ltr'><strong>utet</strong></span> <span class='ocrx_word' id='word_1_136' title='bbox 1965 2042 2282 2107; x_wconf 71' lang='lat' dir='ltr'><strong>descendat,</strong></span> <span class='ocrx_word' id='word_1_137' title='bbox 2339 2053 2396 2098; x_wconf 91' lang='lat' dir='ltr'><strong>et</strong></span> 
     </span>
    </p>
   </div>
   <div class='ocr_carea' id='block_1_23' title="bbox 827 2129 2392 2190">
    <p class='ocr_par' dir='ltr' id='par_1_23' title="bbox 827 2129 2392 2190">
     <span class='ocr_line' id='line_1_23' title="bbox 827 2129 2392 2190; baseline 0.011 -16"><span class='ocrx_word' id='word_1_138' title='bbox 827 2137 1020 2176; x_wconf 70' lang='lat' dir='ltr'><strong>rursus</strong></span> <span class='ocrx_word' id='word_1_139' title='bbox 1071 2136 1380 2179; x_wconf 82' lang='lat' dir='ltr'><strong>revertatur</strong></span> <span class='ocrx_word' id='word_1_140' title='bbox 1428 2129 1493 2181; x_wconf 86' lang='lat' dir='ltr'><strong>ad</strong></span> <span class='ocrx_word' id='word_1_141' title='bbox 1555 2129 1890 2185; x_wconf 90' lang='lat' dir='ltr'><strong>columnam.</strong></span> <span class='ocrx_word' id='word_1_142' title='bbox 1945 2132 2036 2188; x_wconf 89' lang='lat' dir='ltr'><strong>Sic</strong></span> <span class='ocrx_word' id='word_1_143' title='bbox 2084 2149 2210 2187; x_wconf 90' lang='lat' dir='ltr'><strong>eum</strong></span> <span class='ocrx_word' id='word_1_144' title='bbox 2268 2150 2392 2190; x_wconf 89' lang='lat' dir='ltr'><strong>cum</strong></span> 
     </span>
    </p>
   </div>
   <div class='ocr_carea' id='block_1_24' title="bbox 825 2215 2396 2298">
    <p class='ocr_par' dir='ltr' id='par_1_24' title="bbox 825 2215 2396 2298">
     <span class='ocr_line' id='line_1_24' title="bbox 825 2215 2396 2298; baseline 0.011 -33"><span class='ocrx_word' id='word_1_145' title='bbox 825 2215 1024 2281; x_wconf 73' lang='lat' dir='ltr'><strong>gaudio</strong></span> <span class='ocrx_word' id='word_1_146' title='bbox 1066 2219 1406 2287; x_wconf 79' lang='lat' dir='ltr'><strong>excipientes</strong></span> <span class='ocrx_word' id='word_1_147' title='bbox 1437 2221 1705 2290; x_wconf 85' lang='lat' dir='ltr'><strong>episcopi,</strong></span> <span class='ocrx_word' id='word_1_148' title='bbox 1753 2223 2104 2279; x_wconf 85' lang='lat' dir='ltr'><strong>deduxerunt</strong></span> <span class='ocrx_word' id='word_1_149' title='bbox 2149 2227 2215 2281; x_wconf 90' lang='lat' dir='ltr'><strong>ad</strong></span> <span class='ocrx_word' id='word_1_150' title='bbox 2258 2244 2396 2298; x_wconf 80' lang='lat' dir='ltr'><strong>pon-</strong></span> 
     </span>
    </p>
   </div>
   <div class='ocr_carea' id='block_1_25' title="bbox 826 2308 2394 2385">
    <p class='ocr_par' dir='ltr' id='par_1_25' title="bbox 826 2308 2394 2385">
     <span class='ocr_line' id='line_1_25' title="bbox 826 2308 2394 2385; baseline 0.011 -26"><span class='ocrx_word' id='word_1_151' title='bbox 826 2308 1026 2361; x_wconf 60' lang='lat' dir='ltr'><strong>tllicctn</strong></span> <span class='ocrx_word' id='word_1_152' title='bbox 1062 2328 1073 2363; x_wconf 93' lang='lat'>:</span> <span class='ocrx_word' id='word_1_153' title='bbox 1104 2311 1218 2378; x_wconf 87' lang='lat' dir='ltr'><strong>qui,</strong></span> <span class='ocrx_word' id='word_1_154' title='bbox 1250 2312 1357 2364; x_wconf 90' lang='lat' dir='ltr'><strong>dici</strong></span> <span class='ocrx_word' id='word_1_155' title='bbox 1393 2330 1500 2367; x_wconf 91' lang='lat' dir='ltr'><strong>non</strong></span> <span class='ocrx_word' id='word_1_156' title='bbox 1527 2323 1727 2384; x_wconf 85' lang='lat' dir='ltr'><strong>potest,</strong></span> <span class='ocrx_word' id='word_1_157' title='bbox 1754 2327 1957 2385; x_wconf 89' lang='lat' dir='ltr'><strong>quanta</strong></span> <span class='ocrx_word' id='word_1_158' title='bbox 2002 2335 2195 2374; x_wconf 87' lang='lat' dir='ltr'><strong>rursus</strong></span> <span class='ocrx_word' id='word_1_159' title='bbox 2225 2321 2394 2377; x_wconf 79' lang='lat' dir='ltr'><strong>fuerit</strong></span> 
     </span>
    </p>
   </div>
   <div class='ocr_carea' id='block_1_26' title="bbox 824 2402 2388 2482">
    <p class='ocr_par' dir='ltr' id='par_1_26' title="bbox 824 2402 2388 2482">
     <span class='ocr_line' id='line_1_26' title="bbox 824 2402 2388 2482; baseline 0.01 -31"><span class='ocrx_word' id='word_1_160' title='bbox 824 2402 1020 2467; x_wconf 80' lang='lat' dir='ltr'><strong>plenus</strong></span> <span class='ocrx_word' id='word_1_161' title='bbox 1059 2403 1270 2467; x_wconf 84' lang='lat' dir='ltr'><strong>l:etitia,</strong></span> <span class='ocrx_word' id='word_1_162' title='bbox 1310 2413 1362 2458; x_wconf 89' lang='lat' dir='ltr'><strong>et</strong></span> <span class='ocrx_word' id='word_1_163' title='bbox 1411 2416 1617 2473; x_wconf 85' lang='lat' dir='ltr'><strong>quanto</strong></span> <span class='ocrx_word' id='word_1_164' title='bbox 1669 2423 1793 2463; x_wconf 90' lang='lat' dir='ltr'><strong>eum</strong></span> <span class='ocrx_word' id='word_1_165' title='bbox 1854 2411 2061 2465; x_wconf 89' lang='lat' dir='ltr'><strong>honore</strong></span> <span class='ocrx_word' id='word_1_166' title='bbox 2089 2415 2388 2482; x_wconf 80' lang='lat' dir='ltr'><strong>exceperit.</strong></span> 
     </span>
    </p>
   </div>
   <div class='ocr_carea' id='block_1_27' title="bbox 828 2491 2393 2562">
    <p class='ocr_par' dir='ltr' id='par_1_27' title="bbox 828 2491 2393 2562">
     <span class='ocr_line' id='line_1_27' title="bbox 828 2491 2393 2562; baseline 0.013 -23"><span class='ocrx_word' id='word_1_167' title='bbox 828 2491 1001 2556; x_wconf 79' lang='lat' dir='ltr'><strong>Atque</strong></span> <span class='ocrx_word' id='word_1_168' title='bbox 1043 2494 1227 2545; x_wconf 85' lang='lat' dir='ltr'><strong>statim</strong></span> <span class='ocrx_word' id='word_1_169' title='bbox 1270 2495 1490 2562; x_wconf 83' lang='lat' dir='ltr'><strong>quidem</strong></span> <span class='ocrx_word' id='word_1_170' title='bbox 1552 2497 1752 2552; x_wconf 85' lang='lat' dir='ltr'><strong>Christi</strong></span> <span class='ocrx_word' id='word_1_171' title='bbox 1788 2501 1944 2557; x_wconf 87' lang='lat' dir='ltr'><strong>miles</strong></span> <span class='ocrx_word' id='word_1_172' title='bbox 1979 2504 2140 2556; x_wconf 85' lang='lat' dir='ltr'><strong>vertit</strong></span> <span class='ocrx_word' id='word_1_173' title='bbox 2197 2504 2393 2558; x_wconf 85' lang='lat' dir='ltr'><strong>adver-</strong></span> 
     </span>
    </p>
   </div>
   <div class='ocr_carea' id='block_1_28' title="bbox 824 2583 2392 2658">
    <p class='ocr_par' dir='ltr' id='par_1_28' title="bbox 824 2583 2392 2658">
     <span class='ocr_line' id='line_1_28' title="bbox 824 2583 2392 2658; baseline 0.012 -25"><span class='ocrx_word' id='word_1_174' title='bbox 824 2583 1053 2645; x_wconf 87' lang='lat' dir='ltr'><strong>sarium,</strong></span> <span class='ocrx_word' id='word_1_175' title='bbox 1085 2588 1187 2640; x_wconf 81' lang='lat' dir='ltr'><strong>etsi</strong></span> <span class='ocrx_word' id='word_1_176' title='bbox 1246 2591 1294 2641; x_wconf 92' lang='lat' dir='ltr'><strong>ei</strong></span> <span class='ocrx_word' id='word_1_177' title='bbox 1329 2589 1379 2641; x_wconf 93' lang='lat' dir='ltr'><strong>in</strong></span> <span class='ocrx_word' id='word_1_178' title='bbox 1413 2600 1768 2658; x_wconf 89' lang='lat' dir='ltr'><strong>conspectum</strong></span> <span class='ocrx_word' id='word_1_179' title='bbox 1803 2610 1909 2647; x_wconf 91' lang='lat' dir='ltr'><strong>non</strong></span> <span class='ocrx_word' id='word_1_180' title='bbox 1949 2596 2181 2656; x_wconf 87' lang='lat' dir='ltr'><strong>venerit.</strong></span> <span class='ocrx_word' id='word_1_181' title='bbox 2207 2597 2392 2652; x_wconf 84' lang='lat' dir='ltr'><strong>verbis</strong></span> 
     </span>
    </p>
   </div>
   <div class='ocr_carea' id='block_1_29' title="bbox 826 2681 2389 2760">
    <p class='ocr_par' dir='ltr' id='par_1_29' title="bbox 826 2681 2389 2760">
     <span class='ocr_line' id='line_1_29' title="bbox 826 2681 2389 2760; baseline 0.011 -32"><span class='ocrx_word' id='word_1_182' title='bbox 826 2685 1006 2729; x_wconf 90' lang='lat' dir='ltr'><strong>autem</strong></span> <span class='ocrx_word' id='word_1_183' title='bbox 1059 2681 1257 2743; x_wconf 83' lang='lat' dir='ltr'><strong>solum,</strong></span> <span class='ocrx_word' id='word_1_184' title='bbox 1314 2689 1568 2752; x_wconf 89' lang='lat' dir='ltr'><strong>tanquam</strong></span> <span class='ocrx_word' id='word_1_185' title='bbox 1638 2686 1850 2740; x_wconf 80' lang='lat' dir='ltr'><strong>eminus</strong></span> <span class='ocrx_word' id='word_1_186' title='bbox 1906 2687 2122 2742; x_wconf 90' lang='lat' dir='ltr'><strong>emissis</strong></span> <span class='ocrx_word' id='word_1_187' title='bbox 2170 2689 2389 2760; x_wconf 85' lang='lat' dir='ltr'><strong>jaculis,</strong></span> 
     </span>
    </p>
   </div>
   <div class='ocr_carea' id='block_1_30' title="bbox 827 2772 2392 2850">
    <p class='ocr_par' dir='ltr' id='par_1_30' title="bbox 827 2772 2392 2850">
     <span class='ocr_line' id='line_1_30' title="bbox 827 2772 2392 2850; baseline 0.01 -29"><span class='ocrx_word' id='word_1_188' title='bbox 827 2785 961 2823; x_wconf 90' lang='lat' dir='ltr'><strong>usus</strong></span> <span class='ocrx_word' id='word_1_189' title='bbox 995 2772 1087 2830; x_wconf 88' lang='lat' dir='ltr'><strong>sit.</strong></span> <span class='ocrx_word' id='word_1_190' title='bbox 1127 2773 1268 2827; x_wconf 80' lang='lat' dir='ltr'><strong>sicut</strong></span> <span class='ocrx_word' id='word_1_191' title='bbox 1297 2777 1461 2829; x_wconf 84' lang='lat' dir='ltr'><strong>etiam</strong></span> <span class='ocrx_word' id='word_1_192' title='bbox 1504 2794 1601 2846; x_wconf 92' lang='lat' dir='ltr'><strong>per</strong></span> <span class='ocrx_word' id='word_1_193' title='bbox 1628 2793 1748 2832; x_wconf 86' lang='lat' dir='ltr'><strong>eam</strong></span> <span class='ocrx_word' id='word_1_194' title='bbox 1784 2795 1946 2846; x_wconf 91' lang='lat' dir='ltr'><strong>quam</strong></span> <span class='ocrx_word' id='word_1_195' title='bbox 1982 2781 2136 2850; x_wconf 87' lang='lat' dir='ltr'><strong>prius</strong></span> <span class='ocrx_word' id='word_1_196' title='bbox 2163 2784 2392 2837; x_wconf 91' lang='lat' dir='ltr'><strong>miserat</strong></span> 
     </span>
    </p>
   </div>
   <div class='ocr_carea' id='block_1_31' title="bbox 825 2864 2389 2939">
    <p class='ocr_par' dir='ltr' id='par_1_31' title="bbox 825 2864 2389 2939">
     <span class='ocr_line' id='line_1_31' title="bbox 825 2864 2389 2939; baseline 0.01 -24"><span class='ocrx_word' id='word_1_197' title='bbox 825 2864 1134 2930; x_wconf 82' lang='lat' dir='ltr'><strong>epistolam,</strong></span> <span class='ocrx_word' id='word_1_198' title='bbox 1166 2882 1366 2920; x_wconf 82' lang='lat' dir='ltr'><strong>novum</strong></span> <span class='ocrx_word' id='word_1_199' title='bbox 1397 2870 1677 2939; x_wconf 85' lang='lat' dir='ltr'><strong>appellans</strong></span> <span class='ocrx_word' id='word_1_200' title='bbox 1709 2871 2131 2937; x_wconf 82' lang='lat' dir='ltr'><strong>Diocletianum,</strong></span> <span class='ocrx_word' id='word_1_201' title='bbox 2164 2885 2219 2929; x_wconf 91' lang='lat' dir='ltr'><strong>et</strong></span> <span class='ocrx_word' id='word_1_202' title='bbox 2265 2891 2389 2930; x_wconf 88' lang='lat' dir='ltr'><strong>cum</strong></span> 
     </span>
    </p>
   </div>
   <div class='ocr_carea' id='block_1_32' title="bbox 827 2961 2390 3036">
    <p class='ocr_par' dir='ltr' id='par_1_32' title="bbox 827 2961 2390 3036">
     <span class='ocr_line' id='line_1_32' title="bbox 827 2961 2390 3036; baseline 0.009 -30"><span class='ocrx_word' id='word_1_203' title='bbox 827 2968 924 3021; x_wconf 86' lang='lat' dir='ltr'><strong>per</strong></span> <span class='ocrx_word' id='word_1_204' title='bbox 959 2964 1187 3024; x_wconf 79' lang='lat' dir='ltr'><strong>utraque</strong></span> <span class='ocrx_word' id='word_1_205' title='bbox 1216 2973 1341 3010; x_wconf 90' lang='lat' dir='ltr'><strong>eum</strong></span> <span class='ocrx_word' id='word_1_206' title='bbox 1408 2961 1714 3025; x_wconf 82' lang='lat' dir='ltr'><strong>terruisset,</strong></span> <span class='ocrx_word' id='word_1_207' title='bbox 1749 2977 1948 3032; x_wconf 88' lang='lat' dir='ltr'><strong>nempe</strong></span> <span class='ocrx_word' id='word_1_208' title='bbox 1981 2973 2040 3019; x_wconf 90' lang='lat' dir='ltr'><strong>et</strong></span> <span class='ocrx_word' id='word_1_209' title='bbox 2100 2968 2390 3036; x_wconf 66' lang='lat' dir='ltr'><strong>praesentis</strong></span> 
     </span>
    </p>
   </div>
   <div class='ocr_carea' id='block_1_33' title="bbox 825 3046 2386 3126">
    <p class='ocr_par' dir='ltr' id='par_1_33' title="bbox 825 3046 2386 3126">
     <span class='ocr_line' id='line_1_33' title="bbox 825 3046 2386 3126; baseline 0.008 -29"><span class='ocrx_word' id='word_1_210' title='bbox 825 3046 1035 3108; x_wconf 79' lang='lat' dir='ltr'><strong>szeculi,</strong></span> <span class='ocrx_word' id='word_1_211' title='bbox 1069 3055 1122 3099; x_wconf 91' lang='lat' dir='ltr'><strong>et</strong></span> <span class='ocrx_word' id='word_1_212' title='bbox 1187 3048 1358 3101; x_wconf 87' lang='lat' dir='ltr'><strong>lutnri</strong></span> <span class='ocrx_word' id='word_1_213' title='bbox 1423 3052 1712 3120; x_wconf 82' lang='lat' dir='ltr'><strong>supplicia,</strong></span> <span class='ocrx_word' id='word_1_214' title='bbox 1766 3062 2022 3125; x_wconf 84' lang='lat' dir='ltr'><strong>tanquam</strong></span> <span class='ocrx_word' id='word_1_215' title='bbox 2077 3057 2386 3126; x_wconf 90' lang='lat' dir='ltr'><strong>improbum</strong></span> 
     </span>
    </p>
   </div>
   <div class='ocr_carea' id='block_1_34' title="bbox 2501 559 4102 628">
    <p class='ocr_par' dir='ltr' id='par_1_34' title="bbox 2501 559 4102 628">
     <span class='ocr_line' id='line_1_34' title="bbox 2501 559 4102 628; baseline -0.001 -16"><span class='ocrx_word' id='word_1_216' title='bbox 2501 578 2610 614; x_wconf 79' lang='grc' dir='ltr'><strong>πει.</strong></span> <span class='ocrx_word' id='word_1_217' title='bbox 2642 559 2763 612; x_wconf 83' lang='grc' dir='ltr'><strong>Τῶν</strong></span> <span class='ocrx_word' id='word_1_218' title='bbox 2796 561 2852 613; x_wconf 76' lang='grc' dir='ltr'><strong>δέ</strong></span> <span class='ocrx_word' id='word_1_219' title='bbox 2875 560 2947 613; x_wconf 84' lang='grc' dir='ltr'><strong>τά</strong></span> <span class='ocrx_word' id='word_1_220' title='bbox 2975 561 3382 628; x_wconf 71' lang='grc' dir='ltr'><strong>ἐπιτεταγμένα</strong></span> <span class='ocrx_word' id='word_1_221' title='bbox 3404 561 3701 614; x_wconf 80' lang='grc' dir='ltr'><strong>ποιούντων</strong></span> <span class='ocrx_word' id='word_1_222' title='bbox 3727 560 3826 613; x_wconf 84' lang='grc' dir='ltr'><strong>καὶ</strong></span> <span class='ocrx_word' id='word_1_223' title='bbox 3847 559 4102 612; x_wconf 74' lang='grc' dir='ltr'><strong>κάτωθεν</strong></span> 
     </span>
    </p>
   </div>
   <div class='ocr_carea' id='block_1_35' title="bbox 2494 651 4103 722">
    <p class='ocr_par' dir='ltr' id='par_1_35' title="bbox 2494 651 4103 722">
     <span class='ocr_line' id='line_1_35' title="bbox 2494 651 4103 722; baseline -0.003 -16"><span class='ocrx_word' id='word_1_224' title='bbox 2494 657 2554 706; x_wconf 78' lang='grc' dir='ltr'><strong>ἐν</strong></span> <span class='ocrx_word' id='word_1_225' title='bbox 2583 652 2779 705; x_wconf 81' lang='grc' dir='ltr'><strong>ίκετῶν</strong></span> <span class='ocrx_word' id='word_1_226' title='bbox 2811 655 3052 722; x_wconf 89' lang='grc' dir='ltr'><strong>σχήματι</strong></span> <span class='ocrx_word' id='word_1_227' title='bbox 3079 653 3179 706; x_wconf 73' lang='grc' dir='ltr'><strong>σὺν</strong></span> <span class='ocrx_word' id='word_1_228' title='bbox 3207 653 3473 722; x_wconf 82' lang='grc' dir='ltr'><strong>δάκρυσιν</strong></span> <span class='ocrx_word' id='word_1_229' title='bbox 3505 651 3852 713; x_wconf 78' lang='grc' dir='ltr'><strong>ἐκδοὼντων,</strong></span> <span class='ocrx_word' id='word_1_230' title='bbox 3901 652 3972 704; x_wconf 77' lang='grc' dir='ltr'><strong>τὸ</strong></span> <span class='ocrx_word' id='word_1_231' title='bbox 4005 652 4103 717; x_wconf 70' lang='grc' dir='ltr'><strong>μὲν</strong></span> 
     </span>
    </p>
   </div>
   <div class='ocr_carea' id='block_1_36' title="bbox 2494 744 4102 816">
    <p class='ocr_par' dir='ltr' id='par_1_36' title="bbox 2494 744 4102 816">
     <span class='ocr_line' id='line_1_36' title="bbox 2494 744 4102 816; baseline -0.002 -18"><span class='ocrx_word' id='word_1_232' title='bbox 2494 744 2711 815; x_wconf 84' lang='grc' dir='ltr'><strong>πρῶτον</strong></span> <span class='ocrx_word' id='word_1_233' title='bbox 2736 747 2765 799; x_wconf 82' lang='grc' dir='ltr'><strong>ό</strong></span> <span class='ocrx_word' id='word_1_234' title='bbox 2790 745 2936 804; x_wconf 77' lang='grc' dir='ltr'><strong>ὅσιος</strong></span> <span class='ocrx_word' id='word_1_235' title='bbox 2961 746 3264 814; x_wconf 72' lang='grc' dir='ltr'><strong>ἠγανάκτει</strong></span> <span class='ocrx_word' id='word_1_236' title='bbox 3283 747 3397 808; x_wconf 78' lang='grc' dir='ltr'><strong>τοῖς</strong></span> <span class='ocrx_word' id='word_1_237' title='bbox 3415 746 3741 816; x_wconf 82' lang='grc' dir='ltr'><strong>δρωμένοις,</strong></span> <span class='ocrx_word' id='word_1_238' title='bbox 3758 745 3856 798; x_wconf 78' lang='grc' dir='ltr'><strong>καὶ</strong></span> <span class='ocrx_word' id='word_1_239' title='bbox 3882 746 4102 812; x_wconf 69' lang='grc' dir='ltr'><strong>ἠνιᾶτο-</strong></span> 
     </span>
    </p>
   </div>
   <div class='ocr_carea' id='block_1_37' title="bbox 2499 835 4104 908">
    <p class='ocr_par' dir='ltr' id='par_1_37' title="bbox 2499 835 4104 908">
     <span class='ocr_line' id='line_1_37' title="bbox 2499 835 4104 908; baseline -0.002 -18"><span class='ocrx_word' id='word_1_240' title='bbox 2499 837 2754 898; x_wconf 84' lang='grc' dir='ltr'><strong>Ἐπειτα,</strong></span> <span class='ocrx_word' id='word_1_241' title='bbox 2776 836 2850 898; x_wconf 82' lang='grc' dir='ltr'><strong>ὡς</strong></span> <span class='ocrx_word' id='word_1_242' title='bbox 2876 835 2956 888; x_wconf 77' lang='grc' dir='ltr'><strong>ῑτι</strong></span> <span class='ocrx_word' id='word_1_243' title='bbox 2985 837 3190 905; x_wconf 77' lang='grc' dir='ltr'><strong>μᾶλλον</strong></span> <span class='ocrx_word' id='word_1_244' title='bbox 3219 835 3775 908; x_wconf 63' lang='grc' dir='ltr'><strong>προσκαρτεροῦντας</strong></span> <span class='ocrx_word' id='word_1_245' title='bbox 3799 835 3980 905; x_wconf 80' lang='grc' dir='ltr'><strong>ἐώρα,</strong></span> <span class='ocrx_word' id='word_1_246' title='bbox 4013 845 4104 894; x_wconf 74' lang='grc' dir='ltr'><strong>καὶ</strong></span> 
     </span>
    </p>
   </div>
   <div class='ocr_carea' id='block_1_38' title="bbox 2495 927 4102 1000">
    <p class='ocr_par' dir='ltr' id='par_1_38' title="bbox 2495 927 4102 1000">
     <span class='ocr_line' id='line_1_38' title="bbox 2495 927 4102 1000; baseline 0 -21"><span class='ocrx_word' id='word_1_247' title='bbox 2495 929 2867 998; x_wconf 82' lang='grc' dir='ltr'><strong>πληθύνοντας</strong></span> <span class='ocrx_word' id='word_1_248' title='bbox 2893 927 3102 998; x_wconf 85' lang='grc' dir='ltr'><strong>δέησιν,</strong></span> <span class='ocrx_word' id='word_1_249' title='bbox 3131 929 3344 1000; x_wconf 81' lang='grc' dir='ltr'><strong>δάκρυά</strong></span> <span class='ocrx_word' id='word_1_250' title='bbox 3365 947 3424 982; x_wconf 87' lang='grc' dir='ltr'><strong>τε</strong></span> <span class='ocrx_word' id='word_1_251' title='bbox 3450 930 3630 999; x_wconf 87' lang='grc' dir='ltr'><strong>θερμά</strong></span> <span class='ocrx_word' id='word_1_252' title='bbox 3670 930 3817 998; x_wconf 85' lang='grc' dir='ltr'><strong>μετά</strong></span> <span class='ocrx_word' id='word_1_253' title='bbox 3843 929 4102 998; x_wconf 71' lang='grc' dir='ltr'><strong>κραυγῆς</strong></span> 
     </span>
    </p>
   </div>
   <div class='ocr_carea' id='block_1_39' title="bbox 2494 1019 4104 1092">
    <p class='ocr_par' dir='ltr' id='par_1_39' title="bbox 2494 1019 4104 1092">
     <span class='ocr_line' id='line_1_39' title="bbox 2494 1019 4104 1092; baseline -0.002 -18"><span class='ocrx_word' id='word_1_254' title='bbox 2494 1021 2722 1091; x_wconf 78' lang='grc' dir='ltr'><strong>οίκτρᾶς</strong></span> <span class='ocrx_word' id='word_1_255' title='bbox 2763 1021 3046 1090; x_wconf 77' lang='grc' dir='ltr'><strong>ἀφιέντας,</strong></span> <span class='ocrx_word' id='word_1_256' title='bbox 3073 1022 3176 1076; x_wconf 72' lang='grc' dir='ltr'><strong>οὐκ</strong></span> <span class='ocrx_word' id='word_1_257' title='bbox 3201 1019 3350 1092; x_wconf 69' lang='grc' dir='ltr'><strong>εἶχεν</strong></span> <span class='ocrx_word' id='word_1_258' title='bbox 3373 1023 3402 1075; x_wconf 89' lang='grc' dir='ltr'><strong>δ</strong></span> <span class='ocrx_word' id='word_1_259' title='bbox 3424 1039 3474 1075; x_wconf 90' lang='grc' dir='ltr'><strong>τι</strong></span> <span class='ocrx_word' id='word_1_260' title='bbox 3501 1024 3599 1076; x_wconf 82' lang='grc' dir='ltr'><strong>καὶ</strong></span> <span class='ocrx_word' id='word_1_261' title='bbox 3618 1022 3877 1092; x_wconf 74' lang='grc' dir='ltr'><strong>δράσειεν</strong></span> <span class='ocrx_word' id='word_1_262' title='bbox 3896 1021 3937 1090; x_wconf 80' lang='grc' dir='ltr'><strong>ή</strong></span> <span class='ocrx_word' id='word_1_263' title='bbox 3961 1037 4104 1086; x_wconf 84' lang='grc' dir='ltr'><strong>συμ-</strong></span> 
     </span>
    </p>
   </div>
   <div class='ocr_carea' id='block_1_40' title="bbox 2496 1113 4103 1188">
    <p class='ocr_par' dir='ltr' id='par_1_40' title="bbox 2496 1113 4103 1188">
     <span class='ocr_line' id='line_1_40' title="bbox 2496 1113 4103 1188; baseline 0 -20"><span class='ocrx_word' id='word_1_264' title='bbox 2496 1116 2678 1185; x_wconf 76' lang='grc' dir='ltr'><strong>παθὴς</strong></span> <span class='ocrx_word' id='word_1_265' title='bbox 2710 1117 2894 1185; x_wconf 78' lang='grc' dir='ltr'><strong>ἐκείνη</strong></span> <span class='ocrx_word' id='word_1_266' title='bbox 2948 1115 3097 1188; x_wconf 79' lang='grc' dir='ltr'><strong>ψυχὴ</strong></span> <span class='ocrx_word' id='word_1_267' title='bbox 3128 1116 3267 1184; x_wconf 80' lang='grc' dir='ltr'><strong>πρὸς</strong></span> <span class='ocrx_word' id='word_1_268' title='bbox 3297 1116 3568 1185; x_wconf 66' lang='grc' dir='ltr'><strong>ἑκατέρας</strong></span> <span class='ocrx_word' id='word_1_269' title='bbox 3620 1113 3972 1186; x_wconf 79' lang='grc' dir='ltr'><strong>μεριζομένη</strong></span> <span class='ocrx_word' id='word_1_270' title='bbox 4006 1118 4103 1177; x_wconf 67' lang='grc' dir='ltr'><strong>τὲς</strong></span> 
     </span>
    </p>
   </div>
   <div class='ocr_carea' id='block_1_41' title="bbox 2495 1205 4102 1279">
    <p class='ocr_par' dir='ltr' id='par_1_41' title="bbox 2495 1205 4102 1279">
     <span class='ocr_line' id='line_1_41' title="bbox 2495 1205 4102 1279; baseline -0.004 -17"><span class='ocrx_word' id='word_1_271' title='bbox 2495 1210 2758 1272; x_wconf 73' lang='grc' dir='ltr'><strong>διανοίας.</strong></span> <span class='ocrx_word' id='word_1_272' title='bbox 2792 1209 2966 1262; x_wconf 87' lang='grc' dir='ltr'><strong>Ὅταν</strong></span> <span class='ocrx_word' id='word_1_273' title='bbox 2992 1211 3091 1278; x_wconf 75' lang='grc' dir='ltr'><strong>μὶν</strong></span> <span class='ocrx_word' id='word_1_274' title='bbox 3113 1210 3222 1279; x_wconf 88' lang='grc' dir='ltr'><strong>γάρ</strong></span> <span class='ocrx_word' id='word_1_275' title='bbox 3255 1211 3335 1271; x_wconf 88' lang='grc' dir='ltr'><strong>είς</strong></span> <span class='ocrx_word' id='word_1_276' title='bbox 3363 1212 3491 1269; x_wconf 79' lang='grc' dir='ltr'><strong>τοὺς</strong></span> <span class='ocrx_word' id='word_1_277' title='bbox 3542 1208 3726 1275; x_wconf 72' lang='grc' dir='ltr'><strong>ίερέας</strong></span> <span class='ocrx_word' id='word_1_278' title='bbox 3755 1207 3856 1259; x_wconf 75' lang='grc' dir='ltr'><strong>καὶ</strong></span> <span class='ocrx_word' id='word_1_279' title='bbox 3881 1207 3958 1259; x_wconf 77' lang='grc' dir='ltr'><strong>τὰ</strong></span> <span class='ocrx_word' id='word_1_280' title='bbox 3993 1205 4102 1258; x_wconf 76' lang='grc' dir='ltr'><strong>τῶν</strong></span> 
     </span>
    </p>
   </div>
   <div class='ocr_carea' id='block_1_42' title="bbox 2499 1297 4099 1374">
    <p class='ocr_par' dir='ltr' id='par_1_42' title="bbox 2499 1297 4099 1374">
     <span class='ocr_line' id='line_1_42' title="bbox 2499 1297 4099 1374; baseline -0.003 -20"><span class='ocrx_word' id='word_1_281' title='bbox 2499 1304 2694 1374; x_wconf 74' lang='grc' dir='ltr'><strong>ἱερέων</strong></span> <span class='ocrx_word' id='word_1_282' title='bbox 2737 1303 2924 1355; x_wconf 82' lang='grc' dir='ltr'><strong>ἀπεῑδε</strong></span> <span class='ocrx_word' id='word_1_283' title='bbox 2967 1300 3182 1370; x_wconf 77' lang='grc' dir='ltr'><strong>δάκρυα</strong></span> <span class='ocrx_word' id='word_1_284' title='bbox 3231 1301 3369 1371; x_wconf 77' lang='grc' dir='ltr'><strong>πρὸς</strong></span> <span class='ocrx_word' id='word_1_285' title='bbox 3417 1301 3517 1371; x_wconf 79' lang='grc' dir='ltr'><strong>τὴν</strong></span> <span class='ocrx_word' id='word_1_286' title='bbox 3549 1301 3739 1369; x_wconf 78' lang='grc' dir='ltr'><strong>δέησιν</strong></span> <span class='ocrx_word' id='word_1_287' title='bbox 3778 1297 4099 1351; x_wconf 78' lang='grc' dir='ltr'><strong>ἐπεκλᾶτο·</strong></span> 
     </span>
    </p>
   </div>
   <div class='ocr_carea' id='block_1_43' title="bbox 2496 1394 4101 1465">
    <p class='ocr_par' dir='ltr' id='par_1_43' title="bbox 2496 1394 4101 1465">
     <span class='ocr_line' id='line_1_43' title="bbox 2496 1394 4101 1465; baseline -0.002 -16"><span class='ocrx_word' id='word_1_288' title='bbox 2496 1397 2624 1449; x_wconf 82' lang='grc' dir='ltr'><strong>ὅταν</strong></span> <span class='ocrx_word' id='word_1_289' title='bbox 2641 1397 2695 1448; x_wconf 76' lang='grc' dir='ltr'><strong>δέ</strong></span> <span class='ocrx_word' id='word_1_290' title='bbox 2731 1398 2866 1463; x_wconf 74' lang='grc' dir='ltr'><strong>πρὸς</strong></span> <span class='ocrx_word' id='word_1_291' title='bbox 2889 1397 2981 1449; x_wconf 71' lang='grc' dir='ltr'><strong>τὸν</strong></span> <span class='ocrx_word' id='word_1_292' title='bbox 3007 1394 3196 1449; x_wconf 83' lang='grc' dir='ltr'><strong>στῦλον</strong></span> <span class='ocrx_word' id='word_1_293' title='bbox 3220 1397 3314 1448; x_wconf 76' lang='grc' dir='ltr'><strong>καὶ</strong></span> <span class='ocrx_word' id='word_1_294' title='bbox 3337 1396 3466 1458; x_wconf 76' lang='grc' dir='ltr'><strong>τοὺς</strong></span> <span class='ocrx_word' id='word_1_295' title='bbox 3489 1398 3547 1446; x_wconf 81' lang='grc' dir='ltr'><strong>ἐν</strong></span> <span class='ocrx_word' id='word_1_296' title='bbox 3569 1395 3649 1465; x_wconf 76' lang='grc' dir='ltr'><strong>τῷ</strong></span> <span class='ocrx_word' id='word_1_297' title='bbox 3675 1396 3860 1464; x_wconf 84' lang='grc' dir='ltr'><strong>στύλῳ</strong></span> <span class='ocrx_word' id='word_1_298' title='bbox 3892 1395 4101 1455; x_wconf 80' lang='grc' dir='ltr'><strong>πόνους</strong></span> 
     </span>
    </p>
   </div>
   <div class='ocr_carea' id='block_1_44' title="bbox 2499 1483 4100 1560">
    <p class='ocr_par' dir='ltr' id='par_1_44' title="bbox 2499 1483 4100 1560">
     <span class='ocr_line' id='line_1_44' title="bbox 2499 1483 4100 1560; baseline -0.001 -18"><span class='ocrx_word' id='word_1_299' title='bbox 2499 1491 2594 1542; x_wconf 77' lang='grc' dir='ltr'><strong>καὶ</strong></span> <span class='ocrx_word' id='word_1_300' title='bbox 2621 1489 2722 1557; x_wconf 81' lang='grc' dir='ltr'><strong>τὴν</strong></span> <span class='ocrx_word' id='word_1_301' title='bbox 2773 1489 3141 1560; x_wconf 73' lang='grc' dir='ltr'><strong>περιπόθητον</strong></span> <span class='ocrx_word' id='word_1_302' title='bbox 3175 1490 3431 1559; x_wconf 78' lang='grc' dir='ltr'><strong>ἡσυχίαν,</strong></span> <span class='ocrx_word' id='word_1_303' title='bbox 3461 1489 3734 1555; x_wconf 67' lang='grc' dir='ltr'><strong>ἄτεγκτος</strong></span> <span class='ocrx_word' id='word_1_304' title='bbox 3768 1483 3863 1556; x_wconf 72' lang='grc' dir='ltr'><strong>ἦν.</strong></span> <span class='ocrx_word' id='word_1_305' title='bbox 3906 1487 4100 1549; x_wconf 75' lang='grc' dir='ltr'><strong>Οὕτως</strong></span> 
     </span>
    </p>
   </div>
   <div class='ocr_carea' id='block_1_45' title="bbox 2498 1576 4100 1651">
    <p class='ocr_par' dir='ltr' id='par_1_45' title="bbox 2498 1576 4100 1651">
     <span class='ocr_line' id='line_1_45' title="bbox 2498 1576 4100 1651; baseline -0.002 -15"><span class='ocrx_word' id='word_1_306' title='bbox 2498 1576 2592 1636; x_wconf 81' lang='grc' dir='ltr'><strong>οὖν</strong></span> <span class='ocrx_word' id='word_1_307' title='bbox 2618 1579 2728 1634; x_wconf 83' lang='grc' dir='ltr'><strong>τῶν</strong></span> <span class='ocrx_word' id='word_1_308' title='bbox 2761 1581 3041 1651; x_wconf 78' lang='grc' dir='ltr'><strong>λογισμῶν</strong></span> <span class='ocrx_word' id='word_1_309' title='bbox 3074 1579 3221 1651; x_wconf 82' lang='grc' dir='ltr'><strong>αὐτῷ</strong></span> <span class='ocrx_word' id='word_1_310' title='bbox 3250 1581 3577 1650; x_wconf 68' lang='grc' dir='ltr'><strong>μαχομένων</strong></span> <span class='ocrx_word' id='word_1_311' title='bbox 3614 1582 3708 1634; x_wconf 79' lang='grc' dir='ltr'><strong>καὶ</strong></span> <span class='ocrx_word' id='word_1_312' title='bbox 3749 1579 3951 1648; x_wconf 82' lang='grc' dir='ltr'><strong>ὥσπερ</strong></span> <span class='ocrx_word' id='word_1_313' title='bbox 3987 1581 4100 1632; x_wconf 74' lang='grc' dir='ltr'><strong>ἰσο-</strong></span> 
     </span>
    </p>
   </div>
   <div class='ocr_carea' id='block_1_46' title="bbox 2501 1675 4100 1746">
    <p class='ocr_par' dir='ltr' id='par_1_46' title="bbox 2501 1675 4100 1746">
     <span class='ocr_line' id='line_1_46' title="bbox 2501 1675 4100 1746; baseline 0 -18"><span class='ocrx_word' id='word_1_314' title='bbox 2501 1675 2845 1730; x_wconf 86' lang='grc' dir='ltr'><strong>στατούντων</strong></span> <span class='ocrx_word' id='word_1_315' title='bbox 2881 1679 2980 1746; x_wconf 74' lang='grc' dir='ltr'><strong>τὴν</strong></span> <span class='ocrx_word' id='word_1_316' title='bbox 3009 1677 3075 1730; x_wconf 79' lang='grc' dir='ltr'><strong>ἐκ</strong></span> <span class='ocrx_word' id='word_1_317' title='bbox 3112 1678 3210 1746; x_wconf 83' lang='grc' dir='ltr'><strong>τῆς</strong></span> <span class='ocrx_word' id='word_1_318' title='bbox 3239 1677 3449 1731; x_wconf 71' lang='grc' dir='ltr'><strong>ἀνωθεν</strong></span> <span class='ocrx_word' id='word_1_319' title='bbox 3483 1678 3724 1746; x_wconf 86' lang='grc' dir='ltr'><strong>κρίσεως</strong></span> <span class='ocrx_word' id='word_1_320' title='bbox 3767 1679 3968 1746; x_wconf 79' lang='grc' dir='ltr'><strong>ἐζήτει</strong></span> <span class='ocrx_word' id='word_1_321' title='bbox 3996 1678 4100 1746; x_wconf 67' lang='grc' dir='ltr'><strong>ῥῶ·</strong></span> 
     </span>
    </p>
   </div>
   <div class='ocr_carea' id='block_1_47' title="bbox 2504 1768 4098 1837">
    <p class='ocr_par' dir='ltr' id='par_1_47' title="bbox 2504 1768 4098 1837">
     <span class='ocr_line' id='line_1_47' title="bbox 2504 1768 4098 1837; baseline 0.003 -19"><span class='ocrx_word' id='word_1_322' title='bbox 2504 1783 2613 1836; x_wconf 77' lang='grc' dir='ltr'><strong>μην</strong></span> <span class='ocrx_word' id='word_1_323' title='bbox 2637 1784 2652 1799; x_wconf 77' lang='grc' dir='ltr'><strong>ο</strong></span> <span class='ocrx_word' id='word_1_324' title='bbox 2709 1768 2803 1820; x_wconf 70' lang='grc' dir='ltr'><strong>καὶ</strong></span> <span class='ocrx_word' id='word_1_325' title='bbox 2863 1769 2942 1831; x_wconf 88' lang='grc' dir='ltr'><strong>είς</strong></span> <span class='ocrx_word' id='word_1_326' title='bbox 2986 1769 3301 1837; x_wconf 82' lang='grc' dir='ltr'><strong>προσευχὴν</strong></span> <span class='ocrx_word' id='word_1_327' title='bbox 3355 1769 3520 1821; x_wconf 79' lang='grc' dir='ltr'><strong>αὐτοῦ</strong></span> <span class='ocrx_word' id='word_1_328' title='bbox 3553 1771 3806 1832; x_wconf 84' lang='grc' dir='ltr'><strong>στάντος,</strong></span> <span class='ocrx_word' id='word_1_329' title='bbox 3841 1769 4014 1831; x_wconf 74' lang='grc' dir='ltr'><strong>εὐθὺς</strong></span> <span class='ocrx_word' id='word_1_330' title='bbox 4039 1770 4098 1834; x_wconf 77' lang='grc' dir='ltr'><strong>ἐξ</strong></span> 
     </span>
    </p>
   </div>
   <div class='ocr_carea' id='block_1_48' title="bbox 2498 1859 4095 1933">
    <p class='ocr_par' dir='ltr' id='par_1_48' title="bbox 2498 1859 4095 1933">
     <span class='ocr_line' id='line_1_48' title="bbox 2498 1859 4095 1933; baseline 0.004 -22"><span class='ocrx_word' id='word_1_331' title='bbox 2498 1859 2732 1928; x_wconf 79' lang='grc' dir='ltr'><strong>οὐρανοῦ</strong></span> <span class='ocrx_word' id='word_1_332' title='bbox 2765 1859 2918 1930; x_wconf 76' lang='grc' dir='ltr'><strong>φωνὴ</strong></span> <span class='ocrx_word' id='word_1_333' title='bbox 2945 1862 3043 1929; x_wconf 87' lang='grc' dir='ltr'><strong>τήν</strong></span> <span class='ocrx_word' id='word_1_334' title='bbox 3071 1878 3134 1914; x_wconf 91' lang='grc' dir='ltr'><strong>τε</strong></span> <span class='ocrx_word' id='word_1_335' title='bbox 3156 1860 3385 1914; x_wconf 78' lang='grc' dir='ltr'><strong>κάθοδον</strong></span> <span class='ocrx_word' id='word_1_336' title='bbox 3409 1862 3558 1930; x_wconf 85' lang='grc' dir='ltr'><strong>αὐτῷ</strong></span> <span class='ocrx_word' id='word_1_337' title='bbox 3593 1863 4095 1933; x_wconf 78' lang='grc' dir='ltr'><strong>παρακελευομένη</strong></span> 
     </span>
    </p>
   </div>
   <div class='ocr_carea' id='block_1_49' title="bbox 2499 1951 4096 2024">
    <p class='ocr_par' dir='ltr' id='par_1_49' title="bbox 2499 1951 4096 2024">
     <span class='ocr_line' id='line_1_49' title="bbox 2499 1951 4096 2024; baseline 0.003 -21"><span class='ocrx_word' id='word_1_338' title='bbox 2499 1953 2593 2003; x_wconf 73' lang='grc' dir='ltr'><strong>καὶ</strong></span> <span class='ocrx_word' id='word_1_339' title='bbox 2623 1952 2724 2021; x_wconf 83' lang='grc' dir='ltr'><strong>τὴν</strong></span> <span class='ocrx_word' id='word_1_340' title='bbox 2748 1951 2884 2020; x_wconf 70' lang='grc' dir='ltr'><strong>πρὸς</strong></span> <span class='ocrx_word' id='word_1_341' title='bbox 2916 1952 3008 2004; x_wconf 79' lang='grc' dir='ltr'><strong>τὸν</strong></span> <span class='ocrx_word' id='word_1_342' title='bbox 3044 1952 3237 2006; x_wconf 82' lang='grc' dir='ltr'><strong>στῦλον</strong></span> <span class='ocrx_word' id='word_1_343' title='bbox 3271 1954 3431 2007; x_wconf 80' lang='grc' dir='ltr'><strong>πάλιν</strong></span> <span class='ocrx_word' id='word_1_344' title='bbox 3474 1955 3851 2024; x_wconf 73' lang='grc' dir='ltr'><strong>ὑποστροφήν.</strong></span> <span class='ocrx_word' id='word_1_345' title='bbox 3899 1952 4096 2018; x_wconf 81' lang='grc' dir='ltr'><strong>Οὕτως</strong></span> 
     </span>
    </p>
   </div>
   <div class='ocr_carea' id='block_1_50' title="bbox 2498 2047 4095 2120">
    <p class='ocr_par' dir='ltr' id='par_1_50' title="bbox 2498 2047 4095 2120">
     <span class='ocr_line' id='line_1_50' title="bbox 2498 2047 4095 2120; baseline 0 -20"><span class='ocrx_word' id='word_1_346' title='bbox 2498 2047 2594 2101; x_wconf 79' lang='grc' dir='ltr'><strong>οὖν</strong></span> <span class='ocrx_word' id='word_1_347' title='bbox 2620 2049 2784 2101; x_wconf 77' lang='grc' dir='ltr'><strong>αὑτὸν</strong></span> <span class='ocrx_word' id='word_1_348' title='bbox 2810 2049 2860 2101; x_wconf 80' lang='grc' dir='ltr'><strong>οἱ</strong></span> <span class='ocrx_word' id='word_1_349' title='bbox 2892 2049 3184 2103; x_wconf 81' lang='grc' dir='ltr'><strong>ἐπίσκοποι</strong></span> <span class='ocrx_word' id='word_1_350' title='bbox 3210 2050 3310 2104; x_wconf 79' lang='grc' dir='ltr'><strong>σὺν</strong></span> <span class='ocrx_word' id='word_1_351' title='bbox 3351 2050 3512 2120; x_wconf 73' lang='grc' dir='ltr'><strong>ἡδονῇ</strong></span> <span class='ocrx_word' id='word_1_352' title='bbox 3569 2049 3833 2110; x_wconf 74' lang='grc' dir='ltr'><strong>λαϐόντες</strong></span> <span class='ocrx_word' id='word_1_353' title='bbox 3882 2052 3969 2110; x_wconf 76' lang='grc' dir='ltr'><strong>είς</strong></span> <span class='ocrx_word' id='word_1_354' title='bbox 4004 2051 4095 2100; x_wconf 70' lang='grc' dir='ltr'><strong>τὸν</strong></span> 
     </span>
    </p>
   </div>
   <div class='ocr_carea' id='block_1_51' title="bbox 2503 2142 4095 2210">
    <p class='ocr_par' dir='ltr' id='par_1_51' title="bbox 2503 2142 4095 2210">
     <span class='ocr_line' id='line_1_51' title="bbox 2503 2142 4095 2210; baseline 0 -17"><span class='ocrx_word' id='word_1_355' title='bbox 2503 2143 2767 2210; x_wconf 79' lang='grc' dir='ltr'><strong>ίεράρχην</strong></span> <span class='ocrx_word' id='word_1_356' title='bbox 2792 2142 3026 2209; x_wconf 83' lang='grc' dir='ltr'><strong>ἀπῆγον,</strong></span> <span class='ocrx_word' id='word_1_357' title='bbox 3058 2143 3159 2196; x_wconf 84' lang='grc' dir='ltr'><strong>οὐκ</strong></span> <span class='ocrx_word' id='word_1_358' title='bbox 3184 2143 3334 2197; x_wconf 69' lang='grc' dir='ltr'><strong>ἐστιν</strong></span> <span class='ocrx_word' id='word_1_359' title='bbox 3364 2145 3541 2196; x_wconf 82' lang='grc' dir='ltr'><strong>είπεῐν</strong></span> <span class='ocrx_word' id='word_1_360' title='bbox 3581 2143 3704 2206; x_wconf 84' lang='grc' dir='ltr'><strong>οῐας</strong></span> <span class='ocrx_word' id='word_1_361' title='bbox 3735 2144 3959 2195; x_wconf 76' lang='grc' dir='ltr'><strong>ἐκείνου</strong></span> <span class='ocrx_word' id='word_1_362' title='bbox 3993 2144 4095 2194; x_wconf 76' lang='grc' dir='ltr'><strong>πά-</strong></span> 
     </span>
    </p>
   </div>
   <div class='ocr_carea' id='block_1_52' title="bbox 2495 2232 4096 2306">
    <p class='ocr_par' dir='ltr' id='par_1_52' title="bbox 2495 2232 4096 2306">
     <span class='ocr_line' id='line_1_52' title="bbox 2495 2232 4096 2306; baseline 0.002 -21"><span class='ocrx_word' id='word_1_363' title='bbox 2495 2232 2580 2285; x_wconf 80' lang='grc' dir='ltr'><strong>λιν</strong></span> <span class='ocrx_word' id='word_1_364' title='bbox 2611 2233 2991 2303; x_wconf 79' lang='grc' dir='ltr'><strong>πληρωθέντος</strong></span> <span class='ocrx_word' id='word_1_365' title='bbox 3013 2235 3116 2306; x_wconf 79' lang='grc' dir='ltr'><strong>τῆς</strong></span> <span class='ocrx_word' id='word_1_366' title='bbox 3154 2238 3500 2303; x_wconf 83' lang='grc' dir='ltr'><strong>εὐφροσύνης</strong></span> <span class='ocrx_word' id='word_1_367' title='bbox 3534 2238 3630 2290; x_wconf 77' lang='grc' dir='ltr'><strong>καὶ</strong></span> <span class='ocrx_word' id='word_1_368' title='bbox 3655 2236 3780 2305; x_wconf 85' lang='grc' dir='ltr'><strong>μεθ’</strong></span> <span class='ocrx_word' id='word_1_369' title='bbox 3809 2239 3950 2303; x_wconf 74' lang='grc' dir='ltr'><strong>ὅσης</strong></span> <span class='ocrx_word' id='word_1_370' title='bbox 3972 2237 4096 2288; x_wconf 77' lang='grc' dir='ltr'><strong>τοῦ-</strong></span> 
     </span>
    </p>
   </div>
   <div class='ocr_carea' id='block_1_53' title="bbox 2493 2325 4091 2399">
    <p class='ocr_par' dir='ltr' id='par_1_53' title="bbox 2493 2325 4091 2399">
     <span class='ocr_line' id='line_1_53' title="bbox 2493 2325 4091 2399; baseline 0.004 -23"><span class='ocrx_word' id='word_1_371' title='bbox 2493 2341 2587 2376; x_wconf 89' lang='grc' dir='ltr'><strong>τον</strong></span> <span class='ocrx_word' id='word_1_372' title='bbox 2611 2325 2711 2394; x_wconf 83' lang='grc' dir='ltr'><strong>τῆς</strong></span> <span class='ocrx_word' id='word_1_373' title='bbox 2761 2326 2928 2395; x_wconf 84' lang='grc' dir='ltr'><strong>τιμῆς</strong></span> <span class='ocrx_word' id='word_1_374' title='bbox 2982 2329 3414 2399; x_wconf 75' lang='grc' dir='ltr'><strong>ὑποδεξαμένου.</strong></span> <span class='ocrx_word' id='word_1_375' title='bbox 3471 2330 3649 2392; x_wconf 80' lang='grc' dir='ltr'><strong>Εὐθὺς</strong></span> <span class='ocrx_word' id='word_1_376' title='bbox 3675 2330 3774 2396; x_wconf 68' lang='grc' dir='ltr'><strong>μιν</strong></span> <span class='ocrx_word' id='word_1_377' title='bbox 3813 2329 3910 2382; x_wconf 81' lang='grc' dir='ltr'><strong>οὖν</strong></span> <span class='ocrx_word' id='word_1_378' title='bbox 3935 2334 3966 2383; x_wconf 80' lang='grc' dir='ltr'>ὀ</span> <span class='ocrx_word' id='word_1_379' title='bbox 3996 2331 4091 2382; x_wconf 74' lang='grc' dir='ltr'><strong>τοῦ</strong></span> 
     </span>
    </p>
   </div>
   <div class='ocr_carea' id='block_1_54' title="bbox 2495 2415 4092 2488">
    <p class='ocr_par' dir='ltr' id='par_1_54' title="bbox 2495 2415 4092 2488">
     <span class='ocr_line' id='line_1_54' title="bbox 2495 2415 4092 2488; baseline 0.004 -21"><span class='ocrx_word' id='word_1_380' title='bbox 2495 2415 2736 2485; x_wconf 83' lang='grc' dir='ltr'><strong>Χριστοῦ</strong></span> <span class='ocrx_word' id='word_1_381' title='bbox 2775 2419 3114 2486; x_wconf 76' lang='grc' dir='ltr'><strong>στρατιώτης</strong></span> <span class='ocrx_word' id='word_1_382' title='bbox 3144 2421 3336 2488; x_wconf 80' lang='grc' dir='ltr'><strong>τρέπει</strong></span> <span class='ocrx_word' id='word_1_383' title='bbox 3364 2425 3454 2475; x_wconf 86' lang='grc' dir='ltr'><strong>τδν</strong></span> <span class='ocrx_word' id='word_1_384' title='bbox 3477 2423 3970 2488; x_wconf 81' lang='grc' dir='ltr'><strong>ἀντιτεταγμένον,</strong></span> <span class='ocrx_word' id='word_1_385' title='bbox 3996 2426 4092 2474; x_wconf 76' lang='grc' dir='ltr'><strong>καὶ</strong></span> 
     </span>
    </p>
   </div>
   <div class='ocr_carea' id='block_1_55' title="bbox 2499 2505 4090 2582">
    <p class='ocr_par' dir='ltr' id='par_1_55' title="bbox 2499 2505 4090 2582">
     <span class='ocr_line' id='line_1_55' title="bbox 2499 2505 4090 2582; baseline -0.006 -8"><span class='ocrx_word' id='word_1_386' title='bbox 2499 2507 2575 2574; x_wconf 64' lang='grc' dir='ltr'><strong>μὴ</strong></span> <span class='ocrx_word' id='word_1_387' title='bbox 2592 2505 2784 2572; x_wconf 73' lang='grc' dir='ltr'><strong>φανείς</strong></span> <span class='ocrx_word' id='word_1_388' title='bbox 2803 2522 2815 2535; x_wconf 86' lang='grc'><strong><em>⁸</em></strong></span> <span class='ocrx_word' id='word_1_389' title='bbox 2851 2511 2960 2570; x_wconf 83' lang='grc' dir='ltr'><strong>τοῖς</strong></span> <span class='ocrx_word' id='word_1_390' title='bbox 2977 2509 3158 2571; x_wconf 88' lang='grc' dir='ltr'><strong>λόγοις</strong></span> <span class='ocrx_word' id='word_1_391' title='bbox 3183 2510 3240 2563; x_wconf 84' lang='grc' dir='ltr'><strong>δὲ</strong></span> <span class='ocrx_word' id='word_1_392' title='bbox 3262 2511 3424 2579; x_wconf 83' lang='grc' dir='ltr'><strong>μόνον</strong></span> <span class='ocrx_word' id='word_1_393' title='bbox 3446 2511 3595 2564; x_wconf 83' lang='grc' dir='ltr'><strong>ὥσπε</strong></span> <span class='ocrx_word' id='word_1_394' title='bbox 3608 2529 3638 2582; x_wconf 91' lang='grc' dir='ltr'><strong>ρ</strong></span> <span class='ocrx_word' id='word_1_395' title='bbox 3657 2512 4090 2581; x_wconf 73' lang='grc' dir='ltr'><strong>ἀκροϐολισμοῖς</strong></span> 
     </span>
    </p>
   </div>
   <div class='ocr_carea' id='block_1_56' title="bbox 2494 2594 4090 2674">
    <p class='ocr_par' dir='ltr' id='par_1_56' title="bbox 2494 2594 4090 2674">
     <span class='ocr_line' id='line_1_56' title="bbox 2494 2594 4090 2674; baseline 0.004 -24"><span class='ocrx_word' id='word_1_396' title='bbox 2494 2597 2859 2666; x_wconf 79' lang='grc' dir='ltr'><strong>χρησάμενος,</strong></span> <span class='ocrx_word' id='word_1_397' title='bbox 2887 2594 2974 2653; x_wconf 77' lang='grc' dir='ltr'><strong>οἷα</strong></span> <span class='ocrx_word' id='word_1_398' title='bbox 3033 2603 3128 2655; x_wconf 76' lang='grc' dir='ltr'><strong>καὶ</strong></span> <span class='ocrx_word' id='word_1_399' title='bbox 3164 2602 3235 2655; x_wconf 82' lang='grc' dir='ltr'><strong>δι’</strong></span> <span class='ocrx_word' id='word_1_400' title='bbox 3302 2604 3598 2672; x_wconf 84' lang='grc' dir='ltr'><strong>ἐπιστολῆς</strong></span> <span class='ocrx_word' id='word_1_401' title='bbox 3660 2605 3939 2674; x_wconf 76' lang='grc' dir='ltr'><strong>πρότερον</strong></span> <span class='ocrx_word' id='word_1_402' title='bbox 3971 2609 4090 2658; x_wconf 78' lang='grc' dir='ltr'><strong>νέον</strong></span> 
     </span>
    </p>
   </div>
   <div class='ocr_carea' id='block_1_57' title="bbox 2494 2691 4089 2767">
    <p class='ocr_par' dir='ltr' id='par_1_57' title="bbox 2494 2691 4089 2767">
     <span class='ocr_line' id='line_1_57' title="bbox 2494 2691 4089 2767; baseline 0.013 -26"><span class='ocrx_word' id='word_1_403' title='bbox 2494 2691 2942 2760; x_wconf 79' lang='grc' dir='ltr'><strong>προσαγορεύσας</strong></span> <span class='ocrx_word' id='word_1_404' title='bbox 2970 2694 3355 2764; x_wconf 83' lang='grc' dir='ltr'><strong>Διοκλητιανὸν</strong></span> <span class='ocrx_word' id='word_1_405' title='bbox 3379 2696 3472 2749; x_wconf 73' lang='grc' dir='ltr'><strong>καὶ</strong></span> <span class='ocrx_word' id='word_1_406' title='bbox 3493 2695 3562 2749; x_wconf 84' lang='grc' dir='ltr'><strong>δι’</strong></span> <span class='ocrx_word' id='word_1_407' title='bbox 3579 2697 3782 2764; x_wconf 73' lang='grc' dir='ltr'><strong>ἀμφοῖν</strong></span> <span class='ocrx_word' id='word_1_408' title='bbox 3810 2698 4089 2767; x_wconf 65' lang='grc' dir='ltr'><strong>φοϐήσας.</strong></span> 
     </span>
    </p>
   </div>
   <div class='ocr_carea' id='block_1_58' title="bbox 2493 2783 4090 2856">
    <p class='ocr_par' dir='ltr' id='par_1_58' title="bbox 2493 2783 4090 2856">
     <span class='ocr_line' id='line_1_58' title="bbox 2493 2783 4090 2856; baseline 0.003 -22"><span class='ocrx_word' id='word_1_409' title='bbox 2493 2785 2614 2842; x_wconf 78' lang='grc' dir='ltr'><strong>ταῖς</strong></span> <span class='ocrx_word' id='word_1_410' title='bbox 2641 2800 2700 2836; x_wconf 89' lang='grc' dir='ltr'><strong>τε</strong></span> <span class='ocrx_word' id='word_1_411' title='bbox 2721 2784 2817 2836; x_wconf 84' lang='grc' dir='ltr'><strong>τοῦ</strong></span> <span class='ocrx_word' id='word_1_412' title='bbox 2839 2785 3105 2855; x_wconf 86' lang='grc' dir='ltr'><strong>παρόντος</strong></span> <span class='ocrx_word' id='word_1_413' title='bbox 3131 2786 3330 2849; x_wconf 79' lang='grc' dir='ltr'><strong>αἰῶνος</strong></span> <span class='ocrx_word' id='word_1_414' title='bbox 3360 2789 3678 2856; x_wconf 73' lang='grc' dir='ltr'><strong>τιμωρίαις,</strong></span> <span class='ocrx_word' id='word_1_415' title='bbox 3701 2783 3814 2840; x_wconf 80' lang='grc' dir='ltr'><strong>οίόν</strong></span> <span class='ocrx_word' id='word_1_416' title='bbox 3843 2805 3895 2840; x_wconf 90' lang='grc' dir='ltr'><strong>τι</strong></span> <span class='ocrx_word' id='word_1_417' title='bbox 3918 2807 4090 2856; x_wconf 70' lang='grc' dir='ltr'><strong>πονη-</strong></span> 
     </span>
    </p>
   </div>
   <div class='ocr_carea' id='block_1_59' title="bbox 2497 2874 4090 2952">
    <p class='ocr_par' dir='ltr' id='par_1_59' title="bbox 2497 2874 4090 2952">
     <span class='ocr_line' id='line_1_59' title="bbox 2497 2874 4090 2952; baseline 0.002 -25"><span class='ocrx_word' id='word_1_418' title='bbox 2497 2874 2589 2943; x_wconf 68' lang='grc' dir='ltr'><strong>ρὸν</strong></span> <span class='ocrx_word' id='word_1_419' title='bbox 2616 2875 2949 2945; x_wconf 71' lang='grc' dir='ltr'><strong>ἀνδράποδον</strong></span> <span class='ocrx_word' id='word_1_420' title='bbox 2991 2879 3219 2945; x_wconf 77' lang='grc' dir='ltr'><strong>φεύγειν</strong></span> <span class='ocrx_word' id='word_1_421' title='bbox 3254 2879 3463 2932; x_wconf 68' lang='grc' dir='ltr'><strong>ἔπεισε.</strong></span> <span class='ocrx_word' id='word_1_422' title='bbox 3506 2881 3632 2949; x_wconf 77' lang='grc' dir='ltr'><strong>Τὴν</strong></span> <span class='ocrx_word' id='word_1_423' title='bbox 3681 2883 3792 2950; x_wconf 82' lang='grc' dir='ltr'><strong>γὰρ</strong></span> <span class='ocrx_word' id='word_1_424' title='bbox 3845 2883 4090 2952; x_wconf 70' lang='grc' dir='ltr'><strong>ἀπειλὴν</strong></span> 
     </span>
    </p>
   </div>
   <div class='ocr_carea' id='block_1_60' title="bbox 2493 2965 4090 3040">
    <p class='ocr_par' dir='ltr' id='par_1_60' title="bbox 2493 2965 4090 3040">
     <span class='ocr_line' id='line_1_60' title="bbox 2493 2965 4090 3040; baseline 0.004 -23"><span class='ocrx_word' id='word_1_425' title='bbox 2493 2965 2699 3031; x_wconf 80' lang='grc' dir='ltr'><strong>δείσας,</strong></span> <span class='ocrx_word' id='word_1_426' title='bbox 2741 2969 2837 3020; x_wconf 77' lang='grc' dir='ltr'><strong>καὶ</strong></span> <span class='ocrx_word' id='word_1_427' title='bbox 2892 2970 3190 3038; x_wconf 68' lang='grc' dir='ltr'><strong>ἀπόκρισιν</strong></span> <span class='ocrx_word' id='word_1_428' title='bbox 3232 2971 3359 3034; x_wconf 71' lang='grc' dir='ltr'><strong>δοὺς</strong></span> <span class='ocrx_word' id='word_1_429' title='bbox 3408 2973 3484 3033; x_wconf 81' lang='grc' dir='ltr'><strong>ὡς</strong></span> <span class='ocrx_word' id='word_1_430' title='bbox 3536 2972 3664 3027; x_wconf 82' lang='grc' dir='ltr'><strong>Ἰδού</strong></span> <span class='ocrx_word' id='word_1_431' title='bbox 3705 2990 3786 3025; x_wconf 81' lang='grc' dir='ltr'><strong>σοι</strong></span> <span class='ocrx_word' id='word_1_432' title='bbox 3829 2976 3925 3026; x_wconf 77' lang='grc' dir='ltr'><strong>καὶ</strong></span> <span class='ocrx_word' id='word_1_433' title='bbox 3986 2976 4090 3040; x_wconf 75' lang='grc' dir='ltr'><strong>τὴν</strong></span> 
     </span>
    </p>
   </div>
   <div class='ocr_carea' id='block_1_61' title="bbox 2493 3058 4088 3134">
    <p class='ocr_par' dir='ltr' id='par_1_61' title="bbox 2493 3058 4088 3134">
     <span class='ocr_line' id='line_1_61' title="bbox 2493 3058 4088 3134; baseline 0.003 -24"><span class='ocrx_word' id='word_1_434' title='bbox 2493 3058 2650 3111; x_wconf 79' lang='grc' dir='ltr'><strong>πόλιν</strong></span> <span class='ocrx_word' id='word_1_435' title='bbox 2683 3061 2998 3130; x_wconf 79' lang='grc' dir='ltr'><strong>χαρίζομαι,</strong></span> <span class='ocrx_word' id='word_1_436' title='bbox 3029 3061 3124 3115; x_wconf 71' lang='grc' dir='ltr'><strong>καὶ</strong></span> <span class='ocrx_word' id='word_1_437' title='bbox 3149 3062 3274 3125; x_wconf 77' lang='grc' dir='ltr'><strong>τοὺς</strong></span> <span class='ocrx_word' id='word_1_438' title='bbox 3299 3063 3357 3116; x_wconf 79' lang='grc' dir='ltr'><strong>ἐν</strong></span> <span class='ocrx_word' id='word_1_439' title='bbox 3381 3067 3444 3134; x_wconf 76' lang='grc' dir='ltr'><strong>τῇ</strong></span> <span class='ocrx_word' id='word_1_440' title='bbox 3471 3065 3624 3116; x_wconf 79' lang='grc' dir='ltr'><strong>πόλει</strong></span> <span class='ocrx_word' id='word_1_441' title='bbox 3649 3067 3888 3126; x_wconf 79' lang='grc' dir='ltr'><strong>πάντας,</strong></span> <span class='ocrx_word' id='word_1_442' title='bbox 3916 3066 4088 3127; x_wconf 71' lang='grc' dir='ltr'><strong>αὐτὸς</strong></span> 
     </span>
    </p>
   </div>
   <div class='ocr_carea' id='block_1_62' title="bbox 829 3138 2493 3224">
    <p class='ocr_par' dir='ltr' id='par_1_62' title="bbox 829 3138 2460 3215">
     <span class='ocr_line' id='line_1_62' title="bbox 829 3138 2460 3215; baseline 0.011 -29"><span class='ocrx_word' id='word_1_443' title='bbox 829 3138 1182 3203; x_wconf 79' lang='lat' dir='ltr'><strong>mancipium,</strong></span> <span class='ocrx_word' id='word_1_444' title='bbox 1244 3143 1515 3209; x_wconf 88' lang='lat' dir='ltr'><strong>persuasit</strong></span> <span class='ocrx_word' id='word_1_445' title='bbox 1543 3152 1601 3197; x_wconf 91' lang='lat' dir='ltr'><strong>ut</strong></span> <span class='ocrx_word' id='word_1_446' title='bbox 1648 3145 1878 3212; x_wconf 78' lang='lat' dir='ltr'><strong>fugeret.</strong></span> <span class='ocrx_word' id='word_1_447' title='bbox 1942 3147 2209 3201; x_wconf 74' lang='lat' dir='ltr'><strong>Minarum</strong></span> <span class='ocrx_word' id='word_1_448' title='bbox 2242 3150 2390 3203; x_wconf 89' lang='lat' dir='ltr'><strong>enim</strong></span> <span class='ocrx_word' id='word_1_449' title='bbox 2418 3157 2460 3215; x_wconf 86' lang='lat' dir='ltr'>c</span> 
     </span>
    </p>
   </div>
   <div class='ocr_carea' id='block_1_63' title="bbox 2421 3138 4085 3224">
    <p class='ocr_par' dir='ltr' id='par_1_63' title="bbox 2421 3151 4085 3224">
     <span class='ocr_line' id='line_1_63' title="bbox 2421 3151 4085 3224; baseline 0.003 -23"><span class='ocrx_word' id='word_1_450' title='bbox 2421 3157 2460 3215; x_wconf 86' lang='lat' dir='ltr'>c</span> <span class='ocrx_word' id='word_1_451' title='bbox 2497 3151 2805 3218; x_wconf 75' lang='grc' dir='ltr'><strong>γυμνασίας</strong></span> <span class='ocrx_word' id='word_1_452' title='bbox 2865 3152 3142 3223; x_wconf 78' lang='grc' dir='ltr'><strong>πρόφασιν</strong></span> <span class='ocrx_word' id='word_1_453' title='bbox 3198 3153 3308 3214; x_wconf 77' lang='grc' dir='ltr'><strong>ἐξω</strong></span> <span class='ocrx_word' id='word_1_454' title='bbox 3365 3153 3474 3207; x_wconf 84' lang='grc' dir='ltr'><strong>τῶν</strong></span> <span class='ocrx_word' id='word_1_455' title='bbox 3506 3154 3608 3224; x_wconf 80' lang='grc' dir='ltr'><strong>τῆς</strong></span> <span class='ocrx_word' id='word_1_456' title='bbox 3657 3155 3867 3218; x_wconf 84' lang='grc' dir='ltr'><strong>πόλεως</strong></span> <span class='ocrx_word' id='word_1_457' title='bbox 3914 3156 4085 3224; x_wconf 69' lang='grc' dir='ltr'><strong>ἐρίων</strong></span> 
     </span>
    </p>
   </div>
   <div class='ocr_carea' id='block_1_64' title="bbox 827 3230 2392 3304">
    <p class='ocr_par' dir='ltr' id='par_1_64' title="bbox 827 3230 2392 3304">
     <span class='ocr_line' id='line_1_64' title="bbox 827 3230 2392 3304; baseline 0.009 -24"><span class='ocrx_word' id='word_1_458' title='bbox 827 3233 1023 3283; x_wconf 64' lang='lat' dir='ltr'><strong>timore</strong></span> <span class='ocrx_word' id='word_1_459' title='bbox 1046 3230 1276 3285; x_wconf 74' lang='lat' dir='ltr'><strong>affectus</strong></span> <span class='ocrx_word' id='word_1_460' title='bbox 1308 3248 1429 3287; x_wconf 91' lang='lat' dir='ltr'><strong>cum</strong></span> <span class='ocrx_word' id='word_1_461' title='bbox 1469 3236 1840 3304; x_wconf 88' lang='lat' dir='ltr'><strong>respondisset</strong></span> <span class='ocrx_word' id='word_1_462' title='bbox 1877 3256 1890 3292; x_wconf 91' lang='lat'><strong>:</strong></span> <span class='ocrx_word' id='word_1_463' title='bbox 1935 3238 2077 3294; x_wconf 87' lang='lat' dir='ltr'><strong>Ecce</strong></span> <span class='ocrx_word' id='word_1_464' title='bbox 2129 3239 2222 3294; x_wconf 90' lang='lat' dir='ltr'><strong>tibi</strong></span> <span class='ocrx_word' id='word_1_465' title='bbox 2259 3255 2392 3294; x_wconf 90' lang='lat' dir='ltr'><strong>cou-</strong></span> 
     </span>
    </p>
   </div>
   <div class='ocr_carea' id='block_1_65' title="bbox 2497 3241 2717 3312">
    <p class='ocr_par' dir='ltr' id='par_1_65' title="bbox 2497 3241 2717 3312">
     <span class='ocr_line' id='line_1_65' title="bbox 2497 3241 2717 3312; baseline 0.018 -19"><span class='ocrx_word' id='word_1_466' title='bbox 2497 3241 2717 3312; x_wconf 82' lang='grc' dir='ltr'><strong>ἐχώρει.</strong></span> 
     </span>
    </p>
   </div>
   <div class='ocr_carea' id='block_1_66' title="bbox 825 3323 4082 3412">
    <p class='ocr_par' dir='ltr' id='par_1_66' title="bbox 825 3323 4082 3412">
     <span class='ocr_line' id='line_1_66' title="bbox 825 3323 4082 3412; baseline 0.007 -41"><span class='ocrx_word' id='word_1_467' title='bbox 825 3324 959 3374; x_wconf 74' lang='lat' dir='ltr'><strong>cezio</strong></span> <span class='ocrx_word' id='word_1_468' title='bbox 993 3325 1290 3390; x_wconf 76' lang='lat' dir='ltr'><strong>civitatem,</strong></span> <span class='ocrx_word' id='word_1_469' title='bbox 1356 3337 1412 3382; x_wconf 90' lang='lat' dir='ltr'><strong>et</strong></span> <span class='ocrx_word' id='word_1_470' title='bbox 1447 3344 1638 3385; x_wconf 87' lang='lat' dir='ltr'><strong>omnes</strong></span> <span class='ocrx_word' id='word_1_471' title='bbox 1689 3333 1781 3401; x_wconf 85' lang='lat' dir='ltr'><strong>qui</strong></span> <span class='ocrx_word' id='word_1_472' title='bbox 1837 3345 1966 3387; x_wconf 90' lang='lat' dir='ltr'><strong>sunt</strong></span> <span class='ocrx_word' id='word_1_473' title='bbox 2023 3335 2076 3388; x_wconf 93' lang='lat' dir='ltr'><strong>in</strong></span> <span class='ocrx_word' id='word_1_474' title='bbox 2125 3351 2209 3403; x_wconf 89' lang='lat' dir='ltr'><strong>ea,</strong></span> <span class='ocrx_word' id='word_1_475' title='bbox 2273 3337 2390 3406; x_wconf 84' lang='lat' dir='ltr'><strong>ipse</strong></span> <span class='ocrx_word' id='word_1_476' title='bbox 2465 3346 2732 3406; x_wconf 66' lang='lat' dir='ltr'><strong>pratextu</strong></span> <span class='ocrx_word' id='word_1_477' title='bbox 2781 3339 3196 3395; x_wconf 82' lang='lat' dir='ltr'><strong>exercitationis</strong></span> <span class='ocrx_word' id='word_1_478' title='bbox 3244 3323 3508 3412; x_wconf 74' lang='lat' dir='ltr'><strong>processit</strong></span> <span class='ocrx_word' id='word_1_479' title='bbox 3569 3351 3719 3397; x_wconf 88' lang='lat' dir='ltr'><strong>extra</strong></span> <span class='ocrx_word' id='word_1_480' title='bbox 3811 3341 4082 3394; x_wconf 77' lang='lat' dir='ltr'><strong>terminus</strong></span> 
     </span>
    </p>
   </div>
   <div class='ocr_carea' id='block_1_67' title="bbox 831 3421 1088 3477">
    <p class='ocr_par' dir='ltr' id='par_1_67' title="bbox 831 3421 1088 3477">
     <span class='ocr_line' id='line_1_67' title="bbox 831 3421 1088 3477; baseline 0.016 -4"><span class='ocrx_word' id='word_1_481' title='bbox 831 3421 1088 3477; x_wconf 79' lang='lat' dir='ltr'><strong>civitatis.</strong></span> 
     </span>
    </p>
   </div>
   <div class='ocr_carea' id='block_1_68' title="bbox 899 3512 2388 3586">
    <p class='ocr_par' dir='ltr' id='par_1_68' title="bbox 899 3512 2388 3586">
     <span class='ocr_line' id='line_1_68' title="bbox 899 3512 2388 3586; baseline 0.009 -21"><span class='ocrx_word' id='word_1_482' title='bbox 899 3512 964 3565; x_wconf 80' lang='lat' dir='ltr'><strong>XI</strong></span> <span class='ocrx_word' id='word_1_483' title='bbox 993 3512 1079 3567; x_wconf 82' lang='lat' dir='ltr'><strong>iV.</strong></span> <span class='ocrx_word' id='word_1_484' title='bbox 1123 3513 1231 3568; x_wconf 89' lang='lat' dir='ltr'><strong>Sed</strong></span> <span class='ocrx_word' id='word_1_485' title='bbox 1264 3531 1364 3570; x_wconf 86' lang='lat' dir='ltr'><strong>nec</strong></span> <span class='ocrx_word' id='word_1_486' title='bbox 1386 3516 1463 3571; x_wconf 88' lang='lat' dir='ltr'><strong>sic</strong></span> <span class='ocrx_word' id='word_1_487' title='bbox 1499 3517 1719 3586; x_wconf 89' lang='lat' dir='ltr'><strong>quidem</strong></span> <span class='ocrx_word' id='word_1_488' title='bbox 1748 3535 1872 3574; x_wconf 90' lang='lat' dir='ltr'><strong>eum</strong></span> <span class='ocrx_word' id='word_1_489' title='bbox 1903 3520 2111 3576; x_wconf 90' lang='lat' dir='ltr'><strong>dimisit</strong></span> <span class='ocrx_word' id='word_1_490' title='bbox 2144 3524 2226 3577; x_wconf 83' lang='lat' dir='ltr'><strong>vir</strong></span> <span class='ocrx_word' id='word_1_491' title='bbox 2272 3523 2388 3578; x_wconf 79' lang='lat' dir='ltr'><strong>for-</strong></span> 
     </span>
    </p>
   </div>
   <div class='ocr_carea' id='block_1_69' title="bbox 829 3607 2384 3686">
    <p class='ocr_par' dir='ltr' id='par_1_69' title="bbox 829 3607 2384 3686">
     <span class='ocr_line' id='line_1_69' title="bbox 829 3607 2384 3686; baseline 0.008 -28"><span class='ocrx_word' id='word_1_492' title='bbox 829 3607 1094 3670; x_wconf 80' lang='lat' dir='ltr'><strong>tissimus,</strong></span> <span class='ocrx_word' id='word_1_493' title='bbox 1158 3607 1252 3660; x_wconf 84' lang='lat' dir='ltr'><strong>sed</strong></span> <span class='ocrx_word' id='word_1_494' title='bbox 1296 3607 1619 3678; x_wconf 77' lang='lat' dir='ltr'><strong>fugientem.</strong></span> <span class='ocrx_word' id='word_1_495' title='bbox 1681 3621 1934 3678; x_wconf 90' lang='lat' dir='ltr'><strong>tanquam</strong></span> <span class='ocrx_word' id='word_1_496' title='bbox 1996 3614 2085 3682; x_wconf 92' lang='lat' dir='ltr'><strong>qui</strong></span> <span class='ocrx_word' id='word_1_497' title='bbox 2135 3616 2384 3686; x_wconf 87' lang='lat' dir='ltr'><strong>clypeum</strong></span> 
     </span>
    </p>
   </div>
   <div class='ocr_carea' id='block_1_70' title="bbox 826 3697 2394 3768">
    <p class='ocr_par' dir='ltr' id='par_1_70' title="bbox 826 3697 2394 3768">
     <span class='ocr_line' id='line_1_70' title="bbox 826 3697 2394 3768; baseline 0.008 -18"><span class='ocrx_word' id='word_1_498' title='bbox 826 3697 1138 3766; x_wconf 73' lang='lat' dir='ltr'><strong>abiecisset,</strong></span> <span class='ocrx_word' id='word_1_499' title='bbox 1168 3699 1604 3767; x_wconf 85' lang='lat' dir='ltr'><strong>persequebatur</strong></span> <span class='ocrx_word' id='word_1_500' title='bbox 1635 3699 1885 3768; x_wconf 84' lang='lat' dir='ltr'><strong>militem,</strong></span> <span class='ocrx_word' id='word_1_501' title='bbox 1916 3714 1971 3758; x_wconf 92' lang='lat' dir='ltr'><strong>et</strong></span> <span class='ocrx_word' id='word_1_502' title='bbox 2024 3707 2394 3764; x_wconf 89' lang='lat' dir='ltr'><strong>contendebat</strong></span> 
     </span>
    </p>
   </div>
   <div class='ocr_carea' id='block_1_71' title="bbox 826 3790 2393 3870">
    <p class='ocr_par' dir='ltr' id='par_1_71' title="bbox 826 3790 2393 3870">
     <span class='ocr_line' id='line_1_71' title="bbox 826 3790 2393 3870; baseline 0.009 -29"><span class='ocrx_word' id='word_1_503' title='bbox 826 3806 951 3844; x_wconf 78' lang='lat' dir='ltr'><strong>eum</strong></span> <span class='ocrx_word' id='word_1_504' title='bbox 985 3790 1505 3859; x_wconf 33' lang='lat' dir='ltr'><strong>apprehendrro,vut</strong></span> <span class='ocrx_word' id='word_1_505' title='bbox 1535 3806 1809 3862; x_wconf 77' lang='lat' dir='ltr'><strong>argueret,</strong></span> <span class='ocrx_word' id='word_1_506' title='bbox 1843 3807 1898 3851; x_wconf 89' lang='lat' dir='ltr'><strong>et</strong></span> <span class='ocrx_word' id='word_1_507' title='bbox 1926 3813 2050 3852; x_wconf 89' lang='lat' dir='ltr'><strong>cum</strong></span> <span class='ocrx_word' id='word_1_508' title='bbox 2081 3814 2148 3852; x_wconf 89' lang='lat' dir='ltr'><strong>eo</strong></span> <span class='ocrx_word' id='word_1_509' title='bbox 2201 3801 2393 3870; x_wconf 76' lang='lat' dir='ltr'><strong>singu-</strong></span> 
     </span>
    </p>
   </div>
   <div class='ocr_carea' id='block_1_72' title="bbox 827 3883 2393 3958">
    <p class='ocr_par' dir='ltr' id='par_1_72' title="bbox 827 3883 2393 3958">
     <span class='ocr_line' id='line_1_72' title="bbox 827 3883 2393 3958; baseline 0.007 -22"><span class='ocrx_word' id='word_1_510' title='bbox 827 3883 930 3936; x_wconf 89' lang='lat' dir='ltr'><strong>lari</strong></span> <span class='ocrx_word' id='word_1_511' title='bbox 961 3893 1198 3936; x_wconf 83' lang='lat' dir='ltr'><strong>certaret</strong></span> <span class='ocrx_word' id='word_1_512' title='bbox 1224 3885 1545 3940; x_wconf 87' lang='lat' dir='ltr'><strong>certamine.</strong></span> <span class='ocrx_word' id='word_1_513' title='bbox 1582 3887 1684 3940; x_wconf 89' lang='lat' dir='ltr'><strong>luit</strong></span> <span class='ocrx_word' id='word_1_514' title='bbox 1716 3903 1846 3958; x_wconf 74' lang='lat' dir='ltr'><strong>ergo</strong></span> <span class='ocrx_word' id='word_1_515' title='bbox 1888 3891 2049 3952; x_wconf 86' lang='lat' dir='ltr'><strong>viam,</strong></span> <span class='ocrx_word' id='word_1_516' title='bbox 2090 3907 2210 3958; x_wconf 72' lang='lat' dir='ltr'><strong>quzc</strong></span> <span class='ocrx_word' id='word_1_517' title='bbox 2263 3893 2393 3948; x_wconf 91' lang='lat' dir='ltr'><strong>illuc</strong></span> 
     </span>
    </p>
   </div>
   <div class='ocr_carea' id='block_1_73' title="bbox 829 3977 2392 4040">
    <p class='ocr_par' dir='ltr' id='par_1_73' title="bbox 829 3977 2392 4040">
     <span class='ocr_line' id='line_1_73' title="bbox 829 3977 2392 4040; baseline 0.008 -12"><span class='ocrx_word' id='word_1_518' title='bbox 829 3977 1062 4030; x_wconf 76' lang='lat' dir='ltr'><strong>ferebat.</strong></span> <span class='ocrx_word' id='word_1_519' title='bbox 1096 3977 1230 4028; x_wconf 78' lang='lat' dir='ltr'><strong>Vide</strong></span> <span class='ocrx_word' id='word_1_520' title='bbox 1256 3987 1437 4032; x_wconf 90' lang='lat' dir='ltr'><strong>autem</strong></span> <span class='ocrx_word' id='word_1_521' title='bbox 1465 3979 1598 4032; x_wconf 92' lang='lat' dir='ltr'><strong>mihi</strong></span> <span class='ocrx_word' id='word_1_522' title='bbox 1626 3981 1801 4032; x_wconf 77' lang='lat' dir='ltr'><strong>zelum</strong></span> <span class='ocrx_word' id='word_1_523' title='bbox 1828 3982 2063 4036; x_wconf 66' lang='lat' dir='ltr'><strong>atldetae.</strong></span> <span class='ocrx_word' id='word_1_524' title='bbox 2098 3984 2232 4037; x_wconf 89' lang='lat' dir='ltr'><strong>Nam</strong></span> <span class='ocrx_word' id='word_1_525' title='bbox 2267 4001 2392 4040; x_wconf 89' lang='lat' dir='ltr'><strong>cum</strong></span> 
     </span>
    </p>
   </div>
   <div class='ocr_carea' id='block_1_74' title="bbox 827 4068 2393 4144">
    <p class='ocr_par' dir='ltr' id='par_1_74' title="bbox 827 4068 2393 4144">
     <span class='ocr_line' id='line_1_74' title="bbox 827 4068 2393 4144; baseline 0.007 -24"><span class='ocrx_word' id='word_1_526' title='bbox 827 4068 877 4121; x_wconf 91' lang='lat' dir='ltr'><strong>ei</strong></span> <span class='ocrx_word' id='word_1_527' title='bbox 914 4073 1077 4136; x_wconf 84' lang='lat' dir='ltr'><strong>pedes</strong></span> <span class='ocrx_word' id='word_1_528' title='bbox 1104 4068 1446 4124; x_wconf 82' lang='lat' dir='ltr'><strong>laborassem</strong></span> <span class='ocrx_word' id='word_1_529' title='bbox 1478 4073 1892 4136; x_wconf 82' lang='lat' dir='ltr'><strong>exercitatione,</strong></span> <span class='ocrx_word' id='word_1_530' title='bbox 1929 4082 1983 4126; x_wconf 90' lang='lat' dir='ltr'><strong>et</strong></span> <span class='ocrx_word' id='word_1_531' title='bbox 2033 4089 2138 4128; x_wconf 91' lang='lat' dir='ltr'><strong>non</strong></span> <span class='ocrx_word' id='word_1_532' title='bbox 2171 4086 2393 4144; x_wconf 87' lang='lat' dir='ltr'><strong>possent</strong></span> 
     </span>
    </p>
   </div>
   <div class='ocr_carea' id='block_1_75' title="bbox 832 4161 2392 4234">
    <p class='ocr_par' dir='ltr' id='par_1_75' title="bbox 832 4161 2392 4234">
     <span class='ocr_line' id='line_1_75' title="bbox 832 4161 2392 4234; baseline 0.006 -21"><span class='ocrx_word' id='word_1_533' title='bbox 832 4161 1067 4228; x_wconf 74' lang='lat' dir='ltr'><strong>ingredi,</strong></span> <span class='ocrx_word' id='word_1_534' title='bbox 1113 4164 1460 4215; x_wconf 80' lang='lat' dir='ltr'><strong>commodata</strong></span> <span class='ocrx_word' id='word_1_535' title='bbox 1498 4164 1696 4232; x_wconf 86' lang='lat' dir='ltr'><strong>accipit</strong></span> <span class='ocrx_word' id='word_1_536' title='bbox 1742 4165 1876 4219; x_wconf 83' lang='lat' dir='ltr'><strong>alios</strong></span> <span class='ocrx_word' id='word_1_537' title='bbox 1905 4171 2092 4234; x_wconf 85' lang='lat' dir='ltr'><strong>pedes,</strong></span> <span class='ocrx_word' id='word_1_538' title='bbox 2131 4177 2185 4222; x_wconf 90' lang='lat' dir='ltr'><strong>et</strong></span> <span class='ocrx_word' id='word_1_539' title='bbox 2220 4168 2392 4223; x_wconf 81' lang='lat' dir='ltr'><strong>duce-</strong></span> 
     </span>
    </p>
   </div>
   <div class='ocr_carea' id='block_1_76' title="bbox 831 4247 2395 4328">
    <p class='ocr_par' dir='ltr' id='par_1_76' title="bbox 831 4247 2395 4328">
     <span class='ocr_line' id='line_1_76' title="bbox 831 4247 2395 4328; baseline 0.005 -22"><span class='ocrx_word' id='word_1_540' title='bbox 831 4254 993 4308; x_wconf 91' lang='lat' dir='ltr'><strong>batur</strong></span> <span class='ocrx_word' id='word_1_541' title='bbox 1052 4261 1301 4322; x_wconf 89' lang='lat' dir='ltr'><strong>portatus</strong></span> <span class='ocrx_word' id='word_1_542' title='bbox 1366 4255 1435 4307; x_wconf 89' lang='lat' dir='ltr'><strong>ab</strong></span> <span class='ocrx_word' id='word_1_543' title='bbox 1487 4247 1626 4308; x_wconf 78' lang='lat' dir='ltr'><strong>aliis.</strong></span> <span class='ocrx_word' id='word_1_544' title='bbox 1691 4256 1883 4311; x_wconf 83' lang='lat' dir='ltr'><strong>Fuitne</strong></span> <span class='ocrx_word' id='word_1_545' title='bbox 1945 4274 2072 4310; x_wconf 82' lang='lat' dir='ltr'><strong>vero</strong></span> <span class='ocrx_word' id='word_1_546' title='bbox 2115 4261 2236 4328; x_wconf 82' lang='lat' dir='ltr'><strong>ejus</strong></span> <span class='ocrx_word' id='word_1_547' title='bbox 2292 4260 2395 4314; x_wconf 90' lang='lat' dir='ltr'><strong>iter</strong></span> 
     </span>
    </p>
   </div>
   <div class='ocr_carea' id='block_1_77' title="bbox 830 4345 2394 4418">
    <p class='ocr_par' dir='ltr' id='par_1_77' title="bbox 830 4345 2394 4418">
     <span class='ocr_line' id='line_1_77' title="bbox 830 4345 2394 4418; baseline 0.004 -18"><span class='ocrx_word' id='word_1_548' title='bbox 830 4348 994 4400; x_wconf 88' lang='lat' dir='ltr'><strong>inane</strong></span> <span class='ocrx_word' id='word_1_549' title='bbox 1024 4356 1078 4400; x_wconf 90' lang='lat' dir='ltr'><strong>et</strong></span> <span class='ocrx_word' id='word_1_550' title='bbox 1102 4347 1307 4415; x_wconf 82' lang='lat' dir='ltr'><strong>absque</strong></span> <span class='ocrx_word' id='word_1_551' title='bbox 1338 4345 1660 4402; x_wconf 88' lang='lat' dir='ltr'><strong>miraculis?</strong></span> <span class='ocrx_word' id='word_1_552' title='bbox 1691 4349 2043 4418; x_wconf 87' lang='lat' dir='ltr'><strong>Nequaquam</strong></span> <span class='ocrx_word' id='word_1_553' title='bbox 2078 4369 2094 4416; x_wconf 89' lang='lat'><strong>;</strong></span> <span class='ocrx_word' id='word_1_554' title='bbox 2131 4363 2185 4405; x_wconf 90' lang='lat' dir='ltr'><strong>et</strong></span> <span class='ocrx_word' id='word_1_555' title='bbox 2216 4353 2394 4407; x_wconf 88' lang='lat' dir='ltr'><strong>liben-</strong></span> 
     </span>
    </p>
   </div>
   <div class='ocr_carea' id='block_1_78' title="bbox 829 4438 2392 4509">
    <p class='ocr_par' dir='ltr' id='par_1_78' title="bbox 829 4438 2392 4509">
     <span class='ocr_line' id='line_1_78' title="bbox 829 4438 2392 4509; baseline 0.004 -17"><span class='ocrx_word' id='word_1_556' title='bbox 829 4438 1038 4492; x_wconf 70' lang='lat' dir='ltr'><strong>tissime</strong></span> <span class='ocrx_word' id='word_1_557' title='bbox 1060 4440 1281 4509; x_wconf 89' lang='lat' dir='ltr'><strong>quidem</strong></span> <span class='ocrx_word' id='word_1_558' title='bbox 1307 4441 1552 4494; x_wconf 88' lang='lat' dir='ltr'><strong>omnium</strong></span> <span class='ocrx_word' id='word_1_559' title='bbox 1584 4443 1985 4507; x_wconf 87' lang='lat' dir='ltr'><strong>meminissem;</strong></span> <span class='ocrx_word' id='word_1_560' title='bbox 2016 4443 2108 4498; x_wconf 90' lang='lat' dir='ltr'><strong>sed</strong></span> <span class='ocrx_word' id='word_1_561' title='bbox 2134 4459 2257 4498; x_wconf 89' lang='lat' dir='ltr'><strong>cum</strong></span> <span class='ocrx_word' id='word_1_562' title='bbox 2292 4446 2392 4500; x_wconf 89' lang='lat' dir='ltr'><strong>tria</strong></span> 
     </span>
    </p>
   </div>
   <div class='ocr_carea' id='block_1_79' title="bbox 2567 3518 4080 3588">
    <p class='ocr_par' dir='ltr' id='par_1_79' title="bbox 2567 3518 4080 3588">
     <span class='ocr_line' id='line_1_79' title="bbox 2567 3518 4080 3588; baseline -0.003 -13"><span class='ocrx_word' id='word_1_563' title='bbox 2567 3519 2700 3575; x_wconf 69' lang='grc' dir='ltr'><strong>ΜΝ.</strong></span> <span class='ocrx_word' id='word_1_564' title='bbox 2745 3519 2885 3571; x_wconf 79' lang='grc' dir='ltr'><strong>Ἀλλ’</strong></span> <span class='ocrx_word' id='word_1_565' title='bbox 2925 3518 3047 3572; x_wconf 64' lang='grc' dir='ltr'><strong>οὐδὲ</strong></span> <span class='ocrx_word' id='word_1_566' title='bbox 3083 3519 3259 3580; x_wconf 72' lang='grc' dir='ltr'><strong>οὕτως</strong></span> <span class='ocrx_word' id='word_1_567' title='bbox 3302 3519 3508 3588; x_wconf 78' lang='grc' dir='ltr'><strong>ἀνῆκεν</strong></span> <span class='ocrx_word' id='word_1_568' title='bbox 3559 3521 3586 3572; x_wconf 89' lang='grc' dir='ltr'><strong>δ</strong></span> <span class='ocrx_word' id='word_1_569' title='bbox 3625 3519 3912 3587; x_wconf 71' lang='grc' dir='ltr'><strong>ἀριστεὺς,</strong></span> <span class='ocrx_word' id='word_1_570' title='bbox 3942 3521 4080 3573; x_wconf 78' lang='grc' dir='ltr'><strong>ἀλλά</strong></span> 
     </span>
    </p>
   </div>
   <div class='ocr_carea' id='block_1_80' title="bbox 2495 3611 4081 3680">
    <p class='ocr_par' dir='ltr' id='par_1_80' title="bbox 2495 3611 4081 3680">
     <span class='ocr_line' id='line_1_80' title="bbox 2495 3611 4081 3680; baseline 0 -15"><span class='ocrx_word' id='word_1_571' title='bbox 2495 3613 2587 3666; x_wconf 68' lang='grc' dir='ltr'><strong>τὸν</strong></span> <span class='ocrx_word' id='word_1_572' title='bbox 2613 3611 2892 3680; x_wconf 73' lang='grc' dir='ltr'><strong>δραπέτην</strong></span> <span class='ocrx_word' id='word_1_573' title='bbox 2941 3611 3018 3673; x_wconf 83' lang='grc' dir='ltr'><strong>ὡς</strong></span> <span class='ocrx_word' id='word_1_574' title='bbox 3047 3611 3314 3680; x_wconf 76' lang='grc' dir='ltr'><strong>ῥίψασπιν</strong></span> <span class='ocrx_word' id='word_1_575' title='bbox 3345 3612 3538 3663; x_wconf 74' lang='grc' dir='ltr'><strong>ἐδίωκε</strong></span> <span class='ocrx_word' id='word_1_576' title='bbox 3575 3611 3952 3680; x_wconf 72' lang='grc' dir='ltr'><strong>στρατιώτην,</strong></span> <span class='ocrx_word' id='word_1_577' title='bbox 3987 3619 4081 3665; x_wconf 74' lang='grc' dir='ltr'><strong>καὶ</strong></span> 
     </span>
    </p>
   </div>
   <div class='ocr_carea' id='block_1_81' title="bbox 2495 3701 4076 3774">
    <p class='ocr_par' dir='ltr' id='par_1_81' title="bbox 2495 3701 4076 3774">
     <span class='ocr_line' id='line_1_81' title="bbox 2495 3701 4076 3774; baseline 0.001 -21"><span class='ocrx_word' id='word_1_578' title='bbox 2495 3703 2680 3755; x_wconf 76' lang='grc' dir='ltr'><strong>λαϐεῖν</strong></span> <span class='ocrx_word' id='word_1_579' title='bbox 2702 3704 2780 3763; x_wconf 84' lang='grc' dir='ltr'><strong>εἰς</strong></span> <span class='ocrx_word' id='word_1_580' title='bbox 2815 3701 3039 3770; x_wconf 71' lang='grc' dir='ltr'><strong>ἐλεγχον</strong></span> <span class='ocrx_word' id='word_1_581' title='bbox 3068 3701 3348 3770; x_wconf 76' lang='grc' dir='ltr'><strong>ἐπεζήτει,</strong></span> <span class='ocrx_word' id='word_1_582' title='bbox 3378 3704 3473 3753; x_wconf 75' lang='grc' dir='ltr'><strong>καὶ</strong></span> <span class='ocrx_word' id='word_1_583' title='bbox 3502 3703 3639 3772; x_wconf 79' lang='grc' dir='ltr'><strong>πρὸς</strong></span> <span class='ocrx_word' id='word_1_584' title='bbox 3661 3704 3828 3756; x_wconf 70' lang='grc' dir='ltr'><strong>αὐτὸν</strong></span> <span class='ocrx_word' id='word_1_585' title='bbox 3852 3704 4076 3774; x_wconf 77' lang='grc' dir='ltr'><strong>διαμιλο</strong></span> 
     </span>
    </p>
   </div>
   <div class='ocr_carea' id='block_1_82' title="bbox 2497 3795 4078 3864">
    <p class='ocr_par' dir='ltr' id='par_1_82' title="bbox 2497 3795 4078 3864">
     <span class='ocr_line' id='line_1_82' title="bbox 2497 3795 4078 3864; baseline 0.003 -16"><span class='ocrx_word' id='word_1_586' title='bbox 2497 3796 2729 3864; x_wconf 80' lang='grc' dir='ltr'><strong>ληθῆναι</strong></span> <span class='ocrx_word' id='word_1_587' title='bbox 2783 3796 2850 3846; x_wconf 71' lang='grc' dir='ltr'><strong>τὰ</strong></span> <span class='ocrx_word' id='word_1_588' title='bbox 2889 3795 3221 3864; x_wconf 73' lang='grc' dir='ltr'><strong>μονομάχια.</strong></span> <span class='ocrx_word' id='word_1_589' title='bbox 3275 3796 3545 3848; x_wconf 84' lang='grc' dir='ltr'><strong>Ἀπτεται</strong></span> <span class='ocrx_word' id='word_1_590' title='bbox 3593 3796 3726 3863; x_wconf 83' lang='grc' dir='ltr'><strong>γοῦν</strong></span> <span class='ocrx_word' id='word_1_591' title='bbox 3755 3798 3857 3864; x_wconf 79' lang='grc' dir='ltr'><strong>τῆς</strong></span> <span class='ocrx_word' id='word_1_592' title='bbox 3895 3801 4078 3853; x_wconf 74' lang='grc' dir='ltr'><strong>ἐκεῖσε</strong></span> 
     </span>
    </p>
   </div>
   <div class='ocr_carea' id='block_1_83' title="bbox 2503 3887 4078 3960">
    <p class='ocr_par' dir='ltr' id='par_1_83' title="bbox 2503 3887 4078 3960">
     <span class='ocr_line' id='line_1_83' title="bbox 2503 3887 4078 3960; baseline 0.003 -23"><span class='ocrx_word' id='word_1_593' title='bbox 2503 3887 2801 3955; x_wconf 65' lang='grc' dir='ltr'><strong>φερούσης.</strong></span> <span class='ocrx_word' id='word_1_594' title='bbox 2830 3887 2940 3939; x_wconf 78' lang='grc' dir='ltr'><strong>Καὶ</strong></span> <span class='ocrx_word' id='word_1_595' title='bbox 2968 3887 3069 3955; x_wconf 83' lang='grc' dir='ltr'><strong>ὅρα</strong></span> <span class='ocrx_word' id='word_1_596' title='bbox 3102 3904 3192 3954; x_wconf 91' lang='grc' dir='ltr'><strong>μοι</strong></span> <span class='ocrx_word' id='word_1_597' title='bbox 3223 3888 3387 3956; x_wconf 79' lang='grc' dir='ltr'><strong>ζῆλον</strong></span> <span class='ocrx_word' id='word_1_598' title='bbox 3424 3887 3753 3954; x_wconf 85' lang='grc' dir='ltr'><strong>ἀγωνιστοῦ.</strong></span> <span class='ocrx_word' id='word_1_599' title='bbox 3800 3889 3925 3940; x_wconf 83' lang='grc' dir='ltr'><strong>Τῶν</strong></span> <span class='ocrx_word' id='word_1_600' title='bbox 3969 3894 4078 3960; x_wconf 70' lang='grc' dir='ltr'><strong>γὰρ</strong></span> 
     </span>
    </p>
   </div>
   <div class='ocr_carea' id='block_1_84' title="bbox 2497 3979 4077 4050">
    <p class='ocr_par' dir='ltr' id='par_1_84' title="bbox 2497 3979 4077 4050">
     <span class='ocr_line' id='line_1_84' title="bbox 2497 3979 4077 4050; baseline 0.002 -19"><span class='ocrx_word' id='word_1_601' title='bbox 2497 3979 2674 4033; x_wconf 85' lang='grc' dir='ltr'><strong>ποδῶν</strong></span> <span class='ocrx_word' id='word_1_602' title='bbox 2710 3979 2858 4046; x_wconf 81' lang='grc' dir='ltr'><strong>αὐτῷ</strong></span> <span class='ocrx_word' id='word_1_603' title='bbox 2896 3983 2962 4048; x_wconf 78' lang='grc' dir='ltr'><strong>τῇ</strong></span> <span class='ocrx_word' id='word_1_604' title='bbox 2997 3979 3229 4048; x_wconf 82' lang='grc' dir='ltr'><strong>ἀσκήσει</strong></span> <span class='ocrx_word' id='word_1_605' title='bbox 3263 3981 3655 4050; x_wconf 77' lang='grc' dir='ltr'><strong>πεπονηκότων</strong></span> <span class='ocrx_word' id='word_1_606' title='bbox 3709 3983 3808 4032; x_wconf 77' lang='grc' dir='ltr'><strong>καὶ</strong></span> <span class='ocrx_word' id='word_1_607' title='bbox 3864 3983 4077 4034; x_wconf 72' lang='grc' dir='ltr'><strong>ὁδεύειν</strong></span> 
     </span>
    </p>
   </div>
   <div class='ocr_carea' id='block_1_85' title="bbox 2497 4073 4075 4143">
    <p class='ocr_par' dir='ltr' id='par_1_85' title="bbox 2497 4073 4075 4143">
     <span class='ocr_line' id='line_1_85' title="bbox 2497 4073 4075 4143; baseline 0.002 -18"><span class='ocrx_word' id='word_1_608' title='bbox 2497 4073 2558 4125; x_wconf 79' lang='grc' dir='ltr'><strong>ού</strong></span> <span class='ocrx_word' id='word_1_609' title='bbox 2593 4073 2928 4140; x_wconf 80' lang='grc' dir='ltr'><strong>δυναμένων,</strong></span> <span class='ocrx_word' id='word_1_610' title='bbox 2961 4073 3275 4140; x_wconf 81' lang='grc' dir='ltr'><strong>ἀλλοτρίους</strong></span> <span class='ocrx_word' id='word_1_611' title='bbox 3297 4073 3604 4137; x_wconf 77' lang='grc' dir='ltr'><strong>δανείζεται</strong></span> <span class='ocrx_word' id='word_1_612' title='bbox 3631 4074 3798 4135; x_wconf 79' lang='grc' dir='ltr'><strong>πόδας</strong></span> <span class='ocrx_word' id='word_1_613' title='bbox 3819 4115 3834 4134; x_wconf 87' lang='lat'><strong>,</strong></span> <span class='ocrx_word' id='word_1_614' title='bbox 3859 4076 3958 4126; x_wconf 81' lang='grc' dir='ltr'><strong>καὶ</strong></span> <span class='ocrx_word' id='word_1_615' title='bbox 3987 4076 4075 4143; x_wconf 66' lang='grc' dir='ltr'><strong>ὑφ’</strong></span> 
     </span>
    </p>
   </div>
   <div class='ocr_carea' id='block_1_86' title="bbox 2497 4159 4075 4236">
    <p class='ocr_par' dir='ltr' id='par_1_86' title="bbox 2497 4159 4075 4236">
     <span class='ocr_line' id='line_1_86' title="bbox 2497 4159 4075 4236; baseline 0.001 -20"><span class='ocrx_word' id='word_1_616' title='bbox 2497 4164 2699 4234; x_wconf 77' lang='grc' dir='ltr'><strong>ἐτέρων</strong></span> <span class='ocrx_word' id='word_1_617' title='bbox 2727 4165 2894 4234; x_wconf 79' lang='grc' dir='ltr'><strong>ήγετο</strong></span> <span class='ocrx_word' id='word_1_618' title='bbox 2925 4159 3425 4234; x_wconf 73' lang='grc' dir='ltr'><strong>βασταζόμενος.”Α</strong></span> <span class='ocrx_word' id='word_1_619' title='bbox 3439 4165 3487 4233; x_wconf 78' lang='grc' dir='ltr'><strong>ρ’</strong></span> <span class='ocrx_word' id='word_1_620' title='bbox 3505 4161 3600 4218; x_wconf 81' lang='grc' dir='ltr'><strong>οὖν</strong></span> <span class='ocrx_word' id='word_1_621' title='bbox 3621 4167 3653 4234; x_wconf 79' lang='grc' dir='ltr'><strong>ή</strong></span> <span class='ocrx_word' id='word_1_622' title='bbox 3677 4167 3875 4234; x_wconf 86' lang='grc' dir='ltr'><strong>πορεία</strong></span> <span class='ocrx_word' id='word_1_623' title='bbox 3895 4169 4075 4236; x_wconf 74' lang='grc' dir='ltr'><strong>τούτῳ</strong></span> 
     </span>
    </p>
   </div>
   <div class='ocr_carea' id='block_1_87' title="bbox 2499 4256 4075 4327">
    <p class='ocr_par' dir='ltr' id='par_1_87' title="bbox 2499 4256 4075 4327">
     <span class='ocr_line' id='line_1_87' title="bbox 2499 4256 4075 4327; baseline 0.001 -17"><span class='ocrx_word' id='word_1_624' title='bbox 2499 4258 2631 4327; x_wconf 78' lang='grc' dir='ltr'><strong>κενὴ</strong></span> <span class='ocrx_word' id='word_1_625' title='bbox 2671 4257 2767 4308; x_wconf 74' lang='grc' dir='ltr'><strong>καὶ</strong></span> <span class='ocrx_word' id='word_1_626' title='bbox 2813 4257 3109 4326; x_wconf 84' lang='grc' dir='ltr'><strong>θαυμάτων</strong></span> <span class='ocrx_word' id='word_1_627' title='bbox 3142 4259 3340 4321; x_wconf 78' lang='grc' dir='ltr'><strong>ἐκτόςς</strong></span> <span class='ocrx_word' id='word_1_628' title='bbox 3377 4256 3692 4326; x_wconf 78' lang='grc' dir='ltr'><strong>Ούμενουν·</strong></span> <span class='ocrx_word' id='word_1_629' title='bbox 3751 4261 3846 4310; x_wconf 78' lang='grc' dir='ltr'><strong>καὶ</strong></span> <span class='ocrx_word' id='word_1_630' title='bbox 3880 4260 4075 4327; x_wconf 70' lang='grc' dir='ltr'><strong>ἧδιστα</strong></span> 
     </span>
    </p>
   </div>
   <div class='ocr_carea' id='block_1_88' title="bbox 2502 4349 4075 4422">
    <p class='ocr_par' dir='ltr' id='par_1_88' title="bbox 2502 4349 4075 4422">
     <span class='ocr_line' id='line_1_88' title="bbox 2502 4349 4075 4422; baseline 0.001 -20"><span class='ocrx_word' id='word_1_631' title='bbox 2502 4350 2602 4418; x_wconf 76' lang='grc' dir='ltr'><strong>μὲν</strong></span> <span class='ocrx_word' id='word_1_632' title='bbox 2632 4349 2697 4402; x_wconf 77' lang='grc' dir='ltr'><strong>ἂν</strong></span> <span class='ocrx_word' id='word_1_633' title='bbox 2727 4350 2820 4402; x_wconf 81' lang='grc' dir='ltr'><strong>καὶ</strong></span> <span class='ocrx_word' id='word_1_634' title='bbox 2880 4350 3100 4402; x_wconf 74' lang='grc' dir='ltr'><strong>πάντων</strong></span> <span class='ocrx_word' id='word_1_635' title='bbox 3162 4349 3444 4419; x_wconf 77' lang='grc' dir='ltr'><strong>ἐμνήσθην</strong></span> <span class='ocrx_word' id='word_1_636' title='bbox 3475 4365 3490 4380; x_wconf 83' lang='lat'><strong><em>°</em></strong></span> <span class='ocrx_word' id='word_1_637' title='bbox 3526 4350 3660 4402; x_wconf 85' lang='grc' dir='ltr'><strong>ἀλλά</strong></span> <span class='ocrx_word' id='word_1_638' title='bbox 3695 4353 3867 4421; x_wconf 78' lang='grc' dir='ltr'><strong>τριῶν</strong></span> <span class='ocrx_word' id='word_1_639' title='bbox 3903 4355 4075 4422; x_wconf 79' lang='grc' dir='ltr'><strong>ἐξειρ-</strong></span> 
     </span>
    </p>
   </div>
   <div class='ocr_carea' id='block_1_89' title="bbox 2499 4440 4072 4510">
    <p class='ocr_par' dir='ltr' id='par_1_89' title="bbox 2499 4440 4072 4510">
     <span class='ocr_line' id='line_1_89' title="bbox 2499 4440 4072 4510; baseline 0.002 -18"><span class='ocrx_word' id='word_1_640' title='bbox 2499 4443 2725 4508; x_wconf 84' lang='grc' dir='ltr'><strong>γόντων,</strong></span> <span class='ocrx_word' id='word_1_641' title='bbox 2760 4440 2852 4493; x_wconf 82' lang='grc' dir='ltr'><strong>τοῦ</strong></span> <span class='ocrx_word' id='word_1_642' title='bbox 2887 4443 2986 4507; x_wconf 75' lang='grc' dir='ltr'><strong>τῆς</strong></span> <span class='ocrx_word' id='word_1_643' title='bbox 3012 4441 3323 4510; x_wconf 72' lang='grc' dir='ltr'><strong>διηγήσεως</strong></span> <span class='ocrx_word' id='word_1_644' title='bbox 3356 4441 3588 4510; x_wconf 84' lang='grc' dir='ltr'><strong>μήκους,</strong></span> <span class='ocrx_word' id='word_1_645' title='bbox 3628 4441 3730 4509; x_wconf 75' lang='grc' dir='ltr'><strong>τῆς</strong></span> <span class='ocrx_word' id='word_1_646' title='bbox 3783 4442 4072 4506; x_wconf 82' lang='grc' dir='ltr'><strong>ἀσθενείας</strong></span> 
     </span>
    </p>
   </div>
   <div class='ocr_carea' id='block_1_90' title="bbox 830 4526 2494 4608">
    <p class='ocr_par' dir='ltr' id='par_1_90' title="bbox 830 4534 2470 4608">
     <span class='ocr_line' id='line_1_90' title="bbox 830 4534 2470 4608; baseline 0.005 -23"><span class='ocrx_word' id='word_1_647' title='bbox 830 4534 1182 4601; x_wconf 87' lang='lat' dir='ltr'><strong>prohibeant,</strong></span> <span class='ocrx_word' id='word_1_648' title='bbox 1239 4549 1434 4603; x_wconf 89' lang='lat' dir='ltr'><strong>nempe</strong></span> <span class='ocrx_word' id='word_1_649' title='bbox 1488 4543 1543 4588; x_wconf 91' lang='lat' dir='ltr'><strong>et</strong></span> <span class='ocrx_word' id='word_1_650' title='bbox 1592 4536 1876 4604; x_wconf 81' lang='lat' dir='ltr'><strong>prolixitas</strong></span> <span class='ocrx_word' id='word_1_651' title='bbox 1907 4537 2261 4598; x_wconf 85' lang='lat' dir='ltr'><strong>narrationis.</strong></span> <span class='ocrx_word' id='word_1_652' title='bbox 2309 4539 2394 4592; x_wconf 83' lang='lat' dir='ltr'><strong>di-</strong></span> <span class='ocrx_word' id='word_1_653' title='bbox 2428 4554 2470 4608; x_wconf 77' lang='grc' dir='ltr'><strong>ι)</strong></span> 
     </span>
    </p>
   </div>
   <div class='ocr_carea' id='block_1_91' title="bbox 2406 4526 4070 4608">
    <p class='ocr_par' dir='ltr' id='par_1_91' title="bbox 2428 4526 4070 4608">
     <span class='ocr_line' id='line_1_91' title="bbox 2428 4526 4070 4608; baseline 0.002 -23"><span class='ocrx_word' id='word_1_654' title='bbox 2428 4554 2470 4608; x_wconf 79' lang='lat' dir='ltr'><strong>D</strong></span> <span class='ocrx_word' id='word_1_655' title='bbox 2498 4533 2588 4585; x_wconf 82' lang='grc' dir='ltr'><strong>τοῦ</strong></span> <span class='ocrx_word' id='word_1_656' title='bbox 2617 4532 2798 4598; x_wconf 76' lang='grc' dir='ltr'><strong>λόγου,</strong></span> <span class='ocrx_word' id='word_1_657' title='bbox 2826 4534 2922 4585; x_wconf 78' lang='grc' dir='ltr'><strong>καὶ</strong></span> <span class='ocrx_word' id='word_1_658' title='bbox 2951 4532 3034 4584; x_wconf 79' lang='grc' dir='ltr'><strong>ἵνα</strong></span> <span class='ocrx_word' id='word_1_659' title='bbox 3068 4535 3177 4603; x_wconf 75' lang='grc' dir='ltr'><strong>μὴς</strong></span> <span class='ocrx_word' id='word_1_660' title='bbox 3203 4531 3278 4601; x_wconf 81' lang='grc' dir='ltr'><strong>τῷ</strong></span> <span class='ocrx_word' id='word_1_661' title='bbox 3298 4526 3474 4585; x_wconf 79' lang='grc' dir='ltr'><strong>πάντα</strong></span> <span class='ocrx_word' id='word_1_662' title='bbox 3511 4532 3717 4585; x_wconf 75' lang='grc' dir='ltr'><strong>ἐθέλειν</strong></span> <span class='ocrx_word' id='word_1_663' title='bbox 3743 4537 3926 4587; x_wconf 80' lang='grc' dir='ltr'><strong>εἰπεῖν</strong></span> <span class='ocrx_word' id='word_1_664' title='bbox 3953 4536 4070 4588; x_wconf 83' lang='grc' dir='ltr'><strong>δια-</strong></span> 
     </span>
    </p>
   </div>
   <div class='ocr_carea' id='block_1_92' title="bbox 831 4624 2392 4690">
    <p class='ocr_par' dir='ltr' id='par_1_92' title="bbox 831 4624 2392 4690">
     <span class='ocr_line' id='line_1_92' title="bbox 831 4624 2392 4690; baseline 0.001 -11"><span class='ocrx_word' id='word_1_665' title='bbox 831 4625 992 4679; x_wconf 89' lang='lat' dir='ltr'><strong>cendi</strong></span> <span class='ocrx_word' id='word_1_666' title='bbox 1021 4624 1294 4678; x_wconf 78' lang='lat' dir='ltr'><strong>facultatis</strong></span> <span class='ocrx_word' id='word_1_667' title='bbox 1317 4625 1683 4690; x_wconf 86' lang='lat' dir='ltr'><strong>imbecillitas,</strong></span> <span class='ocrx_word' id='word_1_668' title='bbox 1717 4636 1770 4679; x_wconf 90' lang='lat' dir='ltr'><strong>et</strong></span> <span class='ocrx_word' id='word_1_669' title='bbox 1805 4641 1892 4688; x_wconf 87' lang='lat' dir='ltr'><strong>ne,</strong></span> <span class='ocrx_word' id='word_1_670' title='bbox 1924 4627 1964 4679; x_wconf 90' lang='lat' dir='ltr'><strong>si</strong></span> <span class='ocrx_word' id='word_1_671' title='bbox 1992 4626 2152 4678; x_wconf 84' lang='lat' dir='ltr'><strong>velim</strong></span> <span class='ocrx_word' id='word_1_672' title='bbox 2208 4627 2392 4682; x_wconf 90' lang='lat' dir='ltr'><strong>omnia</strong></span> 
     </span>
    </p>
   </div>
   <div class='ocr_carea' id='block_1_93' title="bbox 831 4715 2392 4778">
    <p class='ocr_par' dir='ltr' id='par_1_93' title="bbox 831 4715 2392 4778">
     <span class='ocr_line' id='line_1_93' title="bbox 831 4715 2392 4778; baseline 0.003 -11"><span class='ocrx_word' id='word_1_673' title='bbox 831 4715 1036 4776; x_wconf 82' lang='lat' dir='ltr'><strong>dicere,</strong></span> <span class='ocrx_word' id='word_1_674' title='bbox 1077 4729 1198 4766; x_wconf 87' lang='lat' dir='ltr'><strong>eum</strong></span> <span class='ocrx_word' id='word_1_675' title='bbox 1235 4729 1328 4768; x_wconf 86' lang='lat' dir='ltr'><strong>vos</strong></span> <span class='ocrx_word' id='word_1_676' title='bbox 1361 4715 1719 4778; x_wconf 86' lang='lat' dir='ltr'><strong>exsatiavero,</strong></span> <span class='ocrx_word' id='word_1_677' title='bbox 1757 4715 1877 4769; x_wconf 82' lang='lat' dir='ltr'><strong>sitis</strong></span> <span class='ocrx_word' id='word_1_678' title='bbox 1939 4716 2284 4770; x_wconf 73' lang='lat' dir='ltr'><strong>socordiores</strong></span> <span class='ocrx_word' id='word_1_679' title='bbox 2338 4718 2392 4771; x_wconf 91' lang='lat' dir='ltr'><strong>in</strong></span> 
     </span>
    </p>
   </div>
   <div class='ocr_carea' id='block_1_94' title="bbox 831 4809 2393 4880">
    <p class='ocr_par' dir='ltr' id='par_1_94' title="bbox 831 4809 2393 4880">
     <span class='ocr_line' id='line_1_94' title="bbox 831 4809 2393 4880; baseline 0.001 -19"><span class='ocrx_word' id='word_1_680' title='bbox 831 4809 899 4862; x_wconf 81' lang='lat' dir='ltr'><strong>iis</strong></span> <span class='ocrx_word' id='word_1_681' title='bbox 932 4824 1052 4877; x_wconf 76' lang='lat' dir='ltr'><strong>qua:</strong></span> <span class='ocrx_word' id='word_1_682' title='bbox 1081 4816 1206 4860; x_wconf 92' lang='lat' dir='ltr'><strong>sunt</strong></span> <span class='ocrx_word' id='word_1_683' title='bbox 1241 4809 1534 4876; x_wconf 75' lang='lat' dir='ltr'><strong>pnecipua,</strong></span> <span class='ocrx_word' id='word_1_684' title='bbox 1571 4810 1756 4864; x_wconf 91' lang='lat' dir='ltr'><strong>multis</strong></span> <span class='ocrx_word' id='word_1_685' title='bbox 1809 4810 2210 4880; x_wconf 63' lang='lat' dir='ltr'><strong>praetermissis,</strong></span> <span class='ocrx_word' id='word_1_686' title='bbox 2263 4823 2393 4876; x_wconf 85' lang='lat' dir='ltr'><strong>pau-</strong></span> 
     </span>
    </p>
   </div>
   <div class='ocr_carea' id='block_1_95' title="bbox 833 4900 2391 4970">
    <p class='ocr_par' dir='ltr' id='par_1_95' title="bbox 833 4900 2391 4970">
     <span class='ocr_line' id='line_1_95' title="bbox 833 4900 2391 4970; baseline 0.001 -18"><span class='ocrx_word' id='word_1_687' title='bbox 833 4917 1022 4954; x_wconf 87' lang='lat' dir='ltr'><strong>corum</strong></span> <span class='ocrx_word' id='word_1_688' title='bbox 1075 4901 1396 4953; x_wconf 84' lang='lat' dir='ltr'><strong>meminero.</strong></span> <span class='ocrx_word' id='word_1_689' title='bbox 1439 4901 1667 4966; x_wconf 84' lang='lat' dir='ltr'><strong>Quidam</strong></span> <span class='ocrx_word' id='word_1_690' title='bbox 1728 4903 1976 4970; x_wconf 82' lang='lat' dir='ltr'><strong>leprosos</strong></span> <span class='ocrx_word' id='word_1_691' title='bbox 2021 4900 2089 4954; x_wconf 89' lang='lat' dir='ltr'><strong>ad</strong></span> <span class='ocrx_word' id='word_1_692' title='bbox 2149 4915 2277 4954; x_wconf 92' lang='lat' dir='ltr'><strong>eum</strong></span> <span class='ocrx_word' id='word_1_693' title='bbox 2337 4901 2391 4954; x_wconf 90' lang='lat' dir='ltr'><strong>in</strong></span> 
     </span>
    </p>
   </div>
   <div class='ocr_carea' id='block_1_96' title="bbox 835 4993 2390 5062">
    <p class='ocr_par' dir='ltr' id='par_1_96' title="bbox 835 4993 2390 5062">
     <span class='ocr_line' id='line_1_96' title="bbox 835 4993 2390 5062; baseline 0.003 -19"><span class='ocrx_word' id='word_1_694' title='bbox 835 4996 924 5048; x_wconf 80' lang='lat' dir='ltr'><strong>via</strong></span> <span class='ocrx_word' id='word_1_695' title='bbox 957 4994 1247 5053; x_wconf 86' lang='lat' dir='ltr'><strong>accedens.</strong></span> <span class='ocrx_word' id='word_1_696' title='bbox 1277 4993 1459 5046; x_wconf 90' lang='lat' dir='ltr'><strong>emisit</strong></span> <span class='ocrx_word' id='word_1_697' title='bbox 1495 5009 1705 5056; x_wconf 82' lang='lat' dir='ltr'><strong>vocem,</strong></span> <span class='ocrx_word' id='word_1_698' title='bbox 1746 5011 1907 5062; x_wconf 88' lang='lat' dir='ltr'><strong>quam</strong></span> <span class='ocrx_word' id='word_1_699' title='bbox 1946 4995 2073 5047; x_wconf 90' lang='lat' dir='ltr'><strong>olim</strong></span> <span class='ocrx_word' id='word_1_700' title='bbox 2104 4995 2267 5048; x_wconf 91' lang='lat' dir='ltr'><strong>etiam</strong></span> <span class='ocrx_word' id='word_1_701' title='bbox 2323 4994 2390 5047; x_wconf 89' lang='lat' dir='ltr'><strong>ad</strong></span> 
     </span>
    </p>
   </div>
   <div class='ocr_carea' id='block_1_97' title="bbox 832 5085 2391 5155">
    <p class='ocr_par' dir='ltr' id='par_1_97' title="bbox 832 5085 2391 5155">
     <span class='ocr_line' id='line_1_97' title="bbox 832 5085 2391 5155; baseline 0 -16"><span class='ocrx_word' id='word_1_702' title='bbox 832 5085 1135 5140; x_wconf 89' lang='lat' dir='ltr'><strong>Christum.</strong></span> <span class='ocrx_word' id='word_1_703' title='bbox 1166 5085 1268 5138; x_wconf 90' lang='lat' dir='ltr'><strong>nisi</strong></span> <span class='ocrx_word' id='word_1_704' title='bbox 1303 5085 1448 5153; x_wconf 91' lang='lat' dir='ltr'><strong>quod</strong></span> <span class='ocrx_word' id='word_1_705' title='bbox 1481 5085 1568 5138; x_wconf 90' lang='lat' dir='ltr'><strong>ille</strong></span> <span class='ocrx_word' id='word_1_706' title='bbox 1592 5085 1814 5155; x_wconf 91' lang='lat' dir='ltr'><strong>quidem</strong></span> <span class='ocrx_word' id='word_1_707' title='bbox 1849 5087 2065 5148; x_wconf 85' lang='lat' dir='ltr'><strong>Filium,</strong></span> <span class='ocrx_word' id='word_1_708' title='bbox 2093 5086 2182 5140; x_wconf 87' lang='lat' dir='ltr'><strong>hic</strong></span> <span class='ocrx_word' id='word_1_709' title='bbox 2209 5096 2391 5140; x_wconf 90' lang='lat' dir='ltr'><strong>autem</strong></span> 
     </span>
    </p>
   </div>
   <div class='ocr_carea' id='block_1_98' title="bbox 835 5179 2391 5249">
    <p class='ocr_par' dir='ltr' id='par_1_98' title="bbox 835 5179 2391 5249">
     <span class='ocr_line' id='line_1_98' title="bbox 835 5179 2391 5249; baseline 0.002 -18"><span class='ocrx_word' id='word_1_710' title='bbox 835 5195 1052 5232; x_wconf 81' lang='lat' dir='ltr'><strong>servum</strong></span> <span class='ocrx_word' id='word_1_711' title='bbox 1090 5179 1182 5231; x_wconf 90' lang='lat' dir='ltr'><strong>Dei</strong></span> <span class='ocrx_word' id='word_1_712' title='bbox 1215 5181 1462 5239; x_wconf 85' lang='lat' dir='ltr'><strong>vocabat.</strong></span> <span class='ocrx_word' id='word_1_713' title='bbox 1494 5189 1548 5233; x_wconf 92' lang='lat' dir='ltr'><strong>et</strong></span> <span class='ocrx_word' id='word_1_714' title='bbox 1584 5181 1808 5249; x_wconf 74' lang='lat' dir='ltr'><strong>rogabat</strong></span> <span class='ocrx_word' id='word_1_715' title='bbox 1838 5191 1897 5233; x_wconf 93' lang='lat' dir='ltr'><strong>ut</strong></span> <span class='ocrx_word' id='word_1_716' title='bbox 1929 5183 1998 5233; x_wconf 84' lang='lat' dir='ltr'><strong>ab</strong></span> <span class='ocrx_word' id='word_1_717' title='bbox 2022 5196 2088 5234; x_wconf 91' lang='lat' dir='ltr'><strong>eo</strong></span> <span class='ocrx_word' id='word_1_718' title='bbox 2125 5196 2391 5248; x_wconf 79' lang='lat' dir='ltr'><strong>asseque-</strong></span> 
     </span>
    </p>
   </div>
   <div class='ocr_carea' id='block_1_99' title="bbox 838 5269 2388 5342">
    <p class='ocr_par' dir='ltr' id='par_1_99' title="bbox 838 5269 2388 5342">
     <span class='ocr_line' id='line_1_99' title="bbox 838 5269 2388 5342; baseline 0.004 -23"><span class='ocrx_word' id='word_1_719' title='bbox 838 5277 994 5321; x_wconf 90' lang='lat' dir='ltr'><strong>retur</strong></span> <span class='ocrx_word' id='word_1_720' title='bbox 1030 5269 1394 5321; x_wconf 79' lang='lat' dir='ltr'><strong>curationem.</strong></span> <span class='ocrx_word' id='word_1_721' title='bbox 1433 5269 1525 5323; x_wconf 91' lang='lat' dir='ltr'><strong>llle</strong></span> <span class='ocrx_word' id='word_1_722' title='bbox 1547 5285 1716 5324; x_wconf 74' lang='lat' dir='ltr'><strong>vero:</strong></span> <span class='ocrx_word' id='word_1_723' title='bbox 1749 5271 1889 5336; x_wconf 86' lang='lat' dir='ltr'><strong>Quid</strong></span> <span class='ocrx_word' id='word_1_724' title='bbox 1925 5271 2020 5324; x_wconf 91' lang='lat' dir='ltr'><strong>tibi</strong></span> <span class='ocrx_word' id='word_1_725' title='bbox 2049 5273 2150 5332; x_wconf 85' lang='lat' dir='ltr'><strong>vis,</strong></span> <span class='ocrx_word' id='word_1_726' title='bbox 2188 5273 2388 5342; x_wconf 88' lang='lat' dir='ltr'><strong>inquit,</strong></span> 
     </span>
    </p>
   </div>
   <div class='ocr_carea' id='block_1_100' title="bbox 833 5359 2390 5430">
    <p class='ocr_par' dir='ltr' id='par_1_100' title="bbox 833 5359 2390 5430">
     <span class='ocr_line' id='line_1_100' title="bbox 833 5359 2390 5430; baseline 0.004 -21"><span class='ocrx_word' id='word_1_727' title='bbox 833 5359 980 5426; x_wconf 74' lang='grc' dir='ltr'><strong>ψιυά</strong></span> <span class='ocrx_word' id='word_1_728' title='bbox 1010 5374 1076 5411; x_wconf 92' lang='lat' dir='ltr'><strong>eo</strong></span> <span class='ocrx_word' id='word_1_729' title='bbox 1103 5359 1294 5412; x_wconf 91' lang='lat' dir='ltr'><strong>relicto</strong></span> <span class='ocrx_word' id='word_1_730' title='bbox 1320 5360 1412 5428; x_wconf 91' lang='lat' dir='ltr'><strong>qui</strong></span> <span class='ocrx_word' id='word_1_731' title='bbox 1443 5361 1554 5413; x_wconf 65' lang='lat' dir='ltr'><strong>hac</strong></span> <span class='ocrx_word' id='word_1_732' title='bbox 1579 5372 1755 5430; x_wconf 89' lang='lat' dir='ltr'><strong>potest</strong></span> <span class='ocrx_word' id='word_1_733' title='bbox 1778 5377 1992 5426; x_wconf 90' lang='lat' dir='ltr'><strong>curare,</strong></span> <span class='ocrx_word' id='word_1_734' title='bbox 2020 5364 2294 5417; x_wconf 86' lang='lat' dir='ltr'><strong>accessisti</strong></span> <span class='ocrx_word' id='word_1_735' title='bbox 2321 5363 2390 5417; x_wconf 91' lang='lat' dir='ltr'><strong>ad</strong></span> 
     </span>
    </p>
   </div>
   <div class='ocr_carea' id='block_1_101' title="bbox 835 5450 2390 5521">
    <p class='ocr_par' dir='ltr' id='par_1_101' title="bbox 835 5450 2390 5521">
     <span class='ocr_line' id='line_1_101' title="bbox 835 5450 2390 5521; baseline 0.005 -19"><span class='ocrx_word' id='word_1_736' title='bbox 835 5450 1136 5512; x_wconf 85' lang='lat' dir='ltr'><strong>hominem,</strong></span> <span class='ocrx_word' id='word_1_737' title='bbox 1161 5451 1252 5519; x_wconf 91' lang='lat' dir='ltr'><strong>qui</strong></span> <span class='ocrx_word' id='word_1_738' title='bbox 1282 5464 1363 5506; x_wconf 87' lang='lat' dir='ltr'><strong>est</strong></span> <span class='ocrx_word' id='word_1_739' title='bbox 1394 5451 1668 5506; x_wconf 87' lang='lat' dir='ltr'><strong>similibus</strong></span> <span class='ocrx_word' id='word_1_740' title='bbox 1692 5453 1957 5508; x_wconf 85' lang='lat' dir='ltr'><strong>obnoxius</strong></span> <span class='ocrx_word' id='word_1_741' title='bbox 1987 5455 2390 5521; x_wconf 72' lang='lat' dir='ltr'><strong>aﬂectionibus,</strong></span> 
     </span>
    </p>
   </div>
   <div class='ocr_carea' id='block_1_102' title="bbox 831 5541 2392 5613">
    <p class='ocr_par' dir='ltr' id='par_1_102' title="bbox 831 5541 2392 5613">
     <span class='ocr_line' id='line_1_102' title="bbox 831 5541 2392 5613; baseline 0.003 -18"><span class='ocrx_word' id='word_1_742' title='bbox 831 5559 894 5595; x_wconf 84' lang='lat' dir='ltr'><strong>ea</strong></span> <span class='ocrx_word' id='word_1_743' title='bbox 919 5541 1220 5611; x_wconf 88' lang='lat' dir='ltr'><strong>postulans,</strong></span> <span class='ocrx_word' id='word_1_744' title='bbox 1244 5558 1365 5610; x_wconf 70' lang='lat' dir='ltr'><strong>qua:</strong></span> <span class='ocrx_word' id='word_1_745' title='bbox 1385 5543 1504 5612; x_wconf 84' lang='lat' dir='ltr'><strong>ejus</strong></span> <span class='ocrx_word' id='word_1_746' title='bbox 1525 5543 1668 5598; x_wconf 83' lang='lat' dir='ltr'><strong>vires</strong></span> <span class='ocrx_word' id='word_1_747' title='bbox 1689 5546 1984 5613; x_wconf 81' lang='lat' dir='ltr'><strong>superant?</strong></span> <span class='ocrx_word' id='word_1_748' title='bbox 2001 5545 2198 5599; x_wconf 85' lang='lat' dir='ltr'><strong>Verum</strong></span> <span class='ocrx_word' id='word_1_749' title='bbox 2219 5547 2392 5600; x_wconf 86' lang='lat' dir='ltr'><strong>enim—</strong></span> 
     </span>
    </p>
   </div>
   <div class='ocr_carea' id='block_1_103' title="bbox 839 5635 2389 5703">
    <p class='ocr_par' dir='ltr' id='par_1_103' title="bbox 839 5635 2389 5703">
     <span class='ocr_line' id='line_1_103' title="bbox 839 5635 2389 5703; baseline 0.001 -15"><span class='ocrx_word' id='word_1_750' title='bbox 839 5652 966 5688; x_wconf 61' lang='lat' dir='ltr'><strong>iero</strong></span> <span class='ocrx_word' id='word_1_751' title='bbox 998 5635 1040 5688; x_wconf 83' lang='lat' dir='ltr'><strong>si</strong></span> <span class='ocrx_word' id='word_1_752' title='bbox 1074 5636 1292 5703; x_wconf 89' lang='lat' dir='ltr'><strong>quidem</strong></span> <span class='ocrx_word' id='word_1_753' title='bbox 1324 5637 1524 5698; x_wconf 74' lang='lat' dir='ltr'><strong>credis.</strong></span> <span class='ocrx_word' id='word_1_754' title='bbox 1557 5651 1662 5690; x_wconf 86' lang='lat' dir='ltr'><strong>non</strong></span> <span class='ocrx_word' id='word_1_755' title='bbox 1696 5636 1844 5689; x_wconf 90' lang='lat' dir='ltr'><strong>illum</strong></span> <span class='ocrx_word' id='word_1_756' title='bbox 1873 5637 2071 5698; x_wconf 82' lang='lat' dir='ltr'><strong>solum,</strong></span> <span class='ocrx_word' id='word_1_757' title='bbox 2104 5637 2196 5691; x_wconf 87' lang='lat' dir='ltr'><strong>sed</strong></span> <span class='ocrx_word' id='word_1_758' title='bbox 2227 5637 2389 5691; x_wconf 90' lang='lat' dir='ltr'><strong>etiam</strong></span> 
     </span>
    </p>
   </div>
   <div class='ocr_carea' id='block_1_104' title="bbox 840 5728 2391 5797">
    <p class='ocr_par' dir='ltr' id='par_1_104' title="bbox 840 5728 2391 5797">
     <span class='ocr_line' id='line_1_104' title="bbox 840 5728 2391 5797; baseline 0.003 -17"><span class='ocrx_word' id='word_1_759' title='bbox 840 5729 954 5795; x_wconf 75' lang='lat' dir='ltr'><strong>.‘jus</strong></span> <span class='ocrx_word' id='word_1_760' title='bbox 989 5728 1268 5780; x_wconf 57' lang='lat' dir='ltr'><strong>ministros</strong></span> <span class='ocrx_word' id='word_1_761' title='bbox 1303 5744 1459 5796; x_wconf 76' lang='lat' dir='ltr'><strong>posse</strong></span> <span class='ocrx_word' id='word_1_762' title='bbox 1493 5731 1606 5782; x_wconf 69' lang='lat' dir='ltr'><strong>hanc</strong></span> <span class='ocrx_word' id='word_1_763' title='bbox 1633 5744 1860 5790; x_wconf 80' lang='lat' dir='ltr'><strong>curare,</strong></span> <span class='ocrx_word' id='word_1_764' title='bbox 1891 5730 1999 5781; x_wconf 92' lang='lat' dir='ltr'><strong>erit</strong></span> <span class='ocrx_word' id='word_1_765' title='bbox 2034 5731 2130 5784; x_wconf 87' lang='lat' dir='ltr'><strong>tibi</strong></span> <span class='ocrx_word' id='word_1_766' title='bbox 2166 5745 2261 5797; x_wconf 88' lang='lat' dir='ltr'><strong>per</strong></span> <span class='ocrx_word' id='word_1_767' title='bbox 2294 5745 2391 5784; x_wconf 88' lang='lat' dir='ltr'><strong>nos</strong></span> 
     </span>
    </p>
   </div>
   <div class='ocr_carea' id='block_1_105' title="bbox 840 5820 2390 5888">
    <p class='ocr_par' dir='ltr' id='par_1_105' title="bbox 840 5820 2390 5888">
     <span class='ocr_line' id='line_1_105' title="bbox 840 5820 2390 5888; baseline 0.002 -17"><span class='ocrx_word' id='word_1_768' title='bbox 840 5835 1083 5888; x_wconf 82' lang='lat' dir='ltr'><strong>quoque,</strong></span> <span class='ocrx_word' id='word_1_769' title='bbox 1113 5833 1168 5874; x_wconf 86' lang='lat' dir='ltr'><strong>ut</strong></span> <span class='ocrx_word' id='word_1_770' title='bbox 1197 5821 1495 5875; x_wconf 75' lang='lat' dir='ltr'><strong>credidisti.</strong></span> <span class='ocrx_word' id='word_1_771' title='bbox 1527 5821 1756 5878; x_wconf 70' lang='lat' dir='ltr'><strong>sanatio.</strong></span> <span class='ocrx_word' id='word_1_772' title='bbox 1786 5821 1919 5877; x_wconf 85' lang='lat' dir='ltr'><strong>Cum</strong></span> <span class='ocrx_word' id='word_1_773' title='bbox 1953 5831 2130 5876; x_wconf 75' lang='lat' dir='ltr'><strong>autem</strong></span> <span class='ocrx_word' id='word_1_774' title='bbox 2160 5820 2250 5875; x_wconf 89' lang='lat' dir='ltr'><strong>ille</strong></span> <span class='ocrx_word' id='word_1_775' title='bbox 2281 5821 2390 5876; x_wconf 73' lang='lat' dir='ltr'><strong>haec</strong></span> 
     </span>
    </p>
   </div>
   <div class='ocr_carea' id='block_1_106' title="bbox 2499 4623 4072 4696">
    <p class='ocr_par' dir='ltr' id='par_1_106' title="bbox 2499 4623 4072 4696">
     <span class='ocr_line' id='line_1_106' title="bbox 2499 4623 4072 4696; baseline 0.003 -20"><span class='ocrx_word' id='word_1_776' title='bbox 2499 4625 2676 4693; x_wconf 81' lang='grc' dir='ltr'><strong>κορετς</strong></span> <span class='ocrx_word' id='word_1_777' title='bbox 2708 4625 2850 4690; x_wconf 77' lang='grc' dir='ltr'><strong>ὑμᾶς</strong></span> <span class='ocrx_word' id='word_1_778' title='bbox 2884 4623 3109 4691; x_wconf 82' lang='grc' dir='ltr'><strong>θέμενος</strong></span> <span class='ocrx_word' id='word_1_779' title='bbox 3143 4625 3426 4694; x_wconf 78' lang='grc' dir='ltr'><strong>ῥᾳθύμους</strong></span> <span class='ocrx_word' id='word_1_780' title='bbox 3457 4625 3568 4694; x_wconf 81' lang='grc' dir='ltr'><strong>ἐχω</strong></span> <span class='ocrx_word' id='word_1_781' title='bbox 3605 4627 3664 4677; x_wconf 83' lang='grc' dir='ltr'><strong>ἐν</strong></span> <span class='ocrx_word' id='word_1_782' title='bbox 3701 4629 3814 4688; x_wconf 82' lang='grc' dir='ltr'><strong>τοῖς</strong></span> <span class='ocrx_word' id='word_1_783' title='bbox 3846 4645 4072 4696; x_wconf 71' lang='grc' dir='ltr'><strong>καιριω-</strong></span> 
     </span>
    </p>
   </div>
   <div class='ocr_carea' id='block_1_107' title="bbox 2495 4712 4065 4785">
    <p class='ocr_par' dir='ltr' id='par_1_107' title="bbox 2495 4712 4065 4785">
     <span class='ocr_line' id='line_1_107' title="bbox 2495 4712 4065 4785; baseline 0.005 -23"><span class='ocrx_word' id='word_1_784' title='bbox 2495 4713 2552 4763; x_wconf 89' lang='grc' dir='ltr'><strong>τέ</strong></span> <span class='ocrx_word' id='word_1_785' title='bbox 2567 4728 2698 4781; x_wconf 85' lang='grc' dir='ltr'><strong>ροις,</strong></span> <span class='ocrx_word' id='word_1_786' title='bbox 2727 4712 2795 4764; x_wconf 69' lang='grc' dir='ltr'><strong>τὰ</strong></span> <span class='ocrx_word' id='word_1_787' title='bbox 2831 4713 3000 4765; x_wconf 86' lang='grc' dir='ltr'><strong>πολλά</strong></span> <span class='ocrx_word' id='word_1_788' title='bbox 3031 4716 3243 4780; x_wconf 86' lang='grc' dir='ltr'><strong>παρεὶς,</strong></span> <span class='ocrx_word' id='word_1_789' title='bbox 3272 4715 3470 4781; x_wconf 81' lang='grc' dir='ltr'><strong>ὀλίγων</strong></span> <span class='ocrx_word' id='word_1_790' title='bbox 3503 4717 3724 4784; x_wconf 83' lang='grc' dir='ltr'><strong>μνήμην</strong></span> <span class='ocrx_word' id='word_1_791' title='bbox 3744 4718 4065 4785; x_wconf 71' lang='grc' dir='ltr'><strong>ποιήσομαι.</strong></span> 
     </span>
    </p>
   </div>
   <div class='ocr_carea' id='block_1_108' title="bbox 2497 4803 4066 4875">
    <p class='ocr_par' dir='ltr' id='par_1_108' title="bbox 2497 4803 4066 4875">
     <span class='ocr_line' id='line_1_108' title="bbox 2497 4803 4066 4875; baseline -0.002 -17"><span class='ocrx_word' id='word_1_792' title='bbox 2497 4807 2711 4872; x_wconf 82' lang='grc' dir='ltr'><strong>Λεπρός</strong></span> <span class='ocrx_word' id='word_1_793' title='bbox 2734 4820 2816 4864; x_wconf 90' lang='grc' dir='ltr'><strong>τις</strong></span> <span class='ocrx_word' id='word_1_794' title='bbox 2848 4803 2995 4872; x_wconf 81' lang='grc' dir='ltr'><strong>αύτῴ</strong></span> <span class='ocrx_word' id='word_1_795' title='bbox 3021 4803 3144 4857; x_wconf 81' lang='grc' dir='ltr'><strong>καθ’</strong></span> <span class='ocrx_word' id='word_1_796' title='bbox 3171 4805 3290 4856; x_wconf 82' lang='grc' dir='ltr'><strong>δδδν</strong></span> <span class='ocrx_word' id='word_1_797' title='bbox 3314 4803 3630 4874; x_wconf 78' lang='grc' dir='ltr'><strong>προσελθὼν</strong></span> <span class='ocrx_word' id='word_1_798' title='bbox 3655 4805 3838 4872; x_wconf 67' lang='grc' dir='ltr'><strong>ἀφῆκε</strong></span> <span class='ocrx_word' id='word_1_799' title='bbox 3863 4810 4066 4875; x_wconf 76' lang='grc' dir='ltr'><strong>φωνὴν,</strong></span> 
     </span>
    </p>
   </div>
   <div class='ocr_carea' id='block_1_109' title="bbox 2495 4895 4068 4968">
    <p class='ocr_par' dir='ltr' id='par_1_109' title="bbox 2495 4895 4068 4968">
     <span class='ocr_line' id='line_1_109' title="bbox 2495 4895 4068 4968; baseline 0.003 -21"><span class='ocrx_word' id='word_1_800' title='bbox 2495 4897 2561 4966; x_wconf 71' lang='grc' dir='ltr'><strong>ἢν</strong></span> <span class='ocrx_word' id='word_1_801' title='bbox 2585 4898 2677 4949; x_wconf 78' lang='grc' dir='ltr'><strong>καὶ</strong></span> <span class='ocrx_word' id='word_1_802' title='bbox 2711 4899 2739 4949; x_wconf 85' lang='grc' dir='ltr'>ὀ</span> <span class='ocrx_word' id='word_1_803' title='bbox 2769 4895 2937 4949; x_wconf 74' lang='grc' dir='ltr'><strong>πάλαι</strong></span> <span class='ocrx_word' id='word_1_804' title='bbox 2970 4897 3169 4966; x_wconf 72' lang='grc' dir='ltr'><strong>λεπρὸς</strong></span> <span class='ocrx_word' id='word_1_805' title='bbox 3198 4896 3273 4964; x_wconf 79' lang='grc' dir='ltr'><strong>τῷ</strong></span> <span class='ocrx_word' id='word_1_806' title='bbox 3301 4897 3520 4966; x_wconf 75' lang='grc' dir='ltr'><strong>Χριστῷ</strong></span> <span class='ocrx_word' id='word_1_807' title='bbox 3545 4913 3560 4928; x_wconf 88' lang='grc'>⁶</span> <span class='ocrx_word' id='word_1_808' title='bbox 3599 4898 3737 4968; x_wconf 73' lang='grc' dir='ltr'><strong>πλὴν</strong></span> <span class='ocrx_word' id='word_1_809' title='bbox 3762 4900 3891 4951; x_wconf 78' lang='grc' dir='ltr'><strong>ὅσον</strong></span> <span class='ocrx_word' id='word_1_810' title='bbox 3925 4905 3953 4952; x_wconf 65' lang='grc' dir='ltr'>ὀ</span> <span class='ocrx_word' id='word_1_811' title='bbox 3976 4903 4068 4968; x_wconf 66' lang='grc' dir='ltr'><strong>μὲν</strong></span> 
     </span>
    </p>
   </div>
   <div class='ocr_carea' id='block_1_110' title="bbox 2498 4987 4068 5058">
    <p class='ocr_par' dir='ltr' id='par_1_110' title="bbox 2498 4987 4068 5058">
     <span class='ocr_line' id='line_1_110' title="bbox 2498 4987 4068 5058; baseline 0 -14"><span class='ocrx_word' id='word_1_812' title='bbox 2498 4992 2641 5055; x_wconf 72' lang='grc' dir='ltr'><strong>Υἰὸν,</strong></span> <span class='ocrx_word' id='word_1_813' title='bbox 2668 4993 2695 5044; x_wconf 83' lang='grc' dir='ltr'><strong>δ</strong></span> <span class='ocrx_word' id='word_1_814' title='bbox 2723 4990 2776 5043; x_wconf 73' lang='grc' dir='ltr'><strong>δὲ</strong></span> <span class='ocrx_word' id='word_1_815' title='bbox 2806 4989 2988 5042; x_wconf 69' lang='grc' dir='ltr'><strong>δοῦὶον</strong></span> <span class='ocrx_word' id='word_1_816' title='bbox 3019 4989 3204 5043; x_wconf 78' lang='grc' dir='ltr'><strong>ἐκάλει</strong></span> <span class='ocrx_word' id='word_1_817' title='bbox 3243 4987 3402 5050; x_wconf 80' lang='grc' dir='ltr'><strong>Θεοῦ,</strong></span> <span class='ocrx_word' id='word_1_818' title='bbox 3455 4989 3546 5041; x_wconf 64' lang='grc' dir='ltr'><strong>καὶ</strong></span> <span class='ocrx_word' id='word_1_819' title='bbox 3572 4989 3875 5058; x_wconf 83' lang='grc' dir='ltr'><strong>θεραπείας</strong></span> <span class='ocrx_word' id='word_1_820' title='bbox 3906 4992 4068 5044; x_wconf 75' lang='grc' dir='ltr'><strong>ἐδεῖτο</strong></span> 
     </span>
    </p>
   </div>
   <div class='ocr_carea' id='block_1_111' title="bbox 2497 5081 4068 5153">
    <p class='ocr_par' dir='ltr' id='par_1_111' title="bbox 2497 5081 4068 5153">
     <span class='ocr_line' id='line_1_111' title="bbox 2497 5081 4068 5153; baseline -0.001 -17"><span class='ocrx_word' id='word_1_821' title='bbox 2497 5086 2680 5153; x_wconf 84' lang='grc' dir='ltr'><strong>τυχεῖν</strong></span> <span class='ocrx_word' id='word_1_822' title='bbox 2701 5099 2716 5115; x_wconf 77' lang='grc' dir='ltr'><strong>ο</strong></span> <span class='ocrx_word' id='word_1_823' title='bbox 2756 5082 2858 5135; x_wconf 76' lang='grc' dir='ltr'><strong>καὶ</strong></span> <span class='ocrx_word' id='word_1_824' title='bbox 2884 5081 2974 5133; x_wconf 79' lang='grc' dir='ltr'><strong>τὸν</strong></span> <span class='ocrx_word' id='word_1_825' title='bbox 3003 5081 3177 5134; x_wconf 84' lang='grc' dir='ltr'><strong>ταῦτα</strong></span> <span class='ocrx_word' id='word_1_826' title='bbox 3197 5081 3497 5151; x_wconf 68' lang='grc' dir='ltr'><strong>δυνάμενον</strong></span> <span class='ocrx_word' id='word_1_827' title='bbox 3528 5081 3860 5148; x_wconf 84' lang='grc' dir='ltr'><strong>θεραπεύειν</strong></span> <span class='ocrx_word' id='word_1_828' title='bbox 3884 5085 4068 5135; x_wconf 72' lang='grc' dir='ltr'><strong>ἀπολι-</strong></span> 
     </span>
    </p>
   </div>
   <div class='ocr_carea' id='block_1_112' title="bbox 2495 5171 4068 5245">
    <p class='ocr_par' dir='ltr' id='par_1_112' title="bbox 2495 5171 4068 5245">
     <span class='ocr_line' id='line_1_112' title="bbox 2495 5171 4068 5245; baseline -0.001 -17"><span class='ocrx_word' id='word_1_829' title='bbox 2495 5175 2616 5228; x_wconf 87' lang='grc' dir='ltr'><strong>πὼν</strong></span> <span class='ocrx_word' id='word_1_830' title='bbox 2653 5174 2976 5245; x_wconf 60' lang='grc' dir='ltr'><strong>ὀμοιοπαθλ</strong></span> <span class='ocrx_word' id='word_1_831' title='bbox 3016 5174 3324 5242; x_wconf 64' lang='grc' dir='ltr'><strong>προσῆλθες</strong></span> <span class='ocrx_word' id='word_1_832' title='bbox 3349 5171 3624 5241; x_wconf 82' lang='grc' dir='ltr'><strong>ἀνθρώπῳ</strong></span> <span class='ocrx_word' id='word_1_833' title='bbox 3669 5174 3780 5224; x_wconf 83' lang='grc' dir='ltr'><strong>τῶν</strong></span> <span class='ocrx_word' id='word_1_834' title='bbox 3813 5175 3958 5243; x_wconf 65' lang='grc' dir='ltr'><strong>ὑπὲρ</strong></span> <span class='ocrx_word' id='word_1_835' title='bbox 3986 5177 4068 5226; x_wconf 68' lang='grc' dir='ltr'><strong>δύ-</strong></span> 
     </span>
    </p>
   </div>
   <div class='ocr_carea' id='block_1_113' title="bbox 2497 5257 4064 5338">
    <p class='ocr_par' dir='ltr' id='par_1_113' title="bbox 2497 5257 4064 5338">
     <span class='ocr_line' id='line_1_113' title="bbox 2497 5257 4064 5338; baseline -0.003 -18"><span class='ocrx_word' id='word_1_836' title='bbox 2497 5287 2660 5338; x_wconf 84' lang='grc' dir='ltr'><strong>ναμιν</strong></span> <span class='ocrx_word' id='word_1_837' title='bbox 2691 5266 2969 5330; x_wconf 75' lang='grc' dir='ltr'><strong>ἁπαιτῶνς</strong></span> <span class='ocrx_word' id='word_1_838' title='bbox 3004 5266 3148 5335; x_wconf 72' lang='grc' dir='ltr'><strong>Πλὴν</strong></span> <span class='ocrx_word' id='word_1_839' title='bbox 3169 5265 3284 5319; x_wconf 76' lang='grc' dir='ltr'><strong>ἀλλ’</strong></span> <span class='ocrx_word' id='word_1_840' title='bbox 3317 5265 3371 5316; x_wconf 77' lang='grc' dir='ltr'><strong>εῐ</strong></span> <span class='ocrx_word' id='word_1_841' title='bbox 3401 5281 3452 5317; x_wconf 91' lang='grc' dir='ltr'><strong>τι</strong></span> <span class='ocrx_word' id='word_1_842' title='bbox 3493 5257 3769 5326; x_wconf 66' lang='grc' dir='ltr'><strong>πεότεύεις</strong></span> <span class='ocrx_word' id='word_1_843' title='bbox 3797 5268 3898 5317; x_wconf 74' lang='grc' dir='ltr'><strong>οὐκ</strong></span> <span class='ocrx_word' id='word_1_844' title='bbox 3931 5269 4064 5318; x_wconf 82' lang='grc' dir='ltr'><strong>ἐκεί-</strong></span> 
     </span>
    </p>
   </div>
   <div class='ocr_carea' id='block_1_114' title="bbox 2495 5356 4060 5429">
    <p class='ocr_par' dir='ltr' id='par_1_114' title="bbox 2495 5356 4060 5429">
     <span class='ocr_line' id='line_1_114' title="bbox 2495 5356 4060 5429; baseline -0.002 -17"><span class='ocrx_word' id='word_1_845' title='bbox 2495 5379 2583 5412; x_wconf 73' lang='grc' dir='ltr'><strong>νοδ</strong></span> <span class='ocrx_word' id='word_1_846' title='bbox 2615 5361 2797 5429; x_wconf 80' lang='grc' dir='ltr'><strong>μόνον,</strong></span> <span class='ocrx_word' id='word_1_847' title='bbox 2821 5358 2954 5411; x_wconf 65' lang='grc' dir='ltr'><strong>ἀλλὰ</strong></span> <span class='ocrx_word' id='word_1_848' title='bbox 2974 5359 3068 5410; x_wconf 72' lang='grc' dir='ltr'><strong>καὶ</strong></span> <span class='ocrx_word' id='word_1_849' title='bbox 3101 5357 3227 5419; x_wconf 76' lang='grc' dir='ltr'><strong>τοὺς</strong></span> <span class='ocrx_word' id='word_1_850' title='bbox 3245 5356 3412 5410; x_wconf 79' lang='grc' dir='ltr'><strong>αὐτοῦ</strong></span> <span class='ocrx_word' id='word_1_851' title='bbox 3431 5357 3775 5425; x_wconf 77' lang='grc' dir='ltr'><strong>θεράποντας</strong></span> <span class='ocrx_word' id='word_1_852' title='bbox 3809 5359 4060 5420; x_wconf 75' lang='grc' dir='ltr'><strong>δυνατοὺς</strong></span> 
     </span>
    </p>
   </div>
   <div class='ocr_carea' id='block_1_115' title="bbox 2494 5443 4056 5521">
    <p class='ocr_par' dir='ltr' id='par_1_115' title="bbox 2494 5443 4056 5521">
     <span class='ocr_line' id='line_1_115' title="bbox 2494 5443 4056 5521; baseline -0.003 -16"><span class='ocrx_word' id='word_1_853' title='bbox 2494 5447 2635 5505; x_wconf 75' lang='grc' dir='ltr'><strong>εἶναι</strong></span> <span class='ocrx_word' id='word_1_854' title='bbox 2657 5452 2821 5504; x_wconf 82' lang='grc' dir='ltr'><strong>ταυτὺ</strong></span> <span class='ocrx_word' id='word_1_855' title='bbox 2839 5443 3360 5521; x_wconf 67' lang='grc' dir='ltr'><strong>θεραπεύειν,ῐσται</strong></span> <span class='ocrx_word' id='word_1_856' title='bbox 3397 5466 3476 5502; x_wconf 91' lang='grc' dir='ltr'><strong>σοι</strong></span> <span class='ocrx_word' id='word_1_857' title='bbox 3512 5451 3602 5501; x_wconf 72' lang='grc' dir='ltr'><strong>καὶ</strong></span> <span class='ocrx_word' id='word_1_858' title='bbox 3620 5449 3687 5502; x_wconf 81' lang='grc' dir='ltr'><strong>δι’</strong></span> <span class='ocrx_word' id='word_1_859' title='bbox 3725 5451 3886 5518; x_wconf 79' lang='grc' dir='ltr'><strong>ἡμῶν</strong></span> <span class='ocrx_word' id='word_1_860' title='bbox 3905 5452 4056 5511; x_wconf 65' lang='grc' dir='ltr'><strong>ἴασις,</strong></span> 
     </span>
    </p>
   </div>
   <div class='ocr_carea' id='block_1_116' title="bbox 2492 5528 4057 5609">
    <p class='ocr_par' dir='ltr' id='par_1_116' title="bbox 2492 5528 4057 5609">
     <span class='ocr_line' id='line_1_116' title="bbox 2492 5528 4057 5609; baseline -0.003 -13"><span class='ocrx_word' id='word_1_861' title='bbox 2492 5544 2567 5606; x_wconf 81' lang='grc' dir='ltr'><strong>ὡς</strong></span> <span class='ocrx_word' id='word_1_862' title='bbox 2600 5544 2990 5604; x_wconf 83' lang='grc' dir='ltr'><strong>πεπίστευκας.</strong></span> <span class='ocrx_word' id='word_1_863' title='bbox 3037 5543 3123 5603; x_wconf 82' lang='grc' dir='ltr'><strong>Ὠς</strong></span> <span class='ocrx_word' id='word_1_864' title='bbox 3172 5528 3228 5594; x_wconf 72' lang='grc' dir='ltr'><strong>δέ</strong></span> <span class='ocrx_word' id='word_1_865' title='bbox 3292 5540 3499 5603; x_wconf 78' lang='grc' dir='ltr'><strong>ἐκεῐνος</strong></span> <span class='ocrx_word' id='word_1_866' title='bbox 3547 5541 3724 5593; x_wconf 75' lang='grc' dir='ltr'><strong>ταῦτα</strong></span> <span class='ocrx_word' id='word_1_867' title='bbox 3766 5557 3829 5593; x_wconf 86' lang='grc' dir='ltr'><strong>τε</strong></span> <span class='ocrx_word' id='word_1_868' title='bbox 3864 5541 4057 5609; x_wconf 75' lang='grc' dir='ltr'><strong>ὡμολό-</strong></span> 
     </span>
    </p>
   </div>
   <div class='ocr_carea' id='block_1_117' title="bbox 2495 5625 4053 5703">
    <p class='ocr_par' dir='ltr' id='par_1_117' title="bbox 2495 5625 4053 5703">
     <span class='ocr_line' id='line_1_117' title="bbox 2495 5625 4053 5703; baseline -0.002 -15"><span class='ocrx_word' id='word_1_869' title='bbox 2495 5653 2579 5703; x_wconf 90' lang='grc' dir='ltr'><strong>γε,</strong></span> <span class='ocrx_word' id='word_1_870' title='bbox 2612 5636 2704 5689; x_wconf 74' lang='grc' dir='ltr'><strong>καὶ</strong></span> <span class='ocrx_word' id='word_1_871' title='bbox 2733 5635 2810 5688; x_wconf 73' lang='grc' dir='ltr'><strong>ἔτι</strong></span> <span class='ocrx_word' id='word_1_872' title='bbox 2857 5634 3056 5703; x_wconf 79' lang='grc' dir='ltr'><strong>μᾶλλον</strong></span> <span class='ocrx_word' id='word_1_873' title='bbox 3091 5634 3241 5702; x_wconf 72' lang='grc' dir='ltr'><strong>ἠξίου</strong></span> <span class='ocrx_word' id='word_1_874' title='bbox 3271 5633 3371 5703; x_wconf 77' lang='grc' dir='ltr'><strong>τὴν</strong></span> <span class='ocrx_word' id='word_1_875' title='bbox 3405 5633 3568 5694; x_wconf 77' lang='grc' dir='ltr'><strong>ἴασιν,</strong></span> <span class='ocrx_word' id='word_1_876' title='bbox 3605 5625 3786 5694; x_wconf 79' lang='grc' dir='ltr'><strong>οἶκτος</strong></span> <span class='ocrx_word' id='word_1_877' title='bbox 3822 5634 3936 5702; x_wconf 68' lang='grc' dir='ltr'><strong>ἃμα</strong></span> <span class='ocrx_word' id='word_1_878' title='bbox 3970 5636 4053 5685; x_wconf 75' lang='grc' dir='ltr'><strong>καὶ</strong></span> 
     </span>
    </p>
   </div>
   <div class='ocr_carea' id='block_1_118' title="bbox 2495 5723 4047 5796">
    <p class='ocr_par' dir='ltr' id='par_1_118' title="bbox 2495 5723 4047 5796">
     <span class='ocr_line' id='line_1_118' title="bbox 2495 5723 4047 5796; baseline -0.004 -16"><span class='ocrx_word' id='word_1_879' title='bbox 2495 5728 2679 5796; x_wconf 63' lang='grc' dir='ltr'><strong>θαῦμα</strong></span> <span class='ocrx_word' id='word_1_880' title='bbox 2713 5728 2802 5780; x_wconf 75' lang='grc' dir='ltr'><strong>τὸν</strong></span> <span class='ocrx_word' id='word_1_881' title='bbox 2829 5726 3003 5794; x_wconf 69' lang='grc' dir='ltr'><strong>μέγαν</strong></span> <span class='ocrx_word' id='word_1_882' title='bbox 3039 5726 3233 5794; x_wconf 72' lang='grc' dir='ltr'><strong>είσῄει,</strong></span> <span class='ocrx_word' id='word_1_883' title='bbox 3265 5728 3327 5776; x_wconf 79' lang='grc' dir='ltr'><strong>τὸ</strong></span> <span class='ocrx_word' id='word_1_884' title='bbox 3359 5723 3459 5793; x_wconf 71' lang='grc' dir='ltr'><strong>μὶν</strong></span> <span class='ocrx_word' id='word_1_885' title='bbox 3485 5725 3620 5792; x_wconf 70' lang='grc' dir='ltr'><strong>πρὸς</strong></span> <span class='ocrx_word' id='word_1_886' title='bbox 3649 5726 3749 5793; x_wconf 80' lang='grc' dir='ltr'><strong>τὴν</strong></span> <span class='ocrx_word' id='word_1_887' title='bbox 3782 5726 3960 5785; x_wconf 86' lang='grc' dir='ltr'><strong>νόσον,</strong></span> <span class='ocrx_word' id='word_1_888' title='bbox 3998 5730 4047 5775; x_wconf 59' lang='grc' dir='ltr'><strong>τὴ</strong></span> 
     </span>
    </p>
   </div>
   <div class='ocr_carea' id='block_1_119' title="bbox 2495 5815 4043 5889">
    <p class='ocr_par' dir='ltr' id='par_1_119' title="bbox 2495 5815 4043 5889">
     <span class='ocr_line' id='line_1_119' title="bbox 2495 5815 4043 5889; baseline -0.005 -16"><span class='ocrx_word' id='word_1_889' title='bbox 2495 5818 2550 5873; x_wconf 72' lang='grc' dir='ltr'><strong>δέ</strong></span> <span class='ocrx_word' id='word_1_890' title='bbox 2584 5818 2714 5889; x_wconf 75' lang='grc' dir='ltr'><strong>πρὸς</strong></span> <span class='ocrx_word' id='word_1_891' title='bbox 2747 5818 2804 5871; x_wconf 80' lang='grc' dir='ltr'><strong>τὸ</strong></span> <span class='ocrx_word' id='word_1_892' title='bbox 2837 5815 2955 5881; x_wconf 76' lang='grc' dir='ltr'><strong>ζέον</strong></span> <span class='ocrx_word' id='word_1_893' title='bbox 2986 5817 3078 5886; x_wconf 71' lang='grc' dir='ltr'><strong>τῆς</strong></span> <span class='ocrx_word' id='word_1_894' title='bbox 3110 5817 3376 5880; x_wconf 83' lang='grc' dir='ltr'><strong>πίστεως·</strong></span> <span class='ocrx_word' id='word_1_895' title='bbox 3424 5817 3517 5869; x_wconf 75' lang='grc' dir='ltr'><strong>καὶ</strong></span> <span class='ocrx_word' id='word_1_896' title='bbox 3565 5817 3828 5886; x_wconf 63' lang='grc' dir='ltr'><strong>στραφεὶς</strong></span> <span class='ocrx_word' id='word_1_897' title='bbox 3864 5827 4043 5883; x_wconf 65' lang='grc' dir='ltr'><strong>σημαι-</strong></span> 
     </span>
    </p>
   </div>
  </div>
