4214 6444
174 376 347 444 10ὶὸ

1283 382 1461 443 Vi-‘I‘A
1494 382 1559 445 S.
1604 384 1978 447 DANlELiS
1999 389 2364 454 STl'LlT/E.

3337 412 3484 481 l036

170 507 280 544 νει
303 492 415 555 τοῖς
445 488 760 561 ἑπομένοις,
796 490 986 563 χεῖράς
1014 492 1289 584 scalpam
1313 496 1396 561 είς
1416 495 1671 565 οὐρανὸν,
1694 514 1747 551 κε

1846 500 2277 568 Lconlltelatur,
2309 512 2366 558 et
2397 503 2579 561 adhuc
2610 509 2783 581 magis
2814 513 3037 583 rogabat
3071 526 3128 571 ut
3161 533 3475 584 sanaretur.

167 584 430 655 δάκρυσι
483 582 545 637 τὸ
599 582 745 637 θεῖον
793 583 1165 652 ιξιλεοῦσθαι.
1223 580 1357 639 Είτα
1386 586 1511 641 κατ’
1561 584 1747 643 ικιίνο

1887 592 2267 650 misericordia
2321 598 2487 653 simul
2536 610 2594 655 et
2642 580 2937 662 admiratio
2987 625 3248 680 magnum
3302 619 3479 673 subiit

166 678 524 748 πρόσταγμα
570 677 641 747 τῇ
698 676 945 749 θαλάσσῃ
1004 676 1069 731 τδ
1099 676 1261 745 σῶμα
1302 678 1640 749 λουσάμενος
1684 699 1747 736 κα

1884 683 2162 740 Danielcm
2197 705 2211 742 :
2243 689 2624 747 misericordia
2654 696 2899 765 quidem,
2934 676 3162 770 propter
3191 708 3470 776 morbum,

171 774 556 846 καθαρισθεὶς
589 773 671 847 (οὐ
694 776 912 844 μακρὰν
942 773 1049 845 γὰρ
1071 769 1184 847 ἦν),
1212 775 1371 846 ὑγιὴς
1389 776 1509 839 ὅλος
1541 779 1652 839 τοῖς
1676 794 1779 831 πα-

1880 780 2176 837 sdmiratio
2210 794 2394 840 autem
2417 829 2432 852 ,
2472 800 2700 858 propter
2733 790 3008 849 fervorem
3046 797 3209 865 iidei;
3245 811 3297 856 ct
3331 819 3468 857 cou-

170 867 356 938 ροῦσι
402 867 694 923 ἐδείκνυτο.
717 866 787 923 O'i
816 870 909 921 καὶ
935 868 1000 922 τὸ
1025 867 1272 940 πραχθὲν
1292 868 1623 940 θεασάμενοι
1678 886 1747 925 κα

1880 879 2095 932 versus,
2128 869 2402 942 significat
2432 869 2500 929 iis
2530 878 2625 946 qui
2656 879 3059 949 sequebantur,
3093 896 3153 942 ut
3181 902 3233 944 et
3271 906 3468 951 manus

162 960 451 1026 λαϐόντες
502 962 580 1025 ὡς
619 958 736 1033 εἶχε
784 961 878 1016 τὸν
926 960 1152 1017 ιαθιντα
1193 963 1426 1033 γυμνὸν,
1458 965 1513 1017 τί
1547 964 1647 1033 μὲν
1673 963 1774 1018 οὐκ

162 1055 432 1119 ιποίουν,
461 1055 514 1109 τί
534 1055 592 1109 δι
616 1056 719 1110 οὐκ
746 1054 957 1125 ελεγον,
985 1054 1040 1109 τί
1064 1055 1120 1110 δὲ
1147 1056 1250 1110 οὑκ
1276 1056 1519 1128 ιπασχον
1542 1054 1772 1123 ςἘθαύ-

171 1150 387 1215 μαζον,
412 1148 602 1213 εεόων,
634 1148 912 1213 ιδόξαζον,
946 1147 1362 1219 ἰξεπλήττοντο.
1435 1148 1634 1204 Ἐκίνει
1670 1150 1770 1218 μὲν

163 1243 371 1306 αὐτοῖς
430 1244 464 1314 ὴ
520 1245 705 1306 πίστις
770 1243 908 1313 πρὸς
960 1242 1315 1313 εὐχαριστίαν
1364 1241 1465 1313 τὴν
1496 1240 1767 1309 γλῶτταν,

164 1335 372 1405 ἰπιίχε
390 1334 445 1388 δι
465 1338 591 1398 τοὺς
611 1335 804 1403 λόγους
832 1335 894 1387 τδ
926 1334 1133 1403 θαῦμα,
1164 1336 1258 1388 καὶ
1284 1334 1420 1403 πρὸς
1442 1336 1539 1404 τὴν
1570 1333 1766 1403 εκπληο

164 1427 268 1491 ειν
300 1428 553 1495 ἀφώνους
602 1427 865 1482 ἐδείκνυε.
932 1429 1042 1482 Καὶ
1103 1427 1210 1498 μὴν
1248 1430 1344 1481 καὶ
1373 1429 1621 1497 λέγοντες
1664 1429 1766 1483 οὐκ

161 1517 328 1590 εἶχον
347 1521 375 1573 δ
400 1538 451 1573 τι
487 1522 580 1574 καὶ
604 1518 836 1584 λέξουσι,
867 1521 967 1583 τὴν
995 1518 1186 1572 τούτου
1218 1520 1403 1572 πίστιν
1433 1520 1465 1590 ἢ
1489 1522 1585 1591 τὴν
1616 1522 1763 1575 ἐκεί.

161 1623 277 1659 νου
308 1609 473 1678 χάριν
513 1607 545 1677 ἢ
577 1607 676 1678 τὴν
735 1607 830 1660 τοῦ
878 1607 1017 1660 Θεοῦ
1074 1608 1329 1677 δύναμιν.
1370 1609 1673 1679 Ὀφὺαλμοὶ
1705 1611 1763 1665 δι

163 1701 400 1753 πάντων
422 1703 557 1769 πρὸς
582 1701 744 1771 μόνον
769 1702 999 1763 ἐκεῖνον,
1020 1702 1115 1753 καὶ
1141 1702 1241 1773 μία
1266 1702 1418 1775 φωνὴ
1448 1706 1539 1757 καὶ
1564 1704 1759 1775 διήγη-

163 1810 292 1857 σις,
322 1796 352 1846 6
400 1793 600 1861 λεπρός
627 1808 685 1845 τε
737 1793 831 1843 καὶ
860 1793 892 1861 ή
932 1791 1145 1843 ἑκείνου
1180 1792 1469 1863 κάθαρσις.
1523 1795 1639 1848 Ἵνα
1664 1799 1757 1849 καὶ

158 1887 423 1949 πλείονες
456 1880 558 1939 ὦσι
588 1884 682 1938 τοῦ
732 1885 1037 1954 παραδόξου
1072 1886 1371 1957 μάρτυρες,
1413 1889 1509 1940 καὶ
1544 1892 1622 1951 είς
1662 1889 1758 1942 τὸν

161 1981 437 2048 μέγιστον
456 1979 549 2033 τοῦ
570 1979 708 2034 Θεοῦ
734 1982 860 2035 ναὸν
878 1979 1237 2051 ἀφικνοῦνται
1255 1982 1348 2034 καὶ
1371 1982 1463 2035 ἐπὶ
1488 1981 1753 2052 όκρίσαν-

151 2091 262 2139 τος
299 2074 488 2128 ίστῶσι
507 2075 597 2128 τὸν
635 2075 804 2145 ἄνδρα
831 2074 1111 2146 παρόμοια
1132 2073 1210 2144 τῷ
1240 2074 1498 2145 Ζακχαίῳ
1531 2076 1751 2129 ποιοῦν-

150 2184 282 2231 τας.
317 2168 428 2223 Καὶ
451 2169 560 2237 γὰρ
582 2169 836 2223 κάκεῖνον
862 2171 894 2235 ἠ
920 2169 1106 2230 πίστις
1122 2170 1215 2221 ἐπὶ
1238 2170 1581 2240 συκομορέαν
1599 2170 1754 2223 ἀνελ-

153 2259 287 2311 θεῖν
317 2258 505 2311 liram
529 2272 541 2285 °
597 2259 694 2312 καὶ
741 2256 954 2320 τούτοις
989 2257 1146 2316 αὖθις
1185 2260 1270 2327 ἐφ’
1311 2260 1515 2330 ὑψηλοῦ
1549 2262 1748 2329 στῆναι

152 2351 262 2403 τὸν
289 2350 512 2406 ιαθέντα
566 2352 601 2425 ἡ
650 2351 812 2422 ὁμοία
837 2349 991 2415 (tot;
1017 2350 1114 2404 τοῦ
1168 2351 1508 2421 [ινεύματος.
1547 2352 1643 2417 Τίς
1676 2356 1746 2407 τὰ

151 2444 261 2496 issi.
290 2443 371 2514 τῷ
396 2444 654 2515 μακαρίῳ
677 2443 798 2496 τότε
833 2442 1105 2512 γενόμενα
1133 2442 1457 2513 διηγήσαιτο
1480 2460 1496 2510 ;

1880 958 2073 1014 tollant
2098 961 2151 1016 in
2176 964 2398 1028 cadum,
2424 975 2481 1022 et
2507 968 2676 1024 Deum
2704 972 2923 1042 placent
2949 976 3226 1050 lacrymis.
3255 984 3466 1041 Deinde

1875 1064 2001 1104 cum
2035 1052 2184 1110 illius
2216 1055 2373 1127 jussu
2410 1059 2456 1114 is
2490 1061 2627 1115 mari
2663 1080 2865 1135 corpus
2899 1069 3147 1137 lavisset,
3176 1082 3229 1130 et
3267 1075 3464 1134 iuius-rt

1873 1142 2171 1200 mundatus
2203 1146 2221 1217 (
2240 1164 2349 1203 non
2386 1138 2579 1221 procul
2614 1155 2764 1208 cnim
2796 1158 2985 1215 aberat
3007 1167 3058 1232 ),
3089 1174 3348 1224 ostensus
3377 1179 3468 1240 est

1874 1242 2022 1289 totus
2049 1254 2215 1293 sanus
2239 1241 2308 1296 iis
2339 1245 2432 1311 qui
2460 1245 2711 1301 aderant.
2740 1249 2842 1317 Qui
2876 1265 3002 1305 cum
3031 1259 3376 1334 aspexissent
3403 1262 3456 1315 id

1870 1329 2016 1397 quod
2064 1331 2269 1386 factum
2316 1335 2515 1402 fuerat,
2559 1350 2615 1394 et
2657 1344 2868 1397 nudum
2912 1348 3257 1416 accepissent
3287 1329 3456 1419 eum,

1868 1423 1963 1489 qui
2000 1421 2179 1479 fuerat
2214 1438 2474 1492 curatus.
2508 1432 2643 1501 quid
2679 1449 2788 1489 non
2824 1435 3141 1495 faciebant?
3174 1444 3305 1512 quid
3346 1452 3455 1502 n'on

1867 1513 2163 1569 dicebant?
2196 1535 2306 1588 quo
2340 1538 2451 1576 non
2486 1525 2655 1580 animi
2695 1537 2848 1582 motu
2884 1530 3309 1608 adiciebantur?
3339 1540 3453 1594 Ad-

1867 1609 2231 1674 mirabantur,
2264 1614 2610 1681 clamibant,
2645 1618 3061 1692 gioriiii-abant,
3094 1630 3453 1701 obstupesce-

1864 1698 2017 1755 bant.
2052 1702 2305 1760 Movebat
2334 1707 2556 1777 quidem
2591 1710 2727 1766 fides
2760 1714 2845 1768 eis
2878 1716 3119 1790 linguam
3147 1721 3212 1777 ad
3243 1698 3452 1792 gratia-

1863 1807 1985 1845 rum
2016 1796 2325 1863 actionem;
2362 1802 2527 1855 verba
2559 1814 2743 1859 autem
2774 1809 3086 1865 sustinebat
3117 1793 3447 1884 admiratio',

1863 1893 1920 1940 et
1956 1884 2231 1944 eiliciebat
2252 1932 2267 1955 ,
2303 1905 2364 1947 ut
2395 1909 2505 1963 pne
2539 1905 2765 1966 stupore
2798 1900 3265 1964 obmutescerent.
3290 1910 3448 1979 Quin

1861 1981 2030 2035 etiam
2060 1983 2330 2050 dicentes,
2359 1990 2679 2045 nesciebant
2710 1994 3206 2062 quidnam-dicturi
3235 2016 3447 2071 essent,

1862 2074 2096 2145 bnjusne
2126 2077 2311 2142 fidem,
2341 2097 2408 2134 an
2440 2082 2587 2136 illius
2616 2090 2869 2155 gratiam,
2895 2107 2963 2145 an
2995 2093 3089 2148 Dei
3116 2101 3442 2165 potentiam.

1857 2166 2017 2223 Oculi
2054 2183 2240 2225 autem
2275 2175 2523 2229 omnium
2562 2177 2616 2231 in
2655 2180 2806 2235 illum
2846 2184 3026 2240 solum
3060 2200 3225 2244 erant
3257 2196 3447 2264 conje-

1853 2263 1929 2315 cti
1949 2304 1962 2326 ,
1994 2279 2207 2333 voxque
2240 2282 2346 2319 una
2378 2277 2498 2321 erat
2528 2278 2582 2323 et
2613 2276 2891 2342 narratio,
2924 2276 3178 2348 leprosus
3210 2296 3265 2339 et
3295 2263 3444 2344 illius

1852 2355 2161 2409 mundatiu.
2202 2357 2272 2411 Ut
2311 2374 2443 2427 ergo
2484 2374 2672 2418 essent
2710 2366 2899 2435 plures
2941 2382 3107 2429 testes
3147 2376 3440 2447 bujusr-i

1850 2446 2218 2513 admirabilis,
2247 2452 2478 2504 veniunt
2508 2453 2575 2507 ad
2609 2460 2907 2514 maximum
2938 2463 3034 2517 Dei
3070 2446 3357 2537 templum,
3381 2485 3440 2529 et

150 2536 346 2590 virum
391 2536 545 2591 illum
587 2536 644 2591 in
684 2547 941 2607 suggesto
976 2539 1247 2601 statuunt,
1289 2536 1555 2592 facientes
1596 2538 1744 2595 sicut
1784 2541 2067 2596 Zacbaeus.
2091 2540 2227 2595 Nam
2257 2542 2334 2596 illi
2359 2561 2580 2614 quoque
2611 2555 2886 2617 persuasit
2912 2553 3068 2617 fides.
3128 2536 3186 2615 ut
3244 2579 3437 2621 ascen.

148 2634 320 2689 deret
348 2648 718 2704 sycomorum,
748 2643 804 2688 et
834 2633 922 2687 his
952 2649 1171 2699 rursus,
1206 2642 1267 2687 ut
1299 2634 1353 2687 in
1385 2636 1497 2689 alto
1527 2645 1837 2691 statuerent
1866 2653 1992 2691 eum
2023 2638 2118 2707 qui
2151 2650 2376 2694 curatus
2444 2642 2654 2713 fuerat,
2723 2654 2994 2717 persuasit
3061 2658 3259 2717 35mm.

3325 2664 3427 2720 fcr'

148 2743 262 2784 vor
314 2729 563 2799 spiritus.
615 2728 786 2795 Quis,
841 2742 963 2799 qua:
1014 2736 1145 2783 tunc
1196 2738 1422 2799 propter
1473 2747 1732 2801 magnum
1775 2732 2056 2787 Danielem
2089 2734 2312 2799 ﬁebant,
2346 2744 2687 2797 narraverit?

229 2825 366 2882 ME’.
407 2828 744 2898 Συρριουσιν
801 2826 888 2879 ἔπ’
929 2826 1095 2879 αὑτὸν
1141 2826 1322 2893 ὀλίγου
1370 2827 1481 2879 δεῖν
1522 2829 1672 2881 πᾶσι
1707 2830 1738 2895 ἡ

149 2906 343 2983 πόλις,
374 2922 425 2972 ei
452 2922 550 2990 μδν
570 2917 855 2980 νοσοῦντες
888 2917 1074 2985 ἐφέσει
1108 2922 1206 2987 τῆς
1230 2918 1548 2989 θεραπείας,
1579 2920 1743 2986 ἐγγύ-

148 3014 254 3067 θεν
277 3013 497 3082 ἱχοντες
523 3011 584 3064 τὸ
608 3012 982 3081 παράδειγμα,
1011 3009 1102 3062 τὸν
1128 3010 1343 3063 ίαθέντα
1377 3010 1597 3081 λετ-ερον,
1614 3014 1661 3064 oi
1684 3014 1739 3066 δὲ

148 3104 498 3172 ὑγιαίνοντες
553 3104 684 3156 ιδεῐν
730 3120 790 3155 τε
824 3103 952 3166 τοὺς
984 3102 1458 3171 θεραπευομένους
1518 3107 1739 3176 καὶτῆς

1914 2830 2076 2886 XLV.
2129 2832 2372 2888 Confluit
2423 2836 2491 2890 ad
2544 2853 2669 2893 eum
2724 2844 2978 2901 universa
3030 2848 3142 2904 fere
3193 2853 3425 2921 civitas,

1839 2934 2171 2991 aegrotantes
2251 2929 2477 2996 quidem
2541 2931 2823 2989 desiderio
2867 2942 3208 3009 sanationis,
3256 2963 3429 3019 prope

1836 3014 2109 3070 habentes
2148 3022 2454 3091 exemplar.
2492 3023 2771 3093 leprosum
2811 3031 2906 3097 qui
2950 3030 3129 3089 fuerat
3164 3014 3425 3107 curatus;

1838 3108 1958 3161 sani
2004 3116 2226 3175 autem,
2278 3121 2339 3164 ut
2383 3114 2633 3169 viderent
2676 3132 2771 3174 eos
2817 3122 2911 3191 qui
2963 3126 3325 3191 curabuntur,
3366 3142 3427 3187 et

146 3197 267 3249 τῶν
298 3197 593 3263 θαυμάτων
639 3194 770 3257 θέας
808 3193 883 3264 μὴ
913 3194 1236 3264 ἁμοιρῆσαι.
1276 3195 1335 3249 Ἀ
1365 3195 1424 3248 δδ
1451 3196 1734 3299 ἠκολούθει

1846 3202 2154 3266 spectaculo
2192 3204 2583 3261 miraculorum
2622 3212 2847 3266 minime
2881 3216 3263 3283 privarentur.
3290 3224 3425 3290 Quae

146 3291 222 3358 τῇ
246 3287 424 3339 πίστει
443 3287 549 3339 τῶν
571 3286 906 3355 προσιόντων
924 3286 1178 3353 θαύματα
1199 3290 1297 3339 καὶ
1317 3287 1478 3356 λόγου
1502 3289 1732 3358 κρείττω

145 3382 255 3433 καὶ
286 3380 474 3446 ἀκοῆς.
522 3378 675 3431 Ἐπεὶ
705 3378 762 3431 δὲ
794 3379 891 3430 καὶ
920 3378 1193 3449 λαμπρῶς
1220 3379 1364 3433 οὕτω
1400 3383 1724 3450 προπεμπό-

149 3487 319 3542 μενος
346 3471 375 3523 6
427 3470 601 3541 μέγας
632 3470 759 3524 ινθα
808 3469 872 3539 δὴ
906 3470 999 3524 καὶ
1028 3473 1055 3524 6
1090 3471 1348 3540 βασιλεὺς
1394 3467 1462 3542 ἦν
1503 3475 1731 3541 εγγιοτα

144 3564 265 3616 τῶν
315 3563 410 3616 τοῦ
464 3562 729 3630 Ἕϐδόμου
778 3562 1099 3633 ἀνακτόρων
1162 3564 1403 3631 ιγένετο,
1445 3568 1586 3638 ἀνήρ
1646 3585 1730 3631 τις

145 3650 355 3715 Γὸτθος
379 3654 441 3705 τὸ
477 3654 631 3719 γένος
658 3650 747 3705 διὰ
775 3651 993 3723 θυρίδος
1035 3654 1325 3724 προκύψας
1349 3656 1578 3721 ἄνωθεν,
1638 3660 1731 3713 καὶ

143 3743 302 3798 οὕτω
329 3743 421 3796 τὸν
452 3744 598 3796 ὅσιον
641 3742 765 3813 ίδὼθ
801 3746 1268 3815 προπεμπόμενόν
1302 3764 1361 3799 τε
1398 3750 1493 3802 καὶ⁵
1521 3748 1727 3820 βακτα-

146 3836 385 3905 ζὸμενον
417 3836 497 3897 είς
526 3834 799 3905 μαλακίαν
846 3836 1011 3889 αὐτὸν
1048 3838 1407 3913 ἁποσκῴπτει
1443 3844 1539 3896 καὶ
1570 3845 1730 3914 είρω-

144 3929 321 3992 νικῶς
348 3928 777 3997 ἀωψθέγγεται·
808 3928 963 3991 Ἰδοὺ,
981 3930 1141 3999 φησι,
1172 3930 1270 3985 καὶ
1294 3934 1321 3985 ό
1348 3931 1465 3997 νιος
1494 3933 1722 4000 ὕπατος.

144 4019 341 4075 Ταῦτα
387 4021 527 4090 εφη,
581 4021 677 4073 καὶ
722 4020 886 4085 εὐθὺς
941 4021 1200 4076 ἀπώνατο
1256 4022 1350 4076 τοῦ
1382 4024 1722 4096 ληρήματος.

144 4113 518 4185 Κατενεχθεὶς
558 4114 660 4185 γὰρ
722 4113 934 4168 ικεῐθεν
978 4116 1177 4185 νεκρὸς
1229 4115 1325 4169 ἐπὶ
1380 4116 1484 4186 γῆς
1522 4119 1721 4175 Εκειτο.

154 4207 361 4277 Ὀρῶσι
418 4208 480 4261 sb
512 4206 731 4275 γεγονὸς
773 4207 824 4259 oi
880 4208 1368 4276 σωματοφύλακες,
1416 4211 1513 4263 καὶ
1546 4211 1723 4283 λύπης

142 4298 266 4369 ἃμα
300 4297 396 4352 καὶ
422 4298 600 4369 ὀργῆς
641 4297 1048 4374 πληρωθέντες,
1103 4299 1277 4360 ἄλλως
1311 4317 1373 4351 τε
1402 4301 1459 4354 δὲ
1490 4302 1583 4355 καὶ
1614 4303 1721 4356 δέει

142 4390 582 4463 περιληφθέντες
620 4391 753 4462 μήτι
803 4391 896 4443 καὶ
939 4391 1126 4461 lupo;
1154 4392 1264 4444 τῶν
1297 4394 1422 4461 περὶ
1456 4396 1653 4457 αὐτοὺς
1687 4396 1719 4465 ἢ

141 4483 309 4544 αὐτος
341 4481 595 4551 βασιλεὺς
625 4481 810 4550 ὅμοιόν
834 4497 885 4533 τι
914 4480 1051 4546 πρὸς
1084 4480 1174 4534 τὸν
1205 4482 1377 4551 μέγαν
1401 4484 1722 4553 παραφθιγ..

1836 3306 1968 3345 vero
2011 3309 2204 3348 eorum
2253 3297 2349 3365 qui
2403 3300 2990 3370 accedebant,'iiilem
3042 3315 3421 3382 sequebantur

1834 3383 2123 3448 miracula,
2169 3398 2299 3441 sunt
2349 3391 2575 3459 majora,
2621 3409 2786 3463 quam
2838 3407 2897 3451 ut
2946 3402 3131 3458 verbis
3180 3408 3417 3476 exprimi

1835 3476 2083 3542 possint,
2116 3488 2171 3533 et
2206 3480 2435 3536 auribus
2466 3485 2693 3553 percipi.
2728 3486 2866 3547 Cum
2898 3503 3082 3549 autem
3116 3498 3198 3553 sic
3229 3480 3415 3570 splen-

1833 3564 1963 3620 dide
2006 3570 2303 3626 comitatus
2347 3590 2577 3645 magnus
2626 3578 2717 3633 ille
2761 3582 2951 3639 Daniel
2992 3587 3061 3641 ad
3105 3564 3312 3656 locum,
3358 3596 3417 3650 in

1832 3670 1943 3724 quo
1970 3669 2089 3712 erat
2120 3661 2441 3730 imperator,
2471 3666 2575 3720 fuit
2602 3684 2775 3738 prope
2802 3672 3002 3741 palatia
3033 3675 3299 3747 Septimi,
3327 3684 3416 3738 vir

1830 3748 2053 3816 quidam
2097 3750 2335 3808 Gottbus
2373 3772 2608 3825 genere,
2652 3761 2894 3832 desuper
2930 3770 3279 3839 prospiciens
3313 3791 3417 3846 per

1831 3839 2148 3907 fenestram,
2176 3863 2303 3902 cum
2331 3862 2582 3905 sanctum
2610 3854 2839 3912 vidisset
2864 3861 2945 3915 sic
2973 3862 3170 3919 deduci
3199 3876 3252 3922 et
3282 3839 3415 3938 pcr-

1831 3932 1966 3997 tari,
2000 3937 2126 4006 ejus
2158 3938 2352 3995 irridet
2390 3943 2711 4011 mollitiem,
2745 3957 2802 4002 et
2834 3950 3045 4008 ironice
3075 3932 3362 4027 eloquitur
3392 3978 3411 4018 :

1814 4021 2005 4087 .Ecce.
2043 4024 2223 4096 inquit
2246 4066 2261 4091 ,
2297 4044 2476 4085 novus
2509 4036 2726 4091 consul.
2765 4035 2892 4093 Hec
2926 4042 3100 4108 dixit,
3133 4021 3201 4099 σι’
3223 4050 3413 4105 statim

1825 4119 2040 4184 accepit
2073 4117 2312 4175 fructum
2342 4138 2566 4179 suarum
2602 4143 2910 4197 nugarum;
2944 4134 3098 4189 illine
3126 4138 3273 4193 enim
3308 4142 3410 4197 tie-

1829 4208 2117 4274 turbatus,
2155 4212 2306 4267 humi
2340 4214 2563 4284 iacebat
2594 4229 2867 4279 mortuus.
2905 4224 3105 4281 Vident
3138 4232 3283 4298 quod
3323 4233 3408 4287 fs-

1788 4316 1791 4320 ‘
1826 4312 1977 4354 ctum
2017 4301 2197 4358 fuerat
2238 4309 2525 4373 satellites,
2567 4320 2624 4365 et
2662 4313 2851 4369 dolore
2892 4316 3057 4373 simul
3095 4331 3154 4377 et
3193 4322 3274 4378 ira
3316 4341 3409 4382 re-

1826 4392 1989 4462 pleti,
2025 4406 2081 4448 et
2114 4398 2321 4466 alioqui
2387 4400 2585 4457 timore
2618 4407 2895 4476 correpti,
2933 4423 3004 4464 ne
3040 4412 3124 4466 vel
3160 4414 3304 4471 alius
3337 4434 3406 4474 ex

1824 4485 1969 4549 suis,
2008 4487 2094 4541 vel
2129 4489 2242 4557 ipse
2277 4492 2579 4560 imperator
2612 4496 2791 4551 simile
2824 4499 2957 4567 quid
2993 4502 3258 4561 adversus
3292 4522 3406 4563 ma-

144 4573 381 4643 ξάμενος
428 4575 544 4636 τοῖς
591 4570 759 4628 αὑτοῦ
811 4574 1130 4642 περιπέσοι,
1165 4573 1267 4627 οὐκ
1297 4575 1423 4628 είων
1456 4574 1587 4628 εἴσω
1627 4576 1747 4654 τὸν.

1846 4592 1987 4644 {num
2022 4578 2175 4633 illum
2204 4581 2444 4646 locutus,
2478 4584 2533 4638 in
2562 4587 2753 4641 eadem
2788 4589 3079 4657 incideret,
3111 4611 3222 4650 non
3254 4600 3405 4655 sine-

138 4670 295 4722 δσιον
348 4667 593 4736 χωρῆσαι
645 4665 756 4718 τῶν
824 4666 1136 4736 βασιλείων.
1209 4667 1299 4730 Ὠς
1329 4669 1384 4721 δὲ
1418 4669 1513 4722 κά“ι
1550 4670 1721 4725 πολλὰ

140 4758 507 4828 πειρωμένων
552 4755 660 4810 τῶν
692 4757 791 4810 σὺν
836 4758 988 4826 αὐτῷ
1036 4759 1436 4829 παρεισδῦναι,
1476 4760 1650 4823 ἄλλως
1686 4764 1720 4833 ἠ

140 4850 365 4920 δχλησις
412 4844 502 4919 ἦν,
541 4851 663 4901 τότε
721 4849 816 4901 καὶ
870 4850 963 4902 τιν
1019 4850 1295 4919 κονιορτὸν
1348 4852 1721 4920 εὐαγγελικῶς

138 4942 573 5008 ἁποτινάξατθαι
609 4941 719 4993 τῶν
752 4941 926 4994 ποδῶν
966 4943 1094 5003 τοὺς
1142 4943 1271 5011 περὶ
1305 4942 1470 4995 αὐτὸν
1499 4946 1527 4996 6
1574 4944 1720 5007 ὅσιος
1737 4975 1750 5005 -,

140 5030 499 5098 παραινέσας,
535 5029 627 5081 καὶ
658 5028 819 5090 αὐτὸς
850 5028 1068 5098 πρῶτος
1121 5029 1281 5082 τοῦτο
1313 5032 1546 5101 ποιήσας
1596 5035 1718 5086 ἀνέ-

142 5138 399 5192 στρεςρεν.
446 5122 521 5176 Ob
574 5124 681 5204 μὴν
731 5122 851 5175 οὐδὲ
880 5123 998 5174 τότε
1033 5123 1219 5185 κενόςσ
1257 5126 1443 5192 συχνοὶ
1474 5129 1584 5193 γὰρ
1610 5127 1717 5179 τῶν

142 5216 492 5287 στρατιωτῶν
524 5214 615 5267 καὶ
646 5215 805 5285 μόνον
829 5216 922 5267 ἰπὶ
958 5214 1132 5286 βραχὺ
1166 5217 1401 5284 φανέντα
1436 5219 1527 5270 τοῦ
1554 5221 1719 5286 ἀγγε-

140 5305 296 5360 λικοῦ
322 5307 526 5376 τρόπου
560 5307 654 5359 καὶ
681 5307 959 5375 σχήματος
980 5306 1345 5370 ἐκπλαγέντες
1374 5310 1536 5361 αὐτὸν
1555 5309 1715 5374 εὐθὺς

140 5399 217 5461 ὡς
286 5395 435 5468 εἶχον
493 5398 835 5450 συνείποντο.
910 5396 1101 5465 ’Δπῄει
1156 5397 1256 5465 μιν
1289 5396 1433 5450 οὕτω
1490 5401 1587 5470 τὴν
1621 5402 1713 5453 επὶ

144 5490 415 5553 Βύζαντος
447 5492 474 5542 6
494 5489 585 5541 τοῦ
612 5486 745 5540 Θεοῦ
772 5488 1078 5559 ἄνθρωπος.

213 5580 364 5650 MC.
408 5583 468 5634 Ὀ
492 5582 549 5633 δὲ
584 5581 801 5651 κρατῶν
850 5581 1195 5651 δυσωπηθεὶς
1232 5581 1420 5651 ὥσπερ
1462 5586 1562 5655 τὴν
1618 5585 1712 5640 τοῦ

140 5675 333 5744 ἀνδρδς
364 5672 588 5742 ἀρετὴν,
612 5673 705 5725 καὶ
734 5672 918 5735 δείσας
952 5674 1025 5742 μή
1066 5690 1118 5727 τι
1153 5673 1249 5726 καὶ
1281 5674 1431 5746 αὐτῷ
1476 5676 1711 5745 χαλεπὸν

140 5766 355 5820 ἐπελθοι
398 5764 484 5817 διὰ
520 5766 619 5833 τὴν
662 5764 797 5833 πρὸς
847 5766 1055 5816 ἑκείνον
1108 5764 1431 5835 ὑπεροψίαν,
1488 5768 1710 5837 πέμψας

139 5858 404 5925 Eritne;
456 5855 793 5929 ὑποστρέψαι
829 5856 1155 5929 παρακαλιτ.
1228 5856 1288 5910 '0
1328 5858 1381 5912 δὲ
1428 5859 1527 5930 οὐχ
1559 5860 1707 5925 ὅπως

1825 4668 1957 4722 bant
2003 4681 2256 4726 sanctum
2306 4674 2517 4745 ingredi
2562 4678 2787 4748 regiam.
2833 4681 2987 4745 Cum,
3018 4700 3149 4741 vero
3196 4690 3261 4745 iis
3304 4694 3397 4759 qui

1822 4774 1947 4813 cum
1979 4776 2047 4815 eo
2081 4772 2237 4818 erant
2259 4804 2274 4829 ,
2309 4771 2641 4823 conantibus
2676 4772 2885 4842 ingredi
2912 4816 2926 4836 ,
2962 4776 3170 4846 alioqui
3205 4797 3397 4851 magna

1821 4862 1940 4907 erat
1970 4858 2333 4923 perturbatio,
2368 4867 2498 4913 tunc
2525 4876 2653 4915 cum
2680 4865 2999 4934 evangelice
3032 4872 3232 4932 pedum
3268 4888 3396 4927 suo-

1821 4962 1945 5000 rum
1978 4959 2237 5003 excutere
2274 4950 2556 5018 pulverem
2577 4992 2593 5013 .
2628 4969 2724 5009 eos
2757 4957 2851 5023 qui
2887 4973 3011 5013 cum
3050 4962 3168 5031 ipso
3200 4979 3394 5031 erant.

1805 5042 2072 5094 hortatus
2101 5052 2246 5095 esset
2275 5054 2528 5106 sanctus,
2558 5053 2615 5099 et
2646 5046 2762 5114 ipse
2791 5048 2896 5103 hoc
2924 5050 3180 5118 fecisset,
3210 5071 3398 5112 rever-

1818 5147 1912 5187 sus
1943 5144 2058 5197 est;
2093 5132 2188 5186 sed
2226 5145 2572 5202 neque-tunc
2607 5152 2836 5193 vacuus.
2872 5140 3025 5198 Multi
3060 5144 3207 5213 enim
3244 5148 3393 5202 mili-

1820 5235 1937 5290 tes,
1972 5227 2064 5295 qul
2101 5239 2226 5278 eum
2262 5241 2387 5280 eum
2424 5243 2618 5296 parum
2654 5231 2831 5285 solum
2870 5234 3171 5301 vidissent,
3208 5255 3394 5295 mores

1817 5328 1872 5372 et
1911 5318 2159 5372 habitum
2201 5320 2540 5388 stupuissent
2578 5324 2994 5393 evangelicum,
3035 5343 3163 5382 eum
3205 5332 3389 5385 statim

1814 5419 1943 5465 sunt
1991 5411 2299 5481 consecuti.
2349 5411 2417 5464 Et
2464 5410 2557 5467 sic
2594 5415 2817 5483 quidem
2869 5417 3018 5471 vadit
3067 5419 3387 5491 Byzantium

1814 5499 1980 5554 homo
2012 5500 2129 5555 Dei.

1888 5590 2071 5645 XLVl.
2113 5592 2415 5661 imperator
2446 5603 2627 5648 autem
2662 5596 2764 5650 viri
2799 5598 3073 5654 reveritus
3106 5601 3388 5664 virtutem,

1814 5690 1871 5734 et
1900 5682 2107 5735 veritus
2140 5698 2205 5736 ne
2237 5683 2368 5753 quid
2403 5686 2451 5737 ei
2488 5701 2651 5753 grave
2681 5688 2956 5744 accideret
2988 5704 3213 5760 propter
3242 5694 3390 5750 illius

1813 5775 2300 5842 contemptionem,
2352 5776 2518 5832 mittit
2565 5779 2631 5832 ad
2684 5795 2809 5835 cum
2860 5786 3291 5852 quamprimum,
3335 5797 3390 5840 et

1814 5873 1965 5935 rogat
1996 5874 2053 5920 ut
2085 5876 2412 5925 revertatur.
2444 5868 2536 5926 ille
2565 5884 2694 5926 vero
2730 5886 2837 5927 non
2868 5872 3033 5929 modo
3062 5872 3256 5943 ﬂexus,
3292 5876 3389 5931 sed
