  <div class='ocr_page' id='page_1' title='image "/cluster/home/n/w/nwhite01/storage/ocr_20150623/116/nnc1.0046980156/585.png"; bbox 0 0 4214 6444; ppageno 0'>
   <div class='ocr_carea' id='block_1_1' title="bbox 754 421 898 501">
    <p class='ocr_par' dir='ltr' id='par_1_1' title="bbox 754 421 898 501">
     <span class='ocr_line' id='line_1_1' title="bbox 754 421 898 501; baseline -0.007 -1"><span class='ocrx_word' id='word_1_1' title='bbox 754 421 898 501; x_wconf 78' lang='lat'><strong>1027</strong></span> 
     </span>
    </p>
   </div>
   <div class='ocr_carea' id='block_1_2' title="bbox 1892 430 2836 493">
    <p class='ocr_par' dir='ltr' id='par_1_2' title="bbox 1892 430 2836 493">
     <span class='ocr_line' id='line_1_2' title="bbox 1892 430 2836 493; baseline 0.003 -3"><span class='ocrx_word' id='word_1_2' title='bbox 1892 430 2283 492; x_wconf 72' lang='lat' dir='ltr'><strong>ADDENDA.</strong></span> <span class='ocrx_word' id='word_1_3' title='bbox 2305 458 2367 466; x_wconf 90' lang='grc'><strong>-·</strong></span> <span class='ocrx_word' id='word_1_4' title='bbox 2398 430 2836 493; x_wconf 71' lang='lat' dir='ltr'><strong>DECEMBER.</strong></span> 
     </span>
    </p>
   </div>
   <div class='ocr_carea' id='block_1_3' title="bbox 3929 428 4069 493">
    <p class='ocr_par' dir='ltr' id='par_1_3' title="bbox 3929 428 4069 493">
     <span class='ocr_line' id='line_1_3' title="bbox 3929 428 4069 493; baseline 0.007 -1"><span class='ocrx_word' id='word_1_5' title='bbox 3929 428 4069 493; x_wconf 68' lang='grc'><strong>1028</strong></span> 
     </span>
    </p>
   </div>
   <div class='ocr_carea' id='block_1_4' title="bbox 751 547 2375 623">
    <p class='ocr_par' dir='ltr' id='par_1_4' title="bbox 751 549 2352 623">
     <span class='ocr_line' id='line_1_4' title="bbox 751 549 2352 623; baseline -0.003 -14"><span class='ocrx_word' id='word_1_6' title='bbox 751 559 919 610; x_wconf 85' lang='lat' dir='ltr'><strong>etiam</strong></span> <span class='ocrx_word' id='word_1_7' title='bbox 952 553 1126 623; x_wconf 81' lang='lat' dir='ltr'><strong>magis</strong></span> <span class='ocrx_word' id='word_1_8' title='bbox 1155 551 1444 614; x_wconf 82' lang='lat' dir='ltr'><strong>irritatus.</strong></span> <span class='ocrx_word' id='word_1_9' title='bbox 1477 567 1605 608; x_wconf 89' lang='lat' dir='ltr'><strong>cum</strong></span> <span class='ocrx_word' id='word_1_10' title='bbox 1638 550 1899 615; x_wconf 79' lang='lat' dir='ltr'><strong>dixisset,</strong></span> <span class='ocrx_word' id='word_1_11' title='bbox 1933 550 2082 620; x_wconf 86' lang='lat' dir='ltr'><strong>quod</strong></span> <span class='ocrx_word' id='word_1_12' title='bbox 2114 549 2208 619; x_wconf 87' lang='lat' dir='ltr'><strong>qui</strong></span> <span class='ocrx_word' id='word_1_13' title='bbox 2240 565 2352 604; x_wconf 75' lang='lat' dir='ltr'><strong>cm-</strong></span> 
     </span>
    </p>
   </div>
   <div class='ocr_carea' id='block_1_5' title="bbox 2476 547 4069 623">
    <p class='ocr_par' dir='ltr' id='par_1_5' title="bbox 2476 547 4069 622">
     <span class='ocr_line' id='line_1_5' title="bbox 2476 547 4069 622; baseline -0.001 -18"><span class='ocrx_word' id='word_1_14' title='bbox 2476 553 2756 622; x_wconf 76' lang='grc' dir='ltr'>ιαμφθεὶς.</span> <span class='ocrx_word' id='word_1_15' title='bbox 2787 551 2922 606; x_wconf 77' lang='grc' dir='ltr'>ἀλλὰ</span> <span class='ocrx_word' id='word_1_16' title='bbox 2960 552 3058 606; x_wconf 76' lang='grc' dir='ltr'>καὶ</span> <span class='ocrx_word' id='word_1_17' title='bbox 3103 549 3308 620; x_wconf 81' lang='grc' dir='ltr'>μᾶλλον</span> <span class='ocrx_word' id='word_1_18' title='bbox 3356 547 3719 620; x_wconf 75' lang='grc' dir='ltr'>παροξυνθεὶς</span> <span class='ocrx_word' id='word_1_19' title='bbox 3753 550 3853 602; x_wconf 78' lang='grc' dir='ltr'>καὶ</span> <span class='ocrx_word' id='word_1_20' title='bbox 3885 553 4069 618; x_wconf 84' lang='grc' dir='ltr'>φήσας</span> 
     </span>
    </p>
   </div>
   <div class='ocr_carea' id='block_1_6' title="bbox 753 643 2357 715">
    <p class='ocr_par' dir='ltr' id='par_1_6' title="bbox 753 643 2357 715">
     <span class='ocr_line' id='line_1_6' title="bbox 753 643 2357 715; baseline -0.005 -11"><span class='ocrx_word' id='word_1_21' title='bbox 753 650 950 704; x_wconf 84' lang='lat' dir='ltr'><strong>lestem</strong></span> <span class='ocrx_word' id='word_1_22' title='bbox 984 647 1191 715; x_wconf 86' lang='lat' dir='ltr'><strong>Regem</strong></span> <span class='ocrx_word' id='word_1_23' title='bbox 1222 655 1458 702; x_wconf 89' lang='lat' dir='ltr'><strong>conatur</strong></span> <span class='ocrx_word' id='word_1_24' title='bbox 1485 646 1847 709; x_wconf 74' lang='lat' dir='ltr'><strong>exacerbare,</strong></span> <span class='ocrx_word' id='word_1_25' title='bbox 1879 645 1997 715; x_wconf 87' lang='lat' dir='ltr'><strong>ipse</strong></span> <span class='ocrx_word' id='word_1_26' title='bbox 2029 643 2204 697; x_wconf 88' lang='lat' dir='ltr'><strong>multo</strong></span> <span class='ocrx_word' id='word_1_27' title='bbox 2237 660 2357 696; x_wconf 78' lang='lat' dir='ltr'><strong>ma—</strong></span> 
     </span>
    </p>
   </div>
   <div class='ocr_carea' id='block_1_7' title="bbox 755 734 2359 811">
    <p class='ocr_par' dir='ltr' id='par_1_7' title="bbox 755 734 2359 811">
     <span class='ocr_line' id='line_1_7' title="bbox 755 734 2359 811; baseline -0.004 -17"><span class='ocrx_word' id='word_1_28' title='bbox 755 739 841 811; x_wconf 84' lang='lat' dir='ltr'><strong>gis</strong></span> <span class='ocrx_word' id='word_1_29' title='bbox 879 741 1152 794; x_wconf 83' lang='lat' dir='ltr'><strong>malorum</strong></span> <span class='ocrx_word' id='word_1_30' title='bbox 1203 739 1527 793; x_wconf 74' lang='lat' dir='ltr'><strong>thesaurum</strong></span> <span class='ocrx_word' id='word_1_31' title='bbox 1569 737 1674 793; x_wconf 85' lang='lat' dir='ltr'><strong>sibi</strong></span> <span class='ocrx_word' id='word_1_32' title='bbox 1722 736 2005 798; x_wconf 86' lang='lat' dir='ltr'><strong>recondit;</strong></span> <span class='ocrx_word' id='word_1_33' title='bbox 2050 745 2108 790; x_wconf 90' lang='lat' dir='ltr'><strong>et</strong></span> <span class='ocrx_word' id='word_1_34' title='bbox 2154 734 2359 790; x_wconf 90' lang='lat' dir='ltr'><strong>deinde</strong></span> 
     </span>
    </p>
   </div>
   <div class='ocr_carea' id='block_1_8' title="bbox 759 828 2362 901">
    <p class='ocr_par' dir='ltr' id='par_1_8' title="bbox 759 828 2362 901">
     <span class='ocr_line' id='line_1_8' title="bbox 759 828 2362 901; baseline -0.002 -16"><span class='ocrx_word' id='word_1_35' title='bbox 759 830 1052 901; x_wconf 87' lang='lat' dir='ltr'><strong>adjecisset</strong></span> <span class='ocrx_word' id='word_1_36' title='bbox 1087 833 1255 886; x_wconf 87' lang='lat' dir='ltr'><strong>etiam</strong></span> <span class='ocrx_word' id='word_1_37' title='bbox 1294 829 1434 896; x_wconf 87' lang='lat' dir='ltr'><strong>fore,</strong></span> <span class='ocrx_word' id='word_1_38' title='bbox 1471 841 1531 884; x_wconf 92' lang='lat' dir='ltr'><strong>ut</strong></span> <span class='ocrx_word' id='word_1_39' title='bbox 1569 829 1662 885; x_wconf 81' lang='lat' dir='ltr'><strong>hic</strong></span> <span class='ocrx_word' id='word_1_40' title='bbox 1699 829 1855 884; x_wconf 82' lang='lat' dir='ltr'><strong>brevi</strong></span> <span class='ocrx_word' id='word_1_41' title='bbox 1891 828 2112 884; x_wconf 86' lang='lat' dir='ltr'><strong>excidat</strong></span> <span class='ocrx_word' id='word_1_42' title='bbox 2149 828 2219 882; x_wconf 87' lang='lat' dir='ltr'><strong>ab</strong></span> <span class='ocrx_word' id='word_1_43' title='bbox 2261 828 2362 882; x_wconf 88' lang='lat' dir='ltr'><strong>im-</strong></span> 
     </span>
    </p>
   </div>
   <div class='ocr_carea' id='block_1_9' title="bbox 758 919 2357 992">
    <p class='ocr_par' dir='ltr' id='par_1_9' title="bbox 758 919 2357 992">
     <span class='ocr_line' id='line_1_9' title="bbox 758 919 2357 992; baseline -0.001 -17"><span class='ocrx_word' id='word_1_44' title='bbox 758 921 954 992; x_wconf 88' lang='lat' dir='ltr'><strong>perio,</strong></span> <span class='ocrx_word' id='word_1_45' title='bbox 989 934 1046 975; x_wconf 90' lang='lat' dir='ltr'><strong>et</strong></span> <span class='ocrx_word' id='word_1_46' title='bbox 1082 935 1177 975; x_wconf 88' lang='lat' dir='ltr'><strong>eas</strong></span> <span class='ocrx_word' id='word_1_47' title='bbox 1214 936 1338 991; x_wconf 72' lang='lat' dir='ltr'><strong>qua:</strong></span> <span class='ocrx_word' id='word_1_48' title='bbox 1378 921 1492 975; x_wconf 86' lang='lat' dir='ltr'><strong>illic</strong></span> <span class='ocrx_word' id='word_1_49' title='bbox 1532 929 1696 984; x_wconf 86' lang='lat' dir='ltr'><strong>sunt,</strong></span> <span class='ocrx_word' id='word_1_50' title='bbox 1734 921 1914 974; x_wconf 88' lang='lat' dir='ltr'><strong>minas</strong></span> <span class='ocrx_word' id='word_1_51' title='bbox 1953 935 2064 973; x_wconf 91' lang='lat' dir='ltr'><strong>non</strong></span> <span class='ocrx_word' id='word_1_52' title='bbox 2106 919 2357 989; x_wconf 83' lang='lat' dir='ltr'><strong>elIugiat.</strong></span> 
     </span>
    </p>
   </div>
   <div class='ocr_carea' id='block_1_10' title="bbox 761 1011 2362 1083">
    <p class='ocr_par' dir='ltr' id='par_1_10' title="bbox 761 1011 2362 1083">
     <span class='ocr_line' id='line_1_10' title="bbox 761 1011 2362 1083; baseline -0.003 -15"><span class='ocrx_word' id='word_1_53' title='bbox 761 1013 888 1069; x_wconf 69' lang='lat' dir='ltr'><strong>Haec</strong></span> <span class='ocrx_word' id='word_1_54' title='bbox 930 1030 1054 1069; x_wconf 89' lang='lat' dir='ltr'><strong>cum</strong></span> <span class='ocrx_word' id='word_1_55' title='bbox 1096 1014 1350 1077; x_wconf 81' lang='lat' dir='ltr'><strong>dixisset,</strong></span> <span class='ocrx_word' id='word_1_56' title='bbox 1389 1022 1446 1068; x_wconf 91' lang='lat' dir='ltr'><strong>et</strong></span> <span class='ocrx_word' id='word_1_57' title='bbox 1485 1013 1529 1066; x_wconf 84' lang='lat' dir='ltr'><strong>si</strong></span> <span class='ocrx_word' id='word_1_58' title='bbox 1571 1015 1698 1083; x_wconf 85' lang='lat' dir='ltr'><strong>quis</strong></span> <span class='ocrx_word' id='word_1_59' title='bbox 1741 1013 1795 1066; x_wconf 88' lang='lat' dir='ltr'><strong>in</strong></span> <span class='ocrx_word' id='word_1_60' title='bbox 1840 1011 2024 1066; x_wconf 87' lang='lat' dir='ltr'><strong>tunica</strong></span> <span class='ocrx_word' id='word_1_61' title='bbox 2069 1011 2362 1066; x_wconf 70' lang='lat' dir='ltr'><strong>remiserat</strong></span> 
     </span>
    </p>
   </div>
   <div class='ocr_carea' id='block_1_11' title="bbox 761 1103 2356 1184">
    <p class='ocr_par' dir='ltr' id='par_1_11' title="bbox 761 1103 2356 1184">
     <span class='ocr_line' id='line_1_11' title="bbox 761 1103 2356 1184; baseline -0.003 -23"><span class='ocrx_word' id='word_1_62' title='bbox 761 1108 968 1178; x_wconf 86' lang='lat' dir='ltr'><strong>pulvis,</strong></span> <span class='ocrx_word' id='word_1_63' title='bbox 1013 1122 1143 1161; x_wconf 90' lang='lat' dir='ltr'><strong>eum</strong></span> <span class='ocrx_word' id='word_1_64' title='bbox 1191 1108 1542 1184; x_wconf 80' lang='lat' dir='ltr'><strong>excussisset,</strong></span> <span class='ocrx_word' id='word_1_65' title='bbox 1591 1107 1859 1176; x_wconf 82' lang='lat' dir='ltr'><strong>processit</strong></span> <span class='ocrx_word' id='word_1_66' title='bbox 1911 1103 2100 1158; x_wconf 85' lang='lat' dir='ltr'><strong>fidenti</strong></span> <span class='ocrx_word' id='word_1_67' title='bbox 2152 1103 2356 1158; x_wconf 82' lang='lat' dir='ltr'><strong>animo.</strong></span> 
     </span>
    </p>
   </div>
   <div class='ocr_carea' id='block_1_12' title="bbox 763 1194 2357 1266">
    <p class='ocr_par' dir='ltr' id='par_1_12' title="bbox 763 1194 2357 1266">
     <span class='ocr_line' id='line_1_12' title="bbox 763 1194 2357 1266; baseline -0.002 -15"><span class='ocrx_word' id='word_1_68' title='bbox 763 1199 902 1252; x_wconf 88' lang='lat' dir='ltr'><strong>Cum</strong></span> <span class='ocrx_word' id='word_1_69' title='bbox 945 1201 1060 1252; x_wconf 68' lang='lat' dir='ltr'><strong>haec</strong></span> <span class='ocrx_word' id='word_1_70' title='bbox 1098 1199 1563 1251; x_wconf 80' lang='lat' dir='ltr'><strong>annuntiarentur</strong></span> <span class='ocrx_word' id='word_1_71' title='bbox 1598 1194 1951 1266; x_wconf 88' lang='lat' dir='ltr'><strong>imperatori,</strong></span> <span class='ocrx_word' id='word_1_72' title='bbox 1987 1195 2148 1249; x_wconf 86' lang='lat' dir='ltr'><strong>simul</strong></span> <span class='ocrx_word' id='word_1_73' title='bbox 2191 1196 2357 1249; x_wconf 86' lang='lat' dir='ltr'><strong>etiam</strong></span> 
     </span>
    </p>
   </div>
   <div class='ocr_carea' id='block_1_13' title="bbox 767 1286 2361 1359">
    <p class='ocr_par' dir='ltr' id='par_1_13' title="bbox 767 1286 2361 1359">
     <span class='ocr_line' id='line_1_13' title="bbox 767 1286 2361 1359; baseline -0.002 -15"><span class='ocrx_word' id='word_1_74' title='bbox 767 1306 865 1344; x_wconf 88' lang='lat' dir='ltr'><strong>sua</strong></span> <span class='ocrx_word' id='word_1_75' title='bbox 900 1298 1093 1358; x_wconf 81' lang='lat' dir='ltr'><strong>sponte</strong></span> <span class='ocrx_word' id='word_1_76' title='bbox 1128 1288 1328 1343; x_wconf 89' lang='lat' dir='ltr'><strong>cecidit</strong></span> <span class='ocrx_word' id='word_1_77' title='bbox 1366 1288 1534 1342; x_wconf 89' lang='lat' dir='ltr'><strong>turris</strong></span> <span class='ocrx_word' id='word_1_78' title='bbox 1569 1289 1780 1358; x_wconf 80' lang='lat' dir='ltr'><strong>palatii,</strong></span> <span class='ocrx_word' id='word_1_79' title='bbox 1815 1286 2042 1357; x_wconf 87' lang='lat' dir='ltr'><strong>perinde</strong></span> <span class='ocrx_word' id='word_1_80' title='bbox 2075 1303 2138 1341; x_wconf 85' lang='lat' dir='ltr'><strong>ac</strong></span> <span class='ocrx_word' id='word_1_81' title='bbox 2175 1288 2220 1342; x_wconf 88' lang='lat' dir='ltr'><strong>si</strong></span> <span class='ocrx_word' id='word_1_82' title='bbox 2261 1304 2361 1359; x_wconf 93' lang='lat' dir='ltr'><strong>per</strong></span> 
     </span>
    </p>
   </div>
   <div class='ocr_carea' id='block_1_14' title="bbox 767 1381 2359 1451">
    <p class='ocr_par' dir='ltr' id='par_1_14' title="bbox 767 1381 2359 1451">
     <span class='ocr_line' id='line_1_14' title="bbox 767 1381 2359 1451; baseline 0 -17"><span class='ocrx_word' id='word_1_83' title='bbox 767 1399 855 1437; x_wconf 83' lang='lat' dir='ltr'><strong>res</strong></span> <span class='ocrx_word' id='word_1_84' title='bbox 897 1381 1166 1436; x_wconf 85' lang='lat' dir='ltr'><strong>iuanimas</strong></span> <span class='ocrx_word' id='word_1_85' title='bbox 1207 1391 1553 1451; x_wconf 77' lang='lat' dir='ltr'><strong>arrogantem</strong></span> <span class='ocrx_word' id='word_1_86' title='bbox 1600 1391 1656 1435; x_wconf 88' lang='lat' dir='ltr'><strong>et</strong></span> <span class='ocrx_word' id='word_1_87' title='bbox 1703 1381 2032 1436; x_wconf 84' lang='lat' dir='ltr'><strong>insolentem</strong></span> <span class='ocrx_word' id='word_1_88' title='bbox 2079 1382 2359 1435; x_wconf 83' lang='lat' dir='ltr'><strong>hominem</strong></span> 
     </span>
    </p>
   </div>
   <div class='ocr_carea' id='block_1_15' title="bbox 768 1473 2360 1540">
    <p class='ocr_par' dir='ltr' id='par_1_15' title="bbox 768 1473 2360 1540">
     <span class='ocr_line' id='line_1_15' title="bbox 768 1473 2360 1540; baseline -0.001 -10"><span class='ocrx_word' id='word_1_89' title='bbox 768 1478 914 1530; x_wconf 89' lang='lat' dir='ltr'><strong>Deus</strong></span> <span class='ocrx_word' id='word_1_90' title='bbox 948 1476 1110 1530; x_wconf 82' lang='lat' dir='ltr'><strong>vellet</strong></span> <span class='ocrx_word' id='word_1_91' title='bbox 1150 1476 1391 1531; x_wconf 71' lang='lat' dir='ltr'><strong>erudLre.</strong></span> <span class='ocrx_word' id='word_1_92' title='bbox 1427 1475 1686 1540; x_wconf 69' lang='lat' dir='ltr'><strong>Quaenam</strong></span> <span class='ocrx_word' id='word_1_93' title='bbox 1727 1485 1910 1529; x_wconf 90' lang='lat' dir='ltr'><strong>autem</strong></span> <span class='ocrx_word' id='word_1_94' title='bbox 1952 1474 2020 1528; x_wconf 88' lang='lat' dir='ltr'><strong>ab</strong></span> <span class='ocrx_word' id='word_1_95' title='bbox 2062 1473 2360 1528; x_wconf 83' lang='lat' dir='ltr'><strong>accedente</strong></span> 
     </span>
    </p>
   </div>
   <div class='ocr_carea' id='block_1_16' title="bbox 769 1565 2360 1636">
    <p class='ocr_par' dir='ltr' id='par_1_16' title="bbox 769 1565 2360 1636">
     <span class='ocr_line' id='line_1_16' title="bbox 769 1565 2360 1636; baseline -0.003 -13"><span class='ocrx_word' id='word_1_96' title='bbox 769 1579 961 1624; x_wconf 86' lang='lat' dir='ltr'><strong>sancto</strong></span> <span class='ocrx_word' id='word_1_97' title='bbox 993 1571 1133 1623; x_wconf 79' lang='lat' dir='ltr'><strong>facta</strong></span> <span class='ocrx_word' id='word_1_98' title='bbox 1165 1576 1294 1622; x_wconf 76' lang='lat' dir='ltr'><strong>sunt</strong></span> <span class='ocrx_word' id='word_1_99' title='bbox 1325 1567 1588 1622; x_wconf 88' lang='lat' dir='ltr'><strong>miracula</strong></span> <span class='ocrx_word' id='word_1_100' title='bbox 1617 1566 1918 1636; x_wconf 77' lang='lat' dir='ltr'><strong>(quomodo</strong></span> <span class='ocrx_word' id='word_1_101' title='bbox 1945 1567 2094 1621; x_wconf 88' lang='lat' dir='ltr'><strong>enim</strong></span> <span class='ocrx_word' id='word_1_102' title='bbox 2127 1580 2193 1619; x_wconf 90' lang='lat' dir='ltr'><strong>ex</strong></span> <span class='ocrx_word' id='word_1_103' title='bbox 2226 1565 2360 1619; x_wconf 88' lang='lat' dir='ltr'><strong>urbe</strong></span> 
     </span>
    </p>
   </div>
   <div class='ocr_carea' id='block_1_17' title="bbox 771 1656 2358 1728">
    <p class='ocr_par' dir='ltr' id='par_1_17' title="bbox 771 1656 2358 1728">
     <span class='ocr_line' id='line_1_17' title="bbox 771 1656 2358 1728; baseline -0.003 -15"><span class='ocrx_word' id='word_1_104' title='bbox 771 1675 895 1713; x_wconf 89' lang='lat' dir='ltr'><strong>cum</strong></span> <span class='ocrx_word' id='word_1_105' title='bbox 921 1658 1003 1713; x_wconf 88' lang='lat' dir='ltr'><strong>eis</strong></span> <span class='ocrx_word' id='word_1_106' title='bbox 1030 1668 1114 1712; x_wconf 91' lang='lat' dir='ltr'><strong>est</strong></span> <span class='ocrx_word' id='word_1_107' title='bbox 1136 1672 1426 1728; x_wconf 79' lang='lat' dir='ltr'><strong>egressus,</strong></span> <span class='ocrx_word' id='word_1_108' title='bbox 1465 1657 1540 1713; x_wconf 90' lang='lat' dir='ltr'><strong>ita</strong></span> <span class='ocrx_word' id='word_1_109' title='bbox 1575 1660 1741 1712; x_wconf 84' lang='lat' dir='ltr'><strong>etiam</strong></span> <span class='ocrx_word' id='word_1_110' title='bbox 1764 1656 2163 1726; x_wconf 74' lang='lat' dir='ltr'><strong>ingredientem</strong></span> <span class='ocrx_word' id='word_1_111' title='bbox 2187 1657 2358 1727; x_wconf 85' lang='lat' dir='ltr'><strong>ipsam</strong></span> 
     </span>
    </p>
   </div>
   <div class='ocr_carea' id='block_1_18' title="bbox 776 1749 2361 1823">
    <p class='ocr_par' dir='ltr' id='par_1_18' title="bbox 776 1749 2361 1823">
     <span class='ocr_line' id='line_1_18' title="bbox 776 1749 2361 1823; baseline -0.001 -16"><span class='ocrx_word' id='word_1_112' title='bbox 776 1768 968 1808; x_wconf 79' lang='lat' dir='ltr'><strong>rursus</strong></span> <span class='ocrx_word' id='word_1_113' title='bbox 1004 1753 1400 1823; x_wconf 84' lang='lat' dir='ltr'><strong>sequebantur,</strong></span> <span class='ocrx_word' id='word_1_114' title='bbox 1440 1750 1849 1822; x_wconf 87' lang='lat' dir='ltr'><strong>quodammodo</strong></span> <span class='ocrx_word' id='word_1_115' title='bbox 1885 1749 2038 1818; x_wconf 85' lang='lat' dir='ltr'><strong>ipsa,</strong></span> <span class='ocrx_word' id='word_1_116' title='bbox 2074 1760 2135 1804; x_wconf 93' lang='lat' dir='ltr'><strong>ut</strong></span> <span class='ocrx_word' id='word_1_117' title='bbox 2171 1753 2242 1805; x_wconf 89' lang='lat' dir='ltr'><strong>ita</strong></span> <span class='ocrx_word' id='word_1_118' title='bbox 2278 1751 2361 1805; x_wconf 85' lang='lat' dir='ltr'><strong>di-</strong></span> 
     </span>
    </p>
   </div>
   <div class='ocr_carea' id='block_1_19' title="bbox 2466 642 4075 716">
    <p class='ocr_par' dir='ltr' id='par_1_19' title="bbox 2466 642 4075 716">
     <span class='ocr_line' id='line_1_19' title="bbox 2466 642 4075 716; baseline -0.004 -18"><span class='ocrx_word' id='word_1_119' title='bbox 2466 646 2540 710; x_wconf 88' lang='grc' dir='ltr'>ὼς</span> <span class='ocrx_word' id='word_1_120' title='bbox 2572 647 2664 700; x_wconf 78' lang='grc' dir='ltr'>τὸν</span> <span class='ocrx_word' id='word_1_121' title='bbox 2685 647 2940 716; x_wconf 73' lang='grc' dir='ltr'>οὐράνιον</span> <span class='ocrx_word' id='word_1_122' title='bbox 2974 643 3201 715; x_wconf 78' lang='grc' dir='ltr'><strong>βασιλέα</strong></span> <span class='ocrx_word' id='word_1_123' title='bbox 3235 642 3712 713; x_wconf 83' lang='grc' dir='ltr'>παραπικραίνειν</span> <span class='ocrx_word' id='word_1_124' title='bbox 3737 642 4075 711; x_wconf 75' lang='grc' dir='ltr'>ιπιχειρῶν,</span> 
     </span>
    </p>
   </div>
   <div class='ocr_carea' id='block_1_20' title="bbox 2466 728 4078 810">
    <p class='ocr_par' dir='ltr' id='par_1_20' title="bbox 2466 728 4078 810">
     <span class='ocr_line' id='line_1_20' title="bbox 2466 728 4078 810; baseline -0.005 -18"><span class='ocrx_word' id='word_1_125' title='bbox 2466 740 2629 803; x_wconf 75' lang='grc' dir='ltr'>αὐτὸς</span> <span class='ocrx_word' id='word_1_126' title='bbox 2658 740 2796 793; x_wconf 79' lang='grc' dir='ltr'>πολὺ</span> <span class='ocrx_word' id='word_1_127' title='bbox 2829 740 3036 810; x_wconf 81' lang='grc' dir='ltr'>μᾶλλον</span> <span class='ocrx_word' id='word_1_128' title='bbox 3062 735 3245 806; x_wconf 77' lang='grc' dir='ltr'>ἑαυτῷ</span> <span class='ocrx_word' id='word_1_129' title='bbox 3272 734 3606 806; x_wconf 76' lang='grc' dir='ltr'><strong>θησαυρίζει</strong></span> <span class='ocrx_word' id='word_1_130' title='bbox 3625 733 3799 799; x_wconf 81' lang='grc' dir='ltr'>κακὰ,</span> <span class='ocrx_word' id='word_1_131' title='bbox 3830 728 3961 786; x_wconf 75' lang='grc' dir='ltr'>εἶτα</span> <span class='ocrx_word' id='word_1_132' title='bbox 3982 730 4078 785; x_wconf 75' lang='grc' dir='ltr'><strong>καί</strong></span> 
     </span>
    </p>
   </div>
   <div class='ocr_carea' id='block_1_21' title="bbox 2466 825 4079 903">
    <p class='ocr_par' dir='ltr' id='par_1_21' title="bbox 2466 825 4079 903">
     <span class='ocr_line' id='line_1_21' title="bbox 2466 825 4079 903; baseline -0.007 -17"><span class='ocrx_word' id='word_1_133' title='bbox 2466 831 2726 903; x_wconf 80' lang='grc' dir='ltr'>προσθεὶς</span> <span class='ocrx_word' id='word_1_134' title='bbox 2755 831 2830 896; x_wconf 81' lang='grc' dir='ltr'><strong>ὡς</strong></span> <span class='ocrx_word' id='word_1_135' title='bbox 2856 832 2953 886; x_wconf 75' lang='grc' dir='ltr'>καὶ</span> <span class='ocrx_word' id='word_1_136' title='bbox 2982 832 3084 900; x_wconf 83' lang='grc' dir='ltr'>τῆς</span> <span class='ocrx_word' id='word_1_137' title='bbox 3105 828 3362 885; x_wconf 74' lang='grc' dir='ltr'>ἐντεῦθεν</span> <span class='ocrx_word' id='word_1_138' title='bbox 3385 829 3704 881; x_wconf 76' lang='grc' dir='ltr'>έκπεσεῖται</span> <span class='ocrx_word' id='word_1_139' title='bbox 3737 825 3867 897; x_wconf 79' lang='grc' dir='ltr'>μετ’</span> <span class='ocrx_word' id='word_1_140' title='bbox 3889 825 4079 892; x_wconf 78' lang='grc' dir='ltr'>ὀλίγον</span> 
     </span>
    </p>
   </div>
   <div class='ocr_carea' id='block_1_22' title="bbox 2465 919 4076 998">
    <p class='ocr_par' dir='ltr' id='par_1_22' title="bbox 2465 919 4076 998">
     <span class='ocr_line' id='line_1_22' title="bbox 2465 919 4076 998; baseline -0.009 -16"><span class='ocrx_word' id='word_1_141' title='bbox 2465 928 2666 998; x_wconf 79' lang='grc' dir='ltr'>ἀρχῆς,</span> <span class='ocrx_word' id='word_1_142' title='bbox 2698 929 2793 980; x_wconf 80' lang='grc' dir='ltr'>καὶ</span> <span class='ocrx_word' id='word_1_143' title='bbox 2835 928 2936 997; x_wconf 79' lang='grc' dir='ltr'><strong>τήν</strong></span> <span class='ocrx_word' id='word_1_144' title='bbox 2969 925 3188 980; x_wconf 72' lang='grc' dir='ltr'>ἐκεῖθεν</span> <span class='ocrx_word' id='word_1_145' title='bbox 3242 927 3343 978; x_wconf 82' lang='grc' dir='ltr'>οὐκ</span> <span class='ocrx_word' id='word_1_146' title='bbox 3399 921 3733 996; x_wconf 63' lang='grc' dir='ltr'>ἐκφεύξεται</span> <span class='ocrx_word' id='word_1_147' title='bbox 3790 919 4076 988; x_wconf 77' lang='grc' dir='ltr'>ἀπειλήν·</span> 
     </span>
    </p>
   </div>
   <div class='ocr_carea' id='block_1_23' title="bbox 2463 1013 4082 1090">
    <p class='ocr_par' dir='ltr' id='par_1_23' title="bbox 2463 1013 4082 1090">
     <span class='ocr_line' id='line_1_23' title="bbox 2463 1013 4082 1090; baseline -0.007 -15"><span class='ocrx_word' id='word_1_148' title='bbox 2463 1020 2637 1075; x_wconf 86' lang='grc' dir='ltr'>ταῦτα</span> <span class='ocrx_word' id='word_1_149' title='bbox 2671 1021 2844 1076; x_wconf 79' lang='grc' dir='ltr'>εἰπὼν</span> <span class='ocrx_word' id='word_1_150' title='bbox 2871 1023 2979 1076; x_wconf 80' lang='grc' dir='ltr'>κᾶν</span> <span class='ocrx_word' id='word_1_151' title='bbox 3025 1023 3080 1074; x_wconf 81' lang='grc' dir='ltr'>ετ</span> <span class='ocrx_word' id='word_1_152' title='bbox 3121 1037 3207 1082; x_wconf 87' lang='grc' dir='ltr'><strong>τις</strong></span> <span class='ocrx_word' id='word_1_153' title='bbox 3238 1019 3367 1090; x_wconf 67' lang='grc' dir='ltr'>ἐνῆν</span> <span class='ocrx_word' id='word_1_154' title='bbox 3403 1013 3756 1086; x_wconf 81' lang='grc' dir='ltr'>ἀπολειφθεὶς</span> <span class='ocrx_word' id='word_1_155' title='bbox 3784 1013 4082 1087; x_wconf 75' lang='grc' dir='ltr'>κονιορτὸς</span> 
     </span>
    </p>
   </div>
   <div class='ocr_carea' id='block_1_24' title="bbox 2463 1105 4078 1184">
    <p class='ocr_par' dir='ltr' id='par_1_24' title="bbox 2463 1105 4078 1184">
     <span class='ocr_line' id='line_1_24' title="bbox 2463 1105 4078 1184; baseline -0.006 -18"><span class='ocrx_word' id='word_1_156' title='bbox 2463 1112 2542 1184; x_wconf 89' lang='grc' dir='ltr'>τῷ</span> <span class='ocrx_word' id='word_1_157' title='bbox 2571 1112 2764 1182; x_wconf 80' lang='grc' dir='ltr'><strong>χιτῶνι</strong></span> <span class='ocrx_word' id='word_1_158' title='bbox 2790 1115 2888 1166; x_wconf 70' lang='grc' dir='ltr'>καὶ</span> <span class='ocrx_word' id='word_1_159' title='bbox 2927 1112 3092 1166; x_wconf 75' lang='grc' dir='ltr'>αὑτὸν</span> <span class='ocrx_word' id='word_1_160' title='bbox 3135 1111 3638 1180; x_wconf 76' lang='grc' dir='ltr'>άποτιναξάμενος.</span> <span class='ocrx_word' id='word_1_161' title='bbox 3677 1108 3884 1176; x_wconf 71' lang='grc' dir='ltr'>ιχὼρει</span> <span class='ocrx_word' id='word_1_162' title='bbox 3942 1105 4078 1173; x_wconf 79' lang='grc' dir='ltr'><strong>θαρ-</strong></span> 
     </span>
    </p>
   </div>
   <div class='ocr_carea' id='block_1_25' title="bbox 2467 1197 4078 1277">
    <p class='ocr_par' dir='ltr' id='par_1_25' title="bbox 2467 1197 4078 1277">
     <span class='ocr_line' id='line_1_25' title="bbox 2467 1197 4078 1277; baseline -0.008 -17"><span class='ocrx_word' id='word_1_163' title='bbox 2467 1208 2597 1277; x_wconf 73' lang='grc' dir='ltr'>ρῶν.</span> <span class='ocrx_word' id='word_1_164' title='bbox 2633 1208 2784 1276; x_wconf 78' lang='grc' dir='ltr'>’Λμα</span> <span class='ocrx_word' id='word_1_165' title='bbox 2816 1203 2989 1259; x_wconf 83' lang='grc' dir='ltr'>ταῦτα</span> <span class='ocrx_word' id='word_1_166' title='bbox 3024 1203 3103 1275; x_wconf 83' lang='grc' dir='ltr'><strong>τῷ</strong></span> <span class='ocrx_word' id='word_1_167' title='bbox 3125 1205 3339 1275; x_wconf 81' lang='grc' dir='ltr'>βασιλεῖ</span> <span class='ocrx_word' id='word_1_168' title='bbox 3367 1199 3748 1272; x_wconf 67' lang='grc' dir='ltr'><strong>διηγγέλλετο,</strong></span> <span class='ocrx_word' id='word_1_169' title='bbox 3783 1200 3886 1252; x_wconf 78' lang='grc' dir='ltr'>καὶ</span> <span class='ocrx_word' id='word_1_170' title='bbox 3915 1201 3946 1250; x_wconf 85' lang='grc' dir='ltr'><strong>ό</strong></span> <span class='ocrx_word' id='word_1_171' title='bbox 3967 1197 4078 1249; x_wconf 76' lang='grc' dir='ltr'><strong>τῶν</strong></span> 
     </span>
    </p>
   </div>
   <div class='ocr_carea' id='block_1_26' title="bbox 2464 1289 4078 1369">
    <p class='ocr_par' dir='ltr' id='par_1_26' title="bbox 2464 1289 4078 1369">
     <span class='ocr_line' id='line_1_26' title="bbox 2464 1289 4078 1369; baseline -0.008 -17"><span class='ocrx_word' id='word_1_172' title='bbox 2464 1299 2783 1369; x_wconf 77' lang='grc' dir='ltr'><strong>ἀνακτόρων</strong></span> <span class='ocrx_word' id='word_1_173' title='bbox 2814 1298 3138 1369; x_wconf 78' lang='grc' dir='ltr'>αὐτομάτως</span> <span class='ocrx_word' id='word_1_174' title='bbox 3159 1299 3467 1350; x_wconf 74' lang='grc' dir='ltr'>κατέπιπτε</span> <span class='ocrx_word' id='word_1_175' title='bbox 3493 1292 3729 1363; x_wconf 87' lang='grc' dir='ltr'>πύργος,</span> <span class='ocrx_word' id='word_1_176' title='bbox 3753 1289 4078 1357; x_wconf 76' lang='grc' dir='ltr'>καθαπερεὶ</span> 
     </span>
    </p>
   </div>
   <div class='ocr_carea' id='block_1_27' title="bbox 2461 1382 4078 1461">
    <p class='ocr_par' dir='ltr' id='par_1_27' title="bbox 2461 1382 4078 1461">
     <span class='ocr_line' id='line_1_27' title="bbox 2461 1382 4078 1461; baseline -0.007 -17"><span class='ocrx_word' id='word_1_177' title='bbox 2461 1392 2550 1445; x_wconf 84' lang='grc' dir='ltr'><strong>διὰ</strong></span> <span class='ocrx_word' id='word_1_178' title='bbox 2581 1393 2693 1446; x_wconf 79' lang='grc' dir='ltr'><strong>τῶν</strong></span> <span class='ocrx_word' id='word_1_179' title='bbox 2747 1391 2974 1461; x_wconf 76' lang='grc' dir='ltr'>ἀψύχων</span> <span class='ocrx_word' id='word_1_180' title='bbox 3037 1392 3128 1445; x_wconf 77' lang='grc' dir='ltr'>τὸν</span> <span class='ocrx_word' id='word_1_181' title='bbox 3163 1390 3402 1454; x_wconf 78' lang='grc' dir='ltr'>ἀλαζόνα</span> <span class='ocrx_word' id='word_1_182' title='bbox 3451 1388 3544 1444; x_wconf 89' lang='grc' dir='ltr'><strong>τοῦ</strong></span> <span class='ocrx_word' id='word_1_183' title='bbox 3580 1387 3720 1441; x_wconf 87' lang='grc' dir='ltr'>Θεοῦ</span> <span class='ocrx_word' id='word_1_184' title='bbox 3779 1382 4078 1438; x_wconf 76' lang='grc' dir='ltr'>παιδεύειν</span> 
     </span>
    </p>
   </div>
   <div class='ocr_carea' id='block_1_28' title="bbox 2463 1474 4082 1550">
    <p class='ocr_par' dir='ltr' id='par_1_28' title="bbox 2463 1474 4082 1550">
     <span class='ocr_line' id='line_1_28' title="bbox 2463 1474 4082 1550; baseline -0.004 -16"><span class='ocrx_word' id='word_1_185' title='bbox 2463 1481 2765 1546; x_wconf 80' lang='grc' dir='ltr'>ἐθέλοντος.</span> <span class='ocrx_word' id='word_1_186' title='bbox 2820 1483 2955 1536; x_wconf 87' lang='grc' dir='ltr'>Τίνα</span> <span class='ocrx_word' id='word_1_187' title='bbox 3006 1483 3063 1536; x_wconf 69' lang='grc' dir='ltr'>δὲ</span> <span class='ocrx_word' id='word_1_188' title='bbox 3097 1483 3194 1536; x_wconf 74' lang='grc' dir='ltr'>καὶ</span> <span class='ocrx_word' id='word_1_189' title='bbox 3225 1481 3514 1550; x_wconf 71' lang='grc' dir='ltr'>προσιόντι</span> <span class='ocrx_word' id='word_1_190' title='bbox 3558 1479 3637 1549; x_wconf 82' lang='grc' dir='ltr'><strong>τῷ</strong></span> <span class='ocrx_word' id='word_1_191' title='bbox 3663 1477 3806 1546; x_wconf 86' lang='grc' dir='ltr'>ὁσίῳ</span> <span class='ocrx_word' id='word_1_192' title='bbox 3837 1479 3911 1530; x_wconf 79' lang='grc' dir='ltr'><strong>τά</strong></span> <span class='ocrx_word' id='word_1_193' title='bbox 3944 1474 4082 1528; x_wconf 76' lang='grc' dir='ltr'>θαύ“</span> 
     </span>
    </p>
   </div>
   <div class='ocr_carea' id='block_1_29' title="bbox 2466 1566 4079 1646">
    <p class='ocr_par' dir='ltr' id='par_1_29' title="bbox 2466 1566 4079 1646">
     <span class='ocr_line' id='line_1_29' title="bbox 2466 1566 4079 1646; baseline -0.007 -18"><span class='ocrx_word' id='word_1_194' title='bbox 2466 1592 2613 1644; x_wconf 83' lang='grc' dir='ltr'>ματα</span> <span class='ocrx_word' id='word_1_195' title='bbox 2661 1575 2875 1646; x_wconf 83' lang='grc' dir='ltr'>(ὥσπερ</span> <span class='ocrx_word' id='word_1_196' title='bbox 2925 1574 3032 1644; x_wconf 85' lang='grc' dir='ltr'>γὰρ</span> <span class='ocrx_word' id='word_1_197' title='bbox 3080 1575 3181 1638; x_wconf 83' lang='grc' dir='ltr'><strong>τῆς</strong></span> <span class='ocrx_word' id='word_1_198' title='bbox 3213 1573 3423 1636; x_wconf 81' lang='grc' dir='ltr'>πόλεως</span> <span class='ocrx_word' id='word_1_199' title='bbox 3465 1571 3604 1642; x_wconf 84' lang='grc' dir='ltr'>μετὰ</span> <span class='ocrx_word' id='word_1_200' title='bbox 3645 1569 3860 1622; x_wconf 79' lang='grc' dir='ltr'>τούτων</span> <span class='ocrx_word' id='word_1_201' title='bbox 3908 1566 4079 1636; x_wconf 65' lang='grc' dir='ltr'>ἐξῄει,</span> 
     </span>
    </p>
   </div>
   <div class='ocr_carea' id='block_1_30' title="bbox 2462 1653 4080 1719">
    <p class='ocr_par' dir='ltr' id='par_1_30' title="bbox 2462 1653 4080 1719">
     <span class='ocr_line' id='line_1_30' title="bbox 2462 1653 4080 1719; baseline -0.007 0"><span class='ocrx_word' id='word_1_202' title='bbox 2462 1665 2605 1719; x_wconf 74' lang='grc' dir='ltr'>οὕτω</span> <span class='ocrx_word' id='word_1_203' title='bbox 2641 1668 2737 1719; x_wconf 68' lang='grc' dir='ltr'><strong>κα)⁵</strong></span> <span class='ocrx_word' id='word_1_204' title='bbox 2770 1666 2995 1719; x_wconf 81' lang='grc' dir='ltr'>εἰσιόντι</span> <span class='ocrx_word' id='word_1_205' title='bbox 3023 1666 3190 1718; x_wconf 81' lang='grc' dir='ltr'>πάλιν</span> <span class='ocrx_word' id='word_1_206' title='bbox 3221 1665 3362 1718; x_wconf 82' lang='grc' dir='ltr'>αὐτὰ</span> <span class='ocrx_word' id='word_1_207' title='bbox 3390 1663 3688 1716; x_wconf 83' lang='grc' dir='ltr'>συνείπετο</span> <span class='ocrx_word' id='word_1_208' title='bbox 3719 1653 3810 1713; x_wconf 69' lang='grc' dir='ltr'><strong>οἷα</strong></span> <span class='ocrx_word' id='word_1_209' title='bbox 3845 1658 3948 1711; x_wconf 68' lang='grc' dir='ltr'>καὶ</span> <span class='ocrx_word' id='word_1_210' title='bbox 3984 1657 4080 1711; x_wconf 75' lang='grc' dir='ltr'><strong>αὖ·</strong></span> 
     </span>
    </p>
   </div>
   <div class='ocr_carea' id='block_1_31' title="bbox 2460 1748 4081 1830">
    <p class='ocr_par' dir='ltr' id='par_1_31' title="bbox 2460 1748 4081 1830">
     <span class='ocr_line' id='line_1_31' title="bbox 2460 1748 4081 1830; baseline -0.008 -18"><span class='ocrx_word' id='word_1_211' title='bbox 2460 1759 2562 1829; x_wconf 81' lang='grc' dir='ltr'>τῆς</span> <span class='ocrx_word' id='word_1_212' title='bbox 2598 1759 2764 1828; x_wconf 81' lang='grc' dir='ltr'>φάναι</span> <span class='ocrx_word' id='word_1_213' title='bbox 2795 1761 2896 1830; x_wconf 85' lang='grc' dir='ltr'>τῆς</span> <span class='ocrx_word' id='word_1_214' title='bbox 2920 1758 3016 1812; x_wconf 88' lang='grc' dir='ltr'><strong>τοῦ</strong></span> <span class='ocrx_word' id='word_1_215' title='bbox 3043 1758 3182 1811; x_wconf 90' lang='grc' dir='ltr'>Θεοῦ</span> <span class='ocrx_word' id='word_1_216' title='bbox 3224 1757 3514 1825; x_wconf 79' lang='grc' dir='ltr'>δυνάμεως</span> <span class='ocrx_word' id='word_1_217' title='bbox 3551 1754 3643 1806; x_wconf 69' lang='grc' dir='ltr'><strong>τὸν</strong></span> <span class='ocrx_word' id='word_1_218' title='bbox 3693 1748 4081 1822; x_wconf 79' lang='grc' dir='ltr'>θεραπεύοντα</span> 
     </span>
    </p>
   </div>
   <div class='ocr_carea' id='block_1_32' title="bbox 774 1843 2375 1923">
    <p class='ocr_par' dir='ltr' id='par_1_32' title="bbox 774 1843 2357 1912">
     <span class='ocr_line' id='line_1_32' title="bbox 774 1843 2357 1912; baseline -0.001 -12"><span class='ocrx_word' id='word_1_219' title='bbox 774 1862 924 1907; x_wconf 84' lang='lat' dir='ltr'><strong>eam,</strong></span> <span class='ocrx_word' id='word_1_220' title='bbox 961 1844 1060 1900; x_wconf 89' lang='lat' dir='ltr'><strong>Dei</strong></span> <span class='ocrx_word' id='word_1_221' title='bbox 1096 1847 1297 1900; x_wconf 91' lang='lat' dir='ltr'><strong>virtute</strong></span> <span class='ocrx_word' id='word_1_222' title='bbox 1337 1843 1604 1899; x_wconf 83' lang='lat' dir='ltr'><strong>famulum</strong></span> <span class='ocrx_word' id='word_1_223' title='bbox 1639 1844 1971 1912; x_wconf 88' lang='lat' dir='ltr'><strong>deducente)</strong></span> <span class='ocrx_word' id='word_1_224' title='bbox 2008 1861 2132 1899; x_wconf 93' lang='lat' dir='ltr'><strong>cum</strong></span> <span class='ocrx_word' id='word_1_225' title='bbox 2169 1861 2234 1899; x_wconf 93' lang='lat' dir='ltr'><strong>ex</strong></span> <span class='ocrx_word' id='word_1_226' title='bbox 2271 1844 2357 1899; x_wconf 87' lang='lat' dir='ltr'><strong>bis</strong></span> 
     </span>
    </p>
   </div>
   <div class='ocr_carea' id='block_1_33' title="bbox 2476 1843 4081 1923">
    <p class='ocr_par' dir='ltr' id='par_1_33' title="bbox 2476 1843 4081 1923">
     <span class='ocr_line' id='line_1_33' title="bbox 2476 1843 4081 1923; baseline -0.008 -17"><span class='ocrx_word' id='word_1_227' title='bbox 2476 1852 2948 1923; x_wconf 75' lang='grc' dir='ltr'>προπεμπούσης),</span> <span class='ocrx_word' id='word_1_228' title='bbox 2980 1853 3044 1905; x_wconf 70' lang='grc' dir='ltr'>ὲκ</span> <span class='ocrx_word' id='word_1_229' title='bbox 3080 1851 3288 1904; x_wconf 86' lang='grc' dir='ltr'>τούτων</span> <span class='ocrx_word' id='word_1_230' title='bbox 3349 1849 3509 1916; x_wconf 85' lang='grc' dir='ltr'>ὀλίγα</span> <span class='ocrx_word' id='word_1_231' title='bbox 3544 1847 3633 1900; x_wconf 82' lang='grc' dir='ltr'>διὰ</span> <span class='ocrx_word' id='word_1_232' title='bbox 3671 1845 3765 1898; x_wconf 80' lang='grc' dir='ltr'>τὸν</span> <span class='ocrx_word' id='word_1_233' title='bbox 3796 1845 3969 1913; x_wconf 76' lang='grc' dir='ltr'>κόρον</span> <span class='ocrx_word' id='word_1_234' title='bbox 4001 1843 4081 1901; x_wconf 78' lang='grc' dir='ltr'><strong>ὡς</strong></span> 
     </span>
    </p>
   </div>
   <div class='ocr_carea' id='block_1_34' title="bbox 775 1914 2375 2018">
    <p class='ocr_par' dir='ltr' id='par_1_34' title="bbox 775 1935 2359 2007">
     <span class='ocr_line' id='line_1_34' title="bbox 775 1935 2359 2007; baseline 0.001 -18"><span class='ocrx_word' id='word_1_235' title='bbox 775 1953 970 2006; x_wconf 85' lang='lat' dir='ltr'><strong>pauca,</strong></span> <span class='ocrx_word' id='word_1_236' title='bbox 1003 1950 1177 2007; x_wconf 88' lang='lat' dir='ltr'><strong>eaque</strong></span> <span class='ocrx_word' id='word_1_237' title='bbox 1211 1947 1436 2007; x_wconf 85' lang='lat' dir='ltr'><strong>propter</strong></span> <span class='ocrx_word' id='word_1_238' title='bbox 1463 1937 1794 2002; x_wconf 68' lang='lat' dir='ltr'><strong>satietatem,</strong></span> <span class='ocrx_word' id='word_1_239' title='bbox 1826 1937 1996 1991; x_wconf 91' lang='lat' dir='ltr'><strong>veluti</strong></span> <span class='ocrx_word' id='word_1_240' title='bbox 2025 1937 2231 1992; x_wconf 89' lang='lat' dir='ltr'><strong>cursim</strong></span> <span class='ocrx_word' id='word_1_241' title='bbox 2265 1935 2359 1992; x_wconf 86' lang='lat' dir='ltr'><strong>ad-</strong></span> 
     </span>
    </p>
   </div>
   <div class='ocr_carea' id='block_1_35' title="bbox 2476 1914 4042 2018">
    <p class='ocr_par' dir='ltr' id='par_1_35' title="bbox 2476 1914 4042 2018">
     <span class='ocr_line' id='line_1_35' title="bbox 2476 1914 4042 2018; baseline -0.007 -17"><span class='ocrx_word' id='word_1_242' title='bbox 2476 1914 2533 2001; x_wconf 71' lang='grc' dir='ltr'>ὲν</span> <span class='ocrx_word' id='word_1_243' title='bbox 2569 1914 3041 2018; x_wconf 45' lang='grc' dir='ltr'>παραδρομίῇθεὶς</span> <span class='ocrx_word' id='word_1_244' title='bbox 3063 1944 3159 1998; x_wconf 67' lang='grc' dir='ltr'><strong>ἐπὶ</strong></span> <span class='ocrx_word' id='word_1_245' title='bbox 3180 1943 3249 1998; x_wconf 81' lang='grc' dir='ltr'><strong>τά</strong></span> <span class='ocrx_word' id='word_1_246' title='bbox 3275 1914 3576 2012; x_wconf 79' lang='grc' dir='ltr'>λειπόμενα</span> <span class='ocrx_word' id='word_1_247' title='bbox 3603 1937 4042 2012; x_wconf 77' lang='grc' dir='ltr'>μετελεύσομαι.</span> 
     </span>
    </p>
   </div>
   <div class='ocr_carea' id='block_1_36' title="bbox 777 2028 1990 2099">
    <p class='ocr_par' dir='ltr' id='par_1_36' title="bbox 777 2028 1990 2099">
     <span class='ocr_line' id='line_1_36' title="bbox 777 2028 1990 2099; baseline 0.003 -18"><span class='ocrx_word' id='word_1_248' title='bbox 777 2030 1015 2089; x_wconf 86' lang='lat' dir='ltr'><strong>duxero.</strong></span> <span class='ocrx_word' id='word_1_249' title='bbox 1048 2029 1294 2083; x_wconf 85' lang='lat' dir='ltr'><strong>transibo</strong></span> <span class='ocrx_word' id='word_1_250' title='bbox 1324 2028 1391 2082; x_wconf 86' lang='lat' dir='ltr'><strong>ad</strong></span> <span class='ocrx_word' id='word_1_251' title='bbox 1421 2044 1485 2084; x_wconf 91' lang='lat' dir='ltr'><strong>ea</strong></span> <span class='ocrx_word' id='word_1_252' title='bbox 1516 2043 1638 2098; x_wconf 72' lang='lat' dir='ltr'><strong>qua:</strong></span> <span class='ocrx_word' id='word_1_253' title='bbox 1669 2038 1990 2099; x_wconf 85' lang='lat' dir='ltr'><strong>supersunt.</strong></span> 
     </span>
    </p>
   </div>
   <div class='ocr_carea' id='block_1_37' title="bbox 851 2120 2374 2194">
    <p class='ocr_par' dir='ltr' id='par_1_37' title="bbox 851 2120 2374 2194">
     <span class='ocr_line' id='line_1_37' title="bbox 851 2120 2374 2194; baseline 0.001 -18"><span class='ocrx_word' id='word_1_254' title='bbox 851 2120 1061 2176; x_wconf 71' lang='lat' dir='ltr'><strong>XLVII.</strong></span> <span class='ocrx_word' id='word_1_255' title='bbox 1102 2123 1221 2176; x_wconf 90' lang='lat' dir='ltr'><strong>Duo</strong></span> <span class='ocrx_word' id='word_1_256' title='bbox 1271 2123 1492 2192; x_wconf 84' lang='lat' dir='ltr'><strong>quidem</strong></span> <span class='ocrx_word' id='word_1_257' title='bbox 1542 2121 1611 2176; x_wconf 91' lang='lat' dir='ltr'><strong>ab</strong></span> <span class='ocrx_word' id='word_1_258' title='bbox 1664 2123 1785 2192; x_wconf 89' lang='lat' dir='ltr'><strong>ipso</strong></span> <span class='ocrx_word' id='word_1_259' title='bbox 1832 2122 2213 2178; x_wconf 84' lang='lat' dir='ltr'><strong>adolescentes</strong></span> <span class='ocrx_word' id='word_1_260' title='bbox 2262 2125 2374 2194; x_wconf 90' lang='lat' dir='ltr'><strong>pri-</strong></span> 
     </span>
    </p>
   </div>
   <div class='ocr_carea' id='block_1_38' title="bbox 780 2215 2369 2282">
    <p class='ocr_par' dir='ltr' id='par_1_38' title="bbox 780 2215 2369 2282">
     <span class='ocr_line' id='line_1_38' title="bbox 780 2215 2369 2282; baseline 0.003 -16"><span class='ocrx_word' id='word_1_261' title='bbox 780 2227 931 2267; x_wconf 88' lang='lat' dir='ltr'><strong>mum</strong></span> <span class='ocrx_word' id='word_1_262' title='bbox 989 2223 1279 2278; x_wconf 80' lang='lat' dir='ltr'><strong>sanantur,</strong></span> <span class='ocrx_word' id='word_1_263' title='bbox 1331 2229 1453 2282; x_wconf 71' lang='lat' dir='ltr'><strong>quae</strong></span> <span class='ocrx_word' id='word_1_264' title='bbox 1510 2215 1855 2268; x_wconf 78' lang='lat' dir='ltr'><strong>vexabantur</strong></span> <span class='ocrx_word' id='word_1_265' title='bbox 1908 2230 1938 2268; x_wconf 90' lang='lat' dir='ltr'><strong>a</strong></span> <span class='ocrx_word' id='word_1_266' title='bbox 2000 2215 2369 2271; x_wconf 68' lang='lat' dir='ltr'><strong>daamonibus.</strong></span> 
     </span>
    </p>
   </div>
   <div class='ocr_carea' id='block_1_39' title="bbox 784 2305 2373 2376">
    <p class='ocr_par' dir='ltr' id='par_1_39' title="bbox 784 2305 2373 2376">
     <span class='ocr_line' id='line_1_39' title="bbox 784 2305 2373 2376; baseline 0.003 -19"><span class='ocrx_word' id='word_1_267' title='bbox 784 2306 990 2361; x_wconf 86' lang='lat' dir='ltr'><strong>Deinde</strong></span> <span class='ocrx_word' id='word_1_268' title='bbox 1034 2306 1235 2361; x_wconf 88' lang='lat' dir='ltr'><strong>mulier</strong></span> <span class='ocrx_word' id='word_1_269' title='bbox 1272 2305 1518 2375; x_wconf 62' lang='lat' dir='ltr'><strong>quaedam</strong></span> <span class='ocrx_word' id='word_1_270' title='bbox 1569 2306 1676 2359; x_wconf 87' lang='lat' dir='ltr'><strong>alia</strong></span> <span class='ocrx_word' id='word_1_271' title='bbox 1725 2305 1833 2359; x_wconf 86' lang='lat' dir='ltr'><strong>lide</strong></span> <span class='ocrx_word' id='word_1_272' title='bbox 1873 2305 2206 2371; x_wconf 66' lang='lat' dir='ltr'><strong>Cliauanma,</strong></span> <span class='ocrx_word' id='word_1_273' title='bbox 2250 2321 2373 2376; x_wconf 62' lang='lat' dir='ltr'><strong>qua:</strong></span> 
     </span>
    </p>
   </div>
   <div class='ocr_carea' id='block_1_40' title="bbox 783 2397 2374 2460">
    <p class='ocr_par' dir='ltr' id='par_1_40' title="bbox 783 2397 2374 2460">
     <span class='ocr_line' id='line_1_40' title="bbox 783 2397 2374 2460; baseline 0 -8"><span class='ocrx_word' id='word_1_274' title='bbox 783 2397 1025 2452; x_wconf 85' lang='lat' dir='ltr'><strong>habebat</strong></span> <span class='ocrx_word' id='word_1_275' title='bbox 1057 2399 1220 2451; x_wconf 83' lang='lat' dir='ltr'><strong>tiliam</strong></span> <span class='ocrx_word' id='word_1_276' title='bbox 1243 2439 1258 2460; x_wconf 90' lang='lat'><em>.</em></span> <span class='ocrx_word' id='word_1_277' title='bbox 1290 2406 1345 2452; x_wconf 91' lang='lat' dir='ltr'><strong>et</strong></span> <span class='ocrx_word' id='word_1_278' title='bbox 1379 2397 1547 2452; x_wconf 82' lang='lat' dir='ltr'><strong>veluti</strong></span> <span class='ocrx_word' id='word_1_279' title='bbox 1579 2397 1867 2452; x_wconf 65' lang='lat' dir='ltr'><strong>aestuantis</strong></span> <span class='ocrx_word' id='word_1_280' title='bbox 1895 2398 2065 2451; x_wconf 90' lang='lat' dir='ltr'><strong>animi</strong></span> <span class='ocrx_word' id='word_1_281' title='bbox 2099 2406 2269 2453; x_wconf 85' lang='lat' dir='ltr'><strong>testes</strong></span> <span class='ocrx_word' id='word_1_282' title='bbox 2296 2398 2374 2452; x_wconf 87' lang='lat' dir='ltr'><strong>la-</strong></span> 
     </span>
    </p>
   </div>
   <div class='ocr_carea' id='block_1_41' title="bbox 782 2487 2375 2559">
    <p class='ocr_par' dir='ltr' id='par_1_41' title="bbox 782 2487 2375 2559">
     <span class='ocr_line' id='line_1_41' title="bbox 782 2487 2375 2559; baseline 0 -17"><span class='ocrx_word' id='word_1_283' title='bbox 782 2503 999 2559; x_wconf 87' lang='lat' dir='ltr'><strong>crymas</strong></span> <span class='ocrx_word' id='word_1_284' title='bbox 1031 2487 1406 2558; x_wconf 76' lang='lat' dir='ltr'><strong>profundebat</strong></span> <span class='ocrx_word' id='word_1_285' title='bbox 1434 2504 1502 2542; x_wconf 88' lang='lat' dir='ltr'><strong>ex</strong></span> <span class='ocrx_word' id='word_1_286' title='bbox 1529 2487 1726 2552; x_wconf 90' lang='lat' dir='ltr'><strong>oculis,</strong></span> <span class='ocrx_word' id='word_1_287' title='bbox 1757 2495 1813 2542; x_wconf 90' lang='lat' dir='ltr'><strong>et</strong></span> <span class='ocrx_word' id='word_1_288' title='bbox 1843 2503 1940 2557; x_wconf 88' lang='lat' dir='ltr'><strong>per</strong></span> <span class='ocrx_word' id='word_1_289' title='bbox 1971 2504 2064 2544; x_wconf 80' lang='lat' dir='ltr'><strong>eas</strong></span> <span class='ocrx_word' id='word_1_290' title='bbox 2090 2488 2375 2558; x_wconf 66' lang='lat' dir='ltr'><strong>quaerebat</strong></span> 
     </span>
    </p>
   </div>
   <div class='ocr_carea' id='block_1_42' title="bbox 784 2579 2373 2651">
    <p class='ocr_par' dir='ltr' id='par_1_42' title="bbox 784 2579 2373 2651">
     <span class='ocr_line' id='line_1_42' title="bbox 784 2579 2373 2651; baseline -0.001 -17"><span class='ocrx_word' id='word_1_291' title='bbox 784 2583 1149 2644; x_wconf 90' lang='lat' dir='ltr'><strong>curationem,</strong></span> <span class='ocrx_word' id='word_1_292' title='bbox 1179 2596 1371 2635; x_wconf 86' lang='lat' dir='ltr'><strong>sanam</strong></span> <span class='ocrx_word' id='word_1_293' title='bbox 1401 2580 1626 2651; x_wconf 89' lang='lat' dir='ltr'><strong>quidem</strong></span> <span class='ocrx_word' id='word_1_294' title='bbox 1659 2579 1862 2651; x_wconf 90' lang='lat' dir='ltr'><strong>accipit</strong></span> <span class='ocrx_word' id='word_1_295' title='bbox 1893 2579 2095 2645; x_wconf 86' lang='lat' dir='ltr'><strong>filiam;</strong></span> <span class='ocrx_word' id='word_1_296' title='bbox 2129 2580 2373 2634; x_wconf 70' lang='lat' dir='ltr'><strong>laetitiam</strong></span> 
     </span>
    </p>
   </div>
   <div class='ocr_carea' id='block_1_43' title="bbox 785 2670 2375 2743">
    <p class='ocr_par' dir='ltr' id='par_1_43' title="bbox 785 2670 2375 2743">
     <span class='ocr_line' id='line_1_43' title="bbox 785 2670 2375 2743; baseline -0.001 -16"><span class='ocrx_word' id='word_1_297' title='bbox 785 2683 970 2728; x_wconf 91' lang='lat' dir='ltr'><strong>autem</strong></span> <span class='ocrx_word' id='word_1_298' title='bbox 999 2673 1250 2728; x_wconf 83' lang='lat' dir='ltr'><strong>referens</strong></span> <span class='ocrx_word' id='word_1_299' title='bbox 1277 2687 1378 2743; x_wconf 90' lang='lat' dir='ltr'><strong>pro</strong></span> <span class='ocrx_word' id='word_1_300' title='bbox 1404 2687 1667 2735; x_wconf 79' lang='lat' dir='ltr'><strong>mmrore,</strong></span> <span class='ocrx_word' id='word_1_301' title='bbox 1693 2670 1917 2726; x_wconf 89' lang='lat' dir='ltr'><strong>domum</strong></span> <span class='ocrx_word' id='word_1_302' title='bbox 1945 2671 2135 2726; x_wconf 90' lang='lat' dir='ltr'><strong>rediit.</strong></span> <span class='ocrx_word' id='word_1_303' title='bbox 2165 2670 2375 2726; x_wconf 88' lang='lat' dir='ltr'><strong>Deinde</strong></span> 
     </span>
    </p>
   </div>
   <div class='ocr_carea' id='block_1_44' title="bbox 785 2761 2374 2835">
    <p class='ocr_par' dir='ltr' id='par_1_44' title="bbox 785 2761 2374 2835">
     <span class='ocr_line' id='line_1_44' title="bbox 785 2761 2374 2835; baseline -0.003 -15"><span class='ocrx_word' id='word_1_304' title='bbox 785 2781 912 2820; x_wconf 87' lang='lat' dir='ltr'><strong>cum</strong></span> <span class='ocrx_word' id='word_1_305' title='bbox 960 2775 1188 2821; x_wconf 83' lang='lat' dir='ltr'><strong>sanctus</strong></span> <span class='ocrx_word' id='word_1_306' title='bbox 1239 2780 1337 2835; x_wconf 90' lang='lat' dir='ltr'><strong>per</strong></span> <span class='ocrx_word' id='word_1_307' title='bbox 1387 2765 1626 2818; x_wconf 89' lang='lat' dir='ltr'><strong>mediam</strong></span> <span class='ocrx_word' id='word_1_308' title='bbox 1680 2761 2013 2833; x_wconf 85' lang='lat' dir='ltr'><strong>procederet</strong></span> <span class='ocrx_word' id='word_1_309' title='bbox 2060 2763 2374 2828; x_wconf 89' lang='lat' dir='ltr'><strong>civitatem,</strong></span> 
     </span>
    </p>
   </div>
   <div class='ocr_carea' id='block_1_45' title="bbox 787 2857 2380 2930">
    <p class='ocr_par' dir='ltr' id='par_1_45' title="bbox 787 2857 2380 2930">
     <span class='ocr_line' id='line_1_45' title="bbox 787 2857 2380 2930; baseline -0.001 -18"><span class='ocrx_word' id='word_1_310' title='bbox 787 2861 1053 2930; x_wconf 80' lang='lat' dir='ltr'><strong>patricius</strong></span> <span class='ocrx_word' id='word_1_311' title='bbox 1091 2860 1318 2930; x_wconf 89' lang='lat' dir='ltr'><strong>quidam</strong></span> <span class='ocrx_word' id='word_1_312' title='bbox 1357 2875 1423 2915; x_wconf 89' lang='lat' dir='ltr'><strong>ex</strong></span> <span class='ocrx_word' id='word_1_313' title='bbox 1465 2867 1685 2923; x_wconf 84' lang='lat' dir='ltr'><strong>senatu,</strong></span> <span class='ocrx_word' id='word_1_314' title='bbox 1721 2858 1816 2929; x_wconf 88' lang='lat' dir='ltr'><strong>qui</strong></span> <span class='ocrx_word' id='word_1_315' title='bbox 1859 2857 1977 2929; x_wconf 88' lang='lat' dir='ltr'><strong>ipse</strong></span> <span class='ocrx_word' id='word_1_316' title='bbox 2017 2873 2239 2929; x_wconf 90' lang='lat' dir='ltr'><strong>quoque</strong></span> <span class='ocrx_word' id='word_1_317' title='bbox 2278 2858 2380 2911; x_wconf 82' lang='lat' dir='ltr'><strong>Za-</strong></span> 
     </span>
    </p>
   </div>
   <div class='ocr_carea' id='block_1_46' title="bbox 789 2949 2377 3015">
    <p class='ocr_par' dir='ltr' id='par_1_46' title="bbox 789 2949 2377 3015">
     <span class='ocr_line' id='line_1_46' title="bbox 789 2949 2377 3015; baseline -0.002 -8"><span class='ocrx_word' id='word_1_318' title='bbox 789 2954 1000 3007; x_wconf 67' lang='lat' dir='ltr'><strong>chaaum</strong></span> <span class='ocrx_word' id='word_1_319' title='bbox 1037 2960 1124 3008; x_wconf 89' lang='lat' dir='ltr'><strong>est</strong></span> <span class='ocrx_word' id='word_1_320' title='bbox 1161 2952 1439 3015; x_wconf 82' lang='lat' dir='ltr'><strong>imitatus.</strong></span> <span class='ocrx_word' id='word_1_321' title='bbox 1476 2967 1601 3007; x_wconf 88' lang='lat' dir='ltr'><strong>cum</strong></span> <span class='ocrx_word' id='word_1_322' title='bbox 1637 2966 1765 3006; x_wconf 91' lang='lat' dir='ltr'><strong>eum</strong></span> <span class='ocrx_word' id='word_1_323' title='bbox 1799 2950 2034 3006; x_wconf 79' lang='lat' dir='ltr'><strong>ferventi</strong></span> <span class='ocrx_word' id='word_1_324' title='bbox 2066 2949 2176 3005; x_wconf 77' lang='lat' dir='ltr'><strong>ﬁde</strong></span> <span class='ocrx_word' id='word_1_325' title='bbox 2210 2950 2377 3004; x_wconf 91' lang='lat' dir='ltr'><strong>domo</strong></span> 
     </span>
    </p>
   </div>
   <div class='ocr_carea' id='block_1_47' title="bbox 793 3043 2378 3114">
    <p class='ocr_par' dir='ltr' id='par_1_47' title="bbox 793 3043 2378 3114">
     <span class='ocr_line' id='line_1_47' title="bbox 793 3043 2378 3114; baseline -0.001 -15"><span class='ocrx_word' id='word_1_326' title='bbox 793 3059 889 3098; x_wconf 87' lang='lat' dir='ltr'><strong>sua</strong></span> <span class='ocrx_word' id='word_1_327' title='bbox 919 3045 1250 3114; x_wconf 89' lang='lat' dir='ltr'><strong>accepisset,</strong></span> <span class='ocrx_word' id='word_1_328' title='bbox 1275 3044 1509 3098; x_wconf 74' lang='lat' dir='ltr'><strong>Zaclueo</strong></span> <span class='ocrx_word' id='word_1_329' title='bbox 1533 3057 1754 3114; x_wconf 90' lang='lat' dir='ltr'><strong>quoque</strong></span> <span class='ocrx_word' id='word_1_330' title='bbox 1779 3043 2018 3098; x_wconf 83' lang='lat' dir='ltr'><strong>similem</strong></span> <span class='ocrx_word' id='word_1_331' title='bbox 2043 3051 2378 3098; x_wconf 83' lang='lat' dir='ltr'><strong>consecutus</strong></span> 
     </span>
    </p>
   </div>
   <div class='ocr_carea' id='block_1_48' title="bbox 675 3133 2378 3205">
    <p class='ocr_par' dir='ltr' id='par_1_48' title="bbox 675 3133 2378 3205">
     <span class='ocr_line' id='line_1_48' title="bbox 675 3133 2378 3205; baseline 0 -15"><span class='ocrx_word' id='word_1_332' title='bbox 675 3149 683 3162; x_wconf 87' lang='grc'><strong>·</strong></span> <span class='ocrx_word' id='word_1_333' title='bbox 792 3136 897 3190; x_wconf 86' lang='lat' dir='ltr'><strong>fuit</strong></span> <span class='ocrx_word' id='word_1_334' title='bbox 939 3137 1405 3193; x_wconf 84' lang='lat' dir='ltr'><strong>benedictionem.</strong></span> <span class='ocrx_word' id='word_1_335' title='bbox 1456 3136 1750 3205; x_wconf 84' lang='lat' dir='ltr'><strong>Postquam</strong></span> <span class='ocrx_word' id='word_1_336' title='bbox 1793 3144 1980 3190; x_wconf 87' lang='lat' dir='ltr'><strong>autem</strong></span> <span class='ocrx_word' id='word_1_337' title='bbox 2019 3133 2124 3190; x_wconf 88' lang='lat' dir='ltr'><strong>fuit</strong></span> <span class='ocrx_word' id='word_1_338' title='bbox 2158 3133 2218 3189; x_wconf 88' lang='lat' dir='ltr'><strong>in</strong></span> <span class='ocrx_word' id='word_1_339' title='bbox 2255 3134 2378 3204; x_wconf 90' lang='lat' dir='ltr'><strong>ipso</strong></span> 
     </span>
    </p>
   </div>
   <div class='ocr_carea' id='block_1_49' title="bbox 2550 2121 4080 2198">
    <p class='ocr_par' dir='ltr' id='par_1_49' title="bbox 2550 2121 4080 2198">
     <span class='ocr_line' id='line_1_49' title="bbox 2550 2121 4080 2198; baseline -0.008 -15"><span class='ocrx_word' id='word_1_340' title='bbox 2550 2129 2682 2184; x_wconf 84' lang='lat' dir='ltr'><strong>MZ&#39;.</strong></span> <span class='ocrx_word' id='word_1_341' title='bbox 2719 2129 2826 2182; x_wconf 90' lang='grc' dir='ltr'>Δύο</span> <span class='ocrx_word' id='word_1_342' title='bbox 2855 2127 2957 2198; x_wconf 79' lang='grc' dir='ltr'>μὲν</span> <span class='ocrx_word' id='word_1_343' title='bbox 3009 2127 3162 2198; x_wconf 82' lang='grc' dir='ltr'>αὐτῷ</span> <span class='ocrx_word' id='word_1_344' title='bbox 3191 2125 3470 2180; x_wconf 88' lang='grc' dir='ltr'>νεανίσκοι</span> <span class='ocrx_word' id='word_1_345' title='bbox 3528 2124 3590 2178; x_wconf 81' lang='grc' dir='ltr'>τὸ</span> <span class='ocrx_word' id='word_1_346' title='bbox 3630 2123 3853 2192; x_wconf 81' lang='grc' dir='ltr'>πρῶτον</span> <span class='ocrx_word' id='word_1_347' title='bbox 3885 2121 4080 2173; x_wconf 86' lang='grc' dir='ltr'>ίῶνται</span> 
     </span>
    </p>
   </div>
   <div class='ocr_carea' id='block_1_50' title="bbox 2474 2211 4082 2291">
    <p class='ocr_par' dir='ltr' id='par_1_50' title="bbox 2474 2211 4082 2291">
     <span class='ocr_line' id='line_1_50' title="bbox 2474 2211 4082 2291; baseline -0.007 -15"><span class='ocrx_word' id='word_1_348' title='bbox 2474 2223 2726 2290; x_wconf 80' lang='grc' dir='ltr'>δαίμοσιν</span> <span class='ocrx_word' id='word_1_349' title='bbox 2755 2221 3140 2291; x_wconf 69' lang='grc' dir='ltr'>ἐνοχλούμενοι</span> <span class='ocrx_word' id='word_1_350' title='bbox 3167 2238 3180 2252; x_wconf 79' lang='grc' dir='ltr'><strong><em>ο</em></strong></span> <span class='ocrx_word' id='word_1_351' title='bbox 3207 2219 3402 2272; x_wconf 75' lang='grc' dir='ltr'>έπειτα</span> <span class='ocrx_word' id='word_1_352' title='bbox 3435 2218 3576 2287; x_wconf 83' lang='grc' dir='ltr'>γυνή</span> <span class='ocrx_word' id='word_1_353' title='bbox 3608 2233 3690 2278; x_wconf 89' lang='grc' dir='ltr'><strong>τις</strong></span> <span class='ocrx_word' id='word_1_354' title='bbox 3720 2214 3862 2284; x_wconf 77' lang='grc' dir='ltr'>άλλη</span> <span class='ocrx_word' id='word_1_355' title='bbox 3893 2211 4082 2267; x_wconf 70' lang='grc' dir='ltr'>Χανα-</span> 
     </span>
    </p>
   </div>
   <div class='ocr_carea' id='block_1_51' title="bbox 2475 2305 4080 2384">
    <p class='ocr_par' dir='ltr' id='par_1_51' title="bbox 2475 2305 4080 2384">
     <span class='ocr_line' id='line_1_51' title="bbox 2475 2305 4080 2384; baseline -0.005 -18"><span class='ocrx_word' id='word_1_356' title='bbox 2475 2315 2602 2368; x_wconf 88' lang='grc' dir='ltr'>ναία</span> <span class='ocrx_word' id='word_1_357' title='bbox 2624 2315 2722 2384; x_wconf 84' lang='grc' dir='ltr'>τὴν</span> <span class='ocrx_word' id='word_1_358' title='bbox 2748 2314 2957 2377; x_wconf 86' lang='grc' dir='ltr'>πίστιν,</span> <span class='ocrx_word' id='word_1_359' title='bbox 2987 2313 3288 2382; x_wconf 84' lang='grc' dir='ltr'>θυγάτριον</span> <span class='ocrx_word' id='word_1_360' title='bbox 3311 2313 3514 2382; x_wconf 70' lang='grc' dir='ltr'>ἔχουσα</span> <span class='ocrx_word' id='word_1_361' title='bbox 3545 2311 3642 2363; x_wconf 71' lang='grc' dir='ltr'>καὶ</span> <span class='ocrx_word' id='word_1_362' title='bbox 3663 2305 3754 2362; x_wconf 72' lang='grc' dir='ltr'>οἷα</span> <span class='ocrx_word' id='word_1_363' title='bbox 3783 2307 4080 2377; x_wconf 80' lang='grc' dir='ltr'>μάρτυρας</span> 
     </span>
    </p>
   </div>
   <div class='ocr_carea' id='block_1_52' title="bbox 2476 2401 4080 2476">
    <p class='ocr_par' dir='ltr' id='par_1_52' title="bbox 2476 2401 4080 2476">
     <span class='ocr_line' id='line_1_52' title="bbox 2476 2401 4080 2476; baseline -0.006 -18"><span class='ocrx_word' id='word_1_364' title='bbox 2476 2408 2575 2476; x_wconf 81' lang='grc' dir='ltr'>τῆς</span> <span class='ocrx_word' id='word_1_365' title='bbox 2603 2406 3049 2476; x_wconf 77' lang='grc' dir='ltr'>φλεγμαινούσης</span> <span class='ocrx_word' id='word_1_366' title='bbox 3099 2405 3280 2475; x_wconf 73' lang='grc' dir='ltr'>ψυχῆς</span> <span class='ocrx_word' id='word_1_367' title='bbox 3339 2403 3409 2457; x_wconf 82' lang='grc' dir='ltr'>τὰ</span> <span class='ocrx_word' id='word_1_368' title='bbox 3437 2402 3549 2456; x_wconf 82' lang='grc' dir='ltr'>τῶν</span> <span class='ocrx_word' id='word_1_369' title='bbox 3594 2401 3898 2469; x_wconf 74' lang='grc' dir='ltr'>ὀφθαλμῶν</span> <span class='ocrx_word' id='word_1_370' title='bbox 3939 2417 4080 2469; x_wconf 76' lang='grc' dir='ltr'>προ-</span> 
     </span>
    </p>
   </div>
   <div class='ocr_carea' id='block_1_53' title="bbox 2477 2493 4077 2568">
    <p class='ocr_par' dir='ltr' id='par_1_53' title="bbox 2477 2493 4077 2568">
     <span class='ocr_line' id='line_1_53' title="bbox 2477 2493 4077 2568; baseline -0.004 -16"><span class='ocrx_word' id='word_1_371' title='bbox 2477 2499 2680 2568; x_wconf 84' lang='grc' dir='ltr'>χέουσα</span> <span class='ocrx_word' id='word_1_372' title='bbox 2696 2498 2928 2567; x_wconf 76' lang='grc' dir='ltr'>δάκρυα,</span> <span class='ocrx_word' id='word_1_373' title='bbox 2950 2498 3046 2550; x_wconf 77' lang='grc' dir='ltr'>καὶ</span> <span class='ocrx_word' id='word_1_374' title='bbox 3070 2498 3138 2550; x_wconf 78' lang='grc' dir='ltr'>δι’</span> <span class='ocrx_word' id='word_1_375' title='bbox 3157 2496 3338 2550; x_wconf 82' lang='grc' dir='ltr'>αὐτῶν</span> <span class='ocrx_word' id='word_1_376' title='bbox 3362 2494 3605 2567; x_wconf 73' lang='grc' dir='ltr'>ζητοῦσα</span> <span class='ocrx_word' id='word_1_377' title='bbox 3620 2495 3721 2563; x_wconf 73' lang='grc' dir='ltr'>τὴν</span> <span class='ocrx_word' id='word_1_378' title='bbox 3743 2493 4077 2564; x_wconf 75' lang='grc' dir='ltr'>θεραπείαν,</span> 
     </span>
    </p>
   </div>
   <div class='ocr_carea' id='block_1_54' title="bbox 2477 2585 4080 2662">
    <p class='ocr_par' dir='ltr' id='par_1_54' title="bbox 2477 2585 4080 2662">
     <span class='ocr_line' id='line_1_54' title="bbox 2477 2585 4080 2662; baseline 0.003 -19"><span class='ocrx_word' id='word_1_379' title='bbox 2477 2593 2610 2660; x_wconf 79' lang='grc' dir='ltr'><strong>ὑγιᾶ</strong></span> <span class='ocrx_word' id='word_1_380' title='bbox 2649 2594 2750 2661; x_wconf 66' lang='grc' dir='ltr'>μιν</span> <span class='ocrx_word' id='word_1_381' title='bbox 2785 2591 2887 2662; x_wconf 80' lang='grc' dir='ltr'>τὴν</span> <span class='ocrx_word' id='word_1_382' title='bbox 2923 2591 3090 2644; x_wconf 87' lang='grc' dir='ltr'>παῖδα</span> <span class='ocrx_word' id='word_1_383' title='bbox 3115 2588 3410 2660; x_wconf 74' lang='grc' dir='ltr'>λαμϐάνει,</span> <span class='ocrx_word' id='word_1_384' title='bbox 3443 2588 3623 2659; x_wconf 81' lang='grc' dir='ltr'>χαρὰν</span> <span class='ocrx_word' id='word_1_385' title='bbox 3660 2587 3717 2639; x_wconf 79' lang='grc' dir='ltr'>δι</span> <span class='ocrx_word' id='word_1_386' title='bbox 3744 2588 3872 2640; x_wconf 75' lang='grc' dir='ltr'>ἀντὶ</span> <span class='ocrx_word' id='word_1_387' title='bbox 3895 2585 4080 2654; x_wconf 73' lang='grc' dir='ltr'>λύπης</span> 
     </span>
    </p>
   </div>
   <div class='ocr_carea' id='block_1_55' title="bbox 2479 2678 4081 2755">
    <p class='ocr_par' dir='ltr' id='par_1_55' title="bbox 2479 2678 4081 2755">
     <span class='ocr_line' id='line_1_55' title="bbox 2479 2678 4081 2755; baseline -0.007 -15"><span class='ocrx_word' id='word_1_388' title='bbox 2479 2685 2827 2755; x_wconf 68' lang='grc' dir='ltr'>κομισαμένη</span> <span class='ocrx_word' id='word_1_389' title='bbox 2849 2683 3034 2738; x_wconf 75' lang='grc' dir='ltr'>οἴκαδε</span> <span class='ocrx_word' id='word_1_390' title='bbox 3064 2682 3314 2754; x_wconf 75' lang='grc' dir='ltr'>ἐπανῄει.</span> <span class='ocrx_word' id='word_1_391' title='bbox 3344 2678 3482 2735; x_wconf 83' lang='grc' dir='ltr'>Εἶτα</span> <span class='ocrx_word' id='word_1_392' title='bbox 3505 2680 3600 2734; x_wconf 81' lang='grc' dir='ltr'>καὶ</span> <span class='ocrx_word' id='word_1_393' title='bbox 3623 2679 3712 2733; x_wconf 77' lang='grc' dir='ltr'>διὰ</span> <span class='ocrx_word' id='word_1_394' title='bbox 3735 2679 3839 2748; x_wconf 82' lang='grc' dir='ltr'>τῆς</span> <span class='ocrx_word' id='word_1_395' title='bbox 3863 2679 4081 2741; x_wconf 84' lang='grc' dir='ltr'>πόλεως</span> 
     </span>
    </p>
   </div>
   <div class='ocr_carea' id='block_1_56' title="bbox 2483 2773 4085 2852">
    <p class='ocr_par' dir='ltr' id='par_1_56' title="bbox 2483 2773 4085 2852">
     <span class='ocr_line' id='line_1_56' title="bbox 2483 2773 4085 2852; baseline -0.006 -20"><span class='ocrx_word' id='word_1_396' title='bbox 2483 2781 2654 2852; x_wconf 80' lang='grc' dir='ltr'>μέσης</span> <span class='ocrx_word' id='word_1_397' title='bbox 2683 2779 2761 2848; x_wconf 82' lang='grc' dir='ltr'><strong>τῷ</strong></span> <span class='ocrx_word' id='word_1_398' title='bbox 2796 2777 2930 2848; x_wconf 85' lang='grc' dir='ltr'>όσίῳ</span> <span class='ocrx_word' id='word_1_399' title='bbox 2958 2776 3230 2848; x_wconf 82' lang='grc' dir='ltr'>χωροῦντι</span> <span class='ocrx_word' id='word_1_400' title='bbox 3263 2775 3371 2828; x_wconf 86' lang='grc' dir='ltr'><strong>τῶν</strong></span> <span class='ocrx_word' id='word_1_401' title='bbox 3400 2775 3502 2844; x_wconf 85' lang='grc' dir='ltr'>τῆς</span> <span class='ocrx_word' id='word_1_402' title='bbox 3530 2773 3730 2844; x_wconf 81' lang='grc' dir='ltr'>βουλῆς</span> <span class='ocrx_word' id='word_1_403' title='bbox 3755 2789 3843 2835; x_wconf 82' lang='grc' dir='ltr'><strong>τις</strong></span> <span class='ocrx_word' id='word_1_404' title='bbox 3875 2788 4085 2837; x_wconf 83' lang='grc' dir='ltr'>πατρι-</span> 
     </span>
    </p>
   </div>
   <div class='ocr_carea' id='block_1_57' title="bbox 2480 2861 4084 2939">
    <p class='ocr_par' dir='ltr' id='par_1_57' title="bbox 2480 2861 4084 2939">
     <span class='ocr_line' id='line_1_57' title="bbox 2480 2861 4084 2939; baseline -0.006 -16"><span class='ocrx_word' id='word_1_405' title='bbox 2480 2871 2615 2924; x_wconf 90' lang='grc' dir='ltr'>κίων</span> <span class='ocrx_word' id='word_1_406' title='bbox 2647 2869 2717 2923; x_wconf 78' lang='grc' dir='ltr'>τὰ</span> <span class='ocrx_word' id='word_1_407' title='bbox 2766 2867 3044 2939; x_wconf 70' lang='grc' dir='ltr'>Ζακχαίου</span> <span class='ocrx_word' id='word_1_408' title='bbox 3083 2865 3178 2920; x_wconf 75' lang='grc' dir='ltr'>καὶ</span> <span class='ocrx_word' id='word_1_409' title='bbox 3219 2863 3387 2928; x_wconf 76' lang='grc' dir='ltr'>αὐτὸς</span> <span class='ocrx_word' id='word_1_410' title='bbox 3445 2863 3837 2934; x_wconf 81' lang='grc' dir='ltr'>μιμησάμενος</span> <span class='ocrx_word' id='word_1_411' title='bbox 3870 2863 3971 2914; x_wconf 81' lang='grc' dir='ltr'>καὶ</span> <span class='ocrx_word' id='word_1_412' title='bbox 4005 2861 4084 2929; x_wconf 81' lang='grc' dir='ltr'>τῷ</span> 
     </span>
    </p>
   </div>
   <div class='ocr_carea' id='block_1_58' title="bbox 2484 2953 4082 3032">
    <p class='ocr_par' dir='ltr' id='par_1_58' title="bbox 2484 2953 4082 3032">
     <span class='ocr_line' id='line_1_58' title="bbox 2484 2953 4082 3032; baseline -0.007 -16"><span class='ocrx_word' id='word_1_413' title='bbox 2484 2963 2601 3032; x_wconf 84' lang='grc' dir='ltr'>ἰδίῳ</span> <span class='ocrx_word' id='word_1_414' title='bbox 2633 2963 2769 3032; x_wconf 83' lang='grc' dir='ltr'>οίκφ</span> <span class='ocrx_word' id='word_1_415' title='bbox 2802 2960 2946 3014; x_wconf 77' lang='grc' dir='ltr'>κατὰ</span> <span class='ocrx_word' id='word_1_416' title='bbox 2979 2957 3194 3030; x_wconf 81' lang='grc' dir='ltr'>θερμὴν</span> <span class='ocrx_word' id='word_1_417' title='bbox 3231 2957 3332 3028; x_wconf 74' lang='grc' dir='ltr'><strong>τὴν</strong></span> <span class='ocrx_word' id='word_1_418' title='bbox 3365 2955 3552 3009; x_wconf 77' lang='grc' dir='ltr'>πίστιν</span> <span class='ocrx_word' id='word_1_419' title='bbox 3604 2953 4082 3022; x_wconf 81' lang='grc' dir='ltr'>είσοικισάμενος,</span> 
     </span>
    </p>
   </div>
   <div class='ocr_carea' id='block_1_59' title="bbox 2480 3047 4084 3125">
    <p class='ocr_par' dir='ltr' id='par_1_59' title="bbox 2480 3047 4084 3125">
     <span class='ocr_line' id='line_1_59' title="bbox 2480 3047 4084 3125; baseline -0.006 -16"><span class='ocrx_word' id='word_1_420' title='bbox 2480 3056 2577 3125; x_wconf 79' lang='grc' dir='ltr'>τῆς</span> <span class='ocrx_word' id='word_1_421' title='bbox 2601 3055 2796 3125; x_wconf 79' lang='grc' dir='ltr'>ὁμοίας</span> <span class='ocrx_word' id='word_1_422' title='bbox 2824 3053 3016 3125; x_wconf 66' lang='grc' dir='ltr'>ἔτυχεν</span> <span class='ocrx_word' id='word_1_423' title='bbox 3036 3052 3312 3121; x_wconf 80' lang='grc' dir='ltr'>εὐλογίας.</span> <span class='ocrx_word' id='word_1_424' title='bbox 3351 3049 3508 3104; x_wconf 72' lang='grc' dir='ltr'>Ἐπεὶ</span> <span class='ocrx_word' id='word_1_425' title='bbox 3535 3050 3591 3103; x_wconf 69' lang='grc' dir='ltr'>δὲ</span> <span class='ocrx_word' id='word_1_426' title='bbox 3625 3049 3717 3102; x_wconf 77' lang='grc' dir='ltr'>καὶ</span> <span class='ocrx_word' id='word_1_427' title='bbox 3748 3048 3890 3116; x_wconf 78' lang='grc' dir='ltr'>πρὸς</span> <span class='ocrx_word' id='word_1_428' title='bbox 3926 3047 4084 3116; x_wconf 79' lang='grc' dir='ltr'><strong>αὺτῷ</strong></span> 
     </span>
    </p>
   </div>
   <div class='ocr_carea' id='block_1_60' title="bbox 2480 3138 4079 3219">
    <p class='ocr_par' dir='ltr' id='par_1_60' title="bbox 2480 3138 4079 3219">
     <span class='ocr_line' id='line_1_60' title="bbox 2480 3138 4079 3219; baseline -0.007 -17"><span class='ocrx_word' id='word_1_429' title='bbox 2480 3151 2583 3219; x_wconf 65' lang='grc' dir='ltr'>ἤδη</span> <span class='ocrx_word' id='word_1_430' title='bbox 2615 3147 2693 3219; x_wconf 82' lang='grc' dir='ltr'>τῷ</span> <span class='ocrx_word' id='word_1_431' title='bbox 2721 3148 2961 3219; x_wconf 83' lang='grc' dir='ltr'>μεγίστῳ</span> <span class='ocrx_word' id='word_1_432' title='bbox 2983 3144 3079 3198; x_wconf 87' lang='grc' dir='ltr'><strong>τοῦ</strong></span> <span class='ocrx_word' id='word_1_433' title='bbox 3103 3143 3242 3198; x_wconf 83' lang='grc' dir='ltr'>Θεοῦ</span> <span class='ocrx_word' id='word_1_434' title='bbox 3268 3143 3383 3216; x_wconf 88' lang='grc' dir='ltr'>ναῷ</span> <span class='ocrx_word' id='word_1_435' title='bbox 3413 3138 3505 3214; x_wconf 75' lang='grc' dir='ltr'>ἦν,</span> <span class='ocrx_word' id='word_1_436' title='bbox 3530 3140 3727 3211; x_wconf 80' lang='grc' dir='ltr'>καὶτῷ</span> <span class='ocrx_word' id='word_1_437' title='bbox 3750 3141 4079 3209; x_wconf 73' lang='grc' dir='ltr'>πατριάρχῃ</span> 
     </span>
    </p>
   </div>
   <div class='ocr_carea' id='block_1_61' title="bbox 792 3224 2375 3321">
    <p class='ocr_par' dir='ltr' id='par_1_61' title="bbox 792 3224 2375 3298">
     <span class='ocr_line' id='line_1_61' title="bbox 792 3224 2375 3298; baseline -0.002 -15"><span class='ocrx_word' id='word_1_438' title='bbox 792 3229 1032 3283; x_wconf 85' lang='lat' dir='ltr'><strong>maximo</strong></span> <span class='ocrx_word' id='word_1_439' title='bbox 1081 3229 1175 3283; x_wconf 84' lang='lat' dir='ltr'><strong>Dei</strong></span> <span class='ocrx_word' id='word_1_440' title='bbox 1225 3228 1452 3298; x_wconf 83' lang='lat' dir='ltr'><strong>templo,</strong></span> <span class='ocrx_word' id='word_1_441' title='bbox 1497 3236 1554 3282; x_wconf 83' lang='lat' dir='ltr'><strong>et</strong></span> <span class='ocrx_word' id='word_1_442' title='bbox 1599 3227 1765 3282; x_wconf 87' lang='lat' dir='ltr'><strong>simul</strong></span> <span class='ocrx_word' id='word_1_443' title='bbox 1807 3235 2058 3282; x_wconf 83' lang='lat' dir='ltr'><strong>versatus</strong></span> <span class='ocrx_word' id='word_1_444' title='bbox 2101 3224 2209 3280; x_wconf 93' lang='lat' dir='ltr'><strong>fuit</strong></span> <span class='ocrx_word' id='word_1_445' title='bbox 2249 3241 2375 3281; x_wconf 82' lang='lat' dir='ltr'><strong>rum</strong></span> 
     </span>
    </p>
   </div>
   <div class='ocr_carea' id='block_1_62' title="bbox 2476 3224 4080 3321">
    <p class='ocr_par' dir='ltr' id='par_1_62' title="bbox 2486 3227 4080 3316">
     <span class='ocr_line' id='line_1_62' title="bbox 2486 3227 4080 3316; baseline -0.009 -22"><span class='ocrx_word' id='word_1_446' title='bbox 2486 3241 2656 3311; x_wconf 80' lang='grc' dir='ltr'>συνῆν</span> <span class='ocrx_word' id='word_1_447' title='bbox 2680 3240 2818 3311; x_wconf 87' lang='grc' dir='ltr'>μετὰ</span> <span class='ocrx_word' id='word_1_448' title='bbox 2849 3237 3051 3306; x_wconf 82' lang='grc' dir='ltr'>πολλῆς</span> <span class='ocrx_word' id='word_1_449' title='bbox 3079 3236 3245 3289; x_wconf 78' lang='grc' dir='ltr'>αὐτὸν</span> <span class='ocrx_word' id='word_1_450' title='bbox 3268 3235 3553 3316; x_wconf 78' lang='grc' dir='ltr'>δεξαμένῳ</span> <span class='ocrx_word' id='word_1_451' title='bbox 3578 3233 3680 3302; x_wconf 85' lang='grc' dir='ltr'>τῆς</span> <span class='ocrx_word' id='word_1_452' title='bbox 3711 3230 3910 3303; x_wconf 73' lang='grc' dir='ltr'>ᾑδονῆς</span> <span class='ocrx_word' id='word_1_453' title='bbox 3939 3227 4080 3298; x_wconf 70' lang='grc' dir='ltr'>ὁμοῦ</span> 
     </span>
    </p>
   </div>
   <div class='ocr_carea' id='block_1_63' title="bbox 790 3319 2375 3392">
    <p class='ocr_par' dir='ltr' id='par_1_63' title="bbox 790 3319 2375 3392">
     <span class='ocr_line' id='line_1_63' title="bbox 790 3319 2375 3392; baseline -0.001 -16"><span class='ocrx_word' id='word_1_454' title='bbox 790 3323 1122 3392; x_wconf 84' lang='lat' dir='ltr'><strong>patriarcha,</strong></span> <span class='ocrx_word' id='word_1_455' title='bbox 1154 3323 1248 3392; x_wconf 87' lang='lat' dir='ltr'><strong>qui</strong></span> <span class='ocrx_word' id='word_1_456' title='bbox 1276 3322 1456 3390; x_wconf 90' lang='lat' dir='ltr'><strong>ipsum</strong></span> <span class='ocrx_word' id='word_1_457' title='bbox 1486 3334 1612 3375; x_wconf 88' lang='lat' dir='ltr'><strong>cum</strong></span> <span class='ocrx_word' id='word_1_458' title='bbox 1645 3334 1840 3392; x_wconf 75' lang='lat' dir='ltr'><strong>magna</strong></span> <span class='ocrx_word' id='word_1_459' title='bbox 1870 3319 2034 3375; x_wconf 81' lang='lat' dir='ltr'><strong>simul</strong></span> <span class='ocrx_word' id='word_1_460' title='bbox 2062 3319 2250 3374; x_wconf 63' lang='lat' dir='ltr'><strong>latitia</strong></span> <span class='ocrx_word' id='word_1_461' title='bbox 2283 3335 2375 3375; x_wconf 88' lang='lat' dir='ltr'><strong>ac-</strong></span> 
     </span>
    </p>
   </div>
   <div class='ocr_carea' id='block_1_64' title="bbox 790 3410 2376 3483">
    <p class='ocr_par' dir='ltr' id='par_1_64' title="bbox 790 3410 2376 3483">
     <span class='ocr_line' id='line_1_64' title="bbox 790 3410 2376 3483; baseline -0.003 -15"><span class='ocrx_word' id='word_1_462' title='bbox 790 3415 938 3483; x_wconf 84' lang='lat' dir='ltr'><strong>cepit</strong></span> <span class='ocrx_word' id='word_1_463' title='bbox 979 3422 1037 3467; x_wconf 88' lang='lat' dir='ltr'><strong>et</strong></span> <span class='ocrx_word' id='word_1_464' title='bbox 1084 3414 1328 3476; x_wconf 85' lang='lat' dir='ltr'><strong>honore,</strong></span> <span class='ocrx_word' id='word_1_465' title='bbox 1371 3412 1460 3466; x_wconf 86' lang='lat' dir='ltr'><strong>hic</strong></span> <span class='ocrx_word' id='word_1_466' title='bbox 1501 3425 1722 3482; x_wconf 86' lang='lat' dir='ltr'><strong>quoque</strong></span> <span class='ocrx_word' id='word_1_467' title='bbox 1765 3410 1890 3466; x_wconf 89' lang='lat' dir='ltr'><strong>aliis</strong></span> <span class='ocrx_word' id='word_1_468' title='bbox 1929 3410 2154 3480; x_wconf 87' lang='lat' dir='ltr'><strong>quidem</strong></span> <span class='ocrx_word' id='word_1_469' title='bbox 2200 3427 2376 3474; x_wconf 89' lang='lat' dir='ltr'><strong>nova,</strong></span> 
     </span>
    </p>
   </div>
   <div class='ocr_carea' id='block_1_65' title="bbox 792 3503 2379 3574">
    <p class='ocr_par' dir='ltr' id='par_1_65' title="bbox 792 3503 2379 3574">
     <span class='ocr_line' id='line_1_65' title="bbox 792 3503 2379 3574; baseline -0.003 -10"><span class='ocrx_word' id='word_1_470' title='bbox 792 3509 900 3565; x_wconf 89' lang='lat' dir='ltr'><strong>sibi</strong></span> <span class='ocrx_word' id='word_1_471' title='bbox 941 3523 1073 3562; x_wconf 89' lang='lat' dir='ltr'><strong>vero</strong></span> <span class='ocrx_word' id='word_1_472' title='bbox 1118 3507 1280 3562; x_wconf 89' lang='lat' dir='ltr'><strong>solita</strong></span> <span class='ocrx_word' id='word_1_473' title='bbox 1320 3505 1454 3561; x_wconf 81' lang='lat' dir='ltr'><strong>facit</strong></span> <span class='ocrx_word' id='word_1_474' title='bbox 1496 3505 1781 3560; x_wconf 87' lang='lat' dir='ltr'><strong>miracula.</strong></span> <span class='ocrx_word' id='word_1_475' title='bbox 1827 3503 2092 3574; x_wconf 85' lang='lat' dir='ltr'><strong>Serpens,</strong></span> <span class='ocrx_word' id='word_1_476' title='bbox 2131 3504 2226 3574; x_wconf 90' lang='lat' dir='ltr'><strong>qui</strong></span> <span class='ocrx_word' id='word_1_477' title='bbox 2275 3504 2379 3559; x_wconf 83' lang='lat' dir='ltr'><strong>ali-</strong></span> 
     </span>
    </p>
   </div>
   <div class='ocr_carea' id='block_1_66' title="bbox 791 3597 2382 3670">
    <p class='ocr_par' dir='ltr' id='par_1_66' title="bbox 791 3597 2382 3670">
     <span class='ocr_line' id='line_1_66' title="bbox 791 3597 2382 3670; baseline -0.002 -15"><span class='ocrx_word' id='word_1_478' title='bbox 791 3601 971 3656; x_wconf 90' lang='lat' dir='ltr'><strong>cunde</strong></span> <span class='ocrx_word' id='word_1_479' title='bbox 1013 3607 1401 3670; x_wconf 87' lang='lat' dir='ltr'><strong>prorepserat,</strong></span> <span class='ocrx_word' id='word_1_480' title='bbox 1440 3609 1495 3652; x_wconf 89' lang='lat' dir='ltr'><strong>et</strong></span> <span class='ocrx_word' id='word_1_481' title='bbox 1536 3614 1594 3653; x_wconf 81' lang='lat' dir='ltr'><strong>sa</strong></span> <span class='ocrx_word' id='word_1_482' title='bbox 1636 3598 1817 3669; x_wconf 86' lang='lat' dir='ltr'><strong>magni</strong></span> <span class='ocrx_word' id='word_1_483' title='bbox 1863 3597 2109 3651; x_wconf 87' lang='lat' dir='ltr'><strong>Danielis</strong></span> <span class='ocrx_word' id='word_1_484' title='bbox 2147 3597 2382 3667; x_wconf 85' lang='lat' dir='ltr'><strong>pedibus</strong></span> 
     </span>
    </p>
   </div>
   <div class='ocr_carea' id='block_1_67' title="bbox 792 3686 2378 3761">
    <p class='ocr_par' dir='ltr' id='par_1_67' title="bbox 792 3686 2378 3761">
     <span class='ocr_line' id='line_1_67' title="bbox 792 3686 2378 3761; baseline -0.003 -17"><span class='ocrx_word' id='word_1_485' title='bbox 792 3707 892 3761; x_wconf 90' lang='lat' dir='ltr'><strong>per</strong></span> <span class='ocrx_word' id='word_1_486' title='bbox 925 3689 1102 3758; x_wconf 80' lang='lat' dir='ltr'><strong>spiras</strong></span> <span class='ocrx_word' id='word_1_487' title='bbox 1138 3687 1484 3754; x_wconf 83' lang='lat' dir='ltr'><strong>involverat,</strong></span> <span class='ocrx_word' id='word_1_488' title='bbox 1520 3697 1634 3742; x_wconf 88' lang='lat' dir='ltr'><strong>erat</strong></span> <span class='ocrx_word' id='word_1_489' title='bbox 1678 3686 1924 3742; x_wconf 86' lang='lat' dir='ltr'><strong>terribile</strong></span> <span class='ocrx_word' id='word_1_490' title='bbox 1964 3687 2378 3756; x_wconf 86' lang='lat' dir='ltr'><strong>spectaculum;</strong></span> 
     </span>
    </p>
   </div>
   <div class='ocr_carea' id='block_1_68' title="bbox 791 3779 2382 3848">
    <p class='ocr_par' dir='ltr' id='par_1_68' title="bbox 791 3779 2382 3848">
     <span class='ocr_line' id='line_1_68' title="bbox 791 3779 2382 3848; baseline -0.003 -11"><span class='ocrx_word' id='word_1_491' title='bbox 791 3792 849 3837; x_wconf 90' lang='lat' dir='ltr'><strong>et</strong></span> <span class='ocrx_word' id='word_1_492' title='bbox 881 3797 1006 3837; x_wconf 86' lang='lat' dir='ltr'><strong>cum</strong></span> <span class='ocrx_word' id='word_1_493' title='bbox 1043 3781 1108 3834; x_wconf 88' lang='lat' dir='ltr'><strong>ad</strong></span> <span class='ocrx_word' id='word_1_494' title='bbox 1143 3795 1269 3835; x_wconf 89' lang='lat' dir='ltr'><strong>eum</strong></span> <span class='ocrx_word' id='word_1_495' title='bbox 1305 3779 1738 3842; x_wconf 84' lang='lat' dir='ltr'><strong>defendendum.</strong></span> <span class='ocrx_word' id='word_1_496' title='bbox 1773 3780 1865 3848; x_wconf 88' lang='lat' dir='ltr'><strong>qui</strong></span> <span class='ocrx_word' id='word_1_497' title='bbox 1899 3779 2152 3843; x_wconf 86' lang='lat' dir='ltr'><strong>aderant,</strong></span> <span class='ocrx_word' id='word_1_498' title='bbox 2184 3794 2382 3835; x_wconf 90' lang='lat' dir='ltr'><strong>accur-</strong></span> 
     </span>
    </p>
   </div>
   <div class='ocr_carea' id='block_1_69' title="bbox 795 3869 2381 3941">
    <p class='ocr_par' dir='ltr' id='par_1_69' title="bbox 795 3869 2381 3941">
     <span class='ocr_line' id='line_1_69' title="bbox 795 3869 2381 3941; baseline 0 -15"><span class='ocrx_word' id='word_1_499' title='bbox 795 3874 1028 3936; x_wconf 89' lang='lat' dir='ltr'><strong>rissent,</strong></span> <span class='ocrx_word' id='word_1_500' title='bbox 1080 3871 1204 3925; x_wconf 89' lang='lat' dir='ltr'><strong>illos</strong></span> <span class='ocrx_word' id='word_1_501' title='bbox 1251 3871 1475 3940; x_wconf 85' lang='lat' dir='ltr'><strong>quidem</strong></span> <span class='ocrx_word' id='word_1_502' title='bbox 1524 3870 1811 3924; x_wconf 79' lang='lat' dir='ltr'><strong>insimulat</strong></span> <span class='ocrx_word' id='word_1_503' title='bbox 1863 3869 2210 3938; x_wconf 86' lang='lat' dir='ltr'><strong>timiditatis;</strong></span> <span class='ocrx_word' id='word_1_504' title='bbox 2262 3871 2381 3941; x_wconf 86' lang='lat' dir='ltr'><strong>ipse</strong></span> 
     </span>
    </p>
   </div>
   <div class='ocr_carea' id='block_1_70' title="bbox 795 3961 2383 4032">
    <p class='ocr_par' dir='ltr' id='par_1_70' title="bbox 795 3961 2383 4032">
     <span class='ocr_line' id='line_1_70' title="bbox 795 3961 2383 4032; baseline 0 -15"><span class='ocrx_word' id='word_1_505' title='bbox 795 3973 980 4018; x_wconf 89' lang='lat' dir='ltr'><strong>autem</strong></span> <span class='ocrx_word' id='word_1_506' title='bbox 1015 3962 1260 4032; x_wconf 78' lang='lat' dir='ltr'><strong>serpenti</strong></span> <span class='ocrx_word' id='word_1_507' title='bbox 1295 3962 1559 4016; x_wconf 81' lang='lat' dir='ltr'><strong>audacter</strong></span> <span class='ocrx_word' id='word_1_508' title='bbox 1590 3977 1655 4016; x_wconf 91' lang='lat' dir='ltr'><strong>ac</strong></span> <span class='ocrx_word' id='word_1_509' title='bbox 1689 3961 1924 4016; x_wconf 79' lang='lat' dir='ltr'><strong>ﬁdenter</strong></span> <span class='ocrx_word' id='word_1_510' title='bbox 1954 3963 2218 4027; x_wconf 88' lang='lat' dir='ltr'><strong>minatus,</strong></span> <span class='ocrx_word' id='word_1_511' title='bbox 2252 3977 2383 4017; x_wconf 89' lang='lat' dir='ltr'><strong>cum</strong></span> 
     </span>
    </p>
   </div>
   <div class='ocr_carea' id='block_1_71' title="bbox 795 4052 2383 4122">
    <p class='ocr_par' dir='ltr' id='par_1_71' title="bbox 795 4052 2383 4122">
     <span class='ocr_line' id='line_1_71' title="bbox 795 4052 2383 4122; baseline -0.001 -14"><span class='ocrx_word' id='word_1_512' title='bbox 795 4053 847 4108; x_wconf 93' lang='lat' dir='ltr'><strong>ei</strong></span> <span class='ocrx_word' id='word_1_513' title='bbox 897 4061 1160 4122; x_wconf 88' lang='lat' dir='ltr'><strong>tanquam</strong></span> <span class='ocrx_word' id='word_1_514' title='bbox 1227 4052 1482 4107; x_wconf 84' lang='lat' dir='ltr'><strong>ministro</strong></span> <span class='ocrx_word' id='word_1_515' title='bbox 1529 4067 1724 4120; x_wconf 82' lang='lat' dir='ltr'><strong>magna</strong></span> <span class='ocrx_word' id='word_1_516' title='bbox 1771 4053 2096 4122; x_wconf 88' lang='lat' dir='ltr'><strong>imperasset</strong></span> <span class='ocrx_word' id='word_1_517' title='bbox 2143 4052 2383 4108; x_wconf 87' lang='lat' dir='ltr'><strong>auctori-</strong></span> 
     </span>
    </p>
   </div>
   <div class='ocr_carea' id='block_1_72' title="bbox 798 4144 2386 4216">
    <p class='ocr_par' dir='ltr' id='par_1_72' title="bbox 798 4144 2386 4216">
     <span class='ocr_line' id='line_1_72' title="bbox 798 4144 2386 4216; baseline 0.001 -16"><span class='ocrx_word' id='word_1_518' title='bbox 798 4153 909 4200; x_wconf 81' lang='lat' dir='ltr'><strong>tate</strong></span> <span class='ocrx_word' id='word_1_519' title='bbox 941 4164 957 4200; x_wconf 82' lang='lat'><strong>:</strong></span> <span class='ocrx_word' id='word_1_520' title='bbox 984 4145 1158 4212; x_wconf 79' lang='lat' dir='ltr'><strong>Vade,</strong></span> <span class='ocrx_word' id='word_1_521' title='bbox 1193 4145 1394 4214; x_wconf 91' lang='lat' dir='ltr'><strong>inquit,</strong></span> <span class='ocrx_word' id='word_1_522' title='bbox 1428 4156 1484 4199; x_wconf 89' lang='lat' dir='ltr'><strong>et</strong></span> <span class='ocrx_word' id='word_1_523' title='bbox 1510 4153 1636 4198; x_wconf 84' lang='lat' dir='ltr'><strong>tuas</strong></span> <span class='ocrx_word' id='word_1_524' title='bbox 1665 4144 1905 4200; x_wconf 87' lang='lat' dir='ltr'><strong>latebras</strong></span> <span class='ocrx_word' id='word_1_525' title='bbox 1934 4151 2143 4216; x_wconf 87' lang='lat' dir='ltr'><strong>repete,</strong></span> <span class='ocrx_word' id='word_1_526' title='bbox 2174 4153 2228 4200; x_wconf 82' lang='lat' dir='ltr'><strong>et</strong></span> <span class='ocrx_word' id='word_1_527' title='bbox 2259 4162 2386 4215; x_wconf 82' lang='lat' dir='ltr'><strong>spe-</strong></span> 
     </span>
    </p>
   </div>
   <div class='ocr_carea' id='block_1_73' title="bbox 796 4236 2386 4308">
    <p class='ocr_par' dir='ltr' id='par_1_73' title="bbox 796 4236 2386 4308">
     <span class='ocr_line' id='line_1_73' title="bbox 796 4236 2386 4308; baseline -0.001 -15"><span class='ocrx_word' id='word_1_528' title='bbox 796 4254 898 4293; x_wconf 90' lang='lat' dir='ltr'><strong>cus</strong></span> <span class='ocrx_word' id='word_1_529' title='bbox 925 4237 1337 4293; x_wconf 87' lang='lat' dir='ltr'><strong>subterraneos.</strong></span> <span class='ocrx_word' id='word_1_530' title='bbox 1369 4236 1464 4292; x_wconf 91' lang='lat' dir='ltr'><strong>llle</strong></span> <span class='ocrx_word' id='word_1_531' title='bbox 1492 4251 1624 4291; x_wconf 87' lang='lat' dir='ltr'><strong>vero</strong></span> <span class='ocrx_word' id='word_1_532' title='bbox 1652 4237 1881 4305; x_wconf 89' lang='lat' dir='ltr'><strong>perinde</strong></span> <span class='ocrx_word' id='word_1_533' title='bbox 1909 4246 1969 4291; x_wconf 90' lang='lat' dir='ltr'><strong>ut</strong></span> <span class='ocrx_word' id='word_1_534' title='bbox 1996 4237 2088 4307; x_wconf 91' lang='lat' dir='ltr'><strong>qui</strong></span> <span class='ocrx_word' id='word_1_535' title='bbox 2119 4253 2228 4293; x_wconf 91' lang='lat' dir='ltr'><strong>non</strong></span> <span class='ocrx_word' id='word_1_536' title='bbox 2257 4251 2386 4308; x_wconf 84' lang='lat' dir='ltr'><strong>pos-</strong></span> 
     </span>
    </p>
   </div>
   <div class='ocr_carea' id='block_1_74' title="bbox 799 4329 2386 4400">
    <p class='ocr_par' dir='ltr' id='par_1_74' title="bbox 799 4329 2386 4400">
     <span class='ocr_line' id='line_1_74' title="bbox 799 4329 2386 4400; baseline 0 -15"><span class='ocrx_word' id='word_1_537' title='bbox 799 4340 885 4385; x_wconf 83' lang='lat' dir='ltr'><strong>set</strong></span> <span class='ocrx_word' id='word_1_538' title='bbox 913 4329 1327 4393; x_wconf 80' lang='lat' dir='ltr'><strong>contradicere,</strong></span> <span class='ocrx_word' id='word_1_539' title='bbox 1370 4332 1557 4384; x_wconf 85' lang='lat' dir='ltr'><strong>statim</strong></span> <span class='ocrx_word' id='word_1_540' title='bbox 1602 4329 1738 4396; x_wconf 85' lang='lat' dir='ltr'><strong>repit</strong></span> <span class='ocrx_word' id='word_1_541' title='bbox 1780 4330 1845 4382; x_wconf 86' lang='lat' dir='ltr'><strong>ad</strong></span> <span class='ocrx_word' id='word_1_542' title='bbox 1890 4331 2192 4400; x_wconf 85' lang='lat' dir='ltr'><strong>parietem,</strong></span> <span class='ocrx_word' id='word_1_543' title='bbox 2231 4338 2288 4385; x_wconf 90' lang='lat' dir='ltr'><strong>et</strong></span> <span class='ocrx_word' id='word_1_544' title='bbox 2330 4329 2386 4385; x_wconf 90' lang='lat' dir='ltr'><strong>in</strong></span> 
     </span>
    </p>
   </div>
   <div class='ocr_carea' id='block_1_75' title="bbox 800 4419 1803 4489">
    <p class='ocr_par' dir='ltr' id='par_1_75' title="bbox 800 4419 1803 4489">
     <span class='ocr_line' id='line_1_75' title="bbox 800 4419 1803 4489; baseline 0 -14"><span class='ocrx_word' id='word_1_545' title='bbox 800 4429 1102 4489; x_wconf 84' lang='lat' dir='ltr'><strong>conspectu</strong></span> <span class='ocrx_word' id='word_1_546' title='bbox 1139 4421 1388 4474; x_wconf 91' lang='lat' dir='ltr'><strong>omnium</strong></span> <span class='ocrx_word' id='word_1_547' title='bbox 1419 4419 1803 4489; x_wconf 86' lang='lat' dir='ltr'><strong>disrumpitur.</strong></span> 
     </span>
    </p>
   </div>
   <div class='ocr_carea' id='block_1_76' title="bbox 870 4533 2387 4605">
    <p class='ocr_par' dir='ltr' id='par_1_76' title="bbox 870 4533 2387 4605">
     <span class='ocr_line' id='line_1_76' title="bbox 870 4533 2387 4605; baseline 0.001 -15"><span class='ocrx_word' id='word_1_548' title='bbox 870 4533 1107 4590; x_wconf 77' lang='lat' dir='ltr'><strong>XLVIII.</strong></span> <span class='ocrx_word' id='word_1_549' title='bbox 1156 4533 1280 4589; x_wconf 69' lang='lat' dir='ltr'><strong>Hzec</strong></span> <span class='ocrx_word' id='word_1_550' title='bbox 1320 4549 1446 4589; x_wconf 83' lang='lat' dir='ltr'><strong>cum</strong></span> <span class='ocrx_word' id='word_1_551' title='bbox 1489 4533 1556 4589; x_wconf 92' lang='lat' dir='ltr'><strong>de</strong></span> <span class='ocrx_word' id='word_1_552' title='bbox 1599 4550 1797 4605; x_wconf 80' lang='lat' dir='ltr'><strong>magno</strong></span> <span class='ocrx_word' id='word_1_553' title='bbox 1838 4533 2065 4591; x_wconf 87' lang='lat' dir='ltr'><strong>Dauiele</strong></span> <span class='ocrx_word' id='word_1_554' title='bbox 2105 4533 2387 4591; x_wconf 88' lang='lat' dir='ltr'><strong>didicisset</strong></span> 
     </span>
    </p>
   </div>
   <div class='ocr_carea' id='block_1_77' title="bbox 2480 3322 4079 3406">
    <p class='ocr_par' dir='ltr' id='par_1_77' title="bbox 2480 3322 4079 3406">
     <span class='ocr_line' id='line_1_77' title="bbox 2480 3322 4079 3406; baseline -0.012 -15"><span class='ocrx_word' id='word_1_555' title='bbox 2480 3339 2575 3391; x_wconf 75' lang='grc' dir='ltr'>καὶ</span> <span class='ocrx_word' id='word_1_556' title='bbox 2599 3334 2788 3406; x_wconf 82' lang='grc' dir='ltr'>τιμῆς,</span> <span class='ocrx_word' id='word_1_557' title='bbox 2807 3329 3086 3385; x_wconf 78' lang='grc' dir='ltr'>κάνταῦθα</span> <span class='ocrx_word' id='word_1_558' title='bbox 3108 3331 3220 3391; x_wconf 72' lang='grc' dir='ltr'>τοῖς</span> <span class='ocrx_word' id='word_1_559' title='bbox 3248 3328 3349 3397; x_wconf 82' lang='grc' dir='ltr'>μὲν</span> <span class='ocrx_word' id='word_1_560' title='bbox 3385 3325 3568 3387; x_wconf 72' lang='grc' dir='ltr'>ἄλλοις</span> <span class='ocrx_word' id='word_1_561' title='bbox 3607 3325 3792 3387; x_wconf 77' lang='grc' dir='ltr'>καινά,</span> <span class='ocrx_word' id='word_1_562' title='bbox 3819 3322 4079 3391; x_wconf 76' lang='grc' dir='ltr'>έαυτῷδὲ</span> 
     </span>
    </p>
   </div>
   <div class='ocr_carea' id='block_1_78' title="bbox 2482 3413 4079 3498">
    <p class='ocr_par' dir='ltr' id='par_1_78' title="bbox 2482 3413 4079 3498">
     <span class='ocr_line' id='line_1_78' title="bbox 2482 3413 4079 3498; baseline -0.011 -16"><span class='ocrx_word' id='word_1_563' title='bbox 2482 3426 2687 3498; x_wconf 79' lang='grc' dir='ltr'>συνήθη</span> <span class='ocrx_word' id='word_1_564' title='bbox 2712 3422 3144 3494; x_wconf 83' lang='grc' dir='ltr'>θαυματουργεῐ.</span> <span class='ocrx_word' id='word_1_565' title='bbox 3184 3421 3347 3489; x_wconf 87' lang='grc' dir='ltr'>Ὄφις</span> <span class='ocrx_word' id='word_1_566' title='bbox 3373 3417 3538 3471; x_wconf 67' lang='grc' dir='ltr'>ποθεν</span> <span class='ocrx_word' id='word_1_567' title='bbox 3558 3415 3808 3487; x_wconf 80' lang='grc' dir='ltr'>ἑρπύσας</span> <span class='ocrx_word' id='word_1_568' title='bbox 3839 3413 3944 3467; x_wconf 82' lang='grc' dir='ltr'>καὶ</span> <span class='ocrx_word' id='word_1_569' title='bbox 3963 3417 4079 3476; x_wconf 87' lang='grc' dir='ltr'>τοῖς</span> 
     </span>
    </p>
   </div>
   <div class='ocr_carea' id='block_1_79' title="bbox 2480 3501 4076 3589">
    <p class='ocr_par' dir='ltr' id='par_1_79' title="bbox 2480 3501 4076 3589">
     <span class='ocr_line' id='line_1_79' title="bbox 2480 3501 4076 3589; baseline -0.011 -16"><span class='ocrx_word' id='word_1_570' title='bbox 2480 3518 2573 3573; x_wconf 86' lang='grc' dir='ltr'><strong>τοῦ</strong></span> <span class='ocrx_word' id='word_1_571' title='bbox 2613 3516 2856 3589; x_wconf 86' lang='grc' dir='ltr'>μεγάλου</span> <span class='ocrx_word' id='word_1_572' title='bbox 2893 3515 3024 3568; x_wconf 84' lang='grc' dir='ltr'>ποσὶ</span> <span class='ocrx_word' id='word_1_573' title='bbox 3052 3510 3450 3582; x_wconf 79' lang='grc' dir='ltr'>συσπειραθεὶς</span> <span class='ocrx_word' id='word_1_574' title='bbox 3485 3509 3723 3579; x_wconf 75' lang='grc' dir='ltr'>φοϐερὸν</span> <span class='ocrx_word' id='word_1_575' title='bbox 3750 3508 3935 3577; x_wconf 77' lang='grc' dir='ltr'>θέαμα</span> <span class='ocrx_word' id='word_1_576' title='bbox 3969 3501 4040 3575; x_wconf 76' lang='grc' dir='ltr'>ἦν</span> <span class='ocrx_word' id='word_1_577' title='bbox 4063 3522 4076 3536; x_wconf 91' lang='grc'><strong>·</strong></span> 
     </span>
    </p>
   </div>
   <div class='ocr_carea' id='block_1_80' title="bbox 2481 3600 4071 3682">
    <p class='ocr_par' dir='ltr' id='par_1_80' title="bbox 2481 3600 4071 3682">
     <span class='ocr_line' id='line_1_80' title="bbox 2481 3600 4071 3682; baseline -0.012 -14"><span class='ocrx_word' id='word_1_578' title='bbox 2481 3615 2576 3668; x_wconf 78' lang='grc' dir='ltr'>καὶ</span> <span class='ocrx_word' id='word_1_579' title='bbox 2613 3612 2750 3682; x_wconf 63' lang='lat' dir='ltr'><strong>«pb;</strong></span> <span class='ocrx_word' id='word_1_580' title='bbox 2777 3610 2994 3678; x_wconf 74' lang='grc' dir='ltr'>ἄμυναν</span> <span class='ocrx_word' id='word_1_581' title='bbox 3019 3604 3128 3659; x_wconf 83' lang='grc' dir='ltr'><strong>τῶν</strong></span> <span class='ocrx_word' id='word_1_582' title='bbox 3155 3605 3440 3674; x_wconf 88' lang='grc' dir='ltr'>παρόντων</span> <span class='ocrx_word' id='word_1_583' title='bbox 3469 3601 3891 3672; x_wconf 63' lang='grc' dir='ltr'>ἐπιδραμόντων</span> <span class='ocrx_word' id='word_1_584' title='bbox 3920 3600 4071 3651; x_wconf 63' lang='grc' dir='ltr'>εκεί-</span> 
     </span>
    </p>
   </div>
   <div class='ocr_carea' id='block_1_81' title="bbox 2479 3693 4074 3775">
    <p class='ocr_par' dir='ltr' id='par_1_81' title="bbox 2479 3693 4074 3775">
     <span class='ocr_line' id='line_1_81' title="bbox 2479 3693 4074 3775; baseline -0.011 -16"><span class='ocrx_word' id='word_1_585' title='bbox 2479 3723 2592 3770; x_wconf 85' lang='grc' dir='ltr'>νοις</span> <span class='ocrx_word' id='word_1_586' title='bbox 2621 3705 2720 3775; x_wconf 69' lang='grc' dir='ltr'>μὲν</span> <span class='ocrx_word' id='word_1_587' title='bbox 2741 3703 2840 3773; x_wconf 76' lang='grc' dir='ltr'><strong>τήν</strong></span> <span class='ocrx_word' id='word_1_588' title='bbox 2870 3700 3078 3755; x_wconf 87' lang='grc' dir='ltr'>δειλίαν</span> <span class='ocrx_word' id='word_1_589' title='bbox 3110 3695 3497 3761; x_wconf 76' lang='grc' dir='ltr'>κατονειδίζει,</span> <span class='ocrx_word' id='word_1_590' title='bbox 3548 3695 3712 3756; x_wconf 69' lang='grc' dir='ltr'>αὐτὸς</span> <span class='ocrx_word' id='word_1_591' title='bbox 3750 3693 3810 3745; x_wconf 69' lang='grc' dir='ltr'>δὲ</span> <span class='ocrx_word' id='word_1_592' title='bbox 3835 3693 3914 3762; x_wconf 80' lang='grc' dir='ltr'>τῷ</span> <span class='ocrx_word' id='word_1_593' title='bbox 3948 3693 4074 3760; x_wconf 65' lang='grc' dir='ltr'>ὕφει</span> 
     </span>
    </p>
   </div>
   <div class='ocr_carea' id='block_1_82' title="bbox 2482 3785 4076 3870">
    <p class='ocr_par' dir='ltr' id='par_1_82' title="bbox 2482 3785 4076 3870">
     <span class='ocr_line' id='line_1_82' title="bbox 2482 3785 4076 3870; baseline -0.01 -18"><span class='ocrx_word' id='word_1_594' title='bbox 2482 3798 2830 3870; x_wconf 64' lang='grc' dir='ltr'>θαρρούντως</span> <span class='ocrx_word' id='word_1_595' title='bbox 2880 3793 3327 3863; x_wconf 80' lang='grc' dir='ltr'>άπειλησάμενος</span> <span class='ocrx_word' id='word_1_596' title='bbox 3382 3790 3477 3843; x_wconf 79' lang='grc' dir='ltr'>καὶ</span> <span class='ocrx_word' id='word_1_597' title='bbox 3533 3787 3608 3849; x_wconf 84' lang='grc' dir='ltr'><strong>ὡς</strong></span> <span class='ocrx_word' id='word_1_598' title='bbox 3638 3787 3896 3856; x_wconf 72' lang='grc' dir='ltr'>ὑπηρέτῃ</span> <span class='ocrx_word' id='word_1_599' title='bbox 3929 3785 4076 3837; x_wconf 70' lang='grc' dir='ltr'>κατὰ</span> 
     </span>
    </p>
   </div>
   <div class='ocr_carea' id='block_1_83' title="bbox 2483 3877 4071 3959">
    <p class='ocr_par' dir='ltr' id='par_1_83' title="bbox 2483 3877 4071 3959">
     <span class='ocr_line' id='line_1_83' title="bbox 2483 3877 4071 3959; baseline -0.011 -15"><span class='ocrx_word' id='word_1_600' title='bbox 2483 3890 2686 3959; x_wconf 75' lang='grc' dir='ltr'>πολλὴν</span> <span class='ocrx_word' id='word_1_601' title='bbox 2718 3887 3008 3941; x_wconf 76' lang='grc' dir='ltr'>αὑθεντίαν</span> <span class='ocrx_word' id='word_1_602' title='bbox 3057 3881 3557 3950; x_wconf 71' lang='grc' dir='ltr'>εγκελευσάμενος,</span> <span class='ocrx_word' id='word_1_603' title='bbox 3589 3877 3864 3948; x_wconf 79' lang='grc' dir='ltr'>Πορεύου,</span> <span class='ocrx_word' id='word_1_604' title='bbox 3914 3878 4071 3944; x_wconf 67' lang='grc' dir='ltr'>φησὶ,</span> 
     </span>
    </p>
   </div>
   <div class='ocr_carea' id='block_1_84' title="bbox 2484 3967 4075 4048">
    <p class='ocr_par' dir='ltr' id='par_1_84' title="bbox 2484 3967 4075 4048">
     <span class='ocr_line' id='line_1_84' title="bbox 2484 3967 4075 4048; baseline -0.01 -14"><span class='ocrx_word' id='word_1_605' title='bbox 2484 3978 2580 4034; x_wconf 67' lang='grc' dir='ltr'>καὶ</span> <span class='ocrx_word' id='word_1_606' title='bbox 2612 3980 2820 4048; x_wconf 84' lang='grc' dir='ltr'>φωλεοῦ</span> <span class='ocrx_word' id='word_1_607' title='bbox 2855 3977 2950 4030; x_wconf 88' lang='grc' dir='ltr'><strong>τοῦ</strong></span> <span class='ocrx_word' id='word_1_608' title='bbox 2987 3973 3252 4044; x_wconf 84' lang='grc' dir='ltr'>συνήθους</span> <span class='ocrx_word' id='word_1_609' title='bbox 3278 3973 3405 4042; x_wconf 74' lang='grc' dir='ltr'>ἔχου</span> <span class='ocrx_word' id='word_1_610' title='bbox 3433 3971 3527 4024; x_wconf 80' lang='grc' dir='ltr'>καὶ</span> <span class='ocrx_word' id='word_1_611' title='bbox 3555 3971 3667 4023; x_wconf 83' lang='grc' dir='ltr'><strong>τῶν</strong></span> <span class='ocrx_word' id='word_1_612' title='bbox 3700 3967 3808 4021; x_wconf 73' lang='grc' dir='ltr'><strong>ὑπὸ</strong></span> <span class='ocrx_word' id='word_1_613' title='bbox 3839 3970 3948 4036; x_wconf 76' lang='grc' dir='ltr'>γῆν</span> <span class='ocrx_word' id='word_1_614' title='bbox 3977 3984 4075 4019; x_wconf 80' lang='grc' dir='ltr'>κα·</span> 
     </span>
    </p>
   </div>
   <div class='ocr_carea' id='block_1_85' title="bbox 2484 4059 4074 4134">
    <p class='ocr_par' dir='ltr' id='par_1_85' title="bbox 2484 4059 4074 4134">
     <span class='ocr_line' id='line_1_85' title="bbox 2484 4059 4074 4134; baseline -0.013 -7"><span class='ocrx_word' id='word_1_615' title='bbox 2484 4074 2788 4127; x_wconf 86' lang='grc' dir='ltr'>ταδύσεων.</span> <span class='ocrx_word' id='word_1_616' title='bbox 2842 4069 2902 4124; x_wconf 88' lang='lat'><strong>&#39;0</strong></span> <span class='ocrx_word' id='word_1_617' title='bbox 2959 4068 3016 4121; x_wconf 66' lang='grc' dir='ltr'>δὲ</span> <span class='ocrx_word' id='word_1_618' title='bbox 3073 4065 3264 4134; x_wconf 83' lang='grc' dir='ltr'>ὥσπερ</span> <span class='ocrx_word' id='word_1_619' title='bbox 3295 4064 3372 4134; x_wconf 77' lang='grc' dir='ltr'><strong>μή</strong></span> <span class='ocrx_word' id='word_1_620' title='bbox 3422 4061 3732 4129; x_wconf 69' lang='grc' dir='ltr'>ἀντιλέγειν</span> <span class='ocrx_word' id='word_1_621' title='bbox 3767 4059 4074 4126; x_wconf 80' lang='grc' dir='ltr'>δυνάμενος</span> 
     </span>
    </p>
   </div>
   <div class='ocr_carea' id='block_1_86' title="bbox 2484 4151 4074 4234">
    <p class='ocr_par' dir='ltr' id='par_1_86' title="bbox 2484 4151 4074 4234">
     <span class='ocr_line' id='line_1_86' title="bbox 2484 4151 4074 4234; baseline -0.012 -14"><span class='ocrx_word' id='word_1_622' title='bbox 2484 4168 2644 4234; x_wconf 75' lang='grc' dir='ltr'>ιρπει</span> <span class='ocrx_word' id='word_1_623' title='bbox 2669 4182 2725 4217; x_wconf 82' lang='grc' dir='ltr'><strong>τε</strong></span> <span class='ocrx_word' id='word_1_624' title='bbox 2754 4163 2894 4233; x_wconf 78' lang='grc' dir='ltr'>πρὸς</span> <span class='ocrx_word' id='word_1_625' title='bbox 2911 4160 3005 4214; x_wconf 77' lang='grc' dir='ltr'><strong>τὸν</strong></span> <span class='ocrx_word' id='word_1_626' title='bbox 3032 4160 3213 4228; x_wconf 78' lang='grc' dir='ltr'>τοῖχον</span> <span class='ocrx_word' id='word_1_627' title='bbox 3238 4155 3438 4210; x_wconf 84' lang='grc' dir='ltr'>αὐτίκα</span> <span class='ocrx_word' id='word_1_628' title='bbox 3456 4155 3551 4208; x_wconf 80' lang='grc' dir='ltr'>καὶ</span> <span class='ocrx_word' id='word_1_629' title='bbox 3575 4152 3682 4207; x_wconf 75' lang='grc' dir='ltr'><strong>ὑπὸ</strong></span> <span class='ocrx_word' id='word_1_630' title='bbox 3709 4153 3826 4214; x_wconf 75' lang='grc' dir='ltr'>τοῖς</span> <span class='ocrx_word' id='word_1_631' title='bbox 3852 4151 4074 4204; x_wconf 80' lang='grc' dir='ltr'>πάντων</span> 
     </span>
    </p>
   </div>
   <div class='ocr_carea' id='block_1_87' title="bbox 2485 4251 3224 4327">
    <p class='ocr_par' dir='ltr' id='par_1_87' title="bbox 2485 4251 3224 4327">
     <span class='ocr_line' id='line_1_87' title="bbox 2485 4251 3224 4327; baseline -0.014 -17"><span class='ocrx_word' id='word_1_632' title='bbox 2485 4254 2785 4327; x_wconf 75' lang='grc' dir='ltr'>ὀφθαλμοῖς</span> <span class='ocrx_word' id='word_1_633' title='bbox 2813 4251 3224 4322; x_wconf 79' lang='grc' dir='ltr'>διαῤῥήγνυται.</span> 
     </span>
    </p>
   </div>
   <div class='ocr_carea' id='block_1_88' title="bbox 2560 4515 4073 4588">
    <p class='ocr_par' dir='ltr' id='par_1_88' title="bbox 2560 4515 4073 4588">
     <span class='ocr_line' id='line_1_88' title="bbox 2560 4515 4073 4588; baseline -0.007 -8"><span class='ocrx_word' id='word_1_634' title='bbox 2560 4526 2703 4580; x_wconf 74' lang='lat' dir='ltr'><strong>Mﬂ&#39;.</strong></span> <span class='ocrx_word' id='word_1_635' title='bbox 2722 4522 2909 4577; x_wconf 86' lang='grc' dir='ltr'>Ταῦτα</span> <span class='ocrx_word' id='word_1_636' title='bbox 2939 4521 3034 4574; x_wconf 78' lang='grc' dir='ltr'>καὶ</span> <span class='ocrx_word' id='word_1_637' title='bbox 3074 4519 3222 4582; x_wconf 80' lang='grc' dir='ltr'>Ῥαὶς</span> <span class='ocrx_word' id='word_1_638' title='bbox 3245 4515 3383 4588; x_wconf 68' lang='grc' dir='ltr'>περῐ</span> <span class='ocrx_word' id='word_1_639' title='bbox 3400 4515 3496 4570; x_wconf 83' lang='grc' dir='ltr'><strong>τοῦ</strong></span> <span class='ocrx_word' id='word_1_640' title='bbox 3527 4517 3764 4587; x_wconf 84' lang='grc' dir='ltr'>μεγάλου</span> <span class='ocrx_word' id='word_1_641' title='bbox 3794 4516 4073 4587; x_wconf 75' lang='grc' dir='ltr'>μαθοῦσα,</span> 
     </span>
    </p>
   </div>
   <div class='ocr_carea' id='block_1_89' title="bbox 804 4611 2375 4695">
    <p class='ocr_par' dir='ltr' id='par_1_89' title="bbox 804 4625 2375 4695">
     <span class='ocr_line' id='line_1_89' title="bbox 804 4625 2375 4695; baseline 0 -14"><span class='ocrx_word' id='word_1_642' title='bbox 804 4628 1001 4682; x_wconf 89' lang='lat' dir='ltr'><strong>mulier</strong></span> <span class='ocrx_word' id='word_1_643' title='bbox 1031 4628 1160 4682; x_wconf 68' lang='lat' dir='ltr'><strong>Bais</strong></span> <span class='ocrx_word' id='word_1_644' title='bbox 1180 4669 1193 4693; x_wconf 92' lang='lat'><strong>,</strong></span> <span class='ocrx_word' id='word_1_645' title='bbox 1228 4626 1334 4680; x_wconf 83' lang='lat' dir='ltr'><strong>Ilde</strong></span> <span class='ocrx_word' id='word_1_646' title='bbox 1365 4625 1587 4695; x_wconf 90' lang='lat' dir='ltr'><strong>quidem</strong></span> <span class='ocrx_word' id='word_1_647' title='bbox 1622 4625 2029 4681; x_wconf 84' lang='lat' dir='ltr'><strong>ferventissima</strong></span> <span class='ocrx_word' id='word_1_648' title='bbox 2058 4634 2113 4680; x_wconf 91' lang='lat' dir='ltr'><strong>et</strong></span> <span class='ocrx_word' id='word_1_649' title='bbox 2142 4627 2375 4682; x_wconf 68' lang='lat' dir='ltr'><strong>maxime</strong></span> 
     </span>
    </p>
   </div>
   <div class='ocr_carea' id='block_1_90' title="bbox 2476 4611 4075 4695">
    <p class='ocr_par' dir='ltr' id='par_1_90' title="bbox 2490 4611 4075 4690">
     <span class='ocr_line' id='line_1_90' title="bbox 2490 4611 4075 4690; baseline -0.006 -19"><span class='ocrx_word' id='word_1_650' title='bbox 2490 4621 2626 4690; x_wconf 80' lang='grc' dir='ltr'>γυνὴ</span> <span class='ocrx_word' id='word_1_651' title='bbox 2665 4620 2763 4684; x_wconf 74' lang='grc' dir='ltr'>τὴν</span> <span class='ocrx_word' id='word_1_652' title='bbox 2793 4617 2891 4688; x_wconf 68' lang='grc' dir='ltr'>μὲν</span> <span class='ocrx_word' id='word_1_653' title='bbox 2923 4615 3107 4669; x_wconf 81' lang='grc' dir='ltr'>πίστιν</span> <span class='ocrx_word' id='word_1_654' title='bbox 3133 4613 3244 4666; x_wconf 84' lang='grc' dir='ltr'><strong>τῶν</strong></span> <span class='ocrx_word' id='word_1_655' title='bbox 3273 4611 3421 4665; x_wconf 85' lang='grc' dir='ltr'>πάνυ</span> <span class='ocrx_word' id='word_1_656' title='bbox 3469 4611 3829 4681; x_wconf 87' lang='grc' dir='ltr'>θερμοτάτων</span> <span class='ocrx_word' id='word_1_657' title='bbox 3860 4612 3958 4662; x_wconf 81' lang='grc' dir='ltr'>καὶ</span> <span class='ocrx_word' id='word_1_658' title='bbox 3987 4611 4075 4663; x_wconf 69' lang='grc' dir='ltr'>εύ-</span> 
     </span>
    </p>
   </div>
   <div class='ocr_carea' id='block_1_91' title="bbox 803 4719 2385 4790">
    <p class='ocr_par' dir='ltr' id='par_1_91' title="bbox 803 4719 2385 4790">
     <span class='ocr_line' id='line_1_91' title="bbox 803 4719 2385 4790; baseline 0.001 -18"><span class='ocrx_word' id='word_1_659' title='bbox 803 4723 912 4790; x_wconf 87' lang='lat' dir='ltr'><strong>pia.</strong></span> <span class='ocrx_word' id='word_1_660' title='bbox 946 4720 1116 4789; x_wconf 88' lang='lat' dir='ltr'><strong>gloria</strong></span> <span class='ocrx_word' id='word_1_661' title='bbox 1150 4729 1336 4773; x_wconf 84' lang='lat' dir='ltr'><strong>autem</strong></span> <span class='ocrx_word' id='word_1_662' title='bbox 1371 4719 1524 4772; x_wconf 86' lang='lat' dir='ltr'><strong>valde</strong></span> <span class='ocrx_word' id='word_1_663' title='bbox 1561 4719 1809 4788; x_wconf 80' lang='lat' dir='ltr'><strong>insignis,</strong></span> <span class='ocrx_word' id='word_1_664' title='bbox 1844 4728 2100 4790; x_wconf 89' lang='lat' dir='ltr'><strong>prompto</strong></span> <span class='ocrx_word' id='word_1_665' title='bbox 2133 4730 2188 4774; x_wconf 92' lang='lat' dir='ltr'><strong>et</strong></span> <span class='ocrx_word' id='word_1_666' title='bbox 2218 4720 2385 4774; x_wconf 88' lang='lat' dir='ltr'><strong>alacri</strong></span> 
     </span>
    </p>
   </div>
   <div class='ocr_carea' id='block_1_92' title="bbox 802 4809 2387 4880">
    <p class='ocr_par' dir='ltr' id='par_1_92' title="bbox 802 4809 2387 4880">
     <span class='ocr_line' id='line_1_92' title="bbox 802 4809 2387 4880; baseline 0.001 -16"><span class='ocrx_word' id='word_1_667' title='bbox 802 4812 986 4865; x_wconf 83' lang='lat' dir='ltr'><strong>animo</strong></span> <span class='ocrx_word' id='word_1_668' title='bbox 1015 4811 1078 4864; x_wconf 86' lang='lat' dir='ltr'><strong>ad</strong></span> <span class='ocrx_word' id='word_1_669' title='bbox 1108 4827 1229 4864; x_wconf 88' lang='lat' dir='ltr'><strong>eum</strong></span> <span class='ocrx_word' id='word_1_670' title='bbox 1261 4825 1575 4874; x_wconf 87' lang='lat' dir='ltr'><strong>accurrens,</strong></span> <span class='ocrx_word' id='word_1_671' title='bbox 1600 4821 1657 4864; x_wconf 86' lang='lat' dir='ltr'><strong>et</strong></span> <span class='ocrx_word' id='word_1_672' title='bbox 1683 4809 1936 4864; x_wconf 90' lang='lat' dir='ltr'><strong>similiter</strong></span> <span class='ocrx_word' id='word_1_673' title='bbox 1962 4823 2126 4880; x_wconf 79' lang='lat' dir='ltr'><strong>atque</strong></span> <span class='ocrx_word' id='word_1_674' title='bbox 2152 4812 2244 4865; x_wconf 88' lang='lat' dir='ltr'><strong>illa</strong></span> <span class='ocrx_word' id='word_1_675' title='bbox 2273 4827 2387 4866; x_wconf 86' lang='lat' dir='ltr'><strong>me-</strong></span> 
     </span>
    </p>
   </div>
   <div class='ocr_carea' id='block_1_93' title="bbox 805 4902 2387 4972">
    <p class='ocr_par' dir='ltr' id='par_1_93' title="bbox 805 4902 2387 4972">
     <span class='ocr_line' id='line_1_93' title="bbox 805 4902 2387 4972; baseline 0.001 -16"><span class='ocrx_word' id='word_1_676' title='bbox 805 4904 996 4964; x_wconf 78' lang='lat' dir='ltr'><strong>retrix,</strong></span> <span class='ocrx_word' id='word_1_677' title='bbox 1031 4902 1178 4954; x_wconf 89' lang='lat' dir='ltr'><strong>illius</strong></span> <span class='ocrx_word' id='word_1_678' title='bbox 1213 4902 1380 4971; x_wconf 89' lang='lat' dir='ltr'><strong>pedes</strong></span> <span class='ocrx_word' id='word_1_679' title='bbox 1413 4903 1596 4970; x_wconf 87' lang='lat' dir='ltr'><strong>rigans</strong></span> <span class='ocrx_word' id='word_1_680' title='bbox 1628 4902 1905 4972; x_wconf 81' lang='lat' dir='ltr'><strong>lacrymis.</strong></span> <span class='ocrx_word' id='word_1_681' title='bbox 1937 4904 2193 4972; x_wconf 89' lang='lat' dir='ltr'><strong>precibus</strong></span> <span class='ocrx_word' id='word_1_682' title='bbox 2223 4903 2291 4958; x_wconf 87' lang='lat' dir='ltr'><strong>ab</strong></span> <span class='ocrx_word' id='word_1_683' title='bbox 2320 4918 2387 4958; x_wconf 90' lang='lat' dir='ltr'><strong>eo</strong></span> 
     </span>
    </p>
   </div>
   <div class='ocr_carea' id='block_1_94' title="bbox 804 4993 2387 5051">
    <p class='ocr_par' dir='ltr' id='par_1_94' title="bbox 804 4993 2387 5051">
     <span class='ocr_line' id='line_1_94' title="bbox 804 4993 2387 5051; baseline -0.001 0"><span class='ocrx_word' id='word_1_684' title='bbox 804 4997 1088 5051; x_wconf 76' lang='lat' dir='ltr'><strong>Contendit</strong></span> <span class='ocrx_word' id='word_1_685' title='bbox 1145 5007 1202 5048; x_wconf 90' lang='lat' dir='ltr'><strong>ut</strong></span> <span class='ocrx_word' id='word_1_686' title='bbox 1259 4993 1364 5049; x_wconf 84' lang='lat' dir='ltr'><strong>sibi</strong></span> <span class='ocrx_word' id='word_1_687' title='bbox 1419 5003 1737 5048; x_wconf 89' lang='lat' dir='ltr'><strong>nasceretur</strong></span> <span class='ocrx_word' id='word_1_688' title='bbox 1791 4993 1954 5048; x_wconf 83' lang='lat' dir='ltr'><strong>illius.</strong></span> <span class='ocrx_word' id='word_1_689' title='bbox 2008 4994 2147 5049; x_wconf 85' lang='lat' dir='ltr'><strong>Cum</strong></span> <span class='ocrx_word' id='word_1_690' title='bbox 2205 5005 2387 5049; x_wconf 80' lang='lat' dir='ltr'><strong>autem</strong></span> 
     </span>
    </p>
   </div>
   <div class='ocr_carea' id='block_1_95' title="bbox 808 5084 2390 5156">
    <p class='ocr_par' dir='ltr' id='par_1_95' title="bbox 808 5084 2390 5156">
     <span class='ocr_line' id='line_1_95' title="bbox 808 5084 2390 5156; baseline -0.001 -16"><span class='ocrx_word' id='word_1_691' title='bbox 808 5087 961 5140; x_wconf 80' lang='lat' dir='ltr'><strong>liumi</strong></span> <span class='ocrx_word' id='word_1_692' title='bbox 1018 5086 1226 5154; x_wconf 74' lang='lat' dir='ltr'><strong>deiecta</strong></span> <span class='ocrx_word' id='word_1_693' title='bbox 1265 5084 1492 5139; x_wconf 87' lang='lat' dir='ltr'><strong>vidisset</strong></span> <span class='ocrx_word' id='word_1_694' title='bbox 1523 5086 1644 5156; x_wconf 85' lang='lat' dir='ltr'><strong>ejus</strong></span> <span class='ocrx_word' id='word_1_695' title='bbox 1673 5085 1828 5155; x_wconf 76' lang='lat' dir='ltr'><strong>pedis</strong></span> <span class='ocrx_word' id='word_1_696' title='bbox 1861 5084 2093 5148; x_wconf 89' lang='lat' dir='ltr'><strong>soleam,</strong></span> <span class='ocrx_word' id='word_1_697' title='bbox 2122 5085 2390 5140; x_wconf 82' lang='lat' dir='ltr'><strong>exercita-</strong></span> 
     </span>
    </p>
   </div>
   <div class='ocr_carea' id='block_1_96' title="bbox 806 5178 2389 5247">
    <p class='ocr_par' dir='ltr' id='par_1_96' title="bbox 806 5178 2389 5247">
     <span class='ocr_line' id='line_1_96' title="bbox 806 5178 2389 5247; baseline -0.001 -14"><span class='ocrx_word' id='word_1_698' title='bbox 806 5181 955 5234; x_wconf 80' lang='lat' dir='ltr'><strong>tione</strong></span> <span class='ocrx_word' id='word_1_699' title='bbox 996 5191 1026 5231; x_wconf 88' lang='lat' dir='ltr'><strong>a</strong></span> <span class='ocrx_word' id='word_1_700' title='bbox 1070 5178 1292 5231; x_wconf 86' lang='lat' dir='ltr'><strong>tendine</strong></span> <span class='ocrx_word' id='word_1_701' title='bbox 1333 5178 1655 5241; x_wconf 89' lang='lat' dir='ltr'><strong>discissam,</strong></span> <span class='ocrx_word' id='word_1_702' title='bbox 1693 5187 1875 5247; x_wconf 86' lang='lat' dir='ltr'><strong>stupet</strong></span> <span class='ocrx_word' id='word_1_703' title='bbox 1916 5180 2294 5242; x_wconf 87' lang='lat' dir='ltr'><strong>tolerantiam,</strong></span> <span class='ocrx_word' id='word_1_704' title='bbox 2333 5184 2389 5232; x_wconf 81' lang='lat' dir='ltr'><strong>et</strong></span> 
     </span>
    </p>
   </div>
   <div class='ocr_carea' id='block_1_97' title="bbox 802 5269 2389 5327">
    <p class='ocr_par' dir='ltr' id='par_1_97' title="bbox 802 5269 2389 5327">
     <span class='ocr_line' id='line_1_97' title="bbox 802 5269 2389 5327; baseline 0.001 -1"><span class='ocrx_word' id='word_1_705' title='bbox 802 5271 1002 5326; x_wconf 90' lang='lat' dir='ltr'><strong>emittit</strong></span> <span class='ocrx_word' id='word_1_706' title='bbox 1036 5286 1200 5325; x_wconf 79' lang='lat' dir='ltr'><strong>voces</strong></span> <span class='ocrx_word' id='word_1_707' title='bbox 1229 5270 1534 5325; x_wconf 74' lang='lat' dir='ltr'><strong>Chananea:</strong></span> <span class='ocrx_word' id='word_1_708' title='bbox 1565 5271 1793 5326; x_wconf 83' lang='lat' dir='ltr'><strong>similes.</strong></span> <span class='ocrx_word' id='word_1_709' title='bbox 1826 5269 1969 5325; x_wconf 87' lang='lat' dir='ltr'><strong>Dans</strong></span> <span class='ocrx_word' id='word_1_710' title='bbox 1998 5271 2145 5325; x_wconf 88' lang='lat' dir='ltr'><strong>enim</strong></span> <span class='ocrx_word' id='word_1_711' title='bbox 2172 5272 2389 5327; x_wconf 89' lang='lat' dir='ltr'><strong>funicu-</strong></span> 
     </span>
    </p>
   </div>
   <div class='ocr_carea' id='block_1_98' title="bbox 805 5362 2387 5432">
    <p class='ocr_par' dir='ltr' id='par_1_98' title="bbox 805 5362 2387 5432">
     <span class='ocr_line' id='line_1_98' title="bbox 805 5362 2387 5432; baseline 0.003 -16"><span class='ocrx_word' id='word_1_712' title='bbox 805 5363 942 5426; x_wconf 91' lang='lat' dir='ltr'><strong>lum,</strong></span> <span class='ocrx_word' id='word_1_713' title='bbox 976 5375 1130 5432; x_wconf 77' lang='lat' dir='ltr'><strong>rogat</strong></span> <span class='ocrx_word' id='word_1_714' title='bbox 1161 5372 1220 5417; x_wconf 82' lang='lat' dir='ltr'><strong>ut</strong></span> <span class='ocrx_word' id='word_1_715' title='bbox 1249 5377 1374 5416; x_wconf 93' lang='lat' dir='ltr'><strong>cum</strong></span> <span class='ocrx_word' id='word_1_716' title='bbox 1406 5363 1552 5416; x_wconf 88' lang='lat' dir='ltr'><strong>circa</strong></span> <span class='ocrx_word' id='word_1_717' title='bbox 1587 5363 1734 5416; x_wconf 89' lang='lat' dir='ltr'><strong>illius</strong></span> <span class='ocrx_word' id='word_1_718' title='bbox 1765 5362 1962 5432; x_wconf 88' lang='lat' dir='ltr'><strong>pedem</strong></span> <span class='ocrx_word' id='word_1_719' title='bbox 1993 5363 2304 5424; x_wconf 68' lang='lat' dir='ltr'><strong>involt&#39;erit.</strong></span> <span class='ocrx_word' id='word_1_720' title='bbox 2337 5366 2387 5420; x_wconf 90' lang='lat' dir='ltr'><strong>ei</strong></span> 
     </span>
    </p>
   </div>
   <div class='ocr_carea' id='block_1_99' title="bbox 805 5453 2391 5524">
    <p class='ocr_par' dir='ltr' id='par_1_99' title="bbox 805 5453 2391 5524">
     <span class='ocr_line' id='line_1_99' title="bbox 805 5453 2391 5524; baseline 0.003 -16"><span class='ocrx_word' id='word_1_721' title='bbox 805 5470 1002 5508; x_wconf 88' lang='lat' dir='ltr'><strong>rursus</strong></span> <span class='ocrx_word' id='word_1_722' title='bbox 1047 5453 1242 5508; x_wconf 80' lang='lat' dir='ltr'><strong>reddat</strong></span> <span class='ocrx_word' id='word_1_723' title='bbox 1288 5470 1303 5508; x_wconf 89' lang='lat'><strong>:</strong></span> <span class='ocrx_word' id='word_1_724' title='bbox 1353 5453 1478 5508; x_wconf 74' lang='lat' dir='ltr'><strong>Haec</strong></span> <span class='ocrx_word' id='word_1_725' title='bbox 1523 5461 1631 5516; x_wconf 88' lang='lat' dir='ltr'><strong>est.</strong></span> <span class='ocrx_word' id='word_1_726' title='bbox 1675 5454 1954 5524; x_wconf 86' lang='lat' dir='ltr'><strong>inquiens,</strong></span> <span class='ocrx_word' id='word_1_727' title='bbox 1996 5470 2209 5509; x_wconf 88' lang='lat' dir='ltr'><strong>summa</strong></span> <span class='ocrx_word' id='word_1_728' title='bbox 2257 5472 2391 5512; x_wconf 82' lang='lat' dir='ltr'><strong>mea:</strong></span> 
     </span>
    </p>
   </div>
   <div class='ocr_carea' id='block_1_100' title="bbox 805 5545 2386 5616">
    <p class='ocr_par' dir='ltr' id='par_1_100' title="bbox 805 5545 2386 5616">
     <span class='ocr_line' id='line_1_100' title="bbox 805 5545 2386 5616; baseline 0.001 -16"><span class='ocrx_word' id='word_1_729' title='bbox 805 5547 1106 5616; x_wconf 82' lang='lat' dir='ltr'><strong>petitionis.</strong></span> <span class='ocrx_word' id='word_1_730' title='bbox 1135 5545 1232 5600; x_wconf 91' lang='lat' dir='ltr'><strong>Ille</strong></span> <span class='ocrx_word' id='word_1_731' title='bbox 1257 5561 1387 5600; x_wconf 84' lang='lat' dir='ltr'><strong>vero</strong></span> <span class='ocrx_word' id='word_1_732' title='bbox 1415 5546 1651 5614; x_wconf 90' lang='lat' dir='ltr'><strong>primum</strong></span> <span class='ocrx_word' id='word_1_733' title='bbox 1677 5547 1898 5616; x_wconf 91' lang='lat' dir='ltr'><strong>quidem</strong></span> <span class='ocrx_word' id='word_1_734' title='bbox 1925 5561 2034 5601; x_wconf 92' lang='lat' dir='ltr'><strong>non</strong></span> <span class='ocrx_word' id='word_1_735' title='bbox 2061 5548 2386 5602; x_wconf 85' lang='lat' dir='ltr'><strong>sustinebat.</strong></span> 
     </span>
    </p>
   </div>
   <div class='ocr_carea' id='block_1_101' title="bbox 807 5635 2387 5708">
    <p class='ocr_par' dir='ltr' id='par_1_101' title="bbox 807 5635 2387 5708">
     <span class='ocr_line' id='line_1_101' title="bbox 807 5635 2387 5708; baseline 0.001 -19"><span class='ocrx_word' id='word_1_736' title='bbox 807 5635 1012 5690; x_wconf 91' lang='lat' dir='ltr'><strong>Deinde</strong></span> <span class='ocrx_word' id='word_1_737' title='bbox 1064 5643 1245 5690; x_wconf 88' lang='lat' dir='ltr'><strong>motus</strong></span> <span class='ocrx_word' id='word_1_738' title='bbox 1291 5635 1461 5690; x_wconf 89' lang='lat' dir='ltr'><strong>etiam</strong></span> <span class='ocrx_word' id='word_1_739' title='bbox 1508 5635 1656 5692; x_wconf 84' lang='lat' dir='ltr'><strong>illius</strong></span> <span class='ocrx_word' id='word_1_740' title='bbox 1701 5636 1977 5708; x_wconf 84' lang='lat' dir='ltr'><strong>lacrymis,</strong></span> <span class='ocrx_word' id='word_1_741' title='bbox 2023 5647 2078 5692; x_wconf 89' lang='lat' dir='ltr'><strong>et</strong></span> <span class='ocrx_word' id='word_1_742' title='bbox 2129 5648 2387 5707; x_wconf 70' lang='lat' dir='ltr'><strong>praeterea</strong></span> 
     </span>
    </p>
   </div>
   <div class='ocr_carea' id='block_1_102' title="bbox 807 5729 2387 5798">
    <p class='ocr_par' dir='ltr' id='par_1_102' title="bbox 807 5729 2387 5798">
     <span class='ocr_line' id='line_1_102' title="bbox 807 5729 2387 5798; baseline 0.001 -16"><span class='ocrx_word' id='word_1_743' title='bbox 807 5729 1048 5798; x_wconf 73' lang='lat' dir='ltr'><strong>episcOpi</strong></span> <span class='ocrx_word' id='word_1_744' title='bbox 1100 5739 1155 5784; x_wconf 88' lang='lat' dir='ltr'><strong>et</strong></span> <span class='ocrx_word' id='word_1_745' title='bbox 1203 5737 1528 5784; x_wconf 65' lang='lat' dir='ltr'><strong>catenarum</strong></span> <span class='ocrx_word' id='word_1_746' title='bbox 1577 5729 1760 5784; x_wconf 86' lang='lat' dir='ltr'><strong>verbis</strong></span> <span class='ocrx_word' id='word_1_747' title='bbox 1809 5731 2002 5796; x_wconf 81' lang='lat' dir='ltr'><strong>ﬂexus,</strong></span> <span class='ocrx_word' id='word_1_748' title='bbox 2051 5746 2163 5786; x_wconf 90' lang='lat' dir='ltr'><strong>nou</strong></span> <span class='ocrx_word' id='word_1_749' title='bbox 2209 5731 2387 5786; x_wconf 91' lang='lat' dir='ltr'><strong>solum</strong></span> 
     </span>
    </p>
   </div>
   <div class='ocr_carea' id='block_1_103' title="bbox 809 5819 2388 5886">
    <p class='ocr_par' dir='ltr' id='par_1_103' title="bbox 809 5819 2388 5886">
     <span class='ocr_line' id='line_1_103' title="bbox 809 5819 2388 5886; baseline -0.002 -12"><span class='ocrx_word' id='word_1_750' title='bbox 809 5835 932 5874; x_wconf 87' lang='lat' dir='ltr'><strong>cum</strong></span> <span class='ocrx_word' id='word_1_751' title='bbox 970 5819 1154 5873; x_wconf 90' lang='lat' dir='ltr'><strong>funem</strong></span> <span class='ocrx_word' id='word_1_752' title='bbox 1185 5820 1684 5886; x_wconf 72' lang='lat' dir='ltr'><strong>circumvolvisset,</strong></span> <span class='ocrx_word' id='word_1_753' title='bbox 1712 5820 1763 5875; x_wconf 92' lang='lat' dir='ltr'><strong>ei</strong></span> <span class='ocrx_word' id='word_1_754' title='bbox 1795 5819 2066 5882; x_wconf 83' lang='lat' dir='ltr'><strong>reddidit,</strong></span> <span class='ocrx_word' id='word_1_755' title='bbox 2097 5819 2189 5873; x_wconf 90' lang='lat' dir='ltr'><strong>sed</strong></span> <span class='ocrx_word' id='word_1_756' title='bbox 2223 5819 2388 5872; x_wconf 85' lang='lat' dir='ltr'><strong>etiam</strong></span> 
     </span>
    </p>
   </div>
   <div class='ocr_carea' id='block_1_104' title="bbox 813 5907 2388 5978">
    <p class='ocr_par' dir='ltr' id='par_1_104' title="bbox 813 5907 2388 5978">
     <span class='ocr_line' id='line_1_104' title="bbox 813 5907 2388 5978; baseline 0 -16"><span class='ocrx_word' id='word_1_757' title='bbox 813 5909 1138 5973; x_wconf 66' lang='lat' dir='ltr'><strong>significavit</strong></span> <span class='ocrx_word' id='word_1_758' title='bbox 1169 5909 1307 5976; x_wconf 88' lang='lat' dir='ltr'><strong>fore,</strong></span> <span class='ocrx_word' id='word_1_759' title='bbox 1341 5919 1400 5966; x_wconf 94' lang='lat' dir='ltr'><strong>ut</strong></span> <span class='ocrx_word' id='word_1_760' title='bbox 1433 5910 1548 5977; x_wconf 84' lang='lat' dir='ltr'><strong>ipsa</strong></span> <span class='ocrx_word' id='word_1_761' title='bbox 1584 5918 1798 5978; x_wconf 82' lang='lat' dir='ltr'><strong>pareret</strong></span> <span class='ocrx_word' id='word_1_762' title='bbox 1831 5909 2022 5976; x_wconf 87' lang='lat' dir='ltr'><strong>lilium,</strong></span> <span class='ocrx_word' id='word_1_763' title='bbox 2055 5916 2108 5964; x_wconf 85' lang='lat' dir='ltr'><strong>ct</strong></span> <span class='ocrx_word' id='word_1_764' title='bbox 2141 5907 2388 5978; x_wconf 68' lang='lat' dir='ltr'><strong>praedixit</strong></span> 
     </span>
    </p>
   </div>
   <div class='ocr_carea' id='block_1_105' title="bbox 2491 4703 4074 4779">
    <p class='ocr_par' dir='ltr' id='par_1_105' title="bbox 2491 4703 4074 4779">
     <span class='ocr_line' id='line_1_105' title="bbox 2491 4703 4074 4779; baseline -0.008 -13"><span class='ocrx_word' id='word_1_765' title='bbox 2491 4713 2690 4775; x_wconf 80' lang='grc' dir='ltr'>σεδῶν,</span> <span class='ocrx_word' id='word_1_766' title='bbox 2727 4712 2825 4779; x_wconf 78' lang='grc' dir='ltr'>τὴν</span> <span class='ocrx_word' id='word_1_767' title='bbox 2855 4709 2910 4763; x_wconf 75' lang='grc' dir='ltr'>δὲ</span> <span class='ocrx_word' id='word_1_768' title='bbox 2939 4707 3096 4775; x_wconf 77' lang='grc' dir='ltr'>δόξαν</span> <span class='ocrx_word' id='word_1_769' title='bbox 3122 4705 3231 4759; x_wconf 85' lang='grc' dir='ltr'><strong>τῶν</strong></span> <span class='ocrx_word' id='word_1_770' title='bbox 3262 4705 3402 4774; x_wconf 73' lang='grc' dir='ltr'>ἄγαν</span> <span class='ocrx_word' id='word_1_771' title='bbox 3439 4703 3743 4774; x_wconf 74' lang='grc' dir='ltr'>ιπιφανῶν,</span> <span class='ocrx_word' id='word_1_772' title='bbox 3769 4705 4074 4774; x_wconf 78' lang='grc' dir='ltr'>προθύμως</span> 
     </span>
    </p>
   </div>
   <div class='ocr_carea' id='block_1_106' title="bbox 2486 4797 4073 4874">
    <p class='ocr_par' dir='ltr' id='par_1_106' title="bbox 2486 4797 4073 4874">
     <span class='ocr_line' id='line_1_106' title="bbox 2486 4797 4073 4874; baseline -0.008 -15"><span class='ocrx_word' id='word_1_773' title='bbox 2486 4823 2545 4859; x_wconf 86' lang='grc' dir='ltr'><strong>τε</strong></span> <span class='ocrx_word' id='word_1_774' title='bbox 2599 4803 2985 4874; x_wconf 86' lang='grc' dir='ltr'>συνδραμοῦσα</span> <span class='ocrx_word' id='word_1_775' title='bbox 3035 4802 3131 4855; x_wconf 79' lang='grc' dir='ltr'>καὶ</span> <span class='ocrx_word' id='word_1_776' title='bbox 3189 4801 3592 4870; x_wconf 84' lang='grc' dir='ltr'>παραπλησίως</span> <span class='ocrx_word' id='word_1_777' title='bbox 3635 4800 3702 4867; x_wconf 78' lang='grc' dir='ltr'>τῇ</span> <span class='ocrx_word' id='word_1_778' title='bbox 3740 4797 3921 4868; x_wconf 80' lang='grc' dir='ltr'>πόρνῃ</span> <span class='ocrx_word' id='word_1_779' title='bbox 3946 4800 4073 4857; x_wconf 59' lang='grc' dir='ltr'>τοὺς</span> 
     </span>
    </p>
   </div>
   <div class='ocr_carea' id='block_1_107' title="bbox 2488 4891 4074 4966">
    <p class='ocr_par' dir='ltr' id='par_1_107' title="bbox 2488 4891 4074 4966">
     <span class='ocr_line' id='line_1_107' title="bbox 2488 4891 4074 4966; baseline -0.006 -15"><span class='ocrx_word' id='word_1_780' title='bbox 2488 4898 2700 4952; x_wconf 68' lang='grc' dir='ltr'>ἐκείνου</span> <span class='ocrx_word' id='word_1_781' title='bbox 2722 4897 2887 4959; x_wconf 86' lang='grc' dir='ltr'>πόδας</span> <span class='ocrx_word' id='word_1_782' title='bbox 2907 4895 3138 4966; x_wconf 84' lang='grc' dir='ltr'>δάκρυσι</span> <span class='ocrx_word' id='word_1_783' title='bbox 3163 4892 3454 4963; x_wconf 75' lang='grc' dir='ltr'>βρέχουσα,</span> <span class='ocrx_word' id='word_1_784' title='bbox 3474 4891 3782 4961; x_wconf 77' lang='grc' dir='ltr'>παρεκάλει</span> <span class='ocrx_word' id='word_1_785' title='bbox 3813 4891 3886 4944; x_wconf 80' lang='grc' dir='ltr'>δι’</span> <span class='ocrx_word' id='word_1_786' title='bbox 3905 4891 4074 4960; x_wconf 74' lang='grc' dir='ltr'>εὐχῆς</span> 
     </span>
    </p>
   </div>
   <div class='ocr_carea' id='block_1_108' title="bbox 2489 4984 4074 5060">
    <p class='ocr_par' dir='ltr' id='par_1_108' title="bbox 2489 4984 4074 5060">
     <span class='ocr_line' id='line_1_108' title="bbox 2489 4984 4074 5060; baseline -0.005 -17"><span class='ocrx_word' id='word_1_787' title='bbox 2489 4992 2626 5060; x_wconf 77' lang='grc' dir='ltr'>αὐτῇ</span> <span class='ocrx_word' id='word_1_788' title='bbox 2666 4989 2921 5057; x_wconf 79' lang='grc' dir='ltr'>γενέσθαι</span> <span class='ocrx_word' id='word_1_789' title='bbox 2951 4986 3086 5041; x_wconf 81' lang='grc' dir='ltr'>υἱόν.</span> <span class='ocrx_word' id='word_1_790' title='bbox 3132 4986 3222 5049; x_wconf 78' lang='grc' dir='ltr'>Ὠς</span> <span class='ocrx_word' id='word_1_791' title='bbox 3251 4986 3309 5039; x_wconf 64' lang='grc' dir='ltr'>δὲ</span> <span class='ocrx_word' id='word_1_792' title='bbox 3334 4987 3486 5039; x_wconf 85' lang='grc' dir='ltr'>κάτω</span> <span class='ocrx_word' id='word_1_793' title='bbox 3518 4985 3747 5054; x_wconf 85' lang='grc' dir='ltr'>κειμένη</span> <span class='ocrx_word' id='word_1_794' title='bbox 3778 4984 3878 5036; x_wconf 85' lang='grc' dir='ltr'><strong>τοῦ</strong></span> <span class='ocrx_word' id='word_1_795' title='bbox 3915 4985 4074 5044; x_wconf 61' lang='grc' dir='ltr'>ποῶς</span> 
     </span>
    </p>
   </div>
   <div class='ocr_carea' id='block_1_109' title="bbox 2487 5075 4071 5151">
    <p class='ocr_par' dir='ltr' id='par_1_109' title="bbox 2487 5075 4071 5151">
     <span class='ocr_line' id='line_1_109' title="bbox 2487 5075 4071 5151; baseline -0.003 -17"><span class='ocrx_word' id='word_1_796' title='bbox 2487 5083 2642 5151; x_wconf 79' lang='grc' dir='ltr'>αὐτῷ</span> <span class='ocrx_word' id='word_1_797' title='bbox 2670 5082 2762 5134; x_wconf 77' lang='grc' dir='ltr'>τὸν</span> <span class='ocrx_word' id='word_1_798' title='bbox 2788 5079 2991 5150; x_wconf 69' lang='grc' dir='ltr'>ταρσὸν</span> <span class='ocrx_word' id='word_1_799' title='bbox 3044 5079 3458 5149; x_wconf 72' lang='grc' dir='ltr'>έκκεκομμένον</span> <span class='ocrx_word' id='word_1_800' title='bbox 3487 5079 3553 5147; x_wconf 78' lang='grc' dir='ltr'><strong>τῇ</strong></span> <span class='ocrx_word' id='word_1_801' title='bbox 3585 5077 3822 5145; x_wconf 82' lang='grc' dir='ltr'>ἀσκήσει</span> <span class='ocrx_word' id='word_1_802' title='bbox 3849 5075 3947 5130; x_wconf 83' lang='grc' dir='ltr'><strong>τοῦ</strong></span> <span class='ocrx_word' id='word_1_803' title='bbox 3987 5079 4071 5129; x_wconf 78' lang='grc' dir='ltr'><strong>τέ-</strong></span> 
     </span>
    </p>
   </div>
   <div class='ocr_carea' id='block_1_110' title="bbox 2489 5171 4069 5242">
    <p class='ocr_par' dir='ltr' id='par_1_110' title="bbox 2489 5171 4069 5242">
     <span class='ocr_line' id='line_1_110' title="bbox 2489 5171 4069 5242; baseline -0.003 -18"><span class='ocrx_word' id='word_1_804' title='bbox 2489 5190 2670 5236; x_wconf 85' lang='grc' dir='ltr'>νοντος</span> <span class='ocrx_word' id='word_1_805' title='bbox 2699 5172 2984 5238; x_wconf 73' lang='grc' dir='ltr'>ἐθεάσατο,</span> <span class='ocrx_word' id='word_1_806' title='bbox 3015 5172 3459 5241; x_wconf 84' lang='grc' dir='ltr'>καταπλήττεται</span> <span class='ocrx_word' id='word_1_807' title='bbox 3511 5172 3612 5242; x_wconf 76' lang='grc' dir='ltr'><strong>τὴν</strong></span> <span class='ocrx_word' id='word_1_808' title='bbox 3643 5171 3952 5241; x_wconf 72' lang='grc' dir='ltr'>ὑπομονὴν,</span> <span class='ocrx_word' id='word_1_809' title='bbox 3979 5171 4069 5222; x_wconf 76' lang='grc' dir='ltr'>καὶ</span> 
     </span>
    </p>
   </div>
   <div class='ocr_carea' id='block_1_111' title="bbox 2493 5260 4066 5338">
    <p class='ocr_par' dir='ltr' id='par_1_111' title="bbox 2493 5260 4066 5338">
     <span class='ocr_line' id='line_1_111' title="bbox 2493 5260 4066 5338; baseline -0.005 -18"><span class='ocrx_word' id='word_1_810' title='bbox 2493 5267 2676 5336; x_wconf 71' lang='grc' dir='ltr'>φωνὰς</span> <span class='ocrx_word' id='word_1_811' title='bbox 2706 5269 2774 5338; x_wconf 77' lang='grc' dir='ltr'>τῇ</span> <span class='ocrx_word' id='word_1_812' title='bbox 2799 5265 3085 5336; x_wconf 71' lang='grc' dir='ltr'>Χαναναία</span> <span class='ocrx_word' id='word_1_813' title='bbox 3137 5260 3526 5334; x_wconf 84' lang='grc' dir='ltr'>παραπλησίας</span> <span class='ocrx_word' id='word_1_814' title='bbox 3551 5261 3772 5331; x_wconf 75' lang='grc' dir='ltr'>ἀφίησι.</span> <span class='ocrx_word' id='word_1_815' title='bbox 3839 5262 4066 5314; x_wconf 77' lang='grc' dir='ltr'>Διδοῦσα</span> 
     </span>
    </p>
   </div>
   <div class='ocr_carea' id='block_1_112' title="bbox 2490 5353 4068 5429">
    <p class='ocr_par' dir='ltr' id='par_1_112' title="bbox 2490 5353 4068 5429">
     <span class='ocr_line' id='line_1_112' title="bbox 2490 5353 4068 5429; baseline -0.004 -18"><span class='ocrx_word' id='word_1_816' title='bbox 2490 5359 2600 5429; x_wconf 83' lang='grc' dir='ltr'><strong>γάρ</strong></span> <span class='ocrx_word' id='word_1_817' title='bbox 2655 5357 2920 5427; x_wconf 81' lang='grc' dir='ltr'>σπαρτίον</span> <span class='ocrx_word' id='word_1_818' title='bbox 2974 5355 3130 5425; x_wconf 69' lang='grc' dir='ltr'>ἠξίου</span> <span class='ocrx_word' id='word_1_819' title='bbox 3180 5354 3260 5424; x_wconf 77' lang='grc' dir='ltr'><strong>τῷ</strong></span> <span class='ocrx_word' id='word_1_820' title='bbox 3291 5353 3418 5406; x_wconf 68' lang='grc' dir='ltr'>ποδὶ</span> <span class='ocrx_word' id='word_1_821' title='bbox 3457 5353 3652 5423; x_wconf 69' lang='grc' dir='ltr'>ἱκείνῳ</span> <span class='ocrx_word' id='word_1_822' title='bbox 3678 5353 4068 5422; x_wconf 74' lang='grc' dir='ltr'>περιελίξαντα</span> 
     </span>
    </p>
   </div>
   <div class='ocr_carea' id='block_1_113' title="bbox 2491 5446 4067 5522">
    <p class='ocr_par' dir='ltr' id='par_1_113' title="bbox 2491 5446 4067 5522">
     <span class='ocr_line' id='line_1_113' title="bbox 2491 5446 4067 5522; baseline -0.001 -20"><span class='ocrx_word' id='word_1_823' title='bbox 2491 5452 2654 5505; x_wconf 85' lang='grc' dir='ltr'>πάλιν</span> <span class='ocrx_word' id='word_1_824' title='bbox 2680 5450 2818 5520; x_wconf 82' lang='grc' dir='ltr'><strong>αὑτῇ</strong></span> <span class='ocrx_word' id='word_1_825' title='bbox 2852 5450 3034 5502; x_wconf 73' lang='grc' dir='ltr'>δοῦναι</span> <span class='ocrx_word' id='word_1_826' title='bbox 3057 5447 3223 5522; x_wconf 78' lang='grc' dir='ltr'>τοῦτο</span> <span class='ocrx_word' id='word_1_827' title='bbox 3262 5446 3448 5519; x_wconf 82' lang='grc' dir='ltr'>βοῶσα</span> <span class='ocrx_word' id='word_1_828' title='bbox 3477 5447 3753 5517; x_wconf 86' lang='grc' dir='ltr'>πλήρωμα</span> <span class='ocrx_word' id='word_1_829' title='bbox 3779 5448 3881 5516; x_wconf 78' lang='grc' dir='ltr'>τῆς</span> <span class='ocrx_word' id='word_1_830' title='bbox 3916 5452 4067 5517; x_wconf 68' lang='lat' dir='ltr'><strong>uiti;-</strong></span> 
     </span>
    </p>
   </div>
   <div class='ocr_carea' id='block_1_114' title="bbox 2492 5539 4069 5612">
    <p class='ocr_par' dir='ltr' id='par_1_114' title="bbox 2492 5539 4069 5612">
     <span class='ocr_line' id='line_1_114' title="bbox 2492 5539 4069 5612; baseline -0.003 -16"><span class='ocrx_word' id='word_1_831' title='bbox 2492 5561 2651 5604; x_wconf 82' lang='grc' dir='ltr'>σεως.</span> <span class='ocrx_word' id='word_1_832' title='bbox 2702 5541 2759 5595; x_wconf 88' lang='lat'><strong>&#39;0</strong></span> <span class='ocrx_word' id='word_1_833' title='bbox 2791 5542 2848 5594; x_wconf 77' lang='grc' dir='ltr'>δὲ</span> <span class='ocrx_word' id='word_1_834' title='bbox 2884 5542 3104 5612; x_wconf 82' lang='grc' dir='ltr'>πρῶτον</span> <span class='ocrx_word' id='word_1_835' title='bbox 3160 5541 3259 5611; x_wconf 75' lang='grc' dir='ltr'>μὲν</span> <span class='ocrx_word' id='word_1_836' title='bbox 3302 5539 3405 5593; x_wconf 78' lang='grc' dir='ltr'>οὐκ</span> <span class='ocrx_word' id='word_1_837' title='bbox 3436 5541 3703 5610; x_wconf 73' lang='grc' dir='ltr'>ἠνείχετοο</span> <span class='ocrx_word' id='word_1_838' title='bbox 3749 5540 3952 5595; x_wconf 68' lang='grc' dir='ltr'>ἒπειτα</span> <span class='ocrx_word' id='word_1_839' title='bbox 3980 5542 4069 5594; x_wconf 68' lang='grc' dir='ltr'>καὶ</span> 
     </span>
    </p>
   </div>
   <div class='ocr_carea' id='block_1_115' title="bbox 2491 5632 4067 5704">
    <p class='ocr_par' dir='ltr' id='par_1_115' title="bbox 2491 5632 4067 5704">
     <span class='ocr_line' id='line_1_115' title="bbox 2491 5632 4067 5704; baseline 0.001 -17"><span class='ocrx_word' id='word_1_840' title='bbox 2491 5637 2601 5696; x_wconf 68' lang='grc' dir='ltr'>τοῖς</span> <span class='ocrx_word' id='word_1_841' title='bbox 2630 5635 2844 5699; x_wconf 78' lang='grc' dir='ltr'>έκείνης</span> <span class='ocrx_word' id='word_1_842' title='bbox 2885 5632 3231 5703; x_wconf 81' lang='grc' dir='ltr'>δυσωπηθεὶς</span> <span class='ocrx_word' id='word_1_843' title='bbox 3279 5632 3540 5704; x_wconf 82' lang='grc' dir='ltr'>δάκρυσι,</span> <span class='ocrx_word' id='word_1_844' title='bbox 3576 5632 3716 5704; x_wconf 74' lang='grc' dir='ltr'>πρὸς</span> <span class='ocrx_word' id='word_1_845' title='bbox 3743 5632 3802 5686; x_wconf 72' lang='grc' dir='ltr'>δὲ</span> <span class='ocrx_word' id='word_1_846' title='bbox 3836 5636 3933 5686; x_wconf 73' lang='grc' dir='ltr'>καὶ</span> <span class='ocrx_word' id='word_1_847' title='bbox 3962 5634 4067 5691; x_wconf 74' lang='grc' dir='ltr'>τοῖς</span> 
     </span>
    </p>
   </div>
   <div class='ocr_carea' id='block_1_116' title="bbox 2491 5725 4061 5796">
    <p class='ocr_par' dir='ltr' id='par_1_116' title="bbox 2491 5725 4061 5796">
     <span class='ocr_line' id='line_1_116' title="bbox 2491 5725 4061 5796; baseline -0.001 -18"><span class='ocrx_word' id='word_1_848' title='bbox 2491 5725 2585 5778; x_wconf 81' lang='grc' dir='ltr'><strong>τοῦ</strong></span> <span class='ocrx_word' id='word_1_849' title='bbox 2615 5725 2914 5778; x_wconf 78' lang='grc' dir='ltr'>ἐπισκόπου</span> <span class='ocrx_word' id='word_1_850' title='bbox 2961 5727 3055 5778; x_wconf 69' lang='grc' dir='ltr'>καὶ</span> <span class='ocrx_word' id='word_1_851' title='bbox 3093 5725 3201 5778; x_wconf 79' lang='grc' dir='ltr'>τῶν</span> <span class='ocrx_word' id='word_1_852' title='bbox 3232 5727 3439 5780; x_wconf 85' lang='grc' dir='ltr'>λοιπῶν</span> <span class='ocrx_word' id='word_1_853' title='bbox 3486 5726 3767 5796; x_wconf 78' lang='grc' dir='ltr'>καμφθεὶς</span> <span class='ocrx_word' id='word_1_854' title='bbox 3805 5728 4061 5796; x_wconf 60' lang='grc' dir='ltr'>ῥήμασι-ρ,</span> 
     </span>
    </p>
   </div>
   <div class='ocr_carea' id='block_1_117' title="bbox 2491 5815 4060 5889">
    <p class='ocr_par' dir='ltr' id='par_1_117' title="bbox 2491 5815 4060 5889">
     <span class='ocr_line' id='line_1_117' title="bbox 2491 5815 4060 5889; baseline -0.001 -20"><span class='ocrx_word' id='word_1_855' title='bbox 2491 5819 2554 5869; x_wconf 81' lang='grc' dir='ltr'>οὺ</span> <span class='ocrx_word' id='word_1_856' title='bbox 2594 5818 2753 5886; x_wconf 88' lang='grc' dir='ltr'>μόνον</span> <span class='ocrx_word' id='word_1_857' title='bbox 2781 5815 2936 5887; x_wconf 80' lang='grc' dir='ltr'>αὐτῷ</span> <span class='ocrx_word' id='word_1_858' title='bbox 2964 5817 3233 5887; x_wconf 87' lang='grc' dir='ltr'>σπαρτίον</span> <span class='ocrx_word' id='word_1_859' title='bbox 3261 5818 3575 5889; x_wconf 80' lang='grc' dir='ltr'>περιελίξας</span> <span class='ocrx_word' id='word_1_860' title='bbox 3621 5820 3885 5882; x_wconf 69' lang='grc' dir='ltr'>δέδωκεν,</span> <span class='ocrx_word' id='word_1_861' title='bbox 3937 5821 4060 5871; x_wconf 63' lang='grc' dir='ltr'>ἀλλὰ</span> 
     </span>
    </p>
   </div>
   <div class='ocr_carea' id='block_1_118' title="bbox 2495 5911 4058 5986">
    <p class='ocr_par' dir='ltr' id='par_1_118' title="bbox 2495 5911 4058 5986">
     <span class='ocr_line' id='line_1_118' title="bbox 2495 5911 4058 5986; baseline -0.002 -22"><span class='ocrx_word' id='word_1_862' title='bbox 2495 5912 2589 5964; x_wconf 68' lang='grc' dir='ltr'>καὶ</span> <span class='ocrx_word' id='word_1_863' title='bbox 2643 5911 2856 5966; x_wconf 66' lang='grc' dir='ltr'>παιδίον</span> <span class='ocrx_word' id='word_1_864' title='bbox 2909 5912 3081 5980; x_wconf 78' lang='grc' dir='ltr'>αὐτὴν</span> <span class='ocrx_word' id='word_1_865' title='bbox 3110 5914 3292 5968; x_wconf 81' lang='grc' dir='ltr'>τεκεῖν</span> <span class='ocrx_word' id='word_1_866' title='bbox 3317 5917 3694 5986; x_wconf 82' lang='grc' dir='ltr'>προεσήμανε,</span> <span class='ocrx_word' id='word_1_867' title='bbox 3728 5921 3820 5967; x_wconf 74' lang='grc' dir='ltr'>καὶ</span> <span class='ocrx_word' id='word_1_868' title='bbox 3852 5913 3946 5980; x_wconf 73' lang='grc' dir='ltr'>τὴν</span> <span class='ocrx_word' id='word_1_869' title='bbox 3975 5911 4058 5964; x_wconf 73' lang='grc' dir='ltr'>το]</span> 
     </span>
    </p>
   </div>
  </div>
