4214 6444
162 386 302 451 1οἓ9

1225 394 1406 453 νιΤΑ
1449 396 1512 454 S.
1552 394 1914 455 DANlELlS
1956 392 2314 452 STYLIT.‘E.

3268 394 3413 457 1030

159 504 352 566 παιδὶς
396 503 587 574 κλῆσιν
636 506 1084 577 προανεφιὶηησε,
1131 508 1375 582 Ζήνωνα,
1408 509 1654 575 φάσκων,
1685 504 1730 563 ὧ
1761 519 1804 573 Α

1761 519 1804 573 Α
1835 508 1999 562 etiam
2034 522 2234 561 nomen
2274 505 2392 567 filii,
2424 505 2723 568 Zenonem,
2756 503 2968 567 dicens,
2999 518 3031 559 0
3065 506 3283 569 mulier,
3323 526 3414 562 vo-

157 597 343 661 γύναι,
388 597 480 648 τὸν
505 598 670 650 παῖδα
708 599 985 661 καλέσεις.
1017 598 1128 653 Καὶ
1169 598 1313 653 οὕτω
1352 588 1453 669 ¹μὲν
1498 599 1526 652 ὁ
1562 603 1734 668 ἅγιος.

166 686 314 752 Ἐγὼ
336 688 393 741 δι
418 688 570 741 οὐδὲν
598 688 725 759 ἄρτι
746 691 910 749 πλέον
929 691 1058 761 έρῶ·
1078 690 1239 759 δῆλον
1257 693 1365 763 γὰρ
1389 694 1471 748 ὅτι
1490 694 1733 762 γέγονεν·

155 778 284 830 ius!
318 779 483 849 μηδέν
516 777 770 835 διέπιπτε
806 780 913 833 τῶν
939 779 1030 834 ὑπ’
1054 780 1266 834 ἐκείνου
1290 782 1729 852 προλεγομένων.

156 872 260 924 Διὰ
286 871 457 925 ταῦτα
490 872 589 925 καὶ
618 873 710 924 τὸν
736 874 884 926 δσιον
909 874 939 926 δ
967 872 1221 943 βασιλεὺς
1245 873 1522 939 δεδοικὼς,
1555 876 1648 929 καὶ
1674 875 1736 926 τὸ

159 959 297 1025 πρὸς
332 960 495 1013 αὑτὸν
521 961 831 1015 άντιπνέειν
860 963 997 1026 ὅλως
1033 965 1303 1018 έκκλίνων
1327 964 1492 1036 τέχνη
1524 967 1616 1036 καὶ
1649 982 1739 1020 κο-

160 1049 358 1123 λακείᾳ
385 1049 578 1106 τοῦτον
608 1051 886 1122 μετελθεῖν
916 1054 1229 1125 ἐπεχείρειο
1262 1055 1354 1108 καὶ
1604 1056 1737 1108 πολ-

158 1144 321 1204 λάκις
374 1144 539 1197 αὑτὸν
579 1146 984 1216 παραγενέσθαι
1024 1148 1119 1200 καί
1152 1148 1241 1200 διὰ
1290 1149 1501 1202 πολλῶν
1523 1149 1737 1218 δεηθεὶς

157 1239 263 1290 οὒκ
286 1236 524 1299 ἔπειθεν,
550 1238 710 1301 αὐτὸς
754 1239 890 1310 πρὸς
939 1240 1099 1293 αὑτὸν
1121 1236 1273 1312 ἦλθε,
1300 1242 1393 1295 καὶ
1423 1245 1480 1295 ὲν
1523 1243 1735 1295 οἰκέτου

160 1334 405 1399 σχήματι
436 1332 752 1396 προσκυνεῖ,
788 1331 882 1383 καὶ
910 1333 1088 1384 ποδῶν
1108 1333 1341 1387 ἅπτεται
1362 1334 1478 1387 τῶν
1506 1334 1733 1397 ὶκείνου,

160 1422 499 1493 συγγνώμης
529 1425 689 1493 δῆθεν
733 1424 1033 1494 ἀξιωθῆναι
1073 1426 1351 1496 δεόμενος.
1403 1428 1464 1479 ’0
1516 1427 1571 1480 δὲ
1605 1431 1736 1493 (καὶ

156 1515 241 1575 τίς
268 1515 375 1583 γὰρ
398 1516 609 1567 ἐκείνου
624 1514 807 1585 διορᾷν
832 1516 1003 1568 ταῦτα
1025 1516 1436 1587 ὀξυωπέστερος
1457 1536 1470 1582 ς
1491 1520 1507 1585 )
1529 1520 1735 1570 ἐκεῖνον

162 1606 268 1675 μὲν
299 1606 420 1659 τότε
472 1607 690 1669 πολλοῖς
740 1610 853 1670 τοῖς
887 1608 1118 1662 ὀνείδεσι
1156 1609 1381 1662 πλύνει·
1415 1610 1642 1678 ὓστερον
1676 1610 1732 1662 δὲ

158 1699 254 1752 καὶ
286 1699 345 1750 τδ
373 1696 499 1761 τοὺς
527 1698 758 1763 πολλοὺς
784 1698 1046 1753 λανθάνον
1094 1699 1493 1765 ἀνακαλύπτει,
1544 1700 1619 1752 Τδ
1645 1718 1736 1753 τα-

160 1792 345 1843 πεινὸν
376 1793 552 1844 ἐκεῖνο
591 1792 683 1845 καὶ
717 1794 1200 1863 συντετριμμένον,
1230 1792 1421 1859 εἰπὼν,
1446 1793 1733 1862 ὑπόκρισις

1839 598 1991 653 eabis
2021 598 2213 651 filium.
2246 598 2313 651 Et
2342 597 2422 651 sic
2454 598 2672 663 quidem
2702 605 2948 652 sanctus.
2980 598 3090 665 Ego
3116 611 3299 656 autem
3331 604 3416 655 ni.

1841 691 1916 745 hil
1954 692 2132 747 dicam
2171 691 2428 760 amplius.
2463 689 2683 744 Clarum
2717 698 2803 746 est
2835 693 2981 746 enim
3016 693 3091 746 ita
3123 699 3412 763 evenisse;

1840 784 1977 838 nihil
2013 784 2160 839 enim
2201 784 2489 837 excidebat
2528 798 2593 838 ex
2640 784 2707 839 iis
2742 799 2867 852 qua
2900 785 2970 838 ab
3012 786 3107 839 illo
3147 788 3415 855 praedice-

1838 874 2059 929 bantur.
2085 874 2321 941 Pr0pter
2344 882 2598 929 sanctum
2622 889 2843 943 quoque
2865 875 3066 930 timens
3090 876 3410 948 imperator,

1836 974 1892 1021 et
1917 966 1969 1021 ei
1998 966 2228 1021 omnino
2258 980 2561 1035 repugnate
2591 966 2909 1032 declinans,
2939 982 3067 1022 eum
3098 969 3414 1038 aggreditur

1836 1068 1954 1115 arte
1992 1068 2050 1114 et
2088 1059 2393 1127 blanditiis,
2430 1070 2489 1115 et
2524 1074 2651 1115 cum
2690 1060 2809 1130 ipse
2848 1075 2991 1129 sape
3028 1077 3178 1128 eum,
3219 1072 3276 1117 et
3305 1078 3413 1133 per

1838 1151 2063 1214 multos,
2096 1160 2156 1205 ut
2185 1151 2253 1207 ad
2288 1152 2465 1222 ipsum
2494 1150 2706 1206 veniret
2735 1161 3014 1221 precatus,
3045 1169 3156 1209 non
3187 1170 3414 1225 persua-

1837 1243 2025 1308 debat,
2060 1244 2176 1313 ipse
2210 1244 2279 1299 ad
2310 1260 2438 1300 eum
2472 1246 2645 1311 venit,
2675 1252 2733 1299 et
2764 1244 2873 1298 ritu
2905 1247 3170 1315 supplicis
3197 1249 3409 1314 adorat,

1836 1344 1893 1390 et
1924 1335 2071 1389 illius
2102 1337 2271 1404 pedes
2319 1338 2647 1405 probensat,
2677 1353 2876 1408 rogans
2905 1348 2966 1393 ut
2995 1340 3102 1394 sibi
3131 1332 3290 1396 dctu'r
3316 1358 3413 1404 ve-

1838 1427 1948 1481 nia.
1979 1428 2074 1483 Ille
2098 1441 2281 1483 autem
2315 1430 2460 1499 (quis
2492 1432 2638 1484 enim
2687 1431 2755 1485 ad
2789 1446 2854 1484 ea
2882 1432 3264 1491 videndaerat
3295 1434 3415 1505 ipso

1839 1521 2209 1590 perspicacior
2224 1522 2267 1590 ἳ)
2297 1521 2450 1575 illum
2468 1522 2689 1591 quidem
2712 1521 2900 1576 multis
2924 1531 3053 1577 tunc
3082 1526 3295 1591 probris
3326 1528 3414 1579 ina

1836 1616 2106 1683 sequitur.
2141 1613 2351 1669 Deinde
2378 1615 2547 1668 etiam
2575 1614 2755 1683 aperit
2784 1614 2837 1670 id
2865 1614 3011 1684 quod
3043 1616 3246 1672 multos
3272 1616 3411 1672 late-

1838 1705 1930 1759 bat
1963 1720 1980 1758 :
2014 1704 2309 1760 llumilitas
2346 1704 2458 1767 illa,
2494 1705 2706 1771 dicens,
2742 1714 2798 1759 et
2831 1706 3091 1761 contritio
3121 1717 3206 1761 est
3236 1710 3411 1762 artifi-

1837 1797 1986 1850 ciosa
2016 1796 2316 1857 simulatio,
2346 1796 2516 1850 densa
2549 1796 2689 1865 pelle
2723 1804 2910 1866 tegens
2943 1795 3409 1865 importunitatem

158 1882 256 1935 καὶ
299 1884 600 1953 μηχάνημα
628 1880 720 1954 ἢν,
760 1883 863 1937 ὑπὸ
893 1884 1045 1937 δασεῖ
1078 1884 1260 1954 κωδίῳ
1290 1874 1349 1936 τὸ
1376 1885 1612 1953 χαλεπὸν
1639 1886 1733 1936 αὐ-
1765 1867 1810 1926 Β

1765 1867 1810 1926 Β
1838 1891 1957 1959 ejus
1988 1900 2045 1945 et
2073 1889 2503 1956 immanitatem,
2532 1889 2627 1944 sed
2657 1889 2767 1943 cito
2791 1890 3078 1955 videbitis,
3106 1891 3201 1961 qui
3229 1893 3412 1947 omnia

156 1974 255 2028 τοῦ
280 1975 375 2028 καὶ
396 1976 587 2046 ἄγριον
614 1975 1033 2041 συγκαλύπτων.
1077 1975 1242 2028 Ἀλλὰ
1271 1976 1359 2028 διὰ
1383 1977 1578 2048 τάχους
1608 1976 1735 2042 διε-

153 2084 250 2119 ται
277 2068 367 2119 τὸν
398 2067 577 2120 πάντα
602 2066 863 2136 διορῶντα
911 2068 1006 2121 τοῦ
1041 2067 1174 2121 Θεοῦ
1204 2067 1485 2136 ὀφθαλμὸν
1515 2067 1611 2119 καὶ
1640 2072 1737 2131 τὴν

156 2160 433 2228 κραταιάν
464 2159 623 2228 χεῖρα
652 2160 746 2212 καὶ
802 2160 928 2222 τοὺς
962 2159 1221 2222 δυνατοὺς
1262 2156 1732 2210 καταϐάλλουσαν.

166 2249 230 2305 Ὃ
257 2254 525 2323 μακάριος
575 2251 815 2306 τοσαῦτα
846 2252 1349 2320 θαυματουργήσας
1385 2252 1480 2305 καὶ
1526 2249 1618 2303 τὸν
1642 2249 1735 2301 τοῦ

153 2345 294 2399 Θεοῦ
321 2346 577 2416 πολέμιον
607 2345 832 2418 τρέψας,
864 2345 957 2399 καὶ
983 2345 1051 2397 τὰ
1086 2343 1185 2414 τῆς
1215 2342 1546 2411 Ἐκκλησίας
1574 2339 1737 2397 εῦκα-

155 2439 460 2505 ταστήσας,
492 2438 629 2491 ἀλλὰ
674 2437 738 2507 δὴ
767 2439 863 2491 καὶ
914 2433 1304 2506 προφητεύσας
1344 2433 1413 2486 τά
1447 2434 1733 2502 μέλλοντα,

155 2532 326 2584 πάλιν
381 2530 475 2582 ἐπὶ
508 2529 599 2582 τὸν
637 2528 831 2582 στῦλον
866 2528 1101 2595 γίνεται,
1156 2525 1383 2579 καὶτῶν
1416 2525 1643 2593 ἀγώνιον
1675 2542 1735 2578 τε

156 2625 254 2676 καὶ
285 2622 462 2675 πόνων
500 2620 749 2690 εὐψύχως
785 2618 1271 2689 ἀντιλαμϐάνεται.

227 2710 366 2766 MO’.
398 2712 473 2765 Οὐ
522 2711 690 2774 πολὺς
737 2712 793 2763 έν
827 2708 978 2779 μέσῳ
1024 2710 1238 2779 χρόνος,
1282 2709 1379 2761 καὶ⁵
1409 2708 1735 2771 Βασιλίσκος

160 2806 289 2874 μὲν,
318 2804 393 2867 ὡς
444 2806 477 2875 ἡ
537 2804 632 2857 τοῦ
670 2803 869 2874 Δανιὴλ
918 2803 1249 2874 πρόρρησις,
1281 2800 1389 2854 τῶν
1447 2800 1735 2871 βασιλείων

156 2898 505 2962 ὲκ6ά;.λεται,
536 2897 721 2966 Ζήνων
749 2894 804 2947 δὲ
845 2894 1009 2947 πάλιν
1064 2893 1171 2946 τῶν
1223 2894 1519 2963 σκήπτρων
1549 2910 1607 2945 τε
1642 2910 1735 2945 πε-

160 2992 433 3059 ριέχεται,
466 2988 564 3040 καὶ
584 2986 731 3056 αὐτῷ
765 2986 835 3039 τὰ
854 2985 962 3037 τῶν
985 2986 1343 3056 προρρήσεων
1366 2990 1539 3053 πέρας
1571 2985 1735 3053 ἐλάμ-

158 3086 317 3151 ϐανε,
367 3082 501 3152 πρὸς
560 3080 650 3133 τὸν
687 3080 859 3149 μέγαν
918 3095 973 3130 τε
1014 3080 1109 3131 καὶ
1158 3078 1298 3147 μετὰ
1342 3078 1441 3146 τῆς
1478 3078 1733 3145 γυναικὸς

1842 1978 2101 2047 perspicit
2153 1979 2245 2033 Dei
2294 1979 2547 2044 oculum,
2601 1986 2657 2033 et
2701 1978 2937 2033 validum
2980 1996 3235 2045 manum,
3290 1998 3410 2053 quae

1840 2072 2005 2123 etiam
2038 2081 2294 2139 potentes
2316 2070 2524 2140 dejicit.
2556 2074 2734 2141 Atque
2764 2088 2889 2126 eum
2921 2073 3000 2127 sic
3032 2073 3254 2142 quidem
3284 2090 3411 2129 san-

1841 2173 1963 2216 ctus
1997 2171 2104 2215 tam
2142 2162 2310 2217 multa
2344 2163 2568 2219 fecisset
2601 2164 2885 2229 miracula,
2918 2165 3125 2234 Deique
3156 2165 3409 2221 vertisset

1839 2264 1893 2307 et
1924 2254 2263 2324 proﬂigasset
2291 2255 2527 2320 hostem,
2558 2264 2615 2310 et
2646 2272 2731 2311 res
2756 2256 3014 2311 Ecclesiae
3042 2257 3179 2312 bene
3208 2259 3412 2311 consti-

1841 2348 2061 2409 tuisset,
2106 2349 2239 2417 quin
2279 2348 2442 2403 etiam
2483 2348 2667 2403 futura
2709 2348 3078 2418 predixisset,
3120 2351 3413 2405 revertitur

1839 2437 1907 2491 ad
1950 2439 2284 2503 columnam,
2322 2449 2377 2493 et
2420 2441 2725 2495 certamina
2764 2456 2829 2495 ac
2868 2442 3084 2496 labores
3123 2456 3317 2512 magno
3355 2452 3411 2497 et

1837 2530 1966 2585 forti
1997 2531 2182 2585 animo
2214 2534 2467 2601 suscipit.

1907 2709 2094 2764 XLIX.
2134 2709 2252 2764 Non
2278 2710 2510 2786 multum
2539 2707 2839 2763 intcrlluxit
2868 2710 3146 2778 temporis,
3173 2721 3227 2763 et
3255 2708 3405 2763 B.-.si-

1838 2802 2006 2856 liseus
2043 2802 2266 2871 quidem
2309 2810 2368 2854 ut
2411 2816 2440 2854 a
2486 2816 2684 2870 magno
2723 2803 3044 2871 praedictum
3085 2805 3259 2855 fuerat
3300 2802 3405 2855 Da-

1837 2896 2003 2959 nielc,
2043 2910 2071 2946 a
2119 2894 2265 2963 regia
2306 2893 2619 2963 expellitur,
2665 2902 2722 2947 et
2764 2892 2910 2946 Zeuo
2953 2908 3144 2946 rursus
3186 2906 3403 2961 sceptra

1840 2994 2012 3049 tenet,
2042 2999 2099 3038 et
2128 2984 2291 3038 finem
2322 2995 2654 3054 acceperunt
2679 2985 2799 3055 ejus
2829 2985 3227 3053 pra:dictiones,
3252 2994 3307 3037 et
3333 2999 3400 3037 at

1840 3094 2091 3149 magnum
2134 3078 2412 3132 Danielem
2448 3077 2599 3132 venit
2633 3078 2779 3132 Zeno
2816 3092 2938 3131 cum
2978 3090 3174 3142 uxore,
3211 3075 3405 3131 videns

156 3181 336 3233 ἄνεισι
378 3174 749 3242 καταλλήλους
784 3172 881 3241 μὲν
910 3172 1019 3223 τῶν
1059 3172 1422 3241 προρρήσεων
1448 3174 1546 3233 τὰς
1576 3171 1736 3222 ἐκϐἀ-
1763 3204 1804 3260 C

1763 3204 1804 3260 ρ
1839 3171 2060 3239 quidem
2092 3171 2482 3225 convenientes
2511 3171 2691 3224 exitus
2719 3170 3155 3240 praedictionum,
3204 3181 3400 3239 eventu

157 3288 277 3331 σεις
310 3267 453 3330 ίόὼν,
477 3266 631 3330 ἀξίας
660 3263 715 3316 δὲ
738 3262 845 3316 τῶν
875 3260 1158 3315 έκδάσεων
1187 3260 1486 3315 ἀποδώσων
1517 3261 1736 3329 εὐχαρι-

158 3364 341 3424 στίας.
379 3359 523 3426 Ἤδη
550 3357 604 3411 δὲ
632 3355 724 3409 τοῦ
764 3356 924 3422 λόγου
955 3354 1016 3406 τὸ
1043 3355 1194 3415 τέλος
1226 3351 1517 3421 ζητοῦντος
1542 3352 1630 3403 καὶ
1657 3350 1734 3419 τῷ

157 3454 257 3507 τοῦ
294 3450 527 3521 μεγάλου
582 3447 681 3518 βίῳ
736 3444 1217 3513 συναναπαυθῆναι
1253 3443 1732 3513 προθυμουμένου,

160 3546 364 3616 μικρὸν
415 3542 497 3595 ἔτι
544 3543 657 3602 τοῖς
705 3539 917 3591 ἐκείνου
966 3536 1242 3606 θαύμασιν
1280 3535 1731 3605 έντρυφήσωμεν.

168 3637 340 3707 Ἀνήρ
365 3652 447 3696 τις
470 3633 765 3704 χρυσοχόος
796 3631 898 3701 τὴν
930 3630 1127 3699 τέχνην
1161 3626 1373 3680 παιδίον
1401 3625 1557 3694 ἔσχεν
1580 3624 1734 3676 ἐϐδό-

159 3747 268 3801 μου
300 3728 400 3798 μὲν
428 3726 527 3797 ήδη
557 3724 650 3776 τοῦ
686 3724 841 3783 έτους
870 3721 1199 3786 ἀπτόμενον,
1231 3714 1383 3768 οὔπω
1420 3714 1476 3767 δέ
1510 3716 1601 3765 καὶ
1635 3712 1735 3782 βα-

152 3822 325 3886 δίζειν
378 3818 698 3886 δυνάμενον,
764 3812 901 3869 ἀλλὰ
955 3811 1099 3865 κατὰ
1148 3810 1217 3862 τὰ
1261 3806 1568 3879 ἑρπυστικὰ
1628 3808 1737 3857 τῷν

155 3914 398 3981 {dieile
427 3911 503 3981 τῷ
541 3909 808 3962 κινεῖσθαι
860 3907 926 3975 τῇ
979 3902 1159 3973 κοιλίᾳ
1192 3900 1496 3971 χρώμενον.
1536 3896 1737 3951 Τοῦτον

154 4011 207 4064 οἱ
241 4008 419 4068 τοκεῖς
442 4002 696 4062 λαϐόντες
733 3996 1054 4069 προτιθοῦσι
1080 3994 1172 4047 τοῦ
1206 3992 1426 4056 σςύλου,
1457 3991 1551 4044 καὶ
1579 3988 1737 4043 αὐτοὶ

156 4098 412 4155 κάτωθεν
463 4093 678 4162 οίκτρόν
735 4107 787 4142 τι
840 4094 934 4141 καὶ
972 4084 1285 4155 δακρυῶδες
1335 4084 1735 4143 ὲπικωκύοντες

156 4196 255 4248 καί
282 4191 480 4251 αὐτοὺς
503 4190 628 4248 τοὺς
658 4183 898 4255 ὁρῶντας
931 4177 1286 4244 ἐξεκαλοῦντο
1332 4176 1467 4244 πρὸς
1500 4174 1730 4244 δάκρυα.

166 4288 233 4341 '0
258 4286 316 4337 δι
346 4284 491 4344 ὅσιος
513 4276 719 4332 ἄνωθεν
746 4272 1036 4338 διακύψας,
1059 4270 1152 4322 καὶ
1177 4269 1334 4322 τοῦτο
1360 4269 1459 4337 μὲν
1481 4268 1737 4337 tum”-

160 4398 269 4443 σει,
306 4376 465 4431 τοῦτο
491 4374 547 4427 δέ
578 4371 672 4425 καὶ
710 4366 1033 4437 παραινέσει
1061 4363 1121 4415 τὸ
1156 4361 1353 4424 πένθος
1388 4361 1570 4422 αὐτοῖς
1611 4360 1739 4431 στήσ

160 4491 287 4536 σας,
323 4469 401 4540 τῷ
458 4464 588 4535 ίερῷ
641 4457 1072 4529 προσκαρτερεῖν
1126 4453 1337 4508 κελεύει
1386 4452 1462 4521 τῷ
1510 4450 1735 4540 Συμειῖυν

1836 3273 2015 3315 antem
2058 3261 2252 3332 dignas
2295 3261 2616 3316 redditurus
2655 3261 2878 3330 gratias.
2915 3260 3032 3315 Jam
3070 3275 3199 3316 vero
3237 3259 3400 3316 linem

1838 3366 2112 3423 qumrente
2143 3355 2423 3419 oratione,
2452 3362 2507 3408 et
2535 3368 2657 3407 cum
2689 3352 2865 3420 magni
2900 3352 3136 3408 Dauielis
3164 3351 3275 3407 vita
3305 3370 3401 3407 vo-

1836 3448 1981 3501 lente
2017 3448 2178 3500 simul
2215 3447 2597 3515 requiescere,
2635 3445 2689 3498 in
2727 3444 2873 3498 illius
2906 3444 3186 3500 miraculis
3221 3445 3400 3508 adhuc

1837 3553 2028 3608 parum
2063 3537 2398 3606 perjucunde
2436 3536 2869 3590 immorabimur.
2892 3535 2987 3591 Vir
3018 3536 3236 3605 quidam
3268 3538 3401 3591 arti-

1837 3629 1959 3684 ficio
2017 3628 2227 3682 aurifex
2262 3627 2498 3681 habebat
2532 3642 2786 3695 puerum,
2818 3626 2912 3695 qui
2946 3627 3241 3696 septimum
3275 3628 3398 3697 qui-

1836 3720 1959 3775 dem
1983 3722 2093 3791 jam
2121 3735 2323 3773 annum
2352 3720 2674 3788 attingebat,
2705 3718 2949 3773 nondum
2977 3728 3156 3775 autem
3185 3728 3401 3787 poterat

1838 3811 2085 3882 ingredi,
2119 3810 2212 3865 sed
2244 3811 2582 3880 serpentium
2617 3810 2723 3864 ritu
2755 3820 2944 3865 ventre
2976 3818 3168 3874 utens,
3194 3824 3256 3868 ac
3283 3824 3400 3863 mo-

1837 3904 2017 3960 vendo
2050 3905 2322 3974 reptabat.
2354 3904 2718 3972 Sumpserunt
2747 3918 2873 3957 eum
2905 3910 3185 3970 parentes,
3215 3912 3270 3956 et
3300 3916 3400 3971 po-

1837 4006 2070 4052 suerunt
2102 4005 2229 4052 ante
2264 3995 2605 4061 columnam;
2646 3994 2747 4063 ipsi
2783 4002 2963 4047 autem
2999 3992 3140 4047 infra
3176 3994 3403 4047 misera-

1824 4088 2022 4143 biliter
2068 4098 2124 4142 et
2174 4086 2431 4141 ﬂebiliter
2479 4087 2788 4156 ejulantes,
2838 4090 2988 4153 ipsos
3038 4099 3257 4154 quoque
3304 4084 3400 4153 qui

1836 4176 2131 4241 videbant,
2167 4176 2539 4245 provocabant
2572 4174 2638 4240 ad
2672 4175 2961 4245 lacrymas.
2998 4172 3232 4228 Sanctus
3264 4187 3395 4227 vero

1836 4284 1902 4327 ex
1926 4270 2035 4323 alto
2057 4266 2390 4338 despiciens,
2416 4281 2541 4319 cum
2570 4266 2766 4334 partim
2794 4264 3013 4335 quidem
3042 4262 3396 4333 increpando.

1836 4359 2035 4428 partim
2068 4368 2250 4411 autent
2282 4354 2633 4411 admonendo
2666 4369 2856 4408 comm
2890 4354 3097 4407 luctum
3132 4352 3393 4414 sedasset,

1834 4450 1990 4522 jubet
2020 4461 2079 4505 ut
2106 4458 2458 4520 perseverent
2489 4448 2544 4503 in
2574 4462 2727 4501 sacra
2756 4446 2868 4501 aede
2900 4444 3191 4507 SimeOnis,
3216 4453 3269 4499 et
3298 4458 3396 4497 ve-

158 4531 320 4632 oix'tp,
365 4531 460 4611 καί
489 4531 599 4618 τοῖς
643 4552 863 4612 σεπτοῖς
894 4546 1130 4618 χρῆσθαι
1182 4544 1477 4614 λειψάνοις,
1509 4544 1600 4597 καὶ
1626 4538 1737 4596 οἷόν
1766 4531 1816 4592 D

1728 4562 1737 4593 ρ
1766 4531 1816 4592 D
1842 4542 2101 4599 nerandis
2137 4551 2357 4595 utantur
2391 4540 2657 4609 reliquiis,
2692 4547 2747 4593 et
2781 4553 2847 4593 ea
2881 4546 3138 4605 tanquam
3173 4535 3392 4604 aliquod

157 4673 212 4709 τι
248 4654 504 4720 λυτήριον
532 4646 706 4699 ταῦτα
736 4641 849 4703 τοῖς
881 4640 1009 4691 ποσὶ
1038 4640 1151 4699 τοῖς
1184 4639 1323 4705 νόσῳ
1350 4636 1734 4706 πεδεδημινοις

160 4743 492 4803 έπιτιθέναι.
524 4733 789 4801 Εἶπε,καὶ
813 4733 1025 4801 γέγονε.
1064 4732 1171 4783 Καὶ
1201 4730 1342 4781 κατὰ
1370 4729 1468 4797 τὴν
1496 4728 1735 4798 ἑὸδόμην

159 4841 335 4909 εὐχῆς
364 4835 437 4897 ὡς
467 4832 587 4894 έθος
620 4828 725 4882 ὑπὸ
758 4826 853 4878 τοῦ
888 4825 1131 4894 μάκαρος
1162 4821 1493 4891 τελουμένης
1518 4818 1583 4890 (ὢ
1605 4820 1734 4873 θαυ-

165 4931 381 5003 μασίων
408 4922 643 4996 έργωνῑ)
676 4914 978 4989 δημιουργὲ
1013 4914 1208 4983 Κύριε,
1237 4912 1529 5003 ἁλλόμενου
1571 4911 1735 5003 ερθίδς

157 5000 223 5075 τὸ
253 5017 466 5072 παιδίον
499 5011 667 5083 δρῶσι
708 5006 819 5059 τῶν
868 5005 1062 5059 κιόνων
1092 5019 1150 5054 τε
1182 5002 1307 5065 τοὺς
1333 5000 1573 5070 βαθμοὺς
1606 5002 1738 5053 ἀνα-

158 5114 351 5167 ὁαίνον
378 5110 472 5163 καὶ
503 5108 579 5179 τῷ
603 5106 779 5175 στύλῳ
802 5101 1293 5173 περιπλεκόμενον.

233 5204 321 5259 N'.
348 5201 574 5272 Ἐτερός
595 5215 676 5261 τις
700 5199 765 5250 ὲκ
780 5196 877 5264 τῆς
905 5193 1169 5263 ἀνατολῆς
1184 5193 1283 5263 τὴν
1306 5189 1533 5260 πορείαν
1553 5186 1736 5241 ποιού-

165 5314 330 5371 μενος
366 5295 686 5366 περιπίπτει
708 5290 953 5362 λῃσταῖς.
978 5288 1041 5341 Οί
1071 5286 1126 5339 δὲ
1150 5285 1363 5355 πληγὰς
1397 5284 1565 5353 αὐτῷ,
1597 5284 1735 5335 κατὰ

160 5395 292 5456 τοὺς
325 5391 503 5461 ἱεροὺς
538 5388 727 5454 λόγους
766 5385 961 5445 εἰπεῖν,
995 5380 1273 5441 επιθέντες
1304 5378 1398 5431 καὶ
1418 5378 1672 5439 λαδόντες
1699 5374 1736 5429 ἃ

159 5485 517 5553 ἐπεφέρετο,
550 5479 610 5532 οὑ
663 5479 772 5547 μὴν
830 5474 889 5528 δι
946 5472 1085 5527 ἀλλὰ
1124 5471 1313 5525 καὶτὰ
1351 5468 1462 5523 τῶν
1491 5469 1735 5535 γονάτων

160 5577 314 5643 αὐτῷ
375 5572 542 5642 νεῦρα
598 5562 1270 5636 συγκόψαντες,’ήμιθανῆ
1322 5561 1730 5613 καταλείπουσι.

162 5670 371 5724 τοῦτον
403 5664 673 5733 ὁδοιπόροι
715 5661 857 5721 τινες
887 5658 1087 5711 οὑτωσὶ
1123 5654 1373 5724 κείμενον
1399 5651 1732 5723 θεασάμενοι

163 5764 261 5815 καὶ
319 5756 716 5828 φιλανθρώπως
782 5750 1245 5810 διαὸαστάσαντες
1298 5748 1376 5807 εἰς
1423 5747 1522 5816 τὴν
1577 5744 1731 5797 πόλιν

167 5857 457 5925 ’Ἄγκυραν
488 5850 876 5921 ἀποφέρουσιν,
913 5843 976 5896 iit
1006 5840 1263 5909 γειτόνων
1307 5836 1491 5907 οὖσαν,
1526 5837 1619 5893 καὶ
1654 5836 1732 5907 τῷ

1836 4637 2056 4690 solvens
2101 4634 2597 4696 medicamentum,
2641 4630 2833 4684 morbo
2872 4629 3069 4683 vinctis
3114 4628 3396 4695 imponant

1838 4730 2087 4800 pedibus.
2130 4729 2299 4792 Dixit,
2334 4736 2391 4781 et
2424 4725 2560 4779 facta
2594 4734 2740 4778 sunt.
2779 4722 2843 4776 Et
2876 4720 3109 4789 septimo
3144 4719 3231 4773 die
3267 4733 3390 4772 cum

1835 4826 1903 4878 de
1947 4838 2096 4877 more
2138 4822 2381 4891 precatio
2422 4818 2577 4871 ﬁeret
2619 4832 2648 4870 a
2693 4816 2848 4869 beato
2891 4813 2947 4884 (ο
2990 4810 3391 4867 admirabilium

1837 4930 2059 4986 operum
2082 4913 2263 4984 opifex
2280 4910 2583 4977 Dominel),
2617 4907 2802 4962 vident
2832 4905 3013 4960 statim
3046 4917 3275 4973 puerum
3307 4917 3392 4953 sa-

1835 5010 2082 5069 lientem,
2114 5014 2168 5059 et
2194 5003 2394 5075 gradus
2422 5000 2830 5063 ascendentem,
2862 5005 2916 5050 et
2943 4995 3245 5049 columnam
3273 5006 3392 5044 am-

1837 5101 2184 5170 plectentcm.

1906 5189 1968 5243 ι..
2006 5176 2236 5254 Quidam
2269 5184 2410 5239 alius
2444 5184 2547 5239 iter
2577 5178 2777 5235 faciens
2808 5176 2876 5230 ab
2912 5167 3393 5235 Oriente,.ineidit

1835 5283 1889 5335 in
1920 5282 2181 5344 latrones,
2209 5276 2300 5346 qui
2330 5290 2453 5330 cum
2480 5274 2526 5327 ei
2557 5272 2757 5341 plagas,
2790 5277 2849 5322 ut
2873 5279 2995 5322 cum
3023 5276 3173 5317 sacra
3200 5260 3377 5314 dicam

1835 5374 2136 5443 Scriptura,
2171 5368 2579 5441 imposuissent,
2614 5378 2735 5432 qua:
2774 5371 2957 5415 secum
2999 5352 3255 5413 habebat,
3287 5364 3388 5403 au-

1834 5468 2051 5532 ferunt;
2086 5465 2217 5535 quin
2246 5463 2411 5517 etiam
2441 5473 2565 5513 cum
2582 5456 2714 5527 ‘ejus
2742 5464 2975 5524 genuum
3008 5458 3206 5501 nervos
3230 5455 3387 5535 exse-

1833 5531 2453 5623 cuissent,—relinquunt
2500 5547 2939 5605 semimortuum.
2983 5540 3117 5593 Eum
3166 5531 3388 5603 quidam

1835 5632 2073 5709 viatores
2118 5662 2244 5705 cum
2292 5644 2557 5700 vidissent
2603 5640 2682 5695 sic
2721 5639 3013 5708 jacentem,
3056 5636 3112 5684 et
3156 5624 3389 5691 benigne

1834 5742 2205 5804 sustulissent,
2233 5737 2410 5792 ferunt
2440 5733 2494 5786 in
2526 5730 2886 5801 propinquam
2918 5720 3189 5777 civitatem
3215 5716 3389 5804 Ancv-

1836 5853 1972 5907 ram,
2001 5846 2058 5893 et
2082 5834 2137 5889 id
2167 5801 2403 5891 civitatis
2426 5826 2683 5897 episcopo
2711 5815 3035 5891 significant,
3064 5825 3093 5865 a
3118 5820 3227 5877 quo
3254 5801 3384 5857 mul-
