4214 6444
813 364 947 429 1031

1943 365 2406 450 Aeneans.—
2447 363 2897 428 naeuus”.

3978 361 4110 426 103

809 493 992 538 torum
1027 481 1367 537 medicorum
1403 481 1638 536 traditus
1673 481 1958 546 manibus,
1993 497 2121 537 cum
2154 485 2221 536 ad
2255 496 2382 536 eum

2500 481 2778 553 ιἰτισῑιόπῳ
2807 482 2910 551 τῆς
2942 480 3150 544 πόλεως
3169 481 3330 552 δῆλον
3357 478 3598 544 ποιοῦσι,
3621 479 3753 551 παρ’
3778 473 3846 534 οὗ

808 573 1115 629 curandum
1155 573 1225 626 ab
1264 575 1346 628 eis
1385 572 1692 628 adhibitum
1729 581 1876 626 esset
1915 587 2082 628 omne
2122 571 2391 637 studium,

809 674 1075 720 sanantur
1100 664 1322 734 quidem
1349 663 1602 727 vulnera,
1630 660 1728 717 sed
1760 677 2106 734 nequaquam
2139 665 2390 719 restitui-

810 764 902 809 tur
929 757 998 810 ad
1031 756 1155 814 hoc.
1185 764 1244 808 ut
1273 764 1458 824 posset
1483 753 1719 824 ingredi.
1751 753 2004 809 Nondqu
2035 757 2184 810 enim
2219 759 2266 810 is
2297 771 2388 811 re-

809 864 940 903 vera
987 863 1200 902 sacram
1246 848 1544 901 anchoram
1595 846 2039 915 apprehenderat
2085 847 2392 902 Danielem.

807 941 945 994 Cum
989 940 1179 994 multis
1220 955 1354 1009 ergo
1397 939 1654 1010 lacrymis
1698 939 2064 1007 persuasisset
2108 936 2392 1009 episcOpo,

809 1041 872 1086 ut
902 1032 1078 1102 ipsum
1109 1032 1176 1085 ad
1211 1045 1467 1098 magnum
1499 1028 1744 1083 mitteret
1776 1029 2056 1084 Danielem
2088 1027 2213 1100 (hac
2243 1030 2395 1084 enim

809 1127 878 1179 de
907 1139 1070 1177 causa
1098 1124 1318 1190 jurabat
1350 1137 1409 1176 se
1439 1121 1548 1174 iter
1577 1136 1698 1175 esse
1735 1122 2098 1190 ingressum),
2134 1131 2395 1191 tanquam

808 1231 951 1270 onus
994 1214 1297 1268 inanimum
1351 1214 1664 1282 impositum
1709 1213 2008 1282 jumentis,
2057 1212 2282 1266 ducitur
2329 1213 2397 1267 ad

808 1316 1082 1361 sanctum.
1118 1305 1324 1360 Deinde
1357 1305 1626 1358 columna
1661 1303 1982 1372 impositus,
2013 1305 2146 1374 quid
2183 1320 2294 1358 non
2328 1305 2396 1359 ad

811 1401 1134 1455 movendam
1181 1399 1402 1453 diccbat
1449 1398 1928 1452 misericordiam?
1968 1414 2107 1468 quas
2157 1415 2267 1453 non
2312 1410 2401 1465 vel

810 1495 1074 1547 maximas
1098 1493 1365 1546 aﬂ'erebat
1393 1490 1856 1545 lamentationes?
1882 1491 2189 1555 Clamabat,
2216 1492 2394 1563 lacryo

810 1587 1088 1648 mahatur,
1117 1586 1370 1639 maniE-us
1399 1585 1637 1652 petebat,
1668 1579 1846 1637 oculis
1873 1585 2169 1639 revocabat
2197 1585 2251 1639 in
2283 1601 2401 1640 me-

809 1681 1042 1734 moriam
1089 1677 1194 1733 iter
1240 1687 1466 1747 propter
1507 1689 1635 1730 eum
1680 1683 2031 1743 susceptum,
2075 1676 2404 1737 ostendebat

807 1780 948 1833 mala
979 1796 1098 1848 qua:
1124 1784 1408 1846 acceperat
1435 1793 1464 1830 a
1491 1775 1819 1830 latronibus.
1845 1773 1952 1829 Sed
1985 1772 2075 1826 hic
2105 1771 2238 1824 mihi
2267 1784 2402 1824 con-

807 1874 987 1927 sidera
1011 1914 1023 1932 .
1056 1886 1219 1941 quam
1251 1879 1397 1925 esset
1429 1870 1521 1923 hic
1554 1883 1783 1937 magnus
1813 1882 1843 1921 a
1876 1867 2017 1920 [astu
2053 1864 2268 1918 alienus
2291 1905 2303 1925 ,
2337 1871 2396 1917 et

807 1975 1075 2033 quantum
1107 1965 1300 2019 oderat
1332 1964 1596 2034 gloriam;
1625 1971 1682 2015 et
1714 1957 2179 2031 quemadmodum
2214 1956 2271 2010 in
2307 1955 2393 2010 fu-

808 2057 1018 2128 giendo
1061 2057 1272 2111 honore
1321 2065 1534 2108 tantum
1585 2053 1836 2123 posuerit
1885 2051 2080 2111 studii.
2126 2058 2390 2119 quantum

810 2153 903 2205 alii
939 2150 1006 2202 ad
1041 2149 1268 2217 gloriam
1305 2146 1748 2215 consequendam
1783 2145 2036 2199 feruntur
2063 2145 2388 2214 cupiditate.

809 2242 881 2297 Ut
908 2240 1054 2294 enim
1087 2238 1177 2292 alii
1207 2237 1549 2292 ascriberent
1576 2234 1949 2299 curationem,
1979 2249 2075 2288 eos
2104 2234 2391 2288 transmit-

809 2335 958 2388 tebat
984 2333 1050 2386 ad
1083 2330 1357 2386 Simeonis
1386 2327 1724 2391 oratorium;
1757 2326 1973 2381 etiamsi
2005 2325 2182 2393 major
2206 2325 2270 2379 ad
2307 2327 2360 2396 ip
2381 2355 2393 2365 -

808 2440 928 2478 sum
976 2439 1040 2476 cx
1084 2439 1152 2477 eo
1198 2422 1403 2475 rediret
1444 2419 1638 2488 gloria.
1685 2419 1792 2473 Sed
1838 2418 2222 2472 revertendum
2269 2425 2391 2480 est,

813 2518 956 2571 unde
996 2514 1224 2584 digressi
1260 2528 1468 2567 sumus.
1505 2512 1798 2580 Postquam
1832 2512 1980 2565 enim
2019 2511 2110 2564 ille
2147 2518 2392 2579 portatus

814 2609 917 2664 fuit
951 2607 1016 2661 ad
1054 2606 1313 2676 templum
1351 2604 1644 2667 Simeonis,
1680 2601 1748 2655 ad
1784 2602 1928 2672 quod
1962 2602 2150 2672 jussus
2184 2601 2388 2660 fuerat,

811 2710 865 2754 et
904 2698 1051 2770 quod
1090 2714 1155 2752 ex
1194 2695 1444 2765 reliquiis
1485 2694 1742 2754 sumitur.
1780 2695 1903 2748 oleo
1941 2693 2189 2764 quotidie
2229 2708 2397 2762 unge-

812 2793 998 2856 hatur,
1025 2791 1133 2861 jam
1169 2788 1389 2858 quidem
1421 2796 1540 2842 erat
1570 2795 1756 2840 sextus
1786 2785 1906 2840 dies
1936 2785 2083 2839 circa
2111 2800 2393 2848 auroram,

813 2899 937 2937 cum
988 2891 1159 2935 staret
1202 2885 1436 2949 'magnus
1484 2879 1672 2932 Dmiel
1725 2877 1790 2931 ad
1841 2878 2052 2931 cantica
2103 2876 2390 2940 matutina,

813 2976 957 3030 idem
991 2975 1122 3029 huic
1151 2987 1370 3042 quoque
1403 2971 1628 3049 accidit.
1655 2970 1801 3036 quod
1832 2969 2036 3040 priori;
2063 2983 2188 3022 nam
2221 2978 2276 3024 et
2310 2985 2398 3024 re-

2501 575 2705 646 ίατρῶν
2761 577 2951 646 χερσὶν
2992 574 3237 638 ἐκδοθεὶς
3296 575 3392 628 καὶ
3445 571 3651 641 πολλῆς
3679 573 3782 642 τῆς
3843 572 4107 638 σπουδῆς

2498 667 2635 736 παρ’
2666 666 2895 721 ἐκείνων
2928 665 3190 732 ἀξιωθεὶς
3224 666 3294 720 τὰ
3320 665 3618 737 τραύματα
3645 665 3745 734 μιν
3773 665 4108 730 ὑγιάζεται.

2495 760 2692 828 κύριος
2716 759 2773 813 δὲ
2798 759 2894 812 τοῦ
2927 758 3166 829 βαδίζειν
3186 757 3439 828 οὐδαμῶς
3479 759 3717 825 γίνεται.
3769 756 3964 809 Οῠπω
4004 759 4108 823 γᾶρ

2496 852 2597 919 τῆς
2650 852 2805 923 ἱερᾶς
2845 851 3098 922 ἀγκύρας
3125 854 3154 905 δ
3180 850 3382 921 Δανιὴλ
3407 848 3549 919 αὕτη
3619 849 3763 903 κατά
3794 849 3866 902 τὸ
3902 847 4109 916 ἀληθὲς

2496 943 2835 1013 δραξάμενος
2863 940 2954 1013 ἧν.
2997 944 3221 1005 Πολλοῖς
3251 943 3348 998 οὖν
3375 943 3614 1014 δάκρυσι
3662 945 3758 994 τὸν
3787 941 4110 994 tralatoch

2500 1036 2700 1100 πείσας
2731 1038 2826 1090 ἐπὶ
2861 1040 2952 1092 τδν
2985 1037 3161 1109 μέγαν
3185 1039 3352 1092 αὑτὸν
3384 1038 3724 1098 ἀποστεῖλαι,
3760 1037 3980 1088 τούτου
4007 1036 4110 1101 γὰρ

2501 1130 2665 1185 ἕνεκα
2713 1131 2804 1183 καὶ
2862 1130 3135 1202 διώμνυτο
3172 1130 3271 1202 τὴν
3325 1131 3557 1201 πορείαν
3609 1127 3990 1197 ποιήσασθαι,
4024 1121 4110 1178 οἷα

2502 1223 2700 1294 φόρτος
2729 1222 2939 1292 ἄψυχος
2969 1226 3081 1284 τοῖς
3119 1223 3437 1287 ὑποζυγίοις
3491 1221 3788 1283 ἐπιτεθεὶς,
3809 1221 4107 1285 ἀπάγεται

2502 1314 2640 1383 πρὸς
2665 1313 2754 1366 τὸν
2783 1315 2951 1367 ὅσιον.
2984 1311 3116 1367 Εἶτα
3144 1314 3220 1384 τῷ
3253 1315 3431 1385 στύλῳ
3478 1311 3808 1383 παρατεθεὶς
3831 1353 3848 1376 ,
3916 1311 3982 1364 τί
4038 1310 4110 1380 μὴ

2504 1409 2640 1478 πρὸς
2674 1404 2854 1462 οἶκτον
2883 1411 3056 1477 ἔλεγε,
3107 1409 3160 1462 τί
3191 1411 3265 1479 μὴ
3313 1411 3447 1480 πρὸς
3495 1409 3644 1462 ἔλεον
3678 1408 3887 1470 ἐποίει,
3938 1407 4108 1457 ποίαν

2506 1505 2722 1574 θρήνων
2776 1503 3082 1576 ὑπερϐολὴν
3111 1503 3530 1572 ἀπελίμπανενς
3602 1501 3786 1563 Ἐσόα,
3832 1501 4108 1567 ἐδάκρυε.

2504 1599 2628 1660 ταῖς
2657 1598 2845 1666 χερσὶν
2869 1599 3067 1668 ᾐτεῖτο,
3092 1599 3205 1660 τοῖς
3228 1597 3528 1666 ὀφθαλμοῖς
3550 1595 3648 1664 τῆς
3674 1595 3744 1646 δι’
3774 1595 3957 1647 αύτδν
3989 1594 4108 1645 ὁδοῦ

2506 1688 2915 1758 ὑπεμίμνησκε,
2952 1689 3019 1742 τὰ
3040 1691 3104 1742 ὲκ
3125 1689 3233 1742 τῶν
3270 1688 3487 1758 λῃστῶν
3517 1687 3727 1740 ἐδείκνυ
3760 1684 4107 1742 κακά.”Δλλ⁹

2508 1781 2744 1836 ἐνταῦθά
2773 1799 2863 1852 μοι
2889 1783 3081 1835 σκόπει
3115 1782 3212 1835 τοῦ
3241 1783 3452 1834 δικαίου
3490 1785 3552 1833 τὸ
3583 1781 3783 1851 ἄτιμον
3808 1783 3909 1834 καὶ
3951 1782 4106 1848 μισό-

2500 1872 2655 1939 δοξον
2682 1890 2694 1904 ·
2720 1876 2813 1925 καὶ
2836 1873 2984 1933 ὅπως
3006 1873 3277 1945 τοσαύτην
3299 1869 3412 1942 εἶχε
3437 1873 3695 1942 πρόνοιαν
3733 1871 3834 1924 τοῦ
3867 1872 4104 1941 φεύγειν

2495 1963 2664 2034 τιμὴν
2682 1962 2784 2032 ὅση
2811 1967 2922 2026 τοῖς
2956 1962 3137 2025 ἄλλοις
3160 1963 3256 2016 τοῦ
3282 1963 3439 2030 δόξης
3468 1960 3770 2018 ἀπολαύειν
3799 1960 4103 2031 sinon-La.

2499 2056 2619 2110 Ἵνα
2648 2057 2756 2126 γάρ
2781 2057 2953 2127 ἑτέρῳ
2988 2057 3086 2127 τὴν
3112 2057 3255 2109 ίασιν
3278 2057 3718 2126 ιπιγράφωνται,
3753 2056 3835 2126 τῷ
3867 2055 3974 2108 τοῦ
4006 2056 4104 2106 Su-

2500 2147 2649 2218 μεὼν
2697 2149 2898 2212 αὐτοὺς
2953 2149 3230 2218 εὐκτηρίςι
3269 2148 3660 2219 παρέπεμπεν,
3713 2148 3766 2200 εί
3808 2150 3907 2201 καὶ
3958 2149 4102 2201 οὕτω

2499 2241 2734 2312 μάλιστα
2756 2243 2942 2311 μεῖζον
2964 2241 3118 2311 αύτῷ
3143 2246 3174 2312 ἡ
3197 2241 3324 2306 δόξα
3355 2243 3690 2311 περιηχεῐτο.
3739 2241 3892 2293 Ἀλλ’
3915 2244 4093 2293 επαν-

2500 2333 2641 2387 ιτέον
2672 2333 2795 2386 ὀθεν
2829 2333 3127 2403 ἐξέϐημεν.
3192 2333 3279 2394 Ὧς
3301 2335 3410 2402 γὰρ
3443 2335 3651 2395 ἐκεῖνος
3673 2335 3788 2394 τοῖς
3816 2333 4100 2402 βαστάσαρ

2500 2441 2582 2476 σιν
2617 2427 2695 2486 εις
2729 2425 2791 2478 ὃν
2824 2426 3230 2493 προσετέτακτο
3254 2425 3349 2477 τοῦ
3381 2425 3606 2493 Συμεὼν
3635 2425 3930 2494 ἀπηνέχθη
3960 2424 4098 2477 νεὼν

2497 2517 2590 2565 καὶ
2621 2514 2699 2583 τῷ
2721 2516 2783 2566 ἐκ
2809 2516 2918 2592 τῷν
2941 2515 3206 2583 λειψάνων
3231 2513 3395 2582 ὲλαὶῳ
3449 2514 3801 2585 καθεκάστην
3847 2516 4094 2584 ιχρίετο,

2497 2607 2631 2674 ἕκτη
2668 2609 2767 2676 μὲν
2800 2602 2869 2677 ἦν
2892 2608 3017 2676 ἄρτι
3050 2611 3178 2676 περὶ⁹
3202 2609 3301 2678 τὴν
3332 2609 3426 2672 ἔω,
3463 2607 3558 2659 τοῦ
3591 2608 3649 2659 δὲ
3683 2607 3932 2677 μεγάλου
3968 2610 4099 2674 περὶ

2497 2698 2596 2760 τὰς
2626 2697 2854 2761 ἑωθινὰς
2884 2698 3027 2768 ᾠδὰς
3053 2700 3344 2766 ἱσταμένου
3368 2699 3566 2752 ταυτὸν
3606 2698 3680 2767 τῷ
3703 2699 3973 2769 προτέρῳ
4009 2702 4099 2750 καὶ

2500 2789 2630 2858 περὶ
2658 2789 2849 2842 τοῦτον
2899 2791 3132 2856 ἐγίνετο,
3166 2792 3356 2858 Ἀφνω
3386 2807 3442 2842 τε
3495 2793 3604 2860 γάρ
3632 2791 3723 2843 ἐπὶ
3752 2793 3888 2853 τοὺς
3928 2792 4097 2853 π-,δας

2501 2883 2735 2944 ἵσταται,
2764 2884 2857 2935 καὶ
2885 2882 3163 2952 δρομαίως
3193 2885 3321 2946 τοὺς
3356 2882 3602 2954 βαθμοὺς
3637 2883 3959 2956 ἀναϐαίνει,
4007 2883 4100 2936 καὶ

2496 2975 2574 3046 τῷ
2613 2974 2790 3045 στύλῳ
2838 2975 3200 3045 περιπλακεὶς
3249 2976 3329 3044 τῷ
3389 2975 3511 3045 Θεῷ
3545 2993 3605 3028 τε
3638 2976 3728 3028 καὶ
3780 2975 3859 3045 τῷ
3900 2978 4097 3029 τοῦτου

813 3077 977 3138 pente
1028 3066 1280 3120 con~istit
1334 3079 1500 3133 supra
1556 3063 1760 3134 pedes,
1816 3072 1873 3118 et
1925 3061 2130 3118 cursim
2185 3061 2392 3133 gradus

2500 3066 2791 3137 θεράποντι
2818 3067 2916 3138 τὴν
2940 3069 3300 3138 εὐχαριστίαν
3338 3067 3538 3123 ἐδίδου.
3609 3067 3776 3120 Ἀλλά
3821 3069 3883 3120 τί
3921 3071 4004 3139 μὴ
4040 3071 4095 3120 τὸ

813 3158 1081 3222 ascendit,
1118 3165 1172 3211 et
1210 3157 1520 3211 columnam
1557 3155 1865 3224 amplexus,
1900 3153 2012 3207 Deo
2045 3161 2101 3207 et
2133 3155 2253 3225 ejus
2286 3154 2391 3206 mi-

2507 3128 2689 3228 μεῖξον
2723 3128 2906 3227 λέγωξ
2955 3128 3237 3224 Ἱππάσιός
3277 3179 3361 3224 τις
3406 3162 3509 3230 τὴν
3547 3160 3704 3226 ἀξίαν
3738 3161 3832 3214 καὶ
3867 3128 4096 3230 tiri-rt!-

816 3253 991 3303 nistro
1031 3251 1223 3318 agebat
1261 3248 1485 3318 gratias.
1524 3246 1629 3303 Sed
1666 3262 1766 3301 cur
1802 3260 1912 3301 non
1949 3245 2074 3300 dico
2112 3246 2166 3300 id
2191 3287 2206 3314 ,
2244 3247 2395 3316 quod

815 3351 900 3395 est
932 3341 1140 3408 majus?
1166 3339 1394 3404 Quidam
1427 3337 1739 3406 Ilippasius,
1765 3348 1824 3392 et
1853 3340 2181 3394 auctoritate
2208 3347 2265 3392 et
2293 3337 2398 3393 tide

815 3432 1067 3485 centurio
1107 3439 1245 3491 erat,
1276 3429 1414 3482 sicut
1448 3429 1492 3482 is
1523 3430 1613 3497 qui
1647 3427 1961 3483 celebratur
1984 3429 2037 3483 in
2068 3429 2398 3500 Evangeliis.

817 3522 917 3576 llic
955 3536 1088 3589 ergo
1123 3519 1166 3572 si
1203 3518 1424 3587 quando
1457 3518 1686 3572 vidisset
1717 3519 1956 3589 aliquem
1996 3536 2063 3575 ex
2110 3519 2398 3574 familiari-

817 3614 941 3674 bus,
978 3619 1072 3665 aut
1105 3611 1373 3678 cognatis,
1407 3617 1502 3662 aut
1538 3607 1682 3673 (iliis,
1716 3618 1812 3664 aut
1849 3611 2022 3664 servis
2057 3611 2253 3665 morbo
2289 3611 2396 3663 im-

817 3703 1101 3772 plicatam,
1119 3717 1148 3753 a
1168 3710 1358 3755 sancto
1377 3700 1603 3769 scriptis
1617 3700 1844 3756 verbum
1863 3704 2039 3756 solum
2051 3692 2394 3773 requirebat,

815 3804 872 3848 et
905 3795 1191 3863 aegrotanti
1229 3793 1520 3863 imponens
1553 3794 1843 3864 epistolam
1868 3835 1883 3859 ,
1919 3795 2103 3849 statim
2140 3796 2394 3849 morbum

817 3896 1074 3955 tanquam
1122 3887 1360 3954 aliquem
1427 3886 1716 3956 iugitivum
1761 3885 2002 3956 fugabat.
2043 3886 2181 3942 Cum
2231 3888 2396 3943 unius

817 3978 1001 4032 adhuc
1036 3979 1361 4042 meminero,
1398 3977 1654 4033 accedam
1692 3977 1760 4032 ad
1797 3977 1979 4050 magni
2014 3977 2254 4034 Danielis
2289 3981 2395 4035 mi-

818 4069 1123 4139 grationem
1135 4107 1148 4120 .

887 4155 979 4214 Ll.
1029 4159 1224 4214 Mulier
1270 4158 1519 4230 quaedam
1577 4158 1786 4236 habens
1838 4158 2051 4226 lilium,
2102 4159 2393 4215 duodecim

817 4265 992 4306 annos
1024 4260 1211 4306 natum
1235 4290 1250 4313 ,
1289 4251 1358 4306 ab
1392 4259 1516 4306 ortu
1554 4261 1803 4316 mutum;
1837 4265 1937 4314 ea,
1974 4252 2233 4323 inquam,
2268 4267 2396 4309 cum

817 4346 1054 4400 latenter
1085 4343 1441 4410 accessisset,
1477 4353 1533 4397 et
1566 4344 1621 4396 in
1657 4344 1832 4398 sancti
1866 4345 2094 4399 mandra
2130 4344 2393 4400 charissi-

2504 3266 2621 3302 στιν
2653 3250 3086 3320 ἑκατοντάρχης,
3108 3249 3297 3319 ὥσπερ
3329 3250 3518 3322 πρώην
3544 3254 3573 3303 ὁ
3612 3257 3670 3304 εν
3691 3255 3803 3314 τοίς
3838 3253 4097 3322 εὐαγγε-

2499 3341 2635 3405 λίοις
2691 3343 3083 3414 περιᾳδόμενος
3122 3358 3137 3374 '
3169 3337 3328 3405 οὗτος
3367 3343 3569 3404 τοίνυν,
3605 3344 3786 3396 εἴποτέ
3815 3360 3950 3398 τςνα
3989 3347 4094 3397 τῶν

2499 3436 2717 3487 οἰκείων
2752 3436 2785 3507 ἢ
2819 3438 3096 3503 συγγενῶν
3127 3435 3160 3505 ἦ
3207 3435 3414 3489 παίδων
3467 3435 3500 3506 ἢ
3532 3436 3734 3489 δούλων
3758 3438 3910 3506 νόσῳ
3947 3439 4094 3508 ἑώρα

2503 3524 2925 3595 περισχεθέντα,
2956 3525 3109 3596 ῥῆμα
3137 3526 3300 3595 μόνον
3329 3526 3415 3580 διὰ
3448 3526 3669 3596 γραφῆς
3703 3526 3974 3599 ιπεζήτει
4008 3532 4090 3582 τὸν

2499 3617 2665 3684 ὅσιον,
2702 3616 2798 3670 καὶ
2821 3616 2922 3688 τὴν
2946 3616 3235 3685 ἐπιστολὴν
3281 3617 3362 3688 τῷ
3391 3617 3638 3672 νοσοῦντι
3675 3620 3961 3685 ἑπιτιθεὶς
4011 3625 4087 3674 εὖ.

2501 3705 2638 3769 θέως
2667 3705 2856 3777 ὥσπερ
2886 3709 3008 3762 τινὰ
3034 3709 3309 3779 δραπέτην
3342 3709 3439 3780 τὴν
3461 3709 3615 3762 νόσον
3641 3711 3869 3780 φεύγειν
3893 3715 4087 3766 ἐποίει.

2511 3794 2661 3859 Ἐνδς
2689 3797 2770 3849 ἔτι
2801 3798 3061 3868 μνησθεὶς
3091 3799 3183 3851 ἐπὶ
3208 3799 3309 3869 τὴν
3338 3799 3432 3852 τού
3477 3801 3716 3870 μεγάλου
3748 3807 4089 3874 μετάστασιν

2501 3885 2687 3956 βαδιεῖ»
2696 3903 2820 3956 μαι.

2569 4157 2702 4215 NA'.
2727 4160 2866 4229 Γυνή
2889 4176 2974 4224 τις
3000 4160 3113 4213 υξδν
3138 4160 3339 4230 ἔχουσα
3361 4160 3457 4214 δύο
3480 4161 3616 4231 πρὸς
3652 4164 3768 4227 τοῖς
3799 4164 3940 4218 δέκα
3964 4166 4085 4237 χρόα

2498 4269 2614 4312 νοις
2649 4252 2748 4323 τὴν
2781 4253 2995 4322 ἡλικίαν
3052 4255 3119 4306 εκ
3165 4252 3394 4323 γενετῆς
3422 4253 3638 4318 ἄλαλον,
3669 4255 3808 4325 αὕτη
3847 4260 4000 4312 κατά
4026 4259 4082 4312 τὸ

2499 4344 2722 4415 λεληθὸς
2750 4341 3127 4413 προσελθοῦσα
3149 4343 3243 4396 καὶ
3268 4346 3333 4414 τῇ
3378 4345 3590 4417 μάνδρα
3629 4345 3722 4400 τοῦ
3754 4348 3909 4401 ὁσίου
3950 4368 4082 4419 προ-

817 4451 968 4490 mum
1003 4434 1298 4505 posuisset,
1331 4451 1456 4490 cum
1492 4434 1632 4490 bona
1666 4452 1761 4506 spe
1798 4437 2027 4492 recedit.
2054 4436 2256 4493 Vident
2290 4437 2394 4492 ita-

2502 4437 2655 4491 θεῐσα
2683 4438 2774 4491 τὴν
2809 4437 3064 4507 φίλτατον
3100 4437 3240 4507 μετά
3287 4439 3540 4507 χρηστῶν
3568 4438 3757 4493 άπεισι
3788 4442 3903 4495 τῶν
3932 4445 4082 4496 thri-

816 4545 922 4599 que
967 4529 1218 4584 mOnachi
1268 4545 1519 4598 puerum,
1562 4537 1618 4582 et
1661 4545 1786 4583 cum
1833 4545 1960 4583 eum
2004 4530 2390 4601 sumpsissent,

816 4623 1029 4677 ducunt
1069 4624 1133 4677 ad
1175 4633 1446 4678 sanctum.
1483 4623 1575 4678 Ille
1612 4640 1742 4677 vero
1774 4638 1899 4678 cum
1935 4639 2061 4677 eum
2099 4625 2274 4678 solum
2311 4626 2393 4679 vi-

817 4715 1008 4777 disset,
1048 4715 1213 4784 jussit
1258 4725 1314 4768 ut
1357 4731 1479 4768 cum
1521 4716 1602 4770 eis
1641 4727 1974 4777 versaretur,
2015 4716 2238 4770 futurus
2277 4717 2392 4786 ipse

819 4809 913 4861 Dei
953 4808 1223 4862 minister.
1261 4808 1557 4877 Postquam
1592 4816 1773 4863 autem
1812 4807 2196 4878 significarunt
2234 4809 2393 4864 beato

820 4917 1052 4970 puerum
1079 4915 1198 4954 esse
1228 4911 1435 4953 mutum
1455 4939 1468 4961 ,
1492 4900 1646 4968 jubet
1672 4899 1817 4953 illius
1843 4899 2087 4970 linguam
2114 4901 2241 4970 ungi
2269 4901 2390 4954 oleo

818 5003 1154 5047 sanctorum.
1201 4993 1333 5056 Quis
1380 4990 1707 5060 praeterierit
1753 5006 1818 5045 ea
1863 5007 1983 5060 qua:
2027 5001 2158 5047 sunt
2201 5001 2388 5059 postea

819 5084 1152 5138 consecuta?
1182 5083 1546 5152 Suspicantur
1575 5093 1804 5137 matrem
1841 5094 2066 5153 propter
2094 5097 2388 5154 pauperta-

819 5186 929 5229 tem
958 5175 1276 5228 mentiendo
1299 5173 1503 5228 dixisse
1529 5175 1698 5228 lilium
1726 5185 1846 5229 esse
1875 5185 2117 5240 mutum,
2145 5185 2205 5229 ut
2231 5192 2297 5230 ex
2322 5193 2389 5232 eo

820 5267 1060 5320 aleretur
1091 5265 1235 5322 illius
1263 5282 1277 5319 :
1307 5275 1364 5320 et
1397 5265 1743 5330 accedentes,
1773 5267 1864 5322 alii
1897 5267 2117 5336 quidem
2148 5267 2198 5321 ei
2234 5267 2392 5322 incu-

823 5356 1033 5408 tiebant
1079 5363 1366 5418 terrorem,
1411 5364 1470 5409 ut
1514 5354 1594 5409 sic
1637 5356 1998 5411 conturbatus
2035 5357 2390 5426 loqueretur;

823 5449 913 5502 alii
946 5457 1128 5501 autem
1162 5447 1282 5501 telis
1313 5448 1627 5516 pungebant
1654 5447 2040 5512 dormientem,
2071 5458 2166 5502 aut
2193 5449 2395 5518 linguis

823 5543 1020 5600 acutis.
1046 5549 1100 5593 ct
1126 5549 1350 5606 repente
1373 5554 1404 5593 e
1428 5541 1635 5593 somnis
1657 5540 1991 5604 excitabant,
2019 5550 2078 5595 ut
2103 5542 2394 5606 clamasse,

821 5642 877 5688 et
908 5632 1113 5702 aliquid
1147 5631 1365 5684 interim
1400 5631 1601 5685 dixisse
1630 5631 2156 5700 deprehenderetur.
2189 5634 2238 5686 ls
2265 5649 2393 5689 vero

822 5741 946 5781 (‘um
991 5726 1151 5780 vellet
1192 5725 1307 5794 ipse
1346 5723 1565 5793 quidem
1609 5724 1776 5777 multa
1817 5724 2002 5778 dicere
2041 5739 2148 5792 pra:
2185 5724 2393 5790 dolore,

822 5817 1002 5874 valiJo
1037 5828 1218 5871 autem
1254 5816 1431 5871 morbi
1467 5814 1683 5871 vinculo
1716 5815 1958 5884 linguam
1993 5815 2218 5872 haberet
2252 5833 2392 5887 pra:-

2501 4531 2625 4584 δων.
2670 4529 2868 4600 Ὀρῶσι
2896 4527 3077 4581 τοίνυν
3104 4528 3151 4581 oi
3185 4529 3412 4598 μοναχοὶ
3438 4528 3530 4583 τὸν
3555 4531 3742 4594 παῖδα,
3776 4535 3870 4584 καὶ
3894 4535 4080 4587 λασόν-

2500 4640 2589 4684 τες
2618 4623 2808 4689 ἄγουσι
2865 4622 3002 4688 πρὸς
3053 4621 3148 4673 τὸν
3201 4621 3369 4675 ὅσιον.
3440 4618 3502 4674 ’0
3525 4623 3582 4676 δὲ
3610 4627 3702 4678 καὶ
3757 4626 3924 4694 μόνον
3960 4629 4080 4680 ἰδὼν

2499 4714 2714 4766 ειτέλευε
2757 4715 2996 4765 συνεῖναι
3030 4711 3241 4776 τούτοις
3272 4711 3589 4782 λειτουργὸν
3634 4717 3800 4771 αὑτὸν
3823 4719 3920 4772 τοῦ
3947 4719 4076 4773 Θειῦ

2501 4808 2777 4873 ἐσόμενον.
2821 4803 3040 4873 Ἐπειδὴ
3078 4803 3133 4856 δὲ
3164 4806 3262 4858 καὶ
3288 4805 3349 4858 τδ
3381 4806 3578 4861 ἀλαλον
3603 4805 3742 4862 εἶναι
3794 4812 3888 4865 τδν
3914 4815 4076 4868 παῖδα

2497 4900 2574 4969 τῷ
2634 4898 2890 4971 μακαρίῳ
2937 4897 3263 4967 ἐγνώρισαν,
3327 4898 3579 4970 χρίεσθαι
3627 4884 3710 4972 τῷ
3763 4906 3876 4956 τῶν
3908 4910 4072 4973 ἁγίων

2499 4991 2592 5043 ὲλα
2603 4990 2665 5061 ίῳ
2687 4989 2784 5059 τὴν
2806 4989 3018 5042 ἐκείνου
3040 4988 3283 5056 γλῶτταν
3307 4992 3659 5061 προστάσσει.
3685 4994 3783 5056 Τίς
3815 4997 3882 5048 ἂν
3905 5015 4070 5066 παρα-

2499 5081 2695 5151 δράμοι
2710 5080 2776 5133 τὰ
2807 5080 2945 5149 μετὰ
2959 5079 3132 5132 ταῦτα
3153 5095 3167 5145 ;
3205 5080 3605 5136 ’Υποπτεύουσι
3624 5083 3722 5154 τὴν
3742 5089 3962 5158 μητέρα
3987 5088 4065 5140 διά

2499 5173 2690 5226 πενίαν
2733 5170 3130 5241 ἑπιψεύσασθαι
3186 5171 3266 5242 τῷ
3300 5174 3542 5246 φιλτάτῳ
3576 5177 3676 5246 τὴν
3703 5179 3970 5246 ἀφωνίαν,
4008 5181 4065 5231 ἶν’

2496 5266 2720 5319 αὐτόθεν
2749 5267 2776 5317 ὁ
2808 5269 2937 5328 παῖς
2962 5265 3099 5334 αὐτῇ
3127 5264 3473 5336 διατρέφοιτο
3499 5284 3514 5298 ⁸
3545 5269 3640 5323 καὶ
3677 5275 3992 5341 προσιόντες
4019 5278 4060 5326 οξ

2498 5359 2597 5427 μὲν
2626 5356 2772 5425 αὐτῷ
2789 5356 2987 5424 φὸὁους
3016 5356 3179 5411 ἴστων
3204 5361 3297 5412 καὶ
3325 5360 3578 5429 δείματα,
3605 5363 3691 5415 ἵνα
3713 5367 4061 5437 ἐκταραχθεκ

2497 5447 2816 5519 φθέγξηται,
2873 5449 2920 5501 οξ
2973 5447 3030 5500 δὲ
3084 5447 3419 5507 καθεύδοντα
3473 5450 3684 5520 βέλεσιν
3735 5455 4055 5524 επὶησσονῆ

2497 5539 2673 5606 ξύλοις
2699 5540 2866 5605 ὀξέσι,
2910 5540 3006 5592 καὶ
3034 5540 3316 5607 αἰφνιδίως
3342 5543 3452 5594 τῶν
3484 5543 3671 5598 ’ύπνων
3697 5549 3951 5610 ἀνίστων,
3980 5547 4055 5598 ἵνα

2498 5634 2595 5687 καὶ
2625 5632 2825 5703 βοήσας
2855 5632 2890 5703 ἦ
2921 5650 2973 5685 τι
3002 5636 3285 5702 παρειπῖιν
3313 5637 3562 5708 φωραθῇ.
3605 5638 3665 5692 '0
3691 5641 3747 5692 δι
3777 5643 3939 5694 mili
3968 5644 4052 5710 μὶν

2500 5725 2595 5777 καὶ
2624 5724 2782 5785 αὐτὸς
2809 5723 2916 5776 ὑπὸ
2955 5726 3052 5794 τῆς
3085 5723 3512 5795 ωνᾶνηςιίθὲλων
3547 5731 3746 5789 εἰπεῖν.
3779 5731 3859 5801 τῷ
3888 5735 3936 5784 δι
3968 5729 4051 5781 τοῦ

2501 5815 2707 5881 πάθους
2757 5817 2964 5888 ίσχυρῷ
3009 5817 3195 5888 δεσμῷ
3239 5821 3340 5888 τὴν
3400 5819 3648 5888 γλῶτταν
3701 5825 4049 5893 πεπεδημένος
