4214 6444
235 408 384 471 1033

1344 409 1516 469 VlTA
1556 406 1615 466 S.
1644 403 2010 465 DANIELIS
2042 403 2402 465 STYLlT/E.

3350 403 3489 469 1036

229 528 448 593 ἄφωνος
494 522 582 596 ἦν,
646 528 812 581 πολλὰ
847 528 984 595 βοῶν
1037 529 1111 597 τῷ
1134 529 1229 596 τῆς
1278 528 1501 596 καρδίας
1551 527 1685 598 πρὸς
1716 528 1805 579 τὸν

1916 524 2188 591 peditam,
2216 533 2335 577 erat
2369 533 2552 577 mutus
2574 564 2586 587 ,
2617 538 2713 577 ore
2745 524 2929 578 cordis
2964 524 3127 577 multa
3164 527 3394 593 loquens
3426 529 3493 582 ad

218 620 368 674 Θεὸν
394 623 643 690 στόματι.
701 616 875 676 Ἧκεν
900 625 932 690 ὴ
965 623 1156 693 πρώτη
1212 621 1378 691 κυρία
1422 622 1530 675 τῶν
1566 622 1807 691 ἡμερῶν,

225 714 446 767 καὶτοῦ
471 714 720 768 διακόνου
752 717 813 769 τὸ
831 717 925 768 τοῦ
943 716 1180 787 Χριστοῦ
1205 715 1535 783 Εὐαγγέλιον
1563 714 1811 782 συνήθως
1839 788 1844 791 1

228 808 524 877 μέλλοντος
546 807 1128 875 ὐπαναγινώσκειν,ὼς
1158 808 1447 878 πρότερον,
1472 805 1637 860 τὸτοῦ
1652 808 1812 875 εὐαγ-

227 900 484 967 γελιστοῦ
545 902 716 971 δνομα
769 904 878 964 τοῖς
922 901 1070 963 λαοῖς
1126 901 1460 971 ἐξεφώνησε,
1490 900 1812 970 προφθάσας

226 992 445 1055 ⁴πάντας
482 996 509 1045 6
565 996 714 1057 παῖς,
750 994 831 1060 τὸ,
884 993 1020 1058 Δόξα
1052 1011 1155 1059 σοι,
1192 994 1383 1064 Κύριε,
1414 995 1652 1063 καθαρᾷ,
1685 993 1809 1063 ἔφη,

228 1086 333 1138 καὶ
390 1086 626 1159 μεγίστῃ
678 1090 828 1157 φωνῇ
855 1104 868 1119 ⁸
927 1090 1021 1140 καὶ
1043 1088 1103 1140 τὸ
1153 1088 1339 1140 λοιπὸν
1364 1088 1506 1140 οὕτω
1536 1089 1632 1156 τῆς
1661 1089 1813 1157 ἱερᾶς

226 1177 580 1247 λειτουργίας
611 1180 942 1248 συμψάλλων
970 1179 1051 1248 τῷ
1078 1179 1272 1250 πλήθει
1297 1180 1391 1232 καὶ
1418 1181 1812 1249 συναποκρινό-

232 1287 399 1340 μενος
422 1272 706 1324 διετέλεσε.
741 1273 918 1325 Πολλὰ
946 1274 1043 1341 μὲν
1068 1269 1161 1325 οὖν
1190 1274 1283 1326 καὶ
1314 1274 1449 1327 ἄλλα
1480 1273 1558 1341 τῷ
1592 1274 1811 1342 μεγάλῳ

228 1360 597 1432 κατώρθωται
663 1365 798 1433 μήτε
852 1363 996 1431 λόγῳ
1029 1363 1189 1434 ρητά,
1225 1365 1363 1434 μήτε
1413 1364 1506 1417 διὰ
1534 1364 1624 1417 τὸν
1652 1365 1811 1435 κόρον

224 1454 372 1522 ἀκοῇ
405 1456 645 1524 χωρητά.

304 1544 433 1599 NB'.
463 1547 610 1617 Πλὴν
650 1550 871 1617 ἀρκέσει
902 1550 995 1603 καὶ
1030 1549 1205 1603 ταῦτα
1236 1549 1400 1615 δεῖξαι
1447 1553 1575 1620 ὅσην
1604 1553 1810 1615 ἐκεῖνος

231 1635 487 1690 ἐπλούτει
534 1640 634 1708 τὴν
661 1642 795 1709 πρὸς
840 1642 973 1695 Θεὸν
1001 1643 1339 1715 παρρησίαν,
1381 1645 1472 1696 καὶ
1504 1646 1634 1713 ὅσην
1668 1645 1811 1695 κάν-

228 1728 424 1780 τεῦθεν
476 1724 595 1799 εἶχε
659 1730 757 1800 τὴν
813 1734 948 1801 πρὸς
982 1734 1187 1786 ἐκεῖνον
1218 1736 1513 1805 ἐγγύτητα.
1553 1735 1724 1789 Τοῦτο
1752 1736 1808 1789 δὲ

235 1820 400 1887 μόνον
434 1821 543 1890 ὲρῶ
574 1824 666 1876 καὶ
694 1825 933 1893 ὡσπερεὶ
953 1825 1022 1877 τὰ
1057 1826 1290 1895 ρηθέντα
1312 1829 1806 1897 ὲπισφραγίσομαι,

229 1913 316 1964 ὃτι
375 1916 628 1968 τοσοῦτον
680 1912 746 1985 ἦν
773 1916 923 1987 αὐτῷ
968 1921 1104 1985 μετά
1140 1919 1351 1971 πολλῶν
1412 1922 1504 1971 καὶ
1537 1922 1810 1989 μεγίστων

230 2004 532 2072 θαυμάτων
550 2008 609 2059 τὸ
626 2008 868 2072 ὶπιεικές
892 2026 950 2061 τε
973 2012 1064 2061 καὶ
1098 2012 1341 2081 μέτριον,
1378 2015 1470 2063 καὶ⁵
1503 2013 1601 2081 οὶχ
1626 2015 1811 2074 ἁπλῶς

234 2098 479 2166 μέτριον,
518 2099 652 2151 ἀλλά
708 2102 801 2153 καὶ
863 2104 1345 2171 συντετριμμένον,
1384 2106 1522 2157 κατὰ
1549 2106 1639 2159 τὸν
1671 2106 1810 2157 θεῖον

232 2189 401 2256 φάναι
425 2189 606 2252 Δαυῒδ,
650 2192 744 2243 καὶ
777 2192 856 2254 είς
904 2192 1072 2262 ἄκρον
1110 2190 1242 2265 ἧκον
1270 2198 1368 2263 τῆς
1402 2194 1808 2259 ταπεινώσεως,

226 2281 375 2333 ὥστε
412 2282 475 2333 οὐ
520 2282 723 2351 μᾶλλον
762 2282 827 2335 ἄν
857 2300 940 2345 τις
971 2284 1284 2352 ἐθαύμασεν
1330 2288 1491 2337 αὑτὸν
1531 2288 1630 2355 τῆς
1658 2286 1813 2355 ἔνερ-

228 2374 390 2441 γείας
418 2374 527 2425 τῶν
556 2374 873 2442 παραδόξων
900 2376 1022 2429 ὅσον
1053 2376 1147 2427 τοῦ
1181 2375 1405 2429 τοιαῦτα
1429 2378 1808 2446 διενεργοῧντα

234 2466 408 2534 μηδὲν
441 2466 601 2518 πλέον
626 2468 767 2537 ἔχειν
796 2465 903 2519 τῶν
934 2466 1144 2519 πολλῶν
1173 2466 1401 2519 οἴεσθαι.
1462 2467 1589 2536 Ἀμέ
1604 2471 1674 2520 is:
1717 2470 1810 2521 καὶ

230 2556 489 2608 τοσοῦτον
512 2558 587 2618 είς
621 2559 822 2626 ἀρετὴν
853 2558 1138 2628 προσέχων
1171 2559 1378 2627 σφόδρα
1407 2558 1534 2625 περὶ
1565 2559 1658 2609 τοῦ
1690 2560 1810 2627 κρίο

232 2667 348 2701 νειν
376 2650 443 2701 τὰ
472 2650 579 2701 τῶν
625 2651 801 2703 ἄλλων
835 2650 1078 2712 εὐλαϐῶς
1118 2648 1229 2720 εἶχε
1257 2653 1353 2704 καὶ
1404 2652 1807 2720 πεφεισμένως.

232 2741 348 2792 Καὶ
367 2742 426 2793 τὸ
452 2742 511 2791 ἐν
538 2741 698 2791 παντὶ
726 2740 782 2793 δὲ
814 2742 941 2811 περὶ
973 2740 1110 2794 Θεοῦ
1146 2742 1240 2793 καὶ
1274 2742 1381 2795 τῶν
1407 2742 1548 2811 ὑπὲρ
1587 2745 1733 2811 ἡμᾶς
1758 2761 1811 2796 τι

231 2832 513 2885 διδάσκειν
543 2832 713 2894 οὕτως
744 2831 1007 2901 ἐπίφοϐον
1041 2830 1108 2902 ἦν
1153 2835 1303 2905 αὐτῷ
1332 2835 1427 2887 καὶ
1454 2836 1812 2904 πεφυλαγμέ-

234 2942 350 2987 νον,
376 2925 449 2987 ὠς
464 2926 557 2977 καί
588 2926 715 2977 ποτέ
743 2942 902 2977 τινων
925 2926 1052 2995 περὶ
1079 2927 1356 2992 θεολογίας
1388 2927 1810 2994 φιλοπευστοὺν-

232 3032 368 3076 των,
405 3017 497 3067 καὶ
550 3014 727 3068 ἄτοπά
778 3031 899 3067 τινα
928 3014 1094 3083 δῆθεν
1128 3017 1233 3069 ὑπὸ
1270 3017 1460 3086 ἱερέων
1484 3019 1811 3085 τολμώμενα

236 3104 634 3175 προτεινόντων
664 3106 757 3159 καὶ
809 3105 1223 3176 διενοχλούντων
1259 3108 1431 3178 αὐτῷ,
1470 3110 1531 3163 Εἰ
1560 3113 1657 3179 μὲν
1686 3113 1811 3180 περὶ

1840 1868 1887 1927 Β

1914 616 2107 670 Deum.
2134 616 2294 672 Venit
2327 616 2541 671 dierum
2577 618 2788 686 primus
2819 629 2872 672 et
2906 617 3250 686 praecipuus;
3282 629 3337 672 et
3368 634 3491 673 cum

1914 708 2183 764 diaconus
2220 710 2427 764 Christi
2462 710 2818 779 Evangelium
2849 720 2997 765 esset
3032 711 3099 765 de
3134 726 3285 764 more
3325 710 3499 765 lectu-

1915 818 2031 865 rus,
2074 818 2199 857 cum
2242 804 2485 873 primum
2531 820 2732 858 nomen
2778 805 3126 874 evangelista:
3168 805 3369 859 effatus
3412 816 3497 860 est

1915 895 2161 963 populis,
2214 912 2406 949 omnes
2457 912 2593 964 puer
2640 897 3013 965 praeveniens,
3066 896 3205 951 dixit
3251 912 3391 967 pura
3435 908 3493 952 et

1914 986 2149 1039 maxima
2180 1002 2331 1049 voce,
2367 1006 2384 1038 ι
2420 988 2603 1041 Gloria
2638 989 2761 1053 tibi,
2796 990 3055 1052 Domine;
3094 1009 3111 1040 ι
3143 999 3196 1043 et
3225 990 3305 1044 sic
3334 990 3494 1045 dein-

1913 1091 2045 1144 ceps
2092 1093 2190 1147 per
2234 1088 2408 1132 totum
2455 1093 2671 1132 sacrum
2718 1080 3083 1134 ministerium
3126 1082 3496 1145 perseveravit

1915 1166 2076 1219 simul
2127 1183 2254 1221 cum
2306 1169 2510 1238 p0pulo
2563 1184 2759 1223 cauere
2809 1178 2867 1223 et
2915 1170 3270 1237 respondere.
3318 1171 3496 1239 Atque

1915 1258 2086 1312 multa
2131 1260 2355 1328 quidem
2403 1262 2508 1314 alia
2556 1278 2583 1314 a
2635 1278 2833 1329 magno
2879 1261 3099 1315 Daniele
3145 1269 3493 1340 gesta-sunt,

1914 1366 2036 1419 quae
2070 1368 2245 1420 neque
2275 1356 2455 1408 verbis
2484 1355 2745 1423 explicari
2777 1365 3027 1423 possunt,
3061 1370 3237 1424 neque
3271 1365 3499 1426 propter

1915 1443 2223 1497 satietatem
2255 1447 2377 1514 capi
2413 1447 2664 1499 auribus.
3104 1489 3109 1493 _
3417 1458 3423 1466 '

1986 1532 2100 1590 Lll.
2141 1537 2343 1590 Verum
2383 1539 2531 1591 enim
2566 1552 2694 1591 vero
2737 1538 3008 1593 sullicient
3050 1540 3164 1594 haec
3205 1540 3271 1593 ad
3301 1549 3499 1594 osten-

1913 1624 2177 1690 dendum,
2205 1638 2407 1695 quanta
2434 1629 2521 1683 ille
2551 1630 2752 1683 ﬁducia
2780 1640 2926 1684 esset
2953 1631 3103 1684 dives
3127 1632 3269 1698 apud
3292 1632 3493 1696 Deum,

1912 1724 1967 1769 et
1998 1729 2201 1785 quanta
2231 1722 2279 1771 ei
2314 1736 2439 1772 cum
2475 1722 2567 1773 illo
2601 1722 2971 1776 intercederet
3001 1724 3339 1793 coniunctio.
3380 1725 3495 1778 lloc

1922 1821 2105 1861 autem
2140 1810 2315 1861 solum
2352 1810 2567 1873 dicam,
2604 1824 2659 1864 et
2690 1827 2754 1865 ea
2791 1828 2912 1880 qua:
2947 1814 3089 1867 dicta
3124 1825 3287 1877 sunt,
3325 1814 3497 1867 voluti

1918 1901 2251 1968 obsignabo,
2281 1904 2426 1971 quod
2452 1919 2575 1957 cum
2604 1905 2791 1958 multis
2816 1916 2869 1959 et
2901 1906 3149 1958 maximis
3176 1906 3458 1959 miraculis
3482 1948 3494 1967 .

1918 2003 2063 2047 tanta
2107 2004 2225 2048 erat
2266 1995 2316 2049 ei
2363 1996 2560 2048 lenitas
2599 2006 2654 2049 et
2696 1996 3027 2060 moderatio;
3066 2007 3122 2050 et
3163 2012 3273 2049 non
3315 1998 3491 2049 solum

1916 2087 2242 2149 moderatio,
2272 2087 2365 2141 sed
2402 2098 2459 2141 ut
2490 2104 2613 2141 cum
2647 2089 2833 2141 divino
2864 2089 3031 2141 David
3065 2089 3244 2141 dicam
3266 2091 3331 2155 '°,
3363 2104 3495 2143 con-

1918 2179 2069 2235 trilio
2100 2188 2155 2231 et
2184 2195 2395 2232 summa
2428 2180 2711 2232 humilitas
2734 2218 2747 2241 ,
2784 2189 2842 2232 ut
2875 2195 2981 2233 non
3017 2182 3185 2249 magis
3215 2196 3341 2234 eum
3374 2181 3497 2248 quis

1916 2269 2218 2323 admiretur
2239 2281 2461 2339 pr0ptcr
2485 2272 2857 2338 operationem
2888 2272 3303 2333 miraculorum,
3328 2288 3491 2341 quam

1914 2361 2059 2429 quod
2113 2378 2237 2415 cum
2288 2364 2412 2415 talia
2463 2374 2808 2429 Oporarctur,
2863 2362 2999 2415 nihil
3046 2364 3386 2417 existimaret
3433 2380 3494 2417 se

1915 2453 2041 2520 plus
2078 2454 2280 2507 habere
2316 2454 2460 2507 aliis.
2498 2453 2640 2515 Quin
2678 2454 2842 2505 etiam
2880 2467 3004 2505 cum
3038 2452 3240 2508 virtute
3277 2463 3492 2507 tantum

1915 2556 2222 2611 praestaret,
2262 2546 2316 2598 in
2362 2546 2567 2614 iudicio
2609 2550 2675 2599 de
2721 2546 2844 2599 aliis
2884 2545 3112 2599 ferendo
3148 2555 3269 2600 erat
3307 2547 3499 2600 admo-

1915 2637 2044 2691 dum
2076 2647 2271 2692 cautus
2301 2647 2357 2691 et
2388 2654 2601 2705 parcus.
2634 2638 2805 2702 Quam
2836 2654 2966 2691 vero
2990 2650 3135 2692 esset
3168 2640 3222 2692 in
3250 2640 3401 2693 omni
3437 2656 3495 2692 re

1914 2744 1942 2783 a
1984 2731 2123 2783 fastu
2164 2739 2219 2784 et
2262 2730 2519 2798 superbia
2564 2731 2811 2792 alienus,
2850 2731 2972 2800 quis
3015 2730 3254 2785 dixerit?
3290 2732 3495 2786 Eorum

1914 2832 2119 2883 autem,
2152 2838 2274 2891 qua:
2305 2838 2470 2891 supra
2501 2837 2602 2876 nos
2632 2832 2777 2886 sunt,
2815 2824 2952 2877 adeo
2984 2824 3212 2878 timebat
3240 2832 3296 2878 et
3325 2840 3489 2879 cave-

1917 2914 2008 2966 bat
2039 2914 2236 2967 docere
2268 2914 2495 2983 aliquid,
2531 2923 2589 2967 ut
2619 2929 2743 2969 cum
2776 2916 3021 2983 quidam,
3059 2916 3153 2984 qui
3184 2916 3252 2969 de
3284 2916 3496 2969 theolo-

1915 3006 2000 3075 gia
2034 3006 2266 3060 libenter
2297 3007 2739 3070 sciscitabantur,
2772 3007 3022 3075 quasdam
3054 3008 3219 3063 etiam
3256 3008 3496 3062 absurda

1916 3107 2305 3166 proponerent,
2334 3114 2454 3166 qua:
2478 3099 2757 3151 audebant
2784 3098 2965 3153 facere
2994 3101 3337 3163 sacerdotes,
3365 3107 3422 3153 et
3445 3096 3499 3155 ei

226 3194 395 3260 θεοῦ,
456 3197 641 3265 φησὶν,
694 3197 842 3251 ἐστὶν
872 3198 901 3249 6
959 3199 1128 3265 ἀγὼν,
1164 3201 1445 3271 αὐτάρκης
1479 3206 1611 3270 ἡμῖν
1643 3206 1671 3255 6
1708 3204 1815 3258 τῶν

1921 3190 2244 3245 exhibercnt
2278 3191 2586 3243 molestiam
2622 3207 2634 3243 :
2667 3190 2727 3244 Si
2763 3207 2792 3244 a
2823 3192 2982 3245 vobis
3016 3192 3261 3260 quidem,
3294 3193 3501 3246 diceret

238 3289 553 3341 ἀποστόλων
588 3290 749 3358 χορὸς
780 3292 874 3342 καὶ
902 3292 958 3342 αί
982 3291 1221 3359 θεολόγοι
1252 3293 1361 3343 τῶν
1407 3295 1668 3363 Πατέρων
1701 3312 1813 3363 φωο

238 3378 353 3441 ναὶ,
382 3379 479 3432 καὶ
506 3380 659 3431 οὐδὲν
693 3381 813 3432 δέον
863 3384 1177 3450 περαιτέρω
1230 3384 1723 3454 περιεργάζεσθαι·
1763 3390 1814 3439 εί

236 3470 296 3523 δὲ
332 3470 427 3524 καὶ
482 3471 611 3539 περὶ
664 3472 1022 3541 ἀνθρωπίνων
1080 3476 1427 3545 πραγμάτων
1483 3479 1576 3528 καὶ
1626 3480 1816 3546 ἱερέων

238 3562 375 3631 ὓμῖν
403 3564 464 3615 τὸ
488 3562 814 3631 ἀμφίϐολον,
842 3565 1018 3619 ταῦτα
1047 3568 1225 3620 πάντα
1260 3571 1324 3638 τῇ
1352 3568 1446 3621 τοῦ
1471 3568 1605 3620 Θεοῦ
1640 3570 1815 3639 κρίσει

240 3653 629 3723 συγχωρητέον
664 3657 761 3707 καὶ
794 3658 907 3719 τοῖς
958 3655 1019 3720 ἑξ
1057 3657 1267 3710 ἑκείνου
1292 3659 1393 3725 τὴν
1422 3660 1680 3729 τοιαύτην
1712 3679 1817 3712 πα-

231 3744 570 3815 ραλαϐοὖσιν
602 3747 799 3815 ἀρχήν.
848 3748 1013 3816 Ἡμῖν
1047 3748 1105 3801 δὲ
1144 3750 1429 3818 ἀγαπητὸν
1454 3752 1546 3801 καὶ
1578 3748 1668 3818 ὑφ’
1696 3750 1815 3803 ἑτέ-

243 3852 356 3905 ρων
392 3834 779 3904 ποιμαίνεσθαι
823 3838 917 3889 καὶ
962 3835 1031 3889 τὰ
1056 3838 1181 3890 καθ’
1217 3840 1366 3907 ἡμᾶς
1406 3842 1651 3901 σκοπεῖν,
1682 3840 1814 3893 ἐξιλά

241 3929 331 3999 μὴ
364 3929 472 3983 τῶν
508 3916 782 3999 περιττῶν
807 3930 1015 3983 τούτων
1044 3933 1135 3984 καὶ
1161 3931 1440 4001 βλαϐερῶν
1473 3932 1693 4003 ἔχεσθαι
1716 3934 1813 4004 ξηε-

239 4022 520 4089 τημάτων.
552 4022 664 4075 Καὶ
687 4021 859 4075 ταῦτα
889 4023 985 4092 μὲν
1012 4022 1209 4085 οὕτως.

312 4195 435 4251 NI".
484 4196 541 4249 '0
575 4196 632 4250 δὲ
665 4197 820 4265 λόγος
850 4198 949 4267 ἤδη
988 4199 1123 4268 πρὸς
1154 4201 1213 4252 τὸ
1254 4199 1403 4263 τέλος
1446 4203 1672 4271 ἥκοντος
1721 4204 1813 4256 τοῦ

239 4290 423 4357 ἁγίου,
478 4290 570 4343 καὶ
634 4290 796 4351 αὐτὸς
856 4290 1039 4359 μέλλει
1100 4291 1429 4360 καταλήγειν
1466 4296 1545 4355 είς
1580 4296 1812 4363 σιωπήν.

237 4378 391 4448 Πλὴν
424 4378 561 4429 ἀλλὰ
612 4379 787 4448 μικρά
836 4396 960 4432 τινα
1012 4380 1292 4433 κάνταῦθα
1325 4385 1431 4450 πρὸ
1480 4384 1574 4435 τοῦ
1629 4384 1816 4447 τέλους

240 4471 489 4532 εἰπόντες
519 4470 663 4522 οὓτω
689 4470 780 4521 τὸν
810 4470 967 4537 λόγον
1010 4472 1468 4540 διαναπαὺσομαι.
1506 4476 1687 4542 Ἔγνω
1717 4480 1815 4545 μὲν

238 4564 269 4614 6
302 4562 640 4630 προφητικὸς
673 4564 878 4625 ἐκεῖνος
908 4564 1005 4615 σὺν
1040 4565 1211 4617 ἀπασι
1238 4569 1349 4627 τοῖς
1371 4566 1577 4629 λοιποῖς
1602 4572 1694 4619 καὶ
1718 4569 1814 4637 τὴν

241 4651 441 4705 ἑαυτοῦ
508 4652 646 4720 πρὸς
687 4654 891 4720 Κύριον
958 4654 1226 4722 ἐκδημίαν
1281 4659 1514 4719 καὶτοῖς
1546 4660 1812 4729 μαθηταῖς

239 4744 405 4796 τοῦτο
434 4744 681 4813 φανερῶς
715 4745 1143 4812 προηγόρευσεν.
1176 4747 1326 4799 Ἐπεὶ
1364 4748 1419 4800 δὲ
1455 4753 1547 4803 καὶ
1575 4752 1605 4820 ἠ
1649 4755 1813 4822 κυρία

243 4836 347 4905 ἢδη
377 4836 668 4902 ἑγγίζουσα
708 4831 775 4905 ἦν
800 4836 1091 4905 ἐγγράφως
1125 4840 1309 4902 αὐτοῖς
1339 4841 1406 4894 τὰ
1434 4845 1529 4911 τῆς
1559 4844 1812 4911 εὐλογίας

237 4925 433 4993 ὥσπερ
469 4928 611 4987 τινὲς
642 4926 792 4977 ἄλλοι
837 4927 906 4979 τά
947 4926 1046 4995 τῆς
1092 4929 1281 4993 οὐσίας
1331 4935 1667 5001 χαρίζονται,
1722 4938 1829 5009 καὶ,

242 5019 600 5086 ὑπογραφεὺς
622 5018 771 5087 αὑτῴ
793 5018 1053 5088 διηκόνει,
1079 5023 1171 5074 καὶ
1200 5022 1371 5085 οὕτως
1414 5024 1612 5094 ἔχουσα
1641 5028 1673 5097 ἡ
1704 5025 1837 5081 διά-“

243 5106 391 5169 ταξις
408 5121 425 5137 ο
462 5106 623 5175 Ἐγὼ,
650 5110 805 5178 φησὶ,
829 5110 995 5162 τέκνα
1019 5111 1115 5163 καὶ
1136 5112 1351 5181 ἀδελφοὶ
1372 5116 1676 5184 (ἀμφότερα
1705 5117 1813 5186 γὰρ

246 5196 450 5265 ὑμεῖς),
484 5200 545 5251 τὸ
578 5200 678 5268 μὲν
704 5201 787 5251 ὅτι
823 5202 1210 5270 πνευματικῶς
1261 5206 1403 5273 ὑμᾶς
1440 5205 1624 5271 ὦδινα,
1673 5206 1731 5258 τὸ
1757 5206 1813 5259 δὲ

243 5290 328 5341 ὃτι
360 5290 552 5352 κοινῶς
597 5292 852 5344 ἁπάντων
885 5295 914 5345 6
956 5294 1126 5357 Θεός·
1180 5298 1317 5366 πρὸς
1367 5298 1555 5350 τοῦτον
1590 5299 1691 5369 ἢδη
1722 5300 1814 5352 τὸν

243 5380 425 5433 κοινὸν
450 5382 666 5451 Πατέρα
690 5382 1015 5454 πορεύομαι.
1052 5386 1198 5455 Πλὴν
1238 5388 1337 5439 οὐκ
1369 5390 1635 5457 ὀρφανοὺς
1668 5392 1813 5443 ἐάσω

240 5472 369 5535 τοὺς
401 5474 525 5541 ἐμοὶ
572 5474 875 5538 ποθεινοὺς,
914 5477 1119 5545 πατρὸς
1172 5479 1409 5547 ἐρημίαν
1432 5480 1812 5550 ὀδυρομένους,

241 5561 360 5617 ἀλλ’
382 5563 473 5615 ὑπ’
501 5565 695 5633 ικείνῳ
718 5567 884 5634 πατρὶ
902 5567 998 5636 τὴν
1017 5568 1171 5636 ὑμῶν
1192 5571 1451 5640 πρόνοιαν
1477 5574 1814 5638 καταλείπω,

240 5656 302 5717 ὃς
336 5656 400 5727 δὴ
426 5657 495 5709 τὰ
533 5657 708 5709 πάντα
756 5658 911 5728 ὑμῶν
966 5661 1065 5730 sps
1120 5663 1437 5734 πεποίηκεν.
1470 5666 1639 5728 Αὐτὸς
1668 5664 1761 5719 οὖν
1788 5668 1817 5719 6

319 5835 361 5868 ”
385 5835 527 5893 Psal.
565 5853 617 5900 ι,
659 5838 744 5890 l9.

569 5933 838 5995 Panos.
879 5931 996 5995 Gn.
1027 5931 1233 5995 CXVI.

1917 3284 1987 3339 de
2022 3285 2133 3338 Deo
2168 3284 2522 3353 disceptatio,
2560 3285 2716 3338 vobis
2752 3284 2948 3338 sullicit
2983 3285 3188 3339 chorus
3222 3285 3499 3352 apostolo-

1918 3392 2061 3442 rum,
2088 3386 2143 3431 et
2173 3393 2293 3445 qua:
2318 3378 2385 3430 de
2418 3378 2526 3431 Deo
2554 3377 2832 3431 disserunt
2861 3379 3081 3431 Patrum
3108 3392 3292 3441 voces,
3318 3391 3499 3446 neque

1918 3482 2057 3534 opus
2089 3479 2173 3520 est
2203 3468 2421 3521 curiose
2454 3469 2688 3521 ulterius
2722 3468 3021 3536 inquirere.
3050 3467 3205 3532 Quod
3236 3468 3283 3522 si
3311 3469 3393 3522 de
3412 3483 3499 3522 res

1920 3558 2023 3611 bus
2059 3558 2318 3613 humanis
2350 3568 2407 3613 et
2440 3560 2823 3614 sacerdotibus
2857 3562 3013 3614 vobis
3050 3569 3138 3615 est
3176 3568 3499 3615 controver-

1917 3652 2018 3707 sia.
2046 3660 2176 3704 sunt
2202 3652 2319 3707 haec
2347 3652 2527 3705 omnia
2562 3652 2655 3704 Dei
2685 3652 2895 3719 judicio
2928 3652 3311 3721 relinquenda,
3338 3662 3396 3707 et
3427 3653 3495 3706 iis

1917 3742 2010 3809 qui
2058 3742 2127 3795 ab
2175 3743 2269 3796 illo
2317 3744 2479 3795 talem
2526 3753 2860 3811 acceperunt
2901 3744 3436 3798 administrationem
3482 3762 3498 3797 :

1917 3835 2077 3886 nobis
2094 3834 2236 3886 'vero
2265 3836 2397 3887 satis
2423 3849 2543 3887 esse
2574 3835 2761 3899 debet,
2790 3835 2836 3888 si
2864 3836 2932 3889 ab
2958 3835 3082 3888 aliis
3108 3850 3417 3904 pascamur,
3443 3844 3501 3887 et

1917 3940 1979 3978 ea
2008 3924 2425 3978 consideremus
2456 3934 2511 3979 et
2542 3926 2910 3994 inquiramus,
2944 3940 3063 3993 qua:
3092 3925 3160 3979 ad
3193 3941 3294 3979 nos
3324 3925 3497 3994 perti-

1918 4024 2047 4067 nent
2066 4056 2079 4079 ,
2113 4030 2222 4067 non
2254 4026 2437 4070 autem
2469 4017 2567 4070 has
2597 4032 3037 4085 supervacaneas
3065 4024 3123 4070 et
3152 4018 3343 4071 noxias
3370 4032 3498 4085 per-

1888 4100 2212 4172 sequamur
2243 4108 2595 4175 qumstiones.
2632 4106 2699 4160 Et
2733 4106 2849 4161 hac
2884 4106 3109 4176 quidem
3147 4107 3231 4160 sic
3266 4106 3493 4161 habent.

1988 4195 2123 4250 Llll.
2166 4197 2354 4251 Oratio
2389 4206 2573 4251 autem
2596 4237 2611 4262 ,
2650 4212 2773 4251 cum
2807 4200 2915 4267 jam
2953 4197 3138 4251 veniat
3170 4205 3394 4251 sanctus
3426 4197 3493 4250 ad

1920 4291 2116 4353 linem,
2154 4290 2399 4344 desitura
2436 4299 2519 4344 est
2554 4292 2668 4358 ipsa
2704 4306 2927 4360 quoque
2960 4291 3019 4345 ln
3054 4290 3354 4345 silentium.
3398 4287 3498 4345 Ve-

1920 4398 2039 4434 rum
2069 4382 2351 4436 enimvero
2374 4398 2500 4437 cum
2531 4383 2622 4437 hic
2648 4399 2869 4452 quoque
2896 4398 3067 4453 pauca
3094 4385 3340 4452 quaedam
3367 4393 3496 4439 ante

1922 4473 2085 4527 ﬁnem
2118 4474 2437 4538 dixerimus,
2471 4476 2551 4529 sic
2580 4474 2839 4529 sistemus
2868 4474 3193 4529 orationem.
3222 4476 3493 4543 Cognovit

1921 4567 2142 4634 quidem
2177 4569 2259 4620 vir
2289 4568 2380 4621 ille
2412 4568 2768 4637 propheticus
2796 4583 2922 4622 cum
2956 4568 3181 4637 reliquis
3210 4569 3490 4632 omnibus,

1921 4674 2074 4712 suam
2124 4674 2346 4727 quoque
2396 4658 2465 4711 ad
2516 4659 2806 4712 Dominum
2857 4660 3274 4728 migrationem,
3325 4660 3491 4730 idque

1921 4759 2107 4819 aperte
2138 4752 2251 4804 suis
2284 4751 2533 4819 praadixit
2563 4751 2870 4820 discipulis.
2899 4751 3032 4805 Cum
3066 4764 3249 4806 autem
3284 4752 3494 4820 prasti-

1923 4852 2072 4896 tutus
2106 4844 2222 4896 dies
2250 4844 2359 4912 jam
2397 4844 2899 4911 appropinquaret,
2935 4842 3373 4897 benedictionem
3410 4844 3493 4896 eis

1922 4932 2139 4999 reliquit
2182 4932 2235 4984 in
2278 4932 2499 4999 scriptis
2536 4971 2550 4995 ,
2583 4931 2725 4985 sicut
2785 4931 3006 4998 quidam
3042 4932 3133 4984 alii
3168 4932 3488 4993 facultates,

1921 5023 2081 5091 eique
2117 5022 2380 5075 deserviit
2416 5022 2630 5082 scriba,
2666 5030 2723 5074 et
2765 5022 2870 5075 tale
2904 5022 3009 5074 fuit
3042 5022 3161 5089 ejus
3198 5029 3493 5074 testamen-

1921 5128 2034 5169 tum
2067 5132 2080 5168 :
2112 5116 2241 5183 Ego,
2276 5114 2472 5182 inquit.
2504 5127 2537 5165 o
2568 5113 2663 5166 lilii
2694 5121 2749 5167 et
2780 5116 2975 5167 fratres
3008 5113 3191 5180 (ambo
3219 5113 3365 5166 enim
3394 5126 3491 5165 vos

1919 5209 2081 5271 estis,
2121 5217 2235 5259 tum
2268 5205 2411 5275 quod
2442 5220 2537 5258 vos
2568 5206 2730 5274 genui
2762 5205 3146 5273 spiritualiter,
3181 5214 3295 5256 tum
3325 5217 3487 5263 vero.

1920 5300 2066 5369 quod
2100 5299 2244 5353 Deus
2273 5308 2355 5352 est
2388 5298 2696 5351 communis
2730 5306 2881 5365 pater
2909 5296 3211 5363 omnium),
3240 5293 3307 5348 ad
3344 5296 3490 5347 hunc

1917 5405 2264 5447 communem
2293 5390 2508 5443 Patrem
2537 5391 2646 5458 jam
2676 5388 2835 5451 vado,
2866 5388 2962 5442 sed
2996 5402 3104 5441 non
3134 5387 3295 5440 orbos
3324 5385 3491 5438 relin-

1916 5498 2078 5552 quam
2116 5482 2251 5535 mibi
2293 5481 2544 5542 dilectos,
2588 5466 2858 5532 dellentes
2897 5479 3068 5547 patris
3110 5476 3485 5535 solitudinem,

1917 5575 2012 5640 sed
2046 5573 2121 5625 illi
2154 5573 2301 5627 Patri
2333 5572 2503 5626 vestri
2533 5571 2787 5640 relinquo
2819 5585 3031 5633 curam,
3060 5570 3153 5638 qui
3184 5583 3306 5622 cum
3334 5566 3487 5620 vobis

1918 5666 2175 5721 omnibus
2204 5680 2291 5719 me
2323 5664 2552 5721 creavit.
2586 5662 2706 5734 Ipse
2737 5678 2887 5734 ergo,
2919 5663 3015 5733 qui
3046 5661 3228 5717 omnia
3259 5658 3490 5714 fabrica-

3033 5941 3110 6005 33
