4214 6444
729 360 873 427 1035

1857 357 2246 418 ADDENDA.
2286 381 2355 393 -
2389 357 2818 421 DECEMBER.

3872 359 4018 424 1036

726 491 818 536 tus
850 487 933 533 est
969 475 1180 530 ratione
1215 482 1269 528 et
1304 472 1604 542 sapientia,
1638 480 1694 527 et
1728 470 1927 526 deinde
1961 472 2130 526 caelos
2165 487 2305 542 quo-

2421 474 2596 528 πάντα
2632 474 2777 545 λόγῳ
2805 474 2900 528 καὶ
2925 473 3085 546 σοφίᾳ
3108 474 3544 546 δημιουργήσας,
3571 469 3691 530 εἶτα
3713 475 3814 528 καὶ
3843 477 4021 546 οὐρα-ν·

725 584 838 639 que
869 567 1174 632 inclinavit,
1197 575 1252 621 et
1276 566 1562 620 descendit
1589 566 1642 618 in
1670 575 1870 620 terram
1893 567 1961 631 “,
1984 574 2035 620 et
2067 576 2315 619 mortuus

733 673 846 725 est,
881 670 938 714 et
979 660 1280 715 resurrexit
1314 675 1413 730 pro
1446 659 1606 713 nobis
1629 701 1643 724 ,
1683 660 1798 729 ipse
1831 659 1940 714 erit
1973 660 2258 714 vobiscum
2301 676 2313 712 :

729 765 790 809 ut
819 755 1038 824 sapiens
1067 752 1312 822 quidem,
1343 767 1441 806 vos
1467 767 1695 806 servans
1755 767 1784 805 a
1818 751 2093 819 maligno;
2127 760 2182 806 ut
2213 750 2316 804 Do-

728 847 912 900 minus
946 854 1161 905 autem,
1197 843 1260 896 ad
1296 859 1448 898 suam
1482 858 1820 898 conservans
1851 843 2222 908 voluntatem;
2258 851 2316 896 ut

729 948 885 1010 pater
914 954 1066 1003 vero,
1098 937 1142 992 si
1175 937 1314 991 forte
1346 937 1641 1002 abcrretis,
1675 937 1909 1008 benigne
1942 952 2230 1002 revocans,
2257 944 2314 989 et

728 1029 1093 1100 Spiritualiter
1131 1029 1289 1082 ulnas
1329 1029 1486 1082 nobis
1525 1029 1864 1092 extendens;
1900 1035 1960 1084 ut
1995 1039 2178 1084 autem
2217 1027 2309 1098 qui

727 1139 787 1178 se
818 1140 915 1193 pro
948 1123 1106 1177 nobis
1134 1122 1200 1177 ad
1235 1132 1478 1182 mortem,
1502 1122 1816 1189 tradiderit,
1840 1138 1941 1177 .vos
1968 1125 2132 1177 etiam
2166 1122 2314 1176 inter

727 1231 821 1269 vos
853 1215 1088 1268 invicem
1117 1215 1412 1284 conjuugcl
1439 1213 1757 1280 concordia,
1783 1223 1838 1268 et
1862 1213 2082 1275 eliicict,
2111 1221 2170 1267 ut
2194 1212 2316 1268 sitis

727 1324 895 1361 unum
928 1309 1147 1376 spiritu.
1181 1306 1476 1360 Sectemini
1510 1307 1903 1371 humilitatem,
1943 1305 2143 1360 servite
2184 1305 2318 1360 obe-

725 1400 965 1462 dientite,
1004 1408 1181 1452 amato
1227 1399 1682 1468 hospitalitatem,
1717 1399 2010 1469 jejunium,
2047 1398 2314 1468 vigiliam,

723 1502 1125 1563 paupertatem,
1150 1505 1204 1547 et
1227 1491 1372 1562 quod
1395 1500 1475 1546 est
1503 1493 1744 1560 primum
1771 1503 1826 1547 et
1853 1494 2148 1546 maximum
2178 1505 2317 1559 prte-

722 1595 941 1656 ceptum
967 1625 980 1648 ,
1023 1585 1346 1638 charitntem
1389 1599 1552 1652 ;quat
1593 1584 1660 1638 ad
1701 1585 1958 1654 pietatem
2003 1582 2316 1653 pertinent,

725 1684 873 1729 recte
908 1684 1106 1728 tenete.
1140 1674 1538 1728 llmreticorum
1577 1674 1787 1728 zizania
1821 1683 2042 1739 cavete;
2077 1689 2107 1726 a
2141 1682 2315 1726 matre

724 1777 904 1821 vestra
945 1767 1190 1821 Ecclesia
1229 1768 1452 1822 minime
1488 1768 1838 1836 separemini.
1879 1768 1932 1823 Si
1972 1770 2086 1825 hate
2123 1771 2311 1826 omnia

721 1856 988 1918 feceritis,
1017 1859 1173 1912 eritis
1202 1859 1396 1912 virtute
1427 1858 1678 1925 perfecti.

791 1949 928 2002 LIV.
977 1949 1099 2005 l'laac
1145 1949 1251 2018 piis
1295 1949 1464 2005 labris
1506 1950 1754 2017 dictavit,
1792 1962 1845 2006 et
1883 1953 2051 2023 jussit
2090 1955 2195 2026 legi
2239 1956 2308 2010 ab

724 2041 984 2095 omnibus
1021 2041 1337 2104 monachis,
1371 2041 1645 2096 stantibus
1675 2043 1742 2096 ad
1774 2045 2042 2100 scalarum
2075 2048 2306 2118 gradus,

722 2141 778 2185 et
821 2131 1156 2186 deﬂentibus
1204 2131 1350 2185 illius
1401 2135 1827 2202 separationem.
1873 2135 2084 2190 Dicitur
2123 2147 2308 2194 autem

723 2225 827 2277 hoc
870 2223 1046 2276 visum
1093 2237 1214 2277 esse
1260 2223 1404 2276 circa
1449 2237 1610 2288 eum;
1656 2239 1852 2294 nempe
1897 2227 2073 2282 tribus
2111 2227 2308 2285 diebus

723 2325 847 2370 ante
891 2327 1124 2370 mortem
1148 2357 1161 2377 ,
1198 2317 1306 2386 jam
1352 2315 1531 2370 media
1567 2325 1724 2371 nocte
1760 2319 2114 2375 concurrisse
2149 2330 2206 2374 et
2239 2321 2308 2376 ad

724 2422 850 2460 eum
901 2407 1224 2461 convenisse
1269 2415 1529 2472 sanctos,
1576 2410 1673 2478 qui
1720 2408 1948 2464 fuerunt
1991 2426 2022 2464 a
2065 2413 2308 2479 saculo,

726 2497 1041 2567 prophetas,
1079 2497 1385 2566 apostolos,
1423 2509 1712 2568 martyres,
1750 2513 1800 2556 et
1839 2517 2036 2558 omnes
2071 2505 2313 2574 denique

729 2603 965 2655 sanctos,
995 2591 1088 2659 qui
1119 2599 1174 2644 et
1205 2606 1460 2659 magnum
1493 2591 1732 2661 benigne
1761 2595 2093 2658 salutarunt.
2122 2609 2176 2650 et
2200 2599 2316 2667 jus-

729 2691 926 2737 serunt
969 2698 1093 2737 eum
1141 2683 1387 2736 divinum
1437 2684 1721 2740 celebrare
1767 2688 2113 2757 mysterium.
2156 2688 2315 2754 Quod

733 2775 955 2845 quidem
991 2774 1315 2841 celebravit,
1350 2783 1406 2829 et
1443 2777 1771 2831 intemerata
1808 2779 1924 2848 ipsa
1960 2781 2198 2850 sumpsit
2231 2797 2318 2836 sa-

734 2877 1051 2930 cramenta,
1088 2867 1244 2921 etiis
1280 2867 1482 2937 quibus
1519 2886 1617 2938 par
1650 2878 1772 2924 erat
1808 2871 2094 2942 impertiit.
2137 2877 2316 2944 Atque

729 2962 840 3030 jam
874 2959 1094 3028 quidem
1130 2975 1360 3028 magnus
1392 2971 1698 3014 extremum
1730 2962 1924 3032 agebat
1954 2965 2232 3034 spiritum,
2264 2976 2322 3022 et

733 3054 847 3122 ipse
875 3052 1103 3106 antistes
1134 3053 1520 3121 episcOporum
1541 3053 1620 3119 (is
1648 3063 1767 3108 erat
1798 3053 2182 3126 Euphetnius),
2207 3059 2320 3128 jam

733 3144 879 3222 enim
917 3151 1168 3196 mortuus
1204 3151 1324 3195 erat
1357 3143 1611 3208 Aeacius,
1647 3159 1769 3197 cum
1806 3146 1929 3200 aliis
1960 3147 2217 3202 veniebat
2252 3150 2318 3202 ad

734 3234 1175 3303 emigrationem.
1214 3233 1420 3287 Aderat
1459 3245 1642 3289 autem
1681 3236 1812 3290 Rais
1852 3253 2073 3307 quoque
2112 3239 2320 3294 tidelis-

735 3325 904 3384 sima,
940 3333 994 3378 et
1026 3326 1107 3378 vir
1137 3325 1356 3393 quidam
1379 3366 1392 3381 .
1425 3325 1518 3393 qui
1559 3328 1946 3394 posside-batur
1977 3344 2007 3382 a
2042 3330 2319 3396 daemone,

735 3416 999 3485 pergebat
1035 3417 1102 3470 ad
1137 3419 1488 3482 columnam;
1519 3417 1612 3485 qui
1646 3430 1700 3472 et
1735 3430 2048 3474 sanctorum
2083 3424 2149 3476 ad
2188 3440 2324 3478 san-

737 3517 886 3563 ctnm
932 3508 1226 3562 adventum
1280 3508 1566 3562 clamando
1611 3520 1799 3578 aperte
1848 3512 2227 3580 signiﬁcabat,
2268 3503 2324 3570 et

738 3616 833 3657 eos
864 3600 979 3655 suis
1007 3601 1316 3670 appellabat
1349 3601 1703 3666 nominibus,
1743 3613 1799 3656 et
1830 3603 2076 3672 ipsorum
2097 3647 2110 3670 ,
2143 3616 2201 3660 ut
2229 3607 2320 3675 qui

737 3695 1142 3756 convenissent,
1178 3693 1506 3747 meminerat
1536 3696 1878 3764 angelorum.
1912 3699 2122 3754 Deinde
2153 3703 2320 3754 etiam

737 3786 1032 3857 adjiciebat
1063 3786 1178 3839 fore
1210 3795 1267 3838 ut
1300 3785 1458 3839 tertia
1493 3785 1626 3839 hora
1661 3788 1822 3857 hujus
1850 3788 1957 3843 diei
1988 3791 2102 3858 ipse
2134 3790 2319 3845 Daniel

737 3877 969 3932 excedat
1014 3874 1081 3929 ad
1128 3875 1444 3936 Dominum,
1493 3885 1549 3928 et
1595 3892 1624 3928 a
1671 3877 1935 3931 diuturna
1985 3880 2322 3936 habitatione

741 3967 1061 4022 immundus
1109 3965 1417 4033 expellatur
1465 3965 1710 4034 spiritus.
1761 3966 1892 4033 Quae
1943 3981 2171 4039 utraque
2222 3985 2324 4023 suo

740 4069 986 4128 tempore
1036 4066 1366 4111 evenerunt.
1415 4055 1546 4121 Quae
1598 4058 1756 4127 prius
1807 4059 1952 4113 dicta
2007 4070 2090 4115 est
2139 4072 2322 4115 autem

740 4150 896 4212 Rais,
931 4148 1216 4219 magniﬁce
1249 4148 1481 4217 parabat
1511 4162 1575 4202 ea
1610 4163 1731 4217 quae
1761 4151 2110 4218 pertinebant
2137 4151 2207 4204 ad
2240 4166 2325 4206 se-

740 4245 1058 4311 pulturam;
1097 4251 1154 4294 et
1192 4255 1314 4292 cum
1361 4241 1563 4294 multos
1605 4241 1925 4295 adduxisset
1967 4243 2236 4306 artiﬁces,
2271 4251 2326 4298 et

738 4336 992 4404 jnssisset
1027 4333 1143 4387 ﬁeri
1180 4334 1450 4386 tumulum
1486 4335 1540 4386 in
1574 4333 1835 4388 inferiore
1870 4345 2022 4404 parte
2057 4335 2204 4389 hasis
2233 4351 2324 4388 co-

740 4427 940 4481 lumna:
963 4465 978 4488 ,
1010 4435 1064 4480 et
1097 4441 1271 4494 usque
1307 4425 1375 4478 ad
1413 4426 1691 4493 fastigium
1713 4466 1726 4487 ,
1759 4426 1954 4480 statuit
1988 4441 2055 4480 ex
2089 4436 2324 4496 utraque

2422 567 2544 627 νοὺς
2581 565 2787 628 κλίνας,
2818 566 2909 619 καὶ
2949 565 3228 620 κατελθὼν
3252 568 3342 618 ἐπὶ
3370 569 3494 636 γῆς,
3539 566 3634 618 καὶ
3675 565 3820 636 ὑπὲρ
3851 566 4019 635 ἡμῶν

2419 657 2597 710 θανών
2618 675 2676 711 τε
2708 659 2804 711 καὶ
2829 660 3091 723 ἀναστὰς,
3148 659 3312 721 αὐτὸς
3361 659 3519 711 ἔσται
3552 658 3674 726 μεθ’
3701 657 3862 725 ὑμῶν
3888 673 3906 687 ο
3937 656 4017 718 ὥς

2422 751 2522 820 μὲν
2548 750 2732 818 σοφὸς,
2763 750 3048 816 φυλάττων
3078 750 3186 804 ἀπὸ
3204 750 3300 802 τοῦ
3326 749 3586 820 πονηροῦ,
3618 750 3693 811 ὡς
3721 749 3781 803 δέ
3813 749 4014 802 6:61:6-

2417 863 2514 914 της
2551 849 2629 910 είς
2661 848 2720 900 τὸ
2754 846 2924 899 αὐτοῦ
2969 845 3180 915 θέλημα
3229 845 3532 913 συντηρῶν,
3571 843 3646 907 ὡς
3675 844 3731 897 δέ
3764 843 3862 897 καὶ
3902 861 4013 898 τεα-

2417 940 2544 1009 τὴρ,
2579 939 2680 994 κάν
2719 939 2772 992 ετ
2805 957 2857 993 τι
2879 939 3142 1010 σφαλῆτε,
3175 937 3578 1008 φιλανθρώπως
3619 936 4013 1004 ἀνακαλούμε-

2419 1050 2507 1096 νος
2539 1035 2630 1086 καὶ
2666 1033 3054 1102 πνευματικῶς
3086 1033 3216 1104 ὑμῖν
3245 1033 3346 1092 τὰς
3373 1031 3621 1099 ἀγκάλας
3663 1029 3860 1084 ἁπλῶν
3883 1047 3898 1060 ·
3940 1029 4016 1090 ὡς

2418 1128 2474 1180 δὲ
2506 1129 2600 1180 καὶ
2631 1126 2771 1197 ὑπὲρ
2825 1126 2987 1196 ἡμῶν
3016 1128 3094 1189 εἰς
3143 1125 3379 1179 θάνατον
3435 1123 3741 1193 προέμενος
3790 1123 4013 1184 ἑαυτὸν,

2420 1220 2515 1273 καὶ
2569 1220 2712 1289 ὑμᾶς
2765 1217 3017 1288 ἀλλήλοις
3068 1219 3295 1288 ὁμονοίᾳ
3336 1217 3588 1284 συνάψει,
3626 1217 3720 1268 καί⁵
3753 1215 3816 1268 ἐν
3867 1212 4014 1268 εἶναι

2421 1312 2837 1382 παρασκευάσει
2864 1308 2942 1378 τῷ
2977 1309 3276 1377 πνεύματι.
3323 1308 3854 1377 Ταπεινοερροσύνης
3886 1307 4012 1376 ἔχει

2423 1402 2539 1465 σθε,
2571 1403 2784 1471 ὑπακοῇ
2809 1401 3113 1466 δουλεύετε,
3161 1401 3474 1469 φιλοξενίας
3510 1402 3693 1471 ἐρᾶτε,
3722 1399 4013 1468 νηστείας.

2421 1494 2748 1566 ἀγρυπνίας,
2783 1495 3196 1564 ἀκτημοσύνης,
3243 1497 3338 1563 τῆς
3365 1495 3591 1564 πρώτης
3622 1495 3713 1546 καὶ
3739 1495 4015 1562 μεγίστης

2421 1588 2527 1640 τῶν
2544 1586 2772 1640 ἐντολῶν
2797 1587 3041 1655 ἀγάπης,
3063 1588 3132 1642 τά
3150 1589 3285 1658 πρδς
3305 1586 3787 1658 εὐσέϐειανξόρθῶς
3805 1586 4015 1653 ῑχοιτε,

2421 1679 2490 1732 τὰ
2520 1678 2736 1743 ζιζάνια
2771 1679 2880 1733 τῶν
2915 1679 3211 1750 αίρετικῶν
3265 1679 3624 1748 φυλάττεσθε,
3661 1679 3762 1746 τῆς
3797 1677 4014 1746 μητρὸς

2425 1771 2579 1842 ὑμῶν
2624 1773 2725 1841 τῆς
2777 1771 3104 1841 Ἐκκλησίας
3158 1773 3355 1841 κομιδῆ
3415 1771 3491 1841 μὴ
3548 1771 3874 1840 χωρίζεσθε.
3913 1771 4016 1822 ’Δν

2416 1865 2591 1918 ταῦτα
2629 1864 2809 1916 πάντα
2841 1865 3056 1932 ποιῆτε,
3083 1864 3282 1917 τέλειοι
3314 1864 3413 1933 τὴν
3450 1863 3654 1932 ἀρετὴν
3685 1862 3899 1915 ἔσεσθε.

2484 1951 2608 2004 NA'.
2642 1950 2827 2004 Ταῦτα
2873 1952 3143 2020 φιλοθέοις
3199 1953 3442 2022 χείλεσιν
3492 1954 3868 2022 ὑπηγόρευσε,
3908 1952 4012 2003 καὶ

2415 2041 2913 2112 ὁπαναγνωσθῆναι
2944 2043 3080 2096 πᾶσι
3108 2043 3219 2105 τοῖς
3257 2046 3516 2111 μσναχοῖς
3554 2043 3836 2105 ἐκέλευσε,
3877 2045 4016 2111 περὶ

2413 2135 2539 2196 τοὺς
2595 2133 2843 2203 βαθμοὺς
2891 2134 2989 2204 τῆς
3049 2133 3322 2202 κλίμακος
3379 2136 3716 2203 ἱσταμένοις,
3774 2137 3874 2186 καὶ
3914 2133 4009 2185 τὸν

2416 2228 2632 2280 ἐκείνου
2693 2227 2977 2297 χωρισμὸν
3032 2226 3478 2297 ὀλοφυρομένας.
3545 2227 3788 2294 Λέγεται
3820 2225 4011 2278 δὲκαὶ

2414 2315 2575 2368 τοῦτο
2608 2316 2740 2384 περὶ
2792 2316 2955 2369 αὑτὸν
2983 2315 3246 2386 θεαθῆναι
3303 2319 3455 2387 τρισὶ
3502 2317 3770 2386 πρότερον
3791 2315 3895 2384 τῆς
3925 2335 4018 2370 τε-

2416 2403 2612 2474 λευτῆς
2644 2405 2915 2474 ἡμέραιςο
2971 2405 3166 2468 νυκτὸς
3222 2407 3322 2477 ἤδη
3381 2409 3651 2476 μεσούσης
3680 2409 4017 2477 συνδραμεῖν

2420 2495 2632 2559 πάντας
2661 2498 2757 2548 καὶ
2791 2497 2929 2565 πρὸς
2955 2497 3118 2551 αὐτὸν
3166 2497 3485 2567 ἀπαντῆσαι
3510 2501 3636 2561 τοὺς
3667 2502 3763 2555 ἀπ’
3808 2502 4014 2564 αἰῶ-,τις

2418 2589 2628 2656 ἁγίους,
2672 2591 2977 2659 προφήτας,
3011 2590 3366 2655 ἀποστόλους,
3423 2592 3714 2662 μάρτυρας
3749 2597 3845 2646 καὶ
3876 2596 4018 2647 πάν-

2418 2697 2517 2742 τας
2571 2678 2775 2742 ὀσίους,
2808 2678 2946 2732 ἀλλά
2980 2683 3074 2734 καὶ
3125 2679 3386 2748 δυνάμεις
3412 2683 3563 2746 τινας
3598 2685 3913 2753 οὐρανίους,
3965 2686 4016 2738 οἳ

2422 2771 2763 2842 φιλοφρόνως
2823 2772 2916 2823 τὸν
2981 2774 3156 2840 μέγαν
3209 2773 3542 2843 ἠσπάζοντο,
3598 2776 3693 2828 καὶ
3731 2777 3831 2846 τὴν
3858 2779 4018 2829 θείαν

2423 2861 2737 2914 ἐπιτελέσαι
2791 2864 3184 2932 μυσταγωγίαν
3238 2865 3568 2935 ἐπέτρεπον,
3613 2868 3680 2938 ῆν
3715 2871 3810 2921 καὶ
3849 2868 4018 2937 ὤφθη

2421 2957 2648 3022 τελέσας
2678 2960 2840 3020 αὐτός
2875 2977 2932 3012 τε.
2963 2961 3070 3012 τῶν
3095 2962 3378 3030 ἀχράντων
3409 2965 3726 3033 μυστηρίων
3761 2968 4016 3034 μεταλα-

2424 3051 2536 3102 ϐὼν
2564 3053 2659 3106 καὶ
2694 3053 3082 3120 μεταδεδωκὼς
3114 3050 3193 3116 οἷς
3227 3049 3295 3124 ἦν
3328 3055 3493 3117 ἀξιον.
3536 3058 3692 3125 "Apri.
3723 3059 3824 3125 μὲν
3857 3054 3958 3112 οὖν
3989 3060 4020 3112 ὁ

2350 3177 2390 3232 C
2429 3143 2599 3212 μέγας
2650 3147 2777 3209 περὶ
2803 3143 2898 3204 τὰς
2931 3147 3164 3213 ἐσχάτας
3196 3147 3499 3232 ἀναπνοὰς
3532 3143 3622 3216 ἦν,
3655 3149 3750 3200 καὶ
3786 3149 3960 3214 αὐτὸς
3987 3155 4018 3203 ὀ

2425 3233 2534 3285 τῶν
2567 3235 2635 3304 le;
2659 3233 2762 3286 έων
2803 3237 3090 3304 πρόεδρος,
3133 3231 3607 3307 Εὒφήμιοςοῦτος
3634 3234 3701 3308 ἦν
3737 3241 3871 3310 (ἢδη
3898 3241 4018 3312 γὰρ

2438 3324 2691 3387 ’Δκάκιςς
2745 3328 3087 3395 ἐτεθνήκει),
3155 3330 3296 3396 μετά
3343 3330 3451 3381 τῶν
3480 3331 3558 3391 είς
3588 3331 3688 3398 τὴν
3739 3333 4016 3400 ἐκδημίαν

2429 3416 2635 3485 παρῆν,
2689 3418 2871 3488 ’παρῆν
2909 3417 2963 3470 δὲ
3011 3424 3102 3471 καὶ
3142 3421 3172 3486 ἡ
3211 3421 3513 3488 πιστοτάτη
3576 3419 3748 3484 Ῥαὶς,
3801 3425 3894 3475 καί
3927 3442 4019 3488 τις

2425 3505 2564 3573 ἀνὴρ
2622 3506 2837 3574 δαίμονι
2894 3506 3124 3575 κάτοχος
3158 3506 3292 3576 προς
3321 3509 3414 3559 τὶν
3461 3508 3656 3560 σ.ὖλον
3699 3509 3925 3577 ἐχώρει,
3956 3511 4016 3570 ὃς

2425 3599 2526 3670 τήν
2555 3617 2611 3652 τε
2647 3598 2756 3650 τῶν
2793 3597 2965 3662 ἁγίων
2995 3597 3294 3666 ἐπιδημίαν
3327 3597 3424 3668 τὴν
3445 3599 3579 3668 πρδς
3612 3598 3704 3651 τὸν
3732 3601 3878 3651 ὅσιον
3908 3619 4019 3666 φα-

2427 3692 2600 3762 νερῶς
2636 3690 2791 3755 ἐσέα,
2847 3692 3108 3759 ὀνομαστί
3157 3709 3214 3744 τε
3245 3692 3470 3755 τούτους
3515 3694 3723 3756 ἐκάλει,
3775 3697 4020 3750 καὶτῶν

2427 3782 2676 3848 ἀγγέλων
2706 3782 2780 3844 ὡς
2803 3783 3117 3851 δραμόντων
3173 3785 3461 3854 ἐμέμνητο
3483 3823 3497 3848 ,
3549 3780 3672 3837 εἶτα
3709 3787 3805 3839 καὶ
3843 3804 4020 3856 προσ-

2428 3874 2593 3926 ετίθει
2622 3876 2703 3928 ὅτι
2737 3875 2926 3943 τρίτην
2950 3874 3100 3942 ῶραν
3131 3876 3226 3944 τῆς
3250 3876 3465 3945 ἡμέρας
3503 3877 3738 3947 ἐχούσης
3765 3880 3934 3941 αὑτός
3955 3897 4020 3933 τε

2428 3963 2568 4033 πρὸς
2591 3964 2793 4034 Κύριον
2819 3965 2846 4016 ὁ
2875 3965 3072 4033 Δανιὴλ
3096 3966 3471 4031 ἐπελεύσεται,
3501 3969 3594 4020 καὶ
3615 3969 3674 4021 τὸ
3698 3970 4020 4038 ἀκάθαρτον

2429 4056 2648 4125 πνεῦμα
2679 4057 2779 4125 τῆς
2819 4057 3041 4125 χρονίας
3062 4059 3328 4127 οἰκήσεως
3357 4059 3692 4129 θεοκινήτως
3728 4063 4016 4133 ἀπελαθῄ-

2431 4165 2604 4210 σεται,
2643 4147 2680 4202 ἀ
2711 4147 2775 4217 δὴ
2805 4149 2896 4201 καὶ
2926 4149 3217 4218 ἀμφότερα
3249 4149 3392 4203 κατά
3423 4151 3517 4203 τὸν
3541 4152 3735 4221 καιρὸν
3766 4155 4014 4222 ἀπήντα.

2440 4239 2503 4290 Ἠ
2557 4238 2740 4308 μέντοι
2771 4241 3150 4311 προρρηθεῖσα
3203 4241 3359 4306 Ῥαὶς
3387 4243 3690 4314 φιλοτίμως
3752 4245 3824 4298 τά
3874 4247 4016 4316 πρὸς

2428 4329 2606 4400 ταφὴν
2636 4329 2879 4399 ἐνήργει,
2916 4333 3011 4383 καὶ
3045 4333 3272 4400 συχνοὺς
3296 4333 3404 4384 τῶν
3434 4337 3693 4403 τεχνιτῶν
3723 4337 4017 4403 ἀγαγοῦσα

2433 4422 2682 4491 στύρακά
2718 4439 2777 4474 τε
2813 4421 3071 4490 γενέσθαι
3104 4424 3459 4492 προστάξασα
3485 4426 3730 4478 κάτωθεν
3760 4426 3857 4478 τοῦ
3887 4428 4018 4480 στύ-

741 4529 898 4589 parte
935 4518 1131 4572 tumuli
1170 4518 1460 4582 homines,
1497 4518 1592 4586 qni
1632 4515 1780 4571 faces
1815 4515 2057 4580 ferrent,
2094 4526 2151 4572 et
2183 4519 2317 4572 lam-

2427 4513 2518 4566 λου
2562 4511 2770 4582 βάσεως
2807 4513 2902 4566 καὶ
2958 4513 3119 4583 μέχρι
3174 4513 3274 4580 τῆς
3331 4515 3577 4584 κορυφῆς
3621 4515 3916 4586 δᾳδούχους
3952 4517 4016 4582 εξ

741 4611 913 4681 pedes
948 4617 1201 4663 tenerent
1237 4608 1514 4673 manibus,
1545 4618 1601 4663 et
1631 4623 1695 4663 ea
1729 4619 2012 4671 canerent.
2045 4624 2166 4678 qua:
2199 4610 2322 4663 cani

743 4703 925 4758 solent
962 4702 1014 4755 in
1053 4700 1304 4754 decessu.
1341 4698 1590 4768 Cumque
1625 4699 1717 4754 illa
1751 4715 1954 4771 corpus
1991 4699 2128 4754 infra
2165 4700 2324 4755 detu-

741 4793 897 4849 lisset
920 4833 937 4859 ,
972 4793 1026 4847 in
1061 4793 1315 4862 plumbeo
1351 4791 1405 4845 id
1443 4791 1595 4860 ponit
1632 4792 1843 4856 loculo,
1880 4793 1932 4845 in
1969 4793 2072 4846 hoc
2106 4807 2328 4861 quoque

747 4901 976 4942 servans
1030 4885 1212 4954 magni
1267 4884 1510 4938 Danielis
1561 4893 1976 4939 testamentum.
2028 4885 2123 4938 llle
2175 4885 2324 4938 enim

747 4977 1028 5031 mandavit
1069 4975 1374 5044 discipulis,
1427 4990 1524 5030 seu
1572 4975 1956 5041 imperatores,
2006 4991 2101 5031 seu
2149 4991 2323 5046 reges,

747 5079 845 5124 ant
876 5069 968 5122 ulli
1005 5069 1117 5132 alii,
1147 5083 1203 5122 se
1238 5067 1470 5121 invicem
1504 5079 1766 5134 superare
1793 5067 2132 5123 contendant
2158 5069 2209 5120 in
2241 5067 2323 5121 lo-

749 5160 857 5215 culi
905 5169 1127 5228 sumptu
1175 5171 1233 5214 et
1279 5159 1720 5229 magniﬁcentia,
1769 5161 1938 5214 nolite
1983 5161 2264 5228 suscipere
2310 5177 2323 5213 :

751 5251 845 5306 sed
884 5251 996 5305 i!lic
1033 5259 1088 5305 et
1126 5251 1206 5304 sic
1243 5265 1443 5319 corpus
1486 5250 1685 5316 deponi
1729 5250 1916 5308 sinite.
1955 5249 2045 5302 uhi
2088 5259 2144 5302 et
2187 5265 2328 5319 quo-

753 5343 920 5396 modo
952 5343 1188 5398 voluerit
1231 5341 1360 5396 Rais
1399 5342 1736 5396 fidelissima.
1776 5342 1900 5398 Hac
1938 5358 2069 5412 ergo
2111 5351 2329 5411 peracta

751 5441 901 5494 sunt.
932 5444 985 5488 et
1017 5439 1277 5503 expulsus
1305 5445 1389 5488 est
1422 5434 1737 5489 immundus
1765 5436 1997 5500 damon,
2029 5451 2154 5490 cum
2188 5436 2328 5489 mul-

756 5535 868 5579 tum
905 5526 1178 5580 hominem
1215 5527 1615 5594 discerpsissct.

822 5616 928 5670 LV.
957 5618 1125 5670 Porro
1144 5627 1326 5671 autem
1352 5617 1601 5687 quaedam
1623 5633 1842 5689 quoque
1863 5618 1967 5673 alia
1984 5617 2176 5673 effecta
2200 5629 2329 5674 sunt

827 5797 866 5828 ¹¹
903 5795 1042 5850 Psal.
1091 5811 1219 5862 xvtt,
1259 5794 1346 5848 10.

2429 4606 2699 4676 ἐκατέρου
2749 4606 2949 4674 μέρους
3003 4607 3097 4658 τοῦ
3157 4605 3424 4672 στύρακος
3481 4607 3838 4677 περιέστησε,
3890 4611 4013 4672 ταῖς

2428 4701 2583 4770 χερσὶ
2615 4699 2902 4768 λαμπάδας
2950 4700 3282 4766 κατέχοντας
3318 4701 3412 4752 καὶ
3450 4697 3679 4768 ᾅδοντας
3707 4707 3778 4752 τά
3807 4701 4010 4764 ἐξόδια,

2430 4790 2524 4842 καὶ
2546 4787 2688 4841 οὕτω
2732 4788 2824 4840 τὸν
2849 4789 3042 4858 νεκρὸν
3067 4787 3250 4858 ἐκείνη
3302 4804 3526 4856 κατενεγ
3541 4787 3714 4842 κοῦσα
3754 4793 3812 4843 ἐν
3865 4792 4010 4862 σορῷ

2429 4881 2612 4952 τίθησι
2637 4879 2955 4951 μολυϐδίνῃ,
2991 4879 3238 4944 σώζουσα
3261 4882 3363 4932 κάν
3381 4881 3558 4949 τούτῳ
3581 4883 3679 4949 τὴν
3706 4883 3801 4935 τοῦ
3838 4887 4010 4951 μεγὰ-

2430 4969 2523 5023 λου
2549 4969 2812 5033 διάταξιν.
2854 4969 3164 5038 Ἐπέσκηιιε
3196 4971 3304 5039 γάρ
3332 4973 3541 5034 ἐκεῖνος
3567 4977 3677 5034 τοῖς
3735 4974 4010 5043 μαθηταῖς

2429 5063 2510 5116 δτι
2541 5061 2640 5115 κάν
2656 5061 2894 5132 βασιλεῖς
2924 5060 3026 5114 κᾶν
3051 5061 3200 5115 ἀλλοι
3232 5063 3375 5124 τινὲς
3400 5057 3511 5115 εἷεν
3543 5065 3856 5137 πολιτελείᾳ
3888 5069 4010 5136 περὶ

2430 5153 2529 5224 τὴν
2559 5153 2714 5222 σορὸν
2766 5151 3093 5222 ὑπερϐαλεῖν
3133 5153 3406 5223 ἀλλήλους
3457 5154 3897 5220 φιλονεικοῦντες
3941 5157 4010 5227 μὴ

2433 5245 2857 5316 παραδέξασθαι,
2889 5243 3004 5298 ἀλλ’
3062 5247 3242 5298 ἐκεῖσε
3285 5245 3351 5314 δὴ
3378 5247 3469 5296 καὶ
3508 5244 3680 5309 οὕτως
3730 5249 3793 5300 τὸ
3857 5250 4012 5320 σῶμα

2437 5336 2824 5406 κατατεθῆναι,
2878 5335 3006 5389 ἔνθα
3058 5335 3260 5406 δηλαδὴ
3309 5341 3402 5392 καὶ
3459 5338 3661 5407 ὅπωςὴ
3713 5346 4006 5410 πιστοτάτη

2451 5431 2597 5492 Ῥαὶς
2628 5429 2891 5500 βούλοιτο.
2923 5429 3034 5483 Καὶ
3055 5431 3083 5482 ὁ
3113 5429 3422 5499 ἀκάθαρτος
3445 5429 3656 5498 δαίμων
3684 5430 3858 5484 πολλά
3880 5449 4010 5485 σπα-

2443 5527 2608 5598 ράξας
2643 5525 2734 5580 τὸν
2765 5525 3051 5595 ἄνθρωπον
3079 5508 3446 5595 άηλαύνετο.

2511 5618 2638 5674 NE'.
2668 5619 2775 5674 Καὶ
2797 5618 2928 5673 ἀλλα
2947 5617 3002 5671 δέ
3024 5635 3145 5672 τινα
3167 5617 3420 5672 θαύαατα
3445 5619 3831 5690 κατεπράχθη.
3854 5619 4007 5690 Τρεῖς
