4214 6444
240 409 380 473 1037

1339 411 1515 469 \‘ITA
1552 408 1657 466 SS.
1701 406 1906 465 lNDAS
1944 407 2036 465 ET
2070 406 2370 469 DOMNi‘E.

3342 417 3476 481 1033

235 528 345 596 γὰρ
370 526 438 578 δι’
488 526 739 593 ἀστέρων
778 527 1043 594 σταυροὶ.ς
1086 528 1289 594 ἡμέρας
1324 526 1486 592 οὖ-αης
1524 526 1616 577 τοῦ
1650 527 1798 591 ἡλίου
1834 537 1870 583 Α
1907 524 2161 575 miracuiu
2188 561 2198 575 .
2228 524 2267 574 Τ

1834 537 1870 583 Α
1907 524 2161 575 miracuia
2188 561 2198 575 .
2228 524 2363 576 Tres
2387 523 2532 576 enim
2585 538 2681 590 per
2706 525 2889 579 stellas
2922 541 3135 590 cruces,
3187 545 3309 582 cum
3361 535 3480 584 clins

232 615 618 683 λαμπρότατον
667 615 1083 684 ἀπολάμποντος
1132 617 1229 665 σὺν
1267 612 1445 681 πολλῷ
1486 613 1560 679 τῷ
1617 611 1801 663 κάλλει

231 712 328 761 καὶ
364 708 571 775 ἀνθηρᾷ
627 712 688 776 τῇ
722 709 862 774 αὐγῇ
911 707 1145 773 φανῆναι
1195 706 1432 771 λέγεται,
1470 705 1560 755 καῖ.
1594 704 1804 763 τούτοις

232 801 419 851 ἐπάνω
447 800 543 866 τῆς
598 799 785 866 τιμίας
841 798 1056 864 ἐκείνης
1109 797 1300 863 στῆναι
1339 795 1534 863 σοροῦ·
1578 794 1713 846 ἀλλὰ
1741 793 1805 862 δὴ
1854 784 1857 786 ’

232 894 327 942 καὶ
363 890 688 957 περιστερὰς
722 890 980 940 ἵπτασθαι
1003 888 1351 950 λευκοτάτας,
1377 888 1474 955 τὴν
1504 886 1589 939 ἀεὶ
1616 886 1806 937 συνοῦ-

235 1000 333 1034 σαν
383 980 533 1049 αύτῴ
584 983 740 1049 χάριν
771 981 1037 1047 δηλούσας
1099 980 1191 1031 τοῦ
1248 979 1589 1049 [Ινεύματος.
1648 979 1802 1031 Οὕτω

235 1075 335 1141 μὲν
373 1072 469 1125 οὖν
500 1074 559 1125 τὸ
593 1073 733 1141 ἱερὸν
758 1072 850 1123 τοῦ
881 1074 1077 1141 Δανιὴλ
1109 1074 1264 1139 σῶμα
1291 1074 1447 1142 χερσὶ
1469 1072 1560 1124 τοῦ
1585 1070 1801 1141 πρώτου

233 1164 497 1231 κατετέθη
526 1165 847 1233 ἀρχιερέως,
877 1164 1115 1232 κάκείνῳ
1146 1164 1305 1215 πάλιν
1341 1164 1407 1215 τὰ
1437 1163 1663 1229 λείψανα
1694 1162 1803 1214 τῶν

233 1258 293 1309 ὲν
312 1256 587 1308 Βαϐυλῶνι
608 1258 776 1325 τριῶν
804 1258 1010 1309 παίδων
1030 1256 1237 1309 ἄνωθεν
1254 1257 1507 1325 ἐπετέθη,
1532 1256 1627 1308 τοῦ
1653 1256 1799 1309 ὁσίου

236 1352 331 1402 καὶ
357 1348 512 1400 τοῦτο
534 1349 912 1416 ἐντειλαμένου
936 1351 1083 1411 ὅπως
1114 1352 1187 1419 μὴ
1217 1352 1293 1418 τῷ
1326 1351 1534 1403 ἐκείνου
1565 1352 1804 1421 λειψάνῳ

239 1440 461 1508 μᾶλλον,
502 1440 637 1492 ἀλλὰ
678 1443 791 1502 τοῖς
839 1443 1209 1509 ἐπικειμένοις
1240 1443 1388 1511 αύτῷ
1425 1444 1804 1510 προσκυνῶσιν

236 1534 283 1583 οξ
308 1532 641 1599 προσιόντες.
674 1532 830 1583 ὒῦτω
890 1534 985 1601 τῆς
1020 1534 1367 1603 ἀνθρωπίνης
1393 1534 1550 1602 δόξης
1577 1534 1802 1586 ἔσπευδε

235 1626 329 1675 καὶ
372 1626 513 1692 μετά
548 1627 808 1694 τελευτὴν
858 1628 885 1678 ὁ
947 1628 1213 1692 μακάριος
1266 1628 1417 1688 ξένος
1465 1627 1799 1681 δείκνυσθαι.

234 1716 485 1777 Τοιοῦτος
536 1718 560 1767 ὁ
594 1721 657 1768 ἐκ
708 1717 933 1786 γενετῆς
966 1719 1041 1786 τῷ
1090 1720 1310 1787 μεγάλῳ
1364 1719 1476 1786 βίος
1510 1719 1671 1787 μέχρι
1711 1721 1805 1771 καὶ

232 1808 491 1873 τελευτῇς
515 1825 527 1836 ·
557 1808 779 1860 τοιαῦτα
810 1811 875 1861 τὶι
904 1809 1327 1879 κατορθώματα.
1360 1812 1474 1873 Ὃς,
1507 1812 1593 1862 διὰ
1621 1810 1804 1877 πάσης

231 1900 520 1967 ἀεκήτεως
555 1904 648 1950 καὶ
682 1902 1027 1969 παντοδαπῆς
1062 1902 1287 1966 ἀγώνων
1329 1902 1472 1965 ἰδέας
1509 1902 1676 1952 ἐλθὼν
1708 1902 1801 1953 καὶ

233 1990 507 2051 τοσούτοις
536 1991 839 2059 διαλάμψας
872 1992 1053 2060 ἔργοις
1084 1993 1298 2061 πλήρης
1324 2010 1380 2045 τε
1408 1994 1624 2065 ἡμερῶν
1658 2011 1799 2060 γεγο-

232 2076 340 2139 νὼς
370 2080 474 2131 τῶν
503 2096 559 2129 τε
586 2081 937 2147 ἀνθρωπίνων
971 2084 1059 2132 καὶ
1088 2084 1195 2133 τῶν
1235 2084 1326 2137 τοῦ
1345 2068 1699 2155 Ἧνεύματος,
1743 2090 1800 2139 ὲν

233 2171 380 2236 γήρα
402 2169 551 2238 καλῷ
581 2170 836 2222 καταλύει
870 2171 961 2220 τὸν
992 2169 1103 2237 ιΞ¹δίον
1138 2172 1217 2233 είς
1262 2174 1585 2242 ὀγδοήκοντα
1620 2190 1801 2244 παρα-

234 2262 416 2321 τείνας
451 2260 539 2327 ἕτη
570 2263 659 2309 καὶ
690 2261 867 2328 μῆνας
892 2265 1060 2330 τρεῖς,

306 2353 447 2417 ΜΓ.
476 2354 610 2405 Φασὶ
633 2352 686 2402 δὲ
732 2354 894 2406 αὐτὸν
925 2354 1017 2406 καὶ
1070 2355 1169 2416 τὰς
1202 2357 1393 2423 τρίχας
1426 2358 1519 2423 τῆς
1554 2356 1800 2424 κεφαλῆς

234 2444 485 2495 τοσοῦτον
516 2445 767 2511 γενέσθαι
790 2446 864 2513 τῷ
885 2446 1061 2516 χρόνῳ
1090 2449 1422 2516 κατάκομον,
1451 2450 1523 2509 ὼς
1544 2456 1801 2520 τέσσαρσι

239 2538 339 2603 μὲν
384 2536 708 2605 διαιρεῖσθαι
764 2536 1103 2606 βοστρύχοις,
1164 2540 1224 2590 τὸ
1256 2540 1310 2591 δὲ
1354 2543 1528 2607 μῆκος
1580 2545 1672 2593 καὶ
1723 2545 1802 2603 εἰς

235 2633 430 2697 π’χεις
462 2629 727 2696 τέσσαρας
762 2629 1185 2697 παρατείνεσθαι
1210 2647 1223 2660 ο
1262 2632 1426 2699 βαθὺς
1478 2633 1533 2684 δὲ
1589 2636 1682 2685 καὶ
1713 2634 1803 2685 τὸν

236 2722 473 2787 πώγωνα
497 2716 561 2789 ἦν
590 2723 665 2781 εἰς
678 2720 770 2773 δύο
789 2724 879 2773 καὶ
902 2723 1087 2775 τοῦτον
1110 2724 1437 2793 βοστρύχους
1461 2725 1595 2793 ἔχων
1617 2726 1809 2796 διῃρη-

240 2814 422 2881 μένον.
492 2813 725 2875 Ἐκεῖνος
789 2815 886 2882 μὲν
932 2812 1072 2867 οὕτω
1129 2815 1298 2885 ζήσας
1356 2818 1803 2869 ἐπανεπαύσατο·

236 2905 373 2972 ἡμῖν
395 2903 451 2956 δὲ
505 2906 810 2972 ἀρχέτυπον
843 2906 1045 2971 ἀγαθὸν
1071 2909 1161 2958 τὸν
1207 2908 1403 2961 ἑαυτοῦ
1445 2910 1802 2961 καταλέλοιπε

240 2996 377 3061 βίον,
404 2996 500 3063 οὺχ
531 2995 616 3046 ἵνα
648 2996 807 3063 μόνον
837 2998 1147 3064 ὲπαινῶμεν
1187 3000 1219 3068 ἢ
1264 3000 1358 3051 καὶ
1411 3002 1805 3068 θαυμάζωμεν,

238 3085 375 3137 ἀλλα
404 3088 496 3138 καὶ
525 3085 597 3148 ὡς
624 3086 850 3139 δυνατὸν
881 3086 1197 3156 μιμώμεθα.
1241 3088 1297 3141 '0
1325 3091 1421 3158 μὲν
1453 3090 1558 3159 γὰρ
1591 3093 1809 3152 ἔπαινος

243 3180 378 3248 πρδς
417 3179 580 3231 αὑτὸν
616 3181 841 3248 φέρεται
873 3180 1067 3246 μόνον·
1102 3183 1133 3249 ἡ
1167 3181 1221 3233 δὲ
1256 3182 1485 3250 μίμησις
1521 3182 1627 3233 τῶν
1659 3182 1808 3249 ὀφει-
1837 3212 1879 3270 C

240 3272 484 3340 λομένων
517 3271 667 3341 αὑτῷ
726 3273 949 3338 ἀγαθῶν
1000 3273 1094 3323 καὶ
1145 3274 1290 3341 ἡμᾶς
1334 3274 1581 3341 μετέχειν
1638 3291 1812 3343 παρα-

244 3365 507 3427 σκευάζει
536 3366 723 3434 χάριτι
766 3364 861 3415 καὶ
887 3363 1269 3434 φιλανθρωπία
1303 3364 1395 3416 τοῦ
1428 3366 1628 3433 Κυρίου
1657 3366 1814 3433 ἡμῶν

252 3453 433 3523 Ἰησοῦ
466 3454 707 3522 Χριστοῦ
730 3495 747 3520 ,
793 3447 836 3520 ᾧ
867 3454 899 3521 ἡ
929 3454 1055 3518 δόξα
1095 3458 1190 3507 καὶ
1229 3456 1291 3507 τὸ
1338 3460 1538 3523 κράτος
1598 3456 1690 3507 νῦν
1723 3460 1815 3509 καὶ

238 3546 353 3611 ἀεὶ,
382 3546 474 3598 καὶ
502 3546 582 3610 εἰς
607 3545 732 3608 τοὺς
769 3545 970 3609 αἰῶνας
997 3546 1105 3599 τῶν
1127 3546 1356 3600 αἰώνων.
1408 3546 1599 3615 Ἀμήν.

255 3872 1752 3898 W

1907 621 2053 664 esset
2075 622 2126 664 el
2147 612 2225 665 sol
2248 614 2462 666 luceret
2488 613 2843 676 clarissimus,
2869 632 2990 669 cum
3010 632 3220 672 summa
3245 623 3483 688 pulchri-

1910 704 2096 754 tudine
2120 713 2174 755 ct
2206 704 2494 770 splendore
2528 706 2787 760 dicuntur
2811 710 3154 775 apparuisse,
3186 721 3242 765 et
3266 715 3480 770 stetisse

1908 808 2074 859 super
2103 804 2401 859 prct:osum
2430 796 2579 847 illum
2623 798 2861 851 loculum
2886 840 2897 851 .
2920 798 3060 863 Quin
3088 803 3252 857 etiam
3298 807 3480 861 volas—

1908 901 1963 938 se
1996 885 2263 936 Culumst
2322 887 2739 951 eandidissimae,
2798 907 2919 959 quae
2978 908 3101 946 cum
3152 911 3217 951 eo
3264 914 3481 970 semper

1907 986 2008 1038 est,
2039 977 2262 1043 gratiam
2297 977 2531 1043 Spiritus
2559 980 2961 1047 signiﬁcantes.
3001 986 3091 1041 Sic
3109 1003 3239 1057 ergo
3261 1006 3475 1047 sacrum

1909 1068 2040 1122 illud
2070 1084 2267 1136 corpus
2292 1069 2526 1125 Danielis
2597 1072 2902 1140 depositum
2928 1077 3031 1131 fuit
3079 1081 3331 1135 manibus
3380 1086 3482 1152 pri-

1913 1160 1985 1211 mi
2028 1162 2336 1229 pontilieis.
2378 1164 2585 1218 Rursus
2624 1166 2703 1219 illi
2732 1183 2947 1237 quoque
2976 1171 3198 1227 luerunt
3252 1178 3479 1244 imposi-

1910 1257 1976 1302 ta:
2001 1251 2246 1318 reliquiae
2279 1252 2441 1303 trium
2472 1269 2788 1320 puerorum,
2830 1259 2921 1325 qui
2965 1272 3123 1316 erant
3186 1264 3479 1335 Babylone,

1908 1356 2032 1394 cum
2064 1343 2142 1395 sic
2171 1344 2424 1411 jussisset
2453 1356 2693 1410 sanctus,
2721 1363 2788 1401 ne
2857 1364 2963 1404 tam
3012 1352 3157 1405 illius
3202 1357 3479 1424 reliquias,

1908 1449 2067 1501 quam
2118 1452 2212 1488 eos
2263 1438 2357 1504 qui
2388 1447 2541 1491 erant
2578 1439 2626 1492 ei
2682 1441 2940 1507 impositi,
2992 1444 3287 1499 adorarent
3330 1451 3484 1504 acce-

1910 1526 2099 1578 dentes
2122 1565 2135 1579 .
2166 1525 2252 1579 Sic
2277 1539 2499 1581 sanctus
2529 1530 2595 1582 ab
2618 1530 2854 1584 humana
2909 1536 3078 1599 gloria
3126 1539 3340 1591 studuit
3396 1556 3485 1593 os-

1912 1619 2058 1671 tendi
2091 1618 2302 1673 alienus
2323 1621 2486 1672 etiam
2519 1631 2637 1687 post
2660 1622 2945 1677 decessqu
2973 1665 2985 1677 .
3026 1626 3171 1680 Talis
3223 1631 3326 1682 luit
3372 1631 3481 1685 vita

1910 1712 2087 1777 magni
2126 1710 2364 1763 Dauielis
2404 1712 2471 1763 ab
2500 1727 2621 1764 ortu
2658 1729 2829 1781 usque
2877 1717 2942 1769 ad
2976 1716 3296 1785 decessum;
3358 1725 3483 1778 talia

1909 1803 2028 1869 ejus
2048 1804 2472 1858 suntbenefacta
2496 1842 2508 1857 .
2528 1806 2774 1869 Quicum
2801 1809 3023 1862 obiisset
3057 1828 3275 1867 onmem
3323 1832 3480 1871 exer-

1838 1877 2244 1957 Bcitationcm,
2303 1905 2357 1947 ct
2432 1911 2592 1948 omne
2647 1913 2817 1965 genus
2873 1903 3208 1965 certaminis,
3260 1914 3315 1957 et
3372 1917 3478 1960 tam

1907 1982 2095 2035 multis
2120 1984 2301 2036 clarus
2325 1985 2518 2037 luisset
2558 1987 2833 2052 opt-ribus,
2863 1990 3093 2045 eﬂectus
3120 1998 3312 2061 plenus
3364 1999 3483 2052 die-

1906 2087 2048 2133 rum,
2086 2082 2193 2125 tam
2238 2076 2626 2137 humanorum,
2682 2094 2844 2145 quam
2907 2085 3150 2148 spiritus,
3210 2088 3259 2138 in
3324 2104 3484 2142 sene-

1910 2172 2059 2215 ctute
2088 2162 2227 2214 bona
2265 2167 2479 2216 excedit
2505 2180 2533 2217 e
2568 2166 2697 2230 vita,
2726 2184 2849 2222 cum
2881 2172 2946 2225 ad
2976 2179 3366 2243 octogesimum
3391 2195 3485 2233 an—

1904 2268 2035 2305 num
2066 2254 2395 2320 pervenisset
2436 2265 2489 2309 et
2540 2273 2755 2314 menses
2784 2272 2921 2316 tres.

1978 2343 2121 2397 LVI.
2168 2345 2334 2398 Aiunt
2390 2358 2569 2401 autem
2626 2367 2752 2404 eum
2797 2370 3016 2423 quoque
3049 2360 3259 2425 capillis
3286 2364 3483 2430 capitis

1908 2452 2166 2504 processu
2212 2442 2472 2508 temporis
2501 2442 2637 2497 adeo
2670 2447 2906 2500 evasisse
2936 2463 3231 2511 comatum.
3262 2463 3322 2507 ut
3347 2474 3483 2525 qua-

1909 2529 2143 2597 druplici
2202 2534 2419 2599 quidem
2450 2550 2601 2589 coma
2634 2536 3165 2609 discrituinareutur,
3199 2548 3483 2616 longitudo

1912 2630 2092 2672 autem
2138 2636 2329 2675 eorum
2388 2624 2454 2677 ad
2509 2635 2747 2693 quatuor
2804 2631 3015 2685 cubitos
3069 2636 3484 2701 produceretur.

1912 2712 2086 2765 Barba
2120 2729 2337 2783 quoque
2364 2726 2479 2769 erat
2504 2719 2553 2770 ei
2587 2718 2777 2782 densa,
2811 2737 2931 2790 qua:
2987 2724 3101 2791 ipsa
3148 2742 3367 2797 quoque
3403 2733 3485 2785 bi-

1911 2803 2099 2855 fariam
2161 2804 2675 2862 discritninabatur.
2734 2815 2909 2879 Atque
2940 2814 3031 2867 ille
3088 2819 3308 2885 quidem
3360 2839 3483 2878 cum

1911 2896 1990 2949 sic
2017 2898 2261 2958 vixisset,
2305 2900 2610 2967 requievit;
2647 2902 2804 2957 nobis
2851 2915 3029 2959 autem
3082 2911 3369 2976 pulchrum
3424 2933 3485 2969 e-

1913 2988 2157 3053 xemplar
2190 3004 2340 3041 suam
2371 2991 2589 3058 reliquit
2617 2995 2799 3057 vitam,
2835 3011 2941 3048 non
2972 2999 3145 3053 solum
3193 3011 3249 3055 ut
3300 3005 3483 3060 laude-

1912 3094 2054 3143 mus,
2084 3090 2177 3132 aut
2211 3082 2376 3134 etiam
2416 3093 2472 3135 ut
2502 3084 2857 3153 admiremur,
2909 3091 3003 3144 sed
3039 3103 3095 3145 ut
3130 3110 3227 3162 pro
3278 3098 3486 3154 viribus

1914 3185 2132 3239 quoque
2162 3172 2468 3227 imitemur.
2504 3176 2646 3230 Laus
2671 3180 2816 3231 enim
2851 3182 2914 3233 ad
2946 3198 3067 3236 eum
3088 3185 3261 3239 fertur
3283 3191 3484 3255 solum

1912 3263 2145 3316 imitatio
2173 3277 2354 3317 autem
2380 3281 2489 3319 non
2515 3267 2666 3331 facit,
2705 3276 2761 3321 ut
2786 3271 2957 3325 simus
2982 3276 3147 3329 etiam
3180 3280 3479 3348 participes

1916 3354 2207 3418 bonorum,
2239 3372 2357 3424 quae
2388 3357 2437 3409 ei
2501 3359 2813 3427 debentur;
2861 3369 3032 3433 gratia
3083 3380 3138 3422 et
3193 3371 3479 3427 clementia

1915 3444 2126 3497 Domini
2153 3450 2323 3500 nostri
2346 3449 2470 3502 Jesu
2501 3451 2729 3516 Christi,
2763 3457 2848 3509 cui
2904 3458 3073 3525 gloria
3129 3470 3183 3515 et
3240 3466 3480 3531 potentia

1915 3549 2037 3588 cum
2062 3537 2217 3591 Patre
2244 3541 2384 3607 ejus,
2413 3543 2505 3609 qui
2533 3555 2680 3598 caret
2712 3547 2997 3617 principio,
3024 3564 3081 3606 et
3138 3556 3485 3611 sanctissimo

1916 3639 1973 3682 et
2006 3630 2149 3683 bono
2180 3643 2234 3686 et
2266 3634 2481 3689 viviﬁco
2510 3638 2627 3705 ejus
2661 3638 2887 3707 Spiritu,
2940 3659 3082 3699 nunc
3140 3656 3195 3699 et
3244 3663 3483 3719 semper,

1916 3728 1971 3772 et
2003 3720 2058 3773 in
2093 3724 2289 3776 saecula
2311 3726 2631 3781 saaculorum
2662 3770 2673 3782 .
2710 3734 2907 3784 Amen.

1758 3876 3438 3916 *Ἄκη-,Ἦ

868 3992 1497 4085 ΜΑΡΤΥΡΙΟΝ
1572 3997 1799 4081 ΤΩΝ
1845 3998 2185 4084 ΑΓΙΩΝ
2262 4002 2854 4087 ΜΑΡΤΥΡΩΝ

1031 4170 1545 4303 ΙῙΝΔΟΥ
1618 4168 1914 4301 ΚΑΙ
1985 4173 2687 4309 ΔΟΜΝΑΣ

662 4371 780 4435 ΚΑΙ
813 4372 1174 4433 ΤΩΝ-ΔΠοΝ
1197 4376 1575 4433 ΔΙΣΜΥΡΙΩΝ
1609 4378 1747 4432 ΤΩΝ
1777 4378 1867 4432 ΕΝ
1918 4380 2356 4437 ΝΙΚΟΜΗΔΕΙΑ
2418 4387 3058 4453 ΜΔΡΤΥΡΗΣΔΝΤΩΝ.

731 4666 1138 4760 MARTY
1162 4671 1275 4757 R1
1301 4671 1465 4760 UM
1521 4674 2053 4768 SANCTOR
2075 4680 2234 4770 UM
2296 4682 2975 4784 MARTYRUM

1040 4872 1555 5026 INDXE
1649 4878 1897 5031 ET
1949 4880 2678 5043 DOMNIE

406 5124 509 5187 ΕΤ
558 5123 1051 5187 SANCTORUM
1117 5126 1426 5187 VIGINTI
1494 5128 1838 5192 MILLIUM
1916 5134 2051 5208 QUI
2107 5135 2586 5202 NICOMEDUE
2638 5146 2856 5208 PASSI
2928 5150 3129 5213 SUNT

588 5268 783 5332 (Latine
829 5271 960 5332 apud
1011 5270 1212 5322 Surium
1246 5275 1307 5323 ad
1358 5272 1491 5324 diem
1524 5276 1585 5325 26
1622 5275 1948 5340 Decembris;
1988 5282 2157 5335 Graece
2182 5298 2244 5334 cx
2285 5289 2395 5339 cod.
2437 5302 2528 5340 ms.
2563 5290 2688 5355 Reg.
2716 5292 2859 5356 155³,
2883 5310 2998 5346 nec.
3022 5300 3145 5362 xiv.)

1816 5436 1886 5449 ﬂ

317 5535 398 5588 A'.
427 5533 584 5602 ’Δρτι
610 5533 957 5602 Μαξιμιανοῦ
980 5536 1233 5605 δεύτερον
1273 5538 1390 5601 ἔτος
1418 5541 1641 5607 ἄγοντος
1667 5543 1723 5593 ὲν
1747 5544 1811 5611 τῇ
1840 5542 1893 5601 1)

260 5626 551 5696 Ῥωμαίων
580 5627 722 5695 ἀρχῇ
750 5626 845 5679 καὶ
889 5627 981 5679 τοῦ
1009 5629 1105 5698 τῆς
1139 5629 1392 5693 ἀσεϐείας
1421 5632 1687 5701 χειμῶνος
1719 5652 1811 5703 χα-

1991 5544 2045 5599 l.
2080 5545 2402 5601 Maximiano
2425 5549 2536 5615 jam
2568 5553 2870 5608 secundum
2919 5570 3122 5611 annum
3177 5570 3369 5628 agente
3423 5564 3480 5619 in

1915 5636 2147 5707 imperio
2175 5640 2567 5707 Romanorum,
2624 5654 2681 5698 et
2727 5645 3016 5701 minitante
3069 5664 3288 5718 gravem
3340 5660 3481 5707 tem-

324 5741 425 5808 (t)
463 5741 667 5834 HSd-uin
735 5741 932 5834 festum
961 5746 1035 5799 ait
1095 5745 1486 5818 Metaphrastes
1538 5750 1801 5806 celebrari
1844 5768 1952 5809 uno
1984 5756 2073 5811 die
2134 5765 2254 5825 post
2287 5756 2520 5811 natalem
2589 5756 2786 5813 Christi
2824 5800 2838 5824 ,
2880 5760 3320 5834 Martyrologium
3375 5764 3484 5822 Ro-

254 5826 477 5865 manum
500 5812 568 5864 ‘28
592 5812 921 5867 Decembris.
