4214 6444
221 401 359 473 1011
1320 402 1500 462 VITA
1538 402 1639 461 SS.
1686 400 1822 461 IND

1937 401 2032 461 ET
2073 400 2377 462 DOMN/E.
3369 393 3506 460 1042

220 542 248 576 ει
262 523 325 589 ὴν
341 520 520 590 ψυχὴν
543 518 849 589 ιπληροῦτο
863 538 875 549 ·
892 517 1089 572 Ἤδετο
1118 536 1215 588 μεν
1239 519 1321 586 ἐφ’
1345 514 1425 588 οἷς
1446 520 1673 585 τοιούτῳ
1694 519 1812 570 ἔτυ-

1927 532 2014 571 rna:
2044 519 2221 583 utilia,
2257 516 2411 572 varie
2438 514 2799 578 afficiebatur,
2832 512 3139 575 laetabatur,
3194 508 3510 564 admiraba-

224 630 287 681 χε
323 611 616 682 θησαυρῷ’
670 609 1028 679 ἐξεπλήττετο
1078 609 1133 662 δὲ
1166 611 1265 679 τὴν
1302 610 1412 663 τῶν
1460 609 1803 679 Χριστιανῶν

1934 621 2042 674 tur,
2079 611 2268 665 dolore
2300 610 2468 664 animi
2503 609 2868 677 iniplebatur.
2929 603 3244 658 Laetabatur
3277 604 3503 672 quidem

226 705 415 755 πίστιν
449 702 791 755 κατανοοῦσα
847 702 943 755 καὶ
974 702 1037 753 τὸ
1070 701 1370 770 φιλάληθες
1409 702 1577 769 αὐτῆς
1610 702 1701 753 καὶ
1731 702 1806 751 oi-

1927 704 2061 773 ιυοά
2092 705 2145 757 in
2183 704 2347 756 talem
2383 704 2703 757 thesaurum
2768 697 3085 752 incidisset:
3133 697 3509 750 admirabatur

228 800 378 851 καῖον
418 798 556 865 πρὸς
586 793 785 866 ἀρετὴν
813 795 1186 865 ἀποδεχομένη
1213 810 1226 824 ο
1271 797 1461 864 ἠνιᾶτο
1488 794 1542 847 δὲ
1583 794 1681 860 τὴν
1710 796 1807 862 ζη-

1927 806 2119 859 iutem,
2141 796 2497 850 considerans
2537 795 2698 847 fidem
2763 791 3240 852 Christianorum;
3268 791 3499 859 ejusque

235 889 367 958 μίαν
410 888 510 957 τὴν
564 888 725 958 μέχρι
768 888 961 940 τούτου
1013 887 1343 955 λογιζομένη
1382 888 1472 940 καὶ
1505 887 1677 940 νύκτα
1713 888 1811 956 βας

235 982 389 1037 θείαν
420 980 491 1035 τὰ
518 980 861 1053 προλαϐόντα
891 981 1209 1049 νομίζουσα.

309 1252 385 1307 Γ.
426 1253 640 1323 ’Δμέλει
671 1254 766 1307 καὶ
794 1254 891 1323 τῆς
922 1254 1180 1317 εὐσεϐοῦς
1204 1254 1411 1322 ταύτης
1442 1254 1673 1316 πίστεως
1701 1255 1817 1321 γλι-

238 1344 442 1415 χομένη
478 1345 645 1413 μηδὲν
677 1344 813 1408 ὅλως
867 1347 1179 1415 μελλήσασα
1232 1346 1652 1414 μεταστέλλεταί
1698 1364 1815 1398 τινα

240 1438 485 1507 κρυφίως
515 1439 633 1500 ne;
663 1438 772 1490 τῶν
801 1439 900 1507 τῆς
932 1440 1126 1508 βουλῆς
1159 1440 1455 1509 θυγατέρα,
1485 1439 1583 1511 τὴν
1613 1441 1710 1509 μὲν
1735 1441 1819 1493 δό-

242 1530 342 1595 ξαν
370 1530 726 1600 Χριστιανὴν.
761 1530 1028 1601 παρθένον
1076 1533 1129 1584 δὲ
1185 1534 1277 1584 καὶ
1332 1534 1503 1603 αὐτὴν
1552 1536 1632 1593 είς
1664 1534 1821 1603 ἀκρί-

242 1622 401 1673 ϐειαν
429 1622 497 1674 τὰ
521 1622 617 1689 τῆς
657 1621 891 1691 ἀληθοῦς
948 1623 1203 1692 λατρείας
1237 1624 1418 1693 ἐρῶσα
1476 1627 1672 1693 μαθεῖν
1727 1626 1823 1677 καὶ

244 1712 425 1783 ἐδηγῷ
459 1715 634 1786 ταύτῃ
661 1713 973 1783 χρήσασθαι
1021 1715 1157 1784 πρὸς
1199 1716 1299 1785 τὴν
1333 1717 1664 1778 θεοσέϐειαν,
1696 1718 1823 1787 παρ’

243 1800 313 1874 ἦς
351 1803 444 1859 καὶ
471 1805 537 1858 τὰ
574 1806 835 1858 κάλλιστα
870 1807 1386 1876 μυσταγωγηθεῖσα,
1422 1809 1515 1860 ἐπὶ
1542 1810 1600 1860 τὸ
1630 1810 1823 1877 βάπτι-

1914 890 2024 942 veri
2059 889 2303 942 studium
2334 900 2389 942 et
2424 885 2871 955 conjiinr‘tionem
2904 898 3027 936 cum
3060 883 3265 937 virtute
3319 882 3497 936 susci-

1916 983 2103 1050 piens:
2130 980 2433 1049 angebatur
2464 996 2611 1040 vero,
2647 979 2910 1032 damnum
2972 976 3119 1041 quod
3152 990 3397 1043 eousque
3422 984 3512 1028 ac'

1916 1083 2159 1142 ceperat,
2193 1083 2475 1141 reputans,
2508 1082 2564 1125 et
2599 1082 2813 1125 noctem
2871 1069 3197 1139 profundam
3245 1082 3329 1133 ea,
3389 1082 3512 1135 qua:

1921 1170 2335 1231 praecesserant,
2372 1162 2726 1216 existimans.

1992 1256 2091 1310 111.
2127 1257 2277 1309 Hanc
2312 1265 2461 1309 certe
2495 1256 2638 1323 piam
2676 1253 2838 1307 fidem
2864 1256 3208 1316 desiderans,
3229 1252 3510 1305 nihilom-

1922 1349 2057 1401 nino
2081 1357 2357 1411 cunctata,
2388 1350 2620 1401 accersit
2664 1346 2958 1416 quamdam
3001 1346 3160 1398 tiliam
3227 1344 3506 1399 uniusex

1923 1443 2287 1505 senatoribus,
2314 1443 2472 1510 (quae
2495 1440 2753 1507 Opinione
2777 1440 3000 1506 quidem
3026 1448 3142 1492 erat
3164 1437 3505 1499 Christiana,

1926 1545 2046 1590 erat
2082 1545 2261 1589 autem
2326 1535 2440 1601 ipsa
2497 1547 2719 1601 quoque
2773 1532 2927 1600 virgo
2990 1530 3261 1599 perfecta)
3320 1543 3511 1581 verum

1927 1630 2131 1683 ciiltum
2157 1627 2299 1682 scire
2320 1626 2661 1686 desiderans,
2694 1632 2749 1677 et
2788 1625 2864 1677 uti
2898 1639 2960 1675 ea
2989 1627 3126 1677 duce
3180 1622 3245 1676 ad
3299 1622 3517 1688 religio-

1929 1736 2088 1775 nem.
2123 1722 2166 1773 A
2223 1734 2331 1787 qua
2386 1718 2439 1771 in
2483 1716 2757 1787 mysteriis
2806 1715 3179 1784 pulcherrime
3236 1714 3513 1773 instituta,

1929 1822 2186 1883 properat
2212 1812 2278 1866 ad
2310 1812 2755 1882 baptismum:et
2791 1809 2967 1862 media
3029 1817 3211 1869 nocte,
3268 1807 3511 1860 inscien-

250 1914 363 1965 σμα
418 1896 675 1949 σπεύδει·
729 1898 824 1949 καὶ
858 1898 949 1949 τὸν
1009 1899 1275 1969 ἀρχιερέα
1335 1901 1603 1970 Κύριλλον
1642 1902 1823 1968 μέσων

1929 1907 2075 1964 tibus
2095 1906 2375 1966 omnibus,
2409 1904 2559 1958 venit
2591 1902 2657 1957 ad
2710 1902 2974 1974 Cyrillum
3026 1901 3371 1970 pontificem.
3424 1900 3517 1953 ille

248 1986 457 2039 νυκτῶν
494 1987 737 2056 κλέψασα
764 1988 861 2057 τὴν
892 1990 1150 2060 αἴσθησιν
1180 1992 1420 2055 πάντων,
1467 1992 1823 2059 καταλαμϐἀο

247 2093 348 2129 νει.
393 2078 658 2139 Κάκεῖνος
689 2078 941 2148 ἐμμελῶς
964 2081 1064 2142 τὰς
1094 2084 1247 2145 θείας
1279 2082 1496 2140 ἁπάσας
1521 2083 1658 2151 αὐτῇ
1687 2084 1826 2153 Γρα-

248 2168 377 2234 (pic,
400 2166 521 2221 εἶτα
557 2170 752 2239 καὶτῷ
784 2170 951 2239 τιμίῳ
974 2174 1193 2242 σταυρῷ
1236 2173 1332 2225 τοῦ
1374 2175 1607 2242 Χριστοῦ
1650 2194 1824 2246 σφρα-

245 2260 429 2324 γίσας,
478 2262 600 2313 τότε
668 2262 768 2330 μὲν
829 2265 1249 2333 κατηχουμένην
1303 2266 1476 2334 αὐτὴν
1512 2270 1672 2330 ποιεῖ,
1730 2269 1825 2321 καὶ

247 2352 630 2419 προτελιίσθαι
680 2351 750 2405 τὰ
784 2354 1066 2421 εἰθισμένα
1109 2355 1263 2423 παρά
1290 2373 1384 2408 του
1420 2357 1529 2411 τῶν
1578 2358 1824 2413 εύλαϐῶν

245 2441 510 2495 διακόνων
537 2445 833 2501 ἐπιτάττει,
885 2443 949 2497 Ἦ
980 2444 1035 2496 δὲ
1064 2445 1279 2508 τούτοις
1307 2464 1363 2497 τε
1423 2448 1540 2515 ἃμα
1595 2449 1689 2501 καὶ
1730 2468 1826 2520 νη-

250 2532 405 2602 στείᾳ
434 2535 523 2586 καὶ
576 2538 852 2605 προσευχῇ
892 2537 1232 2605 προσέχουσα
1290 2538 1391 2591 οὐκ
1448 2539 1671 2593 ἔλαττον
1728 2542 1822 2594 τοῦ

248 2620 424 2677 ταῦτα
477 2627 651 2678 ποιεῖν
699 2626 757 2678 τὸ
786 2626 1074 2679 λανθάνειν
1110 2624 1503 2699 ποιοῦσανοεῐχε
1539 2632 1624 2684 διὰ
1662 2650 1825 2684 σπου-

247 2715 367 2784 δῆς.
399 2716 513 2770 Οὐκ
534 2716 680 2769 ἔστιν
718 2713 810 2770 οὖν
832 2719 985 2781 ὅστις
1009 2720 1144 2789 αὐτῇ
1176 2721 1349 2773 ταῦτα
1379 2724 1596 2791 συνῄδει
1630 2725 1709 2776 ὅτι
1748 2726 1823 2793 μὴ

254 2808 417 2873 μόνος
446 2808 474 2860 ὀ
518 2808 613 2861 καὶ
640 2808 738 2878 τὴν
780 2809 985 2879 ἀρετὴν
1019 2814 1402 2882 παραπλήσιος
1455 2814 1708 2884 εὐνοῦχός
1738 2834 1823 2880 τις

250 2899 425 2967 δνομα
479 2900 576 2969 μὲν
609 2901 807 2969 Ἴνδης,
840 2902 901 2955 τὸ
943 2903 999 2954 δὲ
1034 2904 1191 2971 γένος
1233 2905 1531 2976 βάρϐαρος,
1560 2908 1608 2959 εί
1640 2909 1735 2961 κα)¹
1765 2910 1823 2961 τὸ

250 2986 383 3060 ἦθος
407 2991 554 3061 αὐτῷ
589 2994 664 3062 μὴ
687 2994 829 3045 κατά
858 2994 1129 3066 βάρϐαρον
1158 2994 1245 3067 ἦν,
1276 2999 1390 3050 ἀλλ’
1418 3001 1623 3069 ἥμερόν
1652 3019 1711 3054 τε
1732 3005 1826 3056 καὶ⁴

256 3083 527 3151 προσηνὲς
558 3086 650 3136 καὶ
677 3084 875 3151 πολλὴν
914 3086 1243 3154 διαγγέλλων
1275 3090 1373 3160 τὴν
1399 3090 1549 3142 ἔνδον
1583 3094 1821 3161 ἠρεμίαν

1927 2008 2110 2052 autem
2142 2012 2265 2051 cum
2292 1996 2569 2051 modulate
2597 1996 2811 2049 divinas
2840 1995 2889 2047 ei
2933 1992 3223 2047 cecinisset
3273 1993 3519 2059 Scriptu-

1925 2104 2037 2151 ras,
2070 2099 2128 2142 et
2154 2086 2467 2141 veneranda
2494 2086 2696 2139 Christi
2751 2100 2917 2140 cruce
2963 2099 3085 2138 eam
3137 2082 3510 2151 obsignasset,

1927 2190 2060 2232 tunc
2098 2180 2321 2247 quidem
2352 2193 2471 2232 eam
2501 2178 2631 2230 facit
2656 2178 3108 2229 catecliumenam
3135 2192 3146 2227 :
3178 2174 3516 2243 etjubetea,

1926 2287 2049 2340 quae
2079 2272 2146 2325 de
2172 2286 2322 2324 more
2359 2271 2513 2339 prius
2537 2270 2693 2331 fiunt,
2727 2268 2843 2322 ﬁeri
2875 2283 2902 2321 a
2931 2269 3020 2335 pio
3074 2268 3311 2334 quodam
3336 2268 3522 2320 diaco-

1926 2378 2038 2425 no;
2080 2375 2200 2416 erat
2228 2371 2412 2415 autem
2440 2364 2486 2417 ei
2512 2376 2710 2415 nomen
2757 2362 2996 2429 Agapius
3021 2402 3033 2414 .
3092 2360 3182 2413 illa
3215 2374 3346 2413 vero
3391 2375 3514 2414 cuin

1932 2465 1987 2509 et
2019 2455 2125 2515 his,
2151 2465 2206 2508 et
2235 2455 2460 2523 jejunio
2497 2465 2551 2508 et
2594 2453 2829 2507 orationi
2883 2453 3043 2507 simul
3107 2460 3341 2513 vacaret,
3406 2465 3517 2504 non

1933 2547 2115 2598 minus
2140 2546 2253 2599 haec
2282 2562 2448 2614 agens
2481 2545 2664 2599 studio
2690 2546 2883 2605 latere,
2929 2559 3089 2612 quam
3119 2544 3235 2598 haec
3299 2545 3478 2598 facere
3502 2583 3514 2596 .

1924 2637 2044 2690 Non
2077 2646 2198 2691 erat
2224 2636 2408 2705 itaque
2447 2637 2664 2705 aliquis.
2693 2638 2785 2703 qui
2832 2637 3025 2688 horum
3059 2645 3206 2689 esset
3231 2635 3513 2698 conscius,

1928 2729 2033 2782 nisi
2069 2729 2219 2784 solus
2249 2730 2471 2797 quidam
2498 2731 2812 2794 eunuchus,
2869 2730 2959 2797 qui
2993 2728 3178 2782 eratei
3219 2728 3419 2781 virtute
3447 2729 3521 2781 si-

1926 2820 2093 2884 milis,
2122 2821 2282 2875 lndes
2314 2822 2536 2889 quidem
2571 2822 2815 2894 nomine,
2849 2836 3049 2890 genere
3085 2829 3269 2874 autem
3322 2819 3519 2874 barba—

1927 2928 2043 2989 rus,
2074 2914 2290 2967 etiamsi
2315 2913 2432 2979 ejus
2466 2930 2651 2968 mores
2685 2930 2791 2967 non
2825 2924 3009 2967 essent
3067 2913 3315 2967 barbaris
3369 2914 3519 2967 simi-

1927 3004 2026 3077 les,
2063 3004 2158 3058 sed
2196 3006 2355 3058 mites
2385 3012 2439 3058 et
2506 3004 2811 3076 mansueti,
2876 3013 2931 3056 et
2985 3004 3078 3071 qui
3137 3004 3519 3072 significabant

1928 3110 2177 3163 magnam
2202 3097 2474 3151 internam
2504 3098 2743 3165 quietem
2768 3104 2822 3150 et
2846 3096 3311 3164 tranquillitatem,
3343 3097 3391 3151 Is
3410 3112 3519 3152 non

256 3174 355 3226 atat
386 3174 749 3245 γαληνότητα.
815 3172 982 3239 Οὗτος
1012 3180 1073 3231 οὐ
1140 3181 1299 3248 μόνον
1351 3183 1552 3250 ὁμοίως
1579 3185 1715 3253 α’ύτῇ
1762 3190 1826 3256 τῇ

1934 3188 2133 3261 solum,
2165 3204 2318 3257 mque
2369 3198 2531 3257 atque
2567 3190 2705 3260 ipsa,
2765 3187 2829 3240 ad
2859 3188 3019 3241 fidem
3097 3189 3356 3242 accessit:
3422 3187 3517 3242 sed

260 3266 445 3317 πίστει
480 3266 882 3336 προσέδραμεν,
931 3270 1066 3322 ἀλλὰ
1113 3272 1205 3322 καὶ
1252 3272 1390 3341 πρὸς
1424 3274 1483 3325 τὸ
1523 3276 1827 3344 μαρτύριον

255 3359 352 3411 τοῦ
387 3358 581 3425 καιροῦ
612 3360 906 3424 καλοῦντος
932 3363 1150 3429 πρῶτον
1180 3364 1373 3416 ἑαυτὸν
1400 3367 1581 3433 φέρων
1626 3370 1830 3421 ἐπέδω-

260 3468 375 3505 κεν.
410 3452 609 3520 Ἄμφω
651 3454 749 3521 μὲν
792 3453 905 3514 οῦν,
956 3456 1030 3515 ὡς
1078 3457 1108 3523 ὴ
1161 3456 1469 3524 προθεσμία
1516 3461 1698 3528 παρῆν
1739 3461 1830 3514 τοῦ

262 3544 661 3615 βαπτίσματος,
701 3545 998 3611 ἀξιοῦνται,
1032 3548 1247 3600 καὶτὸν
1291 3551 1542 3619 οὐράνιον
1586 3553 1831 3623 δέχονται

261 3636 635 3705 μαργαρίτην,
675 3639 769 3689 καὶ
794 3637 964 3699 οὕτως
998 3640 1089 3691 ἐπὶ
1118 3642 1185 3708 τῇ
1222 3640 1417 3712 πρώτῃ
1457 3645 1708 3712 γεννήσει
1736 3663 1833 3698 τα-

259 3728 414 3793 χεῖαν
461 3728 493 3795 ἡ
549 3730 675 3789 παῖς
708 3728 1067 3794 ἀναγεννᾶται
1105 3733 1195 3782 καὶ
1246 3734 1344 3799 τὴν
1372 3733 1652 3803 δευτέραν,
1683 3735 1834 3789 οὔπω

258 3818 443 3870 πλεῖον
472 3819 503 3887 ἢ
541 3819 763 3871 δέκατον
801 3821 960 3887 μόνον
995 3824 1085 3873 ἐπὶ
1113 3823 1263 3874 δυσὶν
1294 3824 1412 3887 ἔτος
1440 3828 1725 3897 γενομένη,

330 3912 404 3963 Δ’.
452 3911 601 3962 Ἐπεὶ
624 3910 678 3963 δὲ
709 3910 798 3963 τὸν
830 3914 1080 3979 θεμέλιον
1114 3915 1348 3982 ἰσχυρῶς
1390 3918 1717 3969 κατεϐάλετο
1742 3920 1834 3971 καὶ

259 4004 319 4053 ἐν
338 4004 404 4071 τῇ
437 4002 615 4071 πέτρᾳ
648 4002 747 4071 ἤδη
778 4004 841 4070 τῇ
878 4003 1114 4071 ἀῤῥαγεῖ
1151 3992 1419 4073 ὲὸρίζωτο
1479 4008 1556 4075 τῷ
1592 4009 1832 4077 Χριστῷ,

240 4092 381 4145 τότε
410 4091 503 4145 καὶ
536 4092 705 4146 τᾶλλα
751 4095 1117 4164 ἐποικοδομεῖ,
1171 4098 1379 4164 τροφῆς
1430 4100 1528 4165 μὲν
1568 4101 1835 4168 αίσθητῆς

258 4186 357 4240 καὶ
380 4186 642 4254 πομάτων
685 4185 907 4256 ἀμελῶς
941 4186 1162 4255 ἔχουσα,
1194 4189 1361 4256 ἄρτου
1395 4190 1451 4240 δὲ
1476 4191 1665 4257 νοητοῦ
1699 4194 1835 4256 μᾶλ-

259 4278 353 4330 λον
396 4278 493 4330 καὶ
523 4277 681 4329 θείων
707 4278 969 4347 ῥημάτων
996 4278 1317 4349 ὲξεχομένη,
1358 4281 1494 4343 πρὸς
1524 4282 1578 4333 δὲ
1618 4284 1708 4334 καὶ
1738 4284 1831 4351 ζη-

258 4369 432 4424 τοῦσα
459 4373 556 4440 οὐχ
578 4372 728 4431 ὅπως
744 4371 884 4441 αὐτῇ
906 4370 967 4423 τὸ
1000 4370 1160 4439 ῥηθὲν
1190 4372 1349 4438 μόνον
1383 4373 1457 4434 είς
1488 4373 1609 4425 νοῦν
1650 4377 1827 4442 ἐμπαο

260 4468 359 4534 γῇ,
392 4464 527 4519 ἀλλὰ
551 4466 644 4517 καὶ
678 4467 823 4523 ὅπως
842 4464 907 4517 ἂν
938 4466 1019 4526 εἰς
1048 4465 1212 4534 ἔργον
1258 4466 1451 4534 ἐκϐαίη
1472 4483 1484 4497 ο
1532 4469 1732 4535 μᾶλλον
1780 4469 1835 4521 δὲ

260 4556 386 4608 οὐδὲ
431 4556 627 4625 χρόνου
655 4557 790 4625 πρὸς
816 4555 987 4609 ταῦτα
1030 4557 1229 4609 ἑδεῖτο’
1283 4557 1400 4624 ἃμα
1452 4558 1558 4624 γὰρ
1584 4557 1746 4626 ἧκουέ
1780 4576 1829 4612 τι

260 4649 364 4717 τῆς
385 4647 533 4709 θείας
561 4647 803 4715 Γραφῆς,
836 4647 929 4699 καὶ
962 4648 1022 4699 τὸ
1048 4646 1315 4700 ἀκουσθὲν
1365 4647 1525 4709 εὐθὺς
1564 4650 1642 4709 είς
1670 4649 1828 4718 ἔργον

262 4740 497 4810 προῆγε.
530 4737 641 4807 Τὴν
672 4740 824 4790 θείαν
863 4737 992 4807 γοῦν
1023 4756 1151 4792 ποτε
1187 4739 1368 4807 βίϐλον
1397 4739 1508 4791 τῶν
1543 4742 1829 4794 ἀποστολι-

264 4832 379 4883 κῶν
407 4832 635 4883 ἐπιοῦσα
669 4829 945 4899 πράξεων,
981 4833 1103 4883 ἐπεὶ
1157 4833 1276 4883 κατ’
1331 4833 1506 4883 ἐκεῖνο
1547 4830 1638 4883 τοῦ
1673 4832 1831 4898 λόγου

263 4923 485 4991 ἐγένετο
519 4922 649 4976 ἔνθα
693 4924 740 4974 οί
775 4922 843 4974 τὰ
891 4925 1144 4990 κτήματα
1167 4922 1472 4984 πωλοῦντες
1519 4924 1616 4986 τὰς
1668 4927 1831 4993 τιμὰς

265 5018 485 5085 ἔφερον,
522 5017 617 5069 καὶ
648 5016 798 5083 παρὰ
828 5015 952 5076 τοὺς
987 5014 1152 5075 πόδας
1202 5014 1413 5066 ὲτίθουν
1462 5015 1571 5067 τῶν
1600 5017 1831 5069 ἀποστό-

267 5110 400 5171 λων,
422 5108 501 5169 είς
528 5105 654 5158 νοῦν
681 5105 838 5179 τοῦτο
868 5106 960 5157 καὶ
983 5106 1167 5174 ἐκείνη
1200 5104 1474 5173 βάλλεται,
1508 5106 1602 5159 καὶ
1624 5108 1744 5167 ὅσος
1768 5102 1835 5174 ἦν

266 5198 404 5268 αὐτῇ
434 5197 630 5268 χρυσὸς
662 5198 757 5250 καὶ
788 5199 1025 5267 ἄργυρος
1051 5197 1210 5264 ἐσθής
1238 5214 1291 5248 τε
1326 5198 1626 5264 πολυτελὴς
1656 5199 1838 5266 ἀθροί-

272 5306 439 5354 σασα,
474 5283 593 5342 εἷτα
621 5291 729 5349 τοῖς
785 5288 933 5351 ίδίοις
967 5289 1200 5350 οἰκέταις
1231 5290 1478 5340 ἐπιθεῖσα
1510 5290 1703 5351 νυκτὸς
1736 5290 1837 5342 ἄπ-

271 5398 400 5445 εισι,
437 5381 535 5433 καὶ⁵
571 5381 662 5432 τὸν
688 5379 841 5447 ἅγιον
874 5380 1017 5445 ἀξιοῖ
1054 5378 1316 5449 Κύριλλον
1347 5381 1604 5443 δέξασθαι
1638 5380 1835 5444 ταῦτα,

270 5473 399 5523 ἐπεὶ
426 5470 522 5524 καὶ
572 5470 709 5540 αὐτῇ
748 5471 846 5537 τὴν
883 5471 1249 5539 ἁποστολικὴν
1284 5471 1422 5541 πρὸς
1454 5472 1660 5523 ἐκεῖνον
1706 5471 1839 5522 ιιίδὼ

270 5560 545 5624 διασώζει,
584 5562 680 5612 καὶ
718 5560 877 5623 ἰδίαις
915 5563 1070 5630 χερσὶ
1105 5563 1301 5630 πένησι
1348 5562 1644 5629 διανεῖμαι.
1685 5565 1745 5614 "A
1776 5562 1839 5629 δὴ

271 5654 367 5708 καὶ
402 5654 477 5714 ὡς
506 5653 644 5721 αὐτῇ
675 5653 919 5722 βούλημα
952 5654 1364 5726 διαπραξαμένη
1393 5656 1601 5717 ούδειδς
1643 5656 1839 5705 εἰδότος

350 5836 366 5863 ’
397 5838 518 5890 Act.
562 5852 633 5899 ιν,
670 5833 758 5888 5i.

1935 3280 2120 3353 etiam,
2153 3291 2379 3335 vocante
2415 3281 2722 3351 occasione,
2760 3295 2817 3333 se
2841 3281 3078 3347 primum
3115 3280 3338 3333 tradidit
3371 3296 3516 3333 mar-

1936 3374 2079 3441 tyrio
2152 3371 2327 3424 Ambo
2353 3386 2505 3443 ergo,
2537 3370 2756 3437 quando
2786 3372 2933 3423 venit
2984 3380 3197 3438 tempus
3246 3370 3521 3439 praestitu-

1939 3473 2073 3535 tum,
2104 3474 2471 3529 assequuntur
2507 3461 2861 3534 baptismum,
2892 3470 2946 3514 et
2974 3463 3052 3516 sic
3103 3469 3226 3530 post
3284 3462 3513 3529 primam

1938 3555 2370 3625 generationem.
2399 3555 2508 3606 cito
2540 3553 2717 3620 puella
2742 3554 2983 3607 secundo
3026 3568 3245 3621 quoque
3298 3535 3520 3622 regene-

1938 3656 2109 3716 ratur,
2136 3661 2259 3698 cum
2286 3660 2392 3698 non
2420 3655 2543 3697 nata
2591 3651 2739 3697 esset
2761 3643 2945 3712 plures
2986 3659 3149 3712 quam
3188 3642 3521 3713 quatuo’rde-

1939 3754 2043 3792 Clm
2099 3753 2273 3791 31111ος

2008 3918 2111 3984 ιν,
2152 3918 2651 3985 Postquam‘autem
2682 3919 2860 3971 valide
2911 3919 3111 3985 iactum
3164 3916 3267 3968 fuit
3328 3914 3495 3968 funda

1939 4018 2203 4069 mentum,
2235 4017 2288 4059 et
2320 4010 2372 4060 in
2425 4008 2578 4060 firma
2634 4018 2807 4075 petra,
2864 4022 3056 4073 nempe
3114 4006 3357 4068 Christo,
3410 4006 3516 4072 jam

1940 4096 2155 4151 radices
2194 4108 2401 4165 egerat,
2432 4108 2562 4151 tunc
2615 4099 2718 4151 alia
2772 4113 2989 4166 quoque
3042 4096 3514 4165 supermdificavit,

1940 4188 2260 4242 alimentum
2290 4190 2508 4257 quidem
2540 4190 2738 4243 sensile
2770 4200 2824 4242 et
2858 4199 3043 4257 potum
3074 4189 3371 4257 negligens,
3426 4202 3520 4251 pa-

1942 4282 1996 4333 ni
2023 4288 2224 4341 autem,
2259 4282 2350 4348 qui
2409 4282 2765 4350 intelligentia
2823 4282 3139 4348 percipitur.
3198 4289 3254 4332 et
3318 4280 3517 4331 divinis

1941 4372 2123 4426 verbis
2161 4373 2447 4426 adhaerens
2484 4392 2494 4424 :
2530 4382 2584 4425 et
2615 4383 2873 4440 prmterea
2906 4386 3158 4438 qu:ercns
3185 4386 3291 4422 non
3316 4371 3513 4429 solum.

1944 4462 2239 4531 quomodo,
2275 4462 2419 4529 quod
2451 4461 2654 4514 dictum
2688 4460 2883 4521 fuerat,
2918 4461 2969 4512 in
3012 4459 3194 4511 animo
3235 4459 3516 4526 imprime-

1941 4564 2114 4612 retur,
2144 4554 2236 4607 sed
2266 4553 2454 4617 etiam,
2495 4551 2769 4621 quomodo
2811 4552 2983 4605 exiret
3026 4552 3079 4603 in
3133 4564 3291 4616 Opus,
3350 4559 3515 4616 atque

1941 4648 2077 4701 adeo
2103 4648 2168 4700 ad
2205 4663 2265 4700 ea
2297 4662 2404 4699 non
2436 4660 2573 4713 opus
2617 4644 2717 4697 fuit
2758 4644 2808 4696 ei
2880 4652 3139 4709 tempore.
3176 4640 3515 4708 Simulatque

1942 4740 2086 4794 enim
2118 4739 2355 4791 divinam
2390 4738 2645 4792 audiebat
2699 4735 3060 4803 Scripturam,
3125 4735 3327 4793 statim,
3368 4730 3515 4799 quod

1944 4831 2220 4893 audiebat,
2257 4829 2593 4898 producebat
2624 4827 2689 4879 ad
2715 4828 2993 4881 effectum.
3030 4825 3163 4877 Cum
3196 4826 3377 4889 itaque
3409 4822 3513 4873 ali-

1940 4923 2158 4991 quando
2187 4924 2384 4991 legeret
2443 4922 2639 4973 librum
2712 4920 3001 4972 Actionum
3050 4916 3511 4983 Apostolicarum,

1943 5018 2032 5071 ubi
2068 5017 2316 5085 pervenit
2356 5016 2421 5068 ad
2456 5015 2606 5067 illum
2640 5013 2839 5073 locum,
2891 5009 2944 5062 in
2993 5022 3121 5077 quo,
3161 5007 3254 5074 qui
3310 5004 3513 5059 vende-

1941 5110 2069 5162 bant
2088 5107 2477 5177 possessiones,
2499 5106 2800 5160 aﬂerebant
2818 5100 2992 5171 pretia
3018 5100 3082 5153 ad
3107 5100 3271 5167 pedes
3292 5104 3513 5164 aposto-

1940 5203 2140 5262 lorum,
2169 5201 2187 5229 ¹
2227 5199 2315 5251 illa
2343 5199 2447 5251 hoc
2486 5211 2732 5269 quoque,
2752 5194 2933 5246 facere
2963 5189 3279 5247 constituit;
3301 5198 3356 5241 et
3386 5201 3511 5239 eum

1942 5290 2269 5358 collegisset,
2289 5286 2551 5356 quidquid
2580 5288 2697 5337 auri
2721 5282 2955 5337 habebat
2971 5288 3023 5333 et
3044 5278 3249 5346 argenti
3270 5285 3322 5329 et
3345 5274 3512 5327 vestis

1944 5381 2212 5448 pretiosae.
2234 5391 2289 5432 et
2313 5395 2375 5431 ea
2407 5378 2522 5430 suis
2548 5376 2895 5443 imposuisset
2920 5371 3155 5429 famulis,
3177 5376 3339 5421 noctu
3372 5365 3508 5425 abit,

1940 5483 1993 5526 et
2022 5482 2266 5525 sanctum
2314 5468 2766 5538 rogatCyrillum,
2803 5474 2863 5519 ut
2886 5479 2951 5518 ea
2980 5456 3507 5528 accipiat.quoniam

1946 5564 1996 5616 in
2050 5564 2200 5616 ilium
2264 5561 2615 5627 apostolicam
2670 5566 2851 5612 servat
2903 5551 3304 5609 reverentiam;
3341 5559 3396 5600 et
3452 5553 3507 5596 ut

1953 5656 2064 5705 ςιιῐδ
2092 5672 2100 5702 ι
2130 5654 2340 5705 “nibus
2365 5666 2423 5702 (ia
2447 5649 2733 5703 (“qi-ilium
2765 5647 3109 5714 pnupitiluts,
3143 5646 3183 5705 ί)
3210 5638 3501 5705 περεμιίςίειιι
