4214 6444
727 366 866 431 1043
1854 356 2243 422 ADDENDA.
2284 357 2391 416 -1

2329 378 2352 392 ·
2373 357 2802 419 DECEMBER.
3845 345 3993 411 10H

723 501 870 541 cuin.
910 491 969 535 ut
995 480 1235 546 volebat,
1261 477 1481 536 nemine
1525 477 1739 536 sciente
1765 473 2039 532 effecisset
2081 485 2298 525 reversa
2330 471 2376 530 Α

2333 471 2376 530 Α
2407 469 2732 540 ὑπέστρεφε,
2772 468 2866 523 καὶ
2893 471 2920 522 ὁ
2948 466 3184 538 συνήθης
3219 465 3393 536 αὐτὴν
3422 463 3666 536 θάλαμος
3712 463 3878 526 αὖθις
3919 459 3997 514 εἴ·

724 581 824 638 est,
855 583 909 628 et
938 574 1131 628 solitus
1169 588 1286 628 eam
1321 587 1511 627 rursus
1557 569 1794 625 habebat
1845 566 2133 622 thalamus.
2407 581 2520 632 χεν.

802 667 864 720 V.
893 667 1072 736 Atque
1094 665 1331 737 Cyrillus
1361 665 1584 734 quidem
1613 663 1734 733 ejus
1795 667 1952 730 pater
1995 655 2296 712 secundum

2476 657 2550 710 E'.
2581 655 2847 726 Κύριλλος
2886 656 2986 722 μὲν
3015 653 3108 707 οὖν
3130 652 3270 722 μετά
3304 651 3504 722 μικρὸν
3547 651 3577 703 δ
3604 649 3812 716 ταύτης
3842 645 3993 699 κατά

734 735 991 824 spiritum
1045 735 1210 826 paulo
1231 765 1357 826 post
1389 755 1603 811 excedit
1644 752 1710 806 ad
1764 749 2012 804 omnium
2077 747 2297 800 Patrem

2406 747 2623 816 πνεῦμα
2654 745 2838 811 πατὴρ
2891 743 3027 813 πρὸς
3073 741 3165 795 τδν
3188 741 3409 794 πάντων
3449 739 3670 808 Πατέρα
3711 738 3812 790 καὶ
3849 735 3994 788 Θεὸν

729 859 785 902 et
811 848 1018 914 Deum;
1047 824 1204 903 beata
1229 824 1415 902 autem
1451 845 1629 916 puella
1658 846 1778 915 ejus
1821 841 2028 895 monita
2059 854 2169 894 non
2219 838 2300 890 le-

2403 839 2638 906 ἐκδημεϊ
2683 837 2897 890 πολλῶν
2938 833 3261 901 παραδόξων
3298 835 3356 885 ἐν
3396 830 3476 901 τῷ
3502 831 3645 884 τέλει
3691 827 3774 897 τῷ
3813 824 3992 879 αὑτοῦ

727 940 869 993 viter
899 940 1091 1004 audiit,
1110 939 1204 995 sed
1240 941 1404 995 etiam
1429 941 1483 993 in
1513 939 1680 992 animi
1707 937 1976 1008 profundo
1996 950 2060 989 ea
2082 934 2299 990 celavit.

2408 928 3027 1000 συνδεδραμηκότων·ή
3073 926 3131 978 δὲ
3185 923 3432 994 μακαρία
3480 924 3610 985 παῖς
3655 921 3757 982 τάς
3814 917 3991 971 αὐτοῦ

731 1032 868 1085 Τοιο
910 1033 1094 1101 itaque
1161 1032 1250 1087 die
1279 1034 1391 1098 illa,
1422 1040 1477 1086 et
1503 1030 1598 1100 qui
1630 1031 1820 1084 virtuti
1846 1038 1964 1085 erat
1993 1027 2190 1082 similis
2211 1026 2302 1081 ln-

2408 1023 2764 1093 παραινέσεις
2798 1021 2895 1088 οὐχ
2939 1019 3130 1081 ἁπλῶς
3171 1019 3426 1088 ἦκουσεν,
3475 1015 3611 1067 ἀλλὰ
3645 1012 3741 1066 καὶ
3780 1011 3862 1078 τῷ
3896 1011 3993 1076 τῆς

733 1123 850 1185 des.
901 1127 1139 1178 animam
1165 1125 1374 1195 jejunio
1404 1133 1790 1194 expurgantes,
1843 1121 2184 1190 orationique
2248 1129 2303 1175 et

2405 1116 2641 1179 διανοίας
2697 1112 2963 1181 ἐνέκρυψε
3023 1110 3199 1179 βάθει.
3250 1106 3556 1178 Τοιγαροῦν
3609 1105 3826 1195 ἡμέρας
3891 1103 3996 1195 μὲν

731 1218 900 1271 sacris
930 1218 1162 1286 eloquiis
1197 1226 1474 1280 vacantes,
1531 1227 1697 1270 noctu
1749 1216 1933 1270 cibum
1987 1215 2300 1271 sumebant.

2405 1209 2532 1278 ὅλης
2562 1206 2746 1274 ἐκείνη
2783 1222 2842 1258 τε
2875 1203 2972 1255 καὶ
3023 1201 3051 1253 ὁ
3100 1201 3201 1270 τὴν
3238 1198 3439 1268 ἀρετὴν
3481 1197 3618 1264 αὐτῇ
3653 1191 3851 1252 ἐοικὼς
3889 1191 3999 1241 ἰν-

728 1310 1064 1362 Alimentum
1099 1317 1280 1363 autem
1313 1318 1430 1364 erat
1459 1308 1613 1377 panis
1637 1308 1837 1367 siccus.
1869 1315 1924 1360 et
1953 1321 2092 1375 aqua
2118 1317 2298 1375 potus.

2405 1302 2501 1367 δης
2554 1298 2778 1368 νηστεία
2811 1295 3205 1365 καθαιρόμενοι
3237 1293 3336 1353 τὰς
3376 1289 3581 1358 ψυχὰς,
3615 1286 3908 1356 προσευχῇ
3941 1300 3998 1334 τε

731 1398 859 1463 Quae
893 1413 1020 1452 vero
1047 1399 1409 1455 constitutum
1449 1376 1627 1452 fuerat
1661 1405 1721 1450 ut
1747 1395 1815 1449 ab
1842 1396 2171 1463 imperatore
2209 1408 2301 1446 ac-

2408 1396 2504 1448 καὶ
2534 1395 2643 1453 τοῖς
2683 1391 2848 1461 ἱεραῖς
2877 1388 3057 1456 λόγοις
3084 1385 3474 1455 προσκείμενοι
3504 1380 3750 1449 ἑσπέρας
3781 1376 3999 1445 τροφῆς

733 1490 1006 1556 ciperent,
1048 1490 1114 1543 iis
1138 1500 1357 1544 ventres
1392 1505 1689 1559 pauperum
1723 1488 2068 1551 fruebantur,
2119 1495 2178 1539 ut
2207 1485 2304 1540 be-

2407 1487 2735 1556 ἐμέμνηντο.
2779 1482 2942 1547 Καὶὴ
2985 1479 3157 1548 τροφὴ
3189 1477 3353 1545 ἄρτος
3383 1470 3450 1544 ἦν
3483 1473 3670 1541 ξηρὸς,
3702 1471 3800 1523 καὶ
3834 1470 3872 1537 ἠ
3906 1470 4002 1519 πό-

733 1578 1050 1647 nignitatem
1084 1579 1246 1633 simul
1280 1588 1425 1634 recte
1471 1589 1791 1634 exercerent
1816 1578 2298 1632 etabstinentiam.

2409 1596 2492 1640 σις
2518 1579 2688 1646 ὕδωρ⁶
2755 1573 2789 1626 ἃ
2817 1572 2872 1624 δὲ
2908 1570 3206 1640 λαμϐάνειν
3237 1571 3301 1621 ἐκ
3360 1565 3623 1635 βασιλέως
3656 1562 3995 1630 ἐτάχθησαν,

733 1670 820 1723 Sc
850 1670 1132 1735 facientes,
1186 1672 1524 1725 conabantur
1583 1670 1803 1741 quidem
1853 1671 2054 1725 multos
2087 1673 2299 1736 latere;

2406 1671 2654 1737 πενήτων
2683 1668 2934 1735 ἐτρύφων
2965 1662 3255 1732 γαστέρες,
3284 1657 3349 1712 ἵν’
3381 1656 3517 1727 ὁμοῦ
3547 1659 3640 1709 καὶ
3680 1651 4001 1722 φιλανθρω-

735 1767 828 1816 sed
865 1764 977 1818 fieri
1008 1781 1116 1818 non
1150 1776 1386 1834 poterat,
1443 1775 1501 1819 ut
1563 1781 1720 1818 mons
1760 1765 2211 1830 absconderetur,
2247 1774 2303 1819 et
2337 1817 2376 1834 ἢ

2337 1817 2376 1834 ἢ
2409 1763 2539 1814 πίαν
2573 1757 2964 1829 κατορθοῦντες
2997 1749 3126 1808 ὦσι.
3165 1753 3277 1806 Καὶ
3316 1751 3415 1810 τὴν
3466 1749 3802 1816 ἐγκράτειαν
3847 1743 3999 1796 οῦς-ι)

735 1856 955 1909 lucerna
981 1869 1279 1926 poneretur
1307 1856 1408 1910 sub
1445 1857 1649 1920 modio,
1684 1865 1738 1911 et
1777 1857 2076 1910 thesaurus
2108 1857 2304 1910 lateret
2335 1817 2378 1872 Β

2335 1817 2378 1872 Β
2411 1849 3025 1921 ποιοῦντες,μανθάνειν
3078 1846 3176 1916 μὲν
3233 1841 3492 1896 ἔσπευδον
3549 1839 3678 1899 τοὺς
3738 1833 3995 1894 πολλούς·

735 1941 788 1994 in
828 1951 969 1996 terra
999 1945 1235 1999 abditus.
1271 1943 1374 1999 Sed
1403 1961 1525 1999 cum
1554 1961 1640 2010 eo,
1684 1961 1846 2014 quem
1893 1947 2089 2006 dicam.
2142 1946 2304 2000 modo

2411 1946 2634 2002 mam
2660 1944 2718 1997 δὲ
2756 1943 2855 1995 ούκ
2888 1936 2954 2010 ἦν
2982 1940 3043 1992 τὸ
3073 1938 3197 2008 ὅρος
3232 1935 3502 2005 κρυϐῆναι
3549 1933 3643 1984 καὶ
3670 1929 3764 1981 τὸν
3799 1931 3997 1995 λύχνον

735 2034 1136 2102 apparuissent,
1170 2037 1490 2093 ortiiodoxis
1535 2039 1755 2108 quidem
1802 2037 1940 2093 fiunt
1992 2039 2302 2107 exemplum

2414 2041 2517 2093 ὑπὸ
2540 2039 2632 2091 τὸν
2667 2036 2846 2105 μόδιον
2873 2031 3111 2095 κεῖσθαι,
3131 2030 3227 2082 καὶ
3254 2029 3345 2081 τὸν
3374 2025 3646 2096 θησαυρὸν
3676 2020 3866 2090 ἀφανῆ
3899 2037 3999 2072 κα-

731 2127 969 2181 salutare
1003 2168 1017 2192 ,
1053 2128 1237 2198 impiis
1287 2137 1470 2184 autem
1531 2139 1586 2184 et
1633 2130 1898 2200 improbis
1947 2131 2184 2184 validum
2239 2133 2306 2185 ad

2411 2132 2479 2184 τὰ
2502 2133 2603 2199 γῆς
2637 2125 3000 2197 κρύπτεσθαι,
3030 2121 3165 2174 ἀλλὰ
3188 2119 3310 2173 καθ’
3335 2118 3392 2170 ὃν
3425 2116 3534 2185 ἐρῶ
3565 2114 3769 2182 τρόπον
3803 2111 4005 2179 φανέν-

731 2233 828 2272 eos
856 2222 1262 2278 convincendos
1306 2232 1708 2291 argumentum.
1758 2223 1862 2289 Qui
1909 2232 2120 2277 tantum
2182 2222 2309 2276 ahe-

2412 2240 2498 2285 τες
2527 2222 2640 2282 τοῖς
2675 2219 2774 2287 μὲν
2823 2212 3125 2286 ὀρθοδύξοις
3160 2213 3430 2279 σωτήριον
3476 2207 3782 2274 ὑπόδειγμα
3815 2203 4003 2269 γίνον-

735 2322 876 2375 rant,
908 2322 966 2366 ut
993 2328 1057 2367 ex
1085 2314 1301 2367 illorum
1327 2317 1533 2368 virtute
1566 2314 1810 2370 fructum
1849 2314 2220 2384 perciperent,
2251 2321 2310 2368 ut

2412 2332 2527 2378 ται,
2557 2315 2670 2375 τοῖς
2693 2309 2914 2364 ἀσεϐέσι
2943 2307 2999 2359 δέ
3024 2306 3116 2358 καλ⁹
3141 2303 3439 2372 μοχθηροῖς
3464 2300 3706 2365 ἐλεγχος,
3732 2296 3784 2347 οἳ
3807 2291 4006 2344 τοσοῦ-

734 2404 896 2458 etiam
922 2420 1110 2475 poenas
1130 2407 1198 2460 ab
1221 2407 1302 2461 eis
1337 2417 1678 2476 expeterent,
1708 2418 1760 2461 et
1791 2407 1872 2462 eis
1897 2408 2105 2460 crimen
2135 2407 2310 2460 inten-

2413 2426 2502 2463 τον
2533 2407 2770 2471 ἀπέσχον
2797 2399 3103 2455 ἀπολαῦσαι
3127 2399 3226 2465 τῆς
3252 2394 3450 2461 ἀρετῆς
3478 2391 3725 2451 ἐκείνων,
3751 2387 3879 2438 ὅσον
3903 2385 4007 2435 καὶ

736 2498 927 2552 derent
975 2499 1382 2563 abstinentiam;
1438 2515 1628 2554 eorum
1677 2501 1822 2553 enim
1872 2500 2051 2553 adhuc
2105 2497 2310 2553 latebat

2412 2498 2568 2557 δίκας
2594 2494 2837 2564 ἀπῄτουν
2885 2490 2980 2543 καὶ
3010 2487 3266 2554 ἔγκλημα
3305 2483 3489 2543 αὐτοῖς
3524 2479 3839 2547 προέτεινον
3899 2472 4007 2540 τὴν

737 2591 928 2659 pietas,
953 2607 1053 2647 nec
1072 2593 1140 2646 ab
1164 2593 1298 2661 ipsis
1324 2593 1502 2647 adhuc
1525 2592 1850 2661 deprehensi
1871 2592 2104 2647 fuerant.

2417 2589 2781 2658 ἐγκράτειαν·
2837 2585 2898 2646 τὸ
2927 2581 3034 2649 γὰρ
3065 2579 3163 2645 τῆς
3218 2573 3502 2633 εὐσεϐείας
3553 2568 3844 2621 ἐλάνθανον
3897 2565 4007 2627 ἔτι,

2417 2683 2508 2736 καὶ
2540 2680 2692 2733 οὔπω
2725 2675 3072 2744 φωραθέντες
3103 2670 3284 2731 αὐτοῖς
3318 2666 3636 2734 ἐτύγχανον.

807 2772 898 2827 Vl.
942 2772 1234 2841 Postquam
1286 2780 1468 2825 autem
1501 2773 1846 2826 manifestum
1892 2771 2066 2826 evasit
2116 2786 2309 2824 eorum

2489 2777 2581 2840 εἶ’.
2626 2771 2781 2825 Ἐπεὶ
2814 2769 2870 2821 δὲ
2900 2767 2971 2819 τὰ
3000 2767 3098 2833 τῆς
3133 2760 3390 2831 νηστείας
3421 2757 3557 2825 δῆλα
3592 2754 3667 2822 τῷ
3693 2755 3790 2821 τῆς
3832 2750 4009 2820 βασι-

734 2865 998 2936 jejunium
1034 2865 1082 2918 ei
1114 2865 1206 2933 qui
1241 2865 1461 2934 gerebat
1485 2879 1675 2918 curam
1729 2872 1981 2935 sumptus
2037 2865 2175 2918 aulae
2209 2863 2312 2916 im-

2416 2870 2574 2938 λικῆς
2629 2863 2924 2934 θεραπείας
2961 2858 3306 2923 κατέστησαν
3352 2851 3669 2920 φροντιστῇ.
3722 2846 3842 2896 δέον
3901 2845 4012 2910 τῆς

741 2958 1028 3027 peratoris.
1083 2973 1206 3010 cum
1242 2966 1518 3025 oporteret
1577 2957 1839 3010 admirari
1895 2956 2310 3024 benignitatem,

2417 2956 2827 3030 φιλανθρωπίας
2897 2948 3226 3018 θαυμάσαι,
3294 2945 3414 2995 δέον
3483 2939 3825 3004 ἐκπλαγῆναι
3897 2935 4014 3001 τῆς

739 3062 791 3106 ‹·ι
821 3062 1045 3119 stupere
1082 3052 1493 3114 abstinentiam,
1557 3050 1644 3102 ille
1696 3049 1878 3118 potius
1908 3023 2177 3117 processit
2237 3049 2305 3103 ad

2416 3023 2762 3119 ἐγκρατείας.
2811 3047 2868 3095 '0
2923 3043 2979 3094 δὲ
3036 3037 3364 3106 καὶμᾶλλον
3420 3035 3513 3086 ἐπὶ
3549 3033 3819 3100 μάστιγας
3865 3023 4012 3093 ἦγε.

740 3145 924 3213 ﬂagra,
956 3154 1007 3198 et
1039 3159 1132 3197 eos
1155 3144 1247 3196 diu
1271 3146 1507 3203 caedens,
1541 3141 1647 3195 vim
1679 3140 2018 3196 aﬂcrebatut
2040 3142 2307 3203 dicerent.
2339 3150 2379 3208 C

2348 3150 2379 3208 Β
2415 3145 2508 3196 καὶ
2536 3143 2729 3206 ξαίνων
2775 3137 2975 3198 πολλὰς
3009 3129 3290 3196 ἠναγκαζε
3342 3129 3526 3193 λέγειν
3577 3117 3636 3176 οὗ
3685 3122 3877 3182 αὐτοῖς
3939 3120 4012 3172 τὰ

741 3251 978 3305 quonam
1007 3235 1424 3304 proficiscantur
1448 3249 1509 3288 ea
1541 3249 1661 3302 qua:
1688 3233 1769 3287 eis
1798 3232 2016 3289 dantur.
2048 3234 2183 3288 Cum
2233 3233 2307 3287 illi

2417 3236 2665 3304 διδόμενα
2697 3231 2992 3299 προχωρεῖ.
3036 3226 3124 3286 Ὣς
3166 3225 3222 3276 δὲ
3257 3224 3455 3297 ἐκεῖνοι
3491 3217 3754 3286 μαθόντες
3794 3212 3862 3264 τε
3902 3229 4015 3263 κα.-

740 3341 942 3394 autem,
982 3330 1074 3398 qui
1107 3328 1614 3382 didicerantcelare
1667 3335 1814 3382 recte
1868 3327 2027 3390 facta,
2064 3343 2126 3380 ea
2186 3326 2311 3380 forti

2417 3326 2766 3397 τορθώματα,
2796 3322 2892 3374 καὶ
2916 3319 3058 3388 μάλα
3087 3315 3349 3383 γενναίως
3389 3309 3781 3378 διεκαρτέρουν
3809 3305 4014 3357 θανεῖν

740 3433 789 3476 et
846 3436 1111 3490 generoso
1163 3421 1349 3473 animo
1421 3421 1777 3480 sustinerent,
1839 3423 1974 3472 mori
2024 3420 2309 3483 malenles,

2422 3419 2620 3488 μᾶλλον
2656 3415 2687 3483 ἢ
2717 3415 2889 3464 εἰπεῖν
2935 3407 3382 3479 προαιρούμενοι,
3433 3403 3526 3453 καὶ
3571 3402 3658 3452 ἵνα
3695 3399 3768 3467 μὴ
3809 3399 3910 3448 καὶ
3951 3399 4015 3447 τὸ

741 3531 902 3583 quam
936 3515 1139 3577 dicere,
1171 3529 1239 3568 ne
1269 3512 1415 3582 quod
1448 3513 1503 3565 in
1543 3521 1764 3580 egentes
1786 3513 2062 3573 manabat,
2111 3512 2313 3566 rescin—

2417 3518 2517 3583 τῆς
2567 3507 2975 3580 φιλανθρωπίας
3037 3505 3214 3573 ῥεῦμα
3273 3503 3333 3554 τὸ
3386 3504 3464 3560 είς
3522 3498 3646 3557 τοῦς
3702 3493 4015 3554 δεομένους

740 3611 963 3662 deretnr
991 3607 1253 3660 ﬂuentum
1313 3605 1686 3674 benignitatis,
1755 3605 1973 3672 quidam
2029 3605 2317 3658 eunuchus

2420 3607 2691 3673 ἀντικοπῇ,
2724 3597 2801 3664 εἷς
2831 3617 2914 3662 τις
2961 3597 3068 3647 τῶν
3107 3594 3375 3660 εὐνούχων
3421 3589 3500 3657 τῷ
3533 3589 3751 3654 ἄρχοντι
3819 3597 4015 3646 παρα-

741 3701 1010 3755 accedens
1050 3698 1114 3750 ad
1144 3696 1482 3765 prmfectum,
1513 3697 1674 3748 Persa
1705 3711 1905 3764 genere
1933 3706 1988 3750 et
2017 3697 2316 3764 impietate,

2419 3701 2546 3761 στας
2568 3699 2658 3750 καὶ
2684 3697 2742 3746 τὸ
2774 3696 2933 3761 γένος
2973 3691 3187 3759 Πέρσης
3218 3687 3314 3739 καὶ
3341 3685 3440 3750 τὴν
3473 3682 3748 3737 ἀσέϐειαν,
3785 3674 4014 3728 ἄνωθεν

739 3812 799 3850 ac
830 3797 982 3847 initio
999 3808 1188 3847 eorum
1210 3794 1464 3845 virtutem
1489 3790 1666 3844 defert
1690 3800 1744 3843 et
1782 3800 1999 3845 accusat
2041 3801 2314 3860 tamquam

2421 3791 2600 3846 αὐτῶν
2625 3789 2720 3857 τὴν
2749 3784 2952 3855 ἀρετὴν
2973 3783 3046 3841 ὡς
3069 3780 3269 3833 κακίαν
3295 3776 3538 3841 διέξεισι,
3569 3772 3663 3824 καὶ
3697 3769 4016 3832 κατηγοςεῖ

739 3889 926 3940 vitium
958 3904 969 3939 :
999 3886 1144 3953 quod
1169 3884 1374 3939 scilicet
1404 3897 1461 3935 se
1481 3891 1628 3937 caste
1658 3892 1867 3949 gerant,
1899 3892 1954 3936 et
1982 3899 2011 3936 ,ι
2034 3857 2319 3937 cibis'abs-

2423 3883 2510 3934 ὃτι
2535 3895 2593 3930 τε
2625 3875 2934 3943 ἁγνεύουσι,
2999 3872 3093 3924 καὶ
3144 3869 3450 3939 βρωμάτων
3481 3865 3800 3932 ἀπέχονται,
3831 3859 3933 3910 καὶ
3980 3857 4014 3909 ἃ

741 3983 946 4035 tineant
974 3997 986 4032 :
1015 3987 1068 4031 et
1128 3993 1250 4046 quae
1283 3975 1558 4043 accipiunt
1598 3978 1664 4029 ad
1692 3975 2032 4038 alimentum,
2077 3990 2140 4028 ea
2182 3990 2319 4044 pau-

2423 3971 2760 4039 λαμϐάνουσι
2806 3967 2938 4034 πρὸς
2969 3965 3176 4033 τροφὴν
3205 3959 3395 4020 νυκτὸς
3421 3958 3623 4010 ἐνδεέσι
3651 3955 4013 4021 Χριστιανοῐς

743 4073 964 4142 peribus
993 4069 1320 4125 Christianis
1352 4068 1631 4136 praebeant
1657 4085 1670 4120 :
1699 4075 1754 4120 et
1781 4065 1949 4135 quod,
1978 4081 2097 4134 qua:
2126 4066 2193 4119 ab
2218 4066 2318 4119 im-

2424 4062 2740 4131 παρέχουσι,
2788 4058 2884 4111 καὶ
2915 4058 2998 4108 ὅτι
3031 4055 3093 4122 δὴ
3129 4053 3197 4104 τὰ
3231 4050 3378 4120 παρά
3409 4048 3502 4102 τοῦ
3569 4046 3838 4116 βασιλέως
3885 4048 4011 4104 τοῖς

745 4137 994 4232 peratnre
1026 4162 1465 4232 proﬁciscuntur,
1519 4162 1716 4234 dantur
1744 4159 1810 4212 ad
1871 4158 2192 4212 alimentum
2248 4159 2315 4213 iis

2418 4154 2558 4208 κατά
2593 4153 2683 4204 τοῦ
2720 4149 2982 4218 βασιλέως
3032 4144 3206 4215 τροφὴ
3235 4144 3470 4211 γίνεται.
3503 4142 3562 4191 Εἰ
3598 4138 3778 4208 βούλει
3821 4137 3876 4187 δὲ
3911 4139 4013 4187 καὶ

742 4259 832 4326 qui
864 4267 989 4310 sunt
1022 4254 1278 4309 contrarii
1311 4251 1645 4320 imperatori.
1673 4249 1824 4314 Quod
1858 4250 1900 4303 si
1936 4251 2068 4304 velis
2110 4250 2160 4304 id
2177 4253 2315 4305 scire

2422 4249 2754 4314 σαφέστερον
2807 4243 3035 4309 γνῶναι,
3076 4237 3308 4308 πάρεστί
3362 4252 3443 4287 σοι
3485 4234 3580 4286 καὶ
3628 4233 3686 4283 τὸ
3741 4232 4013 4292 ταμιεῖον

745 4348 1008 4415 apertius,
1042 4347 1168 4399 licet
1194 4343 1291 4398 tibi
1320 4353 1508 4412 aperto
1531 4342 1754 4410 penario
1780 4357 1845 4394 ex
1902 4341 1968 4392 iis
1996 4356 2115 4408 quae
2147 4355 2310 4409 appa-

2419 4337 2688 4400 ἀνοίξαντι
2739 4335 2860 4400 ὄψιν
2918 4331 3128 4399 ἀδήλων
3177 4327 3519 4394 ποιήσασθαι
3563 4323 3632 4376 τὰ
3666 4322 4009 4388 φαινόμενα.

744 4411 959 4494 rebunt.
1022 4437 1321 4504 intelligere
1357 4411 1437 4488 lea
1494 4450 1615 4502 quae
1665 4441 1795 4488 sunt
1841 4431 2092 4487 obscura.
2127 4433 2314 4487 Audiit
2345 4501 2374 4504 _

2423 4432 2694 4483 Ἤκουσεν
2718 4430 2744 4478 ὁ
2768 4427 2973 4494 ἄρχων,
3008 4423 3102 4474 καὶ
3129 4420 3364 4488 ἄσμενος
3392 4418 3481 4469 τὸν
3514 4413 3722 4483 ἐναργῆ
3757 4411 4008 4478 δεξαμε-

745 4533 1056 4602 praefectus,
1087 4538 1142 4581 et
1183 4544 1305 4582 eum
1363 4527 1597 4580 libenter
1645 4527 1950 4581 evidentem
2012 4501 2396 4580 admisissetD

2349 4501 2396 4560 D
2423 4537 2508 4581 νος
2547 4519 2767 4585 ἔλεγχον
2813 4515 2910 4576 τὰς
2962 4513 3109 4574 κλεῖς
3155 4511 3247 4562 ἀπ’
3282 4507 3461 4560 αὐτῶν
3512 4506 3854 4572 ἀφαιρεῖται,
3909 4506 4013 4555 καὶ

746 4622 1142 4691 probationem,
1170 4620 1238 4672 ab
1267 4619 1350 4672 eis
1384 4618 1564 4672 aufert
1585 4619 1763 4672 claves
1791 4628 1879 4683 ;et
1912 4634 2036 4673 cum
2065 4619 2316 4686 aperuis-

2418 4612 2685 4676 διανοίξας
2715 4603 2871 4679 εὗρεν
2899 4607 3082 4670 εὐθὺς,
3107 4605 3167 4656 ού
3190 4603 3294 4672 μὴν
3329 4601 3516 4671 ὥσπερ
3551 4600 3712 4660 αὐτὸς
3745 4597 4009 4667 ῆλπιζεν,

745 4689 848 4777 set,
879 4713 1088 4766 invenit
1114 4712 1382 4779 protinus,
1411 4709 1504 4762 sed
1532 4725 1639 4764 non
1675 4718 1734 4763 ut
1767 4709 1882 4779 ipse
1930 4709 2199 4776 sperabat,
2225 4708 2319 4763 sed

2421 4703 2557 4756 ἀλλὰ
2593 4702 2661 4754 τὰ
2696 4699 2912 4770 ἀληθῶς
2938 4699 3116 4765 τίμια,
3173 4698 3267 4748 τόν
3303 4712 3361 4746 τε
3418 4692 3512 4745 τοῦ
3547 4692 3694 4743 θείου
3742 4689 4011 4757 Σωτῆρος

745 4821 829 4868 ea,
863 4818 982 4872 quae
1012 4817 1139 4855 vere
1168 4809 1326 4854 erant
1370 4801 1698 4864 veneranda,
1764 4815 1959 4869 nempe
2016 4809 2072 4853 et
2123 4800 2321 4854 divinae

2423 4796 2592 4849 τύπον
2621 4795 2713 4847 καὶ
2771 4791 2954 4861 βίϐλον
2987 4791 3160 4860 ίερὰν,
3189 4789 3288 4850 τὰς
3329 4787 3438 4840 τῶν
3469 4784 3789 4839 ἀποστόλων
3817 4783 4011 4849 θεοφι-

746 4899 926 4950 crucis
991 4894 1320 4962 ﬁguram,et
1375 4892 1574 4946 librum
1641 4901 2066 4961 sacrosanctum,
2124 4905 2320 4958 nempe

2422 4890 2530 4952 λεῖς
2559 4886 2810 4957 Πράξεις,
2840 4887 2936 4939 καὶ
2975 4884 3108 4953 πρὸς
3153 4882 3334 4941 αὐτοῖς
3360 4880 3459 4949 τὴν
3486 4875 3879 4946 ἀκτημοσύνην
3914 4876 4011 4927 τὸν

747 4987 1115 5058 apostolorum
1149 4987 1259 5039 Deo
1288 4995 1467 5055 gratas
1493 4984 1769 5049 Actiones;
1803 4992 1860 5038 et
1901 4993 2162 5052 praeterea
2198 4997 2321 5050 pos-

2429 4983 2604 5050 μέγαν
2658 4980 2766 5032 τῶν
2817 4981 2896 5041 είς
2937 4975 3202 5045 οὐρανοὺς
3263 4970 3706 5040 θησαυριζὸντων
3746 4967 4006 5028 πλοῦτον,

748 5081 1054 5134 sessionum
1087 5077 1408 5131 vacuitatem
1444 5091 1637 5131 eorum
1669 5076 1758 5145 qui
1789 5077 1842 5129 in
1875 5076 2026 5131 cmlis
2069 5090 2322 5144 magnum

2424 5071 2490 5144 ἦς
2528 5075 2594 5126 τὰ
2624 5073 2852 5140 κείμενα
2903 5069 3088 5138 ψίαθοι
3133 5067 3228 5120 δύο
3272 5063 3417 5118 κατά
3441 5061 3602 5129 ψιλοῦ
3626 5060 3723 5113 τοῦ
3766 5060 4009 5126 ἐδάφους

751 5171 1072 5226 thesaurum
1110 5169 1501 5235 recondebam,
1538 5170 1695 5237 cujus
1727 5168 2000 5237 praeclarae
2016 5182 2145 5236 opes
2165 5177 2324 5222 erant

2429 5167 2704 5235 κείμεναι,
2746 5166 2778 5232 ὴ
2835 5162 3120 5230 φιλότιμος
3147 5156 3405 5226 στρωμνὴ
3435 5153 3651 5222 Δόμνης
3698 5151 3796 5202 καὶ⁵
3828 5150 4005 5202 Ἰνὸον

747 5264 868 5317 duae
899 5270 1114 5324 storem,
1146 5262 1200 5319 in
1236 5261 1384 5314 nudo
1413 5259 1527 5313 solo
1569 5268 1748 5313 strata.-
1777 5274 1904 5313 vere
1940 5273 2327 5326 generosornm

2429 5260 2536 5310 τῶν
2561 5258 2798 5325 εὐγενῶν
2822 5255 2900 5324 τῷ
2931 5254 3046 5307 ὄντι
3072 5253 3164 5306 καὶ
3195 5251 3507 5320 μακαρίων,
3544 5247 3680 5313 πρὸς
3704 5246 3760 5297 δὲ
3791 5246 3885 5296 καὶ
3919 5261 4008 5296 κε-

747 5362 801 5408 et
832 5353 1116 5407 beatorum
1170 5352 1390 5404 Domnaa
1428 5358 1484 5404 et
1533 5351 1679 5405 Indae
1727 5351 2010 5420 magnifica
2048 5350 2326 5418 supellex;

2437 5350 2641 5421 ραμοῦν
2671 5367 2724 5403 τι
2763 5349 3124 5417 θυμιατήριον
3159 5345 3252 5398 κα)⁵
3287 5343 3483 5412 λύχνον
3532 5341 3746 5404 ξύλινόν
3775 5357 3835 5390 τε
3873 5338 4006 5405 λαρ-

748 5445 908 5499 tietile
929 5455 1188 5510 praeterea
1209 5443 1538 5496 thuribulum
1560 5453 1612 5496 et
1635 5444 1874 5503 lucerna,
1898 5450 1952 5494 et
1975 5443 2151 5508 lignea
2175 5455 2333 5494 arcu-

2434 5441 2668 5495 νακίδιον
2693 5443 2749 5495 ἐν
2770 5437 2812 5508 ᾧ
2839 5442 2941 5509 τὴν
2974 5439 3121 5507 ίεράν
3154 5435 3469 5506 προσφορὰν
3494 5428 3562 5502 ἧς
3594 5430 4006 5500 μετελάμϐανον

750 5535 819 5596 ta,
841 5534 897 5587 in
918 5546 1024 5602 qua
1065 5543 1656 5601 reposuerantsacram
1679 5532 2009 5587 oblationem
2032 5531 2129 5598 (2),
2171 5531 2326 5600 cujus

2435 5532 2779 5588 ἀπετίθεσαν.
2812 5533 3030 5602 Ταύτην
3058 5527 3150 5585 οὖν
3195 5529 3292 5598 τὴν
3327 5526 3506 5596 βίϐλον
3531 5527 3626 5578 καὶ
3654 5524 3718 5575 τὸ
3743 5522 4005 5591 λαρνακί.

816 5677 918 5743 (2)
951 5677 1167 5731 lllustre
1219 5675 1530 5744 exemplum
1596 5676 1998 5731 communionis
2061 5673 2161 5744 sub
2216 5688 2321 5726 una
2432 5676 2652 5740 vabant,
2682 5677 2890 5731 etclam
2923 5673 3231 5740 sumebant;
3263 5667 3408 5742 quod
3438 5667 3506 5723 de
3530 5667 3643 5721 vini
3676 5666 3859 5736 specie
3893 5661 4002 5716 ﬁeri

748 5747 1103 5827 s'n-ei.e..0lim
1128 5757 1306 5799 autem
1329 5743 1731 5815 persecutionis
1759 5754 1998 5827 tempore
2025 5743 2212 5827 ti‘deles
2231 5758 2328 5795 eu-
2439 5762 2546 5799 non
2573 5755 2802 5817 poterat.

751 5817 1059 5872 eharistiam
1091 5821 1313 5872 domum
1335 5814 1527 5871 'secum
1557 5816 1926 5885 asportabant,
1950 5822 2002 5868 et
2037 5814 2125 5867 diu
2153 5827 2330 5867 asser-
