4214 6444
244 390 387 458 1045

1339 395 1515 457 V'ITA
1555 395 1661 456 SS.
1703 393 1909 455 lND/‘E
1950 393 2044 453 ET
2083 390 2388 451 DOMN/E.

3383 380 3523 448 1M6

235 502 261 555 ἱ
279 520 356 558 ιον
383 505 412 558 ό
438 500 641 575 εὐαγής
675 501 930 574 εὐνοῦχος
956 502 1156 566 λαϐὼν,
1182 503 1385 573 ἠρώτα⁸
1411 502 1512 556 ποῦ
1542 521 1600 556 τε
1632 502 1815 565 αὐτοῖς

1936 502 2128 558 iiebant
2189 501 2500 571 participes.
2562 497 2716 553 Hunc
2765 513 2893 567 ergo
2947 512 3148 551 .torum
3178 503 3235 551 et
3280 495 3524 549 arculam

239 596 270 646 ὁ
298 596 521 663 χρυσὸς,
557 598 652 651 καὶ
681 596 1034 667 ήπολυτελὴς
1073 595 1239 666 ἐσθὴς
1268 597 1361 649 xal
1468 596 1653 665 κομψή
1682 594 1819 663 ἄλλη

246 689 418 759 σκευὴ
474 690 567 742 καὶ
605 691 985 760 περίὸλεπτος.
1037 690 1123 752 Ὠς
1163 689 1219 743 δὲ
1280 691 1371 743 καὶ
1416 689 1570 752 αὖθις
1625 690 1821 740 ἐκεῖνοι

249 782 459 851 μηδένα
486 784 595 837 τῶν
627 786 954 855 ἐρωτήσεων
1004 784 1323 853 ποιούμενοι
1356 784 1512 851 λόγον
1547 782 1855 836 σκώπτο“.ρ-’

245 892 336 939 τες
368 876 719 946 εἱστήκεσαν,
739 877 998 946 βασάνοις
1025 878 1207 938 αὐτοῖς
1250 876 1505 937 ἐξεδίδου.
1548 874 1708 928 Ἀλλὰ
1734 876 1825 926 καὶ

244 965 422 1029 οῦτως
459 967 728 1037 ἠλέγχετο
786 970 966 1023 παίων
1013 971 1092 1032 είς
1122 970 1276 1023 κενὸν
1314 972 1439 1030 τοὺς
1472 969 1820 1037 ἀδάμαντας·

245 1058 413 1130 ἤκουε
446 1060 556 1130 γὰρ
588 1062 719 1132 παρ’
755 1062 935 1116 αὐτῶν
965 1064 1026 1116 τὸ
1055 1064 1314 1133 παράπαν
1340 1063 1512 1117 οὐδέν.
1537 1063 1609 1115 Τὸ
1644 1063 1827 1131 μέντοι

249 1153 396 1222 ἱερὸν
425 1155 608 1207 έκεῖνο
636 1156 868 1225 βιϐλίον,
904 1157 1039 1225 πρὸς
1059 1157 1114 1209 δὲ
1146 1160 1239 1210 καὶ
1267 1157 1327 1210 τὺ
1350 1157 1716 1225 λαρνακίδιον,
1751 1153 1828 1217 ὡς

241 1246 400 1299 οὐδὲν
428 1248 575 1319 αὑτῷ
598 1251 864 1320 χρήσιμα,
899 1250 1069 1303 αὑτοῦ
1106 1249 1427 1303 καταλείπει
1460 1250 1611 1319 παρὰ
1636 1249 1714 1319 τῷ
1735 1264 1830 1301 τα-

248 1342 434 1410 μιείῳ.
469 1343 705 1406 Τούτους
733 1346 791 1398 δὲ
834 1345 1071 1415 ἀλλαχοῦ
1118 1345 1582 1415 κατακλεισθῆναι
1612 1342 1830 1397 κελεύει

244 1428 352 1490 ἕως
384 1432 651 1506 ἀνενέγκῃ
682 1434 761 1502 τῷ
795 1435 1028 1505 βασιλεῖ.
1067 1437 1129 1489 Ἦ
1165 1438 1265 1505 μὲν
1310 1433 1404 1490 οὖν
1438 1434 1727 1504 παρθένος,
1753 1433 1830 1496 ὡς

243 1521 474 1591 ἐξήγετο
504 1526 606 1595 ήδη
631 1527 727 1579 τοῦ
761 1528 1011 1596 ταμιείου
1040 1529 1372 1582 διαλαθοῦσα
1411 1531 1621 1591 πάντας
1651 1527 1831 1581 καὶτὸ

246 1614 454 1682 βιϐλίον
484 1618 704 1686 εὐφυῶς
730 1620 909 1689 ἄρασα
946 1621 1169 1692 (μικρὸν
1201 1622 1309 1691 γὰρ
1339 1618 1407 1692 ἧν
1438 1623 1530 1674 καὶ
1574 1616 1689 1676 οἷον
1738 1619 1829 1697 εἰς

246 1708 427 1776 χερῶς
456 1711 846 1781 κρύπτεσθαι),
882 1715 960 1781 τῷ
988 1714 1190 1786 ίματίῳ
1225 1715 1397 1783 αὐτῆς
1444 1714 1789 1785 περιέστειλε
1810 1729 1823 1744 ·

246 1801 381 1903 atat:
408 1802 582 1903 abtjv
635 1804 691 1857 δὲ
740 1806 835 1858 καὶ
883 1808 911 1858 ὁ
962 1806 1275 1876 θαυμαστὸς
1315 1808 1492 1879 Ἰνδης
1521 1809 1580 1862 τὸ
1622 1808 1831 1872 ξύλινον
1864 1844 1908 1903 Β

250 1892 448 1956 σκεῦος
504 1890 604 1966 ἦρε
630 1914 642 1928 ο
674 1900 769 1951 καὶ
815 1898 988 1961 οὕτως
1040 1901 1256 1970 ἔχοντες
1286 1903 1612 1972 ἀπήχθησαν
1636 1919 1696 1955 τε
1737 1902 1833 1955 καὶ

246 1985 693 2057 ἐνεκλείσθησαν.
727 1990 953 2054 Τούτοις
986 1992 1131 2045 οὕτω
1169 1996 1592 2065 καθειργμένοις
1638 1997 1832 2064 χρόνον

248 2082 447 2148 συχνὸν
484 2082 645 2149 μόνος
667 2085 693 2135 ὁ
724 2082 832 2144 ζῶν
864 2084 1027 2150 ἄρτος
1057 2088 1228 2157 τροφὴ
1252 2084 1339 2159 ἦν,
1360 2090 1454 2141 καὶ
1478 2090 1539 2141 τὸ
1562 2090 1661 2158 τῆς
1684 2090 1833 2153 θείας

248 2174 470 2241 χάριτος
502 2175 649 2244 πόμα
684 2177 867 2230 ποτόν.
903 2170 1003 2229 Ὧν
1036 2179 1091 2231 δὲ
1132 2181 1224 2232 καὶ
1260 2181 1319 2231 τὸ
1350 2181 1508 2249 σῶμα
1554 2185 1833 2235 κοινωνεῖν

248 2266 571 2333 ἀναγκαῖον,
634 2269 886 2321 τοσοῦτον
944 2270 1233 2341 ἐστέρηντο
1284 2274 1407 2327 ὅσον
1455 2274 1608 2327 οὐδὲν
1640 2274 1832 2338 ὕδατος

247 2360 557 2413 ἀπολαῦσαι
589 2363 768 2431 παρῆν
788 2380 802 2394 ο
832 2362 988 2417 τοῦτο
1044 2366 1151 2435 γὰρ
1182 2369 1213 2435 ή
1240 2368 1332 2420 τοῦ
1361 2368 1602 2438 ἀπηνοῦς
1636 2368 1831 2438 ἄρχον-

248 2470 343 2515 τος
372 2453 582 2523 ἐντολὴ,
639 2456 787 2517 ὅπως
842 2458 996 2510 αὐτοὶ
1039 2460 1311 2531 γαστέρας
1361 2461 1632 2529 δεομένων
1664 2462 1833 2530 ἐπλή-

250 2562 405 2614 ρουν,
458 2545 601 2616 λιμῴ
646 2548 871 2618 τοιούτῳ
941 2552 1407 2619 κατεργασθέντες
1460 2554 1829 2623 διαφθαρεῖεν,

250 2637 347 2689 καὶ
376 2634 532 2706 δίκην
558 2636 966 2708 φιλανθρωπίας
1002 2641 1279 2713 ὑπόσχωσι
1317 2644 1413 2713 τὴν
1441 2642 1721 2715 ὠμότητα.

1924 613 2045 650 cum
2072 599 2271 665 impius
2287 594 2907 664 accepisseteunuchus,
2927 592 3153 657 rogabat
3178 589 3524 647 ubiesseteis

1925 710 2118 747 aurum
2147 694 2426 761 vestisque
2456 694 2715 760 pretiosa,
2750 701 2807 743 et
2840 690 2944 742 alia
2985 689 3231 755 supellex
3298 686 3520 752 elegans

1924 795 1980 841 et
1998 786 2303 855 magniﬁca.
2323 784 2459 838 Cum
2490 794 2672 837 autem
2695 785 2773 838 illi
2802 796 2996 835 rursus
3026 780 3518 846 interrogationum

1926 881 2128 935 nullam
2162 878 2427 934 ducentes
2468 878 2758 942 rationem,
2815 885 3025 929 starent
3082 883 3361 932 tacentes,
3423 885 3520 924 eos

1927 974 2153 1029 tradidit
2196 972 2551 1039 torquendos.
2588 970 2693 1025 Sed
2730 970 2810 1025 sic
2835 981 3055 1036 quoque
3088 966 3267 1033 rcipsa
3299 973 3383 1017 est
3429 979 3525 1016 ex-

1931 1076 2117 1136 pertus
2163 1081 2221 1121 se
2244 1066 2448 1119 frustra
2505 1065 2725 1132 pulsare
2782 1062 3123 1119 adamantes;
3154 1060 3223 1112 ab
3250 1059 3331 1111 eis
3366 1058 3518 1111 enim

1929 1162 2069 1215 nihil
2099 1160 2325 1213 omnino
2383 1158 2614 1211 audivit.
2667 1157 2833 1211 Sacer
2890 1171 3023 1209 vero
3085 1155 3177 1207 ille
3231 1154 3392 1215 liber,
3457 1161 3514 1206 et

1931 1264 2191 1323 prazterea
2221 1252 2425 1325 arcula,
2450 1261 2507 1305 ut
2541 1266 2664 1319 qua:
2686 1250 2822 1304 nihil
2856 1251 2907 1304 ei
2956 1254 3143 1301 essent
3190 1247 3368 1323 utilia,
3408 1246 3522 1300 illic

1930 1347 1999 1399 ab
2027 1361 2094 1398 eo
2129 1346 2314 1398 relicta
2355 1353 2483 1397 sunt
2537 1345 2593 1397 in
2659 1344 2902 1411 penario_
2967 1342 3075 1395 Eos
3127 1351 3311 1393 autem
3369 1338 3524 1407 jubet

1932 1440 2064 1494 aliti
2114 1438 2345 1511 includi,
2380 1438 2557 1492 donec
2612 1437 2898 1492 retulisset
2963 1435 3029 1488 ad
3098 1436 3514 1501 imperatorem.

1932 1533 2109 1601 Atque
2138 1534 2295 1600 virgo
2322 1530 2565 1601 quidem,
2594 1542 2718 1582 cum
2741 1528 2853 1597 jam
2896 1527 3228 1581 educeretur
3279 1539 3309 1576 ο
3355 1536 3526 1591 pena-

1934 1626 2037 1697 rio,
2072 1641 2195 1679 cum
2234 1622 2599 1678 inscientibus
2639 1621 2895 1675 omnibus
2925 1621 3063 1674 scire
3111 1619 3315 1672 librum
3342 1626 3527 1670 sustu-

1934 1720 2086 1789 lisset
2122 1723 2273 1783 (erat
2299 1717 2445 1769 enim
2476 1730 2698 1787 parvus,
2724 1721 2780 1769 et
2810 1714 2904 1783 qui
2942 1721 3159 1781 poterat
3191 1710 3349 1765 facile
3399 1709 3528 1763 abs-

1932 1810 2132 1880 condi)
2166 1811 2222 1864 in
2254 1824 2351 1865 sua
2405 1822 2533 1863 eum
2579 1818 2729 1862 veste
2776 1809 3043 1876 reposuit.
3106 1806 3311 1860 Eodem
3364 1800 3528 1856 modo

1938 1900 2099 1968 ludes
2122 1915 2342 1969 quoque
2370 1898 2711 1953 admirabilis
2737 1912 2833 1951 vas
2874 1898 3095 1950 susmlit
3156 1898 3415 1966 ligneum,
3469 1900 3527 1947 et

1936 1996 2012 2049 ita
2055 1993 2279 2047 abducti
2312 2000 2442 2045 sunt
2464 1998 2520 2044 et
2546 1991 2766 2045 inciusi.
2810 1990 2906 2043 llis
2946 1990 3025 2043 sic
3090 1989 3319 2043 inclusis
3366 1988 3528 2056 longo

1939 2094 2210 2152 tempore.
2239 2082 2390 2136 solus
2414 2082 2573 2150 panis
2603 2082 2759 2135 vivus
2810 2090 2930 2135 erat
2978 2079 3402 2156 nutrimentum,
3469 2085 3527 2132 et

1936 2177 2137 2231 divinae
2160 2176 2347 2245 gratiae
2380 2174 2550 2247 potio,
2579 2185 2697 2227 erat
2722 2181 2902 2241 potus.
2933 2172 3063 2236 Quae
3090 2181 3273 2224 autem
3319 2182 3524 2237 corpus

1937 2284 2163 2324 necesse
2187 2280 2271 2322 est
2293 2282 2534 2339 sumere,
2567 2266 2637 2320 iis
2669 2264 2808 2320 adeo
2838 2265 3035 2334 privati
3092 2264 3246 2317 fuere
3276 2313 3289 2337 ,
3339 2270 3397 2315 ιιι
3454 2274 3525 2315 ne

1933 2378 2132 2432 aquam
2160 2362 2385 2429 quidem
2419 2370 2645 2428 possent
2671 2359 2911 2427 assequi.
2946 2358 3079 2410 Erat
3105 2357 3253 2410 enim
3300 2355 3387 2409 hic
3420 2356 3528 2407 im-

1934 2456 2090 2509 mitis
2149 2453 2388 2522 przel'ecti
2442 2453 2650 2519 jussus,
2708 2460 2768 2505 ut
2828 2458 3139 2518 pr0pterea,
3191 2446 3338 2515 quod
3422 2445 3527 2511 ipsi

1933 2550 2219 2619 egentium
2248 2554 2470 2601 ventres
2494 2544 2848 2606 satiaverant,
2886 2542 2977 2596 tali
3011 2542 3153 2594 fame
3179 2539 3415 2594 confecti
3442 2538 3528 2591 in-

1933 2640 2184 2702 terirent,
2231 2647 2288 2692 et
2346 2653 2446 2707 pro
2502 2636 2837 2705 benignitate
2898 2648 3091 2702 prenas
3140 2632 3358 2685 luerent
3428 2643 3529 2685 sa-

1931 2736 2064 2791 vitia

325 2865 403 2918 Z'.
438 2862 685 2933 Τοσαύτη
712 2862 844 2931 γοῦν
868 2864 902 2933 ή
928 2864 1025 2933 τῆς
1062 2865 1328 2936 ἀπηνείας
1352 2868 1602 2933 ἐπίτασις
1626 2867 1716 2941 ἦν,
1736 2875 1831 2926 καὶ

2004 2874 2309 2931 Vll.’l‘anta
2352 2885 2484 2940 ergo
2517 2867 2623 2922 luit
2672 2864 2998 2935 indigentia,
3036 2872 3092 2918 et
3141 2860 3367 2952 alilictio
3418 2868 3528 2915 tam

252 2958 314 3009 τὸ
343 2960 441 3025 τῆς
496 2958 871 3020 κακοπαθείας
925 2959 1219 3029 ἀφόρητον,
1271 2961 1348 3025 ὠς
1399 2964 1492 3016 καὶ
1549 2962 1687 3035 νόσῳ
1734 2965 1831 3036 τὴν

1936 2967 2329 3029 intolerabilis,
2378 2974 2440 3018 ut
2489 2963 2641 3030 virgo
2678 2962 2731 3014 in
2770 2957 3030 3013 morbum
3087 2954 3378 3019 incideret,
3401 2967 3529 3007 cum

253 3051 528 3121 παρθένον
576 3051 803 3117 ἁλῶναι,
865 3051 1059 3121 νεαροῦ
1110 3052 1359 3122 σώματος
1392 3058 1529 3125 πρὸς
1562 3059 1831 3129 τοσαύτην

1936 3061 2178 3135 juvenile
2206 3073 2409 3127 corpus
2438 3072 2547 3111 non
2578 3055 2753 3109 ferret
2779 3060 2984 3105 tantam
3014 3050 3384 3104 vexationem.
3418 3045 3529 3101 Sed

254 3147 355 3198 οὐκ
377 3145 719 3212 ἀντισχόντος
759 3143 1154 3213 ταλαιπωρίαν.
1188 3145 1328 3199 Ἀλλ’
1357 3148 1456 3201 οὐκ
1499 3146 1567 3219 ἦν
1613 3152 1831 3215 πάντως

1937 3156 2055 3212 ﬁeri
2086 3170 2194 3209 non
2231 3160 2448 3222 poterat
2487 3157 2543 3203 ut
2582 3162 2679 3202 eos
2698 3143 3252 3212 baberetdespicatui
3286 3142 3400 3203 ille,
3438 3138 3529 3195 cui

256 3238 351 3291 ἐπὶ
382 3236 514 3289 πολὺ
543 3235 787 3304 παριδεῖν
819 3236 1078 3300 ἐκείνους,
1100 3231 1143 3304 ᾦ
1169 3240 1263 3290 καὶ
1290 3240 1506 3310 πτηνῶν
1530 3243 1710 3313 μέλλει
1739 3246 1833 3299 καὶ

1936 3258 2065 3305 sunt
2094 3261 2242 3301 cura:
2269 3245 2525 3298 volucres
2544 3248 2600 3297 et
2625 3239 2833 3303 bestiae,
2868 3245 2923 3292 et
2945 3238 3039 3305 qui
3070 3235 3245 3305 aperit
3279 3248 3526 3299 manum,

256 3330 366 3382 τῶν
390 3330 611 3398 θηρίων.
652 3328 811 3381 Ἀλλὰ
838 3329 935 3393 νὺξ
982 3330 1079 3399 μὲν
1114 3327 1183 3401 ἦν
1202 3347 1215 3360 ο
1249 3332 1564 3387 ἐπίστανται
1591 3336 1646 3388 δὲ
1674 3338 1836 3407 οὐρα-

260 3423 391 3475 νῖων
441 3421 698 3487 δυνάμεις
736 3421 1003 3489 ἀγγέλων,
1037 3422 1087 3476 οἳ
1118 3423 1298 3494 πολλῷ
1342 3426 1418 3496 τῷ
1451 3429 1587 3494 φωτὶ
1613 3428 1835 3495 τούτους

257 3512 791 3582 περιαστράψαντες,
828 3514 1053 3595 καῖτὴν
1113 3516 1388 3583 τράπεζαν
1423 3519 1835 3592 ύποπλήσαντες

261 3604 593 3674 ἐδεσμάτων,
634 3599 789 3665 αὖθις
843 3606 978 3673 πρὸς
1030 3606 1257 3675 οὐρανὸν
1307 3610 1627 3678 ἀνεφοίτων.
1668 3614 1731 3667 Οἱ
1780 3614 1836 3667 δὲ

261 3698 373 3752 τῶν
410 3696 785 3766 προκειμένων
820 3697 1067 3765 μετεῖχον
1085 3697 1268 3763 εὐθὺς,
1307 3699 1427 3753 οὐδε
1457 3701 1586 3769 μίαν
1616 3704 1837 3775 μνήμην

262 3790 373 3843 τῶν
406 3786 784 3858 προλαϐόντων
838 3787 1099 3855 ἀλγεινῶν
1153 3792 1504 3859 ποιούμενον
1561 3797 1839 3851 καὶτοῦτο

269 3884 371 3954 μὲν
423 3881 677 3950 ἡσθέντες
714 3883 780 3949 τῇ
810 3881 917 3933 τῶν
944 3881 1221 3947 φανέντων
1250 3886 1413 3956 αὐγῇ,
1448 3888 1602 3941 τοῦτο
1655 3892 1710 3944 δὲ
1746 3894 1839 3945 καὶ

265 3977 333 4045 τῇ
360 3972 465 4027 τῶν
515 3970 973 4041 προσφερομένων
1019 3974 1200 4041 ἡδονῇ,
1245 3975 1303 4028 τὸ
1332 3978 1613 4032 Δαυῖδικὸν
1665 3982 1838 4033 ἐκεῖνο

268 4064 575 4134 ὑπέψαλλον
631 4062 769 4131 ἄγαν
820 4065 1136 4134 ἐπικαίρως,
1173 4066 1248 4129 ὡς
1283 4086 1301 4118 ι
1346 4069 1439 4121 Ἐκ
1477 4071 1696 4133 στέατος
1748 4076 1841 4127 καὶ

268 4156 521 4225 πιότητος
560 4153 805 4225 ἐπλήσθη
836 4156 869 4223 ή
1096 4173 1222 4226 μου,
1264 4160 1359 4212 καὶ
1388 4160 1552 4228 χείλει
1580 4163 1839 4231 ἁγαλλιάο

269 4271 406 4315 σεως
438 4253 640 4306 αίνέσει
700 4252 761 4304 τὸ
796 4252 970 4321 στόμα
1001 4272 1126 4322 μου.
1167 4274 1186 4306 ι
1244 4257 1455 4326 Ἡμέρα
1488 4260 1587 4329 μὲν
1618 4256 1711 4314 οὖν
1740 4262 1839 4333 ήδη

267 4346 451 4415 παρῆν
470 4360 484 4374 ·
522 4343 703 4411 παρῆν
724 4343 780 4395 δὲ
821 4344 914 4396 καὶ
938 4346 975 4425 ὁ¹
992 4346 1176 4414 ἄρχων
1206 4345 1297 4399 ἐπὶ
1318 4348 1504 4417 σκοπῷ
1537 4350 1629 4402 τοῦ
1650 4353 1842 4419 μαθεῖν

267 4436 318 4487 εί
361 4433 452 4486 τοῦ
482 4433 643 4501 λιμοῦ
673 4433 954 4503 ἥττηνται,
993 4435 1062 4487 ἵν’
1085 4434 1228 4488 οῦτω
1258 4438 1527 4505 χρήσηται
1579 4440 1842 4511 πειθομέ-

1937 3348 1993 3395 et
2030 3337 2218 3405 implet
2262 3351 2423 3390 omne
2463 3332 2664 3387 animal
2728 3329 3115 3384 benedictione
3150 3327 3188 3378 ³.
3253 3324 3358 3378 Sed
3419 3339 3529 3377 nox

1940 3432 2166 3503 quidem
2200 3444 2340 3493 erat,
2394 3427 2666 3482 accedunt
2712 3434 2898 3477 autem
2942 3422 3181 3474 virtutes
3219 3416 3527 3500 caelestium

1938 3522 2257 3592 angelorum
2288 3519 2418 3589 ;qui
2473 3533 2599 3573 cum
2654 3515 2829 3569 multa
2869 3513 2993 3566 luce
3038 3527 3133 3565 eos
3197 3508 3530 3564 circumlul~

1939 3620 2158 3683 sissent,
2193 3626 2248 3671 et
2282 3630 2526 3671 mensam
2564 3612 2704 3667 cibis
2732 3611 3073 3679 implessent,
3108 3622 3301 3660 rursus
3325 3606 3532 3660 reversi

1941 3719 2071 3765 sunt
2106 3709 2160 3761 in
2186 3707 2411 3761 coelum.
2456 3705 2539 3758 llli
2565 3715 2752 3759 autem
2781 3717 2847 3757 ea
2874 3716 2996 3771 qum
3028 3708 3189 3754 erant
3229 3698 3529 3766 preposita,

1944 3802 2127 3855 statim
2150 3803 2524 3866 sumpserunt,
2550 3796 2823 3849 malorum
2840 3806 2963 3866 qua:
2980 3798 3399 3865 praeesserant,
3419 3803 3529 3841 non

1941 3893 2181 3962 amplius
2246 3890 2644 3943 recordantes:
2693 3898 2749 3943 et
2802 3889 3001 3957 partim
3047 3882 3270 3957 quidem
3332 3895 3530 3939 eorum

1940 4001 2061 4054 quae
2094 3993 2479 4053 apparuerant,
2528 3982 2859 4050 splendore,
2898 3983 3094 4051 partim
3134 3996 3266 4035 vero
3330 3999 3527 4037 eorum

1942 4093 2063 4147 qua:
2113 4077 2244 4143 ipsis
2293 4076 2474 4129 oblata
2518 4083 2666 4134 sunt,
2706 4074 2989 4143 voluptate
3036 4074 3347 4139 exhilarati,
3394 4076 3528 4131 illud

1944 4169 2267 4223 Davidicum
2294 4167 2589 4220 admodum
2612 4176 2922 4235 opportune
2953 4169 3311 4223 cecinerunt:
3340 4189 3355 4219 ι
3394 4169 3531 4223 Tan-

1944 4274 2112 4327 quam
2164 4272 2233 4312 ex
2283 4256 2445 4325 adipe
2494 4264 2549 4309 et
2604 4255 2941 4325 pinguedine
2982 4258 3193 4326 repleta
3231 4268 3317 4312 est
3348 4262 3531 4313 anima

1942 4365 2087 4413 mea,
2134 4357 2192 4403 et
2236 4347 2397 4403 labiis
2460 4349 2847 4412 exsultationis
2897 4349 3145 4404 laudabit
3185 4365 3251 4404 os
3276 4366 3525 4405 meumn

1945 4445 2120 4514 Atque
2147 4444 2265 4497 dies
2290 4442 2513 4512 quidem
2543 4443 2655 4511 jam
2685 4442 2874 4496 aderat
2902 4460 2915 4506 ;
2955 4443 3147 4497 aderat
3176 4454 3361 4497 autem
3391 4460 3532 4511 pne-

270 4541 399 4587 νοις.
446 4522 599 4576 Ἐπεὶ
641 4522 699 4575 δὲ
757 4525 1065 4577 τούναντίον
1102 4523 1250 4596 ἐώρα
1302 4526 1561 4597 φαιδροὺς
1605 4530 1704 4599 μὲν
1749 4534 1835 4585 καὶ

1950 4537 2125 4592 fectus
2154 4550 2393 4605 quoque,
2427 4543 2487 4587 ut
2512 4536 2681 4590 sciret
2707 4550 2775 4588 an
2805 4534 2949 4589 fame
2976 4536 3103 4590 victi
3137 4546 3345 4601 essent,
3370 4538 3531 4593 utsic

269 4614 561 4686 χαρίεντας
592 4615 691 4682 τὴν
716 4613 856 4681 ὄψιν,
886 4615 1063 4685 πολλῷ
1094 4615 1148 4669 δὲ
1172 4618 1553 4689 χαριεστέρους
1575 4619 1733 4684 ὄντας
1751 4626 1846 4676 καὶ

269 4709 370 4779 τὴν
417 4707 615 4777 ψυχὴν,
672 4706 954 4761 ἀπολιπὼν
995 4709 1052 4761 τὸ
1086 4710 1365 4778 βιάζεσθαι
1405 4712 1499 4765 an
1557 4714 1723 4783 μηδὲν
1762 4715 1846 4769 ἐπ’

270 4800 502 4863 ἐκείνοις
532 4800 794 4870 ἀνύσιμον
825 4801 903 4866 ὃν,
933 4802 1021 4853 ἐπὶ
1046 4802 1108 4854 τὸ
1143 4803 1350 4856 πείθειν
1374 4804 1589 4875 ἐχώρει.
1623 4808 1729 4859 Καὶ
1756 4810 1845 4861 τὶν

272 4895 450 4963 πρᾶον
510 4893 962 4962 ὑποκρινάμενος,
1019 4895 1230 4947 ἐκέλευε
1280 4898 1338 4950 τὸ
1382 4896 1565 4950 λοιπὸν
1620 4901 1847 4963 ἀπαθεῖς

272 4985 461 5040 κακῶν
486 4985 693 5051 διάγειν
714 4985 909 5047 αὐτοὺς
934 4987 1025 5038 καὶ
1049 4986 1155 5040 τῶν
1188 4986 1266 5049 είς
1292 4990 1480 5057 χρείαν
1530 4992 1849 5062 κατακόρως

277 5077 865 5148 μετέχειν,βρωμάτων
898 5078 955 5130 τέ
973 5096 1113 5147 φημι
1145 5081 1237 5133 καὶ
1262 5082 1580 5151 χρημάτων,
1614 5084 1757 5154 πρὸς
1792 5084 1849 5136 δὲ

275 5171 371 5223 καὶ
406 5168 631 5237 ὲσθῆτος
662 5170 814 5221 οὐδὲν
865 5169 972 5223 τῶν
1000 5171 1378 5239 προλαϐόντων
1426 5174 1659 5228 ἔλαττον.
1708 5176 1848 5230 Ἀλλ’

275 5261 379 5312 οὐκ
399 5260 566 5312 ἐδεῖτο
594 5261 889 5329 χρημάτων
915 5264 945 5329 ή
972 5262 1237 5331 παρθένος
1263 5264 1355 5316 καὶ
1384 5266 1609 5333 ίματίων
1631 5282 1642 5294 °
1680 5267 1851 5321 ἐδεῖτο

283 5350 404 5419 μὲν,
440 5350 555 5402 ἀλλ’
585 5351 699 5419 οὐχ’
739 5352 956 5420 ἑαυτῆς,
986 5352 1093 5403 τῶν
1119 5354 1368 5423 πενήτων
1394 5354 1448 5407 δὲ
1480 5356 1692 5408 είνεκα’
1723 5358 1852 5429 παρ’

279 5440 310 5493 ὃ
342 5440 405 5510 δὴ
436 5440 527 5491 xal
563 5440 768 5509 συχνῶν
820 5442 1043 5511 ήμερῶν
1088 5444 1270 5507 ἄτιτος
1317 5446 1452 5513 αὐτὴ
1491 5447 1733 5513 διετέλει,
1768 5450 1852 5502 ἴνα

284 5531 553 5593 πλουσίως
585 5534 696 5594 τοῖς
736 5532 913 5593 ἄλλοις
965 5535 1297 5601 μεταδιδόναι
1336 5537 1562 5607 τροφῆς.
1628 5539 1736 5591 Kal
1764 5539 1854 5611 δή-

285 5638 419 5675 ποτε
443 5623 646 5693 πλῆθος
675 5623 760 5677 ἐπ’
796 5624 966 5696 αὐτὴν
988 5627 1216 5698 συρρέον
1245 5630 1491 5699 πενήτων
1532 5630 1850 5703 θεασαμένη

366 5849 383 5879 ³
408 5848 551 5905 Psal.
586 5866 759 5917 cxuv,
796 5853 878 5908 10.
963 5854 979 5884 ⁵
1012 5853 1150 5908 Psal.
1206 5871 1334 5924 un,
1368 5858 1419 5912 6.

1951 4645 2046 4683 eos
2091 4629 2317 4681 haberet
2354 4626 2819 4696 obtemperantes.
2856 4626 3151 4695 Postquam
3182 4642 3312 4681 vero
3335 4638 3531 4682 contra

1955 4735 2049 4773 eos
2100 4719 2236 4772 vidit
2281 4718 2435 4772 latos
2484 4726 2539 4772 et
2585 4718 2741 4772 vultu
2800 4718 3049 4781 alacres,
3105 4721 3286 4773 anima
3338 4728 3527 4774 autem

1954 4809 2126 4862 multo
2153 4809 2465 4870 alacriores,
2516 4806 2740 4861 mittens
2784 4806 2893 4860 vim
2933 4807 3150 4872 aﬂ'erre,
3190 4818 3249 4863 ut
3292 4810 3438 4878 quod
3475 4811 3530 4863 in

1953 4899 2032 4951 eis
2082 4898 2215 4951 nihil
2262 4896 2565 4966 prodesset,
2618 4910 2907 4965 aggressus
2948 4904 3032 4949 est
3065 4896 3425 4964 persuadere,
3475 4902 3531 4949 et

1954 4989 2220 5043 simulans
2250 4987 2750 5052 mansuetudinem,
2781 4987 2945 5057 jussit
2978 5002 3074 5041 eos
3123 4987 3388 5055 deinceps
3430 4986 3529 5041 de-
3559 4966 3568 4971 ’

1954 5095 2081 5149 gere
2109 5080 2275 5134 nullis
2318 5079 2475 5134 malis
2504 5078 2747 5143 aﬂ‘ectos,
2776 5087 2832 5132 et
2858 5078 3078 5132 abunde
3117 5078 3199 5132 eis
3230 5078 3371 5143 dari,
3406 5093 3527 5146 qua:

1953 5184 2110 5228 erant
2158 5172 2224 5226 ad
2277 5187 2436 5227 usum
2494 5171 2827 5234 necessaria,
2864 5170 3071 5233 cibum,
3125 5170 3372 5240 inquam,
3432 5185 3528 5238 pc-

1954 5265 2172 5320 cuniam
2203 5274 2258 5319 et
2290 5274 2490 5326 vestes,
2522 5278 2629 5317 non
2667 5264 2847 5317 minus
2876 5277 3039 5331 quam
3067 5272 3249 5314 antea.
3278 5261 3384 5315 Sed
3418 5261 3529 5313 vir-

1950 5372 2018 5427 go
2080 5357 2216 5413 nihil
2268 5359 2460 5424 egebat
2489 5354 2739 5425 pecuniis
2785 5362 2841 5408 et
2895 5354 3144 5408 vestibus
3176 5371 3189 5420 ;
3227 5355 3335 5407 imo
3396 5369 3528 5409 vero

1952 5450 2147 5520 egebat
2177 5450 2422 5521 quidem,
2454 5450 2550 5504 sed
2582 5464 2693 5502 non
2728 5462 2825 5501 sua
2852 5461 3037 5511 causa,
3070 5447 3163 5501 sed
3196 5461 3523 5515 pauperum;

1951 5543 2154 5612 quibus
2185 5544 2348 5598 etiam
2385 5543 2711 5596 vestimenta
2753 5539 3093 5601 discindens,
3132 5537 3522 5604 distribuebat;

1954 5645 2009 5691 et
2048 5638 2325 5708 quomodo
2358 5635 2707 5692 existimabat
2745 5648 2865 5688 esse
2896 5632 3265 5688 necessarium
3306 5629 3525 5702 corpori
