4214 6444
715 397 853 464 1047

1845 386 2238 448 ADDENDA.
2277 410 2348 423 --
2389 380 2820 446 DECEMBER.

3825 370 3984 434 1048

712 509 1063 572 alimentum,
1119 502 1196 560 ita
1260 503 1426 559 etiam
1481 515 1596 558 suae
1644 501 1844 557 animm
1892 499 2290 561 necessarium,

2398 502 2490 554 καὶ
2527 498 2717 570 ὥσπερ
2748 498 2950 567 τροφοῦ
2979 497 3139 568 φίλης
3162 495 3320 550 λῦσαι
3346 495 3436 550 τὸν
3463 492 3621 563 λιμὸν
3647 489 3828 552 αὐτοῖς
3855 490 3984 542 Geo-

708 601 832 656 aiiis
852 601 1096 668 prabere
1114 600 1535 654 nutrimentum.
1569 595 1842 662 Quocirca
1865 593 2054 650 multis
2085 592 2283 648 diebus

710 690 1079 759 permanebat
1124 689 1333 759 jejuna,
1364 697 1424 743 ut
1467 695 1692 758 possent
1735 685 1956 740 abunde
1985 683 2113 738 aliis
2139 698 2280 752 prte-

713 781 831 836 beri
891 782 1252 836 nutrimenta.
1306 781 1374 836 Et
1426 789 1557 835 tunc
1608 793 1826 849 quoque
1881 792 2006 833 cum
2051 775 2293 830 vidisset-

713 873 1122 929 muititudinem
1161 888 1465 942 pauperum
1517 871 1585 927 ad
1637 887 1696 927 se
1748 869 2166 934 conﬂuentium,
2225 871 2287 921 et

715 977 974 1035 tanquam
1007 968 1228 1022 charam
1271 968 1566 1032 nutricem,
1609 975 1670 1020 ut
1706 965 1906 1019 fantem
1941 964 2011 1018 ab
2041 964 2122 1018 eis
2155 976 2284 1030 pro-

712 1061 959 1126 pulsaret
1025 1061 1357 1131 rogantium,
1419 1059 1583 1114 dubia
1632 1057 1824 1122 animi,
1861 1067 1924 1112 ut
1983 1071 2104 1126 qua:
2143 1054 2284 1110 nihil

714 1163 900 1218 posset
935 1152 1276 1223 impendere,
1323 1152 1481 1221 quod
1517 1151 1789 1208 suﬁiceret
1825 1159 1988 1206 tanta
2039 1149 2289 1205 multitu-

713 1238 851 1304 dini,
899 1241 968 1297 ad
1018 1257 1179 1298 suum
1231 1241 1502 1296 mundum
1526 1242 1759 1311 aspexit,
1811 1249 1868 1295 et
1927 1255 2053 1295 cum
2091 1255 2284 1294 zonam

715 1335 888 1398 illam,
919 1349 1042 1404 quae
1063 1335 1225 1406 plena
1251 1343 1372 1390 erat
1394 1334 1626 1406 gemmis
1655 1344 1709 1388 et
1733 1333 2067 1404 margaritis.
2094 1341 2151 1387 et
2181 1331 2286 1386 alia

715 1442 839 1496 qua
872 1440 1033 1482 erant
1066 1442 1207 1483 auro
1238 1438 1434 1484 ornata
1468 1437 1525 1483 et
1558 1436 1809 1497 argento,
1844 1427 2026 1480 omnia
2065 1425 2288 1480 vinculo

717 1533 827 1572 uno
865 1519 1398 1588 comprehendisset,
1445 1519 1686 1574 demittit
1733 1532 1834 1588 pcr
1878 1518 2197 1581 fenestram,
2234 1524 2290 1570 et

717 1612 1047 1667 transmittit
1091 1612 1157 1666 ad
1195 1613 1345 1683 pium
1381 1613 1674 1684 quemdam
1716 1611 2033 1674 diaconum,
2071 1609 2158 1664 cui
2195 1625 2292 1664 no-

718 1720 842 1758 men
880 1713 998 1760 erat
1036 1705 1297 1776 Agapius;
1335 1713 1602 1775 rogatque
1642 1704 1955 1769 utvendat,
1983 1713 2040 1758 et
2069 1719 2288 1765 aurum,

2391 605 2587 673 μένων,
2618 598 2825 667 ἀπορίᾳ
2856 595 3144 664 ληφθεῖσα,
3211 594 3308 647 καὶ
3339 589 3494 644 ούδὶν
3524 585 3800 641 ἀναλῶσαι
3831 579 3984 650 «ph;

2385 696 2636 752 τοσοῦτον
2662 695 2864 765 πλῆθος
2900 691 3166 764 ἐξαρκοῦν
3195 691 3414 762 ἔχουσα,
3450 687 3585 757 πρὸς
3631 685 3722 739 τὸν
3764 685 3983 749 κόσμον

2386 789 2571 843 ἀνι-εἶδε
2596 788 2688 841 τὸν
2722 786 2939 855 ἑαυτῆς,
2978 785 3070 837 καὶ
3097 780 3275 848 ζώνην
3325 779 3541 847 ἐκείνην
3568 779 3600 847 ἢ
3655 776 3824 838 λίθοις
3851 773 3983 841 βρί-

2388 881 2555 936 θουσα
2591 881 2685 933 καὶ
2718 876 3025 949 μαργάροις
3055 869 3146 944 ἦν,
3175 873 3310 928 ἀλλα
3343 890 3403 926 τε
3430 873 3531 925 ὅσα
3562 871 3763 940 χρυσὸς
3795 867 3983 921 διεκό-

2390 991 2516 1042 σμει
2545 973 2644 1027 καῖ
2675 973 2936 1042 ἄργυρος,
2959 970 3135 1024 πάντα
3165 968 3225 1020 έν
3246 966 3542 1034 ἀποδέσμῳ
3570 959 3980 1030 περιλαϐοῦσα,

2389 1066 2610 1136 καθίησι
2667 1065 2756 1119 διὰ
2782 1066 2880 1136 τῆς
2913 1062 3145 1133 θυρίδος,
3169 1061 3264 1115 καί
3290 1077 3397 1114 τινι
3433 1058 3542 1113 τῶν
3577 1055 3823 1110 εὐλαδῶν
3853 1054 3982 1106 δια-

2389 1160 2583 1226 κόνων,
2620 1159 2881 1227 ’Κγάπιος
2903 1155 3311 1227 αὐτῷ’τοῦνομα
3339 1195 3351 1216 ,
3387 1150 3751 1221 παραπέμπει
3773 1190 3789 1213 ,
3827 1147 3987 1209 ἀξιοῖ

2389 1271 2449 1308 τε
2483 1251 2702 1315 πωλεῖν,
2726 1253 2822 1304 καὶ
2855 1248 2919 1303 τδ
2949 1247 3199 1302 ἐντεῦθεν
3251 1245 3474 1318 χρυσίον
3512 1244 3705 1296 διελεῖν
3751 1240 3979 1308 πένησι.

2391 1343 2576 1398 Ταῦτα
2612 1342 2712 1398 οὐκ
2745 1341 2890 1396 εστιν
2925 1342 3099 1395 εἰπεῖν
3143 1339 3253 1408 δσιρ
3302 1337 3498 1406 πλήθει
3548 1334 3657 1389 τῶν
3701 1334 3990 1402 δεομένων

2391 1436 2686 1505 ἐξήρκεσεν
2714 1436 2793 1495 είς
2831 1433 3058 1504 τροφὴν,
3082 1430 3219 1485 ἀλλά
3250 1429 3347 1483 καῖ
3377 1429 3535 1492 ὅσους
3562 1426 3704 1480 κατὰ
3741 1425 3996 1494 μίμησιν·

2392 1527 2500 1581 τῶν
2535 1526 2807 1580 πλουσίων
2835 1525 2971 1596 πρδς
3026 1525 3119 1578 τδν
3155 1525 3265 1579 τῶν
3291 1524 3564 1589 δεομένων
3603 1521 3752 1574 ἔλεον
3798 1534 3981 1586 παρε-

2393 1618 2637 1672 κάλεσεν.
2675 1617 2829 1670 Ἐπεὶ
2848 1616 2904 1670 δὲ
2934 1616 3034 1670 οὐκ
3061 1616 3170 1669 ἔδει
3198 1614 3296 1685 τὴν
3321 1612 3464 1666 οὕτω
3489 1613 3587 1679 μὲν
3619 1608 3814 1678 ἁγνὴν,
3833 1606 3986 1659 οὕτω

2394 1711 2580 1765 δὲκαὶ
2616 1711 2714 1777 τὴν
2763 1712 2930 1778 ἄλλην
2964 1711 3185 1766 ἃπασαν
3233 1708 3436 1778 ἀρετὴν
3490 1704 3805 1775 μετιοῦσαν,
3856 1696 3992 1755 εἶτα

717 1795 864 1861 quod
898 1812 964 1850 ex
1002 1812 1070 1851 eo
1097 1797 1322 1863 redibit,
1376 1796 1592 1852 dividat
1635 1795 1991 1866 pauperibus.
2025 1796 2141 1850 Dici
2179 1810 2287 1848 non

2396 1803 2488 1856 καὶ
2545 1804 2682 1872 πρδς
2722 1803 2970 1855 εὐποιίαν
3017 1802 3198 1870 πολλῷ
3239 1801 3468 1871 ῥέουσαν
3517 1801 3575 1851 ὲν
3615 1795 3985 1866 σκηνώμασιν

719 1897 918 1956 potest,
965 1897 1181 1957 quanta:
1220 1903 1523 1958 pauperum
1580 1887 1919 1942 multitudini
1964 1888 2078 1942 haec
2122 1886 2290 1942 suffe-

2398 1895 2737 1965 ἀμαρτωλῶν
2755 1898 2850 1950 καὶ
2884 1894 3171 1967 βασιλείοις
3211 1893 3402 1956 αὐλαῖς
3434 1892 3731 1950 κατοικεῖν,
3763 1887 3982 1942 ἀνωθεν

719 1981 897 2034 cerint
951 1980 1019 2036 ad
1085 1984 1430 2044 alimentum,
1479 1981 1574 2036 sed
1633 1996 1816 2051 neque
1868 1995 2031 2051 quam
2091 1981 2293 2036 multos

2398 1988 2492 2040 καὶ
2535 1986 2691 2042 τοῦτο
2711 1987 3096 2057 οίκονομεῖται.
3124 1985 3236 2040 Καὶ
3258 1985 3511 2040 σκοπεῖτε
3534 1982 3597 2055 δὴ
3634 1981 3733 2052 τὴν
3764 1981 3983 2033 οῖκονο·

719 2068 920 2125 divites
949 2070 1034 2123 sui
1072 2070 1375 2127 imitatione
1404 2069 1783 2140 provocaverit
1817 2071 1884 2125 ad
1916 2084 2075 2140 opem
2105 2071 2293 2126 feren-

2403 2078 2533 2147 μίαν
2559 2081 2708 2144 ὅπως
2739 2081 2899 2153 σοφή.

720 2162 843 2216 dam
899 2164 1207 2233 εεθηιίδυθ.
1253 2164 1393 2220 Cum
1442 2172 1623 2221 aut“!!!
1650 2179 1759 2219 non
1810 2171 2093 2232 οροτιετθι
2143 2181 2284 2230 eam.
2325 2185 2447 2238 Qum
2479 2185 2600 2230 erat
2646 2175 2787 2231 adeo
2835 2183 3007 2242 casta,
3048 2185 3106 2232 et
3153 2191 3278 2247 qua;
3353 2175 3434 2231 sic
3502 2174 3637 2230 alias
3684 2169 3985 2228 exercebat

721 2255 977 2323 virtutes,
1027 2264 1083 2312 et
1115 2271 1238 2326 quae
1280 2272 1477 2327 magno
1522 2256 1806 2310 ferebatur
1875 2253 2088 2308 ﬂuento
2124 2257 2192 2311 ad
2229 2256 2293 2312 bc

2396 2261 2672 2346 icentiam,
2710 2268 2964 2325 habitare
3032 2273 3089 2326 in
3163 2268 3532 2326 tabernaculis
3598 2277 3984 2339 peccatorum,

722 2358 778 2404 et
811 2349 866 2403 in
900 2349 1021 2403 aula
1058 2350 1228 2418 regia,
1259 2349 1389 2404 huic
1414 2349 1579 2403 etiam
1611 2348 1690 2404 rei
1723 2346 2048 2416 providetur
2079 2365 2108 2404 a
2136 2349 2376 2419 superis.
2415 2355 2610 2416 Videte
2642 2369 2826 2419 autem
2865 2380 3031 2437 quam
3059 2365 3368 2436 sapienter.

794 2438 933 2496 Vill.
957 2438 1054 2493 Dei
1077 2448 1360 2510 parentem
1392 2439 1652 2494 Davidem
1677 2439 1733 2493 in
1752 2439 1936 2494 animo
1963 2456 2211 2501 versans,
2243 2449 2293 2495 el

2476 2459 2560 2512 H'.
2594 2459 2691 2521 Είς
2713 2458 2839 2512 νοῦν
2867 2461 3004 2527 αὕτη
3041 2460 3312 2530 βαλομένη
3335 2459 3426 2513 τδν
3447 2458 3880 2528 θεοπάτορα,καῖ
3915 2459 3984 2521 ἢν

728 2532 780 2586 id
813 2529 960 2602 quod
997 2530 1087 2585 ille
1133 2530 1410 2585 simulavit
1447 2545 1513 2585 eo
1570 2538 1840 2600 tempore,
1875 2543 1985 2595 quo
2020 2529 2232 2600 fugerat
2266 2543 2293 2583 a

2403 2549 2609 2611 ἐκεῖνος
2632 2549 2901 2620 ύπεκρίθη
2935 2529 3138 2619 σκηνὴν
3168 2529 3226 2602 έν
3266 2550 3449 2620 καιρῷ
3479 2549 3575 2604 τοῦ
3615 2547 3845 2617 φεύγειν
3875 2547 3988 2602 ἀπὸ

728 2623 869 2680 facie
913 2621 1065 2685 Saul,
1116 2631 1181 2677 et
1204 2621 1663 2692 quemadmodum
1705 2621 1862 2677 vultu
1915 2636 2016 2677 suo
2063 2629 2293 2687 mutato,

2403 2634 2700 2702 προσώπου
2723 2637 2915 2702 Σαοὺλ,
2951 2638 3044 2690 καὶ
3070 2639 3216 2700 ὅπως
3251 2638 3431 2709 έαυτῷ
3458 2638 3519 2692 τὸ
3546 2639 3841 2709 πρόσωπον
3886 2638 3986 2690 ἀλ-

729 2731 788 2771 se
821 2713 977 2768 ﬁnxit
1009 2728 1128 2769 esse
1172 2723 1370 2769 emota:
1403 2715 1628 2792 mentis,
1679 2721 1736 2769 et
1763 2714 1844 2769 sic
1871 2712 2067 2784 eﬂugit
2099 2728 2293 2769 manus

2400 2724 2630 2789 λοιὼσας
2684 2725 2774 2780 τὸν
2805 2727 3042 2796 ἔκφρονα
3077 2728 3370 2800 ὕπεκρίθη.
3422 2729 3517 2783 καὶ
3561 2729 3704 2783 οὕτω
3738 2729 3840 2791 τὰς
3870 2729 3984 2790 τιῗιν

729 2821 937 2862 corum
957 2805 1050 2877 qui
1082 2815 1241 2860 erant
1268 2821 1397 2862 vere
1438 2806 1783 2880 insipientes,
1824 2815 1881 2860 et
1913 2805 1981 2861 de
2008 2807 2090 2863 eis
2122 2807 2293 2862 erexit

2401 2817 2614 2887 ἀληθῶς
2645 2820 2895 2889 ἀφρόνων
2940 2820 3169 2890 ἐξέφυγε
3221 2824 3411 2894 χεῖρας
3434 2862 3450 2887 ,
3482 2820 3580 2876 καὶ
3603 2816 3706 2892 ἦρε
3753 2823 3818 2875 τό
3847 2822 3976 2888 τρόο

730 2910 854 2969 trop
881 2915 1046 2965 tcum,
1079 2899 1183 2956 taie
1207 2898 1337 2970 quid
1369 2897 1484 2969 ipsa
1511 2912 1729 2968 quoque
1750 2897 2023 2968 excogitat
2043 2907 2099 2953 et
2122 2897 2293 2974 fingit1

2408 2926 2591 2975 παιον,
2626 2911 2837 2965 τοιοῦτο
2858 2912 2921 2982 δή
2961 2931 3013 2967 τι
3044 2915 3136 2968 καὶ
3189 2912 3330 2984 αύτὴ
3357 2915 3666 2985 μηχανᾶται
3717 2915 3814 2967 καὶ
3850 2915 3984 2967 ύποο

730 2993 1012 3048 ἱυνοειθηε
1042 2992 1253 3054 oculos.
1295 3003 1352 3046 et
1403 2991 1628 3050 salivam
1680 3005 1974 3060 exspuens,
2022 2998 2078 3046 et
2107 3004 2293 3046 manus

2409 2999 2652 3070 κρίνεται
2679 3001 2806 3066 τοὺς
2829 2986 3140 3073 όφθάλμοὺς
3164 3005 3580 3074 διαστρέφουσα,
3599 3006 3695 3060 καὶ
3726 3006 3799 3058 τά
3829 3007 3987 3061 σίελα

729 3086 1065 3154 percutiens,
1109 3092 1166 3139 et
1201 3098 1367 3139 voces
1395 3083 1656 3139 emittens
1686 3082 2050 3148 inordinatas,
2095 3090 2154 3137 et
2197 3081 2293 3136 aii-

2409 3094 2810 3163 παραπτύουσα
2864 3096 3055 3166 χεῖράς
3114 3114 3175 3150 τε
3232 3096 3503 3167 κροτοῦσα
3559 3099 3653 3152 καὶ
3709 3098 3994 3163 ἀτάκτους

732 3177 956 3245 quando
1022 3175 1244 3246 quidem
1328 3176 1677 3247 lacrymans,
1759 3174 2055 3245 aliquando
2123 3183 2306 3229 autem

733 3269 922 3324 ridens
968 3267 1353 3337 intempestive
1399 3275 1457 3321 et
1508 3267 1788 3323 indecore.
1828 3267 1955 3322 Haec
2005 3280 2130 3321 cum
2156 3265 2309 3322 vide-

732 3369 858 3417 rent
917 3360 955 3414 ii
1007 3360 1101 3424 qui
1145 3368 1300 3416 eraut
1345 3360 1401 3415 in
1446 3359 1614 3428 regia,
1656 3358 1750 3414 alii
1797 3357 2043 3428 quidem,
2075 3357 2306 3412 misere-

736 3453 970 3526 bantur,
1034 3451 1122 3507 aiii
1190 3466 1330 3506 vero
1399 3450 1570 3505 etiam
1635 3450 2002 3514 mirabantur,
2055 3446 2314 3503 nonnulli

731 3555 915 3600 autem
997 3542 1158 3599 simul
1217 3551 1273 3597 et
1344 3541 1723 3597 misericordia
1806 3540 2201 3604 movebantur.
2251 3547 2307 3594 et

735 3634 1054 3707 stupebant.
1085 3633 1241 3700 Quod
1288 3633 1510 3704 quidem
1551 3647 1674 3688 cum
1719 3631 1985 3686 audiisset
2039 3630 2307 3686 crudelis-

737 3730 913 3785 simus
979 3727 1273 3797 praefectus
1326 3726 1396 3780 ab
1446 3725 1631 3794 aliquo
1689 3739 1757 3779 ex
1808 3725 1878 3778 iis
1923 3721 2017 3793 qui
2075 3722 2124 3776 ei
2177 3720 2309 3776 assi-

732 3823 959 3882 debant,
1001 3828 1062 3876 et
1091 3819 1321 3874 vidisset
1350 3817 1515 3874 etiam
1551 3817 1604 3873 id
1628 3817 1772 3885 quod
1807 3815 1993 3881 ﬂebat,
2023 3814 2177 3870 visus
2221 3824 2306 3870 est

733 3915 918 3971 dolere
951 3923 1005 3968 et
1039 3913 1224 3966 animo
1262 3925 1400 3981 aagre
1434 3913 1597 3964 ferre.
1630 3908 1765 3963 Nam
1794 3917 1924 3962 tunc
1946 3910 2100 3978 virgo
2135 3907 2306 3960 maxi-

733 4022 822 4062 me
865 4006 1120 4061 morbum
1159 4003 1470 4066 simulabat,
1508 4002 1732 4072 quando
1767 4001 2062 4072 prasfectus
2096 4002 2151 4054 in
2182 4013 2303 4053 eam

735 4099 1063 4168 conjecisset
1102 4097 1314 4152 oculos.
1346 4095 1504 4152 Unde
1536 4095 1703 4150 etiam
1734 4093 1932 4146 timore
1963 4090 2216 4152 afﬁcitur,
2252 4097 2307 4144 et

734 4191 785 4246 ei
815 4192 999 4261 plures
1028 4189 1252 4245 adhibet
1284 4186 1561 4261 custodes,
1595 4201 1662 4240 ne
1689 4185 1916 4239 absente
1948 4183 2304 4252 imperatore,

735 4283 942 4352 aliquid
972 4283 1022 4336 ei
1053 4297 1217 4351 grave
1249 4279 1554 4343 accederet,
1583 4288 1638 4332 et
1667 4291 1725 4330 se
1762 4275 2018 4330 deorsum
2059 4273 2306 4342 praecipi-

2407 3183 2629 3252 ἀφιεῖσα
2659 3185 2865 3255 φωνὰς,
2909 3189 3001 3241 καὶ
3030 3187 3160 3243 ποτὲ
3193 3189 3293 3258 μὲν
3322 3189 3608 3255 κλαίουσα,
3638 3190 3768 3244 ποτὶ
3800 3191 3859 3245 δὲ
3887 3192 3986 3245 καὶ

2405 3275 2619 3341 γελῶσα
2659 3279 2754 3330 σὺν
2777 3278 2950 3332 οὐδενὶ
2971 3278 3147 3348 καιρῷ
3173 3297 3231 3333 τε
3255 3279 3352 3334 καὶ
3377 3279 3585 3349 κόσμῳ.
3638 3279 3828 3335 Ταῦτα
3876 3281 3988 3334 τῶν

2405 3366 2466 3420 έν
2495 3367 2605 3430 τοῖς
2647 3366 2940 3436 βασιλείοις
2972 3369 3225 3439 δρώντων
3250 3369 3377 3428 τοὺς
3408 3369 3508 3437 μὶν
3539 3363 3738 3434 οῐκτος,
3767 3368 3900 3432 τοὺς
3931 3371 3988 3422 δι

2406 3458 2499 3512 καῖ¹
2531 3458 2713 3528 θαῦμα
2764 3459 2958 3530 εἰσῄει,
3012 3460 3126 3513 ἐστι
3176 3460 3233 3512 δὲ
3280 3459 3374 3521 οὓς
3401 3459 3492 3513 καὶ
3521 3458 3811 3530 ἀμφότερα
3837 3461 3988 3524 ἔλεος

2405 3548 2542 3618 ὁμοῦ
2575 3566 2635 3602 τε
2687 3553 2781 3604 καὶ
2830 3549 3113 3620 ἔκπληξις.
3149 3551 3327 3621 Ὅπερ
3360 3548 3454 3606 οῦν
3488 3553 3582 3606 καὶ
3615 3553 3643 3604 ό
3695 3551 3986 3621 ὠμότατος

2403 3638 2503 3709 τὴν
2522 3639 2696 3720 ψυχὴν
2717 3641 2899 3712 ἄρχων
2931 3643 3138 3706 ἐκεῖνος
3162 3645 3312 3713 παρά
3339 3661 3433 3698 του
3457 3644 3567 3696 τῶν
3594 3645 3987 3713 προσεδρευόν.

2404 3748 2513 3785 των
2542 3730 2677 3802 αὐτῇ
2699 3733 3019 3800 ¹ιωθόμενος,
3055 3733 3189 3787 ἀλλά
3221 3734 3283 3803 δὴ
3311 3736 3405 3789 καὶ
3436 3735 3555 3803 ὕψει
3583 3735 3709 3799 δοὺς
3731 3738 3793 3789 τὸ
3827 3739 3979 3803 γινόο

2409 3841 2566 3894 μενον
2613 3825 2804 3893 ἀλγεῖν
2841 3825 3000 3895 ἐῴκει
3065 3827 3158 3879 καὶ
3219 3826 3581 3881 παθαίνεσθαι
3628 3829 3728 3896 τὴν
3757 3829 3979 3899 ψυχήν

2406 3915 2528 3968 ἐπεὶ
2559 3917 2653 3968 καὶ
2684 3916 2800 3968 τότε
2829 3916 3058 3984 μάλιστα
3109 3917 3352 3986 σφοδρῶς
3388 3920 3420 3988 ἡ
3468 3919 3676 3988 μάρτυς
3705 3921 3986 3991 ύπεκρίθη

2402 4007 2464 4061 τδ
2502 4008 2690 4070 πάθος,
2716 4010 2834 4060 τότε
2864 4007 2927 4079 δὴ
2963 4009 3054 4061 καὶ
3075 4009 3102 4061 ό
3135 4008 3319 4078 ἄρχων
3339 4010 3465 4073 τοὺς
3494 4011 3810 4080 ὀφθαλμοὺς
3841 4015 3980 4081 σύτῇ

2405 4098 2775 4168 ιπιὸεὸληκὼς
2804 4095 3060 4170 ἧν.”Οθεν
3086 4101 3179 4152 καὶ
3204 4101 3456 4172 περιδεὴς
3495 4103 3700 4170 γίνεται
3730 4107 3827 4157 καὶ
3864 4108 3991 4158 πολι

2405 4190 2528 4254 λοὺς
2562 4191 2842 4259 ἐφίστησιν
2873 4191 3007 4260 αὐτῇ
3049 4191 3289 4258 φύλακας
3325 4195 3397 4261 μή
3428 4210 3480 4244 τι
3517 4193 3610 4246 καὶ
3637 4193 3800 4246 πάθοι
3828 4196 3983 4264 βασι-

2405 4281 2542 4344 λέως
2582 4282 2809 4343 ἀπόντος
2839 4282 3006 4335 δεινὸν
3031 4283 3123 4334 καὶ
3163 4282 3300 4335 κατὰ
3340 4283 3586 4352 κρημνοῦ
3617 4285 3819 4353 ἑαυτὴν
3849 4286 3983 4339 diet-

735 4385 879 4440 tans,
906 4373 1121 4428 veniret
1153 4372 1207 4426 in
1243 4370 1572 4441 periculum.
1618 4368 1910 4436 Postquam
1947 4374 2128 4418 autem
2167 4363 2293 4418 mul-

2414 4370 2621 4438 σαμένη
2653 4369 2899 4424 κινδύνου
2924 4370 3179 4439 πρόξενος
3210 4371 3357 4441 αὐτῷ
3383 4375 3650 4442 καταστῇ.
3702 4373 3859 4426 Ἐπεὶ
3891 4376 3985 4429 οὖν

737 4477 852 4520 tum
885 4465 1148 4533 temporis
1177 4464 1478 4517 contritum
1505 4467 1589 4514 est
1612 4474 1641 4513 a
1669 4457 2015 4520 custodibus;
2046 4456 2142 4510 illa
2169 4471 2302 4509 vero

736 4573 901 4628 quam
951 4562 1290 4624 susceperat,
1343 4566 1633 4623 personam
1684 4565 1794 4604 non
1845 4547 2171 4612 dimittebat,
2207 4545 2306 4601 sed

737 4647 993 4718 prudenti
1029 4645 1326 4701 admodum
1375 4641 1706 4712 cogitatione
1743 4638 2038 4694 simulabat
2090 4652 2148 4691 se
2182 4652 2304 4691 esse

737 4741 1088 4810 insipientem
1117 4756 1130 4792 :
1164 4747 1220 4792 et
1245 4736 1476 4791 molesta
1506 4743 1624 4790 erat
1656 4733 1724 4788 iis
1754 4732 1848 4803 qui
1881 4746 2001 4786 eam
2030 4730 2308 4785 custodie-

739 4831 889 4892 bant,
954 4844 1147 4885 eorum
1220 4825 1441 4896 quidem
1511 4839 1716 4882 vexans
1783 4838 1946 4879 aures
2009 4821 2307 4878 inconditis

738 4922 991 4985 vocibus,
1040 4919 1222 4974 stultis
1273 4928 1449 4972 autem
1486 4914 1671 4981 ﬁguris
1703 4930 1896 4969 eorum
1951 4914 2126 4969 oculis
2172 4914 2306 4969 εσσ-

741 5029 871 5069 rens
953 5012 1296 5072 molestiam,
1348 5017 1404 5063 et
1478 5022 1874 5077 nonnunquam
1926 5007 2008 5061 eis
2051 5021 2304 5061 somnum

742 5106 989 5159 adimens
1023 5102 1373 5164 clamoribus,
1405 5109 1468 5155 et
1497 5102 1578 5155 eis
1613 5101 1838 5154 omnino
1886 5098 2192 5154 molestiam
2225 5098 2307 5152 af-

742 5197 944 5261 ferens,
974 5210 1082 5250 non
1109 5196 1285 5249 solum
1321 5193 1405 5247 vel
1435 5193 1590 5246 inviti
1621 5207 1740 5247 eam
1772 5193 1997 5246 mittunt
2025 5190 2090 5245 ad
2122 5190 2306 5245 Chris-

747 5288 943 5352 tianos,
993 5286 1139 5354 quod
1221 5284 1443 5354 quidem
1491 5299 1553 5338 ea
1595 5282 1802 5353 jamdiu
1873 5281 2151 5350 cupiebat,
2211 5278 2306 5334 sed

745 5379 908 5433 etiam
955 5376 1217 5438 fatentur,
1262 5375 1388 5428 licet
1420 5374 1686 5447 nolentes,
1731 5370 2165 5426 Christianorum
2208 5385 2309 5440 po—

747 5471 993 5525 tentiam.
1022 5467 1360 5523 Accedentes
1388 5465 1532 5519 enim
1565 5464 1630 5517 ad
1654 5464 1990 5527 eunuchum,
2016 5464 2311 5517 vehemen-

748 5573 831 5616 ter
885 5562 1167 5631 rogabant,
1235 5568 1393 5613 utea
1451 5559 1760 5611 mitteretur
1818 5555 1884 5609 ad
1941 5556 2304 5610 Christianos.

749 5653 908 5707 Forte
945 5652 1089 5706 enim
1155 5649 1428 5711 dicebant,
1489 5657 1548 5700 ut
1603 5656 1658 5701 et
1706 5648 1806 5717 ipsi
1862 5648 2232 5701 liberarentur
2276 5663 2304 5700 a

747 5744 890 5797 malo
927 5758 1032 5796 non
1070 5741 1362 5804 tolerabili,
1397 5749 1452 5793 et
1499 5741 1586 5792 illa
1615 5741 1682 5793 ab
1723 5741 1855 5808 ipsis
1885 5755 2044 5807 quam
2071 5742 2305 5809 primum

748 5845 1052 5891 curaretur.
1111 5833 1248 5888 Sunt
1316 5834 1482 5898 enim,
1537 5831 1813 5897 dicebant,
1871 5833 2014 5899 apud
2069 5848 2166 5886 nos
2218 5833 2308 5886 alii

2403 4462 2593 4531 χρόνος
2638 4462 2736 4532 μὲν
2785 4464 2895 4525 τοῖς
2933 4463 3164 4532 φύλαξιν
3230 4464 3419 4534 ἰτρίόη
3470 4467 3683 4533 συχνὸς,
3720 4468 3753 4536 ἡ
3783 4467 3841 4520 δὲ
3884 4470 3984 4538 τὴν

2408 4554 2610 4622 σκηνὴν
2666 4553 2766 4605 οὐκ
2801 4552 3010 4619 ἔλυσεν,
3065 4554 3201 4607 ἀλλά
3252 4556 3392 4608 πάνυ
3448 4558 3686 4626 σώφρονι
3736 4560 3986 4629 λογισμῷ

2406 4646 2784 4712 προσεποιεῖτο
2814 4645 3146 4716 τδνάφρονα,
3171 4642 3238 4719 ἦν
3273 4648 3325 4700 δὲ
3357 4649 3448 4701 καὶ
3479 4650 3590 4711 τοῖς
3620 4649 3987 4717 φυλάττουσιν

2407 4736 2614 4807 ὀχληρὰ
2646 4737 2743 4806 τὴν
2765 4737 2862 4807 μὶν
2885 4737 3053 4807 ἀκοὴν
3069 4737 3247 4792 αὐτῶν
3270 4740 3507 4808 ἀσήμοις
3532 4740 3783 4795 λυποῦσα
3812 4762 3987 4814 κραυο

2407 4831 2554 4899 γαῖς,
2597 4831 2838 4900 σχήμασι
2860 4831 2916 4884 δὲ
2940 4833 3283 4902 παραφόροις
3315 4833 3506 4904 ἀηδίαν
3550 4837 3663 4901 τοῖς
3684 4835 3988 4909 ὀφθαλμοῖς

2409 4921 2780 4991 ἐμϐάλλουσα,
2813 4922 2925 4974 ἐστι
2952 4921 2996 4975 δ’
3025 4923 3112 4976 ὅτε
3139 4924 3230 4977 καὶ
3260 4924 3350 4977 τδν
3377 4924 3546 4977 ὕπνον
3568 4927 3688 4989 ταῖς
3714 4933 3988 4997 κραυγαῖς

2407 5010 2738 5080 ἀφαιροῦσα,
2761 5012 2855 5065 καὶ
2882 5013 3016 5075 ὅλως
3043 5010 3111 5083 ἦν
3135 5013 3318 5078 αὐτοῖς
3346 5015 3586 5086 λυπηρὰ,
3610 5018 3672 5070 ού
3701 5021 3870 5089 μόνον
3893 5026 3985 5078 καὶ

2410 5102 2633 5166 ἄκοντες
2663 5102 2834 5174 αὐτὴν
2863 5103 2997 5173 πρὸς
3025 5105 3380 5173 Χριστιανοὺς
3434 5108 3766 5176 πέμπουσιν,
3823 5109 3885 5167 οὗ
3923 5117 3985 5184 δὴ

2413 5196 2506 5249 καὶ
2550 5197 2612 5248 ὲκ
2646 5195 2838 5248 πολλοῦ
2881 5196 3010 5266 ἦρα.
3040 5195 3174 5249 ἀλλά
3218 5196 3313 5250 καὶ
3343 5198 3442 5268 τὴν
3492 5200 3602 5253 τῶν
3639 5202 3985 5267 Χριστιανῶν

2413 5288 2640 5357 δύναμιν
2681 5288 2997 5357 ὁμολογοῦσι
3030 5291 3124 5342 καὶ
3174 5291 3247 5361 μὴ
3276 5290 3612 5360 βουλόμενοι.
3651 5295 3984 5365 Προσελθόν-

2413 5396 2505 5442 τες
2535 5380 2638 5447 γὰρ
2691 5380 2767 5448 τῷ
2820 5379 3058 5450 εὐνούχῳ
3085 5380 3269 5450 ἠξίουν
3300 5381 3444 5450 μάλα
3476 5383 3695 5452 Θερμῶς
3741 5390 3825 5450 εἰς
3860 5391 3986 5458 xm-

2417 5470 2663 5532 στιανοὺς
2689 5471 3070 5541 ἐκπεμφθῆναι
3110 5474 3344 5542 ταύτην·
3381 5474 3577 5537 αὐτούς
3606 5493 3666 5528 τε
3700 5481 3811 5548 γάρ
3853 5483 3981 5548 ἔφη·

2417 5575 2514 5613 σαν
2537 5560 2782 5627 καμάτου
2805 5562 3287 5632 ἀπαλλαγήσασθαι
3310 5565 3490 5617 οὐκέτι
3513 5568 3775 5636 φορητοῦ,
3801 5573 3983 5624 κάκεί-

2415 5668 2511 5719 νην
2544 5651 2618 5714 ὡς
2647 5651 2874 5722 τάχιστα
2908 5654 3222 5721 ίαθήσεσθαι
3276 5655 3412 5723 πρὸς
3455 5657 3655 5709 αὐτῶν.
3691 5659 3818 5713 Εἰσὶ
3856 5665 3976 5730 γὰρ,

2415 5737 2587 5807 εἷπον,
2624 5745 2751 5814 παρ’
2785 5745 2966 5804 αὐτοῖς
2990 5746 3079 5796 καὶ
3113 5745 3263 5798 ἄλλοι
3301 5745 3397 5816 τὴν
3448 5746 3642 5816 μανίαν
3671 5751 3811 5820 αὐτῇ
3844 5770 3977 5821 παρ.

2415 5836 2624 5904 ὁμοιοι,
2664 5836 2754 5899 οὓς
2806 5837 2899 5890 οὐκ
2943 5832 3055 5890 οἶδα
3101 5838 3198 5906 μὲν
3267 5838 3434 5904 ὅπως,
3475 5838 3758 5908 σώφρονας
3815 5845 3978 5896 acuis
