4214 6444
290 369 432 433 1049

1388 384 1569 445 νῘΤΑ
1609 386 1710 449 SS.
1758 386 1969 448 INDIE
2006 392 2104 453 ET
2136 390 2440 455 DOMN/E.

3405 400 3542 462 1050

281 487 552 583 ϐμως-καὶ
579 489 827 557 ὑγιάζειν
862 493 1128 562 λέγονται.
1178 497 1349 551 Τοῦτο
1369 501 1566 554 iusth
1594 502 1695 569 μὲν
1717 504 1839 573 ὑπὲε

1930 522 2185 577 .quoque
2214 511 2265 563 ei
2300 509 2515 565 insania
2553 510 2762 567 similes
2814 526 2973 580 quos,
3000 513 3275 569 nescimus
3304 529 3539 583 quomo-

280 576 498 631 ιαυτῶν
526 579 736 649 ᾔτησαν
766 584 1042 656 ὀχλήσεως
1061 588 1235 659 δήπου
1264 592 1446 662 πάσης
1477 595 1857 663 ἀπαλλαγῆναι

276 664 624 756 γλιχόμενον
663 673 692 724 6
719 673 776 726 δέ
821 674 957 739 Θεὸς
1004 679 1067 730 τὸ
1116 684 1183 751 τῇ
1243 685 1494 752 παρθένῳ
1533 687 1621 738 διὰ
1654 686 1855 756 πολλῆς

276 755 533 828 ὑπάρχον
589 762 887 834 έπιθυμίας
949 770 1198 839 χωρῆσαι
1260 774 1395 844 αὐτῇ
1454 779 1593 829 κατὰ
1630 755 1863 847 γνώμην¹

275 853 717 919 παρασκευάζει⁸
760 856 1046 914 ἐλάνθανον
1076 864 1205 934 γάρ,
1230 867 1290 919 τὸ
1335 867 1428 919 τοῦ
1476 869 1658 934 λόγου,
1690 872 1853 924 ἵππον

273 940 358 1004 είς
396 944 583 999 πεδίον
599 948 839 1014 ἀνέντες,
870 953 964 1006 καὶ
983 953 1203 1023 δελφῖνα
1228 959 1352 1011 καθ’
1387 960 1596 1026 ὕδατος.
1638 964 1851 1018 Ἀκούει

272 1032 450 1125 ταῦτα
478 1036 507 1088 ὀ
528 1037 732 1107 ἄρχων,
767 1044 861 1095 καὶ
885 1044 949 1116 δὴ
978 1048 1069 1099 καὶ
1102 1048 1263 1113 αὐτὸς
1294 1052 1550 1122 ἀνεθῆναι
1588 1055 1687 1124 τῆς
1722 1059 1850 1125 περὶ

274 1124 449 1196 αὐτὴν
486 1132 768 1216 φροντίδος
794 1136 932 1204 έρῶν
956 1139 1046 1190 τὸν
1070 1139 1224 1207 ἀγιον
1253 1144 1679 1216 εὐθὺςἈνθιμον
1711 1124 1850 1215 (ἐπί-

276 1231 479 1308 gxomc
509 1221 564 1272 ϐὲ
608 1215 761 1287 οὗτος
804 1227 925 1281 τότε
975 1228 1336 1302 Νικομηδείας
1392 1238 1527 1305 μετά
1582 1215 1849 1308 Κύριλλον

270 1301 364 1374 ἦν)
394 1314 830 1379 μεταστέλλεται.
864 1317 965 1382 ’ος
992 1324 1088 1391 καὶ
1117 1301 1403 1395 παρελθὼν
1430 1328 1590 1391 εὐθὺς
1625 1301 1719 1382 καὶ
1752 1330 1846 1382 ire

270 1397 455 1453 λαϐὼν
484 1404 547 1459 έκ
596 1405 732 1459 Θεοῦ
777 1410 845 1463 τά
886 1412 944 1464 έν
975 1415 1131 1485 μυχῷ
1176 1418 1400 1487 καρδίας
1429 1420 1650 1485 ειδέναι,
1684 1424 1847 1488 γινώ-

273 1510 395 1575 σκει
435 1514 493 1551 τε
516 1501 583 1553 τά
613 1503 756 1556 κατά
782 1505 883 1573 τὴν
910 1508 1178 1579 παρθένον
1206 1512 1282 1581 τῷ
1309 1514 1577 1583 πνεύματι
1607 1517 1699 1569 καὶ
1724 1517 1845 1570 ὅσον

269 1585 407 1657 αὐτῇ
446 1592 657 1658 φρενῶν
692 1594 852 1662 βάθος
876 1598 981 1651 ὑπὸ
1010 1600 1290 1672 πλάσματι
1317 1606 1415 1675 τῆς
1445 1606 1655 1676 μωρίας
1679 1609 1843 1677 ἐκρύ-

269 1691 437 1729 πτετο
483 1681 732 1748 συνιδὼν,
768 1687 933 1749 αὐτὸς
997 1690 1100 1760 μὲν
1132 1694 1354 1747 σιωπῶν
1384 1696 1625 1767 είστήκει
1645 1736 1660 1761 ,
1687 1700 1779 1751 καὶ
1809 1701 1840 1769 ἡ

266 1768 539 1838 παρθένος
572 1772 628 1826 δι
662 1775 860 1845 ὁμοίως
890 1780 1075 1835 ίδοῦσα
1129 1785 1221 1837 τὸν
1265 1788 1524 1858 ίεράρχην
1577 1791 1728 1844 οὐδὲν
1757 1768 1838 1845 ετξ

1965 599 2037 654 do
2079 600 2338 655 dicuntur
2370 619 2587 666 sanare,
2628 612 2683 657 et
2734 605 2916 660 facere
2956 613 3016 658 ut
3053 606 3163 662 sint
3200 622 3344 663 sane
3386 624 3538 663 men-

1965 692 2052 757 tis,
2106 693 2221 748 Hoc
2256 694 2331 747 illi
2389 696 2611 763 quidem
2636 712 2734 765 pro
2785 712 2844 752 se
2895 698 3196 765 petierunt,
3250 699 3536 768 cupientes

1963 785 2182 840 liberari
2222 786 2291 839 ab
2322 790 2470 840 omni
2511 790 2779 851 molestia;
2825 789 2967 845 Dens
3017 800 3201 844 autem
3259 792 3333 853 id,
3383 797 3530 862 quod

1960 878 2111 949 virgo
2159 878 2405 947 impense
2455 881 2732 949 cupiebat,
2786 882 2914 936 facit
2970 892 3023 937 ut
3062 885 3113 938 ei
3161 885 3422 939 succedat
3464 902 3531 940 ex

1959 972 2040 1025 sui
2072 972 2237 1027 animi
2281 974 2573 1028 sententia.
2614 974 2945 1029 Nesciebant
3001 976 3149 1030 enim
3185 993 3267 1041 se,
3302 989 3362 1032 ut
3392 978 3533 1034 dici-

1959 1071 2067 1128 tur,
2108 1079 2311 1133 equum
2342 1064 2396 1119 in
2441 1081 2695 1135 campum
2743 1067 3061 1130 immittere.
3102 1075 3160 1124 et
3204 1070 3528 1139 delphinum

1957 1153 2013 1207 in
2058 1170 2277 1224 aquam.
2330 1158 2497 1213 Audit
2529 1159 2645 1213 hanc
2681 1159 2996 1233 praefectus,
3041 1170 3097 1213 et
3130 1162 3361 1231 cupiens
3397 1163 3532 1234 ipse

1955 1263 2173 1317 quoque
2205 1249 2428 1305 liberari
2464 1252 2568 1305 hac
2604 1253 2722 1321 ejus
2752 1268 2901 1314 cura.
2923 1253 3113 1308 statim
3146 1265 3393 1323 sanctum
3420 1258 3533 1312 An-

1956 1340 2189 1395 thimum
2221 1341 2358 1410 (erat
2388 1351 2572 1398 autem
2601 1344 2691 1398 hic
2726 1356 2855 1398 tunc
2877 1345 3210 1401 Nicomedia?
3236 1350 3533 1419 episcopus

1954 1440 2075 1499 post
2096 1433 2395 1501 Cyrillum)
2426 1436 2679 1488 accersit.
2712 1435 2813 1501 Qui
2842 1451 2967 1490 cum
2988 1436 3168 1490 statim
3186 1440 3531 1508 accessisset,

1951 1532 2005 1577 et
2034 1532 2115 1588 ut,
2164 1522 2259 1591 qui
2296 1538 2322 1574 a
2377 1524 2486 1576 Deo
2536 1525 2840 1592 accepisset
2884 1526 3137 1580 notitiam
3171 1543 3362 1583 eorum
3407 1547 3530 1599 qua

1950 1624 2109 1669 erant
2154 1616 2206 1669 in
2256 1616 2531 1684 profundo
2580 1618 2785 1681 cordis,
2837 1618 3037 1686 spiritu
3108 1622 3395 1687 cognoscit
3460 1622 3528 1676 de

1949 1707 2184 1771 virgine;
2216 1716 2270 1761 et
2314 1722 2462 1769 cum,
2493 1722 2655 1775 quam
2693 1706 2963 1774 profunda
3001 1709 3274 1776 sapientia
3304 1713 3405 1765 sub
3450 1713 3525 1765 si-

1950 1798 2251 1851 mulatione
2309 1797 2553 1851 stultitia:
2603 1798 2818 1861 lateret,
2853 1799 3231 1864 intellexisset,
3264 1801 3379 1868 ipse
3402 1803 3528 1871 qui-

265 1858 585 1962 πρράφρρον
613 1862 645 1933 ἢ
672 1870 897 1934 μανικὸν
922 1872 1229 1937 ἐπεδείκνυ,
1258 1878 1372 1930 ἀλλ’
1424 1879 1614 1949 ὥσπερ
1646 1882 1713 1934 ἀν
1746 1888 1836 1936 καὶ

1942 1888 2066 1947 dem
2100 1898 2286 1942 tacens
2316 1889 2583 1953 constitit;
2623 1889 2776 1962 virgo
2842 1906 2971 1944 vero
3007 1906 3130 1945 cum
3162 1891 3415 1945 similiter
3446 1895 3527 1945 vi-

262 1948 436 2020 αὐτὴν
461 1952 671 2009 ἑκείνου
700 1956 799 2029 τὴν
844 1960 968 2030 θψιν
992 1963 1373 2036 δυσωπηθεῖσα
1420 1972 1481 2024 rb
1507 1948 1646 2039 μετά
1667 1974 1839 2028 ταῦτα

264 2044 561 2137 σωφρόνως
588 2042 701 2119 εἷχε
733 2051 825 2104 καὶ
844 2054 1134 2126 γαληνίως,
1165 2059 1240 2120 ὡς
1263 2064 1358 2114 καὶ
1386 2063 1581 2126 αὐτοὺς
1605 2067 1839 2137 ἐκπλήτ-

261 2132 454 2228 τεσθαι
481 2140 609 2202 τοὺς
663 2145 938 2211 παρόντας
985 2149 1463 2222 ἐπιλογιζομένους
1493 2157 1617 2209 ὅσον
1649 2132 1837 2228 ῖσχυσε

259 2223 356 2275 και
379 2225 541 2292 μόνον
565 2229 793 2302 εὐσεϐὴς
815 2234 1006 2304 ὀφθεὶς
1026 2239 1325 2307 ὀφθαλμός.
1377 2244 1441 2300 ’0
1479 2249 1578 2315 μὲν
1616 2223 1835 2319 οὖνἰιρο

256 2332 373 2410 χων
408 2319 744 2389 παραλαϐεῖν
759 2325 852 2379 τὸν
876 2329 1177 2387 έπίσκοπον
1219 2335 1317 2405 τὴν
1347 2337 1616 2407 παρθένον
1640 2341 1796 2410 ἠξίου
1817 2359 1831 2372 ·

259 2407 365 2505 σὺν
392 2410 563 2484 ταύτῃ
588 2412 644 2466 δὲ
670 2415 764 2467 καὶ
791 2418 881 2471 τὸν
913 2421 1090 2492 Ἵνὸην
1113 2426 1208 2477 καὶ
1236 2426 1586 2498 ἀμφοτέρους
1618 2407 1833 2505 φυλακῇ

252 2499 443 2594 δοῦναι
487 2507 774 2579 πρεπούσῃ
808 2513 959 2581 παρά
1020 2532 1125 2568 τινι
1157 2518 1265 2571 τῶν
1298 2522 1463 2575 οῖκων
1496 2524 1608 2576 τῶν
1641 2499 1829 2594 ιερῶν-ξ

256 2591 357 2646 καὶ
371 2595 639 2686 χρήματα
676 2598 733 2653 δὲ
778 2607 1184 2675 συμπαρεδίδου
1217 2612 1285 2665 τά
1310 2628 1372 2680 γε
1400 2616 1479 2677 εις
1509 2591 1713 2686 τροφὴν
1741 2620 1833 2672 καὶ

257 2684 449 2754 χρείαν
474 2686 725 2755 σώματος
778 2692 957 2751 ίκανά.
1000 2696 1063 2749 '0
1107 2699 1164 2751 δὲ
1192 2701 1417 2767 τούτους
1451 2684 1555 2775 μὲν
1711 2709 1833 2763 λίαν

254 2775 529 2845 ἀσμένως,
559 2780 621 2833 οὐ
649 2782 756 2855 μὴν
789 2785 1007 2850 έδέξατο
1030 2791 1127 2843 καὶ
1154 2793 1223 2844 τὰ
1246 2797 1526 2866 χρήματα,
1551 2800 1667 2854 ἀλλ’
1688 2801 1776 2856 iis
1787 2803 1832 2856 ί-

254 2880 336 2931 νῳ
371 2869 691 2941 ἀσκητηρίῳ
745 2874 854 2926 τινι
916 2878 1279 2951 παρέπεμψεν
1328 2886 1429 2939 οὐκ
1474 2887 1620 2940 ἔστιν
1658 2892 1832 2945 είπεῖν

253 2955 381 3011 ὅσον
406 2959 701 3056 ﬁscum;
728 2964 823 3019 ἀτε
875 2972 1018 3024 κατά
1060 2972 1187 3028 νοῦν
1221 2978 1402 3040 αὐτοῖς
1442 2980 1683 3053 ὲκϐάσης
1733 2988 1831 3056 τῆς

257 3050 624 3118 μεταθέσεως.

302 3237 361 3290 Θ
388 3272 405 3288 .
424 3228 537 3289 Ἦν
559 3236 754 3292 διτότε
786 3240 882 3293 καὶ
909 3242 1239 3314 Μαξιμιανῷ
1268 3250 1505 3317 τρόπαια
1535 3256 1675 3308 κατὰ
1730 3260 1839 3312 τῶν

248 3326 510 3380 ιναντίων
520 3327 940 3401 έξειργασμένα,
955 3335 1046 3387 τοῦ
1063 3337 1198 3389 Θεοῦ
1210 3340 1376 3394 αὐτοῦ
1390 3346 1567 3411 σοφῶς
1585 3366 1655 3401 πα
1662 3359 1839 3418 pauci-

250 3432 442 3512 Tarso;
714 3424 989 3493 σωτηρίαν
1002 3427 1140 3491 ὁδὸν,
1159 3430 1243 3481 ἵνα
1267 3424 1534 3505 οὗτινοςχε
1544 3456 1557 3489 ι
1568 3439 1618 3507 pl
1636 3457 1837 3512 κατορ-

249 3506 440 3562 θοῦται
461 3507 633 3564 ταῦτα
654 3511 896 3584 ζητήσας
925 3518 1224 3584 ἐπιγνῶναι
1248 3522 1347 3594 τὴν
1382 3506 1659 3593 ἀλήθειαν.
1695 3506 1834 3587 Ἀλλ’

247 3602 457 3695 cuive;
470 3603 797 3695 τυφλώττων
815 3609 1061 3678 ἀκριϐῶς
1080 3612 1137 3664 έν
1169 3614 1679 3695 τούτοιςὲπικουρίᾳ
1697 3625 1835 3679 θεῶν

246 3691 615 3763 ψευδωνύμων
639 3695 737 3766 τὴν
767 3697 925 3768 νίκην
946 3702 1269 3773 έπιγράφων
1296 3704 1384 3777 ἦν,
1442 3714 1536 3765 καὶ
1583 3691 1835 3770 τοσοῦτον

246 3782 474 3851 ἀπεῖχεν
496 3784 687 3853 ἀληθεῖ
702 3787 932 3860 Θεῷἷτὴν
957 3793 1115 3862 χάριν
1134 3796 1439 3865 ὁμολογεῖν,
1461 3803 1585 3859 ὅσον
1612 3812 1707 3860 καὶ
1726 3810 1833 3861 θεο-

250 3874 445 3940 μαχεῖν
463 3873 724 3942 ἠπείγετο
742 3878 837 3930 κα)⁸
856 3880 1023 3933 τάλλα
1038 3884 1267 3955 δεύτερα
1281 3888 1389 3951 θεὶς
1419 3894 1671 3961 ἐκθύμως
1691 3902 1830 3953 κατά

247 3961 592 4030 Χριστιανῶν
621 3968 906 4035 ὡπλίζετο,
940 3974 1129 4044 ἑορτάς
1156 3994 1213 4029 τε
1248 3983 1356 4043 τοῖς
1373 3983 1588 4050 δαίμοσι
1620 3992 1713 4042 καὶ
1733 3993 1829 4044 θυ-

250 4054 375 4145 σίας
407 4057 695 4124 έπιτελῶν,
728 4062 832 4114 κᾶν
861 4062 929 4115 τὰ
953 4066 1143 4134 πρῶτα
1176 4071 1275 4139 τὴν
1305 4074 1598 4143 ἀλωπεκῆν
1628 4081 1829 4145 ὑποδὺς
1880 4068 1886 4076 ί

473 4165 535 4201 τε
565 4153 662 4203 καὶ
692 4155 879 4220 τιμαῖς
909 4155 1222 4210 ὑπεποιεῖτο
1252 4162 1311 4213 τὸ
1334 4163 1539 4233 πλῆθος
1571 4172 1661 4220 καὶ
1691 4143 1829 4239 ἀφαζ

248 4235 346 4305 νὴς
388 4232 528 4290 εἶναι
558 4240 656 4309 τὴν
677 4242 876 4294 κακίαν
906 4243 1186 4311 ἠϐούλετο.
1231 4232 1471 4320 Θέατρον
1524 4253 1616 4306 οὗν
1662 4232 1825 4309 πολυ-

244 4326 664 4397 ανθρωπότατον
704 4331 850 4401 αὐτῷ
879 4337 1277 4406 συνηθροίζετο,
1303 4343 1397 4394 καὶ
1443 4346 1470 4395 ὁ
1497 4346 1644 4411 ἀγὼν
1675 4344 1827 4413 οὗτος

244 4419 382 4488 πρὸς
404 4420 766 4489 Χριστιανοὺς
793 4427 853 4477 οὐ
871 4426 1032 4496 δῆλος
1056 4425 1123 4499 ἦν
1145 4433 1264 4482 κατ’
1293 4433 1414 4500 ὖψιν
1447 4438 1629 4500 αὐτοῖς
1676 4456 1823 4493 συνι·

1939 1979 2108 2033 disset
2152 1980 2488 2047 pontiticem,
2523 1980 2729 2035 nullum
2784 1980 3017 2049 amplius
3080 1996 3191 2050 prae
3224 1997 3281 2035 se
3316 1983 3525 2036 ferebat

1939 2070 2185 2125 furorem
2203 2080 2299 2125 aut
2327 2073 2648 2135 amentiam,
2671 2072 2765 2126 sed
2798 2073 3025 2139 perinde
3057 2087 3121 2127 ac
3153 2074 3332 2143 ipsum
3373 2076 3525 2130 illius

1942 2172 2225 2230 aspectum
2258 2164 2514 2227 reverita,
2551 2179 2608 2217 se
2636 2163 2916 2218 moderate
2942 2165 3169 2233 gerebat
3202 2177 3257 2219 et
3283 2168 3521 2244 placide,

1938 2253 2075 2308 adeo
2109 2263 2169 2308 ut
2209 2254 2313 2323 ipsi
2348 2255 2441 2324 qui
2476 2256 2707 2309 aderant
2741 2264 3051 2323 stuperent,
3100 2258 3522 2314 considerantes

1938 2354 2200 2414 quantum
2258 2346 2371 2399 vim
2423 2346 2624 2401 haheat
2672 2349 2757 2401 vel
2790 2348 2969 2402 solum
3019 2358 3359 2418 conspectus
3395 2352 3524 2419 pius

1937 2437 2175 2493 oculusJ
2233 2437 2530 2492 Pml‘ectus
2584 2454 2717 2509 ergo
2784 2440 2996 2509 rogavit
3052 2442 3397 2511 episcopum,
3462 2454 3523 2496 nt

1936 2538 2241 2581 assumeret
2280 2528 2571 2597 virginem,
2612 2544 2736 2582 cum
2790 2543 2854 2582 ea
2894 2538 3076 2582 autem
3111 2532 3277 2584 etiam
3328 2530 3518 2586 lndem

1935 2626 1992 2672 et
2033 2628 2091 2671 ut
2138 2633 2235 2672 eos
2292 2619 2349 2672 in
2407 2634 2563 2673 sacra
2610 2620 2790 2688 aliqua
2838 2619 2957 2673 aede
3010 2620 3255 2675 traderet
3310 2620 3366 2675 in
3418 2637 3519 2676 cu-

1939 2710 2178 2765 stodiam
2205 2710 2513 2768 honestam.
2542 2710 2715 2765 Simul
2739 2712 2901 2765 etiam
2928 2711 3077 2765 dedit
3100 2712 3380 2781 pecunias,
3398 2728 3521 2782 quas

1933 2802 1999 2856 ad
2028 2802 2349 2857 alimentum
2380 2803 2693 2857 sullicerent
2719 2812 2775 2857 et
2808 2818 2937 2857 usus
2968 2805 3221 2872 corporis
3253 2820 3516 2859 necessa-

1933 2896 2067 2949 rios.
2096 2896 2188 2948 llle
2209 2904 2388 2949 autem
2422 2894 2523 2948 hos
2557 2895 2776 2961 quidem
2803 2895 2964 2948 valde
2985 2895 3224 2949 libenter
3250 2897 3513 2965 suscepit,

1933 2986 2028 3041 sed
2062 3003 2169 3040 non
2202 2986 2367 3040 etiam
2413 2987 2696 3055 pecunias.
2733 2986 2839 3041 Eos
2891 3001 3023 3040 vero
3060 2988 3207 3040 misit
3236 2988 3304 3040 ad
3339 2989 3518 3057 quod-

1934 3079 2060 3133 dam
2096 3080 2492 3134 monasterium
2515 3120 2529 3143 ,
2567 3080 2680 3133 dici
2717 3095 2826 3133 non
2859 3087 3061 3150 potest,
3098 3090 3370 3149 quantum
3420 3081 3515 3135 lte-

1854 3171 1901 3234 C
1936 3180 2135 3231 tantes.
2161 3171 2304 3239 quod
2340 3172 2700 3226 successisset
2725 3172 2808 3225 eis
2836 3178 3079 3240 emptum
3114 3187 3178 3225 ex
3220 3170 3513 3226 sententia.

2012 3262 2082 3316 IX
2103 3264 2221 3317 .lam
2248 3272 2431 3318 autem
2459 3263 2786 3318 Maximiano
2830 3273 2960 3318 tunc
2991 3273 3174 3319 erecta
3204 3274 3361 3318 erant
3399 3273 3517 3317 tro-

1941 3369 2051 3422 paea
2104 3354 2367 3407 adversus
2390 3354 2645 3407 inimicos
2694 3353 2797 3422 (ὃ),
2828 3355 2939 3407 Deo
2983 3354 3036 3408 ei
3065 3355 3346 3423 sapienter
3368 3354 3513 3408 viam

1936 3444 2218 3513 aperiente
2268 3445 2335 3498 ad
2388 3445 2643 3508 salutem,
2692 3454 2751 3499 ut
2789 3460 2913 3499 cum
2968 3446 3292 3515 quaesiisset,
3331 3446 3516 3516 cujus-

1936 3552 2063 3590 nam
2100 3552 2263 3592 manu
2303 3538 2417 3591 haec
2449 3547 2594 3591 recte
2624 3547 2971 3606 gererentur,
3004 3548 3325 3607 agnosceret
3360 3539 3511 3593 veri-

1938 3634 2125 3679 tatem.
2178 3626 2282 3679 Sed
2334 3626 2422 3680 ille
2476 3626 2529 3679 in
2586 3626 2669 3679 his
2715 3627 2874 3695 plane
2922 3628 3238 3699 excutiens,
3280 3627 3511 3680 deorum

1934 3720 2025 3787 qni
2060 3718 2193 3771 falso
2222 3718 2501 3779 dicuntur,
2540 3720 2742 3770 auxilio
2784 3718 3091 3773 ascribebat
3124 3719 3511 3785 victoriam,“

1934 3816 2147 3859 tantum
2195 3806 2403 3868 aberat,
2460 3818 2518 3859 ut
2570 3822 2698 3860 vero
2760 3809 2868 3861 Deo
2923 3818 3111 3877 ageret
3162 3810 3390 3876 gratias,
3449 3821 3510 3864 ut

1931 3898 2097 3951 etiam
2146 3907 2465 3967 properaret
2513 3899 2772 3952 adversus
2810 3901 2978 3953 Deum
3027 3899 3230 3953 bellum
3277 3915 3506 3968 gerere;

1930 3998 1987 4041 et
2012 3988 2135 4041 aliis
2161 3990 2499 4057 postpositis,
2534 3992 2648 4043 acri
2674 3992 2858 4043 animo
2888 3991 3208 4045 armabatur
3241 3990 3506 4045 adversus

1928 4078 2288 4136 Christianos.
2329 4078 2670 4133 daemonibus
2715 4080 2850 4134 festa
2912 4097 3179 4151 peragens
3209 4089 3265 4135 et
3297 4083 3506 4136 sacriﬁ-

1933 4170 2037 4231 cia,
2069 4170 2283 4222 etiamsi
2321 4169 2499 4238 primo
2529 4172 2805 4235 vulpinam
2832 4174 3025 4241 pellem
3060 4174 3315 4243 induens,
3347 4174 3505 4227 donis

1930 4272 1984 4317 et
2016 4264 2318 4317 honoribus
2352 4264 2492 4317 clam
2520 4280 2579 4317 se
2617 4264 2937 4318 insinuabat
2961 4265 3015 4317 in
3042 4264 3225 4333 populi
3260 4264 3504 4318 benevo-

1930 4358 2175 4418 lentiam,
2213 4364 2267 4408 et
2287 4370 2440 4408 suam
2483 4370 2604 4408 esse
2660 4364 2862 4407 rectam
2917 4355 3134 4408 volebat
3185 4355 3502 4423 improbita-

1923 4458 2059 4501 tem.
2099 4448 2397 4501 Theatrum
2436 4446 2618 4513 itaque
2654 4444 3155 4514 frequentissimum
3190 4449 3257 4500 ab
3302 4462 3369 4501 co
3398 4448 3499 4501 fuit

246 4508 537 4577 στάμενος,
588 4511 725 4565 ἀλλά
780 4514 913 4568 πολὺ
944 4516 1003 4569 τὸ
1050 4519 1259 4586 ἀσαφὲς
1302 4522 1439 4591 ἔχων
1480 4527 1573 4577 καὶ
1606 4528 1820 4597 δολερὸν

1930 4548 2337 4610 congregatum.
2376 4539 2493 4591 Non
2530 4548 2716 4606 aperte
2749 4547 2931 4591 autem
2965 4539 3360 4593 ostendebatur
3395 4540 3499 4596 hoc

244 4598 341 4651 καὶ
371 4600 698 4669 κακότεχνον
726 4619 741 4634 ο
789 4603 825 4657 ἃ
865 4605 975 4675 γὰρ
1001 4608 1193 4661 είδωλα
1238 4613 1307 4664 τά
1340 4617 1523 4686 χρυσῷ
1556 4620 1654 4687 μὲν
1708 4626 1819 4686 τοῖς

244 4689 471 4744 ἀσεϐέσι
505 4692 812 4763 τιμώμενα,
846 4696 1066 4765 βόθυνον
1108 4701 1165 4752 δὲ
1192 4702 1466 4770 ἀπωλείας
1507 4711 1686 4774 αὐτοῖς
1727 4715 1819 4766 ἀν-

244 4784 651 4853 τιχαριζόμενα,
700 4786 874 4841 ταῦτα
910 4789 973 4856 δὴ
1023 4793 1091 4844 τά
1127 4796 1313 4866 χρυσῷ
1356 4800 1449 4852 καὶ
1508 4802 1606 4855 ὅσα
1658 4808 1817 4859 πάλιν

244 4872 490 4943 ἀργύρου
524 4877 787 4945 πεποίητο
820 4882 1109 4951 προφέρων
1134 4886 1162 4937 ὁ
1194 4886 1454 4960 δυσσεϐὴς
1485 4893 1563 4956 είς
1594 4893 1815 4961 θρόνους

245 4965 512 5036 προετίθη
546 4968 882 5037 βασιλικοὺς,
907 4976 998 5026 καὶ
1028 4976 1336 5045 στέμμασιν
1369 4982 1679 5053 ἐστεφάνου,
1724 4992 1817 5042 καί

238 5055 400 5119 τέλος
431 5058 668 5127 ταύρους
686 5060 882 5125 αὐτοὺς
914 5066 1201 5119 καταθύων
1255 5076 1695 5143 περιρραντίζειν
1748 5082 1813 5132 τὰ

241 5144 424 5215 πλήθη
461 5148 573 5210 τοῖς
604 5152 820 5220 μιαροῖς
847 5153 1173 5208 έπέτταττεν
1199 5160 1402 5229 ἱερεῦσι
1440 5163 1631 5233 βοηθοῦ
1686 5186 1815 5235 τυγο

239 5236 424 5328 χάνων
446 5237 540 5289 καὶ
567 5238 661 5291 τοῦ
695 5240 909 5311 καιροῦ.
944 5245 1053 5298 Καὶ
1081 5247 1189 5317 γὰρ
1215 5245 1354 5318 ἦσαν
1393 5254 1511 5307 τότε
1563 5262 1813 5328 τερπνοῖς

240 5325 557 5416 ἀκοιξσμασι
579 5330 671 5383 τοῦ
706 5331 935 5404 θεάτρου
986 5343 1441 5411 προσκεχηνότες.
1496 5325 1650 5398 Ὀσοι
1712 5350 1810 5416 μὲν

239 5416 335 5470 οὖν
360 5414 502 5489 ἦσαν
530 5421 788 5490 ἀσφαλεῖς
813 5426 913 5496 τὴν
944 5428 1226 5486 εὐσέϐειαν
1258 5437 1349 5488 καὶ
1370 5436 1438 5488 τά
1472 5414 1809 5504 Χριστιανῶν

241 5509 426 5601 αυτοῖς
448 5511 508 5601 οὐ
548 5512 707 5579 μόνον
739 5516 848 5565 τῶν
893 5518 1189 5588 ὀνομάτων,
1240 5524 1373 5577 ἀλλὰ
1404 5529 1498 5579 καὶ
1543 5533 1620 5591 είς
1674 5550 1808 5601 καρ-

239 5599 360 5655 δίαν
379 5600 712 5671 ένδεδυκότα,
744 5600 888 5661 οὗτοι
920 5613 1362 5684 φωράσαντε;.τὸ
1406 5622 1685 5690 γινόμενον
1717 5599 1809 5679 καὶ

311 5782 389 5851 (-5)
426 5783 618 5840 Daren.
652 5788 718 5841 ad
745 5805 834 5844 an.
878 5791 999 5845 30L

1926 4641 2202 4685 certamen
2261 4631 2571 4696 comparari
2638 4630 2900 4683 adversus
2967 4629 3330 4695 Christianos,
3400 4632 3494 4686 sed

1925 4724 2178 4782 obscure,
2221 4720 2408 4775 dolose
2442 4729 2495 4773 et
2527 4721 2792 4773 malitiose
2824 4721 3221 4775 instruebatur.
3257 4722 3495 4778 Simula-

1923 4830 2015 4869 era
2043 4813 2215 4877 enim,
2244 4826 2364 4877 qua:
2409 4827 2545 4865 auro
2601 4812 2821 4878 quidem
2854 4812 3271 4866 honorabantur
3297 4815 3365 4867 ab
3399 4814 3495 4867 im.

1922 4905 2051 4973 piis:
2087 4904 2285 4957 fossam
2328 4918 2460 4956 vero
2501 4903 2757 4956 interitus
2809 4904 2891 4958 eis
2918 4905 3157 4958 vicissim
3189 4906 3495 4975 largieban-

1920 5004 2032 5058 tur,
2098 4994 2235 5057 hasc,
2296 4994 2536 5062 inquam,
2589 5008 2775 5053 aurea,
2833 5003 2887 5047 et
2932 5010 3051 5063 qua
3105 5012 3298 5050 rursus
3356 4998 3490 5051 facta

1917 5085 2135 5139 fuerant
2167 5101 2230 5138 ex
2278 5093 2524 5152 argento,
2579 5086 2892 5153 producens
2926 5087 3149 5153 impius,
3206 5088 3387 5155 posuit
3432 5088 3486 5141 in

1915 5177 2044 5231 sede
2100 5176 2285 5245 regali,
2344 5184 2400 5227 et
2448 5176 2668 5229 coronis
2726 5176 2989 5237 redimiit;
3046 5190 3101 5232 et
3142 5178 3359 5231 tandem
3406 5180 3489 5232 eis

1916 5280 2103 5323 tauros
2142 5268 2474 5329 sacriﬁcans,
2524 5268 2685 5336 jussit
2730 5268 3076 5321 exsecrandis
3107 5270 3486 5323 sacerdotibus

1915 5375 2201 5429 aspergere
2246 5362 2528 5429 pupulum,
2579 5360 2837 5424 temporis
2892 5374 3110 5428 quoque
3146 5376 3208 5414 ea
3242 5376 3300 5413 re
3326 5371 3485 5414 utens

1915 5449 2138 5502 auxilim
2181 5449 2334 5504 Tunc
2373 5451 2516 5503 enim
2562 5452 2658 5503 or’e
2696 5450 2868 5503 hianti
2897 5450 3253 5503 altendebant
3278 5452 3479 5519 jucun-

1916 5540 1983 5593 da
2034 5540 2233 5594 theatri
2287 5550 2619 5594 acroamata.
2645 5541 2967 5608 Quicunque
3010 5556 3139 5608 ergo
3192 5541 3243 5593 in
3278 5540 3483 5610 pietate

1915 5629 2134 5697 quidem
2165 5638 2319 5685 erant
2371 5630 2510 5683 firmi
2544 5641 2597 5683 ct
2624 5630 2863 5694 stabiles,
2918 5642 2970 5684 et
3004 5644 3237 5699 quorum
3264 5628 3484 5682 animos.
