4214 6444
747 386 885 454 1051
1882 397 2268 465 ADDENDA.
2302 427 2372 438 —
2412 404 2848 472 DECEMBER.
3906 415 4051 479 1052

743 505 940 577 teligio
963 505 1279 566 Christiana
1339 525 1452 566 non
1495 511 1674 567 solum
1735 528 1910 585 usque
1956 517 2023 572 ad
2075 520 2318 586 nomina,

2441 523 2577 593 μηδὲ
2600 523 2773 592 αὐτὴν
2793 522 2895 595 τὴν
2925 523 3117 595 ὅρασιν
3141 526 3456 595 ἀνεγκόντες
3487 526 3692 598 ᾤχοντο
3749 527 3848 582 τοῦ
3919 530 4051 584 m—

743 599 841 656 sed
886 601 1052 658 etiam
1088 603 1155 658 ad
1184 618 1282 659 cor
1331 620 1503 675 usque
1555 615 1964 677 penetraverat;
2001 611 2058 674 ii,
2111 627 2236 668 cum
2289 614 2320 667 ἱι

2448 631 2601 678 τρου,
2628 614 2689 667 τὸ
2717 616 2928 669 ἑαυτῶν
2951 610 3092 686 αἷμα
3117 616 3301 671 δοῦναι
3322 617 3577 688 μᾶλλονῆ
3610 620 3807 683 αῐμασι
3837 622 4048 690 μολυν-

744 695 892 761 quod
931 694 1117 759 ﬁebat,
1163 697 1683 768 deprehendissent,
1740 710 1924 757 etnec
1952 705 2072 774 ejus
2117 706 2320 774 quiden

2448 703 2608 774 θῆναι
2638 705 2898 770 τοιούτοις
2929 707 3166 774 εὐγενῶς
3193 708 3575 779 προελόμενοι.
3611 709 3801 771 Ὄσοις
3871 711 3938 763 δὲ
3986 713 4044 780 ἡ·

742 795 1100 856 conspectum
1133 789 1279 844 ferre
1313 789 1641 858 potuissent,
1669 807 1697 846 a
1732 792 1948 848 theatro
1967 808 2317 852 recesserunt

2441 799 2565 868 δονὴ
2582 799 2675 852 καὶ
2705 799 2889 864 ἀνεσις
2926 801 3057 869 περὶ
3097 801 3340 864 πλείονος
3388 796 3476 872 ἦν,
3501 794 3653 856 ὀὗτοι
3708 804 3808 855 καὶ
3853 802 4043 873 ψυχὰς

743 891 903 932 suum
954 881 1138 949 potius
1211 884 1539 950 sanguinem
1603 883 1962 953 profundere.
2017 902 2182 955 quam
2242 889 2313 942 tal

2440 891 2754 959 ὲχραίνοντο
2787 893 2879 946 καὶ
2900 893 2969 946 τὰ
3003 893 3232 963 σώματα
3265 895 3648 964 μτριοτάτης,
3688 893 3840 964 οῐμοι
3884 896 3898 946 l
3940 896 4042 962 ψυ-

743 971 1013 1038 sanguine
1044 973 1238 1041 pollui,
1284 976 1543 1044 praeclare
1575 977 1864 1040 eligentes.
1906 979 2118 1045 Quibus
2147 990 2320 1035 autem

2439 983 2725 1051 χαγωγίας
2755 983 3068 1054 βαρυτάτας
3101 985 3313 1039 ἐκεῖθεν
3348 988 3449 1049 τὰς
3479 986 3753 1060 τιμωρίας
3811 988 4040 1047 ἑαυτοῖς

741 1063 916 1132 pluris
950 1065 1117 1120 tiebat
1163 1068 1418 1136 voluptas
1469 1078 1523 1122 et
1563 1072 1854 1135 recreatin,
1894 1073 1959 1124 iis
2008 1073 2320 1141 pollueban-

2438 1092 2506 1127 τα
2516 1075 2854 1143 μιεύσαντες.

743 1163 834 1210 tur
915 1161 1113 1214 animae
1163 1167 1229 1215 et
1274 1175 1527 1230 corpora,
1583 1176 1652 1218 ex
1709 1164 1944 1230 modica,
1999 1165 2139 1235 proh
2185 1165 2384 1233 dolor,
2426 1167 2791 1225 delectatione
2869 1171 2976 1227 sibi
3046 1171 3371 1246 gravissima
3429 1170 3804 1228 recondentes
3898 1186 4008 1240 sup

741 1250 906 1320 plicia
931 1291 943 1305 .

810 1343 880 1398 Χ.
905 1343 1011 1399 Sed
1045 1346 1192 1398 enim
1225 1345 1610 1417 Maximianus,
1642 1352 1735 1420 qui
1782 1361 1894 1406 toto
1928 1351 2094 1407 animi
2121 1354 2329 1423 impetu

743 1434 1026 1490 ferebatur
1080 1439 1146 1490 ad
1202 1438 1563 1508 impietatem,
1618 1459 1724 1496 non
1779 1444 2017 1512 amplius
2070 1445 2326 1514 latenter,

738 1527 833 1580 sed
872 1538 1059 1598 aperte
1091 1530 1283 1585 volens
1312 1547 1369 1586 se
1399 1534 1562 1602 impie
1596 1550 1808 1604 gerere,
1845 1537 1947 1591 hos
1980 1538 2170 1593 habuit
2209 1556 2326 1594 ser-

736 1633 932 1674 mones
957 1622 1100 1688 apud
1129 1637 1244 1687 eos,
1281 1625 1373 1690 qui
1403 1635 1561 1679 erant
1596 1630 1934 1699 congregati,
1969 1631 2064 1698 qui
2094 1630 2319 1699 quidem

737 1712 1115 1780 gravissimam
1148 1715 1469 1770 redolebant
1518 1717 1852 1787 impietatem
1900 1741 1911 1776 :
1963 1721 2082 1788 Quo
2131 1723 2314 1788 abitis,

737 1802 947 1869 dicens,
985 1820 1019 1858 o
1062 1805 1335 1872 homines,
1362 1808 1471 1864 luci
1521 1811 1778 1867 tenebras
1831 1813 2210 1882 praeferentes.
2260 1827 2315 1872 et

2506 1354 2560 1409 1⁸·
2593 1357 2754 1410 Ἀλλὰ
2776 1358 2884 1428 γὰρ
2909 1359 2938 1410 ό
2968 1359 3134 1423 πολὺς
3165 1350 3319 1422 οὗτος
3341 1359 3437 1412 καὶ
3469 1356 3747 1427 πρόθυμος
3769 1358 3876 1426 τὴν
3909 1360 4037 1411 ἀσὲ⁹

2432 1446 2584 1500 ϐειαν
2621 1446 2956 1516 Μαξιμιανδς
2997 1448 3180 1500 οὐκέτι
3209 1447 3504 1517 λαθραίως,
3532 1445 3671 1500 ἀλλά
3709 1448 3811 1498 καὶ
3861 1465 4036 1514 φανεο

2431 1539 2542 1609 ρῶς
2583 1539 2799 1592 ἀσεϐεῖν
2838 1538 3184 1608 βουλόμενος,
3213 1538 3404 1607 λόγους
3440 1538 3648 1608 καθῆκε
3704 1538 3848 1608 πρὸς
3905 1541 4035 1600 τοὶς

2431 1632 2920 1700 συνειλεγμένους,
2967 1632 3211 1700 χαλεπῆς
3265 1634 3401 1702 ὅσης
3454 1633 3760 1698 ἀπόζοντας
3815 1632 4034 1695 ἀθεῖας,

2427 1721 2544 1782 Ποῖ,
2587 1721 2782 1786 λέγων,
2815 1721 3069 1789 φέρεσθε,
3103 1721 3407 1790 ἄνθρωποι,
3441 1722 3503 1774 τὸ
3565 1721 3758 1783 σκότος
3790 1720 3893 1773 τοῦ
3926 1739 4036 1787 φω-

2422 1812 2511 1875 τὸς
2539 1812 2916 1883 προτιμῶντες
2945 1814 3036 1866 καὶ
3067 1815 3140 1883 μὴ
3165 1814 3320 1875 θεοὺς
3353 1810 3494 1867 εἷναι
3555 1814 3902 1880 νομίζοντες,
3938 1807 4015 1865 ὧν

737 1913 846 1951 non
896 1898 1030 1954 deos
1081 1915 1203 1955 esse
1252 1912 1526 1970 putantes,
1563 1920 1592 1958 a
1635 1906 1838 1974 quibus
1885 1907 2157 1976 dependet
2211 1909 2313 1963 hoc

2425 1903 2540 1956 τόδε
2568 1905 2629 1957 τὸ
2669 1907 2779 1958 πᾶν
2807 1904 3102 1973 ἐξήρτηται
3130 1922 3146 1968 ς
3174 1905 3287 1974 Οὐχ
3328 1906 3492 1973 ὁρᾶτε
3538 1905 3694 1966 νίκας
3753 1908 3854 1957 rat
3912 1905 4036 1973 τρί’

738 1988 1094 2044 universum?
1134 1992 1251 2047 Non
1303 1994 1505 2048 videtis
1534 1997 1793 2051 victorias
1834 2010 1889 2053 et
1946 2009 2146 2068 tropa’a
2172 2000 2325 2072 .(4)?

737 2079 856 2134 Non
886 2082 1083 2136 videtis
1123 2083 1266 2139 bona
1318 2088 1555 2155 plurima
1587 2105 1708 2158 qua:
1757 2091 1918 2144 bonis
1963 2092 2318 2162 adjiciuntur,

737 2180 793 2224 et
844 2175 1306 2240 quemadmodum
1359 2194 1481 2247 qua
1513 2192 1663 2243 sunt,
1699 2191 1852 2237 recte
1886 2184 2108 2253 quidem
2136 2203 2193 2240 se
2226 2188 2323 2241 ha-

737 2262 889 2327 bent,
925 2275 981 2319 et
1007 2277 1133 2320 sunt
1180 2267 1236 2321 in
1267 2277 1406 2335 tuto,
1439 2272 1545 2325 alia
1581 2289 1713 2328 vero
1745 2277 2016 2331 accedunt
2050 2280 2319 2347 quotidie,

736 2363 796 2408 et
826 2371 1060 2423 quorum
1098 2375 1206 2412 non
1261 2376 1484 2416 eramus
1513 2365 1669 2432 prius
1707 2365 1943 2432 domini,
1975 2368 2028 2422 in
2064 2385 2130 2423 ea
2176 2386 2327 2425 nunc

737 2445 1086 2502 dominatum
1139 2451 1502 2507 obtinemus?
1551 2455 1669 2511 Non
1715 2458 1964 2526 gloriam,
2004 2477 2127 2530 qua:
2172 2477 2332 2532 auge-

737 2539 871 2592 tur?
897 2555 1005 2593 non
1038 2541 1351 2611 imperium,
1382 2547 1530 2615 quod
1574 2549 1875 2606 dilatatur?
1901 2553 2022 2607 Non
2049 2556 2326 2623 civitates,

735 2645 856 2698 qua:
930 2636 1128 2700 partim
1203 2638 1425 2704 quidem
1501 2653 1622 2694 sunt
1691 2645 2040 2708 tributarias.
2118 2650 2323 2719 partim

737 2732 920 2777 autem
966 2735 1094 2778 sunt
1126 2726 1363 2795 futura};
1407 2742 1456 2785 et
1511 2735 1711 2801 partim
1751 2738 1975 2805 quidem
2010 2739 2118 2809 jam
2153 2750 2325 2808 capta:

2427 2011 2600 2060 παια;
2626 1997 2726 2065 οὐχ
2765 1997 2926 2063 ὁρᾶτε
2961 1995 3165 2061 πλῆθος
3190 1995 3250 2059 ἀγ
3265 1993 3414 2046 αθῶν
3441 1993 3528 2046 ἐπ’
3544 1992 3775 2060 ἀγαθοῖς
3804 2009 4036 2059 προστι-

2429 2088 2676 2155 θέμενον,
2703 2089 2798 2141 καὶ
2825 2087 2974 2149 ὅτως
2993 2087 3062 2139 τά
3094 2087 3191 2155 μὲν
3218 2084 3349 2138 ὄντα
3374 2086 3554 2146 καλῶς
3582 2086 3695 2155 ἔχει
3715 2084 3812 2136 καί⁵
3849 2089 4032 2150 daqu—

2428 2181 2555 2244 λῶς,
2605 2180 2673 2232 τά
2711 2180 2768 2233 δὲ
2824 2179 3177 2249 προσγίνεται
3236 2177 3644 2246 καθ’ἑκάστην,
3680 2177 3779 2228 καὶ
3836 2170 3918 2228 ὧν
3972 2177 4030 2228 οὐ

2430 2272 2696 2339 πρότερον
2725 2266 2866 2339 ἦμεν
2890 2269 3092 2339 κύριοι,
3120 2268 3455 2338 δεσπόζομεν
3485 2267 3581 2322 νῦν
3606 2285 3621 2331 ;
3647 2269 3710 2320 οὐ
3741 2269 3848 2339 τὴν
3867 2267 4031 2330 δόξαν

2433 2361 2850 2431 αὐξανομένηνς
2903 2362 2964 2414 οὗ
3015 2361 3115 2430 τὴν
3173 2359 3452 2431 βασιλείαν
3505 2361 3884 2429 εὐρυνομένην
3917 2377 3934 2425 ς
3970 2361 4027 2411 οὗ

2434 2453 2643 2517 πόλεις,
2677 2454 2776 2516 τὰς
2803 2453 2887 2521 pb
2935 2455 3243 2522 ὑποφόρους
3273 2452 3461 2516 οὖσας,
3483 2451 3583 2514 τὰς
3604 2452 3660 2503 δὲ
3691 2451 4025 2520 μελλούσαςς

2432 2548 2525 2598 καὶ
2554 2547 2651 2608 τὰς
2679 2547 2778 2615 μὶν
2839 2546 3144 2604 ἑαλωκυίας
3170 2545 3298 2612 ἢδη,
3321 2544 3418 2605 τὰς
3445 2545 3502 2596 δὲ
3552 2545 3648 2596 καὶ
3681 2545 3813 2595 ὅσον
3871 2542 4028 2594 οὔπω

2431 2637 2851 2709 ληφθησομένας
2883 2653 2898 2702 ;
2934 2637 3035 2690 οὐκ
3065 2635 3235 2688 ὲθνῶν
3270 2635 3513 2705 βασιλεῖς
3562 2636 3622 2686 ὲν
3656 2634 4023 2702 ἀνδραπόδων

2433 2731 2598 2802 μοίρᾳ
2621 2731 3038 2800 λογιζομένουςς
3073 2729 3134 2783 οὗ
3170 2728 3352 2782 πάντα
3405 2729 3544 2780 κατά
3605 2726 3837 2795 γνώμην
3894 2729 4027 2795 ἡμῖν

735 2824 896 2878 sunt,
945 2815 1141 2883 partim
1195 2834 1324 2873 vero
1377 2831 1507 2874 sunt
1556 2824 1777 2894 jamjam
1819 2829 2140 2897 capiendas?
2192 2832 2315 2884 Non

2425 2826 2740 2894 ἀνυόμενα;
2787 2824 2963 2876 Τίνων
3019 2823 3126 2892 ἄρα
3176 2820 3407 2890 προνοίᾳ
3449 2823 3777 2888 παραλυῳεί
3825 2819 4020 2880 ταῦτα,

734 2907 978 2974 gentium
1033 2924 1208 2979 reges,
1270 2913 1366 2978 qui
1416 2924 1544 2968 sunt
1571 2918 1807 2985 reputati
1852 2935 1951 2988 pro
1984 2923 2318 2992 mancipiis’

2427 2919 2775 2972 πεισάτωσαν
2801 2917 2946 2987 ὑμᾶς
2974 2915 3135 2985 ὡρῶν
3184 2913 3497 2982 εὐκρασίαι,
3531 2913 3755 2981 ὄμϐρων
3811 2930 4022 2980 συμμε-

734 2995 852 3048 Non
887 2998 1105 3063 omnia,
1160 3015 1283 3068 quae
1334 3004 1595 3059 eveniunt
1643 3008 1812 3061 nobis
1872 3025 1939 3064 ex
1998 3013 2318 3066 sententia?

2425 3011 2597 3080 τρίαι,
2631 3009 2861 3080 καρπῶν
2881 3008 3155 3077 εὐφορίαι,
3186 3003 3388 3074 μᾶλλον
3414 3004 3472 3057 δὲ
3497 3006 3525 3057 ὁ
3554 3005 3782 3073 σύμπας
3821 3007 4016 3074 χρόνος

733 3087 1028 3156 Cujusnam
1063 3106 1194 3161 ergo
1225 3093 1339 3147 haec
1372 3097 1698 3165 contingunt
1730 3101 2116 3167 providentia?
2151 3103 2316 3158 Vobis

2425 3102 2796 3171 καρποφορῶν
2827 3102 2918 3153 καὶ
2945 3103 3123 3153 πάντα
3152 3097 3289 3166 πρὸς
3316 3096 3573 3166 εὐθηνίαν
3608 3097 3910 3168 βλέποντα.

734 3183 1103 3250 ret-suadeant
1153 3192 1462 3255 temporum
1524 3193 1968 3258 temperationes.
2025 3195 2322 3249 moderatae
2359 3195 2577 3264 pluviae,
2622 3194 2904 3248 fructuum
2955 3191 3287 3254 fertilitates;
3319 3189 3431 3243 imo
3497 3203 3630 3243 vero
3689 3191 4015 3246 universum

735 3286 950 3344 tempus
977 3275 1187 3331 fructus
1222 3279 1552 3345 producens,
1602 3291 1658 3336 et
1685 3287 1991 3350 spectantia
2030 3287 2211 3341 omnia
2247 3288 2315 3342 ad
2355 3288 2770 3342 abundantiam.
3433 3339 3439 3344 .

801 3368 894 3424 XI.
917 3368 1051 3423 Cum
1089 3369 1178 3423 llle
1197 3370 1417 3438 copiosa
1443 3371 1629 3441 lingua
1664 3373 1746 3428 sic
1777 3375 2124 3445 loqueretur,
2147 3387 2203 3432 et
2224 3379 2317 3446 iis,

2498 3381 2601 3435 lA'.
2639 3380 2827 3444 Οὕτως
2856 3380 3064 3433 ἐκείνου
3093 3380 3315 3456 γλώσσῃ
3342 3385 3571 3453 περιττῇ
3605 3381 4015 3450 φθεγγομένου,

733 3457 828 3526 qui
878 3471 986 3511 non
1030 3467 1180 3519 sunt,
1241 3473 1303 3511 ea
1358 3475 1479 3527 quae
1518 3471 1668 3527 sunt,
1717 3463 1854 3517 falso
1892 3467 2214 3532 ascriberet,
2264 3475 2320 3521 et

2426 3477 2651 3536 καὶτοῖς
2692 3475 2768 3544 μὴ
2797 3470 2914 3526 οὖσι
2949 3475 3016 3527 τὰ
3043 3473 3172 3526 ὄντα
3194 3474 3406 3540 ψευδῶς
3443 3477 3872 3544 επιγράφοντος,
3937 3475 4014 3526 ἔτι

733 3549 839 3605 alia
881 3551 1060 3604 albuc
1098 3550 1267 3605 vellet
1300 3560 1616 3617 contexere,
1659 3570 1768 3608 non
1807 3558 2058 3624 permisit
2095 3575 2160 3613 ex
2207 3561 2318 3616 alto

2425 3584 2483 3620 τε
2519 3569 2611 3621 καὶ
2633 3568 2768 3621 ἀλλα
2802 3567 3072 3636 συνείρειν
3105 3567 3402 3631 ἐθέλοντος,
3441 3567 3542 3620 οὐκ
3567 3567 3776 3636 ἀνῆκεν
3808 3569 4014 3621 ἀνωθεν

736 3642 782 3697 is
804 3641 962 3711 cujus
1004 3648 1132 3694 sunt
1159 3640 1366 3709 judicia
1414 3656 1541 3694 vera
1599 3643 1915 3711 iustificata,
1968 3647 2317 3701 mendacium

2425 3652 2483 3712 οὗ
2509 3659 2578 3712 τά
2609 3660 2850 3727 κρίματα
2880 3659 3110 3728 ἀληθινά
3142 3659 3537 3730 δεδικαιωμένα
3563 3661 3626 3712 τὸ
3656 3660 3859 3728 ψεῦδος
3892 3662 4012 3712 ἑπι-

732 3733 969 3800 amplius
1003 3732 1229 3802 gloriari
1264 3733 1534 3787 adversus
1572 3734 1886 3801 veritatem,
1915 3751 1985 3790 ne
2027 3738 2148 3792 aliis
2178 3755 2316 3808 quo-

733 3841 860 3891 que,
897 3825 991 3893 qui
1038 3832 1197 3877 erant
1241 3825 1306 3876 ad
1335 3825 1760 3891 pcrvertendum
1791 3826 2000 3891 faciles,
2036 3843 2199 3882 causa
2226 3844 2317 3884 es-

735 3926 816 3971 snt
866 3916 1139 3970 interitus.
1178 3915 1283 3969 Sed
1339 3917 1560 3970 interim
1625 3918 1755 3970 dum
1805 3919 2142 3987 loqueretur,
2194 3935 2317 3975 cum

733 4018 878 4064 esset
906 4009 1024 4062 dies
1054 4024 1304 4072 serenus,
1341 4019 1398 4063 et
1434 4010 1513 4062 sol
1565 4011 1842 4079 regionem
1877 4022 2061 4065 ureret
2091 4013 2317 4066 meridi-

735 4118 916 4165 anam,
949 4112 1173 4172 repente
1208 4102 1387 4172 erupit
1425 4117 1594 4156 sonus
1653 4103 1954 4157 multorum
1988 4104 2316 4179 tonitruum,

733 4205 788 4251 et
823 4194 993 4250 elisus
1026 4193 1132 4248 fuit
1161 4195 1303 4263 ignis
1348 4209 1414 4249 ex
1445 4193 1706 4254 nubibus.
1741 4202 1797 4248 et
1827 4195 2109 4263 profunda:
2156 4197 2318 4251 simul

735 4287 1000 4351 tenebrae,
1033 4299 1087 4342 et
1119 4288 1288 4342 densa
1345 4276 1555 4356 grando
1589 4302 1713 4341 cum
1765 4289 1943 4340 ventis
1974 4288 2319 4344 Vehementi-

735 4382 931 4446 bus,et
961 4381 1162 4435 malum
1189 4381 1290 4435 hoc
1310 4381 1669 4445 horrendum,
1700 4394 1890 4433 vocem
1924 4381 2318 4448 propemodum

735 4474 1045 4541 emittebat,
1089 4489 1209 4528 esse
1243 4489 1462 4542 gravem
1510 4472 1612 4526 Dei
1665 4471 1926 4525 commoti
1980 4472 2139 4526 iram.
2182 4473 2317 4526 Nam

735 4568 827 4622 alii
880 4567 1103 4636 quidem
1135 4566 1251 4620 solo
1283 4565 1486 4619 tonitru
1520 4559 1751 4618 auribus
1779 4573 1837 4618 et
1875 4564 2060 4616 animo
2104 4564 2322 4632 percul-

736 4657 808 4719 si.
841 4655 915 4709 ibi
958 4656 1012 4709 in
1050 4665 1248 4710 terram
1295 4655 1570 4710 cadebant
1613 4655 1998 4719 semimortui;
2052 4655 2146 4709 alii
2189 4670 2320 4710 vero

737 4747 794 4801 in
823 4745 1004 4814 fugam
1036 4746 1257 4814 quidem
1287 4761 1344 4800 se
1387 4748 1766 4815 coniecerunt,
1818 4759 1876 4798 se
1913 4756 2095 4798 autem
2146 4747 2318 4800 multo

736 4837 961 4906 gravius
1007 4835 1346 4897 affecerunt.
1391 4843 1448 4888 ut
1493 4835 1587 4904 qui
1643 4834 1846 4888 fuerint
1877 4849 1906 4887 a
1962 4849 2020 4889 se
2081 4835 2313 4890 invicem

736 4927 1135 4989 conculcati,et
1175 4928 1256 4982 sic
1303 4927 1428 4981 vita:
1479 4926 1782 4980 violentum
1837 4927 2154 4982 invenerint
2201 4927 2319 4981 exi-

737 5031 875 5074 tum.
924 5018 1044 5089 Ipse
1088 5035 1308 5088 quoque
1340 5019 1542 5087 impius
1578 5019 1878 5088 imperator
1918 5019 2313 5089 propemodum

737 5112 926 5183 periit,
961 5112 1240 5181 periturus
1265 5111 1516 5175 fortasse,
1546 5113 1652 5166 nisi
1708 5111 1854 5166 Deus
1901 5104 2204 5180 iudicasset
2260 5111 2313 5165 id

2424 3752 2587 3805 πλέον
2615 3752 2715 3819 τῆς
2742 3751 2996 3819 ἀληθείας
3025 3752 3576 3820 κατακαυχήσασθαι,
3641 3753 3731 3805 ἴνα
3788 3754 3866 3823 μὴ
3923 3755 4014 3806 καὶ

2423 3844 2603 3907 ἄλλοις
2627 3844 2759 3913 πρὸς
2787 3843 3114 3913 διαστροφὴν
3146 3844 3390 3904 εὖκόλοις
3431 3844 3714 3908 ἀπωλείας
3751 3846 4014 3914 πρόξενον

2421 3938 2707 4005 καταστῇ·
2731 3935 2867 3989 ἀλλὰ
2915 3935 3116 4003 μεταξὺ
3147 3935 3417 4002 λέγοντος,
3452 3935 3674 4006 αἰθρίας
3719 3937 3892 4004 οὔσης
3928 3939 4013 3990 καὶ

2423 4028 2575 4098 ἡλίου
2609 4029 2670 4079 τὸ
2694 4027 3064 4097 μεσημϐρινὸν
3100 4026 3388 4094 φλέγοντος
3413 4028 3565 4094 ἄφνω
3586 4029 3794 4088 κτύπος
3830 4046 3890 4080 τε
3919 4047 4010 4081 πο-

2422 4119 2518 4181 λὺς
2552 4119 2868 4189 κατερράγη
2899 4118 3159 4187 βροντῶν,
3193 4118 3288 4170 καὶ
3318 4117 3428 4186 πῦρ
3451 4119 3514 4169 ὲκ
3545 4119 3787 4186 νεφελῶν
3811 4120 4013 4189 έξετρί-

2422 4211 2513 4280 ϐη,
2543 4210 2638 4264 καὶ
2674 4210 2865 4268 σκότος
2899 4209 3018 4279 ἅμα
3044 4208 3208 4276 βαθὺ,
3241 4207 3336 4260 καὶ
3363 4208 3572 4277 χάλαζά
3600 4210 3739 4278 μετὰ
3763 4211 4012 4279 πνευμά-

2421 4320 2531 4356 των
2584 4301 2773 4370 συχνὴ,
2828 4299 2923 4352 καὶ
2976 4301 3037 4352 τὸ
3070 4299 3243 4352 δεινὸν
3278 4300 3479 4370 μικροῦ
3521 4304 3615 4353 καὶ
3647 4302 3835 4368 φωνην
3863 4305 4009 4370 ἠφίει

2420 4394 2666 4466 χαλεπὴν
2693 4389 2834 4444 εἶναι
2868 4391 3003 4445 Θεοῦ
3045 4391 3358 4462 κινηθέντος
3388 4393 3582 4463 ὀργήν.
3632 4395 3697 4446 Ui
3749 4396 3852 4463 μὲν
3907 4397 4009 4464 γὰρ

2422 4485 2518 4536 καὶ
2557 4484 2693 4557 μόνῃ
2717 4487 2780 4552 τῇ
2807 4483 3003 4553 βροντῇ
3045 4487 3142 4535 καὶ
3190 4482 3363 4552 ἀκοὴν
3397 4484 3492 4535 καὶ
3535 4483 3718 4553 ψυχὴν
3770 4485 4006 4554 πληγέν-

2421 4592 2513 4637 τες
2552 4574 2718 4627 αὕτοῦ
2747 4590 2849 4626 που
2871 4575 3021 4642 παρά
3045 4572 3143 4644 τὴν
3170 4574 3274 4643 γῆν
3301 4574 3599 4645 ἡμιθνῆτες
3634 4576 4006 4631 κατέπιπτονο

2425 4667 2472 4718 oi
2504 4667 2557 4719 δὲ
2588 4666 2855 4736 ὥρμησαν
2887 4665 2985 4733 μὲν
3013 4667 3092 4727 είς
3129 4666 3331 4735 φυγὴν,
3370 4664 3553 4735 πολλῷ
3585 4667 3642 4718 δὲ
3697 4670 4009 4735 χαλεπώτε-

2427 4775 2519 4827 ρον
2572 4757 2799 4820 ἑαυτοὺς
2844 4757 3098 4826 διέθηκαν
3142 4757 3233 4810 ὑπ’
3259 4757 3501 4827 ἀλλήλων
3529 4761 4002 4829 συμπατηθέντες,

2427 4850 2523 4902 καὶ
2555 4848 2737 4918 βιαίαν
2777 4847 2951 4910 οὕτως
2997 4848 3248 4914 εὑρόντες
3286 4848 3382 4902 τοῦ
3428 4849 3544 4918 βίου
3599 4854 4006 4922 καταστροφήν.

2425 4941 2538 4994 Καὶ
2577 4940 2738 5001 αὐτὸς
2767 4938 2814 4990 δ’
2842 4938 2908 4991 ἂν
2933 4940 2960 4991 ό
2982 4939 3248 5009 δυσσεϐὴς
3279 4939 3538 5008 βασιλεὺς
3587 4943 3788 5010 μικροῦ
3842 4961 4011 5014 παραυ

2424 5030 2654 5094 πώλετο,
2684 5030 2731 5081 εί
2755 5029 2828 5098 μὴ
2848 5029 3083 5081 ἐλάττων
3105 5029 3236 5090 ἴσως
3263 5029 3297 5097 ἡ
3321 5030 3565 5098 τιμωρία
3604 5031 3755 5094 παρά
3786 5032 3911 5102 Θεῷ
3931 5035 4010 5085 δε-

2424 5119 2737 5188 ὼκίμαστο,
2778 5112 2845 5190 ἧς
2878 5116 3025 5181 ἄξιος
3053 5112 3123 5188 ἦν
3155 5118 3360 5181 ἐκεῖνος
3397 5119 3612 5173 παθεῖν.
3640 5121 3716 5173 Οὐ
3751 5125 3920 5192 μέχρι
3957 5124 4006 5177 δὲ

738 5205 923 5258 minus
975 5219 1097 5259 esse
1148 5205 1512 5274 supplicium,
1563 5220 1726 5274 quam
1766 5205 1916 5273 quod
1963 5204 2054 5258 ille
2116 5203 2314 5274 dignus

2425 5211 2526 5264 τῶν
2557 5210 2863 5282 είρημένων
2889 5211 2958 5263 τὰ
2995 5209 3104 5262 τῶν
3132 5209 3312 5277 φόϐων
3350 5210 3564 5280 ἵστησιν
3592 5212 3620 5263 ό
3667 5213 3826 5278 Θεὸς,
3881 5216 4006 5267 ἀλλὰ

738 5305 859 5352 erat
890 5298 1024 5367 pati.
1053 5298 1171 5352 Non
1209 5313 1384 5356 usque
1412 5309 1590 5352 autem
1632 5297 1698 5352 ad
1733 5312 1794 5351 ea
1829 5311 1948 5366 qua»
1982 5297 2124 5351 dicta
2163 5305 2312 5363 sunt,

739 5390 880 5444 stitit
943 5390 1091 5443 Deus
1140 5399 1403 5454 terrores,
1458 5391 1551 5444 sed
1583 5389 1731 5451 ﬂuvii
1788 5404 2008 5458 quoque
2042 5404 2310 5458 aquarum

740 5481 946 5552 impetu
979 5481 1332 5544 inundantes,
1363 5491 1417 5537 et
1439 5492 1653 5552 segetes
1684 5481 1931 5536 funditus
1977 5481 2275 5536 evellentes
2295 5524 2309 5547 ,

739 5574 1100 5645 agricolarum
1134 5574 1354 5629 labores
1392 5575 1447 5628 in
1491 5589 1641 5629 mare
1695 5574 2060 5644 deportarunt
2093 5588 2112 5626 :
2148 5572 2314 5642 idque

741 5682 864 5722 cum
897 5677 1048 5723 esset
1086 5679 1266 5735 aestas,
1291 5676 1347 5722 et
1375 5677 1688 5737 speraretur
1721 5667 1859 5733 fore,
1892 5676 1953 5721 ut
1985 5667 2147 5735 longo
2181 5674 2318 5720 tem.

2421 5299 2515 5352 καὶ
2548 5315 2684 5352 ποτα
2695 5301 2785 5368 μοι
2814 5298 2880 5368 τῇ
2908 5296 3018 5349 τῶν
3049 5296 3258 5350 ὑδάτων
3285 5298 3427 5368 φορᾷ
3457 5298 3900 5369 πλημμύραντες
3923 5306 4006 5354 καὶ

2420 5389 2591 5458 ἄρδην
2622 5389 2689 5442 τά
2735 5389 2865 5458 λήῖα
2917 5388 3356 5460 παρασύραντες,
3411 5391 3538 5452 τοὺς
3577 5393 3684 5443 τῶν
3743 5396 4004 5463 γεωργῶν

2420 5483 2616 5544 πόνους
2648 5480 2893 5551 θαλάσσῃ
2921 5481 3248 5552 παρέδοσαν,
3294 5483 3387 5534 καὶ
3426 5483 3601 5536 ταῦτα
3637 5484 3833 5551 θέρους
3864 5488 4004 5548 ὄντος

2421 5574 2514 5626 καὶ
2545 5572 2749 5640 πολλῆς
2780 5571 2980 5640 μᾶλλον
3012 5571 3372 5641 ἐλπιζομένης
3396 5575 3495 5642 τῆς
3521 5575 3854 5645 ἀνομϐρίας,
3899 5579 4006 5631 Ἀλ-

2422 5665 2488 5717 λά
2517 5664 2612 5736 τῆς
2670 5663 3015 5734 Μαξιμιείνοῦ
3047 5661 3371 5716 καθικέσθαι
3418 5663 3598 5734 ψυχῆς
3665 5666 3762 5719 καὶ
3827 5672 4000 5735 πείσαι

813 5811 888 5878 (ι)
922 5811 1128 5868 Alludit
1155 5811 1221 5867 ad
1258 5811 1536 5867 victoriam
1573 5767 1638 5866 de
1680 5811 1859 5868 Persis
1921 5820 1975 5866 ct
2005 5809 2222 5865 Parthis
2285 5809 2590 5877 obtentam,
2637 5824 2742 5878 qua
2790 5808 2929 5863 ultra
2993 5805 3404 5877 Ctesiphontem
3499 5810 3793 5879 imperium
3883 5824 3999 5879 pro.

741 5882 963 5955 pagsvit
988 5921 1002 5937 .
