4214 6444
285 371 308 436 1
321 375 427 440 053

1421 392 1599 452 VITA
1640 395 1743 458 SS.
1788 397 2000 458 IND/E
2042 401 2142 461 ET
2187 401 2496 463 DOMNJE.

3429 413 3567 479 1054

278 492 384 558 ’.ἧς
416 490 673 554 ἀσεϐείας
699 492 954 561 ἀνεγκεῖν
984 494 1187 565 κοῦφον
1215 498 1408 566 κομιδῆ
1425 499 1494 571 ⁸τὸ
1526 507 1746 570 γεγονὸς
1777 507 1858 558 ποιαἸ

1983 525 2114 578 pore
2143 527 2249 565 non
2305 513 2537 582 plueret.
2591 516 2713 569 Fuit
2762 529 2968 582 tamen,
3008 521 3150 588 quod
3211 522 3415 578 factum
3460 539 3563 580 est.

282 583 506 651 μικρόν.
531 585 655 638 Ὀτι
686 585 796 656 γὰρ
818 586 980 647 αὐτὸς
1006 589 1212 649 ἐκεῖνος
1242 589 1582 659 Μαξιμιανὸς
1607 591 1671 662 ἦν
1702 598 1869 665 μηδὲν

279 672 818 748 διατεθεῖς,ᾶμεινον
861 678 1025 744 δείξει
1054 682 1124 734 τὰ
1163 683 1314 752 παρὰ
1370 685 1558 749 πόδας.
1617 690 1868 758 Ζητήσας

276 771 390 839 γὰρ
412 771 550 840 μετὰ
579 774 752 825 ταῦτα
782 774 843 826 τὸ
864 776 1239 844 γραμματεῖον
1279 771 1324 843 ᾧ
1351 778 1421 831 τὰ
1461 781 1702 850 ὀνόματα
1753 783 1863 836 τῶν

275 864 394 925 τοῖς
430 863 666 933 πρώτοις
711 864 820 920 τῶν
851 867 1220 938 ψευδωνύμων
1269 869 1476 924 δώδεκα
1522 873 1660 926 θεῶν
1718 874 1866 945 ὕπτια

280 957 631 1026 ρετουμένων
678 959 972 1029 ὲγκείμενα
1018 956 1121 1033 ἦν,
1188 964 1310 1015 ἐπεὶ
1381 965 1475 1017 καὶ
1528 965 1602 1038 μὴ
1682 971 1862 1037 Δόμνα

278 1048 381 1101 καὶ
415 1049 595 1117 Ἰνδης
650 1053 748 1104 σὺν
780 1054 891 1114 τοῖς
917 1054 1097 1117 ἄλλοις
1137 1054 1442 1124 εὑρίσκετο,
1501 1060 1592 1112 καὶ
1653 1062 1860 1129 σφόδρα

278 1141 587 1205 σπουδαίως
614 1143 762 1206 ὅπως
791 1140 901 1215 εἶχε
929 1146 993 1201 τὰ
1023 1147 1141 1200 κατ’
1168 1149 1366 1215 αὐτοὺς
1397 1151 1749 1210 ἐπυνθάνετο.

353 1320 450 1374 1Β’.
470 1323 558 1387 Ὧς
581 1323 635 1376 δέ
663 1326 827 1394 ήκουε
861 1330 1010 1398 παρὰ
1032 1330 1126 1382 τοῦ
1158 1335 1543 1406 ἀρχιευνούχου
1576 1338 1655 1391 ὅτι
1679 1340 1858 1409 Δόμνα

278 1413 386 1480 μὲν
440 1416 548 1467 τῶν
600 1419 814 1484 φρενῶν
866 1422 1114 1485 ἐκπέσοι,
1158 1423 1274 1477 ἔστι
1334 1425 1390 1479 δέ
1446 1427 1540 1480 νῦν
1565 1431 1715 1499 παρὰ
1746 1435 1857 1494 τοῖς

275 1508 450 1558 ταῦτα
480 1508 803 1576 θεραπεύειν
840 1515 1245 1584 ἐπισταμένοις,
1275 1518 1490 1573 advenit:
1523 1522 1578 1574 δέ
1625 1525 1716 1576 καὶ
1745 1526 1855 1578 Ἴν-

275 1597 378 1666 δης
410 1598 548 1671 αὐτῇ
579 1601 828 1670 φυλακῆς
859 1606 1018 1676 χάριν
1045 1613 1138 1660 καὶ
1163 1609 1486 1679 ὑπουργίας,
1518 1615 1722 1676 ἐκεῖνος
1755 1618 1854 1686 ’ήδη

271 1691 355 1760 τῷ
390 1691 547 1763 θυμῷ
573 1694 922 1766 φλεγμαίνων
949 1701 1042 1753 καὶ
1073 1702 1218 1770 μέγα
1264 1705 1610 1774 ἀνακραγὼν,
1656 1702 1726 1760 Ὦ
1758 1711 1856 1761 κά·-

274 1801 430 1836 κιστε
463 1787 785 1857 ἀνθρώπων,
824 1790 949 1861 ἔφη,
971 1795 1182 1862 Δόμναν
1218 1799 1315 1866 μὲν
1349 1799 1695 1868 δαιμονῶσαν
1723 1804 1852 1866 ἴσως

1978 603 2278 657 admodum
2329 605 2448 659 leve
2511 616 2566 660 et
2627 623 2856 676 parvum
2909 610 2976 664 ad
3016 613 3417 680 penetrandum
3456 616 3566 669 bla-

1977 697 2206 750 ximiani
2257 698 2536 764 animum,
2587 711 2640 754 et
2683 703 3128 769 persuadendum
3176 717 3236 758 ut
3267 709 3561 776 resipisce-

1959 797 2060 842 τοι
2118 791 2186 844 ab
2242 791 2545 860 impietate.
2618 794 2751 846 Nam
2816 808 2941 848 cum
3003 807 3190 864 postea
3257 799 3564 866 quasi‘sset

1975 882 2291 937 schedulam
2315 926 2329 949 ,
2365 885 2418 937 in
2461 901 2564 954 qna
2620 897 2780 940 erant
2815 888 3039 941 nomina
3084 904 3277 944 eorum
3304 891 3398 960 qui
3429 892 3564 947 falso

1975 971 2235 1027 dicuntur
2271 974 2370 1038 dii,
2402 976 2811 1040 ministrabant,
2846 980 3108 1048 quoniam
3141 978 3343 1033 Domna
3387 989 3442 1034 et
3477 981 3564 1034 ln-

1973 1064 2070 1119 des
2105 1083 2213 1119 non
2268 1068 2696 1121 inveniebantur
2751 1086 2873 1124 eum
2919 1072 3072 1134 aliis,
3107 1071 3294 1125 dolore
3327 1073 3565 1127 simulet

1969 1155 2048 1209 ira
2083 1157 2431 1223 impii-batur,
2463 1170 2517 1213 et
2570 1161 2862 1230 diligenter
2909 1162 3371 1231 percontabatur,
3409 1179 3560 1233 quo-

1971 1248 2134 1300 modo
2167 1264 2252 1300 res
2310 1265 2502 1304 eorum
2542 1267 2597 1304 se
2640 1253 2928 1306 haberent.
3348 1314 3353 1319 η

2041 1340 2157 1395 XII.
2200 1343 2495 1408 Postquam
2523 1355 2705 1397 autem
2758 1345 2970 1398 audivit
3014 1347 3079 1399 ab
3122 1346 3560 1409 areliieunucho,

1968 1437 2190 1489 Dominae
2238 1436 2461 1504 quidem
2516 1447 2754 1490 etnotam
2815 1453 2935 1491 esse
2968 1448 3234 1500 utentem.
3269 1456 3390 1492 eam
3432 1436 3564 1491 vero

1969 1542 2117 1580 nunc
2148 1542 2268 1580 esse
2293 1529 2436 1596 apud
2477 1544 2590 1592 eos,
2629 1529 2722 1597 qui
2759 1545 2822 1582 ea
2858 1532 3043 1585 sciunt
3075 1547 3306 1594 curare;
3340 1547 3465 1584 eum
3497 1548 3561 1587 ea

1968 1629 2151 1672 autem
2199 1635 2320 1673 esse
2356 1619 2562 1680 ludent,
2598 1633 2656 1674 ut
2706 1638 2826 1674 eam
2869 1625 3162 1688 custodiat,
3200 1635 3254 1678 et
3286 1625 3334 1677 ei
3379 1626 3558 1678 inser-

1967 1714 2078 1766 viat
2113 1753 2126 1774 ,
2167 1714 2257 1766 ille
2300 1714 2412 1782 jam
2464 1715 2543 1766 ira
2576 1724 2850 1775 aestuans,
2897 1723 2953 1767 et
3005 1715 3162 1768 valde
3206 1717 3515 1770 vociferans
3550 1736 3561 1769 :

1963 1806 2006 1860 Ο
2037 1806 2270 1874 pessime
2304 1805 2593 1863 hominttn.
2631 1807 2828 1873 inquit,
2864 1808 3130 1860 Domnam
3161 1809 3408 1876 quidem,
3438 1826 3559 1877 qua:

271 1875 376 1928 οὐκ
395 1876 500 1928 ἀπὸ
532 1879 733 1948 τρόπου
767 1882 864 1949 τῆς
894 1884 1002 1935 τῶν
1047 1883 1185 1938 θεῶν
1243 1888 1559 1958 ἀπέστησας
1619 1890 1858 1960 λειτουρ-

1972 1903 2276 1955 vexabatur
2323 1917 2352 1954 a
2384 1901 2655 1972 dzemone,
2692 1901 2924 1953 fortasse
2958 1917 3064 1953 non
3104 1902 3379 1955 immerito
3411 1917 3560 1954 amo-

273 1970 441 2036 γῐαςο
464 1971 591 2023 τίδὲ
625 1973 812 2026 παθὼν
837 1977 929 2027 καὶ
970 1979 1148 2047 Ἰνδης
1193 1981 1539 2052 θεραπευτὴν
1591 1983 1718 2036 ὄντα
1755 1985 1860 2035 τῶν

275 2061 533 2128 μεγάλων
557 2062 695 2115 θεῶν
725 2069 859 2136 αὐτῇ
897 2071 1314 2140 συναπέστησας
1363 2074 1455 2125 καὶ
1488 2076 1549 2125 τό
1581 2093 1643 2141 γε
1671 2077 1750 2136 είς
1804 2077 1860 2127 σὲ

269 2147 412 2222 ἧκον
446 2156 688 2225 ἐρήμους
712 2158 1017 2226 ὑπηρεσίας
1046 2163 1255 2230 ἀνῆκας
1300 2166 1497 2227 αὐτούς
1525 2185 1539 2232 ;
1612 2167 1750 2234 Ἐγὼ
1807 2169 1861 2219 δὲ

271 2245 392 2298 ἀλλ’
417 2247 614 2310 αὐτοὺς
650 2249 859 2319 ὄμνυμι
891 2254 1018 2315 τοὺς
1043 2254 1196 2318 θεοὺς
1219 2255 1293 2320 ὡς
1319 2260 1581 2328 οὐμενοῦν
1613 2262 1673 2313 οὐ
1725 2280 1863 2330 παρ-

271 2339 557 2392 ελεύσεται
590 2342 620 2410 ἡ
647 2342 771 2406 ἀξία
817 2345 907 2397 τοῦ
938 2347 1286 2417 τολμήματος
1315 2351 1462 2420 δίκη,
1492 2349 1612 2405 εἷπε
1646 2356 1740 2406 καὶ
1764 2355 1862 2406 οὐκ

269 2433 490 2500 ἠμέλει,
530 2435 664 2487 ἀλλὰ
694 2437 754 2488 τὸ
778 2437 1156 2508 λειτούργημα
1183 2444 1292 2495 τῶν
1325 2447 1591 2517 καμήλων
1622 2448 1680 2501 αἳ
1713 2452 1768 2502 ἐν
1794 2454 1858 2519 τῇ

270 2525 432 2596 χώρα
453 2529 955 2584 Κλαυδιουπολιτῶν
987 2535 1284 2605 ἐτύγχανον
1311 2536 1486 2603 οὖσαι,
1519 2543 1861 2612 ἐγχειρισθῆ-

271 2618 362 2669 ναί
408 2618 458 2669 οἱ
509 2621 801 2673 ἐπέταττεν
861 2623 1024 2690 ὄγκου
1079 2627 1242 2679 αὑτὸν
1293 2630 1615 2698 ἀρχοντικοῦ
1682 2649 1859 2684 κατα-

270 2711 463 2777 γαγὼν
495 2714 587 2765 καὶ
612 2715 746 2783 πρὸς
769 2717 1002 2784 ἐσχάτην
1024 2718 1239 2782 ἀδοξίαν
1275 2723 1561 2789 περιιστάς
1584 2739 1597 2753 ·
1625 2720 1745 2777 εἶτα
1769 2727 1862 2778 καὶ

275 2803 462 2874 Ἰνδην
497 2803 749 2857 ἐκέλευσε
785 2809 1134 2876 παραστῆναι
1164 2811 1258 2861 καὶ
1297 2813 1363 2863 τὰ
1392 2811 1530 2879 πρὸς
1565 2811 1720 2874 θεοὺς
1748 2818 1862 2872 είω,

270 2896 407 2948 θότα
447 2899 538 2948 καὶ
565 2893 718 2960 αὖθις
741 2900 941 2952 ποιεῖν.
1025 2899 1081 2951 Ὀ
1114 2900 1168 2952 δὲ
1197 2901 1487 2968 παρελθὼν
1537 2903 1603 2954 τὰ
1654 2904 1859 2973 συνήθη

270 2992 412 3060 πρὸς
473 2991 734 3059 ἀλήθειαν
791 2993 962 3044 ποιῶν
1021 2988 1110 3060 ἦν,
1168 2995 1259 3045 καὶ
1289 2994 1430 3056 Θεοῖς
1468 2996 1564 3063 μὲν
1589 2998 1677 3047 καὶ
1712 2999 1860 3058 θεαῖς

269 3087 500 3148 καὶτοῖς
532 3086 737 3137 τούτων
771 3088 1072 3155 ἱερουργοῖς
1103 3087 1273 3138 πολλὰ
1297 3089 1505 3156 χαίρειν
1533 3089 1563 3156 ἢ
1601 3092 1860 3155 οἰμώζειν

272 3177 476 3244 μᾶλλον
502 3175 674 3248 εἰπὼν.
698 3177 859 3238 αὐτὸς
915 3180 1237 3247 προσανεῖχε
1277 3178 1424 3248 μόνῳ
1453 3177 1570 3248 Θεῷ
1627 3196 1830 3247 προσευ
1861 3224 1926 3255 ,η

269 3271 397 3337 χαῖς
420 3285 475 3320 τε
517 3268 608 3321 καὶ
656 3269 931 3338 νηστείαις
963 3270 1442 3340 ἐνασχολούμενος,
1467 3271 1560 3322 καὶ
1594 3271 1854 3341 μὴμόνον

267 3360 424 3413 οὐδὲν
451 3359 586 3428 πρὸς
617 3359 714 3428 τὴν
747 3361 968 3412 ἐκείνων
998 3361 1254 3412 ἀσέϐειαν
1279 3362 1565 3429 καθυφεὶς,
1599 3363 1732 3415 ἀλλὰ
1765 3367 1855 3418 καὶ

269 3451 500 3513 πολλοὺς
531 3451 638 3503 τῶν
654 3452 1023 3521 ἠπατημένων
1056 3454 1133 3512 είς
1161 3453 1260 3521 τὴν
1298 3454 1394 3522 τῆς
1431 3455 1687 3523 ἀληθείας
1733 3457 1854 3507 ἐπί-

268 3561 474 3610 γνωσιν
551 3544 971 3612 ἐκκαλούμενος.
1036 3545 1355 3612 Ἐπαγωγὸν
1388 3547 1495 3617 γὰρ
1565 3549 1645 3611 είς
1683 3547 1853 3600 πειθὼ

269 3639 428 3703 λόγος
450 3678 463 3701 ,
492 3639 691 3690 ὁπόταν
721 3637 818 3709 ἔχῃ
850 3637 944 3689 καὶ
978 3637 1090 3705 βίον
1129 3637 1276 3706 αὑτῴ
1336 3640 1842 3708 συμφθεγγόμενονσ

268 3733 462 3799 ὥσπερ
485 3732 578 3786 οὖν
597 3728 709 3800 εἶχε
753 3734 846 3783 καὶ
875 3731 1075 3800 Ἰνδης,
1104 3734 1196 3783 καὶ
1223 3731 1312 3783 διὰ
1333 3734 1489 3785 τοῦτο
1519 3733 1747 3796 πολλοίιτ
1776 3733 1852 3802 τῷ

266 3829 392 3898 Θεῷ
423 3826 686 3895 προσῆγε,
717 3825 812 3876 καὶ
838 3823 970 3885 ἅλας
1009 3825 1244 3892 ἀτεχνῶς
1269 3825 1410 3878 θεῖον
1448 3822 1516 3895 ἦν
1565 3827 1758 3879 ἐαυτόν
1790 3844 1848 3879 ἰε

271 3920 599 3991 συγκρατῶν
628 3919 720 3970 καὶ
758 3916 884 3980 τοὺς
923 3916 1119 3978 ἄλλους
1174 3918 1488 3988 διακρατεῖν
1532 3919 1846 3987 δυνάμενος.

281 4014 443 4066 Ἀλλὰ
468 4013 534 4064 τὰ
561 4012 658 4080 μὲν
689 4011 896 4063 ἐκείνου
927 4009 1146 4062 τοιαῦτα
1178 4026 1195 4042 ·
1248 4010 1581 4080 Μαξιμιανῷ
1647 4012 1702 4064 δὲ
1749 4013 1847 4064 οὐκ

268 4104 339 4178 ἦν
365 4103 590 4158 ἀνεκτὸν
621 4102 912 4173 βαρϐάρων
948 4107 1045 4171 μὲν
1072 4103 1287 4155 πάντων
1321 4103 1707 4171 περιγενέσόαι
1762 4105 1849 4157 δοο

270 4200 388 4249 κεῖν
415 4195 508 4248 καὶ
532 4194 802 4264 βλέμματι
849 4194 996 4262 μόνῳ
1032 4193 1298 4262 μυριάδας
1328 4194 1498 4262 ὄχλων
1524 4195 1726 4263 φοϐεῖν,
1754 4197 1847 4264 ἡτ-

268 4288 467 4343 τᾶσθαι
525 4288 581 4341 δὲ
614 4287 748 4356 ,τῶν
777 4288 1015 4352 οἰκείων,
1046 4287 1138 4339 καὶ
1174 4286 1347 4340 ταῦτα
1391 4288 1524 4339 νέων
1560 4287 1703 4341 οὕτω
1753 4290 1844 4341 καὶ

269 4379 478 4434 ἀτελῶν
508 4379 588 4431 ἐτι
621 4378 720 4448 τὴν
751 4378 991 4447 ήλικίαν.

343 4472 442 4526 ll".
503 4471 719 4541 Ἀμέλει
770 4471 900 4538 γοῦν
959 4473 1054 4524 καὶ
1085 4471 1252 4535 λύσας
1279 4473 1419 4526 κατά
1464 4475 1656 4544 μικρὸν
1706 4475 1842 4544 ὅπερ

1974 1991 2096 2044 viSti
2132 2007 2158 2042 a
2195 1991 2423 2043 deorum
2475 1991 2807 2044 ministerio.
2839 1991 3112 2054 Quidnam
3152 2002 3336 2045 autem
3375 2003 3423 2045 te
3451 2008 3562 2044 nm-

1975 2085 2072 2144 vit.
2109 2096 2166 2138 ut
2216 2086 2405 2138 ludent
2439 2100 2680 2154 quoque,
2739 2099 3065 2151 magnorum
3100 2085 3330 2136 deorum
3385 2087 3561 2138 culto-

1974 2194 2111 2240 rem,
2163 2193 2286 2230 eum
2346 2192 2406 2230 ea
2445 2176 2792 2237 ainandares,
2826 2184 2880 2229 et
2932 2184 3198 2243 quantum
3239 2175 3288 2225 in
3339 2185 3390 2227 te
3435 2174 3560 2237 fuit,

1969 2284 2066 2322 eos
2112 2286 2138 2322 τι
2186 2270 2491 2322 ministerio
2534 2269 2782 2321 desertos
2837 2266 3199 2320 dimitteres?
3255 2265 3361 2319 Sed
3414 2267 3562 2335 ipsos

1966 2362 2094 2432 juro
2145 2361 2317 2422 deos,
2391 2371 2440 2414 te
2501 2362 2674 2428 justas
2743 2359 2970 2412 sceleris
3025 2373 3215 2426 poenas
3272 2375 3378 2411 non
3439 2373 3561 2410 esse

1971 2469 2286 2508 evasurum.
2325 2453 2489 2519 Dixit,
2516 2469 2693 2520 neque
2734 2454 2878 2520 quod
2918 2452 3132 2504 dixerat
3167 2450 3426 2518 neglexit.
3461 2452 3558 2504 sed

1970 2549 2342 2601 ministerium
2419 2548 2778 2601 camelorum.
2851 2546 2944 2612 qui
3014 2558 3174 2598 erant
3239 2545 3292 2596 in
3342 2546 3561 2612 regione

1968 2641 2469 2707 ClauJiopolitana.
2511 2643 2559 2692 ei
2618 2639 2758 2691 tradi
2836 2638 3150 2705 imperavit,
3230 2637 3280 2690 ei
3320 2637 3560 2690 auctori-

1971 2741 2137 2784 tatem
2163 2731 2462 2784 detrahens
2504 2730 2872 2798 praefecturas,
2914 2739 2968 2781 et
3005 2745 3130 2781 eum
3164 2728 3230 2781 ad
3258 2737 3560 2781 extremam

1969 2823 2177 2877 ducens
2237 2822 2614 2890 ignominiam.
2673 2819 2881 2884 Deinde
2930 2819 3114 2872 Itidem
3147 2834 3367 2887 quoque
3400 2819 3562 2884 jussit

1969 2910 2190 2970 adduci,
2232 2920 2284 2960 et
2326 2925 2388 2961 ea
2427 2923 2619 2961 rursus
2654 2907 2833 2959 facere
2874 2921 2993 2972 qua:
3027 2907 3133 2958 diis
3169 2914 3557 2959 consueverat.

1969 3001 2061 3056 Ille
2089 3015 2217 3052 vero
2247 3014 2369 3052 cum
2399 2998 2742 3056 accessisset,
2772 2995 3010 3048 faciebat
3039 3010 3253 3054 revera,
3282 3011 3403 3063 rpite
3426 3010 3559 3046 con-

1969 3102 2242 3153 sueverat,
2273 3091 2516 3157 deosque
2543 3097 2598 3141 et
2626 3087 2755 3141 deas
2793 3097 2848 3140 et
2886 3102 3079 3139 eorum
3104 3087 3421 3140 sacerdotes
3458 3103 3552 3140 va-

1969 3185 2102 3247 lere,
2131 3185 2212 3237 vel
2237 3185 2419 3250 potius
2450 3181 2578 3234 flere
2613 3180 2968 3249 jubens,ipse
3009 3180 3109 3232 soli
3148 3180 3257 3232 Deo
3298 3179 3548 3244 vacabat,

1962 3276 2016 3329 itt
2051 3275 2397 3328 orationibus
2422 3287 2648 3325 versans
2686 3271 3008 3340 ctjejuniis,
3031 3279 3086 3322 et
3127 3286 3234 3322 non
3270 3270 3446 3323 solum
3489 3271 3557 3324 ad

1959 3383 2151 3422 eorum
2178 3366 2515 3435 impietatem
2557 3365 2781 3416 minime
2814 3378 2872 3416 se
2895 3363 3201 3424 dimittens,
3235 3361 3328 3416 sed
3358 3361 3554 3415 mullos

1956 3463 2119 3515 etiam
2145 3476 2211 3516 ex
2243 3461 2308 3513 iis
2344 3460 2433 3527 qui
2468 3458 2682 3524 decepti
2719 3456 2957 3516 fuerant,
2990 3456 3055 3507 ad
3094 3455 3343 3507 veritatis
3393 3453 3555 3520 agni-

1957 3553 2164 3606 tionem
2241 3566 2526 3604 revocans.
2587 3549 2694 3602 lies
2736 3558 2818 3601 est
2851 3549 3042 3616 enim]
3071 3563 3191 3615 qua:
3245 3547 3310 3598 ad
3355 3547 3549 3598 verita-

1955 3657 2063 3700 tctn
2118 3645 2332 3698 inducit
2363 3646 2560 3705 oratio,
2593 3643 2812 3710 quando
2863 3642 3026 3694 habet
3060 3643 3225 3693 etiam
3280 3642 3446 3692 vitam
3502 3642 3548 3693 ci

1955 3737 2411 3791 consentientem.
2475 3733 2583 3787 llae
2648 3736 2834 3800 itaque
2882 3735 3092 3786 ratione
3145 3733 3304 3787 ludes
3354 3733 3552 3785 multos

1953 3830 2016 3883 ad
2053 3830 2224 3882 Deum
2278 3827 2525 3888 adduxit;
2555 3837 2606 3879 et
2640 3836 2758 3878 erat
2798 3841 2987 3878 revera
3027 3824 3104 3877 sal
3173 3824 3414 3881 divinus.
3459 3825 3548 3890 qui

1950 3933 2005 3975 et
2037 3922 2278 3989 seipsum
2343 3919 2680 3982 continebat,
2732 3930 2786 3971 et
2815 3918 2950 3969 alios
2980 3925 3194 3984 poterat
3242 3915 3548 3970 continere.

1950 4009 2056 4064 Sed
2093 4011 2226 4064 tales
2255 4009 2475 4077 quidem
2513 4017 2667 4061 erant
2703 4023 2789 4060 res
2839 4007 3022 4059 illius:
3080 4006 3408 4058 Maximiano
3454 4020 3551 4058 au-

1925 4082 2057 4155 .tem
2094 4116 2214 4154 era:
2241 4099 2606 4160 intolerabile,
2645 4099 2822 4152 videri
2876 4098 3096 4166 quidem
3147 4113 3339 4151 omnes
3389 4112 3547 4166 supe-

1949 4211 2094 4250 rasse
2165 4195 2446 4255 barbaros,
2498 4202 2552 4243 et
2584 4193 2699 4246 solo
2772 4201 2996 4258 aspectu
3070 4200 3279 4244 terrere
3365 4189 3548 4258 populi

1949 4287 2116 4339 multa
2173 4301 2222 4336 nt
2250 4284 2336 4336 Ilia
2371 4302 2381 4336 :
2424 4282 2565 4335 vinei
2597 4299 2777 4336 veroa
2813 4284 2949 4344 suis,
2989 4280 3154 4348 idque
3197 4295 3321 4334 cum
3365 4287 3548 4334 essent

1949 4380 2088 4434 adeo
2123 4380 2373 4445 iuvenes,
2411 4384 2466 4426 et
2492 4385 2654 4428 (etate
2692 4374 3041 4441 imperfecta.

2020 4470 2318 4525 Xlll.Cum
2364 4470 2550 4537 itaque
2588 4467 2848 4536 paulatim
2911 4464 3186 4529 solvisset,
3243 4478 3548 4533 quamcun-

267 4563 382 4636 εἶχε
415 4567 711 4638 πρόσχημα
741 4564 870 4632 γοῦν
888 4582 939 4617 τι
973 4565 1404 4635 φιλανθρωπίας,
1441 4567 1690 4636 φανερῶς
1743 4569 1841 4637 μὲν

1960 4581 2053 4635 me
2100 4565 2334 4616 habebat
2366 4562 2602 4630 speciem
2643 4558 3020 4616 humanitatis,
3070 4566 3258 4625 aperte
3323 4555 3544 4624 quidem

270 4658 348 4731 ἦν
377 4658 455 4729 τῷ
474 4658 697 4728 Χριστῷ
733 4658 1060 4726 μαχόμενος,
1085 4657 1248 4720 ναούς
1270 4675 1329 4710 τε
1363 4659 1541 4726 ἱεροὺς
1571 4661 1846 4730 καθαιρῶν

268 4755 363 4807 καὶ
395 4753 582 4814 οῖκους
609 4749 861 4819 δαίμοσιν
889 4749 1278 4817 ἀνοικοδομῶν,
1319 4749 1583 4818 ἄρχοντας
1623 4750 1680 4803 δὲ
1742 4752 1849 4804 δει-

266 4847 390 4907 νοὺς
425 4842 523 4912 μέν
555 4844 750 4904 εἰπεῖν,
778 4840 964 4909 ὠμοὺς
1003 4840 1059 4891 δέ
1086 4841 1314 4893 κολάσαι
1361 4842 1504 4893 κατὰ
1537 4842 1715 4894 πᾶσαν
1765 4843 1848 4894 ἐκ.

268 4937 511 5005 πέμπων
562 4933 661 5001 τὴν
694 4932 1040 5000 οἰκουμένην,
1072 4927 1151 4992 οἷς
1182 4931 1280 4983 οὑκ
1321 4933 1481 5000 ἤρκει
1519 4933 1660 4985 κατὰ
1712 4934 1876 5002 ΧριεΔ

270 5026 506 5081 στιανῶν
539 5027 572 5094 ή
597 5023 724 5093 παρ’
750 5023 959 5076 ἑαυτῶν
990 5023 1231 5091 ὠμότης,
1270 5023 1405 5076 ἀλλὰ
1443 5023 1535 5076 καὶ
1562 5026 1593 5092 ή
1623 5024 1717 5077 τοῦ
1746 5025 1847 5093 βαι

267 5121 460 5179 σιλέως
490 5119 725 5185 ἀπήνεια
757 5115 1123 5185 προσετίθετο.
1154 5115 1512 5184 Παρήγγελλσ
1537 5118 1646 5186 γὰρ
1678 5119 1844 5169 ἀπει-

268 5214 422 5265 θοῦσι
451 5211 799 5280 Χριστιανοῖς
829 5208 994 5278 μηδὲν
1050 5207 1288 5276 ὑφιέναι,
1329 5208 1445 5261 ἀλλ’
1499 5208 1641 5262 οὕτω
1686 5210 1848 5264 κολά-

267 5305 413 5369 ζειν,
446 5303 522 5364 ὡς
567 5302 676 5354 τῶν
733 5301 1031 5370 ὀφθαλμῶν
1102 5301 1316 5354 ἐκείνου
1384 5302 1847 5366 συνεξεταζόντων

265 5393 418 5464 αὑτῷ
456 5395 550 5447 καὶ
599 5393 888 5463 θεωμένων
937 5393 1037 5462 τὴν
1078 5392 1172 5444 τοῦ
1228 5391 1470 5462 βήματος
1520 5395 1842 5463 αὐστηρίαν,

263 5485 366 5553 τὴν
387 5484 517 5553 περὶ
545 5484 607 5536 τὸ
645 5484 920 5548 ἐξετάζειν
949 5485 1324 5553 περιέργειαν,
1363 5484 1422 5536 τὸ
1450 5485 1578 5555 περὶ
1611 5485 1710 5547 τὰς
1751 5503 1844 5537 κο-

263 5579 448 5640 λάσεις
476 5576 802 5646 καινουργὸν
836 5577 930 5628 καὶ
989 5558 1313 5645 φιλόνεικον,
1367 5578 1462 5629 καὶ
1511 5578 1587 5641 ὡς
1640 5580 1844 5640 ἐκεῖνος

259 5670 328 5724 ἂν
356 5670 443 5740 εἴη
466 5671 493 5722 ὁ
524 5668 708 5721 πλεῖον
730 5667 878 5737 αὐτῷ
901 5669 1278 5739 χαριζόμενος,
1327 5673 1356 5724 ό
1383 5671 1474 5725 καὶ
1516 5671 1734 5724 πλείονα
1756 5670 1847 5740 δή·

262 5779 365 5816 που
393 5760 635 5825 κολάζων
669 5763 1049 5834 Χριστιανούς.
1090 5763 1246 5817 Οὖτω
1267 5767 1395 5828 τοὺς
1422 5765 1688 5834 ἄρχοντας
1735 5767 1841 5818 διε-

265 5855 486 5924 ρεθίσας
516 5854 843 5925 ἐξέπεμπεν.
895 5855 970 5909 Οὐ
1020 5857 1125 5926 μὴν
1163 5855 1297 5913 ἀλλὰ
1350 5857 1443 5912 καὶ
1489 5857 1842 5927 παράδειγμα

1951 4659 2223 4726 pugnabat
2267 4670 2390 4709 cum
2442 4653 2694 4712 (lhristo,
2747 4664 2899 4703 saera
2948 4649 3149 4715 templa
3190 4648 3440 4712 diruens,
3493 4662 3546 4705 et

1950 4751 2094 4806 aades
2145 4747 2486 4802 daamonibus
2523 4743 2834 4806 aaditicans;
2893 4743 3178 4812 praefectos
3241 4752 3449 4806 autem,
3493 4753 3545 4797 et

1955 4848 2009 4901 in
2048 4845 2284 4899 dicendo
2346 4841 2742 4904 formidabiles,
2793 4851 2843 4895 et
2882 4841 2934 4892 in
2970 4837 3255 4908 puniendo
3296 4837 3547 4892 crudeles

1955 4941 2182 4993 mittens
2221 4953 2318 5006 per
2348 4935 2668 4988 universum
2709 4934 2896 4987 orbem
2933 4942 3139 4986 terrm:
3177 4930 3384 4998 quibus
3433 4946 3542 4983 non

1933 5029 2255 5084 sufﬁciebat
2286 5043 2382 5080 sua
2409 5027 2673 5080 adversus
2703 5025 3054 5079 Christianos
3083 5022 3415 5083 crudelitas,
3443 5021 3538 5074 sed

1952 5123 2247 5177 accedebat
2299 5120 2466 5173 etiam
2508 5119 2819 5172 immanitas
2877 5115 3250 5184 imperatoris.
3303 5113 3540 5167 Jubebat

1952 5215 2119 5275 enim,
2154 5221 2212 5265 ut
2250 5210 2581 5265 Christianis
2615 5224 2723 5262 non
2767 5209 3154 5262 obedientibus
3197 5194 3338 5258 nihil
3375 5206 3538 5258 cede-

1952 5321 2093 5366 rent,
2141 5303 2237 5356 sed
2287 5303 2366 5356 sic
2413 5302 2693 5370 punirent,
2751 5313 3009 5370 tanquam
3051 5298 3198 5351 oculi
3240 5297 3388 5352 illius
3428 5313 3534 5350 una

1952 5396 2331 5450 exatninarent
2363 5405 2418 5447 et
2448 5403 2765 5461 spectarent
2810 5393 3100 5446 tribunalis
3131 5391 3533 5454 austeritatem,

1951 5501 2006 5544 et
2040 5493 2090 5542 in
2122 5487 2488 5543 ex'aminando
2520 5487 2915 5548 curiositatem,
2948 5495 3004 5539 et
3039 5487 3092 5538 in
3124 5483 3406 5553 puniendo
3439 5497 3536 5534 no—

1953 5597 2072 5634 vam
2139 5580 2509 5634 inventionem
2580 5589 2744 5646 atque
2807 5579 3262 5633 vehementiam:
3327 5577 3521 5649 dicens

1949 5689 2075 5728 eum
2096 5674 2171 5727 illi
2207 5675 2502 5742 plurimum
2525 5673 2981 5741 gratiticatnrnm,
3001 5672 3094 5740 qui
3118 5668 3369 5740 pluribus
3404 5683 3532 5736 sup-

1953 5766 2131 5835 pliciis
2164 5766 2401 5819 afﬁceret
2426 5764 2789 5820 Christianos.
2826 5765 2916 5820 Sic
2953 5765 3207 5819 incitatos
3237 5761 3529 5817 emittebat

1952 5857 2255 5928 pratia-tos,
2314 5872 2501 5913 verum
2553 5859 2697 5913 enim
2733 5873 2861 5914 vero
2887 5858 3126 5927 seipsnm
3179 5869 3397 5927 quoque
3443 5853 3525 5908 eis
