4214 6444
743 429 886 498 1055

1896 424 2287 488 ADDENDA.
2331 447 2397 459 -
2440 423 2874 488 DECEMBER.

3876 415 4014 482 1056

744 543 1069 601 ostendebat
1120 541 1402 612 exemplar
1434 539 1793 612 archetypum
1829 540 1898 596 ad
1947 539 2324 595 inhumanita-

2431 537 2616 594 ἑαυτὸν
2637 540 2808 596 εδίδου
2866 542 2962 596 καὶ
3002 539 3360 612 πρωτὸτυπον
3411 538 3494 601 είς
3556 533 3964 604 ἀπανθρωπίαν
3993 549 4008 561 ·

747 648 856 690 tem
876 676 891 698 ,
923 635 996 706 (5)
1044 635 1182 691 Nam
1214 635 1331 704 ipse
1375 648 1596 702 quoque
1625 642 1748 687 erat
1781 631 1995 701 primus
2024 631 2284 686 occidens
2304 670 2319 695 ,

746 722 1004 792 puniens,
1035 722 1104 778 de
1136 720 1318 776 medio
1351 722 1580 786 tollens;
1615 721 1917 791 expellens,
1946 722 2078 792 quid
2109 734 2218 774 non
2244 720 2324 773 vi-

743 810 992 865 olentum
1027 825 1191 880 agens
1210 819 1267 867 et
1289 814 1636 882 tyrannicum
1657 813 1680 864 τ
1705 812 1818 867 imo
1848 827 1984 867 vero
2007 827 2149 881 saepe
2179 826 2322 881 quo-

746 917 857 972 que
884 918 994 956 non
1041 902 1152 955 vim
1182 918 1387 958 meram
1419 903 1675 966 aﬂ'erens,
1719 902 1813 958 sed
1847 918 1966 956 eam
1998 904 2160 958 etiam
2193 904 2326 956 mis-

748 1009 882 1048 cens
931 995 1319 1064 persuasione,
1377 1006 1432 1048 et
1481 995 1656 1064 ipsam
1714 996 2004 1065 porrigens
2059 1003 2323 1064 tanquam

747 1101 954 1151 escam,
1015 1098 1075 1142 ut
1128 1090 1209 1144 sic
1260 1103 1480 1157 quoque
1525 1090 1682 1144 fieret
1739 1090 1956 1152 saevior,
2008 1099 2064 1143 et
2098 1087 2328 1146 haberet

749 1176 1154 1245 probabiliores
1181 1180 1448 1248 puniendi
1473 1182 1812 1245 occasiones,
1844 1181 1990 1252 quod
2017 1181 2230 1238 nollent
2252 1183 2326 1252 pii

751 1283 946 1337 parere
991 1270 1178 1324 verbis
1224 1272 1379 1326 solis.
1413 1273 1461 1326 ls
1509 1288 1634 1327 cum
1678 1275 2085 1330 sanctissimum
2119 1275 2332 1337 ,Ληιὴί-

750 1375 898 1412 mum
929 1360 1020 1412 diu
1062 1363 1350 1429 quaesitum
1380 1377 1488 1416 non
1536 1364 1858 1430 invenisset,
1896 1366 2014 1436 ipse
2049 1365 2332 1436 ingressus

748 1449 1038 1503 ecclesiam
1063 1491 1076 1512 ,
1137 1460 1394 1521 tanquam
1431 1453 1545 1507 fera
1583 1455 1764 1524 aliqua
1801 1455 1952 1510 varia
1991 1467 2048 1512 et
2099 1457 2328 1523 dolosa,

749 1555 874 1594 cum
905 1543 1250 1598 exercituum
1283 1553 1339 1599 et
1367 1547 1660 1600 satellitum
1693 1549 2046 1604 multitudine
2072 1566 2191 1604 eam
2224 1552 2331 1606 cir-

748 1634 1136 1702 cumdedisset,
1191 1645 1246 1690 et
1290 1637 1488 1692 deinde
1525 1637 1690 1692 etiam
1743 1639 1984 1696 lenitatis
2040 1657 2326 1710 personam

749 1725 1031 1792 subiisset,
1069 1736 1129 1782 ut
1162 1729 1251 1782 alii
1293 1730 1517 1799 quidem
1559 1729 1920 1786 formidarent
1949 1733 2058 1786 vim
2095 1741 2151 1787 et
2191 1736 2329 1788 mul-

752 1818 1067 1884 titudinem,
1115 1821 1206 1874 alii
1245 1831 1428 1876 autem
1461 1824 1527 1876 ad
1558 1823 1660 1877 sibi
1698 1824 1886 1878 utilem
1922 1825 2203 1881 iutuentes
2226 1826 2327 1881 be-

751 1910 1096 1978 nignitatem,
1147 1912 1558 1966 abducerentur
1600 1930 1630 1968 a
1661 1915 2044 1983 persuasione,
2101 1926 2156 1971 et
2203 1932 2330 1972 cum

749 2001 832 2055 sic
879 2011 1136 2068 tanquam
1183 2004 1398 2056 duobus
1442 2003 1682 2060 fortibus
1715 2005 1967 2065 vinculis,
2024 2011 2222 2062 timore
2274 2019 2331 2064 et

753 2094 1106 2160 persuasione
1141 2094 1258 2161 pios
1307 2095 1641 2165 colligasset,
1692 2099 1944 2164 captivos
1988 2097 2230 2154 ducebat
2259 2100 2329 2154 ad

751 2183 1032 2250 pietatem.
1060 2184 1195 2238 Cum
1235 2185 1351 2240 haec
1387 2187 1530 2254 apud
1593 2203 1650 2243 se
1688 2189 2000 2258 cogitasset,
2052 2190 2120 2244 ad
2153 2205 2330 2260 popu-

749 2275 861 2328 lum
890 2276 1049 2331 talem
1078 2276 1270 2330 habuit
1301 2278 1625 2332 orationem.

822 2369 960 2424 XIV.
992 2370 1107 2439 Ego
1142 2372 1306 2425 etiam
1347 2373 1612 2427 adversus
1649 2383 1841 2443 gentes
1888 2375 2174 2440 barbaras,
2207 2393 2330 2447 qua

753 2474 933 2513 meum
960 2460 1150 2530 jugum
1197 2460 1344 2516 ferre
1389 2471 1673 2527 recusant,
1744 2472 1801 2516 et
1835 2479 1944 2517 non
1976 2475 2170 2534 parent
2216 2468 2328 2522 llo-

752 2567 1037 2606 manorum
1068 2553 1301 2623 legibus,
1349 2568 1458 2608 non
1493 2556 1678 2609 statim
1725 2569 1918 2610 moveo
1964 2557 2196 2620 hastam,
2229 2573 2329 2612 ne-

750 2657 859 2710 que
906 2652 1033 2696 utor
1073 2642 1292 2711 jaculis,
1341 2659 1522 2712 neque
1574 2644 1754 2714 gladio
1783 2645 1865 2700 eis
1895 2647 2096 2701 caedem
2131 2647 2324 2713 aﬂ'ero,

753 2734 849 2788 sed
880 2735 1055 2789 bonos
1098 2735 1282 2790 imitor
1315 2736 1580 2801 medicos,
1627 2738 1890 2794 mollibus
1926 2740 2166 2808 primum
2205 2757 2328 2796 ver-

752 2825 836 2880 bis
855 2834 912 2880 et
930 2826 1200 2896 benignis,
1226 2825 1451 2896 perinde
1473 2842 1537 2882 ac
1559 2828 1700 2894 oleo,
1723 2839 1993 2885 tumorem
2019 2833 2321 2888 emolliens.

753 2917 959 2974 Deinde
989 2927 1277 2988 postquam
1295 2920 1486 2975 videro
1503 2936 1599 2976 eos
1622 2937 1742 2976 esse
1765 2923 1925 2977 valde
1943 2925 2326 2981 immedicabi-

751 3013 838 3067 les
859 3013 1125 3081 ulcusque
1155 3027 1346 3066 eorum
1388 3013 1546 3068 valde
1571 3013 1868 3083 malignum
1891 3024 1945 3069 et
1970 3015 2327 3084 profundum,

753 3113 887 3161 tunc
916 3113 1043 3160 utor
1080 3104 1350 3169 cauterio,
1400 3105 1583 3175 etiam
1611 3119 1802 3173 aspera
1834 3116 1891 3160 et
1933 3107 2132 3162 acerba
2166 3109 2330 3162 secti-

2422 629 2545 682 ἐπεὶ
2585 632 2682 684 καὶ
2707 631 2924 702 πρῶτος
2953 631 3117 695 αὐτὸς
3155 626 3222 705 ἦν
3261 627 3510 694 κτείνων,
3537 627 3810 691 κολάζων,
3855 627 4012 678 ἀναι-

2427 719 2559 790 ρῶν,
2588 723 2922 788 ἐλαύνων,τί
2951 723 3029 794 μὴ
3056 723 3229 792 βίαιον
3268 722 3365 775 καὶ
3414 717 3744 790 τυραννικὸν
3777 715 4012 787 ἔργαζό-

2429 832 2628 890 μενος;
2669 813 2872 883 μᾶλλον
2905 815 2962 868 δὲ
2994 813 3091 867 καὶ
3125 813 3392 876 πολλάκις
3428 811 3530 865 οὐκ
3579 812 3824 880 ἄκρατον
3879 809 4014 861 ἑπά-

2426 929 2542 981 γων
2565 909 2666 979 τὴν
2688 907 2829 978 βίαν.
2871 907 3007 961 ἀλλά
3031 907 3126 960 καὶ
3166 905 3348 959 πειθοῖ
3371 903 3640 975 κεραννὺς
3689 900 3790 954 καὶ
3847 899 4014 952 οἱονεὶ

2426 1003 2618 1073 δέλεαρ
2640 999 2808 1068 αὐτὴν
2833 997 3277 1067 προτεινόμενος,
3328 997 3413 1049 ίνα
3447 996 3543 1049 καὶ
3589 992 3797 1065 μᾶλλον
3838 990 4015 1053 οὕτως

2429 1093 2766 1162 ἀγριώτερος
2789 1090 3027 1160 γίνηται,
3060 1089 3151 1142 καὶ
3189 1087 3283 1142 τοῦ
3329 1085 3582 1148 κολάζειν
3629 1081 4018 1150 εὐλογωτέρας

2390 1221 2396 1227 .
2431 1181 2530 1253 ἔχῃ
2545 1181 2642 1242 τάς
2671 1178 2928 1248 ἀφορμὰς
2945 1176 3024 1246 τῷ
3055 1177 3132 1247 μὴ
3166 1177 3347 1244 λόγοις
3373 1175 3581 1229 ὲθίλειν
3635 1175 3827 1244 μόνοις
3891 1173 4018 1234 τοὺς

2432 1274 2677 1334 εὐσεϐεῖς
2700 1270 3010 1324 πείθεσθαι.
3040 1262 3229 1332 Οὗτος,
3260 1267 3449 1340 ἐπειδὴ
3473 1267 3681 1322 καὶτὸν
3705 1265 4019 1334 ἁγιώτατον

2435 1366 2704 1434 Ἀνθιμον
2735 1361 2912 1417 πολλά
2942 1362 3188 1434 ζητήσας
3227 1362 3302 1431 μὴ
3333 1362 3486 1431 εὖροι
3511 1362 3678 1422 αὐτὸς
3722 1361 3860 1413 εῐσω
3921 1358 4019 1427 τῆς

2432 1457 2750 1528 ἐκκλησίας,
2783 1453 2894 1510 οἶόν
2922 1474 2974 1509 τι
2999 1455 3187 1526 θηρίον
3209 1455 3456 1508 ποικίλον
3511 1454 3606 1506 καὶ
3639 1453 3868 1523 δολερὸν
3912 1455 4020 1503 είσ-

2431 1548 2599 1604 ελθὼν
2632 1549 2828 1620 πλήθει
2857 1566 2915 1602 τε
2941 1547 3366 1618 στρατευμάτων
3403 1548 3496 1600 καὶ
3528 1545 3851 1617 δορυφόρων
3889 1546 4020 1596 ταύο

2429 1658 2528 1710 την
2567 1639 2898 1711 περιλαϐὼν,
2958 1634 3078 1692 εἷτα
3108 1639 3202 1692 καὶ
3253 1639 3555 1691 επιείκειαν
3596 1636 3826 1700 ὑποδὺς,
3866 1637 3932 1687 ἶν’
3966 1637 4018 1686 οἱ

2432 1730 2531 1802 μὶν
2560 1731 2619 1784 τὸ
2646 1730 2852 1800 πλῆθος
2909 1732 3007 1784 καὶ
3048 1727 3149 1800 τὴν
3184 1730 3342 1800 ίσχῦν
3409 1727 3822 1796 ὐποπτήξωσιν,
3861 1728 3911 1778 οί
3957 1727 4013 1778 δὲ

2432 1820 2567 1892 «pb;
2601 1820 2702 1891 τὴν
2737 1819 3071 1890 επίχρηστον
3096 1818 3333 1889 ὁρῶντες
3384 1817 3807 1887 φιλανθρωπίαν
3839 1817 4019 1868 πειθοί

2432 1915 2913 1983 συναρπάζωνται,
2971 1911 3293 1974 καὶςούτως
3356 1911 3547 1980 ῶσπερ
3579 1912 3802 1980 ἆμμασι
3863 1911 4017 1964 δυσὶν

2435 2007 2695 2076 ἰσχυροῖς,
2734 2003 2883 2074 φόϐῳ
2908 2004 3001 2056 καὶ
3053 2003 3231 2056 πειθοῖ
3263 2004 3391 2065 τοὺς
3452 2003 3698 2066 εὐσεϐεῖς
3747 2003 4019 2071 συνδήσας

2431 2096 2811 2168 αἰχμαλώτους
2875 2097 3057 2164 ἀγάγῃ
3118 2095 3256 2165 πρὸς
3303 2095 3404 2165 τὴν
3457 2094 3736 2159 ἀσέϐειαν,
3787 2093 4018 2148 τοιαῦτα

2434 2189 2774 2258 σκεψάμενος
2812 2187 2970 2255 λόγου
2993 2187 3129 2258 πρὸς
3157 2188 3217 2241 τὸ
3245 2187 3450 2259 πλῆθος
3499 2187 3705 2258 ἧρξατο
3738 2187 4014 2241 τοιούτου.

2503 2370 2602 2422 IA'.
2657 2365 2802 2436 Ἐγὼ
2831 2366 2926 2419 καὶ
2953 2363 3089 2432 πρὸς
3123 2363 3251 2432 εθνη
3283 2363 3534 2435 βάρϐαρα
3566 2362 3660 2415 τδν
3687 2360 3826 2431 ἐμδν
3853 2360 4018 2428 ζυγὸν

2430 2460 2856 2531 δυσχεραίνοντα
2902 2458 2998 2511 καὶ
3046 2457 3333 2526 Ῥωμαίων
3394 2456 3582 2524 νόμοις
3643 2455 3720 2523 μὴ
3782 2451 4020 2520 πειθαρ-

2431 2553 2633 2624 χοῦντα
2672 2553 2774 2607 οὐκ
2819 2549 2984 2613 εὐθὺς
3039 2550 3100 2603 τὸ
3129 2551 3261 2619 δόρυ
3291 2548 3427 2602 κινῶ
3471 2548 3597 2600 οὐτε
3655 2546 3764 2616 μὴν
3795 2545 4020 2615 χρῶμαι

2428 2649 2542 2709 τοῖς
2575 2644 2814 2715 βίλεσιν,
2850 2643 2973 2696 οὐδὲ
3008 2644 3110 2712 τὴν
3144 2642 3231 2695 διὰ
3291 2640 3480 2708 ξίφους
3511 2640 3704 2706 ὶπάγω
3735 2638 3962 2705 σφαγήν
3999 2651 4018 2668 ο

2430 2736 2566 2791 ἀλλά
2607 2737 2733 2800 τοὺς
2793 2736 3032 2802 ἀγαθοὺς
3099 2732 3373 2803 μιμοῦμαι
3396 2732 3506 2784 τῶν
3552 2731 3778 2801 ίατρῶν,
3804 2732 4020 2800 ῥήμασι

2436 2830 2704 2902 μαλακοῖς
2734 2829 2796 2882 sb
2833 2828 3050 2899 πρῶτον
3087 2829 3180 2880 καὶ
3212 2824 3618 2897 φιλανθρώποις
3650 2824 3846 2893 ὥσπερ
3883 2822 4024 2891 ιλιῳ

2432 2921 2818 2993 διαμαλάσσων
2873 2918 2935 2971 τὸ
2991 2918 3212 2986 οἴδημα.
3263 2913 3376 2970 Εἶθ’
3408 2913 3584 2978 οὕτως
3640 2914 3866 2967 ὶπειδὰν
3927 2915 4025 2966 ra...

2436 3015 2644 3083 σφόδρα
2672 3012 2933 3077 δυσιάτως
2962 3012 3184 3082 ἔχοντας
3214 3011 3310 3065 καὶ
3356 3011 3421 3070 τὺ,
3448 3011 3607 3072 ἕλκος
3661 3009 3900 3062 ὓπουλον
3929 3011 4025 3061 καὶ

2432 3107 2574 3161 πάνυ
2604 3104 2763 3176 βαθὺ,
2801 3104 2922 3157 τότε
2958 3104 3024 3175 δὴ
3053 3105 3149 3157 καὶ
3196 3104 3430 3172 καυτῆρι
3490 3102 3734 3172 χρῶμαι,
3796 3103 3896 3153 καὶ
3953 3103 4023 3169 τῇ

751 3211 879 3259 one,
941 3203 1002 3249 ut
1052 3209 1229 3264 neque
1257 3194 1325 3249 ab
1369 3195 1526 3249 initio
1555 3209 1640 3248 me
1677 3193 1928 3249 videatur
1982 3197 2180 3266 aliquis
2223 3198 2324 3253 hu-

2432 3201 2574 3269 τομῇ
2602 3196 2748 3250 οῦτω
2778 3195 2898 3249 λίαν
2931 3196 3222 3266 αὐστηρῶς
3252 3196 3349 3248 καὶ
3381 3194 3729 3264 περιωδύνως
3765 3193 3846 3256 ώς
3879 3193 4023 3261 μήτε

753 3287 990 3350 manior,
1023 3300 1202 3354 neque
1234 3295 1358 3356 post
1387 3284 1823 3340 misericordiam
1856 3294 1912 3341 et
1947 3290 2326 3344 mansuetudi-

751 3394 876 3433 nem
911 3377 1224 3433 violentior.
1281 3377 1442 3432 Absit
1475 3388 1680 3442 autem,
1723 3387 1783 3432 ut
1812 3393 1906 3433 vos
1955 3394 2042 3434 me
2085 3395 2328 3448 unquam

751 3471 1002 3525 sentiatis
1037 3470 1422 3524 conturbatum
1474 3479 1530 3525 et
1568 3471 1808 3537 iratum;
1842 3471 1937 3526 sed
1969 3473 2328 3540 accedentes,

752 3563 923 3616 libate
951 3563 1164 3632 magnis
1187 3561 1314 3627 diis,
1347 3573 1402 3616 et
1437 3571 1642 3633 rogate,
1673 3574 1734 3617 ut
1767 3580 1862 3619 vos
1903 3565 2156 3636 benignis
2185 3567 2331 3621 intuo

752 3663 949 3707 cantur
979 3655 1177 3716 oculis,
1217 3662 1276 3708 ut
1306 3654 1386 3710 sic
1413 3671 1442 3708 a
1473 3656 1637 3710 nobis
1675 3671 1893 3726 quoque
1917 3660 2327 3727 consequamini

755 3745 1018 3806 honores,
1048 3748 1402 3816 magistratus
1430 3755 1485 3801 et
1509 3749 1791 3815 pecunias,
1823 3758 1876 3802 et
1902 3749 2022 3804 sitis
2055 3751 2197 3806 inler
2217 3767 2330 3806 me—

755 3852 818 3890 os
883 3837 1089 3905 primos
1143 3837 1348 3893 amicos
1386 3846 1442 3893 et
1491 3838 1805 3895 familiares.
1861 3839 2328 3905 Quemadmodum

755 3929 902 3982 enim
927 3945 1036 3982 non
1059 3939 1142 3984 est
1165 3931 1485 3995 absurdum,
1515 3931 1784 3986 Barbaros
1807 3935 2052 4002 quidem,
2075 3936 2168 4006 qui
2201 3947 2330 3991 sunt

757 4021 985 4075 alterius
1014 4021 1234 4088 linguas.
1267 4031 1454 4076 nostra
1484 4031 1592 4076 tam
1623 4039 1779 4092 :equo
1826 4028 2007 4078 animo
2034 4026 2198 4093 ferre,
2231 4045 2333 4082 vos

759 4126 888 4165 vero
919 4112 972 4164 in
1007 4110 1377 4166 Romanorum
1418 4114 1630 4184 legibus
1689 4117 1971 4178 educatos.
2007 4128 2061 4172 et
2091 4120 2143 4172 in
2169 4120 2335 4176 rebus

755 4204 1069 4259 Gracorum
1114 4207 1381 4270 eruditos,
1415 4218 1470 4260 et
1498 4209 1628 4261 mihi
1671 4209 1965 4278 subjectos,
1997 4227 2105 4264 non
2145 4213 2197 4266 in
2219 4229 2335 4267 om-

757 4296 925 4350 nibus
960 4312 1180 4352 servare
1211 4282 1606 4362 obedientiam,
1654 4300 1747 4354 sed
1783 4302 1835 4353 in
1871 4302 2038 4357 rebus
2072 4305 2335 4375 pracipu-

2431 3290 2552 3345 τινὰ
2587 3289 2686 3359 τὴν
2707 3289 2882 3360 ἀρχὴν
2925 3287 3059 3356 ἐμοῦ
3084 3286 3323 3356 φανῆναι
3360 3285 3887 3355 φιλανθρωπότερον
3919 3286 4028 3353 μή·

2429 3396 2488 3433 τε
2552 3379 2690 3448 μετά
2744 3379 2837 3430 τὸν
2884 3375 3034 3430 ἔλεον
3065 3376 3159 3430 καὶ¹
3213 3377 3313 3446 τὴν
3349 3376 3651 3430 ἐπιείκειαν
3684 3374 4020 3444 βιαιότερον.

2441 3471 2617 3540 ’Υμᾶς
2647 3470 2703 3523 δὲ
2730 3470 2807 3540 μὴ
2833 3469 3044 3537 γένοιτό
3071 3485 3199 3522 ποτε
3221 3469 3551 3538 πειραθῆναί
3588 3485 3689 3537 μου
3743 3484 4027 3537 τεταραγ-

2433 3560 2598 3631 μένου
2629 3559 2722 3612 καὶ
2747 3558 2885 3628 πρὸς
2923 3557 3096 3628 ὀργὴν
3124 3556 3341 3626 ἔχοντος
3379 3572 3393 3587 ’
3423 3557 3559 3610 ἀλλά
3616 3555 4024 3628 προσελθόντες

2428 3651 2543 3713 τοῖς
2575 3649 2830 3720 μεγάλοις
2849 3649 2993 3711 θεοῖς
3021 3647 3280 3701 σπένδετε
3307 3649 3403 3700 καὶ
3428 3648 3716 3717 εὐμενέσιν
3749 3649 3904 3716 ὑμᾶς
3921 3651 4023 3716 ὀφ-

2433 3739 2656 3808 θαλμοῖς
2681 3738 2808 3792 ίδεῖν
2831 3737 3168 3801 εκκαλεῖσθε,
3201 3737 3427 3790 ίνόῦτω
3459 3741 3552 3790 καὶ
3586 3737 3654 3790 τά
3682 3738 3819 3808 παρ’
3859 3741 4024 3808 ἡμῶν

2431 3833 2814 3904 προσυπάρξῃ,
2842 3835 2999 3901 τιμαὶ
3040 3833 3135 3885 καὶ
3163 3830 3449 3901 ἀρχαὶκαὶ
3480 3832 3740 3901 χρήματα
3810 3835 3909 3886 καὶ
3964 3835 4023 3885 τὸ

2432 3928 2497 3979 ὲν.
2524 3925 2764 3995 πρώτοις
2792 3925 2937 3994 ὑμᾶς
2968 3919 3240 3976 εἶναιτῶν
3266 3924 3415 3993 ἐμῶν
3441 3925 3674 3992 ἑταίρων
3702 3925 3798 3977 καὶ
3823 3927 4021 3992 φίλων.

2435 4018 2560 4080 Πῶς
2584 4019 2691 4088 γὰρ
2723 4017 2822 4070 οὐκ
2855 4018 3055 4070 ἄτοπον
3088 4015 3401 4086 βαρϐάρους
3459 4016 3558 4086 μεν
3599 4016 4020 4082 ἀλλογλώσσους

2433 4110 2702 4178 τοσαύτης
2747 4109 2879 4179 παρ’
2925 4108 3086 4178 ήμῶν
3140 4108 3438 4162 ἀπολαύειν
3469 4112 3569 4178 τῆς
3631 4109 4018 4176 ἀπε-κακίας,

2433 4204 2582 4271 ἡμᾶς
2605 4202 2660 4254 δὲ
2709 4202 2998 4271 Ῥωμαίων
3025 4202 3210 4271 νόμοις
3237 4202 3744 4273 ἑντεθραμμένους,
3796 4207 3894 4258 καὶ
3956 4207 4022 4258 τὰ

2448 4294 2715 4365 Ἑλλήνων
2747 4294 3237 4366 πεπαιδευμένους,
3265 4295 3398 4364 πρὸς
3425 4293 3482 4347 δὲ
3531 4297 3627 4347 καὶ
3661 4297 3833 4364 εμοὺς
3886 4299 4022 4367 ὑπη-

759 4388 806 4440 is
837 4388 1012 4442 videri
1056 4389 1464 4455 inobedientes,
1498 4401 1548 4445 el
1577 4393 1781 4447 bellum
1816 4405 2001 4463 aperte
2059 4398 2331 4466 suscipere

2438 4387 2595 4450 κόους
2648 4387 2829 4453 ὄντας,
2871 4388 2947 4458 μὴ
2988 4387 3078 4441 διὰ
3132 4388 3350 4444 πάντων
3391 4387 3588 4453 σώζειν
3634 4390 3693 4442 τὸ
3738 4391 4022 4452 εὐπειθὲς,

757 4487 947 4532 contra
979 4489 1220 4534 vestrum
1268 4481 1676 4550 imperatorem,
1716 4492 1776 4538 ut
1821 4484 1945 4540 ideo
1977 4487 2242 4541 excidatis
2271 4489 2331 4542 ab

2439 4477 2574 4531 ἀλλά
2596 4479 2724 4548 περὶ
2754 4477 2824 4531 τὰ
2842 4477 3179 4548 καιριώτατα
3239 4477 3440 4547 μᾶλλον
3503 4479 3752 4531 ἀπειθεῖν
3800 4479 4027 4533 δείκνυ-

758 4572 1111 4641 imperatoris
1163 4573 1568 4636 benevolentia,
1603 4585 1660 4630 et
1719 4577 1867 4646 larga
1920 4578 2331 4634 munificentia?

2443 4570 2588 4635 σθαι,
2614 4546 2709 4624 καὶ
2738 4546 2975 4639 πόλεμον
3002 4546 3262 4638 ἄντικρυς
3314 4570 3453 4639 πρὸς
3480 4570 3571 4623 τὸν
3611 4571 3880 4640 ὑμέτερον
3944 4574 4026 4626 αῖ-

757 4662 1017 4719 Becedite
1069 4679 1222 4735 ergo,
1268 4666 1505 4720 recedite
1563 4668 1632 4720 ab
1683 4667 1783 4721 hac
1849 4667 1984 4724 falsa
2043 4671 2331 4741 religione.

2446 4663 2634 4734 ρεσθαι
2667 4662 2913 4732 βασιλέα,
2940 4663 3015 4725 ώς
3076 4660 3326 4716 ἐντεῦθεν
3393 4661 3681 4732 βασιλικῆς
3727 4664 4027 4718 ἐκπίπτειν

759 4754 854 4807 Sin
901 4757 1102 4821 minus,
1136 4771 1296 4825 pcena
1347 4773 1454 4811 non
1489 4759 1674 4826 procul
1723 4758 1922 4813 aberit.
1973 4761 2161 4816 Videte
2194 4763 2331 4818 hanc

2445 4755 2731 4826 εὐμενείας
2752 4755 2843 4807 καὶ
2863 4753 3257 4824 πλουσιοδώρου
3281 4756 3646 4825 χρηστότητος
3669 4771 3685 4823 ;
3719 4757 4025 4826 Ἀπόστ-ητε

758 4844 952 4910 aedem,
1019 4845 1074 4898 in
1143 4862 1249 4915 qua
1315 4847 1642 4904 confidistis.
1682 4848 1814 4904 Eam
1867 4851 1974 4921 igni
2029 4853 2332 4917 mandans,

755 4952 852 4991 vos
903 4951 1123 5005 quoque
1175 4938 1337 4990 simul
1406 4939 1652 5006 perdam,
1720 4949 1775 4994 et
1828 4942 2013 4995 scietis
2078 4943 2333 5007 omnino,

757 5037 1038 5096 quamtum
1074 5027 1146 5082 sit
1185 5028 1409 5092 malum,
1436 5045 1464 5084 a
1522 5032 1734 5087 ratione
1766 5032 1941 5087 aliena
1976 5033 2226 5098 audacia,
2279 5043 2336 5089 et

758 5118 960 5172 mentis
989 5119 1316 5188 pervicacia.

829 5293 1087 5350 XV.Cum
1131 5297 1284 5353 dirus
1327 5297 1686 5354 Maximianus
1713 5300 1793 5353 sic
1843 5301 2167 5356 immanitati
2199 5317 2328 5356 con-

751 5389 1026 5458 iunxisset
1055 5389 1474 5452 humanitatem,
1507 5401 1563 5446 et
1593 5392 1858 5446 malorum
1883 5393 2048 5447 minis
2076 5404 2132 5448 et
2167 5396 2334 5450 bono-

755 5494 878 5532 rum
906 5479 1190 5547 promissis
1221 5481 1486 5536 variasset
1514 5483 1836 5548 cntionem,
1879 5484 1973 5552 qui
1997 5483 2169 5538 instar
2196 5487 2330 5538 mel-

755 5572 825 5624 lis
852 5570 1068 5625 dulcem
1098 5571 1339 5627 babebat
1364 5574 1602 5643 linguam
1644 5575 1860 5644 sapiens
1892 5575 2196 5645 Glycerius,
2240 5580 2330 5645 qui

749 5674 873 5717 erat
932 5678 1123 5718 revera
1153 5664 1374 5720 divinus
1407 5667 1690 5720 sacrificus
1730 5674 1785 5720 et
1815 5667 2091 5731 sacerdos,
2141 5679 2196 5721 et
2236 5683 2331 5721 sua

755 5753 920 5809 vzrba
945 5754 1202 5810 studebat
1232 5755 1540 5811 sacriﬁcare
1575 5756 1814 5821 Christo,
1872 5757 1961 5810 cui
1997 5758 2336 5812 sacriﬁcabat

2442 4845 2732 4917 τοιγαροῦν
2753 4847 2849 4917 τῆς
2879 4847 3078 4900 ἀτόπου
3109 4845 3310 4916 ταύτης
3336 4845 3650 4916 θρησκείας,
3692 4847 3981 4916 ἀπόστητε
4011 4865 4023 4877 ·

2443 4936 2561 4988 ιη’
2589 4931 2704 5001 οὖν,
2735 4935 2851 4989 ἀλλ’
2885 4936 2945 4988 οὐ
2980 4934 3201 5004 μακρὰν
3253 4936 3286 5004 ἡ
3344 4934 3489 5005 δίκη.
3559 4933 3754 5003 Ὁρᾶτε
3805 4939 4024 4990 τουτονὶ

2443 5029 2534 5081 τὸν
2557 5023 2707 5083 οἷκον
2731 5028 2816 5096 ἐφ’
2859 5021 3024 5097 ᾧξκαὶ
3059 5026 3378 5092 πεποίθατε,
3415 5028 3548 5097 πυρὶ⁸
3569 5027 3692 5091 δοὺς
3721 5029 3890 5082 αὐτὸν
3935 5033 4022 5081 καὶ

2444 5117 2587 5187 ὑμᾶς
2611 5115 2744 5183 ὁμοῦ
2772 5115 3168 5185 συνδιαφθερῶ,
3204 5115 3298 5169 καὶ
3347 5115 3560 5170 εἴσεσθε
3617 5117 3838 5180 πάντως
3899 5119 4024 5172 ὅσον

2436 5209 2603 5260 κακὸν
2629 5207 2827 5278 θράσος
2851 5207 3056 5274 ἀλσιγονσ
3076 5208 3168 5259 καὶ
3217 5203 3443 5276 γνώμης
3482 5209 3798 5263 ἀντιτυπία.

2504 5300 2607 5354 lE'.
2669 5300 2824 5352 Οὕτω
2871 5299 2964 5352 τοῦ
2997 5299 3170 5352 δεινοῦ
3202 5298 3541 5368 Μαξιμιανοῦ
3563 5301 3896 5370 ιὲπιείκειαν
3921 5305 4022 5356 ἀπ-

2433 5393 2594 5462 ηνείᾳ
2618 5392 2952 5461 συνάψαντος
2984 5394 3172 5445 κακῶν
3221 5408 3280 5445 τε
3333 5393 3583 5456 ἀπειλαῖς
3644 5397 3737 5447 καὶ
3794 5395 4019 5462 ἀγαθῶν

2436 5486 2763 5554 ὑποσχέσεσι
2786 5485 2874 5536 τὸν
2903 5484 3061 5550 λόγον
3085 5485 3451 5551 ποικίλαντος,
3469 5486 3760 5557 Γλυκέριος
3786 5490 3816 5540 ὁ
3836 5489 4017 5556 σοφὸς.

2435 5577 2462 5625 ὁ
2491 5573 2630 5636 θεῖος
2659 5573 2832 5636 ὅντως
2867 5573 3030 5643 θύτης
3063 5574 3157 5626 καὶ
3187 5575 3388 5642 ἱερεὺς,
3423 5581 3513 5628 καὶ
3543 5577 3670 5638 τοὺς
3696 5577 3895 5644 λόγους
3925 5581 4014 5630 αὐο

2435 5667 2562 5729 τοὺς
2590 5666 2892 5720 καταθῦσαι
2927 5667 3177 5721 σπεύδων
3218 5668 3294 5737 τῷ
3343 5669 3434 5721 ὑπ’
3478 5669 3642 5722 αὐτοῦ
3698 5673 4015 5741 ίερουργουο

2448 5759 2595 5828 μένῳ
2635 5758 2852 5829 Χριστῷ
2880 5761 3137 5832 ἐπίτομον
3193 5761 3332 5815 πάνυ
3368 5763 3458 5814 καὶ
3485 5764 3701 5834 καιρίαν
3761 5765 3888 5827 δοὺς
3925 5765 4014 5832 τὴν

815 5870 899 5940 (5)
946 5867 1021 5924 De
1065 5871 1165 5927 hac
1213 5875 1595 5942 persecutione
1628 5874 1931 5931 instaurata
1964 5877 2188 5933 consule
2233 5876 2547 5933 Baron.an.
2594 5877 2719 5936 30L
