4214 6444
227 405 247 465 l
262 405 367 466 057

1373 399 1556 460 VITA
1600 397 1704 459 SS.
1748 395 1956 456 IND/E
1988 395 2084 455 ET
2121 392 2431 456 ΒΟΜΝᾸΞ.

3382 398 3517 465 1058

221 519 523 585 ἀπολογίαν
578 519 676 587 τήν
745 534 803 570 τε
857 518 1111 587 γλῶσσαν
1176 515 1410 585 ἐπέδησε
1462 512 1815 583 Μαξιμιανῷ,

1933 508 2147 562 brevem
2177 518 2233 561 et
2264 517 2628 575 Opportuuam
2661 506 2796 559 dans
2829 507 3278 571 responsionem;
3319 521 3371 563 et
3409 514 3515 568 lin—

221 612 322 665 καὶ
377 611 476 674 τὰς
539 610 745 679 φρένας
793 609 1048 673 διέσεισε,
1079 608 1172 662 καὶ
1208 609 1305 660 σὺν
1351 609 1489 678 ὀργῇ
1536 604 1813 674 θαύματος

222 703 518 773 ἐπλήρωσε
541 703 638 772 τὴν
663 703 866 772 ψυχήν.
892 702 1036 773 Ἔφη
1071 703 1182 772 γάρ
1214 720 1228 731 η
1253 700 1392 754 Οὔτε
1417 700 1526 753 τῶν
1574 702 1816 767 ἐπαγγε-

222 796 360 849 λιῶν
387 813 482 850 σου
512 797 608 850 καὶ
626 795 847 867 δωρεῶν
870 794 1158 865 ἐφιέμεθα,
1216 794 1462 863 βασιλεῦ,
1520 792 1645 845 οῦτε
1706 792 1814 843 τῶν

221 884 470 938 ἀπειλῶν
490 886 628 948 δλως
658 884 1125 955 ἐπιστρεφόμεοα.
1184 884 1292 944 Τὰς
1331 882 1430 949 μὲν
1480 882 1585 952 γὰρ
1646 883 1814 943 πόσας

222 976 294 1031 ἂν
315 977 413 1030 καὶ
434 976 595 1041 ποίας
619 975 763 1047 όρέξ;
782 994 828 1039 ις
860 976 935 1039 ὡς
964 975 1263 1045 δυνηθῆναι
1295 974 1477 1039 θέλξαι
1510 971 1688 1042 ψυχὴν
1711 970 1820 1023 τῶν

230 1074 327 1123 ἶσα
367 1070 461 1124 καὶ
491 1070 721 1140 ὀνείροις
753 1070 864 1131 τοῖς
902 1067 993 1120 τοῦ
1019 1068 1227 1136 κόσμου
1268 1068 1401 1119 πᾶσι
1442 1063 1820 1139 προσεχόντων

224 1165 505 1232 τερπνοῖς,
539 1163 710 1216 κακὸν
732 1162 787 1215 δέ
820 1161 870 1213 τί
898 1160 962 1213 ἂν
990 1160 1086 1213 καὶ
1118 1158 1443 1228 ὰπειλήσαις
1473 1160 1587 1219 τοῖς
1615 1156 1819 1227 ζημίαν

230 1257 438 1326 μᾶλλον
468 1253 837 1324 λογιζομένοις
866 1256 924 1307 τὸ
950 1257 1024 1323 μὴ
1047 1255 1116 1306 τὰ
1167 1251 1529 1323 χαλεπώτατα
1584 1250 1822 1317 ὑποστῆ-

228 1366 320 1402 ναι
351 1348 440 1402 διὰ
468 1347 741 1416 Χριστόνς
773 1349 841 1398 Ἃ
870 1346 925 1398 δὲ
959 1345 1136 1411 λέγεις
1171 1346 1264 1396 καὶ
1302 1342 1383 1411 ἐφ’
1439 1336 1519 1405 οἷς
1567 1342 1672 1411 ἄρα
1732 1340 1823 1391 καὶ

229 1441 506 1510 ἐγκαυχᾷ,
535 1441 649 1501 τοῖς
679 1437 819 1491 κατά
845 1437 953 1489 τῶν
988 1436 1157 1489 ἐθνῶν
1178 1437 1350 1505 δήπου
1378 1433 1661 1504 τροπαίοις
1690 1431 1821 1484 ταῦ-

229 1550 304 1587 τα
339 1534 539 1602 μᾶλλον
574 1532 712 1600 πρὸς
739 1531 895 1600 ἡμῶν
929 1530 1164 1592 ἔσονται,
1203 1529 1435 1591 καὶτοῖς
1476 1527 1628 1595 ἐμοῖς
1680 1541 1813 1592 συμο

234 1621 953 1692 φθέγξονταιλόγοις.⁹υταν
974 1623 1083 1691 γὰρ
1103 1624 1166 1674 σὺ
1182 1620 1500 1681 ὁπλείστους
1524 1614 1822 1685 νενικηκὼς

231 1718 363 1770 ὅσον
384 1715 538 1769 οὔπω
568 1716 841 1782 γυναικῶν
874 1716 967 1767 καὶ
1001 1714 1209 1767 παίδων
1262 1714 1435 1783 ὀφθῇς
1481 1711 1785 1781 ἡττημένος
1808 1746 1823 1770 ,

230 1806 351 1860 τῶν
384 1807 454 1859 τὰ
497 1806 860 1875 Χριστιανῶν,
920 1807 1085 1875 φημὶ,
1154 1805 1499 1875 σεϐομένων,
1535 1804 1651 1864 πῶς
1704 1800 1824 1868 οὐχὶ

238 1899 426 1969 πολλῷ
475 1899 636 1951 πλέον
682 1900 716 1967 ή
778 1898 872 1950 τοῦ
920 1897 1054 1965 ἐμοῦ
1112 1897 1349 1966 Χριστοῦ
1406 1895 1635 1964 δύναμις
1672 1894 1823 1947 ἔσται

237 1992 597 2059 καταφανήςς
631 1991 736 2041 Καὶ
768 1989 903 2056 πρὸς
934 1987 1144 2050 τούτοις
1165 1990 1260 2056 ιτίς
1295 1985 1465 2047 οὕτως
1524 1984 1827 2053 ἐμϐρόντη-

236 2100 335 2147 τος
367 2084 459 2135 καὶ
488 2081 716 2149 ἠλίθιος,
744 2082 818 2143 ὡς
850 2079 1008 2142 εὐθὺς
1043 2079 1365 2132 ἐκλαθέσθαι
1412 2078 1520 2129 τῶν
1576 2077 1679 2146 πρὸ
1731 2093 1820 2144 μι-

239 2175 380 2247 κροῦ
436 2174 671 2245 βροντῶν
713 2191 770 2225 τε
817 2173 912 2226 καὶ
957 2172 1261 2241 κεραυνῶν,
1298 2171 1392 2224 καὶ
1440 2170 1540 2231 τῆς
1593 2168 1827 2236 φρικτῆς

239 2268 461 2337 ἐκείνης
493 2268 820 2336 θεοσημείας
847 2265 1090 2318 θανάτων
1122 2281 1179 2316 τε
1214 2262 1319 2314 τῶν
1356 2262 1546 2330 βιαίων
1593 2259 1687 2311 καὶ
1732 2257 1826 2309 τοῦ

244 2362 448 2432 μικροῦ
506 2362 615 2415 δεῖν
665 2359 1108 2425 καταποντισμοῦ
1160 2357 1255 2408 καὶ
1311 2358 1408 2424 τῆς
1448 2355 1554 2406 τῶν
1599 2352 1829 2422 καρπῶν

239 2453 543 2515 ἀπωλείας,
612 2456 707 2505 καὶ
757 2450 1085 2511 θεοίςταῦτα
1117 2450 1226 2510 τοῖς
1276 2449 1410 2508 σοῖς,
1457 2444 1593 2496 ἀλλὰ
1646 2445 1721 2513 μὴ
1752 2442 1828 2512 τῷ

240 2547 441 2616 άληθεί
479 2546 680 2613 μᾶλλον
708 2542 1010 2611 ἐπιγράψαι
1056 2540 1196 2610 Θεῷ,
1248 2538 1543 2603 εὐκαίρως,
1601 2530 1645 2589 ὦ
1680 2534 1831 2603 βασι-

240 2637 366 2699 λεῦ,
408 2636 505 2705 τὴν
526 2635 702 2705 ἀργὴν
726 2633 985 2699 ἐπάγοντι
1016 2630 1156 2682 κατὰ
1188 2630 1292 2681 τῶν
1320 2628 1561 2684 ἐκείνους
1606 2628 1699 2678 καὶ
1753 2643 1833 2676 τι-

248 2730 481 2800 μώντων
516 2729 612 2779 καὶ
646 2724 956 2791 σεόομὲνων
986 2739 1001 2789 ;
1036 2723 1126 2791 Μὴ
1162 2721 1293 2774 νοῦν
1351 2720 1494 2773 οὓτω
1552 2718 1831 2788 nuptam;

243 2824 341 2875 τὸν
367 2820 486 2874 καθ’
519 2817 676 2888 ήμῶν
715 2818 978 2884 πόλεμονο
1008 2815 1124 2866 ἐστι
1171 2815 1263 2866 καὶ
1288 2813 1416 2883 ἡμῖν
1436 2811 1643 2867 ἄνωθεν
1668 2812 1832 2873 ὅπλα,

244 2909 332 2976 οἷς
365 2912 556 2983 ὥσπερ
584 2911 633 2961 οἱ
669 2908 753 2961 σοὶ
782 2905 1069 2979 δορυφόροι
1101 2906 1254 2974 παρὰ
1278 2903 1370 2957 σοῦ
1403 2907 1661 2975 σήμερον,
1694 2901 1835 2955 οὓτω

244 3008 315 3077 δὴ
340 3005 433 3058 καὶ
453 3003 606 3072 παρὰ
635 2999 730 3052 τοῦ
772 2999 1040 3069 βασιλέως
1068 2997 1176 3051 τῶν
1206 2998 1344 3049 ὅλων
1363 2999 1522 3065 ἡμεῖς
1572 2995 1838 3063 φυλαττό-

251 3100 416 3172 μεθα,
436 3099 503 3152 δι’
528 3094 602 3151 ὧν
632 3098 727 3152 καὶ
753 3093 1149 3163 ἁντιταξόμεθά
1179 3110 1259 3145 σοι
1305 3093 1400 3146 καὶ
1430 3092 1727 3160 νικήσομεν
1761 3088 1835 3140 νί-

1922 616 2083 671 gnam
2135 598 2312 652 vinxit
2370 599 2720 661 Maximiano,
2753 610 2807 652 et
2861 614 2956 653 eor
3002 600 3122 669 ejus
3160 602 3513 658 eouturbavit

1920 700 1975 744 et
2003 690 2277 751 labefecit,
2321 700 2377 741 et
2410 690 2568 742 simul
2630 703 2755 741 eum
2789 688 2866 740 ira
2908 691 3026 757 ejus
3055 705 3296 742 animum
3334 694 3513 759 reple-

1919 785 2000 839 vit
2030 785 2419 841 admiratione.
2447 786 2591 839 Dixit
2625 800 2771 838 enim
2809 803 2819 837 :
2869 784 3055 853 Neque
3118 797 3207 838 tua
3244 789 3511 854 promissa

1922 886 1977 933 et
2025 881 2168 932 dona
2215 880 2636 939 desidetamus,
2686 896 2718 929 o
2773 878 3094 945 imperator,
3152 893 3332 946 neque
3393 888 3514 932 tuas

1922 973 2102 1025 minas
2147 972 2372 1024 omnino
2407 986 2688 1025 curamus.
2738 972 2827 1022 Illa
2860 972 3007 1023 enim
3036 974 3315 1038 quomodo
3347 987 3515 1042 appe-

1926 1074 2194 1128 teremus,
2230 1070 2324 1117 aut
2360 1064 2636 1132 quomodo
2668 1079 2729 1118 ea
2764 1075 3012 1117 nostrum
3050 1064 3349 1118 delinirent
3397 1068 3515 1120 ani-

1926 1171 2100 1220 mum,
2148 1158 2265 1226 qui,
2310 1173 2650 1227 quacunque
2697 1166 2828 1210 sunt
2872 1157 3087 1218 mundi,
3119 1157 3389 1210 habemus
3416 1174 3515 1225 pro

1926 1250 2200 1302 somniis?
2242 1249 2439 1302 Malum
2476 1263 2659 1303 autem
2695 1249 2824 1319 quid
2859 1250 2924 1301 iis
2947 1249 3235 1314 miniteris,
3266 1250 3357 1317 qui
3397 1264 3513 1316 pce-

1927 1356 2052 1394 natn
2086 1343 2266 1409 potius
2293 1342 2634 1403 existimant,
2662 1358 2771 1395 non
2804 1342 2885 1395 vel
2915 1340 3239 1408 gravissima
3276 1344 3515 1395 sustine~

1928 1448 1986 1486 re
2018 1448 2241 1503 promer
2287 1432 2612 1488 Christum?
2652 1433 2780 1497 Qua:
2813 1450 2941 1487 vero
2980 1432 3141 1493 dicis,
3185 1443 3240 1485 et
3285 1434 3350 1488 de
3396 1436 3517 1503 qui-

1927 1526 2030 1580 bus
2056 1528 2311 1595 gloriaris
2352 1528 2419 1580 de
2477 1525 2715 1594 trepzeis,
2760 1526 3003 1595 inquam,
3063 1530 3329 1579 adversus
3381 1544 3514 1594 gen-

1933 1627 2013 1673 tes
2043 1620 2268 1679 erectis,
2300 1634 2362 1671 ea
2398 1619 2569 1686 magis
2600 1620 2823 1672 stabunt
2862 1634 2892 1671 a
2923 1618 3105 1677 nobis.
3137 1636 3190 1672 tt
3225 1635 3359 1673 ιιιοιδ
3396 1635 3489 1673 ver

1931 1711 2013 1764 his
2056 1711 2526 1779 sulIi-agabuntur.
2558 1710 2789 1774 Quando
2814 1712 2961 1765 enim
3005 1712 3097 1780 qui
3130 1711 3310 1764 vicisti
3345 1713 3503 1777 pluri-

1933 1820 2050 1858 mos
2092 1822 2213 1857 mox
2254 1816 2583 1872 conspectus
2620 1819 2678 1857 es
2723 1803 2900 1858 victus
2941 1820 2969 1858 a
3019 1805 3239 1859 feminis
3279 1815 3331 1859 et
3381 1821 3515 1874 puc—

1928 1898 2025 1960 ris,
2053 1899 2120 1951 ab
2160 1898 2246 1955 iis.
2292 1896 2535 1964 inquam,
2587 1897 2681 1964 qui
2718 1898 2910 1950 colunt
2937 1898 3253 1965 religionem
3281 1898 3511 1952 Christi~

1928 2008 2111 2055 anam,
2156 1990 2619 2060 quemadmodum
2654 2008 2759 2043 non
2809 1993 2915 2043 erit
2964 1992 3068 2043 mei
3104 1991 3309 2044 Christi
3342 1992 3519 2044 virtus

1930 2086 2102 2140 multo
2135 2084 2503 2139 manifestior?
2534 2085 2598 2137 Et
2631 2095 2894 2150 praeterea
2930 2088 3054 2154 quis
3098 2099 3181 2141 est
3210 2089 3346 2141 adeo
3380 2097 3508 2141 atto-

1931 2180 2085 2232 nitus
2115 2190 2170 2231 et
2201 2180 2423 2238 stultus,
2459 2189 2514 2232 ut
2570 2182 2642 2233 sit
2671 2180 2877 2233 oblitus
2906 2179 3208 2231 tonitruum
3253 2188 3308 2233 et
3335 2180 3519 2233 l'uhni-

1932 2285 2084 2329 num,
2116 2285 2237 2337 quae
2293 2271 2454 2337 paulo
2499 2281 2626 2325 ante
2659 2270 2908 2330 luerunt.
2961 2281 3016 2323 et
3053 2271 3197 2324 illius
3229 2270 3521 2325 horrendus.

1932 2362 2028 2415 Dei
2077 2363 2517 2432 signiﬁcationis,
2564 2364 2866 2430 mortisque
2941 2363 3215 2424 violenter,
3274 2372 3330 2415 et
3380 2364 3521 2431 ejus.

1931 2469 2053 2521 quae
2083 2468 2250 2520 prOpe
2273 2453 2813 2511 luil.subinersionis
2834 2463 2888 2506 et
2911 2453 3187 2505 fructuum
3217 2453 3476 2505 interitus
3509 2493 3517 2500 .

1931 2556 1987 2597 et
2028 2544 2171 2611 quod
2211 2546 2322 2597 haec
2355 2546 2462 2596 luis
2506 2546 2634 2605 diis,
2668 2560 2774 2596 non
2808 2556 2990 2595 autem
3024 2559 3153 2595 veto
3185 2543 3367 2608 potius
3414 2542 3524 2594 Deo

1932 2634 2275 2702 ascripreris,
2302 2636 2395 2699 qui
2422 2648 2754 2701 Opportune,
2785 2649 2817 2685 ο
2847 2635 3166 2701 imperator,
3192 2634 3359 2687 infert
3386 2633 3522 2685 iram

1936 2731 2201 2779 adversus
2248 2740 2365 2787 eos,
2398 2726 2493 2791 qui
2529 2726 2648 2777 illos
2678 2727 2950 2777 honorant
2998 2734 3052 2776 et
3077 2724 3298 2777 colunt?
3341 2723 3417 2777 Ne
3446 2725 3526 2778 sic

1937 2834 2069 2886 ergo
2121 2817 2324 2870 bellum
2366 2825 2559 2869 contra
2593 2833 2693 2869 nos
2717 2818 3046 2884 susceperis.
3090 2817 3231 2869 Sunt
3256 2818 3417 2872 nobis
3441 2832 3530 2870 ar-

1939 2926 2024 2961 ma
2054 2924 2274 2978 quoque
2311 2910 2566 2976 desuper,
2598 2909 2800 2976 quibus
2826 2908 2971 2961 situt
2998 2907 3158 2961 hodie
3198 2908 3274 2961 tui
3302 2926 3332 2961 a
3363 2919 3413 2962 te
3441 2924 3529 2961 sa-

1941 3003 2161 3065 tellites,
2200 3002 2273 3054 ita
2314 3018 2414 3054 nos
2438 3018 2467 3053 a
2504 3015 2626 3068 rege
2662 3000 2946 3053 munimur
2994 3001 3397 3062 universorum,
3433 3018 3528 3069 per

1938 3108 2061 3163 qua:
2104 3103 2159 3146 et
2204 3103 2392 3147 contra
2429 3103 2479 3146 te
2537 3093 2589 3145 iu
2645 3093 2819 3145 aciem
2888 3092 3259 3160 prodibimus,
3312 3104 3367 3148 et
3412 3096 3524 3148 adit

190 3210 211 3227 ο
248 3210 357 3262 κην
383 3192 579 3262 κομιδῆ
606 3189 1077 3259 παραδοξοτάτην.
1128 3184 1451 3253 Βαλλόμενοι
1486 3186 1593 3250 γάρ
1621 3180 1832 3234 ἀνελοῦ-

1945 3192 2221 3257 piscemur
2270 3189 2551 3239 victoriam
2621 3188 2779 3240 valde
2824 3188 3227 3247 admirabilem.
3272 3190 3525 3246 Percussi

251 3299 377 3353 μεν,
438 3282 532 3335 καὶ
576 3280 866 3343 πίπτοντες
923 3279 984 3331 τὸ
1038 3275 1177 3329 κατὰ
1225 3275 1319 3327 σοῦ
1364 3271 1679 3343 στησόμεθα
1701 3272 1829 3341 τρόο

249 3390 437 3426 παιον.

328 3463 448 3533 ις’.
483 3466 723 3519 Ἤκουσε
746 3464 921 3519 ταῦτα
947 3467 975 3520 ὁ
1008 3464 1284 3535 βασιλεὺς,
1307 3464 1403 3517 κα)⁵
1432 3463 1509 3533 τῷ
1538 3460 1690 3532 τομῷ
1724 3461 1830 3513 τῶν

249 3559 428 3627 λόγων
449 3558 639 3629 ὥσπερ
670 3559 750 3617 είς
784 3559 958 3627 μέσην
990 3558 1265 3619 διακοπεὶς
1297 3559 1393 3625 τὴν
1428 3556 1653 3624 καρδίαν
1702 3552 1834 3621 κρύ-

248 3652 355 3721 ψαι
379 3651 472 3704 νῦν
499 3649 560 3701 τδ
586 3650 755 3713 πάθος
780 3650 838 3701 ἐν
867 3651 1163 3720 ἀπορρήτῳ
1183 3649 1277 3714 τῆς
1307 3648 1484 3717 ψυχῆς
1533 3648 1832 3715 διανοηθεὶς

250 3744 407 3798 οὐδὲν
461 3742 622 3795 πλέον
667 3740 839 3795 είπὼν
897 3740 930 3810 ἢ
1000 3741 1201 3810 δράσας
1228 3740 1319 3793 τοῦ
1356 3740 1484 3791 ναοῦ
1514 3737 1730 3802 ἔξεισιν.
1774 3738 1832 3789 'U

256 3837 441 3906 μέντοι
515 3835 747 3905 εὐσεϐὴς
806 3836 1014 3896 ἐκεῖνος
1083 3833 1210 3895 λαὸς
1257 3833 1335 3900 τῷ
1368 3831 1623 3899 μένΙΘεῷ
1653 3830 1831 3894 δόξαν,

254 3926 536 3996 Γλυκερίῳ
557 3926 613 3979 δέ
641 3926 720 3993 τῷ
752 3924 899 3994 σοφῷ
921 3923 1178 3986 τοιαύτας
1236 3923 1465 3984 ἕκαστος
1518 3922 1835 3990 προσιόντες

252 4018 496 4071 ἐδίδοσαν
528 4018 625 4077 τὰς
659 4016 842 4082 φωνὰς
889 4016 974 4077 Ὠς
1015 4014 1220 4081 γλυκέα
1262 4014 1339 4082 τῷ
1366 4014 1597 4081 λάγυγγί
1633 4030 1733 4080 μου
1766 4011 1836 4062 τὰ

253 4110 409 4177 λόγιά
440 4126 556 4171 σου,
588 4111 727 4176 ὑπερ
784 4108 902 4176 μέλι
927 4107 1001 4173 τῷ
1028 4107 1253 4173 στόματί
1321 4124 1419 4173 μου
1445 4108 1458 4159 l
1505 4102 1835 4172 Μαξιμιανῷ

253 4206 315 4258 δὲ
365 4205 466 4256 οὐκ
520 4202 746 4271 ἔμελλεν
776 4202 805 4252 ὁ
832 4200 1004 4267 θυμὸς
1063 4202 1154 4251 ἐπὶ
1197 4198 1331 4250 πολὺ
1366 4198 1629 4260 καθεκτὸς
1671 4194 1834 4257 εἶναι,

256 4294 393 4349 ἀλλὰ
417 4293 632 4361 σφύζων
654 4295 712 4345 ἐν
749 4291 900 4359 αὐτῷ
925 4290 1102 4341 πείθει
1123 4291 1280 4358 χερσὶ
1305 4289 1735 4359 δστρατιωτικαῖς
1768 4290 1834 4357 τῇ

256 4386 525 4456 ἐκκλησίᾳ
553 4384 850 4456 προσιόντα
898 4382 1190 4450 Γλυκέριον
1228 4380 1624 4449 συλληφθῆναι,
1670 4381 1836 4447 ἀνάρ-

257 4480 466 4531 παστόν
495 4494 554 4529 τε
584 4478 720 4548 πρὸς
754 4475 915 4528 αὑτὸν
950 4473 1179 4542 ἀχθῆναι
1215 4489 1228 4501 ·
1270 4473 1328 4525 ὃν
1357 4472 1420 4542 δὴ
1453 4473 1546 4524 καὶ
1584 4472 1661 4539 τῷ
1695 4472 1836 4523 ὲκεί-

1937 3282 2106 3341 enim,
2158 3281 2573 3332 interimemus:
2622 3289 2678 3332 et
2711 3279 2990 3345 cadentes,
3020 3291 3213 3334 contra
3247 3291 3297 3337 te
3329 3292 3526 3351 tropae—

1938 3386 2028 3424 um
2061 3374 2358 3436 eligemus.

2008 3462 2151 3516 XVI.
2198 3465 2325 3517 llaec
2368 3464 2547 3517 audiit
2600 3466 2920 3533 imperator,
2961 3474 3016 3519 et
3044 3466 3360 3520 secantibus
3401 3482 3524 3520 ver.

1942 3556 2024 3609 bis
2066 3558 2119 3607 in
2150 3557 2331 3609 medio
2370 3559 2536 3607 ρυΓιίε
2571 3558 2984 3623 quodammodo
3024 3562 3320 3617 sauciatus.
3360 3561 3526 3613 animi

1940 3650 2149 3701 motum
2193 3652 2245 3700 in
2289 3651 2581 3716 praesentia
2632 3650 2813 3703 celare
2875 3651 3085 3703 habens
3136 3652 3189 3703 in
3226 3654 3430 3716 animo,
3476 3662 3530 3706 et

1942 3740 2079 3792 nihil
2103 3741 2340 3807 amplius
2370 3742 2559 3793 dit-eus
2590 3752 2683 3791 aut
2718 3742 2945 3803 faciens,
2972 3756 3002 3793 e
3074 3744 3284 3811 templo
3314 3743 3531 3810 egredi-

1944 3840 2056 3884 tur.
2090 3831 2222 3884 l'iUs
2250 3842 2434 3885 autem
2464 3833 2552 3884 ille
2591 3834 2847 3899 populus,
2884 3834 2994 3886 Deo
3026 3834 3247 3902 quidem
3276 3834 3529 3903 gloriam,

1941 3926 2175 3993 sapienti
2222 3938 2352 3976 vero
2400 3927 2673 3991 big-certo,
2698 3940 2798 3991 pro
2831 3940 2889 3976 se
2921 3926 3154 3993 quisque
3191 3926 3326 3978 taies
3367 3941 3530 3980 voces

1942 4017 2161 4070 edidit:
2204 4035 2220 4066 ι
2268 4017 2440 4079 Quam
2492 4017 2674 4067 dulcia
2722 4016 2933 4085 gutturi
2982 4032 3102 4069 meo
3151 4016 3366 4084 eloquia
3416 4030 3527 4081 tua,

1942 4123 2106 4176 Supra
2146 4108 2249 4159 n.el
2292 4109 2376 4158 ori
2409 4122 2529 4159 meo
2564 4109 2620 4158 ’l
2669 4126 2684 4156 ι
2717 4109 2836 4160 rion
2882 4110 3125 4161 futurum
3161 4119 3344 4161 autem
3386 4120 3528 4172 erat,

1944 4209 2003 4252 ut
2036 4198 2397 4252 Maximianus
2431 4198 2564 4249 iram
2584 4199 2675 4249 diu
2711 4200 3016 4260 cohiberet,
3047 4201 3139 4252 sed
3175 4200 3318 4267 apud
3343 4216 3402 4254 se
3440 4201 3529 4253 fu-

1946 4308 2067 4344 rore
2110 4292 2374 4359 percitus,
2414 4290 2571 4358 jubet
2610 4291 2922 4359 Gintfl'lUln
2977 4303 3203 4345 euntem
3243 4293 3308 4344 ad
3350 4294 3531 4347 eccle-

1946 4385 2080 4435 siam
2149 4381 2544 4449 comprehendi
2598 4397 2763 4433 inanu
2813 4383 3063 4443 militari,
3100 4394 3154 4435 et
3186 4393 3526 4453 correptum,

1947 4474 2012 4525 ad
2055 4488 2112 4525 se
2147 4473 2365 4526 adduci.
2397 4473 2498 4536 Qui
2539 4487 2663 4525 eum
2697 4474 2763 4525 ad
2812 4474 2959 4527 illius
2996 4476 3235 4529 tribunal
3258 4487 3403 4531 eSset
3432 4480 3530 4532 ad-

258 4587 353 4622 νου
389 4568 593 4639 βήματι
626 4565 1008 4635 παραστάντα,
1043 4563 1211 4633 μηδὲν
1232 4563 1518 4631 ἐρωτήσας
1548 4562 1824 4615 τύπτεσθα

1956 4566 2176 4627 ductus,
2215 4566 2351 4617 nihil
2394 4565 2792 4635 interrogatum
2834 4567 2999 4634 jussit
3049 4570 3328 4623 verberari
3360 4571 3529 4626 boum

261 4660 575 4732 βυυνεύροις
608 4658 861 4711 ἐκέλευεν
892 4655 1036 4710 οὕτω
1098 4653 1365 4725 σφοδρῶς,
1429 4654 1531 4716 ἓως
1562 4656 1682 4716 τοῦς
1750 4656 1848 4725 μὲν

258 4754 561 4815 τύπτοντας
595 4753 628 4823 ὴ
693 4753 869 4821 ἰσχὺς,
905 4752 1113 4802 ἐκεῖνον
1145 4748 1207 4801 δὲ
1236 4748 1627 4819 μαστιζὸμενον
1678 4746 1849 4810 ἐξέλι-

261 4857 363 4893 πεν
395 4841 428 4909 ὴ
454 4839 605 4908 φωνή
641 4856 655 4871 ο
691 4840 788 4892 καὶ
814 4838 1014 4907 κύρυκι
1039 4836 1096 4889 δέ
1136 4835 1358 4889 τοιαῦτα
1395 4837 1669 4902 ἐπιλέγειν
1700 4836 1847 4904 αὐτῷ

261 4934 608 5003 τυπτομένῳ,
642 4930 828 4983 Φείδου
858 4930 927 4983 τὰ
949 4929 1118 4982 πολλὰ
1143 4928 1411 4999 γλώττης,
1444 4928 1724 4997 Γλυκέριε.
1757 4930 1850 4999 Μὴ

262 5023 502 5086 ἀλαζὼν,
544 5022 619 5093 μὴ
670 5020 1020 5089 στασιαστὴς,
1072 5020 1144 5089 μὴ
1200 5019 1457 5086 αὐθάδης.
1518 5018 1664 5087 Τίμα
1712 5019 1846 5070 Ῥω-

268 5113 446 5183 μαίων
466 5110 581 5178 ἐθη,
622 5110 775 5164 αἰδοῦ
809 5110 1065 5180 βασιλεῖς.
1088 5108 1244 5160 Οὕτω
1278 5110 1376 5177 μὲν
1432 5109 1693 5161 ἐπέταττε
1733 5110 1849 5162 Μα-

266 5203 515 5274 ξιμιανός
540 5219 555 5235 ο
580 5201 696 5255 ἀλλ’
726 5199 848 5255 οὔτε
882 5200 1185 5271 βασανίζων
1214 5199 1452 5265 ἔπεισεν,
1510 5200 1631 5253 οὔτε
1678 5200 1850 5253 ταῦτα

268 5299 485 5371 ἐπᾴδων
514 5296 986 5369 κατεδυσώπησεν,
1040 5296 1175 5349 ἀλλὰ
1223 5297 1487 5367 κρείττων
1544 5300 1572 5350 ό
1641 5299 1849 5366 μάρτυς

268 5393 366 5445 καὶ
394 5390 501 5442 τῶν
529 5390 737 5459 δημίων
762 5389 982 5458 χειρῶν,
1016 5388 1114 5441 καὶ
1142 5388 1250 5442 τῶν
1276 5390 1626 5458 ἐπᾳδομένων
1657 5391 1849 5455 φωνῶν

267 5483 360 5535 τὸν
388 5479 581 5533 ἐαυτοῦ
615 5478 839 5549 βασιλέα
865 5479 1070 5547 ἐζήτει,
1096 5480 1192 5532 καὶ
1243 5481 1342 5549 τὴν
1396 5482 1604 5533 ἐκεῖθεν
1659 5482 1848 5546 ἐξεκα-

268 5572 415 5625 λεῖτο
442 5569 691 5639 βοήθειαν
723 5570 868 5630 ὅπως
898 5564 1011 5638 εἷχε
1048 5571 1140 5623 καὶ
1180 5572 1364 5639 φωνῆς
1412 5570 1509 5623 καὶ
1545 5569 1850 5639 δυνάμεως,

270 5663 445 5731 κύριε
481 5660 651 5729 Ἰησοῦ
683 5660 902 5731 Χριστέ,
934 5662 1129 5728 λέγων,
1157 5661 1345 5733 ὥσπερ
1378 5663 1437 5732 δή
1490 5680 1557 5730 με
1592 5664 1729 5733 ὑπὲρ
1759 5663 1851 5716 σοῦ

270 5753 454 5820 λέγειν
483 5752 752 5822 ἔρρωσας,
786 5750 929 5804 οὕτω
948 5751 1011 5821 δὴ
1038 5755 1130 5807 καὶ
1159 5752 1298 5822 ὑπὲρ
1328 5755 1421 5806 σοῦ
1476 5754 1705 5821 πάσχειν
1764 5758 1851 5809 ἐνο

340 5867 581 5926 Ῥειιω.
615 5882 807 5939 exuit,
842 5867 965 5925 103.

1953 4660 2140 4713 nervis
2162 4670 2266 4711 tam
2292 4658 2665 4719 vehementer,
2695 4658 2872 4711 donec
2902 4663 3254 4715 verberantes
3278 4663 3526 4730 quidem,

1954 4754 2119 4812 vires,
2148 4750 2297 4802 illum
2338 4759 2549 4811 autem,
2580 4749 2673 4816 qui
2723 4748 3060 4812 medebatur,
3097 4768 3195 4805 vos
3243 4755 3522 4809 ilelieeret.

1954 4840 2197 4893 Praeconi
2239 4853 2460 4906 quoque
2507 4840 2578 4900 ei,
2617 4838 2747 4891 dum
2799 4841 3405 4911 verberabatur,jussit
3437 4846 3527 4899 di-

1953 4947 2078 4984 cere
2115 4948 2127 4982 :
2161 4929 2369 4998 Lingua
2415 4931 2635 4999 parcius
2678 4940 2853 4997 utere,
2882 4948 2913 4984 ο
2945 4933 3180 5002 Glyceri.
3213 4936 3291 4988 Ne
3330 4939 3407 4989 sis
3439 4955 3528 4991 ar-

1955 5037 2175 5091 rogans.
2219 5038 2321 5075 nec
2372 5022 2689 5084 seditiosus,
2747 5037 2850 5075 nec
2898 5023 3161 5081 insolens.
3207 5026 3266 5080 In
3318 5029 3527 5086 honore

1955 5112 2093 5165 habe
2132 5126 2314 5165 mores
2365 5111 2782 5178 Romanorum;
2835 5129 3088 5168 reverere
3136 5116 3524 5183 imperatores.

1953 5201 2044 5257 Sic
2098 5204 2319 5271 quidem
2377 5203 2671 5269 imperavit
2724 5203 3083 5259 Maximianus
3137 5226 3148 5259 :
3195 5192 3291 5263 sed
3345 5226 3525 5279 neque

1956 5306 2223 5362 torquens
2309 5295 2619 5362 persuasit,
2684 5310 2859 5363 neque
2922 5298 3037 5352 haec
3110 5311 3336 5355 cantans
3402 5320 3527 5359 eum

1956 5388 2140 5442 allecit
2177 5386 2409 5456 pudore,
2444 5388 2539 5441 sed
2585 5402 2709 5467 eum
2744 5397 2893 5443 esset
2929 5400 3138 5461 martyr
3176 5396 3429 5461 superior
3474 5407 3531 5451 et

1962 5479 2217 5532 manibbs
2253 5478 2534 5541 lictorum,
2558 5486 2614 5532 et
2656 5481 2889 5534 vocibus
2929 5499 3050 5551 quae
3080 5485 3130 5537 ei
3171 5485 3529 5544 iucantabau-

1961 5581 2065 5631 tur.
2093 5571 2374 5640 quaarebat
2397 5586 2555 5626 suum
2590 5572 2813 5642 Regem,
2842 5583 2897 5627 et
2934 5587 3041 5628 tota
3082 5592 3211 5631 voce
3242 5588 3294 5631 et
3325 5582 3536 5636 viribus’

1963 5665 2110 5719 illius
2153 5664 2438 5718 invocabat
2481 5664 2746 5717 auxilium
2781 5682 2794 5717 :
2846 5666 3073 5720 Domine
3117 5669 3245 5721 Jesu
3291 5670 3530 5735 Christe,

1963 5758 2173 5823 dicens,
2208 5755 2482 5827 quomodo
2523 5769 2623 5809 me.
2663 5767 2721 5809 et
2758 5772 2856 5825 pro
2898 5767 2946 5812 te
2980 5758 3242 5819 dicerem,
3273 5762 3533 5817 corrobo-
