4214 6444
757 373 898 444 1059
1923 369 2317 430 ADDENDA.

2468 367 2898 429 DECEMBER.
3907 362 4041 428 1060

758 496 914 558 rasti.
945 496 1018 550 ita
1051 496 1246 558 etiam,
1283 510 1317 548 ο
1368 494 1536 557 bone,
1571 492 1638 546 da
1679 490 1812 546 mihi
1863 490 2032 553 vires,
2056 498 2117 544 ut
2151 504 2253 560 pro
2294 498 2336 543 te

2454 489 2692 559 ίσχυσον,
2721 488 2914 556 ἀγαθὲ,
2949 488 3034 539 ἴνα
3060 489 3126 557 τῇ
3163 484 3451 558 προσθήκῃ
3477 483 3588 536 τῶν
3618 479 3894 548 ἀλγεινῶν
3928 480 4045 547 μεί-

755 587 956 660 patiar,
999 597 1058 640 ut
1106 585 1424 640 accessione
1466 599 1658 639 eorum
1706 598 1828 652 qua:
1860 593 1991 636 sunt
2031 581 2230 645 tristia,
2262 581 2334 636 sit

2439 586 2547 649 ζων
2572 601 2660 653 μοι
2680 585 2820 651 καὶῆ
2851 582 2958 635 τῶν
2983 579 3254 651 βραϐείων
3277 577 3543 639 ἀντίδοσις
3573 575 3827 646 γένηται.
3873 571 4042 626 Τοῦτο

756 680 890 734 mihi
930 678 1278 748 praemiorum
1307 678 1481 747 major
1506 675 1900 729 remuneratio.
1926 674 2040 729 IIoc
2073 686 2333 744 tanquam

2441 677 2694 744 καθάπερ
2727 677 2859 746 πυρὶ
2892 675 3005 745 πῦρ
3060 673 3365 744 προστεθὲν
3420 669 3764 740 Μαξιμιανῷ
3817 667 4044 720 πλείονα

756 772 898 840 ignis
920 771 1027 842 igni
1048 770 1322 833 additum,
1344 769 1672 823 Maximiano
1697 769 1962 837 majorem
1981 767 2118 820 iram
2138 783 2335 822 accen-

756 866 859 930 dit;
907 866 1018 933 ipse
1049 873 1230 918 autem
1267 880 1385 923 eos.
1412 865 1508 929 qui
1552 864 1954 933 percntiebant,
1987 877 2234 932 eousque
2278 873 2332 916 ut

755 958 1119 1012 verberarent
1151 959 1419 1021 incitavit,
1452 957 1632 1011 donec
1663 971 1860 1024 corpus
1897 956 2150 1025 martyris
2179 953 2333 1008 humi

753 1051 982 1121 jaceret,
1016 1050 1152 1103 nihil
1185 1049 1449 1103 diﬂerens
1473 1050 1542 1104 ab
1579 1050 1838 1103 inanimis
1867 1065 1879 1101 :
1918 1048 2183 1118 sanguine
2216 1047 2335 1116 qui-

759 1142 884 1196 dem
911 1143 1023 1212 jam
1065 1141 1369 1204 exinanito,
1405 1141 1545 1209 pelle
1576 1154 1708 1194 vero
1735 1147 1900 1194 vento
1931 1138 2249 1202 tumefacta,
2279 1147 2336 1192 et

761 1235 874 1304 ipsa
905 1247 1070 1287 carne
1099 1233 1255 1302 prius
1296 1240 1619 1300 consumpta
1653 1239 1710 1286 et
1745 1231 1912 1286 nudis
1945 1231 2080 1284 solis
2117 1231 2336 1286 ossibus

760 1324 1178 1394 apparentibus.
1230 1324 1382 1390 Quod
1438 1324 1662 1393 quidem
1726 1324 1896 1377 movit
1957 1322 2338 1377 misericordia

761 1433 870 1472 non
896 1418 1073 1473 solum
1105 1419 1223 1486 pios
1248 1427 1305 1471 et
1337 1418 1607 1471 humanos
1635 1417 1871 1480 animos,
1908 1416 1999 1470 sed
2031 1416 2196 1469 etiam
2222 1417 2338 1469 ani-

761 1525 880 1565 mos
916 1509 1242 1564 inﬁdelium.
1269 1509 1340 1563 At
1364 1524 1472 1562 non
1497 1507 1908 1573 Maximianum,
1939 1507 2098 1576 cujus
2121 1506 2336 1559 animus

761 1612 879 1656 erat
912 1601 1090 1669 lapide
1129 1601 1339 1654 durior.

834 1694 997 1748 XVII.
1037 1693 1141 1749 Sed
1185 1703 1471 1760 postquam
1519 1696 1596 1748 sic
1627 1691 1882 1747 allectum
1914 1690 2249 1762 Glycerium,
2282 1700 2340 1745 et

763 1801 792 1839 a
827 1796 1044 1839 mortuo
1084 1785 1306 1854 quidem
1348 1787 1483 1839 nihil
1538 1801 1707 1855 prepe
1755 1785 2127 1850 differenten),
2163 1783 2333 1838 solam

2436 770 2526 821 τδν
2552 769 2724 838 θυμὸν
2753 767 2978 837 ἀνῆψεν.
3003 768 3174 828 Αὐτὸς
3199 766 3256 818 δὲ
3284 767 3410 828 τοὺς
3446 765 3712 826 παίοντας
3739 764 3823 825 είς
3850 759 4040 814 τοσοῦ-

2436 879 2526 913 τον
2557 860 2779 930 ἠρέθισε
2811 860 3059 923 τύπτειν,
3088 859 3194 921 ἕως
3224 859 3284 911 τὺ
3311 859 3471 927 σῶμα
3497 856 3592 910 τοῦ
3627 857 3922 926 μάρτυρος
3951 853 4039 904 οὐ·

2435 954 2522 1006 δὲν
2548 954 2656 1006 τῶν
2687 953 2911 1022 ἀψύχων
2939 952 3195 1015 ἀπεοικὸς
3217 952 3308 1003 ἐπὶ
3331 951 3434 1020 γῆς
3472 949 3651 1002 ἔκειτο
3673 949 3771 1001 τοῦ
3805 948 4037 1017 αἵματος

2437 1046 2536 1117 μὲν
2560 1047 2659 1116 ἢδη
2683 1046 3034 1108 κενωθέντος,
3063 1045 3234 1114 αὐτῆς
3261 1043 3318 1097 δὲ
3350 1042 3554 1112 σαρκὸς
3589 1039 4036 1112 πρεδαπανηθεί-

2438 1157 2564 1208 σης,
2601 1141 2695 1196 καὶ
2745 1140 2855 1193 τῶν
2910 1139 3085 1191 ὀστῶν
3117 1140 3293 1208 μόνων
3335 1135 3508 1204 ψιλῶν
3553 1130 4035 1200 ὑποφαινομένων,

2436 1235 2574 1303 ὅπερ
2599 1230 2778 1287 οἶκτον
2809 1232 3061 1286 ἐνέϐαλεν
3085 1231 3146 1283 οὐ
3181 1234 3300 1292 ταῖς
3327 1227 3581 1281 εὐσεϐέσι
3615 1227 3782 1295 μόνον
3812 1223 3913 1274 καὶ
3953 1239 4036 1290 φι-

2436 1325 2778 1396 λανθρώποις
2800 1325 3023 1394 ψυχαῖς,
3056 1322 3190 1376 ἀλλά
3225 1322 3288 1393 δὴ
3326 1322 3421 1373 καὶ
3457 1320 3574 1381 ταῖς
3609 1317 3722 1368 τῶν
3761 1315 4036 1368 ἀπίστωνο

2438 1419 2551 1471 ἀλλ’
2603 1420 2723 1487 οὐχί
2776 1420 2870 1470 καὶ
2917 1415 3244 1484 Μαξιμιανῷ
3294 1413 3373 1484 τῷ
3417 1411 3511 1465 καὶ
3540 1409 3706 1465 αὐτοῦ
3748 1407 3909 1461 λίθου
3942 1407 4036 1473 τὴν

2437 1510 2614 1581 ψυχὴν
2655 1509 3026 1581 σκληροτέρῳ.

2511 1694 2612 1748 IZ'.
2656 1693 2795 1746 Ἃλλ¹
2826 1693 2951 1745 ἐπεὶ
2969 1690 3261 1760 Γλυκέριον
3293 1688 3441 1760 ἑώρα
3470 1687 3565 1740 καὶ
3602 1685 3781 1744 οὕτως
3815 1682 4030 1751 ἔχοντα,

2442 1785 2536 1837 καὶ
2565 1783 2758 1853 νεκροῦ
2799 1782 2897 1853 μὲν
2917 1783 3068 1835 οὐδὲν
3104 1781 3300 1851 μικροῦ
3327 1779 3675 1847 διαφέροντα,
3703 1781 3811 1843 τὴν
3856 1773 4031 1841 γλῶτ-

764 1888 948 1932 autem
1003 1879 1244 1947 linguam
1299 1888 1608 1932 moventem
1655 1878 1969 1932 vehementi
2022 1879 2240 1946 spiritu,
2281 1886 2336 1930 et

2442 1893 2542 1928 ταν
2597 1876 2654 1928 δὲ
2713 1874 2965 1927 κινοῦντα
3023 1875 3190 1943 μόνην
3230 1874 3288 1924 ἐν
3341 1869 3556 1941 θερμῷ·
3590 1867 3876 1935 πνεύματι
3921 1867 4029 1926 καὶ,

763 1971 1079 2026 dicentem:
1125 1970 1256 2023 Sum
1307 1971 1679 2038 Christianus,
1727 1986 1919 2025 servus
1961 1970 2186 2034 Christi,
2239 1969 2333 2040 qui

758 2063 909 2118 solus
947 2072 1032 2117 est
1074 2079 1236 2118 verus
1285 2064 1461 2126 Deus;
1522 2080 1665 2118 unus
1741 2074 1826 2118 est
1868 2064 1999 2116 mihi
2046 2063 2330 2129 Dominus,

761 2171 906 2210 unus
954 2159 1092 2211 Rex.
1141 2158 1262 2210 Non
1317 2157 1500 2212 ferens
1555 2159 1646 2211 ille
1685 2157 1944 2226 loquendi
1993 2157 2329 2224 libertatem,

753 2245 910 2311 jubet
954 2262 1080 2299 eum
1165 2248 1386 2316 quidem
1439 2249 1576 2302 solvi
1625 2265 1652 2303 a
1710 2249 1987 2315 vinculis,
2033 2249 2332 2303 abductum

756 2353 891 2391 vero
933 2347 1086 2392 extra
1131 2340 1434 2404 civitatem,
1477 2341 1600 2410 igne
1635 2350 1937 2397 crematum
1976 2352 2205 2396 mortem
2240 2357 2333 2396 su-

758 2427 895 2482 bire.
931 2429 1140 2483 Ductus
1172 2444 1302 2497 ergo
1344 2446 1645 2499 generosus
1685 2431 1774 2486 ille
1805 2431 1872 2484 ad
1903 2431 2084 2484 locum
2121 2429 2331 2484 consti-

759 2527 977 2583 tutum.
1023 2531 1079 2575 et
1133 2532 1283 2575 stans
1346 2522 1413 2575 ad
1477 2523 1784 2587 orientem,
1846 2524 2044 2592 partim
2104 2523 2328 2592 quidem

755 2611 976 2666 Christo
1011 2615 1124 2682 egit
1149 2615 1354 2683 gratias
1383 2615 1476 2683 qui
1506 2630 1629 2669 eum
1665 2631 1694 2668 a
1724 2617 1911 2670 multis
1936 2615 2199 2669 liberarat
2230 2631 2330 2685 pe-

758 2705 992 2772 riculis;
1031 2708 1230 2774 partim
1277 2716 1461 2761 autem
1508 2723 1607 2776 pro
1647 2723 1706 2762 se
1741 2708 2099 2762 vehementer
2127 2708 2327 2772 oravit,

757 2805 813 2851 et
839 2813 938 2866 pro
977 2800 1106 2867 piis,
1137 2799 1230 2868 qui
1273 2809 1433 2853 erant
1471 2800 1698 2869 ubique.
1723 2800 1931 2855 Deinde
1959 2817 2082 2855 cum
2126 2802 2330 2856 Christi

758 2889 979 2958 signum
1021 2905 1122 2943 suo
1152 2891 1496 2947 adhibuisset
1535 2891 1773 2962 corpori,
1803 2892 1905 2946 fuit
1937 2893 2128 2948 aﬁixus
2158 2895 2328 2964 ligno,

758 2997 914 3037 saera
945 2983 1184 3046 victima,
1214 2985 1357 3038 aries
1387 2999 1580 3046 carens
1604 2986 1754 3040 omni
1788 2987 1942 3050 vitio,
1975 2988 2024 3040 ei
2053 2987 2147 3056 qni
2178 2988 2328 3058 ligno

757 3082 984 3141 propter
1007 3088 1105 3126 nos
1121 3073 1225 3125 fuit
1248 3073 1462 3129 afﬁxus.
1485 3074 1613 3144 Igne
1637 3083 1817 3128 autem
1845 3077 2042 3130 subtus
2073 3092 2329 3141 accenso,

755 3163 884 3218 Jesu
903 3163 1003 3217 l'uit
1028 3164 1271 3218 oblatum
1293 3164 1671 3222 holocaustum
1705 3177 1760 3220 et
1788 3169 2117 3223 sacriﬁcium
2137 3150 2330 3240 accep;

2442 1969 2766 2039 Χριστιανός
2789 1970 2929 2036 είμι,
2952 1968 3201 2034 λέγοντα,
3236 1962 3476 2036 Χριστοῦ
3503 1963 3690 2023 δοῦλος
3729 1962 3830 2012 τοῦ
3870 1960 4032 2028 μόνον

2441 2061 2599 2114 Θεοῦ.
2644 2056 2740 2123 Εἷς
2789 2061 2910 2129 ἐμοὶ
2949 2060 3158 2128 κύριος,
3186 2056 3267 2121 εἷς
3298 2055 3582 2120 δεσπότης,
3613 2048 3694 2113 εἷς
3742 2049 4025 2121 βασιλεύς

2445 2151 2518 2221 μὴ
2545 2152 2786 2218 ἐνεγκὼν
2818 2153 3021 2212 ἐκεῖνος
3051 2150 3151 2215 τὴν
3172 2146 3491 2217 παρρησίαν
3527 2145 3764 2213 λυθῆναι
3799 2145 3903 2212 μὲν
3932 2144 4028 2195 αὐ-

2440 2242 2530 2294 τὸν
2556 2242 2666 2293 τῶν
2698 2240 2912 2310 δεσμῶν
2955 2237 3188 2304 κελεύει,
3222 2238 3328 2301 ἔξω
3363 2237 3422 2290 δὲ
3475 2236 3578 2304 τῆς
3621 2235 3837 2295 πόλεως
3889 2234 4028 2285 ἀπα-

2440 2334 2637 2404 χθέντα
2667 2337 2755 2386 τὸν
2774 2335 2863 2388 διὰ
2885 2334 3056 2401 πυρὸς
3079 2333 3384 2402 ὑποστῆναι
3415 2330 3669 2384 θάνατον.
3687 2327 3910 2397 Ἀχθεὶς
3935 2326 4027 2379 οῦν

2437 2431 2466 2481 ὁ
2493 2429 2756 2495 γεννάδας
2780 2429 2874 2480 ἐπὶ
2893 2428 2984 2478 τὸν
3022 2427 3310 2494 ὁρισθέντα
3377 2426 3563 2488 τόπον,
3627 2423 3723 2476 καὶ
3764 2423 3906 2493 πρὸς
3956 2421 4027 2473 ξω

2441 2519 2592 2586 στὰς,
2617 2518 2775 2570 τοῦτο
2812 2518 2909 2589 μὲν
2931 2519 3094 2588 χάριν
3119 2515 3387 2586 ὡμολόγει
3415 2515 3494 2585 τῷ
3523 2517 3588 2568 ὲκ
3615 2514 3833 2567 πολλῶν
3863 2513 4028 2566 αὐτὸν

2439 2616 2680 2682 παγίδων
2713 2614 3002 2684 ῥυσαμένῳ
3036 2611 3278 2684 Χριστῷ,
3300 2611 3461 2663 τοῦτο
3490 2611 3546 2662 δὲ
3580 2611 3676 2664 καὶ
3707 2608 3910 2662 ἑαυτοῦ
3941 2607 4031 2661 καὶ

2437 2710 2545 2762 τῶν
2577 2707 2889 2777 ἁπανταχοῦ
2920 2706 3136 2777 θερμῶς
3162 2703 3511 2775 ὐπερηύξατο
3560 2701 3827 2755 εὐσεϐῶν.
3895 2699 4026 2753 Εἶτα

2437 2803 2537 2870 τὴν
2567 2800 2659 2854 τοῦ
2692 2801 2927 2871 Χριστοῦ
2955 2797 3227 2869 σφραγῖδα
3259 2796 3337 2866 τῷ
3367 2794 3560 2848 ἑαυτοῦ
3612 2793 3894 2846 ἐπιϐαλὼν
3927 2793 4031 2843 σώ-

2443 2911 2575 2964 ματι
2605 2892 2933 2964 προσηλώθη
2960 2891 3041 2961 τῷ
3075 2890 3239 2956 ξύλω,
3275 2889 3420 2956 ἱερὸν
3452 2887 3601 2956 θῦμα
3647 2887 3801 2956 κριὸς
3871 2885 4031 2952 ἄμω-

2443 3004 2540 3056 μος
2570 2986 2646 3054 τῷ
2675 2987 2741 3038 δι’
2773 2986 2919 3054 ἡμᾶς
2961 2983 3103 3052 ξύλῳ
3143 2980 3574 3053 προσηλωθέντι”
3604 2980 3699 3031 καὶ
3728 2979 3826 3029 τοῦ
3853 2976 4026 3045 πυρὸς

2436 3080 2492 3132 δὲ
2525 3076 2767 3132 κάτωθεν
2799 3075 3131 3144 ἀναφθέντος
3157 3074 3202 3124 ὼ
3234 3072 3552 3141 λοκαυτώθη
3581 3070 3660 3139 τῷ
3698 3067 3880 3138 Ἰησοῦ
3937 3069 4029 3119 θυ-

2439 3172 2526 3224 σία
2551 3170 2964 3239 εὐπρόσδεκτος,
2999 3167 3344 3237 καλλιέρημα
3383 3164 3528 3218 θεῖον
3559 3163 3636 3232 τῷ
3665 3162 3780 3216 ἀνω
3811 3161 4028 3232 προσῆο

760 3257 951 3320 tabile,
984 3265 1038 3310 et
1069 3258 1253 3311 divina
1287 3259 1462 3312 hostia
1503 3275 1756 3327 supernze
1801 3263 2159 3316 conveniens.
2185 3263 2327 3328 Quid

2437 3282 2530 3318 κον
2559 3263 2796 3332 Χριστοῦ
2835 3261 3226 3330 θυσιαστηρίῳ.
3261 3259 3325 3311 Τί
3357 3258 3420 3328 δὴ
3441 3258 3520 3310 τὸ
3552 3255 3808 3309 ἐντεῦθεν
3838 3273 3855 3318 ς
3912 3249 4024 3322 ἆρα

759 3365 889 3402 vero
919 3349 941 3400 ?
974 3350 1171 3402 hincne
1229 3350 1496 3406 intellexit
1529 3350 1886 3405 Maximianus
1919 3353 2040 3421 pios
2079 3367 2198 3408 esse
2224 3354 2328 3407 im-

757 3441 1093 3496 mutabiles?
1142 3441 1371 3494 Multum
1421 3443 1614 3508 abest;
1679 3443 1774 3497 sed
1806 3459 1930 3497 cum
1979 3447 2332 3502 exsecranda;

755 3537 875 3604 ejus
902 3535 1089 3587 hostia:
1122 3533 1454 3587 ducerentur
1483 3535 1549 3588 ad
1581 3536 1845 3603 templum
1879 3535 2169 3591 duodecim
2197 3539 2326 3592 deo-

756 3642 897 3688 rum,
959 3625 1103 3694 quod
1158 3634 1278 3678 erat
1335 3626 1482 3680 intra
1543 3629 1771 3696 regiam,
1827 3627 2057 3683 aderant
2106 3630 2327 3700 quidem

755 3718 932 3786 impii,
961 3717 1212 3771 candidis
1250 3725 1307 3770 et
1356 3718 1662 3786 magniﬁcis
1703 3719 1945 3774 vestibus
1986 3721 2331 3777 celebrantes

755 3809 956 3864 festum
1004 3810 1086 3863 sui
1125 3809 1401 3865 interitus.
1436 3811 1597 3865 Solus
1631 3821 1816 3866 autem
1860 3813 2025 3868 Indcs
2067 3816 2205 3869 atris
2249 3816 2330 3869 in-

756 3901 922 3956 dutus
953 3903 1220 3967 vestibus,
1252 3912 1307 3956 et
1333 3918 1457 3957 cum
1487 3905 1604 3958 hac
1635 3905 2065 3972 celebrarentur,
2091 3910 2331 3961 maximo

759 3995 948 4049 dolore
985 3994 1238 4060 aﬂ'eetus,
1279 4011 1404 4049 eum
1437 4011 1494 4050 se
1545 3999 1600 4050 in
1630 3997 1784 4050 valde
1828 3999 2120 4053 tenebrosa
2151 4001 2330 4054 inclu-

757 4088 920 4139 sisset
951 4087 1304 4149 domuncula,
1338 4088 1634 4154 impiorum
1665 4088 1902 4143 deﬂebat
1927 4091 2230 4146 interitum.

829 4177 1012 4232 XVIII.
1050 4179 1456 4232 Itennntiantur
1509 4179 1624 4232 haec
1655 4195 1875 4249 quoque
1906 4182 2249 4251 imperatori,
2274 4197 2331 4241 et

758 4269 806 4325 is
833 4271 1015 4323 statim
1043 4275 1111 4323 ab
1141 4269 1263 4338 ipso
1294 4271 1578 4339 arripitur,
1604 4279 1660 4324 et
1691 4273 1906 4327 sistitur
1936 4275 2004 4328 ab
2027 4275 2120 4329 illo
2145 4277 2330 4344 judice

755 4360 1106 4428 judicandus.
1143 4361 1281 4413 Cum
1311 4370 1496 4414 autem
1529 4361 1695 4415 etiam
1724 4375 2018 4433 antequam
2079 4367 2329 4436 loquere-

759 4461 871 4514 tur,
897 4453 950 4506 ei
984 4452 1333 4506 renuntiaret
1365 4456 1553 4520 vestis,
1587 4454 1732 4523 quod
1764 4471 1884 4524 qua:
1906 4455 2130 4521 fiebant,
2163 4459 2232 4515 ab
2261 4476 2328 4514 eo

2437 3360 2636 3427 συνῆκε
2667 3355 3007 3424 Μαξιμιανὶς
3033 3356 3097 3406 ὲκ
3151 3351 3358 3405 τούτων
3397 3351 3459 3403 τὸ
3504 3350 3614 3402 τῶν
3661 3346 3914 3400 εὐσεϐῶν
3963 3347 4023 3398 ἀ·

2439 3451 2768 3521 μιτάθετον;
2818 3447 3021 3500 Πολλοῦ
3055 3461 3116 3512 γε
3150 3443 3248 3497 καὶ
3283 3443 3364 3495 δεῖ
3387 3457 3400 3472 ·
3433 3441 3546 3497 ἀλλ’
3589 3439 3880 3509 ἀγομένων
3911 3437 4019 3491 τῶν

2439 3541 2649 3609 μιαρῶν
2674 3537 2839 3590 αὐτοῦ
2877 3537 3097 3600 θυσιῶν,
3129 3537 3186 3588 έν
3224 3535 3303 3603 τῷ
3344 3533 3495 3594 ἐντὸς
3540 3531 3651 3585 τῶν
3722 3531 4024 3601 βασιλείων

2433 3632 2639 3683 δώδεκα
2663 3631 2800 3683 θεῶν
2836 3629 3091 3698 παρῆσαν
3132 3628 3232 3695 μὲν
3253 3627 3302 3680 οἱ
3327 3625 3650 3687 ἀσεϐοῦντες
3673 3624 3904 3685 λευκαῖς
3931 3626 4023 3675 καὶ

2433 3726 2738 3794 φιλοτίμοις
2785 3723 2998 3784 στολαῖς
3061 3720 3162 3789 τὴν
3213 3719 3424 3772 ἑαυτῶν
3475 3718 3752 3772 ἀπώλειαν
3824 3719 4021 3785 {opta-

2434 3819 2638 3881 ζοντες.
2698 3817 2873 3876 Μόνος
2901 3814 2958 3867 δὲ
3002 3813 3174 3883 Ἰνδης
3210 3809 3635 3881 μελανειμονῶν,
3692 3811 3790 3863 καὶ
3833 3811 4018 3862 αὐτῶν

2435 3912 2638 3980 σφόδρα
2675 3910 2783 3962 τῶν
2804 3905 3137 3974 τελουμένων
3168 3904 3494 3974 ὑπεραλγῶν
3523 3907 3581 3956 ὲν
3602 3902 3839 3972 οἰκίσκῳ
3888 3904 4019 3954 καθ-

2433 4003 2614 4073 είρξας
2639 4000 2829 4053 ἑαυτὸν
2856 3999 2999 4069 μάλα
3029 3996 3289 4066 σκοτεινῴ
3314 3996 3413 4064 τὴν
3433 3996 3542 4047 τῶν
3584 3993 3803 4047 ἀσεϐῶν
3861 3993 4017 4047 ἀπὼο

2433 4097 2580 4149 λειαν
2599 4093 2962 4162 κατωδύρετο.

2503 4190 2608 4243 III'.
2656 4184 2999 4252 ’Δγγέλλεται
3036 4184 3131 4235 καὶ
3165 4181 3335 4235 ταῦτα
3357 4181 3432 4252 τῷ
3465 4182 3692 4252 βασιλεῖ,
3722 4182 3820 4235 καὶ
3851 4184 4020 4251 ἀναρο

2434 4299 2634 4343 παστος
2665 4277 2815 4347 αὐτῷ
2838 4277 2932 4329 καὶ
2953 4272 3108 4334 οὗτος
3134 4275 3296 4339 εὐθὺς
3321 4276 3552 4342 γίνεται,
3583 4274 3680 4325 καὶ
3706 4276 3800 4327 ὐπ’
3820 4275 4016 4340 ἐκείνῳ

2431 4375 2658 4444 δικαστῇ
2692 4371 3023 4441 παρίσταται
3050 4369 3469 4439 κριθησόμενος.
3488 4368 3577 4430 Ὠς
3599 4368 3655 4420 δὲ
3680 4368 3775 4420 καὶ
3792 4370 3904 4437 πρδ
3923 4370 4016 4437 τῆς

2434 4464 2619 4534 φωνῆς
2663 4462 3059 4533 ἁπήγγειλενή
3112 4460 3277 4529 ἐσθὴς
3301 4501 3315 4526 ,
3360 4461 3447 4513 ὅτι
3500 4458 3729 4522 πένθους
3765 4460 3921 4529 αὐτῷ
3953 4459 4019 4512 τὰ

758 4546 1127 4599 censebantur
1181 4545 1342 4614 digna
1392 4546 1540 4600 luctu
1589 4555 1643 4601 et
1700 4549 1946 4614 tristitia,
1993 4551 2157 4619 jussit
2211 4554 2332 4623 ejus

2437 4556 2711 4623 γινόμενα,
2741 4553 3043 4625 κατηφείας
3075 4551 3319 4622 ἐκρίνετο
3370 4549 3517 4617 ἄξια,
3572 4548 3786 4602 κελεύει
3829 4551 4016 4619 χερσὶν

761 4637 1014 4692 manibus
1035 4646 1089 4692 et
1111 4638 1347 4707 pedibus
1391 4639 1608 4709 injectis
1625 4643 1855 4703 catenis.
1879 4651 1934 4696 et
1957 4643 2098 4697 collo
2118 4643 2334 4710 collari,

757 4744 887 4784 eum
940 4730 1152 4784 servari
1201 4731 1474 4784 inclusum
1537 4733 1595 4785 in
1648 4747 1889 4787 carcere.
1945 4734 2122 4804 Atque
2148 4737 2337 4792 Indcm

761 4823 984 4891 quidem
1017 4823 1252 4878 habebat
1289 4825 1571 4890 custodia;
1608 4824 1972 4882 Maximianus
2003 4845 2135 4883 vero
2169 4831 2335 4885 Dom-

760 4930 886 4969 nam
923 4930 1143 4984 quoque
1172 4917 1472 4986 qua:rebat,
1498 4927 1554 4972 et
1595 4918 1782 4975 furore
1814 4921 2039 4989 perinde
2069 4937 2132 4976 ac
2160 4923 2338 4978 ebrie-

762 5015 870 5061 tate
921 5005 1049 5061 lesa
1102 5007 1338 5073 ratione,
1383 5020 1438 5064 et
1471 5011 1675 5065 oblitus
1719 5028 1911 5066 eorum
1955 5030 2075 5084 qua:
2114 5016 2180 5070 de
2213 5017 2328 5086 ipsa

759 5097 1068 5162 audiverat,
1113 5097 1331 5153 dicebat
1371 5101 1587 5156 assidue
1620 5120 1632 5156 :
1679 5101 1778 5158 Ubi
1815 5115 1898 5160 est
1943 5105 2190 5162 Domna?
2223 5108 2328 5164 Ubi

758 5196 842 5244 est
889 5190 1148 5244 sacerdos
1196 5191 1380 5245 Diana:
1425 5203 1483 5248 et
1527 5194 1820 5249 Minervae?
1861 5197 2072 5252 Rursus
2105 5215 2234 5269 ergo
2280 5201 2329 5255 ei

759 5281 949 5336 dicunt
1003 5282 1071 5337 de
1105 5283 1335 5352 integro,
1373 5301 1494 5355 quae
1532 5287 1862 5342 videbantur
1911 5291 2176 5345 accidisse
2217 5293 2332 5345 vir-

759 5374 895 5443 gini,
925 5385 979 5429 et
1018 5390 1140 5444 qum
1169 5376 1377 5431 fecerat
1410 5380 1718 5445 eunuchus,
1759 5381 1830 5435 ita
1861 5393 1920 5436 ut
1950 5398 2037 5438 res
2065 5398 2123 5439 se
2157 5385 2328 5440 habe-

757 5467 851 5522 bat
887 5468 987 5540 (6),
1031 5471 1362 5540 signiﬁcant.
1393 5472 1486 5526 Ille
1520 5483 1704 5527 autem
1739 5491 1864 5530 cum
1897 5476 2067 5532 multa
2102 5478 2328 5535 dixisset

868 5654 889 5685 ⁸
925 5650 1070 5705 Psal.
1101 5667 1294 5720 cxvul,
1347 5657 1471 5712 105.

834 5833 912 5906 (6)
948 5835 1176 5896 Scilicet
1203 5838 1352 5910 quod
1381 5837 1693 5897 Christiana
1726 5852 1894 5899 esset.

2439 4647 2600 4700 αὐτοῦ
2618 4647 2712 4698 καὶ
2746 4648 2904 4698 ποσὶν
2927 4644 3143 4705 ἁλύσεις
3176 4641 3570 4711 περιϐαλόντας
3616 4642 3715 4693 καὶ
3748 4641 3832 4710 τῷ
3884 4658 4014 4710 τρα-

2437 4736 2584 4806 χήλῳ
2629 4735 2806 4787 κλοιὸν
2836 4732 3228 4786 κατάκλειστον
3297 4731 3354 4783 έν
3408 4730 3796 4799 δεσμωτηρίῳ.
3837 4732 4013 4798 ἰνεδην

2439 4829 2536 4897 μὲν
2556 4826 2647 4879 οὖν
2680 4822 2825 4896 εῖχεν
2850 4826 2883 4896 ὴ
2916 4824 3129 4894 φυλακή
3167 4839 3182 4855 ⁸
3221 4822 3564 4892 Μαξιμιανὺς
3592 4822 3647 4875 δὲ
3674 4825 3770 4875 καὶ
3801 4825 4013 4893 Δόμναν

2437 4925 2638 4991 ἐζήτει,
2664 4924 2757 4973 καὶ
2781 4919 2970 4990 ὥσπερ
3017 4917 3157 4990 μέθῃ
3175 4919 3242 4987 τῇ
3289 4917 3457 4988 μανίᾳ
3481 4918 3581 4979 τὰς
3614 4917 3823 4986 φρένας
3878 4935 4009 4986 σφα-

2435 5015 2545 5078 λεὶς
2577 5015 2669 5069 καλ⁵
2707 5007 2780 5069 ὧν
2804 5015 3004 5084 ἢκουσε
3061 5015 3189 5082 περὶ
3221 5011 3396 5080 αὐτῆς
3444 5011 3835 5081 ικλαθόμενοξ,
3883 5013 4008 5077 Ποῦ,

2434 5108 2586 5176 ἔλεγε
2619 5107 2845 5177 συχνῶς,
2879 5107 3058 5176 Δὸμνα
3085 5121 3099 5170 ;
3131 5103 3233 5157 ποῦ
3284 5105 3318 5174 ἡ
3350 5104 3657 5173 θεράπαινα
3688 5106 3800 5157 τῶν
3834 5105 4003 5167 θεῶν;

2437 5200 2543 5254 ποῦ
2594 5199 2913 5272 ⁹Δρτςέμιδός
2951 5216 3008 5251 τε
3044 5202 3134 5252 καὶ
3175 5197 3409 5269 Ἀθηνᾶς
3459 5200 3668 5270 ίέρειας
3707 5198 3880 5265 Αὖθις
3922 5198 4006 5256 οὖν

2435 5295 2492 5360 ἐξ
2527 5294 2776 5363 ὑπαρχῆς
2815 5292 2961 5360 αὐτῷ
2995 5292 3061 5344 τὰ
3105 5291 3366 5345 δοκοῦντα
3402 5294 3469 5363 τῇ
3507 5292 3768 5363 παρθένῳ
3805 5295 4004 5364 συμϐἧ-

2435 5403 2523 5441 ναι
2547 5386 2764 5453 λέγουσι
2791 5387 2886 5437 καὶ
2915 5387 2981 5438 τὰ
3013 5390 3152 5437 κατά
3184 5385 3273 5437 τὸν
3295 5385 3551 5454 εὐνοῦχον
3570 5386 3646 5450 ὡς
3676 5385 3789 5456 εἶχε
3819 5387 4003 5457 γνωρί-

2439 5479 2644 5544 ζουσιν.
2687 5479 2744 5532 Ὀ
2781 5477 2837 5531 δὲ
2863 5477 3028 5532 πολλὰ
3052 5479 3144 5531 τοῦ
3176 5478 3566 5549 ἀρχιευνούχου
3608 5481 3893 5534 κατειπὼν
3916 5481 4001 5533 καὶ
