4214 6444
202 364 357 429 1061

1385 367 1560 429 νιΤΑ
1595 367 1699 426 SS.
1740 366 1946 425 lND/E
1982 367 2075 425 ET
2119 367 2426 431 ΟΟΜΝᾸΞ.

3362 368 3501 432 1662

200 479 319 547 οὐχ
352 478 555 548 ῇκιστα
584 477 945 549 δυσχεράνας,
974 477 1055 531 ὅτι
1081 476 1179 530 καὶ
1210 474 1319 539 ζῶν
1345 476 1480 557 ἥλως
1515 476 1796 546 τετήρητο,

1911 473 1977 528 de
2022 476 2458 539 arcltieunucho,
2494 484 2551 529 et
2602 476 2758 532 valde
2797 491 2939 547 {egre
2991 478 3227 542 tulisset,
3261 482 3406 549 quod
3442 483 3494 537 ei

200 567 431 621 κελεύει
472 568 639 621 αὑτοῦ
675 568 777 638 μεν
826 567 1215 638 ἀποτμηθῆναι
1256 568 1357 636 τὴν
1403 568 1666 635 κεφαλὴν,
1705 566 1804 636 τὴν

198 659 276 733 δὲ
317 660 588 730 παρθένον
618 662 677 714 ἐν
722 664 834 724 τοῖς
873 660 1235 732 ἀσκητηρίοις
1271 658 1682 729 ἀναζητείσοαι,
1711 660 1804 711 καὶ

200 752 359 821 ⁴διερὸς
391 755 519 817 τοὺς
560 756 773 809 ἐκείνου
824 757 981 820 θεοὺς
1033 751 1436 821 ἀνασώζεσθαι.
1472 756 1655 808 Ταῦτα
1693 774 1800 824 μα·-

203 842 388 897 θοῦσα
420 846 452 914 ή
480 846 576 899 τοῦ
617 848 957 919 ἀσκητηρίου
987 850 1333 920 προεστῶσα,
1362 848 1493 917 παρ’
1519 843 1562 916 ᾧ
1602 849 1633 917 ἡ
1671 848 1804 913 ἁγία

202 936 593 1005 ἀνδρικώτατα
627 940 1054 1011 διανοησαμένη,
1108 942 1332 1013 ἀνδρείᾳ
1364 943 1456 994 καὶ
1505 942 1676 1011 κουρᾷ
1709 940 1802 993 καὶ

209 1033 381 1103 στολῇ
416 1034 747 1104 κοσμήσασα
777 1035 875 1103 τὴν
916 1034 1208 1104 παρθένον,
1253 1036 1420 1103 εὐχάς
1449 1052 1505 1087 τε
1539 1034 1674 1103 αὐτῇ
1706 1034 1802 1085 σὺν

203 1124 452 1195 δάκρυσι
482 1126 581 1195 τῆς
612 1126 731 1178 ὁδοῦ
768 1127 1015 1196 φύλακας
1046 1126 1425 1197 παρασχοῦσα,
1469 1126 1563 1178 καὶ
1595 1124 1801 1194 ἡγεμό-

209 1220 313 1280 νας
340 1218 435 1271 τοῦ
468 1220 616 1287 ίεροῦ
654 1219 900 1289 θαλάμου
931 1218 1134 1289 ταύτην
1162 1221 1439 1287 ἐκπέμπει
1472 1218 1727 1275 λαθοῦσα.

290 1311 393 1366 18³.
442 1311 580 1363 Ἀλλ’
618 1313 646 1363 ὁ
677 1312 872 1384 μιαρὸς
902 1312 1080 1380 ζητῶν
1126 1313 1225 1364 οὐκ
1260 1311 1514 1373 ἐπαύετο,
1548 1312 1641 1364 καὶ
1670 1314 1801 1364 ἁπο-

212 1406 329 1474 ρῶν
379 1405 523 1457 κατά
572 1405 789 1458 πάντων
825 1405 1019 1457 ὲλύττα
1055 1407 1206 1472 κοινῇ
1264 1404 1371 1455 τῶν
1427 1405 1796 1473 ἀσκητηρίων.

212 1500 455 1567 Σεμνεῖα
494 1501 593 1567 μὲν
638 1499 730 1552 οὖν
766 1500 885 1568 ἱερᾶ
936 1502 1113 1550 πάντα
1145 1498 1332 1561 δεινῶς
1382 1498 1674 1549 κατελύετο
1698 1513 1710 1525 ·
1746 1497 1801 1548 αἱ

215 1590 484 1659 παρθένοι
524 1592 581 1643 δὲ
636 1594 771 1660 πρ“ς
814 1591 969 1659 ὓϐριν
1026 1592 1267 1660 αἰσχρῶς
1306 1591 1618 1653 ἑξεδίδοντο,
1652 1607 1797 1658 παρ-

215 1682 362 1735 θένοι
399 1682 500 1750 φεῦ
528 1683 539 1733 !
577 1682 641 1743 ἃς
674 1682 868 1734 οὔποτε
895 1682 1013 1732 οὐδὲ
1068 1680 1367 1749 ὀφθαλμοῖς
1397 1680 1640 1749 ἁρῤένων
1673 1679 1799 1729 ἰδεῖν

211 1775 464 1827 ἀνεκτόν.
486 1775 595 1826 Καὶ
623 1772 689 1845 ἦν
712 1775 855 1827 οὕτω
885 1777 971 1826 διὰ
1003 1775 1218 1825 πάντων
1252 1777 1283 1841 ἠ
1316 1773 1591 1842 συμφορὰ,
1622 1771 1765 1824 κ;οἀι

213 1883 323 1935 περ
354 1867 457 1918 ὑπὸ
493 1867 767 1935 πολεμίων
793 1869 1156 1934 ἁλισκομένης
1192 1866 1414 1926 πόλεως.
1447 1866 1634 1924 Ὀσαις
1667 1862 1793 1929 γοῦν

214 1955 402 2007 αὐτῶν
428 1956 756 2028 ἐρρωμένως
783 1953 896 2024 εἶχε
931 1958 996 2008 τὰ
1038 1958 1286 2019 σώματα,
1330 1956 1425 2007 καὶ
1456 1953 1577 2006 οὔτε
1619 1954 1796 2025 γῆρας

209 2046 340 2099 οὔτε
369 2064 451 2108 τις
480 2048 632 2108 νόσος
660 2048 888 2116 ἀπεῖργε
934 2047 1059 2107 τοὺς
1093 2047 1278 2109 πόδας,
1312 2040 1469 2099 αὗται
1514 2046 1649 2116 πρδς
1692 2064 1793 2114 φυ-

210 2140 320 2209 γὴν
358 2138 519 2199 εὐθὺς
548 2132 709 2202 εἶδον,
742 2140 833 2192 καὶ
864 2140 997 2207 πρὸς
1029 2140 1127 2207 ὅρη
1163 2140 1257 2191 καὶ
1294 2140 1534 2209 σπήλαια
1580 2140 1671 2191 καὶ
1697 2139 1796 2201 τὰς

208 2233 444 2303 ἀδήλους
469 2233 726 2303 ἐσχατιὰς
757 2233 894 2300 πρὸς
923 2234 1082 2301 τάχος
1114 2233 1377 2301 ἐχώρουν,
1408 2233 1503 2301 τὴν
1537 2233 1673 2301 μετά
1701 2232 1797 2302 θη-

212 2326 348 2391 ρίων
391 2324 669 2395 διαγωγὴν
720 2324 977 2392 ἑλόμεναι
1009 2325 1211 2391 μᾶλλον
1245 2324 1277 2393 ἢ
1328 2324 1635 2393 ἀνθρώποις
1670 2342 1796 2376 συν-

206 2419 406 2482 οικείν,
460 2417 639 2486 πολλῷ
685 2416 891 2486 θηρίων
925 2416 1284 2485 ἀγριωτέρως
1312 2416 1405 2467 καὶ
1448 2415 1687 2485 ὑϐρίζειν
1714 2416 1791 2477 είι,

210 2510 445 2579 σώματα
503 2509 801 2580 παρθενίαν
876 2508 1249 2578 μελετήσαντα
1320 2508 1483 2576 μηδὲν
1556 2508 1792 2576 ἄσεμνον

208 2605 559 2673 ἡγουμένοις.
615 2601 760 2655 Ἀλλ’
813 2601 1085 2670 ὲψεύσθης
1135 2602 1301 2663 ὅντως
1346 2602 1442 2668 τῆς
1500 2601 1795 2661 ἐπινοίαςὸ

207 2698 434 2750 πάντων
474 2695 669 2765 ἐχθρός
698 2710 711 2725 ’
747 2696 842 2747 καὶ
872 2694 937 2746 δι’
973 2686 1046 2745 ὧν
1076 2692 1311 2761 ἤλπισας
1342 2694 1697 2760 τυραννῆσαι,
1726 2692 1793 2744 δι’

210 2790 393 2843 αὐτῶν
442 2789 648 2841 τούτων
694 2788 851 2856 ἔσχες
892 2786 1306 2854 καταλυομένην
1347 2786 1446 2854 τὴν
1479 2786 1789 2854 τυραννίδα.

208 2882 350 2935 Οὐδὲ
376 2882 484 2949 γὰρ
519 2880 792 2950 ἠμέλησεν
817 2881 845 2932 ὁ
874 2880 937 2930 ὲκ
966 2878 1240 2946 Παρθένου
1277 2877 1407 2937 Θεὸς
1440 2876 1513 2946 μὴ
1545 2876 1640 2928 καὶ
1666 2876 1795 2928 ταύ-

207 2994 313 3039 τας
342 2977 400 3027 ὲν
433 2975 582 3044 μέσῳ
608 2974 818 3042 δημίων
848 2972 948 3033 τὰς
978 2970 1283 3041 παρθένους
1313 2970 1665 3039 διατηρῆσαι,
1700 2970 1796 3021 καὶ

210 3066 403 3136 ὥσπερ
430 3066 526 3133 τὴν
557 3064 759 3127 πίστιν,
794 3062 938 3115 οὕτω
966 3062 1029 3130 δὴ
1079 3062 1170 3113 καὶ
1199 3061 1295 3129 τὴν
1321 3060 1674 3129 σωφροσύνην
1700 3061 1796 3112 αύ-

1908 567 2014 619 vita
2057 567 2248 619 fuisset
2279 579 2625 632 conservata,
2654 569 2811 636 jubet
2849 571 2897 624 ei
2930 571 3150 639 quidem
3180 582 3344 641 caput
3377 590 3489 628 ams

1905 660 2085 727 putari
2120 676 2135 712 :
2168 659 2438 728 virginem
2464 675 2595 715 vero
2631 662 2800 729 quaeri
2838 663 2896 716 in
2930 662 3271 728 ministeriis,
3302 673 3358 719 et
3385 666 3495 721 diis

1908 751 2055 806 illius
2082 753 2313 806 servari.
2351 752 2473 808 Haec
2503 770 2629 809 cum
2680 757 2993 810 rescivisset
3051 771 3115 811 ea
3153 773 3274 826 quae
3303 774 3496 814 mona-

1906 845 2075 897 sterio
2111 854 2363 913 praeerat,
2399 846 2451 898 in
2487 861 2596 914 quo
2628 856 2749 900 erat
2782 857 2987 913 sancta,
3021 848 3076 903 in
3118 850 3310 918 primis
3345 852 3490 909 virili

1901 945 2157 1002 suscepta
2209 935 2565 1004 cogitatione,
2615 937 2761 990 virili
2812 947 2971 991 tonsu
3020 947 3074 992 et
3109 950 3261 994 veste
3295 950 3491 997 ornata

1905 1023 2137 1091 virgine,
2184 1035 2239 1077 et
2290 1039 2482 1093 preces
2529 1040 2654 1079 cum
2702 1028 2963 1093 lacrymis
3008 1030 3058 1082 ei
3111 1032 3359 1099 praebens
3388 1034 3491 1087 vite

1905 1118 2165 1172 custodes
2216 1126 2271 1172 et
2333 1117 2526 1183 duces,
2576 1135 2694 1173 eam
2752 1120 2890 1174 clam
2950 1122 3153 1177 emittit
3204 1140 3270 1193 ex
3330 1141 3488 1183 sacro

1906 1207 2163 1262 thalamo.

1976 1300 2119 1353 XIX.
2168 1302 2274 1356 Sed
2329 1305 2631 1359 sceleratus
2668 1322 2774 1359 non
2830 1307 3081 1361 cessabat
3114 1322 3392 1379 qumrere;
3433 1322 3487 1366 et

1903 1406 2027 1445 cum
2077 1408 2196 1446 eam
2252 1410 2358 1448 non
2411 1395 2706 1460 inveniret,
2751 1398 2965 1453 furebat
3017 1390 3484 1479 communiterlin

1904 1486 2087 1539 omnia
2121 1490 2476 1544 monasteria.
2513 1490 2691 1558 Atque
2722 1506 2875 1545 sacra
2911 1493 3133 1561 quidem
3160 1497 3341 1549 omnia
3371 1512 3489 1551 mo-

1903 1580 2140 1634 nasteria
2169 1582 2470 1635 crudeliter
2501 1583 2903 1652 diruebantur;
2942 1587 3179 1655 virgines
3208 1604 3338 1644 vero
3370 1601 3492 1643 tur-

1900 1673 2043 1741 piter
2098 1674 2314 1742 probris
2368 1675 2769 1743 afﬁciebantur,
2818 1681 3059 1747 virgines
3111 1683 3247 1750 proh
3290 1684 3481 1738 dolor!

1901 1782 2037 1833 quas
2069 1783 2137 1819 ne
2178 1770 2543 1823 masculorum
2582 1772 2803 1839 quidem
2832 1774 3004 1828 oculis
3030 1777 3202 1827 videri
3233 1787 3351 1829 erat
3379 1793 3483 1830 un—

1900 1874 2061 1927 quam
2096 1860 2473 1926 tolerandum;
2505 1873 2669 1928 atque
2711 1863 2783 1919 ita
2814 1880 2910 1932 per
2939 1866 3119 1918 omnia
3153 1866 3488 1933 pervadebat

1898 1951 2208 2015 calamitas,
2256 1954 2410 2022 quasi
2446 1964 2601 2023 capta
2650 1965 2793 2009 esset
2845 1957 3037 2009 civitas
3095 1958 3163 2011 ab
3214 1956 3482 2013 hostibus.

1898 2040 2340 2113 Quibuscunque
2375 2061 2506 2115 ergo
2545 2062 2735 2099 earum
2766 2057 2925 2102 erant
2963 2066 3193 2119 corpora
3223 2051 3482 2112 valentia,

1897 2141 1954 2185 et
1991 2149 2167 2202 neque
2214 2146 2491 2196 senectus,
2526 2152 2703 2206 neque
2744 2139 2969 2193 morbus
2996 2140 3214 2209 aliquis
3232 2142 3487 2196 tardabat

1897 2240 2087 2279 earnm
2118 2227 2308 2295 pedes,
2347 2229 2476 2295 ipsre
2507 2232 2689 2283 statim
2744 2230 2923 2300 fugant
2957 2233 3295 2301 spectabant,
3331 2245 3384 2289 et
3416 2235 3482 2289 ad

1897 2328 2113 2372 montes
2142 2328 2195 2372 ct
2226 2319 2517 2387 speluncas
2543 2333 2597 2374 et
2638 2322 2846 2390 ignotas
2875 2324 3202 2379 solitudines
3232 2326 3486 2383 celeriter

1897 2409 2145 2473 abibant,
2181 2413 2443 2465 malentes
2482 2416 2645 2467 vitam
2698 2416 2896 2483 degere
2944 2432 3070 2470 cum
3123 2418 3275 2482 feris,
3317 2435 3483 2488 quam

1896 2503 2145 2556 habitare
2177 2520 2300 2556 cum
2332 2506 2667 2570 hominibus,
2696 2508 2825 2562 feris
2849 2512 3009 2580 longe
3042 2512 3483 2580 immanioribus,

1896 2606 1951 2649 et
1982 2596 2076 2665 qui
2109 2612 2341 2666 corpora
2378 2600 2750 2669 virginitatem
2796 2605 3109 2658 exercentia
3136 2606 3340 2674 probro
3368 2607 3485 2661 afﬁ-

1896 2705 2021 2744 cere
2055 2691 2408 2746 inhoncstum
2438 2711 2545 2748 non
2579 2710 2698 2750 esse
2726 2699 3066 2754 existimant.
3090 2700 3197 2755 Sed
3224 2716 3311 2767 eo,
3336 2703 3481 2772 quod

1896 2778 2185 2848 cogitaras,
2217 2782 2510 2838 frustratus
2550 2800 2628 2841 es.
2654 2803 2686 2839 o
2720 2788 2941 2842 inimice
2976 2791 3220 2844 omnium
3254 2810 3267 2847 :
3299 2802 3355 2847 et
3386 2809 3487 2863 per

1895 2855 2017 2939 qua:
2072 2876 2302 2940 sperasti
2360 2878 2702 2945 tyrannidem
2757 2896 3034 2945 exercere,
3090 2899 3191 2952 per
3240 2901 3304 2940 ea
3367 2886 3482 2956 ipsa

1897 2963 2068 3018 fracta
2112 2965 2212 3019 fuit
2262 2968 2358 3021 tibi
2397 2975 2664 3038 tyrannis.
2701 2972 2816 3025 Non
2858 2976 3005 3027 enim
3038 2977 3278 3045 neglexit
3317 2980 3482 3048 Deus,

1897 3059 1989 3127 qui
2024 3070 2183 3113 natus
2206 3069 2287 3113 est
2311 3077 2373 3113 ex
2405 3062 2644 3131 Virgine,
2677 3068 2818 3133 ipsas
2846 3068 3085 3137 virgines
3110 3072 3192 3124 vel
3222 3072 3275 3125 in
3301 3074 3482 3127 medio

208 3159 313 3219 τὰς
364 3155 652 3226 προδοῦναι
704 3154 777 3224 μὴ
818 3153 1185 3221 συγχωρῆσαι.
1228 3150 1314 3201 Ἐν
1351 3150 1572 3211 ταύταις
1606 3149 1794 3218 ὥσπερ

1898 3152 2154 3206 lictorum
2189 3169 2541 3220 conservare,
2581 3167 2634 3210 et
2676 3162 2953 3224 quomodo
2989 3161 3173 3223 fidem,
3213 3164 3283 3216 ita
3314 3166 3479 3219 etiam

207 3250 308 3306 οὖν
353 3253 409 3302 ὲν
462 3249 745 3315 διαφανέσι
796 3248 890 3299 καὶ
943 3245 1212 3312 λαμπροῖς
1280 3244 1509 3311 ἀστράσι
1566 3245 1663 3312 μία
1708 3261 1790 3305 τις

209 3340 570 3409 ὑπερέλαμπε
596 3339 914 3406 θαυμασίως
936 3339 1029 3390 τόν
1061 3338 1287 3404 σελήνης
1312 3337 1514 3403 τρόπον
1545 3334 1663 3403 ὥρᾳ
1686 3335 1781 3387 καὶ

207 3433 358 3499 γένει
384 3432 477 3483 καὶ
500 3431 670 3498 ἀρετῇ
697 3429 830 3497 πρὸς
856 3428 954 3490 τὰς
983 3428 1147 3489 ἄλλας
1171 3426 1537 3496 διαφερόιτως
1566 3428 1787 3495 ἔχουσα.

208 3523 359 3593 Αὕτη
396 3524 632 3591 Θεοφίλα
685 3522 784 3591 μὲν
833 3522 1117 3574 ἐκαλεῖτο*
1159 3520 1291 3573 πολὺ
1339 3521 1395 3573 δὲ
1450 3519 1649 3589 μᾶλλον
1699 3521 1789 3573 ἐπὶ

207 3618 321 3672 τῶν
350 3617 527 3686 ἔργων
560 3616 718 3669 τοῦτο
756 3616 1047 3669 ἐδείκνυτο.

281 3796 367 3853 Κ¹.
412 3798 500 3861 Ὠς
532 3798 642 3868 γὰρ
690 3796 864 3858 οὕτως
896 3793 964 3866 ἦν
1009 3798 1187 3867 εκείνη
1238 3796 1337 3866 τὴν
1366 3797 1485 3866 ὄψιν
1522 3798 1786 3867 περικαλ-

208 3893 331 3961 λὴς,
366 3892 577 3945 εἵλκετο
616 3892 674 3945 δὲ
716 3894 825 3953 τοῖς
861 3891 1095 3960 δημίοις,
1145 3895 1240 3944 καὶ
1278 3892 1378 3962 ἠδη
1422 3893 1557 3959 πρὶς
1604 3895 1663 3944 τὸ
1690 3895 1785 3956 τῆς

209 3985 421 4055 ἦδρεως
478 3984 842 4056 ιργαστήριον
893 3984 1081 4052 βιαίως
1130 3985 1403 4052 είσήγετο,
1450 3986 1637 4053 χεῖρας
1669 3984 1787 4052 ἄμα

208 4078 305 4129 καὶ
352 4074 667 4143 ὀφθαλμοὺς
716 4065 898 4143 ἀρασὰ
943 4074 1038 4125 καὶ
1071 4075 1149 4133 εἰς
1199 4075 1423 4142 οὐρανὸν
1482 4073 1785 4142 περιπαθὲς

211 4168 477 4240 βλέψασα,
526 4165 701 4236 Ἰησοῦ
752 4181 875 4235 μου,
919 4162 1094 4229 εἶπεν,
1139 4168 1165 4217 ό
1198 4165 1326 4235 ἐμὸς
1379 4166 1541 4235 ἔρως,
1589 4167 1618 4217 ὀ
1656 4167 1783 4232 ἑμδς

208 4261 465 4333 ἐραστὴς,
495 4260 555 4313 τὸ
588 4259 720 4328 ὲμὸν
765 4258 902 4326 φῶς,
940 4259 972 4328 ἡ
1003 4258 1159 4326 πνοὴ,
1197 4260 1225 4308 ὁ
1262 4257 1394 4326 ἐμὸς
1422 4261 1521 4326 τῆς
1562 4258 1785 4323 ἁγνείας

210 4354 385 4424 φύλαξ
421 4353 517 4406 καὶ
546 4352 642 4420 τῆς
667 4351 836 4420 ζωῆς,
871 4351 947 4403 ίδε
971 4350 1071 4419 τὴν
1103 4351 1184 4402 σοὶ
1216 4350 1642 4418 νυμφευθεῖσαν,
1682 4351 1780 4415 ίδε,

208 4449 409 4519 ἄμωμε
444 4444 668 4517 νυμφίε,
700 4445 793 4497 καὶ
825 4443 1085 4506 σπεῦσον,
1107 4442 1190 4495 ὅτι
1230 4444 1362 4512 μηδὲ
1395 4441 1652 4507 εὔξασθαί
1698 4460 1781 4497 σοι

210 4540 419 4611 καιρός.
453 4538 545 4608 Μὴ
594 4536 818 4606 ψευσθῶ
851 4534 949 4605 τῆς
990 4534 1276 4605 ὁμολογίας
1300 4550 1315 4564 ·
1356 4536 1429 4604 μὴ
1462 4534 1675 4604 προδῷς
1712 4551 1780 4604 με

209 4632 465 4703 θηρίοις·
499 4630 574 4700 μὴ
609 4629 763 4683 λύκοι
812 4628 873 4681 τὸ
929 4628 1019 4680 σὺν
1071 4627 1294 4698 θρέμμα
1343 4628 1778 4698 διασπαράξωσι.

208 4723 460 4795 Τήρησσν
494 4720 738 4788 ἁγνείαν,
774 4718 995 4786 ἁγνείας
1037 4718 1212 4788 πηγὴ,
1256 4718 1343 4771 ἵνα
1383 4719 1475 4771 καὶ
1514 4719 1572 4770 τὸ
1610 4718 1781 4788 ὄνομά

208 4831 304 4867 σου
337 4812 432 4866 νῦν
462 4812 693 4881 μάλιστα
743 4810 997 4879 δοξασθῇ,
1032 4811 1095 4862 τὸ
1137 4810 1226 4862 καὶ
1258 4809 1349 4862 ὑπ’
1394 4810 1639 4875 ἀγγέλων
1668 4828 1781 4863 νοε-

211 4904 317 4975 ρῶς
348 4901 725 4971 δοξαζόμενον.
778 4899 963 4954 Ταῦτα
994 4901 1176 4968 εκείνη
1227 4901 1323 4970 μὲν
1366 4902 1461 4954 σὺν
1518 4902 1778 4971 δάκρυσιν

206 4988 441 5058 ηὔξατο·
468 4989 641 5041 ἐτέλει
673 4987 729 5041 δὲ
762 4988 791 5039 δ
820 4986 975 5050 Θεός.
1014 4989 1175 5042 Ἀλλά
1215 4992 1307 5041 καὶ
1340 4993 1671 5060 προσεκτέον
1701 4983 1796 5060 τῷ·

204 5084 522 5153 διηγήματι.
575 5080 865 5147 Είσάγεται
908 5081 1041 5150 πρὸς
1081 5080 1141 5134 τὺ
1193 5083 1602 5155 καταγώγιονὴ
1641 5102 1782 5155 παρ..

209 5177 384 5240 θένος,
421 5177 486 5229 Ἢ
512 5176 569 5229 δὲ
593 5178 689 5230 καὶ
713 5177 771 5230 ὲν
796 5175 975 5247 καιρῷ
990 5176 1174 5246 τοιῷδε
1202 5178 1295 5230 καὶ
1313 5178 1457 5248 τόπῳ
1483 5179 1590 5232 τῶν
1614 5196 1781 5249 προσ-

208 5272 449 5342 ηκόντων
477 5269 577 5323 οὐκ
626 5267 915 5333 ὶξελὰθετο
937 5283 950 5298 ·
987 5267 1103 5321 ἀλλ’
1130 5268 1265 5338 ὅπερ
1309 5262 1453 5339 εἶχεν
1477 5270 1556 5331 είς
1582 5269 1778 5322 κόλπον

208 5364 369 5429 εὐθὺς
395 5362 698 5419 ικὸαλοῦσα
727 5364 786 5417 τδ
833 5362 979 5435 ἱερὸν
1012 5363 1189 5431 Εύαγγ
1205 5363 1343 5415 έλιον
1387 5362 1566 5434 ἦνοιξέ
1593 5380 1652 5415 τε
1682 5364 1779 5417 καὶ

208 5451 568 5525 ἀναγνώσεως
616 5458 837 5528 ἠρχετο.
864 5452 959 5519 Εἷς
1001 5455 1057 5508 δὲ
1093 5454 1202 5507 τῶν
1236 5455 1557 5508 ἀκολάστων
1582 5456 1779 5525 οἴστρῳ

210 5553 539 5617 κατάσχετος
574 5550 802 5617 ὲκμανεῐ
844 5547 975 5616 παρ’
1017 5543 1190 5616 αὐτὴν
1220 5546 1414 5616 είσῄει,
1445 5546 1502 5609 ὃς
1524 5547 1652 5617 ἁχρι
1682 5547 1779 5616 μέν

209 5656 351 5704 τινος
387 5642 579 5709 ἥκουεν
610 5642 1111 5706 ἀναγινωσκούσης.
1143 5639 1228 5699 Ὠ;
1258 5639 1314 5690 δὲ
1349 5640 1513 5706 ἐγγὺς
1560 5639 1658 5708 ἤδη
1689 5634 1776 5709 ἦν,

214 5732 362 5801 ςίὸῳ
392 5749 449 5784 τε
481 5732 705 5801 ἀμέτρῳ
744 5732 1084 5802 παραχρῆμα
1119 5730 1410 5799 συνείχετο,
1464 5731 1557 5783 καὶ
1590 5732 1777 5802 τρόμῳ

217 5824 452 5895 ἰσχυρῶς
480 5825 773 5892 ἐκλονεῑτο,
803 5828 896 5880 καὶ
928 5825 1006 5887 είς
1036 5824 1138 5893 γῆν
1169 5823 1358 5893 νεκρὸς
1392 5822 1773 5890 κατεϐάλλετο,

1896 3246 2288 3300 continentiam
2328 3247 2474 3315 ipsas
2531 3251 2764 3317 prodere
2806 3268 2914 3304 non
2968 3255 3483 3320 permittareJnter

1892 3351 1987 3389 eas
2028 3346 2216 3390 autem
2257 3349 2511 3407 tanquam
2544 3341 2687 3394 inter
2720 3346 2895 3397 claras
2932 3353 2986 3397 et
3035 3347 3244 3401 lucidas
3272 3350 3477 3414 stellas,

1894 3442 2001 3481 una
2030 3430 2339 3481 mirandum
2369 3432 2421 3484 in
2449 3433 2669 3485 modum
2702 3435 3089 3503 resplendcbat
3121 3439 3293 3493 instar
3314 3441 3478 3503 lunaa,

1891 3530 1946 3575 et
1977 3521 2389 3590 pulchritudine
2417 3535 2471 3579 et
2512 3542 2711 3592 genere
2740 3539 2794 3581 et
2821 3530 3023 3584 virtute
3048 3532 3171 3584 aliis
3192 3544 3476 3600 pra-stans.

1893 3613 1965 3666 Ea
2020 3630 2150 3669 vero
2194 3617 2491 3670 vocabatur
2532 3618 2858 3689 Theophila.
2912 3622 3026 3677 Hoc
3082 3634 3264 3679 autem
3317 3628 3478 3698 longe

1890 3703 2089 3756 melius
2121 3720 2205 3757 res
2234 3706 2347 3770 ipsa
2384 3709 2648 3761 ostendit.

1964 3793 2081 3847 XX.
2139 3796 2273 3848 Cum
2318 3798 2463 3849 enim
2516 3799 2602 3851 illa
2652 3811 2795 3856 esset
2835 3803 2988 3855 vultu
3035 3804 3173 3859 adeo
3214 3806 3474 3873 formosa,

1894 3885 2203 3939 traheretur
2235 3899 2417 3941 autem
2448 3905 2475 3941 a
2509 3890 2818 3955 lictoribus,
2859 3903 2912 3946 et
2939 3894 3050 3963 jam
3083 3896 3150 3947 ad
3195 3899 3382 3966 probri
3412 3916 3478 3954 ac

1891 3979 2237 4031 contumeliae
2266 3981 2542 4035 ofﬁcinam
2573 3985 2842 4039 violenter
2867 3988 3336 4054 introduceretur,
3365 4009 3478 4047 ma-

1853 4075 1859 4082 '
1889 4086 1993 4123 nus
2028 4071 2191 4124 simul
2221 4081 2278 4125 et
2300 4076 2490 4127 oculos
2522 4075 2576 4127 in
2619 4077 2818 4131 caelum
2860 4080 3079 4145 tollens,
3106 4092 3162 4136 et
3190 4084 3477 4140 miserabi-

1888 4163 2015 4219 liter
2042 4165 2315 4233 aspiciens
2342 4182 2355 4218 :
2383 4165 2453 4219 Mi
2475 4169 2626 4233 Jcsu,
2650 4169 2809 4232 dixit,
2832 4187 2987 4227 meus
3008 4189 3187 4239 amor,
3215 4192 3335 4231 mea
3356 4178 3471 4243 lux,

1889 4270 2047 4309 meus
2090 4256 2339 4325 spiritus,
2380 4274 2537 4313 meus
2566 4269 2753 4315 custos
2794 4262 3062 4319 castitatis
3089 4275 3143 4320 et
3170 4266 3312 4330 vitae,
3346 4267 3475 4324 vide

1889 4362 2008 4401 eam
2034 4365 2156 4418 qua:
2179 4358 2259 4403 est
2290 4351 2388 4403 tibi
2415 4352 2706 4420 desponsa.
2732 4354 2890 4419 Vide,
2920 4375 2953 4411 ο
2982 4373 3204 4427 sponse,
3229 4361 3282 4413 in
3306 4376 3473 4430 quem

1890 4441 2038 4494 nulla
2069 4441 2217 4495 cadit
2262 4442 2641 4511 reprehensio,
2672 4455 2729 4499 et
2772 4445 2969 4501 festina
3021 4467 3033 4503 :
3071 4451 3329 4519 quoniam
3370 4469 3472 4509 nec

1889 4531 2216 4600 estquidem
2264 4542 2481 4603 tempus
2522 4536 2807 4603 precandi,
2846 4553 2915 4591 ne
2968 4551 3187 4608 pactum
3229 4558 3470 4597 conven-

1889 4634 2002 4679 tum
2058 4626 2262 4692 fallam,
2313 4644 2381 4682 ne
2434 4630 2636 4697 prodas
2686 4646 2773 4684 me
2809 4633 3024 4698 bestiis,
3056 4651 3125 4690 ne
3169 4637 3284 4706 lupi
3323 4648 3471 4693 tuam

1887 4718 2151 4786 pecudem
2173 4719 2461 4774 dilanient.
2487 4721 2677 4789 Serva,
2698 4737 2919 4792 sponse,
2955 4740 3211 4796 sponsam
3242 4746 3255 4783 :
3291 4745 3470 4785 meam

1885 4826 2150 4865 conserva
2189 4813 2523 4877 castitatem,
2558 4814 2681 4869 fons
2730 4819 3020 4885 castitatis,
3056 4829 3113 4873 tit
3146 4830 3297 4875 tuum
3334 4840 3471 4893 quo-

1884 4917 1993 4971 que
2030 4917 2228 4957 nomen
2268 4920 2416 4959 nunc
2470 4908 2704 4961 maxime
2744 4911 3083 4977 glorificetur
3134 4913 3202 4966 ab
3238 4916 3470 4983 angelis.

1887 4997 2013 5051 ll-xc
2047 4998 2136 5051 illa
2181 5000 2403 5068 quidem
2443 5000 2617 5054 oravit
2649 5017 2775 5056 cum
2818 5002 3074 5074 lacryr‘nis
3104 5024 3115 5058 :
3142 5006 3334 5061 cll‘ecta
3365 5023 3468 5061 au-

1886 5096 1992 5141 tem
2055 5089 2197 5144 Deus
2253 5089 2511 5144 reddidit.
2572 5090 2678 5146 Sed
2723 5102 2807 5147 est
2852 5094 3197 5149 adhibendus
3244 5097 3466 5151 animus

1883 5179 2205 5233 narrationi.
2238 5180 2615 5237 lntroducitur
2656 5184 2810 5255 virgo
2850 5186 2902 5239 in
2954 5187 3329 5255 postibulum;
3380 5190 3468 5244 illa

1882 5284 2014 5326 vero
2052 5272 2217 5325 etiam
2260 5274 2315 5325 in
2354 5274 2445 5327 tali
2480 5274 2601 5329 loco
2647 5285 2703 5329 et
2734 5285 2980 5346 tempore
3018 5294 3126 5333 non
3166 5291 3251 5334 est
3288 5282 3461 5337 oblita

1882 5376 2079 5417 eorum
2109 5379 2229 5432 quae
2254 5368 2523 5435 Oportuit,
2552 5368 2649 5421 sed
2693 5372 2949 5438 protinus
2974 5372 3201 5441 ejiciens
3232 5373 3285 5428 id
3318 5378 3463 5444 quod

1886 5453 2124 5509 habebat
2191 5458 2246 5511 in
2312 5458 2471 5524 sinu,
2514 5460 2568 5514 id
2653 5472 2837 5516 autem
2895 5473 3013 5518 erat
3058 5480 3464 5523 sacrosanctum

1885 5545 2269 5616 Evangelium,
2318 5552 2556 5619 aperuit,
2599 5560 2656 5606 et
2711 5554 2875 5608 dabat
2932 5571 3157 5625 operam
3214 5559 3460 5615 lectioni.

1888 5639 2040 5695 Unus
2076 5654 2206 5694 vero
2244 5658 2311 5697 ex
2357 5642 2873 5715 intemperantiuus,
2901 5661 3070 5705 oestro
3118 5652 3310 5706 insano
3336 5669 3463 5722 per-

1886 5731 2052 5798 citus,
2076 5734 2142 5788 ad
2170 5748 2290 5789 eam
2320 5734 2649 5805 ingreditur,
2679 5739 2771 5805 qui
2804 5740 3205 5811 aliquantisper
3238 5743 3462 5812 quidem

1887 5838 2007 5882 eam
2044 5826 2215 5883 audiit
2247 5827 2541 5899 legentem.
2576 5828 2711 5885 Cum
2742 5839 2923 5886 autem
2951 5833 3060 5903 jam
3090 5848 3260 5905 prope
3290 5847 3439 5891 esset
