4214 6444
796 370 932 441 1063
1948 368 2207 430 ADDEN
2218 371 2334 431 DA.
2374 395 2442 404 -
2479 371 2912 435 DECEMBER.
3945 371 4076 435 10θέ

789 489 1084 547 amaximo
1123 495 1268 541 metu
1305 484 1606 549 invaditur,
1634 492 1691 540 et
1730 493 1969 538 tremore
2010 484 2168 538 valde
2195 484 2368 552 agita-

2475 489 2570 541 καὶ
2600 484 2667 560 ἦν
2688 487 2832 542 οὕτω
2860 489 2993 559 πρὸς
3020 492 3131 553 τοῖς
3182 490 3308 543 ποσὶ
3351 489 3619 562 Θεοφίλης
3658 491 3946 543 ἀπνευστὶ
3976 490 4075 542 κεί-

793 591 906 646 tur,
939 588 996 636 et
1037 579 1187 634 humi
1243 577 1554 648 procumbit
1608 584 1883 640 mortuus,
1931 585 1989 629 et
2043 575 2126 629 sic
2166 576 2368 645 jacebal

2485 595 2666 647 μενος.
2707 572 2874 650 Ὧραι
2911 579 3194 650 παρῆλθον
3230 583 3444 651 συχναὶ,
3493 583 3588 634 καὶ
3618 582 3733 642 τοῖς
3767 579 3966 642 ἄλλοις
3993 580 4072 632 δό-

792 675 860 730 ad
885 674 1054 744 pedes
1078 671 1414 741 TheOphiIae,
1435 687 1545 725 non
1580 672 1816 740 spirans.
1837 669 2019 722 Multa:
2050 668 2203 721 liora
2239 683 2368 737 pra:-

2481 672 2601 737 ξαν,
2623 672 2743 724 ἐπεὶ
2769 671 2872 742 μέν
2893 671 3062 743 ἐξῄει,
3087 673 3395 741 ἀκορέστως
3421 673 3568 742 ἐχειν
3594 673 3768 727 αὐτὸν
3793 672 3912 740 τῆς
3937 688 4071 741 παρ-

792 767 1085 834 terierant,
1116 774 1175 821 et
1217 780 1343 820 cum
1395 765 1521 821 aliis
1550 766 1726 819 visunt
1757 772 1930 827 esset,
1966 763 2230 832 quoniam
2263 776 2368 816 non

2481 763 2664 816 θὲνου.
2705 764 2795 827 Ὦς
2831 764 2889 818 δέ
2921 764 3092 836 εἰσῄει
3124 765 3220 817 καὶ
3264 765 3451 835 ἕτερος
3489 767 3582 819 καὶ
3616 766 3789 828 αὐτὸς
3836 765 3950 835 ἤδη
3981 781 4070 816 κα-

789 864 1000 928 exibat,
1051 878 1177 918 eum
1233 877 1344 916 non
1385 878 1545 935 posse
1591 861 1782 916 satiari
1823 860 2060 931 virgine,
2097 859 2193 913 ubi
2225 858 2367 913 alius

2477 856 2681 913 ταστάς
2708 855 2959 926 πλησίον,
2984 858 3125 927 φωτὶ
3154 857 3256 926 μὲν
3285 858 3583 928 ἀπορρήτῳ
3616 855 4072 925 περιαστράπτε·

2471 965 2583 1013 ται,
2622 943 2737 1000 εἶτα
2771 951 2960 1013 σκότος
2988 951 3055 1003 ἐκ
3081 944 3176 1002 τοῦ
3210 951 3388 1019 φωτὸς
3413 949 3628 1018 δέχεται
3654 949 3753 1002 καὶ
3782 945 4069 1016 πηρωθεὶς

2474 1041 2571 1102 τὰς
2600 1041 2774 1110 ὄψεις,
2808 1040 2990 1110 ἐζήτει
3023 1040 3251 1112 περιιὼν
3282 1041 3342 1094 οὐ
3379 1041 3477 1111 τὴν
3507 1040 3784 1109 παρθένον
3823 1039 3941 1103 ἐτι,
3965 1023 4070 1090 ἀλλ’

2474 1128 2623 1192 ὅπως
2651 1131 2718 1183 ἂν
2751 1129 3016 1194 ἀπτώτως
3051 1132 3257 1197 ἐξέλθοι
3285 1132 3386 1200 τὴν
3413 1132 3605 1201 θύραν.

791 972 1013 1027 quoque
1058 957 1392 1027 ingreditur,
1427 957 1541 1026 ipse
1582 969 1803 1025 quaque
1846 956 1965 1026 jam
1987 966 2160 1025 prope
2192 961 2363 1018 stans,

790 1049 933 1104 lucis
967 1048 1218 1117 quidem,
1255 1065 1377 1117 qua:
1404 1047 1585 1101 verbis
1620 1047 1856 1116 exprimi
1886 1062 1993 1101 non
2031 1052 2232 1116 potest.
2261 1042 2368 1097 ful-

788 1154 922 1205 gore
961 1137 1300 1204 illustratur;
1340 1138 1540 1191 deinde
1570 1152 1697 1191 eum
1729 1153 1759 1191 a
1793 1137 1912 1190 luce
1946 1135 2186 1190 tenebrae
2218 1133 2366 1189 exci-

789 1233 969 1303 piunt,
998 1244 1054 1290 et
1101 1235 1297 1289 obtutu
1350 1235 1596 1300 orbatus,
1655 1233 1936 1303 quaerebat
1981 1231 2200 1298 obiens,
2255 1245 2368 1286 non
2404 1227 2641 1298 amplius
2664 1228 2958 1298 virginem,
2987 1228 3084 1283 sed
3140 1227 3604 1298 quemadmodum
3676 1226 3827 1282 citra
3900 1225 4070 1280 offen-

789 1320 999 1381 8ionem
1034 1328 1208 1380 exiret
1237 1336 1391 1381 extra
1421 1326 1589 1382 fores.

858 1418 1002 1472 XXI.
1046 1419 1183 1474 Cum
1241 1419 1395 1472 multi
1447 1418 1670 1488 quidem
1714 1418 1842 1474 talia
1897 1419 2041 1488 passi
2069 1426 2276 1479 essent,
2312 1423 2367 1470 et

787 1512 1036 1566 nonnulli
1063 1513 1228 1566 etiam
1275 1511 1446 1582 magis
1484 1511 1795 1576 horribilia,
1823 1511 1960 1565 nulli
1995 1512 2100 1565 fuit
2133 1509 2366 1578 amplius

789 1604 941 1658 cordi
1000 1603 1237 1673 ingredi,
1280 1604 1374 1658 sed
1411 1611 1464 1658 et
1519 1605 1572 1657 si.
1610 1603 1732 1672 quis
1791 1602 2221 1671 ingrediebatur.
2258 1616 2368 1653 non

791 1692 1208 1762 ingrediebatur
1229 1702 1422 1761 captus
1451 1708 1661 1753 amore,
1688 1691 1782 1743 sed
1805 1691 1987 1742 solum
2011 1690 2200 1742 volens
2226 1688 2370 1741 scire

789 1798 854 1836 ea
908 1799 1029 1852 quae
1072 1781 1214 1835 facta
1271 1783 1509 1837 fuerant.
1572 1783 1868 1849 Postquam
1917 1790 2096 1833 autem
2139 1778 2369 1848 ingressi

2547 1408 2682 1463 ΚΝ.
2722 1408 2910 1464 Ταῦτα
2958 1407 3166 1460 πολλῶν
3199 1407 3298 1476 μὲν
3345 1406 3645 1469 παθόντων,
3673 1406 3846 1458 ἐνίων
3886 1406 3947 1458 δέ
3973 1407 4065 1458 καὶ

2476 1503 2547 1555 τὰ
2581 1501 3021 1572 φρικωδέστερα,
3057 1501 3238 1552 οὐκέτι
3285 1500 3471 1554 λοιπὸν
3511 1498 3690 1553 οὐδενὶ
3718 1497 4068 1566 καταθύμιον

2478 1595 2744 1649 εἰσελθεῖν
2768 1610 2782 1626 θ
2816 1594 2930 1646 ἀλλ’
2959 1594 3120 1663 είπερ
3163 1610 3245 1656 τις
3278 1594 3370 1647 καὶ
3400 1593 3595 1663 εἰσῄει,
3637 1592 3744 1645 οὐκ
3775 1592 3954 1660 ἔρωτι
3975 1592 4064 1660 λη-

2481 1685 2636 1755 φθεὶς
2680 1686 2906 1746 ἐκεῖνος,
2943 1683 3058 1736 ἀλλ’
3104 1684 3386 1754 ἱστορῆσαι
3434 1684 3592 1751 μόνον
3624 1682 3772 1751 ἐρῶν
3801 1681 3872 1732 τά
3913 1697 4065 1747 γεγει

2479 1777 2710 1848 νημένα.
2760 1776 2914 1829 Ἐπεὶ
2966 1775 3149 1829 δὲκαὶ
3196 1774 3416 1838 πλείους
3472 1774 3754 1841 εἰσῆλθον,
3803 1771 4066 1840 ὁρῶσινά

789 1885 916 1928 sunt
967 1875 1300 1942 complures,
1354 1874 1543 1926 vident
1593 1889 1656 1927 ea
1704 1889 1823 1941 qua:
1864 1883 1918 1926 et
1967 1875 2030 1924 ad
2074 1870 2368 1923 videndum

2479 1870 2572 1922 καὶ
2612 1871 2739 1922 ἰδεῖν
2768 1867 2996 1940 φοϐερὸν
3024 1871 3119 1921 καὶ
3147 1868 3320 1920 εἰπεῖν
3344 1868 3452 1928 τοῖς
3475 1865 3658 1928 ἄλλοις
3691 1867 4066 1935 παραδοξότα-

787 1974 944 2018 erant
977 1966 1268 2028 terribilia,
1297 1974 1352 2018 et
1385 1964 1452 2018 ad
1503 1964 1796 2018 dicendum
1840 1965 1964 2018 aliis
2004 1963 2237 2016 maxime
2267 1962 2363 2015 ad-

789 2057 1086 2121 mirabilia,
1127 2057 1368 2126 puellam
1414 2057 1634 2125 quidem
1687 2056 1920 2109 honeste
1965 2053 2274 2117 sedentem,
2310 2061 2367 2106 et

788 2148 933 2201 libro
982 2147 1415 2210 incumbentem,
1469 2148 1874 2201 adolescentem
1921 2153 2106 2198 autem
2173 2159 2366 2213 quem-

787 2239 910 2292 dam
966 2253 1132 2308 prope
1187 2254 1307 2292 eam
1358 2247 1617 2300 stantem,
1648 2238 1769 2291 luce
1805 2236 2028 2306 quidem
2076 2233 2365 2299 ineffabili,

788 2330 1201 2396 pulchritudine
1238 2346 1366 2385 vero
1395 2330 1722 2394 incredibili,
1749 2329 1916 2382 veluti
1947 2327 2195 2398 quaedam
2259 2327 2366 2380 tela

786 2418 1016 2489 fulguris
1049 2421 1392 2474 emittentem
1425 2436 1491 2473 ex
1525 2418 1719 2473 oculis.
1751 2418 1875 2472 Haec
1909 2428 2195 2486 postquam
2222 2418 2368 2470 vide-

787 2520 940 2574 runt,
981 2520 1036 2566 et
1085 2522 1233 2565 metu
1279 2512 1646 2580 diriguerunt,
1685 2519 1738 2563 et
1787 2509 1874 2562 vix
1932 2508 2148 2562 tandem
2187 2526 2199 2561 :
2232 2507 2366 2573 Quis

787 2610 874 2656 est
913 2601 1058 2655 sicut
1088 2601 1531 2656 Christianorum
1574 2601 1757 2654 Deus?
1801 2600 2271 2661 exclamaverunt,
2311 2603 2365 2650 et

785 2692 951 2746 simul
983 2709 1093 2748 non
1141 2693 1380 2749 ferentes
1415 2694 1812 2763 spectaculum,
1858 2701 2004 2744 recte
2058 2706 2243 2744 secum
2281 2689 2367 2758 agi

789 2784 1077 2854 putabant,
1107 2786 1153 2838 si
1186 2785 1456 2854 fugerent,
1483 2795 1538 2839 et
1587 2785 1868 2838 celeritate
1921 2783 2156 2836 maxima
2201 2782 2365 2836 domo

785 2875 1034 2938 exibant,
1088 2890 1280 2928 omnes
1329 2874 1551 2943 quidem
1599 2873 1755 2927 obliti
1802 2871 2072 2935 libidinis,
2109 2871 2363 2925 nonnulli

788 2975 972 3022 autem
1026 2966 1189 3021 etiam
1241 2967 1356 3036 ipsa
1398 2967 1679 3035 impietate
1707 2967 1977 3035 abjurata.
2023 2963 2128 3018 Sed
2186 2980 2366 3032 neque

789 3059 907 3114 haec
961 3061 1236 3131 ignoravit
1285 3059 1678 3123 Maximianus,
1738 3056 1835 3112 sed
1879 3071 2002 3111 cum
2053 3054 2367 3109 rescivisset

789 3152 1057 3220 virginem
1105 3152 1327 3221 quidem
1376 3166 1488 3203 non
1529 3165 1686 3218 posse
1713 3149 1832 3217 capi
1862 3147 1930 3202 ab
1967 3148 2033 3202 iis
2067 3148 2159 3217 qui
2191 3147 2365 3217 ipsam

2474 1979 2587 2025 τον,
2615 1961 2715 2030 τὴν
2762 1961 2926 2014 παῖδα
2962 1959 3062 2029 μὲν
3104 1958 3390 2027 εὐκόσμως
3440 1957 3832 2026 καθεζομένην
3885 1961 3979 2008 καὶ
4006 1961 4061 2024 τῇ

2476 2049 2646 2122 βίϐλῳ
2705 2050 3109 2119 ἐγκύπτουσαν,
3153 2049 3436 2102 νεανίσκον
3470 2046 3526 2099 δέ
3575 2064 3696 2099 τινα
3727 2048 3916 2117 ταύτῃ
3965 2065 4060 2096 πα-

2477 2143 2723 2213 ρεστῶτα
2753 2144 2892 2211 φωτὶ
2924 2142 3021 2211 μὲν
3047 2142 3296 2211 ἀρρήτῳ,
3335 2137 3522 2193 κάλλει
3547 2138 3602 2190 δὲ
3631 2139 3954 2209 ἀπορρήτῳ
3987 2139 4063 2206 βο-

2474 2235 2624 2298 λίδας
2668 2235 2858 2305 ὥσπερ
2918 2236 3209 2305 ἀστραπῆς
3255 2237 3364 2289 τῶν
3407 2240 3584 2310 ὄψεων
3626 2233 4058 2300 ἀποπέμποντι.

2475 2327 2662 2380 Ταῦτα
2690 2329 2765 2389 ὡς
2793 2326 2933 2380 εἶδον
2967 2327 3334 2398 ἀπεπάγησάν
3357 2347 3413 2382 τε
3446 2331 3523 2400 τῷ
3557 2331 3667 2384 δέει
3693 2334 3796 2384 καὶ
3837 2330 3943 2397 6ψέ
3973 2329 4058 2382 καὶ

2478 2422 2652 2490 μόλις,
2687 2420 2782 2483 Τίς
2820 2420 2950 2482 Θεὸς
2985 2421 3063 2483 ὼς
3105 2422 3132 2474 δ
3159 2423 3506 2493 Χριστιανῶν
3536 2423 3692 2486 Θεὸς,
3730 2425 4059 2488 ἐξεϐόησαν,

2475 2513 2572 2564 καὶ
2603 2513 2718 2580 ἅμα
2743 2512 2842 2580 τὴν
2875 2511 3002 2564 θέαν
3029 2513 3090 2566 οὐ
3120 2513 3379 2584 φέροντες
3408 2515 3634 2582 φεύγειν
3669 2515 3939 2582 ἠγάπων,
3974 2519 4060 2566 καί

2477 2602 2576 2654 σὺν
2609 2601 2792 2672 πολλῷ
2814 2602 2892 2671 τῷ
2921 2604 3078 2672 τάχει
3109 2605 3204 2673 τῆς
3230 2607 3410 2667 οἰκίας
3440 2605 3689 2676 ἐξῄεσαν,
3717 2607 3937 2666 πάντες
3968 2607 4060 2672 μὲν

2471 2691 2763 2760 ἀσελγείας
2817 2693 3220 2764 ἐπιλαθόμενοι,
3255 2695 3385 2749 ἔνιοι
3413 2696 3470 2748 δέ
3511 2697 3606 2749 καὶ
3638 2697 3818 2764 αὐτὴν
3867 2698 4061 2764 ἐξομο-

2475 2785 2704 2854 σάμενοι
2761 2785 2861 2855 τὴν
2913 2786 3190 2841 ἀσέϐειαν.
3246 2788 3321 2840 Ού
3390 2788 3497 2857 μὴν
3551 2788 3675 2841 ούδέ
3731 2788 4061 2856 Μαξιμανδς

2470 2877 2706 2947 ἠγνόησε
2742 2878 2950 2932 ταῦτα’
2983 2878 3120 2932 ἀλλὰ
3164 2879 3356 2949 μαθὼν
3386 2881 3534 2940 ὅπως
3579 2881 3612 2950 ὴ
3649 2880 3752 2950 μέν
3785 2881 4059 2951 παρθένος

2473 2968 2772 3039 ἀχείρωτος
2821 2970 2915 3021 καὶ
2950 2971 3133 3033 αὐτοῖς
3189 2970 3298 3040 ἀρα
3349 2973 3463 3034 τοῖς
3509 2971 3851 3040 φυλάττουσι
3895 2987 4059 3040 στρα-

2471 3061 2716 3126 τιώταις,
2747 3061 2932 3114 πολλοί
2962 3061 3019 3116 δὲ
3051 3062 3160 3115 τῶν
3193 3064 3404 3117 ἐκείνου
3452 3062 3652 3134 μᾶλλον
3685 3063 4053 3132 κεχείρωνται

2472 3154 2568 3206 καὶ
2599 3154 2874 3207 θεοσεὸεἴν
2925 3155 3309 3224 ἐδιδάχθησαν,
3357 3158 3581 3227 γοητείᾳ
3629 3156 3732 3218 τὴν
3785 3155 3887 3209 τοῦ
3917 3155 4052 3208 Θεοῦ

792 3243 1106 3305 servabant,
1152 3243 1439 3306 militibus,
1490 3242 1621 3311 quin
1667 3242 1832 3295 etiam
1874 3239 2076 3292 multos
2129 3254 2196 3293 ex
2246 3238 2360 3293 suis

2470 3243 2623 3313 χάριν
2648 3244 2954 3312 ἐπέγραφε,
2977 3246 3070 3297 καὶ
3094 3246 3174 3297 ὅτι
3196 3246 3412 3315 τέχναις
3438 3248 3487 3320 οἰ
3510 3245 3861 3316 Χριστιανοὶ,
3880 3247 4056 3314 λέγων

788 3347 910 3386 esse
944 3332 1138 3396 victos,
1175 3341 1230 3386 et
1261 3332 1519 3386 didicisse
1554 3332 1724 3384 Deum
1756 3329 1845 3398 pie
1879 3329 2085 3390 colere,
2119 3328 2211 3381 Dei
2248 3343 2367 3395 gra-

790 3418 919 3470 tiam
980 3419 1291 3472 ascribebat
1331 3418 1688 3473 incantationi
1726 3435 1741 3472 :
1782 3417 1973 3471 dicens
2024 3416 2364 3470 Christianos

787 3511 869 3564 uti
906 3509 1156 3564 artiﬁciis
1194 3511 1258 3564 ad
1304 3512 1502 3580 vulgus
1536 3507 2079 3578 decipiendum.gSed
2121 3507 2214 3561 ille
2245 3507 2366 3576 qui-

787 3601 914 3654 dem
968 3603 1084 3655 bec
1123 3602 1339 3666 dicens,
1391 3601 1634 3671 seipsum
1681 3599 1867 3669 potius
1920 3597 2249 3667 decipiebat,
2307 3606 2365 3653 et

786 3695 1105 3763 quicunque
1140 3695 1230 3750 his
1260 3695 1420 3764 nugis
1446 3695 1692 3748 animum
1719 3692 2079 3747 adhibebant.

857 3787 1024 3841 XXII.
1057 3788 1152 3842 Ille
1192 3795 1374 3841 autem
1428 3787 1622 3856 plenus
1659 3785 1892 3850 lumine,
1936 3785 2030 3854 qui
2065 3783 2360 3839 videbatur

785 3879 984 3947 virgini
1042 3879 1324 3941 assistere,
1379 3892 1502 3931 cum
1536 3891 1656 3929 eam
1705 3875 1868 3928 domo
1907 3875 2208 3939 eduxisset,
2260 3888 2360 3927 suo

783 3970 990 4023 lumine
1043 3968 1359 4036 praecedens
1411 3967 1739 4021 deducebat.
1781 3966 1987 4019 Deinde
2016 3980 2142 4018 cum
2191 3965 2358 4018 etiam

783 4057 1104 4110 adduxisset
1153 4072 1325 4125 usque
1378 4055 1446 4109 ad
1492 4070 1700 4108 sacram
1734 4054 2046 4118 ecclesiam,
2083 4068 2202 4106 eam
2246 4065 2358 4106 s'a-

783 4149 889 4204 tuit
921 4149 975 4200 in
1002 4148 1308 4210 vestibulo;
1343 4154 1398 4201 et
1427 4161 1572 4209 cum,
1603 4146 1712 4199 Pax
1748 4145 1868 4204 tibi,
1894 4143 2146 4206 dixisset,
2176 4158 2358 4197 reces-

782 4238 875 4291 sit.
923 4238 1053 4292 Eam
1111 4247 1290 4290 autem
1344 4235 1572 4289 invasit'
1603 4242 1659 4289 et
1710 4244 1909 4297 metus,
1960 4242 2016 4287 et
2074 4233 2353 4303 gaudium.

786 4330 961 4384 Metus
983 4330 1228 4399 quidem,
1257 4329 1402 4396 quod
1439 4329 1528 4382 ille
1559 4343 1680 4382 eam
1719 4327 2060 4396 reliquisset;
2095 4326 2354 4396 gaudium

784 4438 935 4485 vero,
976 4422 1122 4490 quod
1189 4420 1607 4473 libidinosorum
1667 4433 1863 4472 manus
1915 4419 1994 4473 sic
2047 4416 2352 4486 eﬂ‘ugisset,

2469 3335 2608 3402 πρὸς
2644 3336 2861 3405 ἀπάτην
2891 3335 3068 3390 ταῦτα
3098 3337 3208 3390 τῶν
3244 3338 3455 3391 πολλῶν
3502 3338 3870 3408 πράττουσιν.
3913 3339 4055 3392 Ἀλλ’

2464 3429 2673 3490 ἐκεῖνος
2704 3429 2804 3497 μέν
2832 3427 3003 3480 ταῦτα
3033 3429 3206 3497 λέγων
3235 3430 3428 3482 ἐαυτὸν
3479 3431 3684 3500 μᾶλλον
3711 3433 3937 3502 ἠπάτα,
3959 3434 4054 3486 καὶ

2464 3518 2580 3572 ὅσοι
2611 3519 2871 3583 τοιούτοις
2899 3515 3040 3589 ἦσαν
3064 3520 3256 3592 λήροις
3285 3523 3669 3593 προσέχοντες.

2534 3779 2664 3832 KB’.
2707 3779 2767 3833 '0
2794 3780 2854 3834 δέ
2882 3780 3100 3851 πλήρης
3127 3783 3306 3852 φωτὸς
3337 3783 3566 3852 ἐκεῖνος,
3603 3787 3634 3840 6
3657 3789 3726 3858 τῇ
3763 3789 3910 3861 κόρῃ
3948 3809 4052 3846 πα-

2464 3873 2718 3940 ρεστάναι
2749 3873 3095 3941 φαινόμενος,
3132 3876 3230 3946 τῆς
3255 3875 3433 3940 οίκίας
3469 3878 3639 3946 αὐτὴν
3671 3881 4049 3951 ὑπεξαγαγὼν

2459 3963 2536 4031 τῷ
2566 3963 2752 4033 οἰκείῳ
2798 3964 2941 4031 φωτὶ
2993 3965 3252 4036 προάγων
3296 3966 3537 4038 ῶδήγει·
3583 3965 3703 4022 εἶτα
3737 3974 3838 4024 καί.
3885 3976 4046 4045 μέχρι

2458 4057 2557 4124 τῆς
2593 4055 2743 4124 ἰερᾶς
2765 4055 3066 4126 ἐκκλησίας
3086 4057 3391 4127 ἀπαγαγὼν
3415 4059 3491 4125 τῷ
3519 4059 3726 4114 πυλῶνι
3759 4063 4042 4132 ἐφίστησι,

2457 4145 2573 4210 καὶ,
2613 4146 2814 4217 Εἰρήνη
2847 4164 2952 4213 σοι,
3005 4150 3348 4219 προσειπὼν,
3374 4151 3553 4205 ἀπιὼν
3606 4153 3804 4224 ᾤχετο.
3867 4155 3937 4210 Ἦ
3992 4159 4045 4211 ει

2458 4237 2608 4308 φόϐῳ
2637 4239 2914 4308 συνείχετο
2945 4240 3036 4293 καὶ
3063 4241 3231 4314 χαρᾷ⁹
3266 4241 3415 4312 φόϐῳ
3449 4242 3552 4311 μέν
3577 4244 3667 4297 διὰ
3692 4245 3796 4316 τὴν
3829 4248 4044 4300 ἐκείνου

2457 4329 2799 4399 κατάλειψιν,
2850 4333 2995 4401 χαρᾷ
3043 4332 3140 4396 δέ,
3195 4335 3278 4386 ὃτι
3327 4334 3575 4403 ἀσελγῶν
3638 4337 3788 4390 οὕτω
3852 4343 4044 4412 χεῖρας

2457 4421 2686 4490 ἐκφύγοι
2727 4422 2895 4492 μηδὲν
2950 4424 3190 4492 ἄσεμνον
3240 4426 3608 4496 ὑπομείνασα.
3652 4430 4042 4499 Προσελθοῦσα

786 4513 921 4566 nihil
972 4528 1125 4582 passa
1194 4512 1564 4566 indecorum.
1599 4510 1881 4564 Accedens
1934 4526 2100 4580 ergo,
2172 4511 2355 4579 pulsat

2470 4515 2631 4567 τοίνυν
2677 4515 2866 4568 κόπτει
2898 4516 2997 4586 τὴν
3029 4515 3202 4587 θύραν
3237 4518 3334 4589 ήδη
3374 4518 3476 4572 ’τοῦ
3510 4519 3642 4572 λαοῦ
3672 4521 4040 4594 ἠθροισμένου

784 4607 984 4657 ostium
1055 4603 1239 4672 populi
1287 4604 1399 4672 jam
1473 4603 1807 4672 congregati,
1860 4613 1916 4657 et
1963 4613 2230 4657 nocturna
2285 4604 2352 4657 de

2470 4607 2555 4658 καὶ
2583 4607 2652 4658 τὰ
2694 4607 2989 4678 νυκτερινὰ
3031 4608 3278 4678 συνήθως
3307 4610 3386 4680 τῷ
3435 4611 3553 4682 Θεῷ
3586 4590 3833 4683 ᾄδοντος.
3874 4590 3964 4679 λος
3989 4618 4040 4670 δέ

786 4709 939 4748 more
987 4695 1099 4747 Deo
1133 4695 1409 4747 canentis.
1443 4694 1578 4747 Cum
1631 4705 1813 4756 autem
1855 4698 2034 4762 janua:
2064 4696 2350 4763 strepitum

784 4785 1051 4839 sensisset
1085 4785 1303 4853 quidam
1339 4784 1622 4848 diaconus,
1650 4793 1700 4838 et
1734 4799 1982 4852 quamam
2009 4793 2153 4838 esset
2181 4784 2350 4837 resci-

783 4879 950 4930 visset
979 4917 994 4938 ,
1032 4875 1366 4929 renuntiavit
1416 4875 1484 4929 iis
1511 4875 1602 4943 qui
1645 4881 1804 4928 erant
1850 4873 1993 4927 intra
2040 4873 2347 4928 ecclesiam.

784 4968 986 5023 Omnes
1015 4967 1194 5035 itaque
1222 4967 1289 5020 ad
1311 4982 1430 5021 eam
1462 4966 1767 5020 conﬂuunt.
1808 4966 1944 5021 Nam
1974 4967 2177 5034 alioqui
2234 4977 2352 5022 erat

783 5062 948 5116 etiam
992 5061 1190 5115 illustri
1222 5076 1443 5130 genere,
1478 5061 1618 5114 sicut
1647 5061 1988 5125 audivimus;
2025 5060 2227 5114 virtute
2258 5075 2355 5113 au-

785 5163 894 5208 tem
938 5153 1115 5208 multo
1159 5154 1446 5207 illustrior.
1474 5153 1610 5208 Cum
1655 5168 1773 5206 eam
1803 5168 1932 5222 ergo
1975 5153 2258 5216 vidissent,
2297 5161 2352 5207 et

782 5261 923 5315 quos
953 5256 1008 5300 et
1039 5245 1302 5315 quidnam
1331 5245 1576 5298 volentes
1598 5244 1902 5313 eﬂ‘ugisset,
1929 5244 2347 5310 intellexissent,

2458 4697 2554 4752 τοῦ
2587 4699 2696 4752 τῶν
2728 4701 2913 4752 πυλῶν
2935 4699 3109 4770 ψόφου
3143 4703 3340 4772 ἧσθετό
3375 4720 3461 4768 τις
3481 4706 3593 4758 τῶν
3615 4707 3911 4775 διακόνων,
3949 4712 4036 4762 καί

2458 4791 2581 4860 ἥτις
2638 4785 2706 4861 ἦν
2754 4791 2936 4862 ἐκείνη
2989 4791 3176 4861 μαθὼν
3226 4798 3339 4857 τοῖς
3383 4796 3536 4849 ἔνδον
3583 4799 3682 4868 τῆς
3737 4801 4036 4872 ἐκκλησίας

2459 4883 2786 4949 ἀπήγγειλε,
2825 4885 3112 4955 συρῤέουσι
3145 4884 3245 4954 μιν
3273 4887 3349 4949 ὡς
3372 4887 3544 4958 αὐτὴν
3567 4890 3771 4953 πάντες
3800 4908 3814 4919 °
3840 4889 3910 4964 ἦν
3931 4895 4034 4963 γάρ

2461 4977 2557 5028 καί.
2600 4975 2774 5040 ἄλλως
2825 4978 2891 5030 ἐκ
2918 4978 3108 5046 γένους
3139 4979 3529 5050 μεμαθηκότες
3561 4983 3671 5036 τῶν
3715 4987 4027 5056 ἐπισήμων,

2459 5065 2647 5137 ὥσπερ
2679 5068 3018 5139 ἠκούσαμεν,
3067 5070 3247 5140 πολλῷ
3279 5071 3336 5124 δέ
3365 5071 3466 5142 τὴν
3508 5075 3714 5146 ἀρετήν
3755 5079 4027 5150 ἐπισήμου

2455 5161 2608 5226 τέρα.
2651 5159 2869 5230 Ταύτην
2917 5157 3011 5215 οὗν
3058 5162 3276 5229 ἰδόντες,
3309 5166 3400 5218 καί
3431 5166 3576 5228 τίνος
3605 5168 3704 5237 μιν
3731 5169 3940 5240 διέδρα,
3981 5173 4028 5224 τί

2455 5249 2511 5301 δὲ
2552 5251 2646 5302 καὶ
2679 5248 3032 5320 βουλομένους
3073 5249 3478 5323 μεμαθηκότες,
3511 5257 3607 5310 καὶ
3647 5254 3739 5311 οία
3786 5264 3907 5314 κατ’
3937 5263 4026 5315 αύ-

781 5349 837 5392 et
868 5354 1118 5407 qua-nam
1157 5337 1247 5390 illa
1293 5337 1348 5389 in
1382 5352 1478 5390 eos
1512 5335 1731 5390 fecisset
1757 5337 2040 5401 miracula,
2079 5353 2342 5406 quosnam

2470 5340 2559 5392 τῶν
2599 5341 2782 5411 ἐκείνη
2810 5342 2920 5395 τῶν
2946 5344 3262 5400 ἀκολάστων
3290 5345 3834 5419 θαυματουργὴσειε,
3873 5355 4025 5416 ποίας

780 5428 1003 5497 quidem
1048 5427 1229 5482 fontes
1259 5428 1620 5496 lacrymarum
1667 5441 1777 5480 non
1815 5425 2140 5480 moverunt?
2177 5443 2338 5496 quas-

2470 5430 2548 5482 ιέν
2569 5432 2668 5483 οὐκ
2693 5431 2906 5484 ἐκίνουν
2921 5433 3174 5502 δακρύων
3198 5436 3408 5506 πηγάς,
3430 5438 3592 5502 ποίας
3615 5439 3674 5492 δὲ
3697 5441 3805 5493 οὐκ
3829 5443 4019 5511 ήφίουν

780 5532 907 5570 nam
950 5525 1130 5569 autem
1184 5530 1348 5570 voces
1393 5515 1461 5569 ad
1521 5517 1691 5570 Deum
1746 5532 1858 5571 non
1905 5517 2251 5571 emiserunt?
2292 5521 2346 5572 in

780 5606 1056 5676 principio
1095 5607 1318 5676 quidem
1369 5618 1588 5678 raptum
1631 5607 1858 5677 virginis
1910 5607 2256 5673 miserantes,
2292 5608 2346 5662 in

783 5699 889 5752 ﬁne
916 5715 1048 5752 vero
1097 5700 1297 5769 impios
1342 5701 1563 5768 quidem
1597 5701 1828 5755 miseros
1860 5698 2156 5756 ducentes:
2196 5700 2344 5756 illam

780 5806 914 5848 vero
942 5791 1272 5861 quibusnam
1306 5805 1412 5845 non
1441 5801 1846 5861 persequuntur
1877 5790 2348 5849 beatitudinibus?

2453 5523 2590 5590 πρὸς
2622 5523 2753 5575 Θεὸν
2786 5525 2989 5591 φωνάς.
3034 5527 3093 5579 ἐν
3125 5522 3268 5598 ἀρχῇ
3326 5528 3426 5596 μέν
3474 5528 3572 5599 τὴν
3620 5532 3901 5600 παρθένον
3931 5538 4019 5603 τῆς

2453 5615 2710 5686 ἁρπαγῆς
2741 5616 3128 5687 οἰκτείροντες,
3158 5620 3251 5673 ἐπὶ
3276 5620 3417 5675 τέλει
3445 5622 3499 5675 δὲ
3525 5624 3651 5686 τοὺς
3684 5625 3789 5693 μὶν
3812 5629 4016 5692 ἀσεϐεῖς

2453 5705 2849 5771 ταλανίζοντες,
2888 5709 3105 5779 ἐκείνην
3135 5710 3190 5763 δέ
3223 5714 3384 5770 τίνων
3413 5713 3514 5767 οὐκ
3542 5714 3828 5778 ἀξιοῦντες
3853 5735 4017 5786 μακα-

2459 5798 2705 5869 ρισμῶν;
2741 5795 2810 5852 Ἦ
2837 5797 2894 5853 δέ
2924 5801 3120 5868 ῥίπτει
3164 5803 3264 5874 μὲν
3307 5803 3506 5875 ἐαυτήν
3538 5807 3620 5870 είς
3665 5810 3770 5880 γῆν
3803 5810 3894 5863 καί
3921 5808 4012 5862 τῶν
