4214 6444
230 402 372 472 1065

1372 408 1545 468 νιΤΑ
1572 408 1670 465 ES.
1714 403 1898 464 lNDE
1957 402 2050 461 ET
2098 399 2399 462 ΟΟΜΝΕ.

3359 403 3495 470 1066

225 525 395 595 ιερῶν
440 524 831 594 θυσιαστηρίου
866 525 1100 579 ἅπτεται
1147 523 1461 591 κιγκλίδων,
1495 520 1723 592 δακρύει
1754 519 1810 573 δὲ

1920 516 2014 570 Illa
2072 530 2253 571 autem
2305 516 2540 586 seipsam
2596 516 2816 583 quidem
2868 515 3005 586 jacit
3061 515 3240 581 humi,
3288 526 3345 571 et
3391 534 3497 576 ara:

223 617 423 680 οὕτως,
461 618 535 679 ὡς
569 620 661 670 καὶ
693 618 818 678 τοὺς
849 616 1095 687 όρῶντας
1122 616 1205 678 εις
1244 616 1432 685 ὅμοιον
1464 616 1681 683 κινῆσαι
1713 613 1817 665 πά-

226 713 320 774 θος
354 712 447 764 καὶ
472 710 727 778 δακρύων
768 710 919 775 ροἀς,
952 711 1104 777 κοινή
1138 726 1197 760 τε
1241 708 1375 777 πρὸς
1405 707 1539 760 Θεὸν
1591 708 1843 783 εὐχαριο⁵

226 805 355 856 στία
389 805 453 855 hs
482 803 713 872 καρδίας
744 801 952 872 θερμῆς
990 801 1224 869 γίνεται.
1271 800 1436 854 ’Λλλά
1479 800 1548 854 τὰ
1585 799 1686 869 μὲν
1715 799 1815 867 τῆς

225 894 507 965 παρθένου
536 891 763 947 τοιαῦτα
787 894 885 946 καὶ
906 890 1079 955 οὕτως
1106 894 1321 962 ἔχοντα.

303 1073 428 1129 KI".
478 1071 805 1142 Μαξιμιανῷ
850 1070 906 1125 δὲ
964 1070 1072 1142 ἀρα
1120 1071 1197 1141 τῷ
1258 1071 1481 1142 πονηρῷ
1534 1071 1631 1124 καὶ
1684 1073 1809 1134 τοὺς

228 1166 645 1235 ὑπηρετοῦντας
678 1164 785 1217 εδει
839 1165 1107 1234 πονηροὺς
1155 1159 1295 1216 εἶναι
1347 1164 1441 1216 καὶ
1485 1163 1583 1231 τῆς
1619 1163 1811 1231 αὐτῆς,

229 1262 260 1313 ὃ
294 1276 448 1327 φασι,
487 1262 810 1327 κεραμείας.
857 1259 1012 1310 Ὅσοι
1056 1256 1259 1309 τοίνυν·
1284 1257 1626 1327 Μαξιμιανὺν
1667 1258 1820 1310 εὐσε-

236 1354 461 1415 ϐοῦντες
496 1353 807 1414 ἐλάνθανον,
836 1347 984 1406 οὗτοι
1019 1350 1271 1422 καθάπερ
1301 1353 1351 1404 οί
1384 1350 1675 1420 θηρατικοὶ
1706 1351 1817 1403 τῶν

229 1448 411 1501 κυνῶν
439 1446 816 1515 ἀνιχνεύοντες
844 1445 1213 1514 κατεμήνυον.
1254 1444 1323 1496 Οἱ
1341 1460 1401 1510 γε
1425 1445 1517 1496 καὶ
1546 1444 1685 1496 κατά
1709 1445 1821 1494 Δω-

236 1539 423 1609 ροθέου
469 1540 561 1591 τὸν
612 1537 777 1591 αὐτοῦ
826 1537 997 1605 θυμὸν
1040 1537 1388 1598 ἀνακαίουσι,
1420 1535 1697 1604 Δωροθέου
1720 1534 1815 1588 τοῦ

230 1628 332 1699 τὴν
367 1630 469 1699 μὶν
511 1630 673 1693 δόξαν
722 1628 815 1681 καὶ
846 1628 946 1695 τὴν
988 1626 1274 1696 πολιτικὴν
1316 1627 1475 1691 ἀξίαν
1525 1625 1820 1695 ἐκφανοῦς

234 1723 619 1792 (πραιπόσιτον
661 1720 881 1775 Ἰταλῶν
915 1720 1132 1786 γλῶττα
1174 1720 1377 1789 ταύτην
1428 1716 1537 1772 οἶδε
1586 1720 1814 1787 καλεῖν),

235 1814 667 1881 ἐπιφανεστέρου
702 1813 757 1866 δὲ
780 1812 879 1882 τὴν
914 1813 1217 1867 εὐσέϐειαν.
1270 1812 1426 1865 Κατά
1463 1812 1654 1866 τούτου
1684 1812 1817 1880 γοῦν

234 1908 330 1959 καὶ
351 1906 658 1975 Μαρδονίου
690 1907 783 1957 καὶ
810 1904 1113 1972 Μυγδονίου
1139 1906 1235 1957 καὶ
1272 1904 1368 1956 τοῦ
1406 1906 1814 1976 προρρηθέντος

236 1998 412 2051 Ἰνδου
443 1998 538 2050 καὶ
569 1996 744 2050 ἄλλων
775 1998 837 2066 δή
876 2013 1038 2048 τινων
1085 1996 1436 2065 θερμοτάτων
1472 1998 1570 2066 μὲν
1603 1997 1701 2066 τὴν
1735 1998 1815 2059 είς

231 2090 470 2160 Χριστὸν
521 2090 725 2153 πίστιν,
780 2088 1160 2157 περιϐλέπτων
1207 2087 1265 2140 δὲ
1313 2088 1410 2155 τὴν
1459 2089 1538 2151 είς
1592 2088 1816 2157 βασιλέα

228 2185 418 2253 τιμὴν,
466 2183 593 2252 βέλη
649 2182 906 2250 διαϐολῆς
950 2184 1263 2249 πέμπουσιν
1295 2198 1308 2211 ·
1338 2174 1481 2233 οὗτοι
1512 2181 1712 2251 δηλαδὴ
1742 2174 1817 2234 ὧν

229 2279 279 2331 cl
311 2277 522 2340 ὀδόντες
575 2277 716 2329 ὅπλα
751 2277 841 2327 καὶ
889 2274 1043 2343 βέλη,
1078 2276 1169 2327 καὶ
1202 2277 1233 2344 ὴ
1284 2275 1527 2341 γλῶσσα,
1566 2273 1704 2327 κατά
1749 2274 1816 2326 τὰ

234 2369 358 2437 ἱερὰ
394 2369 559 2434 φάναι
592 2367 771 2433 λόγια,
807 2365 1053 2434 μάχαιρα
1087 2364 1258 2430 ὀξεῖα,
1290 2363 1349 2415 EI
1380 2365 1594 2427 παῖδας,
1631 2363 1817 2429 λέγον-

229 2473 347 2520 τες,
383 2452 427 2511 ὦ
468 2458 711 2528 βασιλεῦ,
743 2457 836 2509 καὶ
865 2455 1089 2518 τούτους
1127 2456 1411 2518 οἰκοῦντας
1436 2456 1493 2507 ιν
1522 2456 1633 2516 τοῖς
1666 2454 1819 2522 βασι-

230 2549 399 2612 λείοις
419 2552 529 2610 τοίς
564 2552 673 2611 σοῖς
696 2549 792 2600 καὶ
820 2548 928 2599 τῶν
964 2548 1074 2599 σῶν
1100 2547 1265 2608 ὄντας
1300 2546 1557 2615 ὑπηκόων
1586 2547 1818 2599 ὑποτάτ-

230 2657 348 2694 τειν
378 2641 684 2703 ἀδυνατεῖς,
708 2641 760 2692 τί
789 2642 853 2709 δὴ
880 2639 977 2692 καὶ
1005 2639 1129 2701 τοὺς
1160 2638 1354 2702 ἀλλους
1375 2637 1586 2692 πείθειν
1613 2641 1818 2708 ἐπιχει-

236 2734 375 2800 ρεῐς,
402 2735 643 2799 ἀνήνυτα
698 2732 919 2797 κάμνων
970 2732 1063 2783 καὶ
1113 2732 1361 2797 ματαίως
1414 2729 1809 2800 ταλαιωρῶν;

234 2824 411 2893 Σχολῇ
464 2824 573 2893 γάρ
621 2821 687 2874 ἂν
730 2818 877 2874 οὗτοι
932 2822 1344 2890 μεταπεισθεῐεν
1391 2821 1481 2874 τοῦ
1520 2822 1815 2890 δόγματος,

232 2916 478 2976 δκείνους
508 2913 742 2984 ορῶντες
774 2914 939 2979 ἡδέως
985 2912 1139 2981 ἡμῶν
1177 2913 1690 2982 καταμωκωμένους
1722 2913 1816 2965 καὶ

235 3008 371 3076 παρ’
391 3006 544 3059 οὐδὲν
568 3007 627 3058 τὸ
660 3006 932 3072 αύστηρὸν
964 3004 1055 3056 τοῦ
1082 3003 1175 3056 σοῦ
1214 3004 1454 3073 βήματος
1476 3004 1811 3073 τιθεμένους.

1921 624 2111 663 sacros
2138 611 2310 679 tangit
2357 607 2760 669 cancellos.llet
2793 623 2927 662 vero
2964 618 3073 661 tam
3119 609 3495 678 vehementer,

1922 710 1982 754 ut
2029 717 2124 754 eos
2177 704 2338 755 etiam
2392 702 2484 771 qui
2535 700 2812 763 videbant,
2845 700 2910 753 ad
2968 700 3203 754 similem
3251 712 3499 757 moveret

1918 792 2265 846 all‘ectionem
2331 801 2386 846 et
2446 793 2648 846 ﬂuenta
2698 792 3087 858 lacrymarum,
3135 792 3303 861 fitque
3350 808 3497 846 com-

1920 886 2102 937 munis
2130 884 2196 937 ad
2240 885 2409 937 Deum
2446 886 2744 955 gratiarum
2780 885 2923 937 actio
2956 890 3071 936 toto
3107 894 3353 952 pectore.
3389 884 3496 939 Sed

1920 976 1993 1028 ita
2023 976 2245 1044 quidem
2282 992 2338 1030 se
2368 977 2641 1031 habebant
2673 993 2758 1030 res
2796 977 3042 1046 virginis.

1992 1066 2180 1122 XXIII.
2219 1068 2470 1137 Improbo
2494 1079 2674 1124 autem
2708 1069 3034 1124 Maximiano
3070 1069 3357 1140 oportebat
3390 1070 3496 1124 im-

1921 1160 2127 1227 probos
2152 1160 2315 1214 etiam
2339 1175 2459 1214 esse
2494 1162 2794 1225 minislros,
2820 1170 2873 1213 et
2901 1178 2965 1215 ex
2990 1164 3203 1227 eadem,
3229 1173 3288 1217 nt
3316 1163 3490 1227 aiunt,

1920 1251 2126 1305 ﬁdelia.
2154 1252 2479 1322 Quicunque
2504 1269 2633 1323 ergo
2664 1256 2750 1322 pie
2781 1255 2951 1309 Deum
2985 1256 3227 1310 colentes
3255 1257 3497 1329 latebant

1921 1343 2336 1408 Maximianum,
2386 1347 2421 1398 ii
2467 1346 2585 1399 illos
2615 1361 2722 1398 non
2773 1361 2931 1399 secus
2973 1362 3035 1400 ac
3067 1350 3300 1402 venatici
3331 1364 3496 1403 canes

1922 1436 2338 1506 investigantes,
2379 1438 2779 1506 signiﬁcabant.
2813 1438 2914 1503 Qui
2951 1440 3171 1507 qudem
3201 1440 3368 1493 etiam
3399 1441 3497 1495 a'd-

1921 1546 2114 1585 versus
2137 1530 2499 1593 Dorotlieum,
2518 1532 2606 1597 qui
2633 1531 2800 1599 gloria
2824 1530 3045 1598 quidem
3068 1538 3122 1583 et
3149 1532 3292 1583 civili
3315 1532 3499 1599 digni-

1924 1633 2034 1679 tate
2061 1624 2313 1693 insignis,
2343 1630 2403 1677 ut
2435 1624 2528 1692 qui
2558 1624 2884 1692 prapositus
2917 1632 3204 1677 vocaretur
3232 1624 3300 1677 ab
3326 1624 3495 1689 Italis,

1924 1720 2131 1787 pietate
2163 1728 2350 1772 autem
2384 1728 2501 1772 erat
2541 1719 2826 1785 insignior.
2873 1718 3150 1773 Adversus
3180 1735 3307 1772 eum
3339 1736 3493 1791 ergo,

1923 1820 1978 1863 et
2006 1810 2373 1874 Mardonium,
2402 1820 2454 1865 et
2491 1812 2859 1882 Mygdonium,
2898 1820 2972 1876 et,
2999 1812 3091 1880 qui
3135 1812 3287 1880 prius
3318 1814 3497 1869 dictus

1923 1910 2027 1967 est,
2080 1901 2292 1967 Itidem,
2355 1912 2409 1957 et
2459 1904 2722 1971 quosdam
2781 1905 2935 1966 alios,
3002 1904 3104 1959 ﬁde
3157 1906 3379 1975 quidem
3440 1908 3496 1961 in

1922 1991 2200 2048 Christum
2262 1995 2583 2057 acerrimos,
2638 1996 2989 2064 imperatoris
3040 2009 3224 2052 autem
3286 2000 3497 2055 honore

1923 2091 2122 2151 claros,
2160 2088 2465 2140 immittunt
2498 2089 2603 2141 tela
2651 2088 2959 2142 calumniae.
2987 2089 3051 2141 lli
3095 2090 3325 2153 scilicet,
3360 2106 3497 2160 quo-

1923 2194 2044 2233 rum
2077 2178 2272 2232 dentes
2316 2194 2470 2232 arma
2518 2186 2573 2231 et
2614 2178 2843 2246 sagittae,
2874 2189 2930 2232 et
2978 2180 3179 2241 lingua.
3214 2190 3273 2234 ut
3316 2183 3495 2237 dicam

1923 2287 2047 2328 cum
2092 2286 2243 2326 sacra
2280 2270 2562 2340 Scriptura
2590 2272 2632 2335 ',
2675 2270 2887 2339 gladius
2931 2280 3148 2334 acutus,
3190 2272 3441 2328 dicentes
3477 2291 3490 2327 :

1923 2364 1977 2418 Si
2008 2378 2219 2425 servos,
2250 2378 2283 2416 ο
2315 2364 2636 2430 imperator,
2669 2372 2725 2416 et
2756 2377 2853 2417 eos
2884 2362 2975 2430 qui
3014 2363 3066 2417 in
3098 2372 3189 2418 tua
3217 2365 3364 2434 regia
3396 2366 3497 2420 ha-

1926 2456 2122 2518 bitant,
2156 2464 2213 2509 et
2240 2463 2368 2508 sunt
2402 2454 2500 2507 tibi
2542 2454 2796 2521 subjecti,
2832 2470 2939 2509 non
2978 2464 3134 2524 potes
3177 2458 3496 2526 subjugare.

1926 2562 2026 2601 cur
2070 2548 2192 2601 aliis
2242 2547 2459 2601 conaris
2508 2546 2865 2614 persuadere,
2906 2547 3177 2601 inutiliter
3216 2548 3495 2615 laborans,

1923 2649 1977 2694 et
2016 2639 2217 2693 frustra
2253 2648 2305 2692 te
2338 2637 2632 2691 crucians?
2669 2638 2710 2690 li
2742 2638 2889 2691 enim
2916 2652 3057 2707 aegre
3088 2642 3367 2708 potuerint
3404 2641 3498 2695 ab-

1923 2732 2050 2785 duci
2102 2746 2131 2785 a
2160 2731 2435 2800 dogmate.
2493 2730 2617 2784 illos
2662 2730 2914 2784 videntes
2940 2747 3042 2785 nos
3087 2733 3328 2787 suaviter
3368 2734 3500 2787 irri-

1924 2825 2135 2883 dentes,
2166 2832 2222 2877 et
2252 2822 2331 2876 tui
2369 2821 2660 2875 tribunalis
2690 2825 3068 2878 austeritatem
3105 2824 3264 2878 nihili
3298 2825 3499 2881 facien-

1925 2921 2026 2967 tes.
2083 2912 2217 2966 Vide
2282 2913 2449 2974 enim,
2488 2927 2776 2981 quousque
2828 2914 3078 2982 procedit
3123 2930 3319 2968 eorum
3370 2930 3501 2972 rou-

1926 3014 2183 3074 temptus.
2234 3006 2352 3060 Non
2413 3007 2591 3059 solum
2650 3006 2748 3073 ipsi
2805 3015 3166 3060 contemnunt
3220 3009 3499 3063 contraria

235 3101 387 3172 Ὅρα
423 3100 533 3168 γὰρ
580 3101 658 3162 είς
697 3099 821 3150 ὅσον
860 3098 891 3167 ὴ
934 3102 1356 3167 περιφρόνησις·
1407 3098 1490 3150 ὅτι
1536 3100 1608 3167 μὴ
1660 3100 1817 3166 μόνον

1927 3100 2252 3160 sentientes,
2274 3100 2371 3153 sed
2404 3099 2531 3153 aliis
2562 3113 2803 3167 quoque,
2837 3099 2930 3166 qui
2965 3100 3154 3159 latent.
3182 3102 3276 3169 qui
3305 3101 3499 3172 eadem

236 3170 641 3257 ἀντιδοξοῦντες
717 3190 873 3243 αὐτοὶ
951 3189 1446 3257 κατο).ιγωροῦσιν,
1518 3190 1655 3242 ἀλλά
1725 3190 1819 3241 καὶ

1925 3208 2046 3262 quae
2096 3191 2196 3260 ipsi
2236 3191 2502 3252 sentiunt,
2540 3200 2593 3243 et
2642 3190 2901 3243 alinzenta
2936 3191 3311 3258 suppeditant,
3344 3201 3401 3247 et
3431 3170 3498 3247 ad

236 3286 424 3347 ἄλλοις
475 3284 987 3353 ἀποκρυπτομένοις
1030 3282 1138 3334 τῶν
1184 3281 1454 3350 ὁμοδόξων
1505 3283 1710 3351 τροφάς
1759 3299 1817 3334 τε

1927 3282 2227 3339 certamina
2261 3291 2454 3351 parant
2495 3289 2549 3335 et
2581 3282 2880 3337 instruunt.
2907 3280 3051 3346 Quin
3083 3283 3249 3335 etiam
3278 3285 3497 3337 mittunt

239 3379 568 3447 παρέχουσι,
626 3378 723 3429 καὶ
771 3377 907 3443 πρὸς
959 3374 1084 3435 τοὺς
1141 3373 1423 3437 κινδύνους
1468 3375 1815 3442 ἀλείφουσινο

242 3471 310 3523 ού
337 3470 442 3540 μὴν
472 3470 605 3522 ἀλλὰ
636 3468 727 3521 καὶ
750 3470 860 3529 τοῖς
888 3465 1068 3533 πολλῷ
1097 3466 1351 3519 διεστῶσι
1376 3467 1682 3535 γράμματα
1707 3468 1822 3521 δια·

243 3564 583 3633 πέμπουσιν,
622 3562 736 3630 ἀμα
771 3577 830 3612 τε
873 3561 972 3631 τὴν
997 3560 1157 3625 δόξαν
1200 3562 1381 3623 αὐτοῖς
1415 3561 1819 3630 ἑπιρῤωνύντες

236 3659 337 3710 καὶ
364 3655 806 3723 παρακαλοῦντες
833 3654 969 3721 πρὸς
1000 3654 1274 3707 ἔνστασιν.
1310 3653 1521 3715 ’Δλλως
1548 3670 1606 3705 τε
1638 3653 1693 3706 δὲ
1725 3657 1817 3707 καὶ

234 3748 266 3800 δ
298 3748 366 3799 ἂν
397 3747 514 3799 κατ’
546 3746 722 3798 αὐτῶν
753 3761 809 3795 τε
843 3744 936 3795 καὶ
970 3738 1036 3817 ἧς
1072 3744 1282 3811 ἔχονται
1308 3743 1602 3812 θρησκείας
1634 3744 1695 3797 τὸ
1724 3746 1815 3797 σὺν

236 3841 445 3908 κράτος
478 3839 806 3905 ἐπινοήσειε,
835 3834 992 3888 τοῦτο
1022 3836 1248 3898 ἐκείνοις
1280 3836 1605 3903 κατάφωρον
1630 3835 1695 3887 δι’
1719 3837 1816 3888 αὖ·

233 3933 348 3983 τῶν
375 3932 533 3991 εὐθὺς
568 3928 795 3996 γίνεται.

313 4021 437 4075 KA'.
479 4023 716 4088 Ἀνήφθη
746 4020 880 4087 πρὸς
913 4018 1082 4088 ὀργὴν
1109 4018 1353 4071 ἐντεῦθεν
1386 4021 1413 4071 ό
1450 4019 1812 4086 Μαειμιανὶς,
1891 4090 1897 4095 1

236 4115 335 4167 καὶ
365 4114 554 4166 θᾶττον
600 4112 632 4181 ἢ
682 4112 836 4177 λόγος
889 4114 1236 4179 παραστῆναι
1282 4110 1429 4178 αύτῷ
1466 4111 1592 4173 τοὺς
1626 4113 1813 4179 ἁγίους

235 4207 477 4259 ἐκέλευε.
538 4203 638 4257 Καὶ
686 4204 734 4254 οί
787 4204 886 4271 μὲν
936 4202 1305 4271 παρέστησαν,
1341 4202 1493 4254 οὐδὲν
1539 4202 1814 4266 δείσαντες

233 4297 360 4350 οὐδὲ
392 4298 532 4362 ἴχνος
560 4312 613 4345 τι
645 4293 811 4362 φόϐου
853 4294 963 4355 τοῖς
1004 4292 1317 4361 προσώποις
1348 4295 1809 4361 ἐπισημήναντες.

247 4388 311 4441 ’0
331 4388 387 4439 δὲ
410 4385 737 4456 δριμύτατον
780 4384 1056 4453 ἐμϐλέψας
1074 4386 1281 4448 αὑτοῑς,
1314 4381 1384 4439 Ὦ
1413 4387 1648 4438 κάκιστα
1677 4390 1813 4440 ἀπο·

235 4478 509 4547 λούμενοι,
545 4478 673 4547 εφη,
708 4469 752 4527 ὢ
785 4476 1001 4529 πάντων
1030 4475 1335 4544 ἀνθρώπων
1371 4476 1810 4545 ἀχαριστότατοι,

1926 3376 2136 3428 litteras
2161 3373 2228 3426 ad
2259 3388 2356 3427 eos
2377 3372 2471 3440 qui
2501 3372 2691 3440 procul
2720 3371 2946 3434 distant,
2973 3372 3135 3425 simul
3158 3381 3215 3426 et
3243 3388 3340 3427 eos
3368 3389 3498 3427 eon-

1928 3465 2209 3519 ﬂrmantes
2242 3464 2297 3516 in
2328 3463 2623 3525 sententia,
2652 3471 2707 3515 et
2754 3462 3121 3517 exhortantes
3142 3461 3211 3517 ad
3239 3474 3499 3519 constan-

1927 3558 2079 3612 tiam.
2112 3556 2179 3610 Et
2213 3553 2416 3623 alioqui
2470 3552 2737 3621 quidquid
2776 3551 3045 3607 adversus
3069 3555 3237 3623 ipsos.
3263 3564 3316 3609 et
3334 3570 3499 3624 quam

1922 3649 2128 3702 habent
2174 3648 2518 3715 religionem,
2554 3656 2644 3699 tua
2708 3646 3106 3714 excogitaverit
3144 3648 3412 3715 potentia,
3442 3646 3498 3702 id

1920 3740 2103 3794 statim
2131 3753 2227 3809 per
2253 3738 2373 3792 illos
2402 3738 2469 3791 ab
2505 3738 2635 3805 ipsis
2661 3737 3114 3805 deprehenditur.

1993 4026 2180 4081 XXIV.
2216 4026 2308 4079 llis
2367 4024 2469 4078 fuit
2518 4030 2583 4077 ad
2631 4025 2766 4077 iram
2804 4038 3069 4077 accensus
3101 4024 3488 4088 Maximianus,

1918 4128 1975 4173 et
2004 4120 2153 4173 dicto
2184 4118 2345 4171 citius
2371 4118 2534 4184 jussit
2581 4125 2802 4169 sanctos
2833 4115 2899 4168 ad
2931 4130 2990 4168 se
3027 4116 3254 4171 adduci.
3279 4116 3343 4169 Et
3370 4119 3499 4172 ade-

1918 4218 2042 4264 rant
2088 4208 2313 4277 quidem
2348 4207 2423 4259 illi
2456 4207 2595 4260 nihil
2645 4208 2925 4267 timentes.
2970 4221 3151 4275 neque
3182 4207 3354 4260 ullum
3387 4209 3498 4262 for-

1868 4334 1871 4335 ν
1918 4300 2143 4355 midinis
2164 4300 2451 4368 vestigium
2474 4298 2629 4351 vultu
2661 4312 2772 4366 prae
2803 4312 2860 4351 se
2888 4295 3148 4351 ferentes.
3173 4297 3270 4352 llle
3312 4308 3497 4352 autem

1919 4393 2091 4447 torvis
2136 4392 2284 4460 ipsos
2319 4392 2496 4444 oculis
2554 4390 2799 4452 intuens,
2838 4388 2883 4443 0
2930 4392 3167 4458 pessime
3204 4390 3495 4459 perdendi,

1919 4484 2119 4553 Inquit,
2146 4497 2180 4537 o
2214 4483 2457 4535 omnium
2500 4482 2784 4535 hominum
2821 4481 3214 4549 ingratissimi,
3246 4497 3347 4535 cur
3372 4490 3498 4536 tan-

234 4572 290 4623 τί
317 4571 519 4639 δήποτε
548 4566 814 4635 τοσαύτης
850 4566 980 4635 παρ’
1008 4567 1141 4636 ἡμῖν
1168 4567 1532 4631 ἀπολαύοντες
1558 4569 1654 4637 τῆς
1685 4573 1808 4623 επι-

1916 4582 2024 4628 tam
2053 4589 2083 4626 a
2114 4572 2274 4626 nobis
2300 4571 2483 4641 adepti
2519 4572 2850 4629 claritatem.
2880 4580 2937 4623 et
2966 4570 3067 4624 soli
3098 4572 3496 4639 propemodum

235 4662 463 4735 φανείας
515 4661 611 4714 καὶ⁷
664 4658 860 4729 μικροῦ
922 4660 1071 4726 μόνοι
1132 4659 1201 4712 τὰ
1264 4658 1509 4729 βασίλεια
1556 4664 1809 4732 σκῆπτρα

1908 4665 2141 4735 sceptris
2160 4664 2400 4733 preteeti
2432 4661 2818 4732 imperatoriis,
2839 4671 2949 4715 tam
3002 4664 3129 4717 mali
3167 4662 3497 4730 deprehensi

238 4754 663 4823 πεπιστευμένα
689 4752 831 4805 οὓτω
864 4751 1025 4804 κακοὶ
1053 4757 1181 4821 περὶ
1206 4756 1297 4804 τὸν
1325 4754 1627 4823 εὐεργέτην
1644 4754 1805 4824 ἠλέγ.

237 4848 443 4919 χθητε;
498 4846 553 4898 οἴ
602 4861 665 4912 γε
720 4844 838 4897 ἀντὶ
898 4844 1109 4895 πολλῶν
1158 4846 1306 4914 ἡμᾶς
1336 4845 1445 4896 τῶν
1478 4846 1807 4914 εὐεργεσιῶν

235 4942 379 5003 οἵαις
428 4937 722 5008 ἀμείϐεσθε
763 4934 968 5005 Ἰησοῦν
1015 4954 1137 4989 τινα
1199 4936 1422 5007 βασιλέα
1480 4940 1693 5003 ιαυτοῖς
1750 4956 1807 4991 τε

236 5029 638 5097 ἐπιγράθοντες
700 5026 793 5077 καὶ
848 5028 956 5087 τοῖς
1004 5026 1183 5088 ἄλλοις
1236 5027 1665 5097 ιπιφημίςοντες
1712 5028 1809 5080 καὶ

234 5122 363 5182 τοὺς
396 5118 671 5187 ἡγεμόνας
699 5116 796 5184 τῆς
828 5118 1020 5184 καινῆς
1044 5117 1249 5185 ταύτης
1286 5118 1582 5188 θρησκείας
1614 5121 1811 5188 επιμε-

235 5210 344 5272 λῶς
386 5212 748 5278 κρύπτοντες,
778 5210 1033 5276 προνοίας
1071 5225 1130 5261 τε
1177 5209 1355 5279 πάσης
1396 5210 1675 5276 ἀξιοῦντες
1715 5212 1809 5264 καὶ

236 5302 686 5371 περιθάλποντες,
720 5298 811 5360 οὓς
847 5300 1069 5365 ἐξώλεις
1114 5300 1225 5369 ἁγὼ
1250 5301 1439 5355 θέσθαι
1472 5304 1567 5356 καὶ
1606 5303 1810 5356 ἀνωνύ-

239 5410 373 5463 μους
397 5394 457 5444 τὸ
484 5390 767 5445 κάλλιστόν
815 5406 875 5444 τε
928 5392 1023 5442 καὶ
1064 5393 1277 5462 πρῶτον
1323 5394 1431 5447 τῶν
1480 5396 1629 5465 ἐμῶν
1671 5392 1810 5449 εἶναι

235 5484 511 5555 τροπαίων
561 5484 913 5553 ιλογισάμην.
979 5485 1049 5537 Ἦ
1103 5488 1163 5538 οὺ
1218 5486 1393 5540 ταῦτα
1440 5489 1635 5558 ἀληθῆ,
1684 5491 1809 5560 ἢού

235 5578 458 5638 πάντως
489 5574 660 5638 οὕτως
685 5576 797 5644 ἔχει
822 5579 914 5627 καὶ
940 5576 1033 5628 τοῦ
1058 5564 1215 5643 λόγου
1252 5578 1453 5646 μᾶλλον
1487 5581 1595 5643 τοῖς
1632 5581 1809 5650 πραγ-

239 5684 436 5740 μασινς
463 5668 527 5721 Ol
552 5667 609 5720 at
629 5669 787 5728 κυνὸς
810 5667 999 5738 ὥσπερ
1028 5667 1383 5734 ὑλακτοῦντος
1408 5672 1540 5740 μηδὲ
1574 5673 1808 5741 μετρίως

307 5850 329 5881 ⁸
374 5845 516 5901 Psal.
552 5861 657 5903 LVI.
691 5843 745 5897 5.

576 5939 842 5997 Parnm.
904 5936 1015 5997 (in.
1065 5936 1263 5998 CXVI.

1913 4757 2046 4813 estis
2089 4759 2141 4808 in
2188 4753 2596 4808 benefactorem
2626 4769 2639 4804 :
2673 4752 2765 4820 qui
2817 4768 2915 4820 pro
2954 4753 3146 4807 multis
3192 4754 3396 4807 nostris
3440 4752 3497 4806 in

1910 4863 2007 4902 vos
2030 4845 2314 4901 beneﬂciis
2334 4846 2549 4914 qualem
2576 4845 2791 4899 refertis
2812 4845 3062 4925 gratiam,
3084 4844 3267 4899 Jesum
3304 4859 3494 4914 quem-

1915 4941 2040 4996 dam
2068 4940 2224 4994 vobis
2254 4948 2310 4993 et
2354 4938 2477 4992 aliis
2525 4953 2705 5007 regem
2756 4937 3033 4990 ascribere
3070 4937 3407 5001 dictitantes,
3436 4946 3493 4991 et

1898 5046 2071 5088 nove
2100 5032 2267 5101 hujus
2298 5031 2581 5099 religionis
2610 5030 2779 5083 duces
2810 5029 3004 5083 sedqu
3031 5029 3292 5090 celantes,
3320 5039 3376 5083 et
3408 5031 3491 5083 eis

1915 5126 2064 5181 omni
2110 5126 2298 5179 studio
2350 5123 2732 5192 providentes,
2783 5137 2989 5191 eosque
3044 5121 3314 5185 foventes,
3349 5136 3492 5190 quos

1915 5219 2166 5275 funditus
2193 5217 2443 5279 interire,
2481 5225 2538 5270 et
2571 5232 2638 5269 ne
2674 5228 2879 5267 nomen
2921 5212 3144 5281 quidem
3176 5203 3370 5268 eorum
3401 5227 3493 5266 re-

1916 5326 2161 5375 manere,
2208 5309 2460 5377 reputavi
2501 5322 2621 5361 esse
2670 5305 3107 5374 pulcherrimum
3142 5316 3198 5359 et
3251 5305 3488 5373 primum

1916 5416 2165 5458 meorum
2221 5397 2593 5467 trOparorum?
2638 5397 2721 5451 An
2761 5412 2871 5450 non
2911 5398 3027 5450 haec
3067 5406 3199 5449 sunt
3245 5410 3399 5460 vera,
3434 5404 3493 5450 et

1916 5506 2038 5561 qua
2080 5488 2238 5544 factis
2267 5488 2437 5557 magis
2461 5470 2790 5554 arguuntur,
2838 5499 2999 5553 quam
3034 5483 3251 5538 verbis?
3281 5482 3362 5538 llIi
3390 5497 3491 5537 au-

1918 5592 2029 5637 tem
2057 5591 2318 5650 tanquam
2347 5584 2635 5632 latrantem
2662 5591 2851 5630 canem
2878 5591 2946 5630 ne
2972 5576 3240 5629 tantillum
3266 5574 3489 5644 quidem

1918 5680 2195 5733 curantes,
2222 5683 2400 5737 neque
2435 5666 2818 5723 existimantes
2860 5682 2980 5721 esse
3012 5677 3229 5733 tempus
3258 5677 3490 5733 respou—

3043 5931 3115 5990 3i
