4214 6444
232 425 371 489 1069

1357 418 1529 479 ῊΤΑ
1570 417 1669 475 SS.
1717 406 1905 473 INDE
1956 410 2049 470 ΕΤ
2086 408 2392 470 ΟΟΜΝίΕ.

3342 400 3479 461 1070

227 542 429 603 Ξειὲναι
464 538 563 607 μὲν
591 538 684 592 τοῦ
729 539 861 593 ναοῦ
899 538 1106 603 πάντας
1151 540 1242 593 καὶ
1295 538 1464 607 μηδὲν
1494 534 1798 603 ἀναδυομὲ-
1829 552 1847 597 λ

1912 537 2233 582 cunctantes
2260 539 2367 578 ara:
2388 522 2719 578 sacrificare.
2746 520 2841 575 Sin
2872 527 3055 572 autem
3088 532 3198 571 non
3226 528 3474 586 pareant,

227 643 351 687 »ους
400 625 495 694 τῷ
528 626 697 696 βωμῷ
729 626 902 685 θύειν.
942 627 1006 681 El
1052 627 1108 680 δὲ
1144 630 1219 699 μὴ
1265 629 1557 692 πείθοιντο,
1608 629 1700 679 σὺν
1746 624 1805 677 τὸ

229 718 369 787 μετά
416 717 593 771 ταῦτα
624 720 850 788 καὶτῆς
892 720 990 789 σῆς
1034 721 1209 789 ἀρχῆς
1235 738 1294 773 τε
1327 720 1422 773 ttat
1464 718 1634 788 σοφῆς
1677 718 1801 788 κρί-

227 827 389 873 σεως.
411 810 474 862 ει
509 810 565 863 δὲ
592 814 685 865 καὶ
719 810 877 865 τοῦτο
908 812 1090 880 λέγειν
1117 812 1435 883 ἐπιτρέπεις
1467 813 1621 883 ἡμῖν,
1644 828 1805 881 περι-

228 898 414 966 κύκλῳ
468 899 563 952 τδν
610 902 737 953 ναδν
789 902 839 954 ol
895 902 1222 973 στρατιῶται
1278 902 1623 966 διαλαϐόντες
1675 903 1803 967 τοὺς

228 990 477 1055 ἀπειθεῖς
514 993 718 1055 εὐθέως
755 993 1249 1064 διαφθειράτωσαν,
1299 994 1395 1048 καὶ
1441 994 1613 1057 οὕτως
1655 994 1805 1048 ὲκεί-

229 1084 351 1146 νους
386 1085 483 1153 μὲν
528 1087 593 1138 ἐκ
625 1086 791 1155 μέσου
841 1089 1090 1154 ποιήσεις
1132 1086 1309 1157 λύπην
1350 1087 1512 1149 ὄντας
1559 1088 1689 1157 περὶ
1736 1088 1806 1139 τά

229 1178 571 1246 καιριώτατα
594 1178 703 1231 τῶν
738 1178 847 1231 σῶν
875 1179 1154 1249 ὑπηκόων,
1198 1181 1395 1233 σαυτὸν
1430 1179 1486 1232 δὲ
1523 1181 1804 1249 φροντίδος

231 1266 569 1333 ἀπαλλάξεις
594 1270 695 1340 τὴν
740 1268 837 1339 σὴν
884 1270 1174 1337 πιεζούσης
1222 1271 1400 1343 ψυχὴν
1443 1275 1505 1325 οὒ
1545 1272 1803 1340 μετρίως,

233 1358 423 1429 ῶσπερ
446 1361 555 1430 ἄρα
588 1362 684 1413 καὶ
718 1363 849 1431 ἡμῖν
872 1361 1167 1432 γνώριμον.
1206 1364 1375 1416 Οὔπω
1401 1365 1570 1433 πέρας
1592 1365 1620 1416 ὁ
1648 1364 1806 1431 λόγος

229 1451 528 1520 ἐλάμϐανε,
588 1453 685 1508 καὶ
746 1454 1033 1507 ὑπολαϐὼν
1086 1454 1468 1524 Μιξιμιανὸς,
1530 1458 1801 1526 Ὄμνυμι,

231 1545 362 1614 ἔφη,
395 1547 521 1609 τοὺς
554 1548 847 1616 μεγίστους
887 1549 1041 1609 θεοὺς
1090 1550 1154 1602 ἐκ
1194 1548 1391 1601 πολλοῦ
1430 1552 1528 1619 μὲν
1561 1551 1628 1603 τὰ
1652 1551 1805 1620 είρη-

234 1637 377 1705 μένα
412 1643 507 1693 καὶ
554 1638 716 1702 αὐτὸς
747 1640 1001 1709 στρέφειν
1043 1641 1124 1702 είς
1152 1640 1295 1705 νοῦν,
1329 1643 1429 1694 οὐκ
1462 1637 1581 1695 οἶδα
1627 1642 1673 1696 δ’
1697 1644 1725 1696 ὅ
1752 1660 1805 1696 τι

233 1727 424 1779 παθὼν
452 1730 530 1789 είς
587 1728 750 1798 ἔργον
796 1731 897 1783 οὐκ
947 1732 1161 1801 ἧνεγκα
1203 1733 1302 1800 τὴν
1332 1732 1601 1787 ἐπίνοιαν.
1647 1734 1805 1785 Ἀλλά

231 1818 395 1886 χάρις
445 1820 595 1886 ὑμῖν,
634 1815 679 1874 ὦ
712 1821 845 1884 θεοὶ,
895 1821 1013 1876 ἀνθ’
1058 1816 1131 1875 ὧν
1186 1824 1435 1892 ἐννοῆσαι
1472 1824 1566 1877 καὶ
1608 1824 1802 1887 αὐτοὺς

1908 622 2039 689 quid
2071 623 2141 675 sit
2168 619 2429 687 deinceps
2457 615 2750 684 agendum.
2783 622 3025 667 statuere
3088 612 3165 663 tui
3202 617 3287 663 est
3313 611 3483 678 impe-

1911 717 1977 770 rii
2017 726 2070 771 et
2096 714 2313 783 judicii.
2344 713 2497 779 Quod
2531 713 2572 765 si
2611 711 2713 764 hoc
2752 724 2971 777 quoque
3014 708 3174 761 nobis
3211 706 3483 774 permittis

1910 811 2115 872 dicere,
2144 808 2269 877 igne
2299 806 2559 874 templum
2609 802 2967 855 circumcirca
3011 796 3483 865 comprehenden-

1911 911 1996 956 tes
2020 902 2241 965 milites,
2277 899 2524 967 protinus
2546 894 2780 963 perdant
2810 908 2904 945 eos
2934 892 3026 959 qui
3056 906 3161 943 non
3193 891 3484 956 obtempe-

1912 1003 2054 1049 rant.
2090 995 2157 1049 Et
2205 994 2283 1047 sic
2322 992 2442 1045 illos
2473 991 2693 1049 quidem
2734 987 2800 1041 de
2852 985 3034 1040 medio
3072 984 3249 1046 tolles,
3281 981 3375 1052 qui
3432 981 3485 1033 in

1908 1090 2077 1143 rebus
2103 1087 2393 1156 praecipuis
2418 1083 2717 1152 perniciem
2748 1080 2984 1133 aﬂcrunt
3013 1076 3122 1132 tuis
3146 1076 3398 1145 populis;
3432 1083 3486 1127 te

1909 1192 2092 1237 autem
2122 1178 2385 1235 liberabis
2411 1195 2438 1231 a
2466 1192 2619 1239 cura,
2646 1190 2765 1245 quae
2812 1184 2965 1227 tuum
2998 1170 3240 1224 animum
3287 1168 3488 1236 premit

1907 1288 2017 1327 non
2049 1272 2422 1332 mediocriter,
2446 1271 2589 1323 sicut
2615 1284 2714 1322 nos
2735 1282 2841 1321 non
2873 1269 3203 1334 ignoramus.
3233 1263 3487 1335 Nondum

1908 1365 2073 1420 finem
2122 1371 2408 1432 acceperat
2439 1365 2637 1424 oratio,
2664 1359 2944 1427 excipiens
2988 1366 3173 1410 autem
3208 1354 3488 1407 Maximia-

1908 1473 2015 1512 nus
2044 1475 2057 1511 :
2084 1455 2241 1518 Juro,
2270 1455 2469 1522 inquit,
2506 1455 2771 1505 maximos
2794 1450 2949 1512 deos,
2983 1463 3065 1501 me
3108 1447 3225 1500 haec
3249 1448 3361 1515 jam
3392 1446 3488 1497 diu

1907 1565 2159 1604 versasse
2191 1550 2245 1603 in
2273 1549 2480 1601 animo.
2509 1546 2706 1599 Nescio
2753 1558 2905 1604 vero,
2940 1542 3033 1609 qui
3082 1540 3285 1594 factum
3317 1538 3409 1601 sit,
3432 1546 3492 1589 ut

1907 1658 1970 1697 ea
2024 1657 2150 1711 qua
2201 1642 2525 1709 cogitaram,
2574 1636 2819 1690 nondum
2870 1635 2971 1688 sim
3025 1642 3341 1688 exsecutus.
3382 1630 3490 1685 Sed

1906 1731 2064 1784 vobis
2100 1745 2342 1798 magnas,
2378 1744 2411 1782 ο
2451 1729 2549 1787 dii,
2581 1742 2680 1795 ago
2715 1727 2938 1795 gratias,
2982 1724 3127 1793 quod
3167 1723 3487 1783 effeceritis,

1907 1834 1968 1878 ut
1992 1824 2077 1877 his
2106 1838 2329 1892 quoque
2379 1832 2688 1892 opportune
2719 1820 2926 1873 veniret
2965 1818 3019 1871 in
3054 1827 3315 1875 mentem,
3342 1815 3490 1884 quod

231 1913 513 1981 εὐκαίρως
541 1915 603 1966 τὺ
629 1914 941 1969 λυσιτελοῦν
972 1917 1290 1986 προέθεσθε.
1320 1919 1429 1971 Καὶ
1456 1917 1569 1987 ἅμα
1593 1917 1803 1970 κελεύει
1835 1920 1847 1978 l

1912 1930 2051 1975 esset
2084 1918 2455 1982 conducibile,
2488 1928 2543 1972 et
2571 1918 2733 1971 simul
2775 1916 2952 1985 jubet,
2979 1926 3039 1969 ut
3083 1914 3243 1981 primi
3272 1930 3338 1967 ex
3365 1928 3491 1981 pro-

232 2005 343 2057 τῶν
377 2008 757 2077 προτεκτόρων
788 2009 914 2072 τοὺς
944 2009 1195 2080 πρώτους
1235 2012 1377 2080 χειρὶ⁵
1405 2012 1613 2083 μεγάλῃ
1644 2030 1806 2082 στρα-

232 2097 444 2149 τιωτῶν
502 2099 606 2169 τὴν
638 2101 940 2171 ἐκκλησίαν
974 2102 1369 2173 περιλαϐόντας
1404 2104 1654 2173 φρύγανα
1709 2089 1807 2156 καὶ

234 2191 347 2241 πᾶν
370 2190 397 2241 ὃ
421 2206 472 2242 τι
500 2189 630 2244 ἀλλο
647 2188 954 2263 εὔπρηστον
979 2194 1113 2264 ὕλης
1134 2194 1321 2264 κύκλῳ
1346 2195 1807 2263 συμφορήσαντας

235 2277 334 2328 καὶ
362 2278 796 2347 παραθεμένους,
831 2281 1015 2350 βωμὸν
1046 2282 1245 2351 στῆσαι
1284 2284 1423 2353 πρὸς
1453 2286 1517 2354 τῇ
1550 2284 1645 2337 τοῦ
1676 2283 1806 2337 ναοῦ

236 2369 416 2439 πύλῃ·
468 2366 589 2423 εἶτα
632 2374 758 2435 τοὺς
811 2374 1056 2444 κήρυκας
1110 2376 1215 2429 ὑπὸ
1266 2376 1493 2447 λαμπρᾷ
1539 2379 1605 2447 τῇ
1656 2373 1806 2446 φωνῇ

237 2462 537 2531 κηρύττειν
569 2464 770 2528 ἐξιέναι
812 2484 873 2519 τε
917 2470 1123 2531 πάντας
1157 2470 1249 2522 καὶ
1299 2470 1704 2539 προσέρχεσθαι
1734 2471 1811 2540 τῷ

241 2553 413 2622 βωμῷ
444 2556 741 2621 θύσοντας.
786 2560 850 2612 El
876 2560 932 2614 δὲ
976 2561 1071 2614 καὶ
1108 2561 1351 2623 ἀπειθῶς
1376 2562 1571 2631 ἔχοιεν,
1617 2563 1813 2615 αὐτίκα

237 2644 337 2705 τὰς
371 2644 539 2711 θύρας
576 2648 756 2711 αὐτοῖς
784 2650 1041 2717 ἀσφαλῶς
1071 2650 1489 2713 ίπικλείσαντας
1521 2652 1617 2706 καὶ
1652 2652 1815 2705 ἀλλα-

239 2735 403 2804 χόθεν
440 2736 565 2790 ὅθεν
611 2740 679 2793 ἂν
709 2742 802 2794 καὶ
832 2744 915 2810 εἵη
946 2741 1125 2807 ἔξοδος
1168 2744 1648 2816 ἑπιφραξαμένους
1680 2746 1816 2814 ὑιρά-

238 2828 341 2897 ψαι
371 2830 429 2882 τὸ
457 2831 587 2901 πῦρ,
619 2834 693 2896 ῶς
735 2835 801 2886 ἂν
834 2834 977 2888 οὕτω
1009 2836 1208 2900 πάντες
1237 2838 1416 2890 αὐτῶν
1452 2839 1567 2908 ἅμα
1608 2840 1818 2893 συνδια-

243 2922 524 2992 φθαρεῐεν,
585 2926 679 2979 καὶ
730 2927 823 2980 τοῦ
864 2929 1035 2998 πυρὸς
1074 2929 1203 2994 ἀξία
1253 2930 1468 3003 δαπάνη
1523 2934 1815 3000 γένωνται.

241 3014 359 3068 Καὶ
385 3015 557 3071 ταῦτα
592 3017 691 3086 μὲν
716 3021 743 3071 ὁ
782 3018 1053 3086 βασιῖκεύς.

320 3108 444 3162 ΚΖ’.
481 3110 746 3177 Ἀγγελος
771 3112 827 3163 δὲ
864 3113 1207 3184 παραχρῆμα
1237 3114 1375 3186 πρὸς
1395 3115 1492 3186 τήν
1524 3117 1821 3189 έκκλησίαν

1907 2012 2233 2075 tectoribus,
2280 2025 2406 2063 cum
2455 2024 2646 2077 magna
2708 2024 2874 2062 manu
2924 2007 3160 2059 militum
3203 2004 3492 2059 ecclesiam

1908 2106 2433 2167 circumdedissent,
2465 2102 2757 2157 sarmentis
2786 2109 2841 2155 et
2875 2114 3204 2170 quacunque
3244 2099 3350 2151 alia
3382 2113 3495 2151 ma—

1913 2195 2071 2258 teria,
2094 2212 2214 2266 qua:
2268 2196 2424 2252 facile
2458 2194 2801 2259 accenditur,
2832 2194 2884 2246 in
2918 2194 3110 2246 orbem
3151 2199 3405 2259 congesta
3439 2201 3495 2243 et

1910 2294 2180 2362 apposita,
2239 2295 2307 2347 ad
2355 2294 2544 2361 templi
2615 2300 2826 2360 portam
2901 2306 3051 2344 aram
3117 2299 3423 2344 statuerent
3478 2305 3492 2341 :

1910 2383 2134 2447 deinde,
2175 2394 2235 2438 ut
2284 2399 2569 2454 praecones
2600 2384 2746 2437 clara
2794 2397 2927 2436 voce
2976 2382 3403 2451 proclamarent,
3434 2389 3495 2433 ut

1912 2493 2106 2533 omnes
2157 2478 2394 2539 exirent,
2424 2487 2480 2529 et
2532 2478 2597 2530 ad
2644 2492 2794 2529 aram
2834 2474 3167 2528 accederent
3213 2472 3497 2527 sacrifica-

1917 2569 2049 2623 Iuri.
2087 2568 2244 2635 Quod
2298 2568 2341 2622 si
2376 2585 2483 2623 non
2527 2574 2800 2635 parerent,
2838 2568 3011 2636 portis
3060 2566 3247 2620 statim
3289 2566 3496 2633 optime

1914 2661 2141 2722 clausis,
2195 2670 2251 2715 et
2302 2662 2453 2714 omni
2506 2661 2616 2714 alio
2667 2661 2750 2714 eis
2777 2659 3065 2713 obstructo
3095 2658 3269 2721 exitu,
3314 2657 3496 2725 ignem

1917 2754 2308 2816 accenderent,
2338 2764 2395 2808 ut
2449 2754 2528 2807 sic
2560 2768 2754 2808 omnes
2798 2768 2908 2807 una
2962 2767 3087 2806 cum
3122 2751 3243 2819 ipso
3291 2750 3498 2819 templo

1918 2846 2187 2915 perirent,
2218 2856 2274 2901 et
2306 2856 2363 2900 ut
2396 2846 2543 2916 digni
2575 2855 2723 2909 sunt,
2751 2844 2821 2900 ab
2855 2845 2979 2915 igne
3013 2855 3495 2899 consumerentur.

1920 2939 1987 2993 Et
2015 2941 2127 2996 haec
2162 2941 2383 3011 quidem
2410 2941 2731 3009 imperator.

1993 3116 2207 3172 XXVII.
2240 3118 2478 3172 Nuntius
2509 3128 2691 3173 autem
2723 3120 2907 3174 statim
2956 3120 3194 3174 mittitur
3225 3118 3293 3173 ad
3318 3119 3500 3174 eccle-

244 3199 591 3267 ἐκπέμπεται
615 3203 683 3255 τά
714 3204 1119 3274 κεκελευσμένα
1151 3208 1299 3273 παρά
1325 3207 1589 3277 βασιλέως
1621 3213 1818 3266 είπεῖν.

1925 3210 2083 3273 siam,
2118 3218 2176 3263 ut
2205 3210 2435 3275 diceret,
2468 3212 2797 3280 quaajussus
2838 3211 3016 3266 fuerat
3047 3212 3117 3265 ab
3142 3213 3495 3281 imperatore.

245 3290 541 3360 Παρελθὼν
577 3294 669 3347 οὖν
699 3298 780 3359 είς
809 3270 1005 3365 μέσους
1032 3300 1127 3353 καὶ
1156 3270 1299 3371 μέγα
1325 3270 1546 3373 βοήσας,
1578 3304 1823 3373 ’Δνθρω-

1926 3301 1982 3355 ln
2017 3303 2257 3356 medium
2296 3304 2479 3372 itaque
2511 3304 2802 3367 accedens,
2841 3313 2897 3359 et
2940 3320 3137 3371 magna
3187 3320 3321 3358 voce
3384 3305 3499 3359 cla-

244 3398 363 3446 ποι,
388 3383 753 3455 Μαξιμιανὸς,
782 3385 956 3449 εἶπεν,
989 3391 1017 3441 ό
1054 3390 1151 3459 τῆς
1180 3392 1505 3461 οίκουμένης
1530 3394 1821 3464 δεσπότης.

246 3478 348 3546 ἐμὲ
378 3480 512 3547 πρὸς
542 3480 686 3549 ὑμᾶς
715 3482 1004 3552 ἐκπέμψας
1029 3484 1175 3538 δυοῖν
1218 3486 1346 3556 ύμῖν
1374 3486 1558 3541 δίδωτι
1589 3490 1822 3559 αἵρεσιν,

244 3569 280 3640 ἢ
322 3569 464 3634 θεοῖς
502 3570 663 3626 θῦσαι
691 3572 943 3642 (πάρεστι
969 3574 1079 3644 γὰρ
1108 3578 1200 3630 καὶ
1230 3576 1414 3647 βωμὸς
1447 3578 1763 3649 εὐτρεπὴς).
1790 3579 1823 3650 ἢ

248 3661 617 3728 ἀπειθοῦντας
660 3665 796 3734 ὁμοῦ
836 3666 1160 3737 σύμπαντας
1187 3669 1584 3740 διαφθαρῆναι’
1627 3672 1689 3724 τὸ
1714 3672 1822 3742 γὰρ

248 3754 363 3826 πῦρ
392 3754 635 3824 ῑτοιμον.
673 3758 739 3810 Ὀ
762 3758 944 3812 τοίνυν
969 3759 1250 3829 βούλεσθε.
1272 3763 1332 3815 τὸ
1361 3762 1524 3832 τάχος
1556 3763 1816 3834 αίρεῐσθε.

258 3846 319 3900 ’0
353 3846 454 3916 μέν
483 3848 725 3903 τοσαῦτα
753 3850 924 3903 είπιὶιν
949 3852 1205 3907 έπαύετο.
1236 3854 1296 3907 '0
1320 3854 1377 3908 δέ
1404 3858 1503 3925 τῆς
1527 3857 1822 3920 έκκλησίας

246 3940 627 4011 ἀρχιδιάκονος
664 3946 799 4015 πυρὶ
839 3944 989 4009 θείας
1021 3948 1246 4017 χάριτος
1289 3949 1388 4019 τὴν
1439 3952 1669 4021 καρδίαν
1710 3954 1823 4006 διαο

248 4027 526 4097 φλεχθεὶς,
561 4029 694 4093 στάς
750 4033 901 4103 παρά
953 4035 1013 4087 τὸ
1056 4036 1150 4090 τοῦ
1202 4038 1592 4111 θυσιαστηρίου
1629 4044 1819 4113 κέρας,

247 4118 322 4176 Ὠ
351 4122 573 4187 πάντες,
612 4121 788 4191 εἷπεν,
824 4129 947 4197 έμοὶ
978 4129 1074 4182 καὶ
1105 4130 1355 4202 ἀλλήλοις
1380 4133 1642 4205 όμόψυχοι
1670 4138 1823 4191 ἀδελ-

252 4216 366 4281 ςοὶ,
417 4214 517 4268 οὐκ
571 4216 687 4269 ῐστε
738 4217 888 4281 ὃπως
934 4219 1059 4289 ἄρτι
1108 4223 1200 4275 καὶ
1232 4224 1384 4277 αὐτοὶ
1413 4224 1481 4279 τὰ
1510 4227 1618 4278 τῶν
1653 4229 1820 4297 τριῶν

252 4305 462 4359 παίδων
496 4308 745 4372 ἐπιόντες
779 4310 880 4363 οὐκ
908 4312 1057 4364 ἐστιν
1089 4315 1265 4367 εἰπεῖν
1293 4316 1415 4369 ὅσον
1445 4317 1642 4381 αὐτοὺς
1663 4320 1820 4373 ἐθαυ-

254 4397 504 4469 μάζομέν
525 4415 583 4452 τε
618 4401 718 4469 τῆς
749 4402 979 4472 ἀνδρίας
995 4407 1089 4458 καὶ
1120 4404 1219 4475 τῆς
1243 4408 1379 4477 πρὸς
1405 4409 1506 4478 τὴν
1535 4410 1819 4465 εὐσέϐειαν

251 4491 541 4562 ἀκριϐείας
572 4489 1033 4564 έξεπληττόμεθα,
1085 4499 1177 4550 καὶ
1212 4500 1361 4562 ὅπως
1405 4502 1502 4571 οὐχ
1533 4502 1608 4565 ὡς
1648 4506 1820 4572 πυρὸς

1925 3407 2111 3447 mans:
2144 3392 2189 3448 Ο
2214 3394 2484 3458 homines,
2520 3394 2898 3457 Maximianus,
2926 3394 3124 3464 inquit,
3161 3395 3312 3448 orbis
3343 3403 3501 3449 terra:

1924 3483 2203 3546 dominus,
2229 3501 2315 3539 me
2349 3486 2415 3539 ad
2449 3500 2545 3540 vos
2577 3488 2769 3547 misso.
2810 3486 3040 3541 alterius
3068 3502 3137 3539 ex
3165 3486 3502 3541 duobusdat

1924 3576 2085 3631 vobis
2106 3577 2406 3645 optionem,
2435 3589 2490 3630 ut
2520 3588 2615 3631 aut
2646 3577 2753 3632 diis
2772 3578 3095 3633 sacrificetis
3121 3578 3139 3647 (
3165 3577 3321 3633 adest
3352 3578 3499 3632 enim

1923 3683 2016 3722 ara
2047 3670 2296 3737 parata),
2334 3681 2451 3729 aut,
2507 3671 2551 3722 si
2608 3686 2717 3723 non
2778 3671 3038 3739 parcatis,
3096 3686 3289 3725 omnes
3337 3670 3503 3724 simul

1924 3761 2180 3828 pereatis,
2205 3772 2406 3829 prazsto
2441 3762 2586 3814 enim
2619 3772 2703 3815 est
2744 3762 2904 3830 ignis.
2938 3761 3096 3824 Quod
3133 3777 3265 3828 ergo
3308 3762 3500 3824 vultis,

1922 3850 2325 3918 quamprimum
2361 3851 2570 3920 eligite.
2628 3852 2877 3905 Cessavit
2910 3853 3022 3915 ille,
3064 3868 3188 3906 cum
3252 3853 3369 3907 haec
3419 3853 3504 3907 di.

1923 3941 2111 3994 sisset.
2150 3939 2406 3994 Ecclesiae
2446 3950 2630 3993 autem
2660 3942 3104 4003 archidiaconus,
3128 3956 3252 3995 cum
3282 3942 3333 3995 ei
3356 3949 3504 3995 esset

1922 4047 2016 4105 cor
2048 4047 2339 4085 accensum
2373 4034 2497 4101 igne
2529 4032 2729 4085 divinae
2761 4035 2969 4100 gratim,
3021 4043 3173 4086 stans
3206 4034 3275 4086 ad
3328 4048 3499 4087 cornn

1921 4122 2130 4186 altaris,
2160 4121 2205 4177 Ο
2232 4139 2348 4183 vos,
2377 4124 2575 4191 inquit,
2602 4125 2705 4177 mei
2741 4122 2960 4189 fratres,
2984 4133 3039 4178 et
3062 4124 3207 4179 inter
3234 4140 3330 4179 vos
3361 4123 3503 4178 invi-

1920 4229 2036 4267 cem
2063 4214 2371 4279 unanimes,
2392 4215 2618 4269 nescitis
2640 4216 3100 4283 quemadmodum
3121 4230 3241 4284 quaa
3271 4231 3297 4267 a
3324 4216 3503 4269 tribus

1920 4306 2103 4375 pueris
2128 4307 2267 4361 facta
2296 4315 2442 4371 sunt,
2473 4308 2632 4373 paulo
2657 4320 2780 4360 ante
2802 4316 3218 4375 persequentes,
3244 4305 3355 4361 dici
3386 4322 3497 4360 non

1921 4409 2118 4470 potest,
2143 4410 2407 4470 quantum
2457 4416 2647 4455 eorum
2702 4400 3409 4463 admirabamnrvirtutem,
3443 4408 3501 4453 et

1921 4508 2109 4547 eorum
2132 4494 2187 4546 in
2212 4493 2407 4561 pietate
2424 4492 2775 4559 stupebamns
2814 4491 3215 4555 fortitudinem,
3237 4502 3291 4545 et
3308 4506 3499 4561 quem-

254 4584 422 4655 μέσον
450 4583 704 4649 ἑστῶτες,
732 4584 848 4639 ἀλλ’
868 4586 927 4637 έν
956 4586 1172 4656 μαλακῇ
1206 4605 1311 4641 τινι
1347 4590 1452 4661 πόᾳ
1478 4591 1763 4662 χορεύοντε
1782 4614 1818 4661 τ,

1927 4584 2219 4638 admodum
2286 4600 2391 4638 non
2437 4596 2696 4653 tanquam
2749 4591 2960 4638 stantes
2989 4584 3042 4637 in
3092 4583 3274 4636 medio
3335 4583 3496 4651 ignis,

250 4675 408 4728 αὐτοί
432 4692 492 4727 τε
522 4675 747 4743 ὕμνουν,
776 4679 870 4730 καὶ
898 4677 999 4748 τὴν
1032 4678 1211 4731 κτίσιν
1240 4680 1367 4749 ὃλην
1397 4685 1473 4745 εἰς
1500 4683 1668 4752 ὕμνον
1690 4686 1823 4738 εκά-

252 4765 385 4819 λουν
415 4765 511 4819 τοῦ
540 4766 649 4820 τῶν
695 4766 832 4820 ὅλων
864 4767 1035 4833 Θεοῦ;
1078 4768 1311 4833 Τούτους
1343 4773 1503 4841 ἡμεῖς
1537 4774 1597 4827 οὐ
1647 4792 1825 4844 μαχα-

256 4857 406 4929 ρίους
461 4860 621 4926 μόνον
652 4859 965 4927 έκρίνομεν,
996 4860 1133 4913 ἀλλά
1162 4862 1254 4913 καὶ
1297 4865 1545 4917 κοινωνοὶ
1573 4868 1824 4933 γενέσθαι

252 4952 364 5005 τῶν
391 4952 669 5019 στεφάνων
712 4952 897 5016 αὐτοῖς
937 4952 1345 5023 emetiuntth);
1394 4957 1632 5026 εἴχομεν.
1676 4961 1828 5014 Ἐπεὶ
1866 5008 1869 5011 .

255 5042 390 5112 γοῦν
430 5044 525 5096 καὶ
559 5044 653 5095 νῦν
676 5044 864 5111 καιρός
898 5046 1043 5095 ἐστιν
1079 5048 1106 5097 ὁ
1142 5046 1326 5099 καλῶν
1360 5049 1452 5099 καὶ
1481 5049 1679 5119 τρόπος
1720 5052 1827 5103 τῶν

255 5134 609 5206 κρατούντων
645 5135 830 5201 ὅμοιος
858 5137 931 5203 (εἰ
961 5136 1071 5206 γὰρ
1108 5138 1199 5189 καὶ
1238 5140 1349 5201 τοῖς
1388 5140 1612 5210 ὀνόμασι
1640 5144 1827 5210 διαφέ-

258 5243 465 5299 ρουσιν,
522 5225 656 5279 ἀλλά
708 5230 774 5295 τῇ
825 5240 886 5294 γε
924 5228 1169 5298 ὠμότητι
1224 5232 1317 5283 καὶ
1350 5234 1412 5299 τῇ
1463 5233 1687 5301 ἀσεϐείᾳ
1736 5239 1828 5286 καὶ

257 5317 468 5389 σφόδρα
502 5316 905 5388 συμϐαίνουσι),
962 5320 1248 5391 γενώμεθα
1307 5326 1396 5376 καὶ
1447 5326 1605 5393 ἡμεῖς
1653 5326 1827 5395 ὅμοιοι

256 5410 357 5480 τὴν
386 5408 669 5462 εὐσέϐειαν
699 5411 812 5473 τοῖς
845 5413 967 5464 τότε
1013 5413 1519 5484 διαγωνισαμένοις.
1564 5418 1685 5481 Πῶς
1718 5420 1827 5487 γὰρ

257 5502 361 5553 οὐκ
391 5500 595 5554 ἀτοπον
624 5501 862 5563 ἐκείνους
901 5504 999 5572 μὲν
1035 5506 1139 5583 καὶ.
1168 5505 1362 5566 παῖδας
1389 5506 1544 5568 ὄντας
1577 5510 1669 5560 καὶ
1707 5509 1855 5583 οὐδὲ⁵

1930 4678 2022 4733 sed
2052 4680 2105 4733 in
2135 4678 2284 4732 molli
2313 4679 2493 4744 aliqua
2528 4676 2698 4732 herba
2737 4677 2936 4732 choros
2982 4677 3269 4738 ducentes.
3308 4676 3413 4745 ipsi
3442 4686 3499 4729 et

1930 4774 2188 4844 hymnum
2250 4775 2551 4839 canebant,
2586 4785 2638 4827 et
2676 4788 2892 4827 omnem
2948 4782 3184 4826 creatam
3245 4780 3495 4823 naturam

1930 4868 1994 4921 ad
2029 4869 2410 4921 universorum
2440 4867 2608 4920 Deum
2668 4866 3001 4919 laudandum
3026 4862 3341 4917 vocabant?
3388 4860 3500 4915 Hos

1930 4972 2029 5011 nos
2063 4971 2172 5010 non
2221 4958 2397 5011 solum
2446 4957 2823 5026 judicabamus
2884 4956 3093 5019 beatos,
3153 4954 3246 5007 sed
3303 4968 3497 5007 eorum

1930 5064 2147 5118 quoque
2167 5063 2495 5103 coronarum
2515 5048 2873 5117 cupiebamus
2898 5063 3017 5101 esse
3044 5047 3205 5101 socii.
3228 5045 3499 5111 Quoniam

1931 5157 2059 5203 ergo
2090 5150 2145 5193 et
2180 5156 2326 5194 nunc
2348 5155 2449 5194 nos
2479 5150 2636 5195 vocat
2667 5150 2903 5207 tempus,
2934 5148 2990 5192 et
3014 5146 3144 5193 sunt
3190 5152 3373 5215 mores
3399 5138 3502 5190 im-

1932 5246 2243 5299 peratorum
2277 5230 2521 5293 similes;
2553 5246 2675 5283 nam
2708 5229 2811 5283 etsi
2852 5228 3169 5283 nominibus
3214 5228 3498 5290 diﬂ‘erunt,

1932 5337 1985 5378 at
2030 5324 2351 5378 crudelitate
2414 5333 2469 5376 et
2523 5321 2800 5390 impietate
2853 5323 3085 5374 maxime
3139 5320 3498 5383 conveniunt;

1931 5417 2232 5468 efﬁciamur
2263 5430 2361 5468 nos
2386 5429 2601 5482 quoque
2634 5414 2836 5481 pietate
2865 5413 3072 5466 similes
3120 5412 3189 5465 iis
3235 5411 3329 5479 qui
3372 5418 3502 5464 tunc

1934 5511 2311 5561 almertarunt.
2338 5506 2623 5572 Quomodo
2654 5493 2801 5561 enim
2834 5521 2941 5558 non
2973 5513 3122 5558 esset
3175 5503 3497 5566 absurdum,

255 5591 369 5642 τῶν
405 5593 576 5661 τριῶν
609 5594 888 5659 πλείονας,
927 5596 1101 5659 ἄλλως
1139 5613 1197 5648 τε
1232 5596 1287 5648 δε
1333 5598 1427 5651 καὶ
1468 5600 1635 5668 μήπω
1666 5602 1830 5669 μηδὲν

1938 5601 2059 5650 illos
2084 5598 2326 5666 quidem,
2356 5611 2480 5651 cum
2510 5604 2695 5649 essent
2726 5595 2903 5664 pueri,
2939 5604 2996 5647 et
3028 5608 3130 5649 nec
3168 5594 3353 5661 plures
3402 5592 3501 5645 tri-

260 5682 572 5753 ὑπόδειγμα
598 5686 1017 5756 παραλαϐόντας
1047 5689 1128 5750 είς
1168 5690 1447 5751 εὐσεϐείας
1464 5692 1827 5760 παράστασιν,

1938 5693 2057 5751 bus,
2100 5698 2155 5743 et
2196 5690 2397 5755 alioqui
2458 5702 2583 5740 cum
2660 5688 2867 5740 nullum
2934 5686 3112 5739 adhuc
3166 5688 3501 5752 accepissent

258 5774 407 5828 οὕτω
434 5778 810 5846 περιϐλέπτως
840 5780 1283 5850 διαγωνίσασθαι,
1327 5783 1475 5852 ἡμᾶς
1518 5783 1573 5836 δὲ
1618 5784 1710 5837 καὶ
1772 5786 1832 5837 τὸ

1936 5781 2243 5850 exemplum
2304 5780 2471 5832 animi
2533 5779 2924 5847 magnitudinis
2969 5778 3020 5830 in
3050 5777 3247 5831 tuenda
3276 5777 3497 5845 pietate,

262 5866 468 5939 πλῆθος
535 5866 635 5920 οὐκ
688 5869 1089 5940 εὐαριθμήτους
1137 5870 1501 5940 ὑπάρχοντας,
1557 5870 1691 5924 ἀλλά
1740 5870 1830 5923 καὶ

1940 5884 2044 5928 tam
2076 5872 2331 5943 przeclare
2360 5870 2704 5927 decertasse?
2736 5871 2845 5927 Nos
2898 5885 3052 5935 vero,
3082 5870 3173 5936 qui
3218 5875 3272 5922 et
3310 5868 3498 5923 mutti-
