4214 6444
779 345 909 412 1071
1955 361 2343 420 ADDENDA.
2377 388 2440 398 —
2488 365 2925 431 DECEMBER.
3911 374 4057 438 1072

779 467 971 522 tudine
1019 481 1208 521 sumus
1240 481 1410 537 prope
1443 469 1891 532 innumerabiles,
1919 480 1972 524 et
2013 472 2190 535 multi,
2240 472 2354 541 qui-
2385 478 2431 535 Α

2393 478 2431 535 Α
2465 478 2925 549 παραδειγμάτων
2956 481 3326 551 εὐποροῦντας
3366 483 3657 548 τοσούτων,
3688 483 3932 551 ὀφθῆναι
3970 501 4057 549 φι-

777 560 881 615 bus
914 560 1048 614 nihil
1075 559 1225 613 deest
1261 560 1327 613 ad
1361 561 1660 629 perfectam
1687 571 1924 626 aetatem,
1950 571 2006 615 et
2046 562 2246 631 quibus
2268 574 2352 618 est

2455 567 2824 638 λοψυχοῦντας
2854 573 2949 623 καὶ
3001 573 3243 639 ἀγεννῶς
3279 573 3524 645 ἔχοντας,
3560 575 3656 628 καὶ
3690 574 3766 643 μὴ
3812 574 4058 642 ἕρμαιόν

779 653 941 708 etiam
978 661 1126 706 tanta
1152 653 1529 722 exemplorum
1558 654 1734 723 copia,
1764 655 1936 708 videri
1973 655 2098 708 vita
2123 655 2351 723 cupidos

2453 675 2505 710 τι
2538 660 2629 711 τὸν
2663 662 2858 731 καιρὸν
2873 663 3145 732 ἁρπάσαι,
3177 666 3272 717 καὶ
3295 665 3712 734 καταφρονῆσαι
3743 666 3850 734 μὲν
3883 681 4059 733 προσ-

778 754 834 798 et
865 745 1061 814 ignavo
1089 743 1416 813 abjectoque
1453 759 1574 799 esse
1597 744 1802 808 animo,
1858 751 1912 796 et
1955 761 2061 798 non
2108 746 2348 800 oblatam

2454 753 2651 821 καίρου
2689 755 2833 822 ζωῆς
2872 755 3009 824 ὑπὲρ
3051 755 3147 809 τοῦ
3189 759 3555 826 πεποιηκότος
3590 759 3736 828 ἡμᾶς
3778 757 3928 810 Θεοῦ
3959 758 4054 809 καὶ

776 839 1124 890 occasionem
1178 845 1436 905 tanquam
1501 838 1714 890 lucrum
1756 839 2024 906 arripere,
2073 847 2130 890 et
2184 838 2346 901 hanc,

2449 843 2550 914 τὴν
2581 844 2776 897 ἑαυτοῦ
2803 847 2979 916 ψυχὴν
3008 849 3147 918 ὑπὲρ
3171 851 3328 918 ἡμῶν
3351 852 3430 912 είς
3459 850 3685 902 θάνατον
3713 848 4049 909 δεδωκότος,

775 945 898 997 qua:
936 938 1015 982 est
1049 928 1114 982 ad
1151 939 1390 999 tempus,
1417 929 1583 983 vitam
1617 930 1900 998 despicere
1936 946 2035 999 pro
2085 929 2216 994 Deo,
2251 929 2346 998 qui

2454 935 2755 1007 μαρτύριον
2783 938 2839 990 δὲ
2880 940 2979 1009 τῆς
3010 941 3289 1011 ἀρῤαγοῦς
3322 942 3476 1011 ἡμῶν
3510 942 3749 1001 πίστεως
3786 941 3890 992 τὸν
3924 943 4050 993 ἑαυ-

776 1036 876 1075 nos
900 1021 1049 1084 fecit,
1080 1029 1137 1074 et
1162 1037 1314 1074 suam
1347 1021 1583 1074 animam
1617 1021 1766 1075 dedit
1788 1037 1889 1090 pro
1915 1021 2074 1075 nobis
2101 1021 2169 1074 ad
2202 1035 2345 1074 mor-

2449 1027 2558 1080 τῶν
2583 1029 2811 1083 θάνατον
2838 1037 3173 1104 παρασχεῐνς
3205 1032 3391 1086 Ταῦτα
3424 1034 3480 1086 δέ
3511 1052 3653 1103 φημι
3680 1033 3788 1086 κᾶν
3823 1035 3878 1085 εί
3909 1032 4047 1102 μηδὲ

779 1123 884 1167 tem
908 1155 920 1173 .
961 1114 1334 1167 testimonium
1365 1124 1547 1166 autem
1586 1113 1752 1168 ﬁrma:
1781 1125 1837 1169 et
1874 1114 2116 1168 infractae
2144 1124 2348 1169 nostra

2453 1119 2549 1186 μία
2579 1136 2658 1182 τις
2706 1121 2845 1192 ὑπὲρ
2877 1124 3081 1178 τούτων
3112 1127 3381 1188 ἀντίδοσις
3428 1121 3535 1197 ἦν’
3584 1127 3709 1179 επεὶ
3755 1126 3815 1178 δὲ
3870 1127 4048 1194 μικρὰ

777 1206 898 1261 ﬁdei
960 1215 1204 1261 nostrain
1235 1206 1476 1275 praebere
1509 1206 1790 1260 mortem?
1833 1204 1956 1260 Haec
1990 1214 2170 1261 autem
2202 1206 2345 1272 dico,

2448 1211 2569 1264 λίαν
2619 1214 2686 1266 τὰ
2735 1215 3038 1286 παθήματα
3072 1219 3163 1270 τοῦ
3214 1219 3310 1271 νῦν
3342 1218 3536 1288 καιροῦ
3591 1219 3728 1287 πρὸς
3776 1219 3883 1278 τὰς
3933 1219 4049 1269 ἐκεῖ

769 1300 986 1354 etiamsi
1017 1300 1161 1353 nulla
1187 1311 1333 1352 esset
1369 1315 1466 1368 pro
1490 1300 1573 1352 his
1612 1299 2001 1353 remuneratio.
2048 1297 2183 1354 Cum
2213 1314 2346 1354 vero

2451 1303 2882 1373 μισθαποδοσίας
2937 1308 3430 1378 παραδαλλόμενα,
3474 1310 3565 1360 καὶ
3607 1309 3721 1378 ζωὴ
3772 1308 3879 1375 μὶν
3914 1308 4044 1361 ἀλυ-

773 1394 883 1446 sint
915 1392 1070 1445 valde
1101 1407 1279 1460 parvae
1316 1392 1481 1460 hujus
1517 1391 1782 1458 temporis
1812 1391 2117 1459 passiones,
2145 1390 2188 1444 si
2217 1405 2348 1443 con-

2450 1413 2548 1459 πος
2583 1400 2675 1450 καὶ
2707 1398 2926 1462 αἰώνιος
2956 1400 3078 1453 ἀντὶ
3101 1401 3200 1468 τῆς
3229 1403 3490 1454 ἐπιπόνου
3525 1400 3731 1470 ταύτης
3768 1403 3868 1452 καὶ
3906 1402 4045 1467 βρα-

773 1492 1022 1543 ferantur
1056 1503 1178 1541 cum
1219 1486 1287 1540 iis
1317 1502 1436 1553 qua:
1478 1496 1606 1538 sunt
1640 1485 1748 1539 illic
1777 1485 2343 1546 remunerationibus;

2447 1489 2623 1558 χείας,
2663 1489 2784 1552 δόξα
2820 1490 2875 1542 δὲ
2922 1492 3175 1558 οὐδαμῶς
3223 1494 3463 1562 λήγουσα
3496 1493 3614 1543 ἀντὶ
3654 1493 3755 1559 τῆς
3789 1493 4036 1544 ἀπίστου

768 1596 826 1638 et
859 1586 966 1636 vita
1003 1581 1224 1650 quidem
1253 1594 1448 1648 expers
1475 1579 1740 1632 molestia:
1775 1587 1831 1632 et
1858 1590 2082 1640 acterna,
2117 1594 2214 1644 pro
2243 1580 2346 1634 hac

2445 1582 2543 1634 καὶ
2579 1583 2777 1653 ῥᾳδίως
2811 1584 3286 1654 μεταπιπτούσης.
3331 1585 3558 1646 πλοῦτός
3601 1602 3660 1636 τε
3691 1584 3902 1645 ἄσυλος
3951 1585 4045 1636 καὶ

773 1675 924 1728 brevi
952 1687 1005 1728 et
1036 1674 1344 1737 laboriosa;
1395 1671 1566 1740 gloria
1598 1680 1778 1724 autem
1816 1686 2095 1739 nunquam
2123 1687 2346 1728 cessans

2445 1673 2607 1744 ἡδονὴ
2659 1675 2932 1745 μηδέποτε
2983 1677 3120 1747 πρὸς
3167 1677 3347 1746 λύπην
3402 1675 3834 1746 μεταχωροῦσα·
3877 1677 4043 1743 ἡμεῖς

769 1783 868 1835 pro
907 1765 1069 1820 inﬁda
1118 1774 1173 1819 et
1217 1780 1336 1832 qua:
1378 1763 1533 1818 facile
1586 1763 1825 1828 excidit;
1887 1773 1942 1817 et
1973 1764 2174 1818 divitia:
2224 1781 2344 1833 qua
2378 1833 2410 1839 _

2378 1833 2410 1839 _
2448 1767 2527 1819 ἔτι
2569 1770 3025 1838 συμπαραμένειν
3075 1771 3438 1838 ἀγαπήσομεν
3478 1775 3592 1832 τοῖς
3639 1769 3910 1839 παροῦσι,
3947 1768 4042 1820 καὶ

769 1833 974 1929 surripi
1007 1869 1306 1927 nequeunt,
1327 1866 1383 1911 et
1404 1857 1672 1925 voluptas,
1693 1872 1813 1925 quae
1835 1873 2117 1925 nunquam
2143 1859 2341 1913 transit
2375 1833 2416 1887 Β

2375 1833 2416 1887 Β
2447 1860 2567 1929 οὐχὶ
2595 1833 2868 1930 πρόφασιν
2904 1863 3105 1933 μᾶλλον
3124 1833 3274 1933 πρὸς
3303 1833 3401 1932 την
3434 1867 3554 1916 ἐκεῖ
3582 1833 3741 1926 δόξαν
3768 1862 3867 1913 τὸν
3897 1863 4038 1931 ὑπὲρ

768 1952 1194 2016 admolestiam,
1241 1967 1340 2006 nos
1399 1949 1579 2003 adhuc
1630 1949 1682 2002 in
1713 1949 2075 2017 praesentibus
2123 1965 2341 2006 manere

2449 1954 2686 2023 Χριστοῦ
2720 1955 2949 2008 θάνατον
2989 1957 3237 2026 εὑρόντες
3269 1959 3343 2018 ὼς
3372 1957 3536 2024 τάχος
3565 1955 4036 2024 μεταϐησόμεθας

767 2046 1240 2114 concupiscemus,
1269 2053 1324 2095 et
1359 2057 1466 2095 non
1512 2059 1521 2104 ι
1545 2041 1697 2094 otius
1720 2056 1844 2094 cum
1872 2040 1939 2094 ad
1961 2057 2080 2095 eam
2109 2057 2228 2109 qua
2257 2050 2342 2096 est

2449 2046 2549 2100 Καὶ
2577 2047 2631 2098 τί
2656 2046 2720 2098 ἂν
2751 2046 2878 2099 ἀλλο
2907 2047 3205 2110 ποιοῦντες,
3232 2049 3371 2110 ἄξιοι
3406 2047 3721 2114 θρηνεῖσθαι
3750 2047 3909 2114 παρά
3932 2047 4039 2095 τῶν

768 2139 879 2191 illic
927 2137 1178 2206 gloriam,
1210 2151 1307 2204 pro
1331 2134 1553 2189 Christo
1579 2133 1866 2187 subeundo
1899 2145 2152 2197 mortem,
2187 2135 2340 2189 inve-

2449 2140 2788 2208 φρονούντων
2820 2136 2876 2193 εὖ
2913 2140 3327 2210 κριθησόμεθα;
3367 2140 3682 2209 Μνήσθητε,
3733 2139 3944 2204 μᾶλλον
3981 2139 4035 2188 δὲ

769 2230 1012 2283 nerimus
1071 2227 1426 2296 perveniendi
1506 2227 1870 2289 occasionem,
1935 2227 2339 2295 quamprimum

2442 2234 2536 2285 καὶ
2572 2233 2707 2300 πρὸς
2746 2234 2808 2285 τὸ
2840 2234 3230 2303 θυσιαστήριον
3266 2234 3633 2302 ἀποϐλέψατε.
3659 2233 3909 2285 Τέθυται
3943 2231 4035 2283 καὶ

767 2320 1114 2374 subibimus?
1147 2321 1211 2373 Et
1241 2320 1502 2386 quidnam
1543 2318 1690 2371 aliud
1726 2319 2006 2382 facientes,
2038 2319 2105 2373 ab
2133 2320 2198 2374 iis
2246 2320 2338 2389 qui

2443 2323 2581 2394 ὑπὲρ
2621 2325 2774 2392 ἡμῶν
2825 2328 2851 2378 ό
2880 2327 3145 2396 ἡμέτερος
3179 2327 3382 2396 ἀληθὴς
3408 2327 3710 2392 Δεσπότης.
3754 2327 3901 2393 Οὐχὶ
3943 2323 4033 2376 καὶ

766 2412 1004 2481 sapiunt,
1046 2411 1432 2481 jutlicabimur,
1488 2409 1592 2464 nisi
1643 2410 1817 2479 digni,
1876 2413 1968 2481 qui
2020 2411 2340 2480 lugeamur?

2442 2417 2604 2485 ἡμεῖς
2639 2417 2778 2484 ὑπὲρ
2818 2419 3007 2469 τούτου
3054 2418 3113 2469 ὲν
3160 2419 3314 2487 τόπῳ
3355 2417 3488 2486 τῷδε
3519 2418 3663 2486 ἀγίῳ
3707 2421 3803 2478 τὰ,
3851 2416 4032 2483 ψυχὰς

769 2505 1127 2568 Mementote,
1186 2504 1296 2558 imo
1354 2517 1484 2558 vero
1539 2504 1766 2571 aspicite
1822 2503 1887 2558 ad
1947 2520 2122 2559 aram.
2166 2506 2342 2561 Verus

2448 2507 2826 2576 προησόμεθα,
2858 2508 2956 2560 καλ⁵
2993 2507 3067 2569 ὥς
3101 2522 3225 2560 τινα
3276 2507 3470 2558 θυσίαν
3521 2507 3719 2576 ἐκείνῳ
3763 2505 3846 2575 τῷ
3898 2505 4030 2572 πυρὶ

764 2595 912 2649 enim
940 2604 1126 2650 noster
1177 2595 1438 2649 Dominus
1496 2593 1596 2647 fuit
1654 2609 1756 2662 pro
1788 2595 1948 2648 nobis
1977 2595 2338 2650 sacriﬁcatus.

1503 2593 1596 2647 iuit
1654 2609 1756 2662 pro
1788 2595 1948 2648 nobis
1977 2595 2338 2650 sacriﬁcatus.
2441 2597 2645 2659 ταύτας
2684 2597 3167 2664 ὁ).οκαυτώσομεν;

764 2691 883 2746 Non
917 2708 1016 2748 nos
1041 2707 1258 2761 quoque
1292 2705 1387 2754 pro
1410 2705 1475 2745 eo
1504 2689 1559 2744 in
1591 2689 1713 2744 loco
1744 2699 1934 2746 sancto
1966 2693 2176 2747 animas
2205 2690 2599 2762 profundemus
2620 2701 2676 2746 et
2709 2693 2877 2747 veluti
2907 2692 3180 2762 quoddam
3240 2692 3569 2749 sacriﬁcium
3628 2707 3724 2747 eas
3763 2691 3843 2746 illi
3918 2689 4030 2758 igni

765 2785 1056 2838 offeremus
1085 2786 1136 2837 in
1175 2784 1598 2839 holocaustum?

837 2877 1070 2931 XXVIII.
1103 2877 1237 2931 Cum
1283 2880 1359 2932 sic
1407 2879 1660 2941 dixisset,
1725 2892 1918 2931 omnes
1958 2877 2228 2941 incitavit,
2276 2886 2332 2935 et

2509 2874 2647 2930 κη’.
2684 2875 2874 2938 Οῦτως
2905 2875 3101 2940 εἰπὼν,
3148 2875 3428 2948 παρέθηξε
3459 2875 3669 2938 πάντας
3701 2877 3887 2940 εὐθὺς,
3931 2880 4028 2930 καὶ

762 2969 940 3024 effecit
965 2978 1022 3022 ut
1044 2969 1310 3023 moriendi
1344 2969 1652 3024 vehementi
1685 2977 2005 3022 tenerentur
2028 2969 2328 3026 desiderio.

2443 2970 2690 3039 ἠρέθισε,
2740 2970 2834 3022 καὶ
2885 2969 3021 3036 πρὸς
3073 2969 3163 3020 τὸν
3206 2969 3435 3021 θάνατον
3477 2969 3713 3034 ἑτοίμως
3747 2970 3894 3037 ἔχειν
3931 2972 4027 3021 καὶ

763 3062 940 3115 Simul
995 3062 1174 3128 itaque
1210 3076 1334 3114 eum
1370 3062 1464 3115 illo
1498 3061 1709 3115 beatam
1745 3059 1893 3112 illam
1927 3075 2114 3114 vocem
2148 3060 2327 3114 excla-
2365 3092 2406 3150 ο

2365 3092 2406 3150 C
2439 3061 2737 3130 διψητικῶς
2793 3061 3231 3132 παρεσκεύασεν.
3274 3061 3483 3113 Αὐτίκα
3515 3062 3700 3112 τοίνυν
3734 3063 3874 3130 ὁμοῦ
3926 3064 4027 3116 σὺν

766 3166 1072 3212 maverunt.
1104 3153 1400 3208 Christiani
1435 3168 1646 3216 sumus,
1703 3152 2031 3216 Christiani,
2091 3162 2147 3205 et
2197 3150 2330 3205 deos

2438 3154 2630 3221 ἐκείνῳ
2682 3151 2781 3221 τὴν
2846 3154 3124 3220 μακαρίαν
3180 3154 3387 3223 φωνὴν,
3452 3153 3773 3224 Χριστιανοί
3831 3157 4021 3225 ἐσμεν,

762 3260 911 3310 tuos,
941 3264 973 3302 ο
1003 3248 1317 3316 imperator,
1345 3260 1452 3298 non
1504 3245 1764 3299 colemus.
1827 3244 1953 3298 [hec
2006 3243 2332 3297 Maximiano

2431 3246 2622 3304 ἐϐόων.
2659 3245 2998 3315 Χριστιανοὶ,
3041 3245 3134 3298 καὶ
3172 3248 3284 3308 τοῖς
3328 3246 3468 3309 θεοῖς
3519 3263 3638 3307 σου,
3676 3246 3928 3314 βασιλεῦ,
3962 3250 4021 3300 οὗ

765 3340 988 3408 quidem
1017 3338 1486 3392 annuntiabantur
1512 3353 1526 3401 ;
1563 3337 1657 3390 ille.
1685 3346 1870 3390 autem
1903 3350 2028 3389 cum
2056 3351 2123 3389 ne
2167 3334 2328 3388 ﬁnem

2433 3336 2826 3405 λατρεύσομεν.
2880 3337 3064 3390 Ταῦτα
3113 3338 3407 3405 ἠγγέλλετο
3445 3339 3544 3406 μὲν
3592 3339 3955 3407 Μαξιμιανῷ·
3997 3345 4025 3394 6

766 3432 985 3500 quidem
1011 3437 1380 3499 exspectasset
1412 3427 1698 3489 orationis,
1744 3427 1909 3497 jussit
1941 3427 1995 3480 in
2022 3441 2116 3480 eos
2147 3426 2328 3494 ignem

2432 3429 2486 3478 δὲ
2521 3429 2655 3496 μηδὲ
2689 3429 2749 3480 τὸ
2774 3428 2866 3481 τοῦ
2903 3429 3064 3496 λόγου
3107 3429 3282 3498 πέρας
3323 3431 3625 3498 ἀναμείνας
3658 3430 3718 3482 τὸ
3750 3429 3868 3500 πῦρ
3895 3433 4016 3484 ἐκέ-

765 3520 1017 3585 accendi,
1055 3530 1111 3575 et
1136 3535 1233 3575 eos
1263 3535 1370 3573 una
1401 3533 1524 3573 cunt
1556 3517 1759 3586 templo
1813 3516 2002 3578 exuri,
2024 3528 2085 3570 ut
2145 3516 2330 3569 nullus

2432 3518 2554 3569 λευε
2589 3521 2708 3570 κατ’
2754 3519 2931 3571 αὐτῶν
2962 3521 3187 3587 ἀνάψαι,
3228 3523 3323 3573 καὶ
3352 3523 3447 3574 σὺν
3480 3522 3559 3588 τῷ
3591 3523 3703 3591 ναῷ
3737 3525 4020 3577 κατακαῦ-

761 3619 1087 3668 eorum'nec
1140 3611 1574 3666 misericordiam
1622 3618 1971 3671 consecutus,
2026 3622 2203 3677 neque
2255 3607 2330 3660 la-

2438 3627 2526 3662 σαι
2565 3612 2793 3675 πάντας,
2826 3612 2900 3674 ὡς
2936 3611 3143 3681 μηδένα
3173 3613 3377 3664 τούτων
3412 3615 3538 3683 μήτ’
3568 3615 3753 3677 ἐλέους
3784 3617 4021 3684 τυχόντα

762 3714 882 3758 tens
921 3712 1102 3773 posset
1131 3701 1390 3771 eﬁ‘ugere.
1425 3700 1507 3755 Pii
1538 3715 1667 3754 vero
1692 3714 1815 3754 cum
1863 3714 2054 3753 omnes
2103 3714 2330 3766 congre~

2440 3706 2577 3772 μήτε
2615 3706 2719 3772 μὴν
2763 3704 2936 3766 ἄλλως
2978 3705 3230 3765 λαθόντα,
3267 3705 3492 3757 δυνατὸν
3537 3707 3794 3772 γενέσθαι
3826 3708 4017 3773 διαφυ-

759 3803 981 3863 gassent
1012 3794 1174 3849 simul
1208 3793 1653 3855 catechumenos,
1691 3791 1840 3845 viros
1864 3799 1919 3845 et
1949 3791 2231 3854 mulieres,
2275 3800 2330 3845 et

2434 3797 2569 3861 γεῖν.
2608 3796 2672 3848 0i
2715 3795 2845 3862 γοῦν
2882 3795 3125 3858 εὐσεϐεῖς
3161 3797 3286 3858 τοὺς
3327 3799 3774 3865 κατηχουμένους
3803 3801 4015 3860 πάντας

761 3901 980 3953 pueros,
1007 3901 1210 3955 eosque
1239 3885 1291 3938 in
1316 3894 1552 3954 quatuor
1575 3884 1912 3947 divisissent,
1947 3892 2134 3951 utpote
2171 3881 2327 3951 quod

2428 3885 2832 3951 συναγαγόντες
2873 3887 3069 3954 ἄνδρας
3112 3903 3171 3938 τε
3203 3888 3296 3939 καὶ
3333 3891 3599 3953 γυναῖκας
3640 3893 3736 3941 καὶ
3784 3890 3914 3942 ὅσον
3959 3892 4015 3942 ἂν

761 3987 984 4045 tempus
1009 3977 1314 4045 postularet
1343 3976 1702 4034 celeritatem.
1727 3989 1822 4028 eos
1849 3973 2038 4029 divino
2057 3974 2327 4043 baptismo

2431 3977 2619 4028 παισὶν
2651 3971 2737 4044 ἦν,
2759 3977 2853 4028 καὶ
2879 3978 3103 4039 τούτους
3128 3980 3203 4037 είς
3232 3977 3472 4052 τέσσαρα
3497 3979 3926 4049 διαστήσαντες,
3945 3983 4017 4045 ὡς

762 4065 1091 4134 perﬁciunt,
1144 4075 1200 4120 et
1245 4065 1544 4118 chrismate
1609 4070 1844 4131 ungunt,
1901 4071 1957 4115 et
2022 4077 2118 4116 eos
2180 4062 2326 4116 inte-

2428 4063 2494 4118 ἂν
2520 4065 2822 4133 ταχυτῆτος
2858 4065 2954 4118 τοῦ
3008 4066 3202 4134 καιροῦ
3233 4067 3511 4135 δεομένου,
3541 4069 3620 4136 τῷ
3657 4069 3787 4139 θείῳ
3824 4071 4015 4128 βαπτί-

762 4158 984 4210 tneratis
1049 4155 1375 4224 impertiunt
1413 4153 1790 4208 sacramentis.
1828 4152 2084 4208 Protinus
2145 4161 2326 4207 autem

2431 4175 2597 4228 σματι
2628 4157 2918 4223 τελειοῦσι,
2967 4156 3123 4226 μύρῳ
3161 4175 3220 4211 τε
3261 4160 3499 4228 χρίουσι,
3528 4163 3622 4213 καὶ
3657 4164 3768 4214 τῶν
3814 4164 4016 4231 ἀκράν-

757 4249 990 4303 aderant
1023 4247 1256 4301 ministri
1282 4261 1502 4316 quoque
1537 4244 1908 4313 imperatoris,
1941 4255 1996 4299 et
2028 4245 2206 4314 ignem
2238 4261 2326 4300 ac-

2428 4267 2536 4302 των
2567 4249 2881 4319 μυστηρίων
2919 4249 3281 4312 μεταδιδοῦσι.
3335 4252 3598 4319 Παρῆσαν
3628 4252 3682 4305 δὲ
3711 4255 3806 4306 καὶ
3843 4258 3894 4306 oi
3922 4254 4013 4307 τοῦ

755 4340 1092 4403 cendebaut;
1129 4339 1328 4408 illeque
1356 4337 1504 4391 omni
1530 4353 1595 4392 ex
1628 4347 1781 4406 parte
1831 4338 2125 4392 tollebatur
2155 4339 2210 4391 in
2244 4339 2327 4392 al-

2438 4341 2704 4410 βασιλέως
2757 4340 2978 4404 αὐτίκα,
3032 4343 3126 4394 καὶ
3174 4341 3236 4394 τὸ
3294 4341 3405 4408 πῦρ
3453 4343 3726 4410 ἀνῆπτον·
3791 4349 4013 4398 κακεῖνο

758 4442 907 4495 tum;
943 4441 998 4488 et
1033 4447 1157 4488 cum
1210 4441 1378 4486 totam
1441 4431 1955 4498 comprehendisset
2010 4431 2321 4496 ecclesiam,
2354 4436 2404 4496 υ

2354 4436 2404 4496 D
2432 4431 2773 4500 πανταχόθεν
2804 4434 2883 4494 είς
2907 4431 3040 4500 ὕψος
3075 4432 3255 4501 ᾔρετο,
3295 4434 3388 4486 καὶ
3422 4432 3520 4502 τὴν
3553 4434 3860 4503 ἐκκλησίαν
3887 4438 4012 4505 ὅλην

759 4527 811 4577 in
845 4538 1015 4577 unum
1071 4521 1405 4576 ascendebat
1465 4522 1752 4586 verticem,
1812 4523 1995 4577 omnia
2034 4531 2141 4575 tam
2201 4538 2323 4591 quas

2436 4521 2726 4590 περιλαϐὸν
2767 4524 2846 4584 είς
2879 4523 3008 4591 μίαν
3069 4508 3323 4592 κορυφὴ-ιι¹
3366 4523 3546 4593 ἀνῄει,
3580 4525 3755 4576 πάντα
3800 4527 3872 4576 τά
3911 4526 4013 4590 ἔξω

753 4624 912 4670 erant
939 4625 1090 4668 extra
1121 4627 1240 4668 eam
1287 4628 1448 4682 quam
1484 4628 1604 4682 quae
1650 4616 1813 4680 intra,
1849 4613 2166 4683 depasccns.
2195 4614 2325 4669 Fre-

2434 4629 2494 4664 τε
2536 4613 2629 4665 καὶ
2671 4614 2737 4666 τὰ
2787 4613 2935 4667 ινδον
2983 4613 3400 4681 ἐπινεμόμενον.
3451 4614 3522 4664 Τδ
3559 4616 3660 4681 μὲν
3701 4610 3794 4667 οὖν
3841 4616 4013 4668 δεινὸν

758 4720 912 4761 mens
942 4706 1124 4773 itaque
1167 4704 1369 4759 malum
1427 4704 1717 4772 ingruebat
1771 4705 2198 4773 gravissimum;
2248 4705 2324 4758 illi

2438 4704 2639 4773 βρέμον
2670 4704 2827 4774 ἐπῄει
2849 4719 2861 4734 ·
2889 4703 2939 4754 oi
2969 4702 3024 4755 δὲ
3067 4702 3215 4755 ἔνδον
3249 4704 3397 4771 μέγα
3438 4703 3571 4771 πρὸς
3603 4702 3735 4754 Θεὸν
3770 4705 4011 4772 ἀνέκρα-

753 4809 938 4853 autem
969 4797 1116 4851 intus
1172 4811 1364 4866 magna
1399 4811 1530 4851 voee
1567 4797 1631 4850 ad
1664 4798 1832 4850 Deum
1885 4798 2216 4861 clamabant,
2271 4808 2326 4852 et

2435 4797 2553 4859 ζον,
2594 4798 2688 4847 καὶ
2722 4796 2818 4862 τὴν
2864 4795 2972 4848 τῶν
3017 4795 3225 4848 παίδων
3273 4790 3394 4867 ᾖδον
3421 4795 3601 4864 φωνὴν
3646 4798 3826 4847 πᾶσαν
3877 4800 4009 4867 apt;

756 4894 1028 4948 canebant
1075 4893 1346 4947 canticum
1411 4907 1730 4961 puerorum,
1793 4907 2012 4946 omnem
2078 4902 2320 4947 creatam

2435 4889 2653 4956 χορείαν
2685 4885 2974 4948 καλοῦντες
3017 4885 3114 4955 τὴν
3153 4887 3332 4939 κτίσιν
3354 4903 3368 4916 ⁵
3419 4888 3514 4939 καὶ
3543 4889 3601 4938 οὐ
3638 4893 3767 4954 πρὶν
3799 4889 4008 4951 605010-

758 4992 1006 5037 naturam
1035 4993 1293 5038 vocantes
1327 4983 1395 5036 ad
1426 4982 1683 5038 choream
1711 5001 1726 5046 ;
1766 4998 1945 5051 neque
1997 4985 2150 5051 prius
2203 5001 2324 5038 ces-

2429 4979 2650 5044 γοῦντες
2696 4977 3070 5046 ἐπαύσαντοῆ
3113 4979 3294 5030 τέλεον
3339 4978 3792 5046 ὁλοκαρπωθῆναι
3845 4982 4005 5034 δεκτά

757 5083 946 5128 sarunt
975 5075 1301 5145 gloriﬁcare,
1331 5090 1493 5145 quam
1524 5075 1703 5129 oblata
1738 5086 1924 5129 essent
1979 5088 2202 5142 accepta
2234 5092 2322 5130 sa-

2427 5073 2663 5139 θύματα,
2696 5074 2867 5137 ίερεῖα
2899 5071 3057 5138 ἁγνὰ,
3098 5071 3175 5140 τῷ
3219 5071 3357 5138 ὑπὲρ
3391 5069 3485 5122 τοῦ
3527 5071 3733 5140 κόσμου
3768 5090 4004 5140 σφαγια-

758 5166 1001 5230 criﬁcia,
1053 5176 1216 5220 castae
1253 5167 1446 5221 hostiae
1493 5183 1651 5236 agno,
1699 5168 1789 5236 qui
1837 5168 1940 5221 fuit
1983 5185 2081 5237 pro
2118 5169 2322 5222 mundo

1153 5176 1216 5220 tae
1253 5167 1446 5221 hostiae
1493 5183 1651 5236 agno,
1699 5168 1789 5236 qui
1837 5168 1940 5221 fuit
1983 5185 2081 5237 pro
2118 5169 2322 5222 mundo
2430 5163 2607 5215 σθέντι
2641 5163 2817 5232 ἀμνῷ-

759 5267 1045 5313 "Iactatus.

829 5347 1022 5403 XXIX.
1054 5349 1305 5417 Quinque
1337 5349 1455 5401 dies
1484 5351 1831 5409 transierant,
1865 5361 1918 5404 et
1957 5353 2094 5418 ignis
2156 5353 2322 5414 depa-

2504 5349 2632 5400 KG'.
2671 5347 2833 5397 Πέντε
2862 5345 3074 5413 διῆλθον
3105 5347 3328 5414 ἡμέραι,
3359 5346 3451 5398 καὶ
3479 5345 3539 5396 τὸ
3573 5344 3682 5414 πῦρ
3724 5343 3824 5416 τὴν
3871 5345 3999 5417 ὓλην

759 5441 943 5495 scebat
970 5442 1275 5495 materiam.
1308 5440 1445 5496 Cum
1481 5457 1611 5494 vero
1643 5443 1856 5495 ﬂamina
1888 5444 1994 5511 jam
2029 5455 2320 5506 cessasset,

2434 5439 2676 5506 ὶνέμετο.
2721 5437 2856 5502 Ἤδη
2911 5437 2966 5489 δὲ
3009 5439 3106 5506 τῆς
3169 5438 3365 5503 φλογὸς
3428 5439 3791 5504 παυσαμένης
3842 5439 3998 5506 ἀηδία

757 5534 940 5588 nullus
968 5533 1346 5601 quidemteter
1370 5533 1504 5587 odor
1528 5537 1884 5596 sentiebatur,
1903 5552 1998 5588 nec
2031 5552 2095 5588 ex
2125 5550 2322 5604 corpo-

2438 5532 2536 5596 μὲν
2567 5529 2686 5580 οὐδὲ
2734 5527 2828 5596 μία
2861 5523 2927 5595 ἦν
2955 5528 3057 5579 ἀπό
3098 5545 3153 5579 τε
3186 5528 3282 5594 τῆς
3311 5527 3558 5588 καύσεως
3589 5526 3697 5579 τῶν
3730 5530 3997 5596 σωμάτων

759 5626 933 5680 ribus.
965 5641 1063 5678 nec
1093 5642 1157 5679 ex
1195 5625 1343 5678 lumo
1370 5642 1383 5688 ;
1411 5626 1649 5694 spirabat
1676 5635 1856 5678 autem
1889 5629 2069 5694 potius
2101 5627 2318 5696 quidam

2433 5624 2522 5674 καὶ
2572 5620 2663 5673 τοῦ
2715 5619 2955 5672 καπνοῦ²
2988 5621 3181 5672 εὐωδία
3243 5621 3296 5672 δὲ
3361 5620 3560 5688 μᾶλλον
3617 5621 3853 5672 ὑπέπνει
3910 5624 3994 5674 καὶ

753 5719 939 5771 suavis
969 5728 1024 5771 et
1049 5721 1186 5772 mire
1213 5718 1459 5788 fragrans
1483 5718 1636 5770 odor.
1675 5718 1983 5786 Apparebat
2030 5735 2158 5774 vero
2191 5721 2315 5788 qui-

2433 5715 2635 5780 o;66pa
2684 5714 2857 5782 ἡδεῖα,
2908 5713 3066 5772 ἀκτίς
3109 5729 3165 5763 τε
3204 5712 3508 5779 διεφαίνετο
3550 5715 3991 5781 χρυσαυγίζσυσα

751 5812 879 5862 dam
915 5809 1117 5872 radius,
1149 5812 1266 5865 auri
1306 5810 1579 5864 rutilantis
1611 5813 1847 5881 speciem
1880 5827 1989 5880 pra'
2020 5827 2075 5865 sc
2114 5810 2314 5874 ferens,

2433 5807 2670 5862 ποικίλον
2723 5824 2770 5858 τι
2829 5807 2917 5858 καὶ
2970 5805 3208 5874 χαρίτων
3259 5807 3453 5875 μεστὸν
3491 5804 3694 5874 ἱλαρῶς
3747 5807 3989 5876 ἀπολάμ.
