4214 6444
247 409 389 470 1073

1358 410 1533 470 VITA
1572 409 1675 471 SS.
1721 407 1908 468 lNDE
1968 412 2062 471 ΕΤ
2110 412 2415 475 DOMNAE.

3372 417 3509 481 1074

246 544 448 590 πουσα,
482 519 594 578 οἷον
625 528 769 594 ἧλιο.
797 526 1100 594 διαυγάζει.
1138 527 1483 596 Μαξιμιανὺς
1516 527 1570 578 δὲ
1604 526 1823 577 πάντων

1930 531 2144 583 varium
2180 535 2473 600 quemdam
2508 534 2678 589 edens
2703 547 2753 589 et
2785 534 2941 590 valde
2977 546 3191 604 gratum
3247 535 3504 603 splendo-

244 622 349 690 ἤδη
405 620 633 690 νομίσας
688 620 1106 689 ⁴κεκρατηκέναι
1162 622 1256 674 καὶ
1310 619 1419 672 τῶν
1470 619 1564 673 τοῦ
1621 619 1827 684 ἀγῶνος

246 711 512 781 ἀνεθῆναι
548 712 869 779 φροντὲδων,
907 710 1161 780 θεάτροις
1215 709 1395 763 είστία
1447 709 1574 772 τοὺς
1627 708 1829 777 όφθαλ-
1865 788 1870 790 _

248 807 390 875 μοὺς
424 807 513 859 καὶ
544 805 766 875 δρόμοις
797 806 983 859 ἵππων
1012 806 1213 875 δηλαδὴ
1248 804 1343 858 καὶ
1382 802 1706 875 ἀνθρώπων.
1756 804 1829 855 Τὸ

245 898 306 952 δέ
344 900 449 969 ἄρα
483 900 547 952 οὐ
579 900 878 967 κρατῆσαι,
919 898 1056 952 ἀλλά
1084 900 1425 969 κρατηθῆναι
1459 898 1641 968 πολλῷ
1667 898 1830 951 πλέον

245 987 339 1062 ἦν,
362 994 457 1045 καὶ
492 992 690 1063 μᾶλλον
716 992 796 1045 ἐτι
827 993 955 1056 τοὺς
990 992 1237 1055 εὐσεϐεῖς
1271 993 1482 1063 προῆγε
1520 991 1831 1063 παρρησιά-

247 1085 465 1151 ζεσθαι,
496 1087 739 1155 Δηλώσει
766 1087 825 1141 δέ
865 1087 931 1141 τά
962 1086 1112 1156 ἑξῆς.
1153 1086 1621 1159 Προσῳκοδόμητο
1647 1085 1745 1156 μέν
1770 1083 1831 1137 τὸ

249 1180 480 1251 θέατρον
519 1182 776 1249 μέγιστον
817 1182 965 1251 ἱερὸν
1008 1182 1301 1251 Δήμητρος
1338 1182 1439 1251 τῆς
1482 1180 1614 1250 παρ’
1645 1181 1831 1243 αὐτοῖς

250 1274 521 1344 μεγίστης
549 1274 699 1336 θεᾶς.
732 1272 1027 1343 Παρελθὼν
1063 1273 1121 1327 δέ
1163 1274 1370 1336 ἐκεῖνος
1404 1273 1503 1326 σὺν
1546 1272 1712 1324 παντὶ
1754 1270 1831 1339 τῷ

246 1365 410 1435 δήμῳ
439 1367 534 1419 καὶ
566 1366 644 1436 τῷ
677 1366 893 1437 στρατῷ
916 1367 985 1420 τά
1005 1366 1115 1420 τῶν
1145 1366 1345 1419 θυσιῶν
1376 1365 1522 1435 μύση
1541 1364 1713 1417 τελῶν
1739 1360 1826 1433 ἦν.

251 1454 349 1521 Εἷς
372 1458 428 1512 δέ
446 1476 527 1521 τις
555 1457 649 1512 τοῦ
672 1458 1067 1529 στρατιωτικοῦ
1085 1458 1408 1525 καταλόγου,
1430 1460 1614 1528 Ζήνων
1635 1457 1831 1523 ὄνομα,

251 1550 421 1619 ζήλου
453 1552 627 1606 πνέων
658 1552 801 1605 κατά
829 1552 940 1605 τῶν
969 1551 1331 1617 ἀσεϐούντων,
1372 1552 1433 1604 οὐ
1479 1551 1661 1620 φέρων
1688 1549 1831 1603 οὕτω

248 1646 354 1712 τὴν
392 1646 677 1697 εὐσέϐειαν
726 1646 1095 1714 ὑϐριζομένην
1125 1648 1280 1716 όρᾷν,
1306 1645 1392 1711 ἐφ’
1424 1642 1632 1713 ὑψηλοῦ
1675 1642 1827 1704 στὰς.

251 1736 459 1805 Πλανᾷ,
494 1736 733 1803 βασιλεῦ,
785 1737 910 1803 ἔφη,
957 1736 1127 1799 λίθοις
1167 1736 1511 1806 ἀναισθήτοις
1546 1735 1689 1789 θύων
1737 1736 1830 1788 καὶ

250 1827 437 1893 ξύλοις
470 1830 673 1896 κωφοῖς
696 1846 709 1861 ο
748 1826 907 1882 τοῦτο
937 1830 1043 1899 γὰρ
1070 1830 1130 1882 τὸ
1171 1830 1495 1899 φαινόμενον
1514 1846 1530 1863 ο
1572 1830 1632 1881 τὶ
1676 1829 1733 1882 δέ
1764 1843 1828 1895 γε

247 1920 313 1973 ἓν
368 1920 581 1988 ἀληθῶς
640 1921 733 1974 καὶ
788 1920 1082 1988 νοούμενον
1136 1921 1325 1992 ἀπάτη
1380 1921 1654 1988 δαιμόνων
1702 1919 1828 1982 τοὺς

248 2013 555 2082 λατρευτάς
604 2015 899 2080 ἀπάγουσα
966 2013 1103 2081 πρὸς
1149 2012 1450 2066 ἀπώλειαν.
1500 2012 1710 2074 Σύνες,
1783 2006 1829 2064 ὧ

251 2107 590 2174 Μαξιμιανέ,
620 2107 712 2159 καὶ
737 2108 861 2169 τοὺς
892 2105 1211 2174 ὀφθαλμοὺς
1240 2106 1461 2168 τούτους
1486 2106 1550 2174 δὴ
1585 2105 1679 2159 καὶ
1705 2107 1829 2167 τοὺς

250 2201 406 2253 ἔνδον
426 2200 619 2266 διάρας
652 2201 730 2263 εἰς
756 2198 1008 2268 οὐρανὸν,
1039 2199 1277 2268 ζήτησον
1305 2199 1370 2251 ἐκ
1404 2200 1511 2251 τῶν
1536 2200 1830 2267 ὁρωμένων

249 2294 348 2345 τὸν
375 2294 620 2362 κτίστην,
652 2292 744 2345 τόν
771 2291 1106 2363 δημιουργὸν
1140 2293 1322 2355 όποῖός
1356 2294 1506 2345 ἐστιν
1526 2306 1542 2323 ο
1584 2293 1690 2345 ἀπὸ
1721 2291 1829 2343 τῶν

251 2384 575 2450 κτισμάτων
603 2382 915 2453 κατάμαθε,
949 2385 1046 2437 καὶ
1096 2383 1276 2437 σέϐειν
1305 2384 1440 2437 Θεὸν
1479 2384 1719 2444 εὐσεϐῶς
1747 2383 1828 2436 δι-

246 2476 503 2546 δάχθητι,
537 2478 635 2547 οὐχ
660 2477 858 2548 αἵμασι
890 2476 982 2529 καὶ
1002 2477 1249 2539 κνίσσαις
1286 2475 1518 2543 ἀλόγων,
1553 2476 1689 2530 ἀλλά
1731 2478 1830 2545 ψυ-

250 2568 378 2637 χαῖς
408 2565 715 2637 ἀνθρώπων
760 2568 1027 2634 καθαραῖς
1067 2567 1125 2619 δέ
1169 2567 1423 2637 καρδίαις
1453 2568 1669 2635 ἁγναῖς,
1700 2568 1827 2638 ἡδό-

254 2672 441 2725 μενον.

324 2830 406 2886 Λ’.
453 2831 639 2884 Ταῦτα
690 2832 1054 2900 Μαξιμιανδς,
1097 2833 1337 2899 ἀκούσας
1396 2836 1558 2890 λίθων
1610 2836 1827 2892 ἐκέλευε

254 2923 413 2994 βάρει
439 2925 539 2987 τάς
575 2924 831 2991 σιαγόνας
858 2926 1025 2978 αὐτοῦ
1052 2928 1395 2995 θλάττεσθαι,
1430 2931 1525 2983 καὶ
1556 2930 1670 2999 ἀμα
1698 2932 1828 2987 ἐϐόα

250 3019 367 3080 τοῖς
397 3018 495 3085 μεν
518 3018 735 3087 δημίοις
770 3020 1142 3089 εὐτονωτέρας
1174 3030 1273 3085 τὰς
1302 3027 1619 3094 καταφοράς
1659 3030 1829 3079 ποιεῖ-

256 3106 405 3170 σθαι,
433 3108 513 3177 τῷ
534 3108 590 3161 δέ
621 3109 784 3179 ἀγίῳ,
821 3110 895 3179 μὴ
925 3109 1282 3181 λοιδορεῖσθαι
1315 3113 1474 3176 θεοῖς.
1507 3116 1666 3168 Οὕτω
1696 3118 1826 3185 γοῦν

1932 634 2069 682 rem,
2129 623 2406 692 quomodo
2464 626 2541 678 sol
2591 625 2755 690 lucet,
2815 627 2907 695 qui
2958 624 3120 677 modo
3168 633 3393 693 apparet
3450 624 3504 677 in

1935 710 2182 766 Oriente.
2214 715 2576 772 Maximianus
2601 728 2786 771 autem
2817 717 3139 770 existimans
3167 731 3225 770 se
3248 715 3357 784 jam
3385 730 3503 769 om-

1932 819 2030 857 nes
2058 805 2252 861 vicisse
2284 808 2384 877 (7),
2418 818 2472 863 et
2516 810 2814 864 relaxatum
2859 823 2980 862 esse
3013 824 3040 861 a
3072 807 3220 862 curis
3253 808 3507 862 certami-

1932 900 2037 962 nis,
2075 899 2304 954 theatris
2337 903 2595 969 pascebat
2624 903 2839 965 oculos,
2875 911 2930 955 et
2972 916 3238 970 equorum
3297 899 3508 954 scilicet

1929 999 1983 1045 et
2012 990 2294 1046 hominum
2323 994 2631 1050 curriculis.
2660 995 2795 1049 Illud
2821 1011 2953 1049 vero
2978 1010 3084 1049 non
3119 1002 3235 1047 erat
3260 994 3503 1055 vincere,

1932 1086 2025 1138 sed
2052 1084 2235 1153 potius
2260 1086 2462 1141 victum
2499 1103 2640 1153 esse,
2679 1087 2842 1155 idque
2890 1087 3060 1156 magis
3087 1084 3301 1140 induxit
3363 1083 3503 1153 pios,

1932 1188 1992 1232 ut
2022 1179 2193 1232 libere
2223 1181 2600 1250 loquerentur.
2641 1180 2947 1235 Ostendent
2974 1190 3182 1244 autem,
3247 1192 3370 1247 qua
3423 1190 3509 1230 se-

1932 1283 2198 1343 quuntur.
2252 1273 2389 1328 Ante
2426 1274 2700 1328 theatrum
2756 1274 2979 1343 quidem
3012 1282 3131 1327 erat
3177 1270 3508 1335 aedificatum

1930 1369 2230 1419 maximum
2287 1365 2475 1421 fanum
2525 1365 2743 1422 Cereris
2773 1382 2895 1436 qua:
2952 1375 3074 1420 erat
3099 1362 3240 1433 apud
3280 1377 3373 1416 eos
3402 1361 3505 1415 dea

1932 1459 2189 1513 maxima.
2218 1458 2499 1514 Accedens
2529 1470 2711 1514 autem
2737 1458 2825 1513 ille
2850 1473 2973 1513 cum
3013 1458 3271 1511 universo
3303 1453 3507 1523 pepu'lo

1931 1561 1987 1606 et
2028 1551 2296 1617 exercitu,
2331 1552 2664 1607 exsecranda
2714 1551 3013 1622 peragebat
3052 1548 3337 1605 sacriﬁcia.
3377 1545 3509 1614 Qui-

1932 1644 2056 1696 dam
2087 1658 2219 1697 vero
2243 1659 2309 1697 ex
2340 1659 2573 1698 numero
2604 1644 2848 1709 militari,
2884 1643 3032 1697 Zeno
3083 1642 3326 1705 nomine,
3389 1639 3507 1694 zelo

1930 1734 2128 1804 plenus
2159 1735 2422 1789 adversus
2482 1737 2698 1805 impios,
2737 1752 2847 1790 non
2900 1735 3079 1790 ferens
3121 1734 3199 1789 sic
3247 1734 3506 1804 pietatem

1932 1828 2069 1883 afﬁci
2100 1829 2455 1891 contumelia.
2514 1840 2663 1884 stans
2693 1830 2749 1884 in
2801 1827 2943 1884 alto:
3002 1828 3191 1891 Erras,
3235 1826 3436 1896 inquit,
3472 1840 3505 1877 ο

1933 1924 2252 1990 imperator,
2305 1920 2722 1976 insensibilibus
2769 1921 3083 1977 sacriﬁcans
3130 1918 3405 1989 lapidibus
3450 1922 3506 1971 et

1930 2018 2099 2070 mutis
2132 2016 2338 2086 lignis;
2379 2014 2484 2069 hoc
2514 2015 2661 2069 enim
2696 2023 2801 2079 est,
2834 2014 2980 2085 quod
3018 2021 3273 2083 apparet;
3300 2011 3356 2065 id
3408 2026 3503 2063 au-

1933 2120 2065 2174 tem,
2099 2109 2244 2179 quod
2275 2118 2360 2164 est
2392 2124 2577 2163 revera
2620 2117 2675 2162 et
2708 2107 3052 2176 intelligitur,
3084 2114 3168 2160 est
3198 2104 3349 2159 fraus
3397 2101 3506 2157 da:-

1929 2216 2177 2267 monum,
2207 2218 2326 2270 quae
2367 2216 2497 2255 suos
2527 2202 2771 2255 cultores
2817 2200 3043 2253 abducit
3074 2198 3140 2251 ad
3193 2195 3501 2250 interitum.

1928 2294 2195 2363 intelligo,
2230 2308 2261 2347 ο
2295 2293 2645 2353 Maximiane.
2695 2300 2749 2346 et
2783 2292 2889 2346 hos
2921 2292 3111 2345 oculos
3143 2297 3198 2343 et
3254 2289 3506 2342 internas

1929 2386 1983 2438 in
2044 2385 2243 2440 etelum
2291 2386 2510 2444 tollens.
2571 2400 2753 2453 quaere
2806 2399 2869 2437 ex
2922 2384 2988 2436 iis
3046 2396 3166 2451 qua:
3217 2381 3502 2439 videntur.

1927 2486 2267 2542 creatorem;
2295 2477 2473 2547 qualis
2503 2478 2576 2532 sit
2608 2477 2809 2546 apifex,
2840 2477 2987 2531 disce
3018 2492 3081 2529 ex
3108 2473 3389 2544 operibus,
3450 2482 3506 2527 et

1928 2569 2077 2623 disce
2108 2568 2279 2623 Deum
2308 2568 2394 2637 pie
2426 2569 2628 2631 colere,
2662 2568 2755 2637 qui
2784 2584 2891 2621 non
2917 2566 3186 2635 sanguine
3223 2573 3281 2619 et
3310 2561 3505 2617 nidore

1930 2662 2159 2716 rationis
2210 2662 2517 2729 expertium
2563 2660 2946 2720 animantium,
2985 2658 3078 2711 sed
3139 2655 3363 2710 mundis
3402 2654 3504 2709 lto-

1929 2751 2138 2805 minum
2170 2750 2479 2805 delectatur
2508 2749 2727 2813 animis,
2762 2757 2816 2801 et
2846 2746 3051 2800 mundo
3080 2744 3266 2800 corde.

2000 2844 2169 2899 XXX.
2220 2842 2347 2898 Haec
2394 2859 2520 2897 cum
2566 2841 2831 2896 audiisset
2899 2838 3301 2900 Maximianus,
3347 2834 3503 2906 jubet

1927 2938 2170 3007 pondere
2198 2936 2438 3004 lapidum
2472 2934 2591 3004 ejus
2613 2933 2859 2987 maxillas
2907 2929 3180 2999 confringi
3228 2937 3285 2982 et
3330 2927 3495 2981 simul

1928 3028 2200 3084 clamabat
2239 3026 2531 3081 lictoribus
2577 3023 2825 3093 quidem,
2876 3030 2934 3076 ut
2972 3020 3188 3075 fortiter
3245 3029 3504 3088 percute-

1931 3133 2075 3186 rent,
2103 3130 2299 3175 sancto
2334 3130 2539 3181 autem,
2578 3131 2646 3171 ne
2672 3115 2804 3169 deos
2857 3112 3163 3167 maledictis
3195 3121 3499 3179 appeteret.

253 3198 518 3266 πάσχοντι
548 3197 625 3267 τῷ
674 3200 819 3266 ἀγίω
862 3200 1063 3263 πάντες
1102 3202 1201 3269 μέν
1249 3204 1296 3255 οί
1350 3204 1563 3267 όδόντες
1602 3206 1828 3276 ἀπηνῶς

1934 3213 2025 3267 Sic
2054 3228 2182 3281 ergo
2210 3211 2435 3281 patienti
2470 3217 2661 3262 sancto
2689 3221 2880 3260 omnes
2905 3206 3127 3275 quidem
3160 3202 3352 3256 dentes
3375 3210 3505 3254 sunt

251 3283 714 3354 ἐξεκρούσθησαν,
749 3289 804 3339 αί
854 3288 1101 3356 σιαγόνες
1132 3291 1549 3360 συνετρίϐησαν,
1584 3294 1679 3347 καὶ
1726 3296 1828 3367 ἢδη

255 3377 432 3446 μικρά
462 3378 695 3430 πνέοντα
727 3378 819 3430 καὶ
852 3378 977 3430 ὅσον
1009 3378 1165 3434 οὔπω
1214 3382 1349 3448 πρὸς
1384 3383 1442 3434 τὸ
1493 3384 1674 3436 θανεῖν
1708 3403 1833 3439 συν-

250 3466 565 3535 ωθούμενον
602 3466 707 3530 ἐξω
737 3466 839 3533 τῆς
875 3468 1088 3531 πόλεως
1121 3471 1435 3540 ἀπαχθῆναι
1470 3474 1705 3538 κελεύει,
1740 3479 1832 3529 καὶ

254 3556 398 3625 ξίφει
434 3557 533 3628 τὴν
588 3560 1130 3630 παρῤησιασαμένην
1175 3563 1419 3634 κεφαλὴν
1466 3568 1829 3636 ἐκτμηθῆναι.

253 3654 363 3705 Καὶ
415 3654 587 3715 οὓτως
660 3656 688 3707 ό
734 3656 1114 3722 γενναιότατος
1161 3658 1346 3721 Ζήνων
1416 3662 1570 3730 τάχει
1653 3663 1829 3732 πολλῷ

252 3747 319 3797 τὸ
351 3746 623 3815 μακάριον
670 3747 931 3809 διανύσας
984 3749 1075 3801 τοῦ
1130 3752 1434 3821 μαρτυρίου
1475 3754 1686 3806 στάδιον
1730 3757 1830 3823 τὴν

253 3836 498 3905 κεφαλὴν
543 3839 937 3904 ἀποτέμνεται,
993 3840 1091 3892 καὶ
1122 3841 1257 3911 πρὸς
1291 3844 1530 3912 Χριστὸν
1563 3848 1658 3915 τὴν
1692 3848 1829 3899 πάν-

252 3947 363 3981 των
400 3930 643 3999 κεφαλὴν
669 3930 1020 4000 ἀναφέρεται.
1056 3934 1288 3999 Ἔμελλε
1321 3936 1376 3988 δέ
1402 3938 1494 3989 καὶ
1518 3942 1545 3990 ό
1577 3940 1705 4008 περὶ
1739 3942 1830 3993 τὸν

252 4022 534 4090 Δωρόθεον
576 4022 719 4091 ἱερὸς
760 4022 941 4091 χορὸς,
999 4024 1087 4089 ὑφ’
1114 4024 1254 4078 οὕτω
1301 4028 1453 4098 καλῷ
1506 4033 1829 4100 ταττόμενος

250 4112 581 4179 διδασκάλῳ,
620 4112 698 4180 τῷ
759 4112 914 4183 θείῳ,
972 4114 1139 4183 φημὶ,
1213 4116 1470 4187 Ἀνθίμῳ⁹
1533 4121 1605 4189 μὴ
1656 4122 1828 4184 οὕτως

251 4204 671 4273 ἀστεφανώτους
704 4204 855 4273 εχειν
909 4206 1007 4266 τὰς
1043 4208 1285 4276 κεφαλάς
1310 4225 1326 4241 ⁸
1356 4211 1471 4264 ἀλλ’
1499 4213 1829 4284 ᾠκονομεῖτο

252 4296 559 4351 καὶταῦτα
616 4296 769 4366 παρὰ
820 4297 917 4365 τῆς
963 4296 1114 4360 θείας
1175 4300 1385 4354 ἀνωθεν
1420 4304 1675 4372 χάριτοςο
1735 4308 1829 4361 καὶ

250 4390 558 4457 γράμματα
603 4388 701 4454 μὲν
734 4386 827 4439 τοῦ
873 4386 1021 4457 ίεροῦ
1074 4388 1331 4459 ’Δνθίμου
1374 4394 1655 4463 ἐπέμπετο
1692 4398 1827 4467 πρὸς

250 4481 471 4541 αὐτοὺς,
507 4481 564 4531 ἐν
590 4479 752 4548 κώμῃ
788 4480 885 4548 μέν
915 4496 1018 4529 τινι
1052 4481 1220 4533 αὐτοῦ
1255 4487 1653 4554 κρυπτομένου,
1688 4490 1827 4542 ἐκεί-

248 4588 361 4631 νοις
406 4570 462 4622 δέ
509 4570 761 4638 φανερῶς
798 4571 1225 4639 ἀγωνιζομένοις
1264 4576 1393 4645 εὐχῇ
1449 4578 1558 4631 τῶν
1601 4580 1826 4647 ἀγώνων

247 4664 444 4729 ἄριστα
471 4663 972 4729 συνεφαπτομένου.
1002 4664 1170 4717 Τοῦτο
1193 4666 1315 4719 ἐπεὶ
1344 4670 1454 4731 τοῖς
1476 4669 1568 4723 τοῦ
1595 4675 1829 4742 παρανόο

250 4771 355 4823 μου
390 4752 654 4820 βασιλέως
701 4753 1073 4818 ὑπασπισταῖς
1111 4757 1273 4826 δῆλον
1312 4760 1555 4828 γέγονεν,
1590 4765 1729 4819 αὑτά
1770 4784 1827 4817 τε

166 4871 171 4875 υ
243 4848 314 4900 τὰ
353 4847 658 4914 γράμματα
687 4847 783 4898 καὶ
817 4847 909 4898 τὸν
939 4848 1125 4901 ἐκεῖνα
1153 4853 1587 4920 πεπιστευμένον
1614 4854 1691 4921 τῷ
1728 4855 1827 4924 βα-

247 4940 389 4990 σιλεῖ
432 4938 797 5009 παριστῶσιν.
835 4938 895 4990 Ὀ
932 4939 986 4990 δὲ
1040 4939 1229 4991 τοῦτον
1284 4941 1428 5005 ίδὼν,
1488 4943 1734 4998 ἐπελθὼν
1769 4947 1823 5000 δὲ
1862 5002 1863 5005 η

244 5030 340 5081 καὶ
372 5028 437 5080 τά
466 5029 831 5097 γεγραμμένα
866 5028 1241 5099 (ἐγγέγραπτο
1268 5030 1325 5084 δὲ
1355 5026 1441 5084 οἷα
1472 5034 1617 5095 είκδς
1656 5035 1820 5087 ἀϐού‹

240 5124 384 5189 λητα
413 5122 511 5192 μὲν
542 5120 758 5190 ἐκείνῳ.
800 5122 1063 5191 χαρίεντα
1096 5122 1150 5173 δὲ
1200 5123 1294 5176 καὶ
1340 5127 1627 5195 σωτήρια),
1660 5127 1817 5198 θυμῷ

242 5216 428 5284 πολλῷ
471 5216 610 5285 ῥέων
677 5217 934 5268 ἐπέταττε
966 5218 1066 5284 τὴν
1113 5219 1192 5278 εἰς
1231 5216 1391 5287 τάχος
1424 5220 1606 5273 αὐτῶν
1642 5222 1817 5291 παρά-

242 5323 459 5361 στασιν.
490 5305 663 5369 Εὐθὺς
690 5302 784 5359 οὖν
811 5307 1006 5360 ἐκεῖνοι
1030 5308 1389 5376 παρίσταντο.

312 5399 440 5452 AA'.
478 5400 586 5451 Καὶ
613 5400 640 5451 ό
672 5398 951 5467 βασιλεύ,;’
988 5395 1136 5468 τΑρα
1171 5400 1244 5469 μὴ
1278 5406 1507 5471 μάταιος
1537 5405 1635 5475 τὴν
1662 5408 1813 5458 εἰκα-

243 5492 369 5544 σίαν
398 5484 506 5558 ἐγὼ
538 5491 825 5559 προλέγων
858 5492 932 5555 ὡς
963 5492 1096 5561 ἐμοῦ
1132 5494 1231 5561 μὲν
1263 5496 1535 5566 ἀπέστητε
1569 5513 1582 5561 ;
1612 5497 1811 5565 μᾶλλον

237 5582 295 5634 δὲ
328 5581 451 5649 ἤδη,
488 5583 809 5653 κατάρατοι,
853 5589 944 5637 καὶ
987 5569 1434 5657 κατεξανέστητε,
1468 5591 1600 5657 πρὸς
1626 5590 1810 5660 ἕτερον

236 5672 296 5724 δὲ
353 5672 475 5723 λίαν
532 5675 1058 5747 ἐκπεπολεμωμένον
1109 5680 1243 5749 ἡμῖν
1293 5681 1643 5739 ἀπεκλένατε.
1702 5683 1810 5737 Καὶ

306 5850 385 5919 (7)
422 5852 617 5905 Baron.
648 5853 711 5907 ad
744 5871 831 5909 an.
860 5854 981 5909 302.

1932 3306 2243 3358 immaniter
2274 3302 2516 3365 excussi,
2565 3299 2799 3354 maxilla:
2847 3311 2977 3353 vero
3024 3305 3154 3351 sunt
3207 3293 3499 3349 contritae:

1930 3408 1985 3450 et
2011 3397 2123 3465 jam
2149 3410 2340 3464 parum
2374 3395 2671 3462 spirantem
2709 3398 2766 3445 et
2811 3405 2933 3445 mox
2984 3388 3310 3442 moriturum
3340 3385 3500 3456 jubet

1931 3488 2128 3542 abduci
2161 3497 2311 3542 extra
2367 3487 2671 3548 civitatem,
2702 3493 2756 3538 et
2786 3489 3059 3551 amputart
3116 3488 3302 3550 caput,
3349 3478 3496 3548 quod

1932 3582 2101 3635 libere
2132 3588 2249 3633 erat
2274 3579 2535 3632 locutum.
2596 3577 2663 3630 Et
2695 3577 2772 3631 sic
2818 3576 2966 3629 Zeno
3024 3570 3500 3643 generosissimus,

1929 3686 2054 3725 cum
2096 3685 2287 3738 magna
2327 3669 2607 3723 celeritate
2640 3669 2940 3737 peregisset
2998 3666 3215 3719 beatum
3261 3662 3499 3716 stadium

1932 3761 2203 3831 martyrii,
2263 3768 2551 3812 truncatur
2606 3759 2803 3826 capite,
2851 3766 2906 3810 et
2956 3770 3170 3809 sursum
3227 3754 3403 3807 fertur
3431 3754 3500 3807 ad

1930 3854 2209 3909 Christum
2264 3860 2430 3922 caput
2471 3852 2736 3905 omnium.
2796 3853 2962 3905 Sacer
3010 3863 3228 3918 quoque
3272 3847 3498 3901 chorus.

1933 3947 2027 4018 qui
2060 3956 2180 4001 erat
2212 3947 2355 3999 circa
2388 3944 2740 4007 Dorotheum,
2773 3944 2916 4012 quia
2945 3952 3053 3996 tam
3078 3944 3219 3995 bono
3244 3940 3497 3993 institue-

1922 4042 2093 4101 batur
2127 4039 2409 4107 magistro,
2443 4037 2649 4100 divino,
2681 4036 2925 4105 inquam,
2975 4037 3252 4096 Antltimo.
3288 4052 3395 4089 non
3422 4035 3502 4089 sic

1929 4141 2046 4183 erat
2079 4129 2366 4182 habiturus
2388 4126 2565 4195 capita
2614 4128 2952 4188 incoronata,
3004 4128 3101 4180 sed
3135 4128 3248 4180 haec
3282 4140 3501 4195 quoque

1931 4234 2166 4289 superne
2198 4218 2656 4287 dispensabantur
2692 4227 2759 4271 ae'
2796 4219 3235 4287 providebantur
3258 4233 3286 4271 a
3319 4216 3500 4271 divina

1931 4310 2122 4382 gratia.
2156 4310 2224 4363 Et
2252 4326 2280 4363 a
2312 4320 2662 4363 sacrosancto
2722 4309 2944 4378 quidem
3006 4310 3269 4363 Anthimo
3301 4308 3368 4363 ad
3408 4323 3503 4362 eus

1931 4405 2290 4458 mittebantur
2323 4404 2535 4467 littera,
2565 4406 2682 4473 ipso
2714 4404 2933 4473 quidem
2979 4404 3031 4457 in
3085 4404 3322 4473 quodam
3380 4403 3503 4456 vico

1931 4497 2305 4559 dclitescentc,
2376 4497 2498 4549 illos
2552 4507 2733 4549 autem
2798 4506 2986 4565 aperte
3044 4496 3388 4551 decertantes
3434 4496 3499 4549 ad

1934 4589 2285 4657 suscipienda
2317 4598 2541 4641 strenue
2566 4589 2866 4642 certamina
2904 4588 3160 4657 precibus
3185 4589 3499 4658 adjuvante.

1937 4678 2052 4732 lloc
2078 4688 2364 4747 postquam
2420 4680 2592 4733 evasit
2627 4680 2977 4734 manifestum
3039 4680 3290 4734 scelerati
3329 4680 3499 4750 impe-

1935 4769 2137 4823 ratoris
2175 4769 2523 4833 satellitibus,
2556 4778 2610 4821 et
2657 4769 2804 4837 ipsas
2836 4770 3071 4832 litteras,
3121 4778 3177 4823 et
3225 4784 3374 4830 eum.
3407 4772 3496 4824 cui

1931 4871 2088 4915 erant
2119 4861 2280 4923 datm,
2320 4862 2602 4914 adducunt
2643 4861 2709 4914 ad
2741 4863 3149 4931 imperatorem.
3192 4862 3287 4916 llle
3313 4871 3497 4917 autem

1929 4967 2051 5004 cum
2084 4966 2209 5005 eum
2252 4952 2477 5005 vidisset
2530 4960 2586 5005 et
2622 4952 2839 5017 legisset
2892 4969 3011 5022 quae
3040 4954 3242 5023 scripta
3292 4965 3449 5008 erant
3482 4972 3494 5007 :

1927 5044 2131 5113 scripta
2158 5060 2288 5097 vero
2315 5052 2492 5107 erant,
2531 5054 2589 5098 nt
2628 5056 2712 5099 est
2744 5046 3066 5110 verisimile,
3100 5062 3222 5116 qua:
3249 5047 3342 5102 ille
3374 5050 3498 5117 qui-

1926 5138 2048 5193 dem
2080 5140 2319 5203 nolebat,
2350 5141 2579 5208 pulchra
2628 5152 2809 5195 autem
2868 5148 3027 5195 erant
3084 5151 3139 5196 et
3191 5142 3492 5215 salutaria:

1927 5230 2006 5285 ira
2064 5240 2321 5295 aestuans,
2358 5232 2522 5301 jussit
2572 5248 2668 5287 eos
2716 5234 3122 5303 quamprimum
3152 5233 3371 5288 adduci.
3410 5234 3493 5293 Illi

1922 5337 2053 5391 ergo
2080 5323 2259 5375 statim
2294 5332 2420 5376 sunt
2449 5322 2691 5377 adducti.

1992 5411 2184 5467 XXXI.
2222 5414 2525 5481 Imperator
2555 5423 2779 5469 autem:
2830 5415 3073 5479 Vanaue,
3125 5417 3325 5483 inquit,
3389 5416 3493 5470 fuit

1922 5517 2039 5556 mea
2098 5505 2432 5571 conjectura,
2484 5520 2608 5559 cum
2666 5506 3039 5573 praedicet-em,
3074 5521 3227 5561 vosa
3263 5522 3348 5561 me
3394 5507 3491 5561 de-

1921 5594 2155 5651 fecisse?
2187 5598 2298 5651 lmo
2329 5612 2478 5658 vero,
2510 5598 2860 5663 exsecrandi,
2887 5599 3007 5669 jam;
3029 5597 3192 5654 etiam
3225 5597 3487 5653 adversus

1920 5703 2004 5743 me
2037 5689 2427 5753 insurrexistis,
2467 5690 2532 5745 ad
2586 5691 2749 5744 alium
2802 5702 3006 5758 autem,
3062 5707 3185 5748 cum
3232 5705 3340 5761 quo
3386 5703 3489 5745 nos
