4214 6444
727 336 864 400 1075

1877 329 2258 390 ADDENilA.
2298 352 2364 361 --
2409 328 2840 388 DECEMBER.

3854 317 4014 380 1076

725 462 852 501 acre
880 444 1081 500 bellum
1113 443 1375 516 gerimus,
1436 443 1827 517 translugistis.
1877 447 1946 500 Et
2003 445 2160 499 simul
2205 442 2299 496 dat
2327 443 2374 499 Δ

2349 443 2374 498 ι
2405 442 2520 510 ἅμα
2560 441 2660 513 τὴν
2693 439 2986 509 ἐπιστολὴν
3011 437 3406 507 ἀναγινώσκειν
3434 431 3630 489 ἐδίδου.
3678 431 4013 500 Ἐπέτρετεε

725 538 806 591 eis
830 536 1110 607 legendam
1132 536 1441 605 epistolam.
1456 537 1627 593 Iussit
1644 553 1772 591 vero
1788 552 1913 592 eum
1936 552 2178 606 quoque,
2199 534 2291 605 qui

726 637 1119 697 apportaverat
1145 628 1290 683 illam
1326 628 1628 683 introduci.
1653 628 1824 694 Quem
1855 643 1978 682 cum
2034 627 2298 681 vidissent

727 732 1016 790 martyres,
1046 721 1203 774 valde
1252 721 1420 775 latati
1480 729 1608 776 sunt
1665 721 1870 784 animo,
1903 736 2162 788 eumque,
2191 720 2296 774 etsi

729 814 923 882 procul
957 821 1189 876 starent,
1218 813 1369 866 vultu
1402 823 1458 868 et
1479 821 1614 866 nutu
1645 813 1972 868 salutarunt.
2013 811 2297 866 Maximia-

730 922 836 961 nus
863 915 1042 961 autem
1071 905 1269 959 fastum
1293 906 1584 974 quemdam
1613 913 1668 958 et
1702 906 1956 975 spiritum
1982 905 2296 973 suscipiens

730 999 1014 1068 principis,
1048 1007 1103 1052 et
1128 998 1440 1052 immaniter
1498 1014 1622 1055 eum
1661 999 1914 1053 intuens:
1977 997 2075 1052 Dic
2139 998 2296 1063 mihi,

733 1092 933 1160 inquit,
963 1091 1168 1155 infelix,
1204 1092 1328 1162 quis
1351 1102 1457 1154 est,
1509 1093 1600 1160 qui
1637 1091 1752 1146 lia-c
1814 1092 1913 1146 tibi
1947 1090 2193 1155 tradidit,
2232 1099 2300 1144 et

734 1185 957 1239 ubinam
988 1184 1122 1239 latet
1152 1184 1465 1238 terrarum?
1500 1183 1772 1239 Diaconos
1817 1199 1966 1244 vero.
2000 1198 2124 1238 cum
2181 1198 2300 1237 ma-

734 1290 839 1344 gna
869 1291 1002 1332 voce
1024 1276 1188 1332 tacite
1219 1276 1283 1330 ad
1312 1278 1479 1331 Deum
1509 1278 1663 1346 prius
1686 1278 1994 1341 clamasset,
2021 1285 2077 1330 et
2109 1277 2298 1345 petiis-

735 1378 839 1431 εει,
887 1377 946 1423 ut
975 1369 1365 1423 convenienter
1397 1370 1695 1424 verissimae
1734 1368 2086 1436 promissioni
2142 1369 2301 1424 dare-

735 1471 825 1514 tur
851 1461 955 1514 sibi
987 1462 1099 1515 oris
1123 1461 1374 1529 apertio:
1422 1461 1524 1526 Qui
1580 1461 1811 1522 litteras,
1865 1462 2064 1529 inquit,
2126 1461 2300 1519 dedit.

737 1564 859 1604 cum
884 1549 955 1602 sit
987 1558 1194 1617 pastor,
1225 1559 1281 1603 et
1312 1548 1503 1618 procul
1533 1549 1699 1612 absit,
1733 1565 1949 1618 gregem
1983 1549 2301 1604 cohortatur

737 1650 789 1693 et
823 1639 1013 1693 incitat
1035 1639 1101 1694 ad
1142 1638 1439 1708 pietatem:
1473 1648 1527 1693 et
1556 1639 1788 1692 maxime
1814 1654 1937 1694 cum
1955 1641 2188 1694 senserit
2223 1642 2302 1692 in.

2401 535 2457 587 δὲ
2485 534 2582 586 καὶ
2608 532 2700 587 τὸν
2728 531 3126 601 έπιφερόμενον
3167 529 3485 600 είσαχθῆναι
3516 541 3528 556 ⁶
3560 525 3620 578 δν
3663 525 3779 592 ἀρα
3817 524 3928 575 καὶ
3961 522 4019 572 οξ

2405 627 2682 698 μάρτυρες
2713 626 3043 690 θεασάμενοι
3079 624 3218 676 πάνυ
3254 621 3351 694 τὴν
3374 619 3555 690 ψυχὴν
3582 617 3873 687 ἥσθησαν.
3910 614 4018 664 καὶ

2400 720 2574 783 οὕτως
2618 721 2694 784 ὡς
2741 716 2889 790 εἶχον
2943 722 3035 772 καὶ
3065 716 3350 788 πόρρωθεν
3395 713 3548 774 ὄντες
3596 711 3854 778 σχήματι
3909 705 4016 757 καὶ

2401 813 2632 882 νεύματι
2665 811 3102 882 κατησπάζοντο.
3140 807 3482 876 Μαξιμιανὸς
3515 805 3571 858 δι
3596 803 3764 870 δγκον
3805 797 4013 864 ἑαυτῷ

2401 905 2644 975 περιθεὶς
2672 904 2932 973 ἀρχικὸν,
2953 904 3050 956 καὶ
3094 900 3304 970 ἀπηνὲς
3342 898 3480 967 πρὸς
3518 897 3725 949 ἐκεῖνον
3760 891 4012 961 βλέψας.

2402 997 2546 1063 Λέγε
2583 1013 2694 1065 μοι,
2723 994 2850 1064 ἔφη,
2885 994 3141 1063 δύστηνε,
3179 993 3262 1050 τίς
3294 993 3326 1044 ὁ
3361 989 3536 1045 ταῦτά
3575 1005 3656 1041 οοι
3703 986 3866 1047 δοὺς,
3903 983 4014 1035 καὶ

2403 1087 2506 1140 ποῦ
2549 1089 2750 1157 δήποτε
2785 1087 2886 1155 γῆς
2935 1087 3022 1158 είη
3071 1086 3476 1154 κρυπτόμενος.
3522 1081 3582 1134 '0
3627 1078 3688 1132 δὶ
3732 1079 4014 1135 διάκονος

2406 1183 2546 1252 μέγα
2594 1182 2731 1253 πρὸς
2760 1181 2894 1234 Θεὸν
2944 1179 3216 1250 πρότερον
3263 1178 3440 1246 σιωπῇ
3493 1174 3719 1244 βοήσας,
3758 1168 4012 1238 αἰτησάο

2407 1274 2565 1344 μενός
2595 1292 2654 1327 τε
2689 1274 2953 1343 στόματος
2991 1271 3242 1343 παροχὴν
3278 1272 3418 1324 κατά
3451 1269 3550 1337 τὴν
3576 1263 4011 1335 ἀψευδεστάτην

2404 1365 2768 1433 ἀπαγγελίαν,
2807 1366 2869 1418 '0
2904 1364 3003 1434 μὲν
3024 1364 3092 1416 τὰ
3118 1363 3425 1432 γράμματα
3453 1362 3597 1424 δοὺς,
3623 1360 3751 1426 εφη,
3783 1355 4010 1422 ποιμὴν

2403 1456 2478 1509 ὢν
2514 1459 2608 1510 καὶ
2644 1458 2864 1526 μακρὰν
2893 1456 3158 1524 ὑπάρχων
3189 1455 3250 1506 τὸ
3289 1453 3542 1519 ποίμνιον
3574 1448 3881 1517 συγκροτεῖ
3904 1447 4010 1497 καὶ

2406 1548 2720 1618 παραθήγει
2755 1548 2891 1616 πρὸς
2920 1547 3022 1617 τὴν
3050 1546 3351 1608 εὐσέϐειαν,
3385 1543 3478 1596 καὶ
3529 1543 3770 1610 μάλιστα
3823 1540 3906 1590 ὅτ’
3939 1537 4009 1588 ἃν

2405 1644 2502 1694 καὶ
2559 1641 2742 1694 λύκων
2793 1639 3045 1708 αἴσθηται
3105 1639 3196 1690 καὶ
3226 1637 3437 1706 θηρίων
3485 1632 3829 1702 ἐπιδρομῆς·
3877 1630 4007 1682 τότε

736 1733 1049 1787 cursiouem
1081 1730 1332 1800 luporum
1359 1741 1413 1784 et
1444 1731 1707 1784 ferarum.
1739 1729 1895 1785 Tunc
1926 1732 2071 1786 enim
2103 1731 2210 1784 alta
2246 1740 2302 1785 et
2337 1776 2378 1831 Β

2339 1776 2378 1831 Β
2406 1737 2514 1805 γὰρ
2545 1736 2638 1788 καὶ
2667 1735 2911 1802 διάτορόν
2948 1749 3002 1784 τι
3043 1731 3298 1802 σημαίνει
3328 1729 3406 1797 τῷ
3439 1726 3680 1831 ποιμνίιμ
3709 1725 3813 1826 καλ
3848 1723 4003 1828 πάνυ

737 1824 886 1877 clara
922 1837 1057 1877 voce
1083 1838 1184 1876 suo
1210 1823 1356 1892 gregi
1396 1823 1647 1889 imperat,
1683 1831 1737 1875 et
1769 1838 1888 1890 qua:
1920 1823 2029 1876 sint
2049 1823 2298 1877 iacienda
2337 1813 2378 1831 ”’

2343 1813 2378 1831 ν
2404 1826 2678 1895 λαμπρόν.
2720 1828 2785 1878 Ἀ
2811 1825 2866 1877 δὲ
2901 1825 2994 1878 καὶ
3019 1824 3164 1890 λέγει
3186 1822 3286 1891 οὐχ
3311 1819 3524 1880 ἑαυτοῦ,
3554 1816 3692 1870 ἀλλὰ
3715 1816 3817 1868 τοῦ
3849 1813 4007 1882 πρὼ-

737 1911 1025 1983 signiticat.
1055 1911 1183 1978 Qua
1210 1923 1392 1967 autem
1423 1913 1576 1974 dicit,
1609 1928 1719 1966 non
1755 1923 1885 1966 sunt
1930 1929 2051 1978 sua,
2090 1913 2184 1967 sed
2235 1930 2298 1968 ea

2401 1934 2494 1969 του
2528 1918 2783 1984 ποιμένος
2812 1916 2924 1984 ἔχει
2967 1913 3327 1983 παραλαϐὼν,
3365 1930 3383 1961 ι
3427 1912 3516 1978 Μὴ
3569 1908 3883 1977 φοϐηθῆτε,
3911 1906 4008 1958 λέ-

738 2005 950 2073 accepit
978 2021 1007 2059 a
1035 2005 1207 2075 primo
1233 2014 1469 2074 pastore,
1498 2006 1588 2072 qui
1621 2004 1789 2058 dicit:
1827 2024 1842 2054 ι
1877 2004 2054 2059 Nolite
2106 2005 2301 2061 timere

2403 2026 2612 2079 γοντος,
2648 2009 2755 2062 ἀπὸ
2793 2008 2904 2059 τῶν
2968 2006 3400 2059 ἀποκτεινόντων
3465 2001 3523 2054 τὺ
3560 2002 3739 2069 σῶμα,
3784 1998 3894 2068 τὴν
3947 1998 4005 2049 δὲ

738 2110 833 2148 eos
859 2095 953 2164 qui
983 2094 1242 2150 occidunt
1269 2111 1488 2165 corpus,
1530 2097 1766 2152 animam
1801 2105 1983 2150 autem
2035 2111 2142 2149 non
2173 2113 2302 2166 pos-
2401 2130 2402 2135 η

2401 2102 2582 2171 ψυχὴν
2621 2101 2694 2169 μὴ
2746 2101 3060 2168 δυναμένων
3085 2099 3422 2150 ἀποκτεῖναι.
3460 2114 3478 2146 ι
3507 2094 3603 2156 Τίς
3649 2093 3752 2161 μὲν
3794 2090 3897 2143 οὖν
3932 2089 4005 2139 τά

739 2196 865 2241 sunt
895 2187 1145 2242 occidere
1180 2190 1221 2242 ⁷.
1256 2208 1274 2240 ι
1305 2189 1480 2258 Atque
1511 2187 1623 2243 dixi
1652 2189 1896 2260 quidem,
1930 2189 2183 2259 quisnam
2209 2189 2304 2243 de.

2403 2196 2710 2266 γράμματα
2760 2192 2883 2254 δοὺς
2917 2191 3152 2262 εῐρηκαο
3189 2191 3323 2242 δπου
3373 2189 3427 2241 δὲ
3472 2187 3569 2240 καὶ
3609 2186 3756 2238 ἔστιν
3786 2183 3898 2236 οὐκ
3938 2180 4008 2234 ἀν

739 2277 881 2331 derit
930 2272 1145 2334 litteras
1179 2296 1190 2330 :
1228 2279 1449 2334 ubinam
1509 2292 1691 2335 autem
1752 2281 1862 2345 sit,
1943 2297 2051 2336 non
2100 2281 2300 2336 dicam.

741 2366 943 2440 Aperta
970 2371 1114 2424 enim
1152 2371 1318 2427 fuerit
1353 2371 1590 2435 insania,
1624 2372 1862 2442 pastoris
1909 2389 2028 2428 esse
2065 2374 2308 2442 prodito-

743 2477 857 2515 rem
890 2477 1014 2516 eum
1042 2463 1133 2532 qui
1163 2478 1227 2516 ex
1284 2462 1376 2516 illo
1407 2465 1696 2518 maximam
1730 2466 1941 2542 accepit
1971 2466 2262 2520 utilitatem
2291 2482 2303 2516 :

741 2555 837 2624 qui
873 2554 1037 2609 etiam
1070 2555 1276 2624 absque
1321 2556 1477 2610 nobis
1507 2571 1630 2610 mox
1666 2556 1760 2611 ﬁet
1783 2556 2126 2613 manifestus.
2188 2555 2308 2611 Non

744 2665 905 2718 posse
929 2651 1076 2704 enim
1105 2651 1374 2706 abscondi
1401 2652 1679 2705 civitatem
1714 2666 1882 2718 supra
1915 2661 2161 2707 montem
2209 2667 2312 2722 po-

746 2739 930 2802 sitam,
965 2755 1066 2794 vos
1099 2738 1285 2794 divina
1310 2741 1468 2806 dixit,
1498 2751 1553 2796 et
1585 2742 1698 2795 veri
1727 2742 1959 2796 amatrix
1989 2743 2030 2794 ⁸.

817 2829 1034 2886 XXXII.
1074 2829 1201 2887 Haec
1233 2847 1356 2886 cum
1391 2832 1687 2887 fortissime
1721 2833 1948 2888 dixisset
1975 2832 2155 2904 lingua
2191 2850 2316 2889 san-

749 2935 857 2985 cta,
879 2938 989 2978 non
1029 2923 1208 2977 ferens
1229 2922 1589 2978 Maximianus
1633 2924 1848 2981 dicendi
1881 2925 2210 2993 libertatem,
2257 2938 2317 2984 ut

748 3015 866 3083 ipsa
887 3022 1286 3084 amputaretur,
1309 3030 1432 3069 enm
1461 3015 1808 3070 condemnat.
1837 3015 2043 3072 Deinde
2071 3017 2319 3088 sicjubet

2407 2287 2651 2353 εἴποιμι·
2694 2285 2858 2356 μανία
2891 2285 3001 2352 γὰρ
3049 2285 3117 2336 ἀν
3148 2283 3233 2352 εἴη
3285 2281 3465 2344 σαφὴς
3497 2278 3760 2348 ποιμένος
3796 2275 4006 2344 προδό-

2406 2395 2505 2446 την
2550 2376 2803 2444 γενέσθαι
2832 2375 2925 2426 τὸν
2984 2375 3183 2441 πολλῆς
3233 2374 3577 2437 ἀπονάμενον
3618 2368 3844 2420 εκείνου
3902 2365 4009 2433 τῆς

2408 2471 2694 2540 ὠφελείας·
2719 2471 2776 2532 ὃς
2809 2485 2872 2537 γε
2905 2469 2996 2520 καὶ
3037 2467 3209 2536 χωρὶς
3241 2466 3398 2536 ἡμῶν
3419 2466 3542 2517 ὅσον
3572 2461 3728 2516 οὔπω
3759 2459 4009 2528 ςανερὶς

2411 2563 2834 2630 καταστήσεται.
2893 2559 3042 2615 Μηδὲ
3076 2560 3184 2628 γὰρ
3220 2556 3480 2609 δύνασθαι
3514 2556 3667 2607 πόλιν
3720 2552 4009 2620 κρυϐῆναι

2422 2655 2611 2706 ἐπάνω
2639 2653 2801 2721 ὅρους
2863 2651 3121 2720 κειμένην
3173 2652 3204 2719 ἡ
3249 2649 3368 2703 θεία
3418 2648 3511 2702 καὶ
3560 2646 3868 2718 φιλαλήθης
3899 2643 4004 2710 εφη

2415 2749 2589 2817 φωνή.

2485 2841 2608 2893 ΛΒ’.
2641 2839 2826 2892 Ταῦτα
2854 2839 2951 2904 τῆς
2986 2838 3144 2905 ἁγίας
3177 2835 3420 2903 γλώττης
3453 2831 3814 2902 ἀνδρειότατα
3844 2827 4007 2891 λεξα-

2421 2932 2587 3000 μένης
2611 2933 2639 2983 ὁ
2672 2929 3040 2998 Μαξιμιανδς,
3069 2930 3166 2997 οὐχ
3202 2927 3500 2994 ὑπομείνας
3529 2925 3630 2993 τὴν
3657 2919 4002 2990 παρρησίαν.

2419 3020 2658 3092 έκτομὴν
2689 3021 2858 3088 αὐτῆς
2909 3020 3266 3088 κατακρίνει·
3304 3011 3402 3068 εἷθ’
3458 3013 3599 3067 οὕτω
3626 3012 3796 3073 λίθοις
3840 3010 4007 3061 αύτδν

748 3123 876 3185 cum
900 3107 1059 3161 obrui
1090 3106 1382 3173 lapidibus.
1408 3107 1476 3161 Et
1505 3108 1592 3162 ille
1617 3109 1842 3177 quidem
1866 3119 1987 3177 post
2010 3125 2181 3168 sacra
2208 3112 2314 3166 lin-
2343 3117 2390 3178 c

2343 3117 2390 3178 C
2420 3111 2631 3164 κελεύει
2689 3109 3143 3179 καταλευσθῆναι.
3203 3107 3312 3160 Καὶ
3341 3107 3369 3158 δ
3429 3106 3527 3172 μὲν
3563 3101 3706 3156 οὕτω
3737 3099 3880 3168 μετά
3908 3098 4007 3166 τὴν

750 3213 873 3268 gnte
901 3198 1230 3253 ablationem
1261 3198 1340 3254 sic
1378 3198 1612 3254 obrutus
1641 3199 1933 3269 lapidibus,
1964 3201 2070 3256 tela
2095 3201 2318 3270 quidem

749 3290 891 3345 nihil
927 3290 1154 3347 curabat
1181 3307 1196 3355 ;
1227 3290 1321 3346 sed
1352 3306 1582 3360 corpore
1624 3292 1848 3361 quidem
1865 3293 1977 3362 jam
2021 3294 2214 3349 attrito
2237 3294 2319 3361 ia-

753 3379 1144 3445 culationibus,
1173 3382 1369 3450 partim
1393 3390 1573 3436 autem
1599 3382 1797 3438 obruto
1825 3383 2117 3451 lapidibus,
2138 3386 2319 3447 adhuc

760 3469 932 3540 magis
982 3470 1390 3541 erigebatur,et
1447 3474 1500 3526 in
1535 3475 1702 3529 eteius
1726 3476 2090 3531 extollebatur
2114 3478 2316 3543 anima,

753 3559 973 3614 Christo
1012 3562 1258 3630 angulari
1291 3562 1459 3632 lapidi
1487 3565 1884 3634 coniungenda,
1911 3566 2104 3623 Adhuc
2157 3569 2326 3625 vehe-

754 3661 966 3706 menter
1027 3652 1364 3708 irascebatur
1419 3654 1796 3711 Maximianus.
1829 3657 2093 3722 Quocirca
2144 3659 2319 3714 Doro-

757 3743 945 3799 theum
971 3757 1093 3798 cum
1124 3743 1239 3799 suis
1268 3744 1587 3813 multiplicia
1611 3762 1874 3815 excepere
1906 3750 2323 3817 supplicia.lllis

757 3848 888 3888 vero
904 3832 1126 3889 minime
1160 3842 1422 3903 perpetua
1452 3834 1628 3888 defuit
1673 3837 1997 3903 constantia,
2044 3838 2322 3894 Christum

757 3925 1163 3989 invocantibus,
1196 3935 1249 3980 et
1311 3936 1580 3982 tormenta
1607 3938 1660 3982 et
1689 3930 1829 3982 levia
1853 3942 1905 3983 et
1931 3930 2200 3986 imbecilla
2224 3933 2322 3986 mi-

759 4017 907 4071 nime
931 4016 1273 4078 curantibus.
1303 4018 1387 4072 vel
1441 4018 1625 4089 potius
1657 4021 2040 4087 reputantibus
2071 4023 2162 4076 illa
2223 4039 2324 4093 pro

760 4107 992 4171 deliciis,
1025 4117 1081 4161 et
1109 4115 1339 4178 tyranno
1368 4108 1702 4177 impietatem
1717 4112 1969 4166 acerbius
1985 4113 2324 4182 exprobran-

761 4200 927 4254 tibus.
959 4199 1322 4266 Quamobrem
1367 4200 1454 4254 ille
1474 4203 1582 4271 jam
1633 4200 1900 4266 defessus,
1955 4207 2324 4262 communiter

760 4280 983 4351 quidem
1013 4296 1203 4338 omnes
1228 4291 1402 4337 morte
1431 4284 1784 4348 condemnat,
1845 4287 2087 4340 diversas
2141 4300 2322 4344 autem

761 4373 1080 4440 pronuntiat
1109 4375 1429 4438 sententias,
1463 4373 1736 4430 Dorotheo
1757 4377 1978 4445 quidem
2006 4393 2132 4433 ense
2163 4387 2324 4449 caput

761 4465 1054 4532 amputari,
1103 4463 1442 4518 Mardonium
1495 4476 1678 4522 autem
1729 4469 1909 4521 vivum
1967 4472 2220 4536 cremari,
2271 4485 2325 4527 et

760 4557 1108 4629 Mygdonium
1143 4556 1196 4610 in
1229 4555 1425 4612 fossam
1454 4559 1754 4628 projectum
1790 4561 1968 4623 obrui,
1994 4562 2324 4632 Gorgonium

761 4663 892 4701 vero
944 4655 998 4701 et
1042 4646 1230 4701 lndem
1295 4654 1351 4701 et
1398 4648 1642 4712 Petrum,
1709 4651 2006 4705 molaribus
2051 4653 2325 4721 lapidibus

759 4754 953 4793 eorum
979 4738 1136 4797 collis
1162 4736 1414 4808 alligatis,
1444 4739 1496 4792 in
1557 4755 1704 4793 mare
1738 4742 1866 4808 jaci.
1918 4743 1984 4796 Et
2046 4745 2118 4800 ita
2171 4754 2321 4810 sunt,

766 4830 1159 4884 consummatis
1213 4829 1462 4883 victoriis
1519 4831 1760 4902 insignes
1808 4833 2008 4887 Christi
2063 4846 2325 4907 martyres

759 4921 912 4975 vario
937 4936 1134 4991 genere
1165 4922 1376 4986 mortis,
1404 4937 1510 4977 una
1543 4923 1628 4977 via
1664 4924 1887 4993 ingressi
1921 4927 1987 4980 ad
2013 4927 2326 4984 Dominum.

765 5012 894 5066 liter.
920 5027 1043 5066 cum
1070 5025 1218 5066 casta
1268 5013 1581 5068 rescivisset
1615 5016 1842 5080 Domna,
1880 5018 2078 5086 partim
2110 5020 2328 5088 quidem

761 5105 1048 5159 lzetabatur
1080 5106 1287 5168 animo,
1327 5116 1383 5160 et
1418 5108 1651 5162 maxime
1702 5119 1922 5180 propter
1973 5110 2179 5173 ludem,
2237 5113 2328 5180 qui

765 5205 886 5250 erat
922 5197 1085 5250 unius
1123 5213 1246 5251 cum
1279 5197 1391 5262 ipsa
1428 5200 1592 5252 animi
1624 5207 1679 5251 ct
1722 5201 1986 5267 spiritus;
2021 5205 2212 5269 partim
2237 5220 2333 5257 au-

765 5296 878 5343 tem
912 5289 980 5341 ad
1006 5290 1367 5344 imitationem
1400 5306 1617 5359 quoque
1646 5291 1997 5357 incitabatur,
2029 5303 2084 5346 et
2113 5293 2326 5357 eadem,

765 5397 886 5450 qua:
917 5383 1050 5452 ipsis
1078 5393 1390 5448 evenerant,
1415 5384 1668 5452 cupiebat
1688 5387 1987 5440 certamina
2008 5395 2062 5441 et
2085 5389 2328 5456 praemia.

767 5473 922 5529 Unde
955 5490 1060 5530 nec
1108 5473 1356 5542 despexit
1390 5475 1651 5530 Dominus
1686 5491 1837 5529 suam
1871 5491 2165 5545 sponsam:
2209 5493 2329 5546 quae

768 5574 975 5620 vestem
1005 5567 1224 5636 quidem
1253 5566 1488 5620 habebat
1518 5569 1774 5624 mundam
1807 5584 1834 5624 a
1858 5571 2084 5641 nuptiis,
2128 5572 2208 5628 sic
2235 5588 2330 5629 au-

844 5744 861 5773 '
917 5745 1103 5798 Matth.
1163 5763 1214 5810 τ,
1258 5748 1343 5801 ‘29,.
1427 5751 1444 5780 "
1475 5751 1664 5804 Matth,
1697 5767 1746 5806 κ’.
1783 5752 1840 5802 H

2419 3203 2516 3270 τῆς
2550 3203 2699 3270 ἱερᾶς
2746 3199 2989 3269 γλώττης
3044 3198 3353 3266 ἀφαίρεσιν,
3384 3190 3509 3271 εἶτα
3538 3195 3633 3246 καὶ
3681 3194 3795 3254 τοῖς
3831 3190 4006 3249 λίθοις

2422 3292 2773 3362 βαλλόμενος,
2814 3294 2925 3344 τῶν
2978 3291 3076 3360 μὶν
3130 3290 3298 3358 βελῶν
3341 3286 3653 3357 ἐφρόντιζεν
3703 3282 3960 3351 οὐδαμῶς
3991 3298 4002 3308 ·

2423 3384 2558 3436 ἀλλά
2591 3382 2681 3435 τοῦ
2709 3384 2956 3452 σώματος
2976 3381 3071 3434 τοῦ
3103 3381 3201 3450 μὶν
3227 3381 3327 3448 ἤδη
3358 3380 3478 3440 ταῖς
3513 3376 3695 3445 βολαῖς
3721 3373 4005 3442 ὲκτριδέν-

2422 3492 2509 3536 τος
2543 3477 2575 3544 ἡ
2611 3474 2757 3544 ψυχὴ
2815 3473 2896 3527 ἔτι
2946 3473 3040 3526 καὶ
3071 3471 3269 3542 μᾶλλον
3317 3469 3501 3540 ⁴ᾔρετο,
3537 3468 3629 3520 καὶ
3658 3466 3885 3534 secum,
3911 3465 4005 3515 καὶ

2424 3567 2555 3635 πρὸς
2587 3567 2846 3634 οὐρανοὺς
2874 3565 3188 3632 ἀνεφέρετο,
3214 3562 3291 3631 τῷ
3312 3559 3694 3629 ἁκρογωνιαίῳ
3717 3557 3854 3624 λίθῳ
3874 3557 4006 3621 Χρι-

2425 3658 2533 3729 στῷ
2563 3657 3164 3728 συναφθησομένη.Ἕτι
3187 3653 3511 3722 Μαξιμιανῷ
3536 3650 3702 3710 πολὺς
3737 3651 3764 3701 ὁ
3792 3648 3966 3713 θυμός
3985 3662 3998 3677 ο

2423 3752 2503 3804 διὸ
2535 3752 2624 3803 καὶ
2657 3752 2781 3811 τοὺς
2810 3751 2937 3816 περὶ
2963 3748 3236 3818 Δωρόθεον
3271 3747 3498 3811 βάσανοι
3524 3741 3824 3800 πολυειδεῖς
3862 3754 4002 3802 παρ-

2424 3843 2748 3911 ελάμῦανον.
2778 3843 2888 3894 Καὶ
2917 3842 3026 3903 τοῖς
3058 3840 3158 3908 μὶν
3187 3838 3399 3908 δημίοις
3440 3838 3494 3888 αι
3529 3837 3710 3902 χεῖρες
3745 3833 4002 3899 [sup-Inv,

2426 3937 2650 3997 ἐκείνοις
2687 3937 2742 3987 δι
2785 3939 2817 4003 ἡ
2853 3934 3100 3996 ἔνστασις
3133 3932 3381 4001 οὐδαμῶς
3428 3929 3617 3997 ιληγε,
3658 3925 3752 3977 τὸν
3781 3924 4001 3991 βασιλέα

2424 4027 2817 4095 έπιὸοωμένοις
2847 4026 3102 4095 Χριστὸν,
3135 4025 3227 4076 καὶ
3252 4023 3357 4074 τῶν
3390 4020 3632 4090 βασάνων
3660 4013 3751 4070 οἷα
3783 4015 4006 4083 φαύλων

2426 4121 2521 4172 καὶ
2549 4117 2791 4170 ἀσθενῶν
2826 4117 3025 4186 ἥκιστα
3057 4114 3565 4183 ἐπιστρεφομένοις,
3598 4111 3801 4178 μᾶλλον
3824 4109 3882 4160 δι
3913 4107 4001 4158 καὶ

2425 4209 2500 4272 ὡς
2523 4209 2734 4278 τρυφὰς
2773 4208 2985 4268 έκείνας
3016 4205 3385 4276 λογιζομένοις
3414 4204 3508 4255 καὶ
3533 4201 3608 4269 τῷ
3635 4202 3889 4267 τυράννῳ
3921 4216 4002 4250 πι-

2427 4300 2682 4367 κρότερον
2716 4296 2816 4364 τὴν
2849 4297 3102 4349 ἀσέϐειαν
3133 4291 3632 4358 ὀνειδίζουσιν.Ἐφ”
3665 4285 3746 4350 οἷς
3782 4290 3879 4340 καὶ
3905 4289 4000 4341 αύ-

2429 4390 2516 4452 τδς
2550 4390 2647 4460 ήδη
2677 4391 2890 4458 καμὼν,
2926 4389 3334 4456 ἀπαγορεύσας,
3363 4386 3422 4438 τὸ
3472 4386 3568 4454 μὲν
3596 4383 3778 4436 θανεῖν
3807 4380 4001 4443 κοινῶς

2432 4482 2685 4535 ἁπάντων
2709 4479 3161 4549 καταψηφίζεται,
3178 4476 3476 4545 διαφόρους
3500 4476 3556 4528 δὲ
3574 4475 3672 4534 τὰς
3699 4475 3999 4540 ἀποφάτεις

2433 4571 2678 4638 ἐκφέρει.
2720 4571 2992 4638 Δωρόθεον
3028 4569 3123 4636 μὶν
3156 4566 3297 4634 ξίφει
3325 4566 3422 4635 τὴν
3456 4562 3700 4632 κεφαλὴν
3724 4560 4001 4630 έκτμηθῆ-

2432 4680 2538 4725 ναι,
2569 4660 2866 4732 Μαρδόνιον
2889 4660 2943 4712 δὲ
2968 4659 3142 4722 ζῶντα
3174 4657 3464 4724 καυθῆναι,
3490 4654 3584 4706 καὶ
3607 4653 3908 4717 Μυγδὸνιον
3928 4652 4001 4710 εἰς

2435 4755 2626 4824 βόθρον
2681 4753 2947 4821 βληθέντα
2992 4748 3431 4818 καταχωσθῆναι,
3489 4744 3778 4813 Γοργόνιον
3823 4742 3880 4793 δὲ
3917 4742 4001 4792 καὶ

2434 4846 2609 4913 Ἰνδην
2638 4846 2730 4897 καὶ
2783 4845 2984 4913 Πέτρον
3035 4841 3202 4903 λίθοις
3262 4839 3505 4905 μυλικοῖς
3535 4836 3661 4897 τοὺς
3702 4833 4001 4901 τραχήλους

2432 4936 2812 5005 περιδεθέντας
2873 4937 2951 4996 είς
3001 4934 3279 4986 θάλασσαν
3333 4931 3644 4998 ἐκριφῆναι.
3679 4926 3792 4977 Καὶ
3837 4924 3999 4983 οὕτως

2432 5027 2822 5092 ἐτελειώθησαν
2850 5027 2899 5076 οἱ
2927 5024 3222 5077 καλλίνικοι
3247 5020 3342 5072 τοῦ
3371 5017 3607 5088 Χριστοῦ
3639 5017 3917 5085 μάρτυρες
3948 5016 3998 5066 ἰν

2433 5117 2706 5184 διαφόροις
2742 5117 2838 5182 τῆς
2866 5112 3124 5180 τελευτῆς
3156 5111 3375 5180 τρόποις
3408 5109 3507 5177 μιᾷ
3536 5109 3599 5176 τῇ
3629 5105 3763 5172 πρδς
3798 5105 3889 5155 τὸν
3913 5109 3998 5155 At:-

2439 5207 2642 5272 σπότην
2695 5204 2794 5272 ὁδῷ
2831 5204 3183 5272 χρησάμενοι.
3238 5199 3422 5251 Ταῦτα
3450 5197 3546 5250 καὶ
3593 5197 3626 5265 ὴ
3656 5195 3796 5262 ἁγνὴ
3829 5195 3999 5260 Δόμνα

2441 5297 2684 5366 μαθοῦσα
2715 5297 2869 5350 τοῦτο
2908 5299 3006 5365 μὲν
3046 5295 3143 5364 τὴν
3198 5293 3375 5363 ψυχὴν
3417 5292 3596 5361 ἥδετο,
3629 5292 3723 5342 καὶ
3774 5289 3994 5356 μάλιστα

2439 5390 2614 5442 Ἰνδου
2641 5390 2827 5441 ἕνεκεν
2855 5390 2948 5441 τοῦ
2971 5390 3147 5442 πάντα
3171 5389 3306 5456 αὐτῇ
3330 5386 3578 5454 σύμπνου
3598 5392 3690 5436 καὶ
3712 5381 3996 5449 ὁμοψύχου,

2440 5484 2596 5536 τοῦτο
2625 5483 2680 5536 δὲ
2713 5484 2808 5536 καὶ
2863 5486 2998 5553 πρὸς
3032 5483 3264 5553 μίμησιν
3293 5479 3578 5549 ἠρεθίζετο
3618 5475 3710 5528 καὶ
3740 5474 3849 5525 τῶν
3881 5473 3995 5522 ἰσων

2439 5575 2614 5632 ἄθλων
2654 5576 2832 5638 αὐτοῖς
2865 5576 2951 5629 καὶ
2985 5575 3093 5627 τῶν
3126 5572 3370 5628 ἐπάθλων
3402 5569 3666 5636 ἐγλίχετο.
3700 5565 3862 5619 Ὅθεν
3889 5562 3993 5617 οὐδὲ
