4218 6442
765 358 901 423 1079

1914 362 2300 427 ADDENDA.
2343 390 2413 401 ·-
2458 365 2904 428 DECEMBER.

3882 371 4034 438 1080

761 471 992 534 sideris,
1019 468 1281 525 ardenter
1314 468 1768 539 amplectebatur.
1805 477 1916 524 tota
1970 472 2091 541 ejus
2151 471 2333 524 anima
2363 474 2410 533 Α

2371 474 2410 533 Δ
2440 473 2708 535 ποθεινῶς
2773 475 2961 537 αὐτοῖς
2993 473 3298 544 περιθεῖσα,
3338 477 3560 547 θερμῶς
3592 480 3881 548 ἠσπάζετο
3933 488 4037 540 ui

759 561 924 623 simul
951 576 1169 630 quoque
1191 559 1580 629 amplectente.
1605 559 1746 615 Cum
1772 559 1891 614 hac
1918 558 2148 621 laceret.
2175 559 2329 613 videt

761 669 957 710 navem
1011 654 1123 722 jam
1162 650 1296 705 Ferri
1325 650 1394 704 ad
1449 651 1628 720 ipsum
1672 651 1850 709 littus.
1885 651 2005 705 velo
2061 651 2174 718 jam
2238 651 2334 704 de-

761 747 951 808 misso,
983 755 1039 801 et
1068 735 1208 800 solis.
1230 743 1395 798 remis
1429 742 1634 798 sean
1669 741 1740 798 ad
1805 751 2004 798 terram
2029 742 2327 809 appellere.

759 836 1042 892 Accedens
1097 835 1262 904 igitur
1303 834 1477 909 virgo,
1521 848 1649 890 cum
1706 844 1940 896 nautas,
1980 842 2037 890 ut
2075 833 2328 896 decebat,

761 930 1111 998 appellasset,
1166 928 1406 983 ostendit
1432 926 1598 982 etiam
1643 926 1844 995 pisces.
1877 925 2188 980 Nauclerus
2226 941 2328 979 au-

762 1032 871 1077 tem
901 1033 1024 1072 eam
1059 1017 1182 1071 illos
1213 1015 1450 1070 vendere
1493 1015 1838 1079 existimans,
1886 1015 2071 1072 statim
2118 1013 2330 1083 rogavit

761 1105 956 1174 quanti
991 1103 1273 1159 venderet.
1311 1104 1404 1158 Illa
1440 1118 1571 1158 vero
1603 1103 1741 1158 dixit
1765 1119 1822 1158 se
1848 1119 1945 1162 eos
1970 1103 2101 1160 dare
2136 1103 2326 1174 gratis.

760 1197 898 1252 Cum
931 1205 1116 1252 autem
1149 1197 1237 1250 ille
1276 1183 1499 1265 quidem
1535 1211 1644 1250 non
1677 1195 1928 1262 credens,
1987 1211 2180 1250 rursus
2212 1211 2329 1252 me-

761 1289 1012 1343 minisset
1065 1287 1247 1356 pretii,
1281 1287 1369 1340 illa
1419 1300 1548 1339 vero
1599 1294 1771 1341 staret
1829 1297 2040 1352 tacens,
2098 1295 2155 1344 et
2217 1301 2332 1340 ma-

763 1397 894 1436 num
931 1380 1252 1450 porrigeret,
1304 1394 1427 1447 quae
1476 1377 1765 1434 videbatur
1803 1378 1943 1434 velle
1996 1379 2325 1448 gratificari:

763 1471 870 1526 Per
899 1473 1074 1541 ipsum
1097 1471 1395 1536 Christum,
1424 1469 1600 1539 inquit
1627 1471 1940 1535 nauclerus,
1975 1470 2166 1540 quanti
2198 1487 2330 1525 ven—

764 1567 882 1620 dis?
902 1565 1054 1617 Tunc
1080 1579 1145 1617 es
1164 1563 1521 1634 jurejurando
1542 1562 1852 1632 intelligens
1883 1578 2148 1633 generosa
2175 1564 2329 1634 virgo

763 1671 892 1711 eum
928 1669 1048 1709 esse
1085 1654 1258 1722 pium,
1293 1650 1429 1704 nihil
1482 1650 1658 1705 voluit
1687 1665 1815 1705 eum
1845 1650 2046 1714 celare,
2076 1651 2171 1705 sed
2204 1664 2329 1705 cum

767 1765 901 1806 eum
925 1747 1073 1817 foras
1103 1752 1393 1800 evocasset
1420 1742 1490 1800 ad
1520 1742 1696 1809 littus,
1727 1742 1973 1798 ostendit
1992 1742 2046 1798 ei
2094 1756 2328 1811 corpora

2433 566 2604 634 αὐτὴν
2653 567 2783 636 ὅλην
2835 565 3034 635 ἔχουσα
3083 570 3186 636 τὴν
3241 569 3421 642 ψυχὴν
3487 575 4032 647 συνασπαζομένην,

2435 650 2535 706 εἷθ’
2557 654 2700 706 οὕτω
2728 655 2822 708 καὶ
2850 656 3083 726 δάκρυον
3111 659 3209 728 ἡδὺ
3247 662 3662 716 κατασπείσασα
3693 665 3806 716 τῶν
3837 668 4040 735 σωμά-

2432 762 2559 802 των.
2580 746 2665 798 Ἐν
2691 737 2735 812 ᾧ
2760 735 2933 800 ταῦτα
2965 749 3160 811 ἐποίει,
3209 752 3309 821 δρᾷ
3339 751 3523 804 πλοῖον
3555 754 3690 824 πρὸς
3717 755 3893 809 αὐτὸν
3928 758 4036 826 ἤδη

2432 837 2734 906 φερόμενον
2767 838 2854 890 τὸν
2882 841 3130 908 αίγιαλδν
3150 842 3248 911 τὴν
3270 844 3463 912 δθόνην
3493 844 3622 916 ἄρτι
3655 847 3913 915 καλάσαν
3932 853 4035 902 καὶ

2432 930 2645 992 κώπαις
2669 930 2854 1002 ⁴ἡρέμα
2885 933 3073 1000 μόναις
3101 933 3326 988 σαλεῦον
3357 939 3438 999 είς
3472 937 3599 1008 γῆν.
3632 940 4034 1008 Προσελθοῦσα

2432 1021 2560 1090 γοῦν
2596 1025 2628 1094 ή
2660 1024 2929 1095 παρθένος
2963 1026 3060 1078 καὶ
3079 1026 3139 1079 τὸ
3168 1026 3280 1080 τῶν
3305 1027 3518 1082 ναυτῶν
3550 1032 3825 1100 πλήρωμα
3851 1048 4034 1101 προσ-

2431 1117 2780 1186 αγορεύσασα
2807 1118 2883 1180 ὡς
2915 1119 3081 1189 ἐχρῆν
3112 1118 3405 1173 ὕπεδείκνυ
3439 1123 3534 1176 καὶ
3563 1125 3688 1186 τοὺς
3721 1125 3910 1194 ίχθῦς.
3967 1126 4031 1178 ‘0

2430 1212 2484 1264 δὲ
2517 1210 2823 1283 ναύκληρος
2858 1217 3058 1266 πωλεῖν
3092 1216 3263 1285 αὐτὴν
3289 1218 3496 1286 οίηθεὶς
3533 1219 3879 1272 ιπυνθάνετο
3916 1238 4029 1273 πα·

2434 1300 2696 1371 ραχρῆμα
2736 1302 2904 1356 πόσου
2936 1303 3001 1357 ἂν
3030 1306 3272 1375 πρίαιτο.
3307 1307 3376 1362 'H
3403 1308 3458 1360 δὲ
3494 1312 3699 1377 προῖκα
3728 1311 3891 1378 ῐλεγε
3923 1313 4028 1364 καὶ

2434 1393 2567 1463 πρὸς
2605 1394 2768 1464 χάριν
2831 1395 3050 1451 διδόναι.
3116 1399 3206 1461 Ὠς
3255 1399 3311 1452 δὲ
3349 1402 3555 1464 ἐκεῖνος
3611 1403 3710 1470 μιν
3760 1405 4025 1458 ἀπιστῶν

2434 1486 2708 1555 ἐμέμνητο
2735 1487 2828 1540 καὶ
2866 1485 3023 1552 αὖθις
3051 1490 3238 1560 τιμῆς.
3269 1493 3301 1560 ἡ
3335 1490 3391 1545 δῦ
3425 1495 3690 1548 σιωπῶσα
3744 1497 4024 1566 είστήκει,

2434 1581 2526 1632 καὶ
2555 1581 2710 1648 χεῖρα
2740 1581 3019 1650 προέτεινε
3053 1584 3377 1653 χαρίζεσθαι
3417 1587 3686 1652 ιοικυζαν,
3747 1590 3898 1658 Πρὸς
3927 1593 4027 1643 αύ-

2432 1668 2548 1733 τοῦ,
2584 1672 2612 1722 ὁ
2641 1670 2968 1742 ναύκληρος,
2999 1673 3096 1726 τοῦ
3121 1676 3383 1743 Χριστοῦ,
3410 1678 3598 1743 πόσον,
3627 1680 3758 1751 εφη,
3788 1683 4024 1749 mag;

2433 1758 2567 1810 Τότε
2627 1759 2707 1826 τῷ
2757 1761 2907 1831 ὅρκῳ
2957 1764 3246 1833 ήγενναία
3285 1768 3486 1839 εὐσεϐῆ
3540 1767 3681 1823 εἶναι
3713 1774 3812 1824 τὸν
3848 1775 4024 1844 ἄνδρα

764 1851 1108 1905 sanctorum,
1132 1849 1187 1896 et
1209 1838 1462 1893 adhibuit
1483 1852 1610 1892 eum
1641 1837 1696 1890 in
1726 1835 2046 1890 societatem
2075 1834 2332 1904 pulcher-
2365 1834 2405 1888 Β

2365 1834 2405 1888 Β
2439 1849 2710 1917 μαθοῦσα,
2747 1855 2900 1908 οὐδὲν
2934 1856 3201 1926 ἡδούλετο
3230 1834 3524 1930 κρύπτειν,
3556 1864 3673 1916 ἀλλ’
3728 1865 3838 1929 ἔξω
3865 1834 4023 1934 παρὰ

767 1933 894 1988 rimi
951 1927 1265 1991 ministerii,
1311 1925 1568 1998 aperiens
1607 1938 1974 1993 quarumnam
2011 1932 2216 1987 essent,
2273 1931 2332 1977 et

766 2038 1004 2079 narrans
1027 2018 1486 2091 quemadmodum
1521 2031 1622 2090 pro
1657 2015 1874 2071 Christo
1905 2015 2109 2071 mortui
2145 2021 2332 2070 essent

767 2122 1038 2183 martyres

838 2384 1050 2441 XXXV.
1084 2383 1384 2439 Nauclerus
1418 2389 1601 2438 autem
1627 2396 1754 2438 eum
1783 2381 1900 2437 hac
1917 2380 2205 2450 audiisset,
2231 2395 2329 2437 no.

766 2494 863 2539 vas
897 2477 1182 2546 sindonas,
1213 2485 1268 2530 et
1297 2483 1480 2530 vestes
1523 2460 1805 2538 candidas,
1837 2483 2230 2545 unguentaque
2273 2482 2332 2531 et

767 2569 981 2627 sullitus
1008 2584 1039 2624 e
1081 2567 1207 2623 navi
1237 2566 1418 2624 statim
1471 2565 1678 2631 attulit,
1705 2575 1764 2620 et
1797 2565 1852 2621 in
1881 2565 1964 2620 eis
1988 2565 2332 2634 deponendis

764 2661 1052 2723 la‘..oravit.
1083 2659 1288 2713 bonum
1319 2672 1451 2713 vero
1479 2672 1603 2713 eum
1637 2653 1705 2713 iis
1728 2672 1869 2728 quas
1896 2656 2154 2720 habebat,
2175 2656 2333 2727 aquis

769 2751 1012 2815 mundis,
1048 2758 1104 2804 et
1127 2747 1382 2819 lacryniis
1427 2746 1582 2816 prius
1605 2746 1839 2803 lavasset
1860 2762 2090 2816 corpora
2121 2754 2176 2801 et
2204 2761 2330 2801 eum

767 2843 1028 2901 nauclero
1077 2839 1376 2895 honorifice
1424 2847 1479 2892 et
1519 2852 1643 2892 cum
1700 2837 1850 2892 omni
1903 2836 2207 2892 reverentia
2267 2851 2334 2893 ea

769 2935 1190 3006 composuisset,
1219 2941 1274 2987 et
1307 2947 1369 2986 ea
1405 2930 1604 2985 deinde
1626 2929 1992 2985 communiter
2025 2937 2335 2999 portassent

769 3027 840 3082 ad
878 3039 1095 3080 murum
1121 3022 1378 3080 civitatis.
1406 3022 1502 3090 qui
1534 3029 1620 3078 est
1644 3020 1928 3090 proximus
1961 3021 2216 3085 torrenti,
2263 3020 2331 3075 ad

766 3131 982 3187 portam
1034 3113 1291 3176 civitatis,
1350 3110 1444 3166 ubi
1487 3110 1652 3164 etiam
1694 3109 2008 3166 Dorotheus
2048 3126 2173 3165 cum
2213 3110 2331 3166 suis

767 3209 931 3265 fm'em
968 3211 1090 3263 vita:
1141 3217 1449 3275 acceperat,
1483 3205 1595 3258 illic
1642 3219 1706 3258 ea
1734 3204 1789 3258 in
1822 3204 1969 3260 fossa
2002 3215 2322 3274 posuerunt.

764 3305 943 3372 Atque
968 3297 1258 3354 nauclerus
1290 3295 1510 3365 quidem
1544 3295 1835 3366 virginem,
1867 3302 1928 3349 ut
1965 3294 2057 3364 qui
2085 3295 2329 3365 judicas-

765 3402 853 3447 set
873 3406 990 3446 eam
1015 3403 1137 3445 esse
1165 3387 1386 3443 fratrem
1411 3387 1678 3459 ejusdem,
1705 3388 1861 3457 cuius
1887 3387 2006 3456 ipse
2031 3386 2087 3441 in
2109 3387 2330 3444 Christo

766 3481 1052 3536 sententiae
1088 3482 1228 3551 (eam
1281 3479 1428 3534 enim
1457 3477 1641 3533 adhuc
1691 3477 1868 3531 virum
1903 3490 2025 3531 esse
2054 3478 2326 3546 putabat),

766 3575 979 3644 rogavit
1010 3584 1068 3628 ut
1104 3589 1288 3630 secum
1315 3580 1478 3636 esset,
1505 3580 1560 3626 et
1602 3579 1715 3626 toto
1744 3571 1869 3628 vita
1903 3581 2152 3640 tempore
2188 3588 2329 3626 nun-

765 3683 929 3738 quam
964 3668 1032 3720 ab
1054 3681 1120 3720 eo
1153 3665 1479 3720 discederet.
1502 3664 1599 3722 Illa
1624 3679 1756 3719 vero
1805 3679 1914 3723 non
1960 3665 2202 3732 admisit,
2233 3665 2328 3721 sed

763 3773 893 3814 eum
923 3755 1142 3827 quidem
1172 3757 1382 3827 rogavit
1403 3765 1462 3810 ut
1485 3766 1726 3825 emptum
1751 3756 1856 3811 iter
1883 3767 2324 3827 persequeretur,

767 3871 825 3911 se
854 3865 1036 3910 autem
1064 3854 1201 3909 dixit
1231 3869 1582 3910 mansuram:
1611 3853 1904 3920 Quoniam,
1938 3853 2136 3924 inquit,
2162 3866 2328 3922 prope

767 3957 851 4003 est
907 3947 1032 4002 vita
1089 3946 1234 4001 linis.
1289 3943 1469 4012 Quare
1506 3961 1607 4002 nec
1669 3960 1851 4003 meum
1903 3959 2106 4015 corpus
2139 3943 2209 3998 ab
2241 3944 2329 3997 his

766 4039 1111 4108 corporibus,
1177 4051 1280 4092 nec
1333 4038 1571 4091 animam
1625 4037 1850 4090 omnino
1897 4035 2056 4090 decet
2117 4035 2187 4090 ab
2244 4035 2328 4089 his

765 4131 966 4186 animis
989 4129 1219 4197 sejungi.
1250 4127 1384 4183 Cum
1434 4127 1548 4183 illic
1600 4142 1728 4198 ergo
1766 4128 2142 4189 remansisset,
2180 4126 2326 4180 indi-

765 4225 916 4278 vulsa
950 4222 1264 4278 adhzerebat
1290 4222 1558 4290 reliquiis,
1590 4220 1928 4283 aromatibns
1957 4231 2012 4276 et
2054 4220 2326 4277 sumtibus

767 4317 847 4371 eis
897 4317 1164 4370 honorem
1216 4315 1504 4381 exhibens,
1571 4313 1832 4370 nauclero
1893 4315 2028 4372 satis
2077 4315 2324 4382 pecunia:

764 4407 1148 4476 suppeditante
1182 4405 1248 4460 ad
1282 4421 1344 4463 ea
1376 4407 1764 4476 comparanda.

833 4497 1072 4552 XXXVI.
1108 4498 1247 4552 Fieri
1283 4508 1463 4554 autem
1518 4513 1626 4553 non
1679 4507 1917 4567 poterat,
1952 4508 2009 4554 ut
2062 4515 2159 4554 eos
2225 4501 2321 4570 qui
2357 4497 2402 4556 ί)

765 4600 919 4645 erant
951 4590 1003 4643 in
1033 4590 1294 4650 tenebris.
1321 4590 1513 4645 lateret
1543 4607 1680 4660 opus
1713 4591 1852 4647 lucis
1879 4608 1892 4657 ;
1948 4605 2126 4660 neque
2172 4607 2319 4644 mar-

765 4685 910 4754 tyrii,
944 4699 1052 4754 quo
1087 4685 1291 4737 Domna
1324 4685 1629 4748 tenebatur,
1659 4685 1994 4742 desiderium
2041 4688 2322 4742 videretur

763 4775 1165 4844 imperfectum.
1191 4777 1552 4840 Quamobrem
1588 4777 1913 4833 deferuntur
1949 4780 2064 4834 haec
2088 4781 2158 4834 ad
2207 4781 2320 4834 Ma-

761 4867 1079 4926 ximianum,
1106 4865 1197 4936 qui
1229 4881 1351 4919 cum
1390 4867 1769 4931 intellexisset,
1801 4871 1950 4938 quod
1980 4871 2071 4925 illa
2104 4884 2322 4927 sancto-

759 4974 880 5010 rum
919 4967 1066 5011 tanto
1094 4973 1278 5010 amore
1314 4970 1467 5024 capta
1516 4969 1683 5021 esset,
1747 4977 2002 5030 magnum
2038 4965 2207 5017 edens
2233 4980 2319 5018 ca-

758 5049 1043 5113 chinnum,
1077 5049 1169 5118 qui
1225 5051 1396 5102 multo
1450 5052 1582 5113 risu,
1617 5053 1700 5105 vel
1747 5052 1997 5121 plurimis
2029 5056 2210 5123 potius
2241 5057 2320 5111 la-

757 5142 958 5211 crymis
986 5151 1103 5193 erat
1137 5138 1352 5210 dignus,
1390 5141 1490 5194 Par
1521 5150 1625 5205 est,
1653 5142 1850 5212 inquit,
1910 5153 1968 5198 ut
1994 5159 2058 5197 ea
2096 5161 2316 5216 quoque

754 5247 943 5301 parem
974 5231 1079 5285 illis
1107 5243 1340 5284 mortem
1370 5233 1583 5296 subeat,
1644 5242 1699 5287 et
1752 5236 1831 5290 sic
1887 5236 2064 5305 reipsa
2117 5237 2313 5302 discat,

754 5323 898 5394 quod
937 5322 1251 5377 hominibus
1283 5324 1416 5377 nihil
1450 5335 1572 5393 post
1604 5336 1837 5382 mortem
1855 5330 2092 5398 amplius
2116 5331 2320 5386 haben-

755 5418 908 5470 tibus
939 5416 1027 5469 illa
1059 5416 1256 5469 frustra
1288 5425 1467 5470 tantos
1512 5418 1748 5472 honores
1785 5420 2030 5474 exhibet.
2063 5421 2235 5488 Dixit,
2262 5433 2318 5476 et

751 5510 934 5565 statim
972 5509 1139 5573 misit,
1201 5510 1292 5577 qui
1340 5522 1458 5563 eam
1520 5509 1911 5567 interﬁcerent.
1965 5512 2140 5579 Quam
2193 5530 2317 5571 cum

752 5605 915 5657 etiam
962 5601 1508 5671 comprehendissent
1566 5604 1621 5656 in
1676 5605 1794 5658 loco
1839 5618 2106 5672 orantem,
2153 5618 2317 5678 caput

752 5709 884 5747 ense
918 5700 1220 5761 amputant,
1254 5693 1418 5761 idque
1447 5693 1557 5762 igni
1609 5693 1850 5748 tradunt.
1896 5695 1964 5750 Et
1999 5697 2164 5766 paulo
2195 5706 2317 5768 post

752 5784 1066 5862 adiungitur
1092 5785 1310 5856 sapiens
1340 5799 1557 5856 quoque
1609 5787 1920 5852 Anthimus,
1961 5790 2054 5860 qui
2108 5794 2313 5846 doctri-

2435 1943 2527 1994 τὸν
2557 1944 2806 2010 αίγιαλδν
2865 1948 3278 2020 ἑκκαλεσαμένη
3315 1954 3528 2007 ἐδείκνυ
3584 1973 3643 2008 τε
3675 1957 3749 2011 τὰ
3783 1956 4020 2026 σώματα

2433 2035 2540 2087 τῶν
2569 2036 2764 2104 ἁγίων,
2803 2038 2897 2090 καὶ
2951 2041 3207 2094 κοινωνὸν
3252 2044 3486 2099 ἐποιεῖτο
3544 2049 3643 2117 τῆς
3691 2052 3825 2119 περὶ
3878 2052 4020 2104 αὑτά

2436 2126 2726 2196 καλλίστης
2760 2131 3084 2201 ὑπηρεσίας,
3117 2125 3192 2205 ὧν
3247 2152 3305 2189 τε
3335 2141 3418 2208 ett;
3475 2139 3887 2209 διασαφήσασα,
3925 2144 4021 2196 καὶ

2435 2218 2583 2283 ὅπως
2633 2221 2774 2292 ὑπὲρ
2804 2225 3046 2294 Χριστοῦ
3083 2226 3296 2282 θάνοιεν
3326 2232 3376 2283 oi
3427 2231 3704 2303 μάρτυρες
3733 2235 4020 2304 tennes-

2435 2312 2594 2384 μένη.

2511 2406 2637 2462 ΔΕ’.
2686 2407 2748 2461 '0
2777 2408 3077 2482 ναύκληρος
3105 2412 3200 2466 οῦν
3235 2414 3475 2480 ἀκούσας
3529 2418 3772 2482 σινδόνας
3816 2424 4018 2480 καινάς

2436 2501 2529 2555 καὶ
2561 2502 2751 2564 στολὰς
2777 2502 2975 2566 λευκὰς
3006 2505 3153 2575 μύρα
3177 2524 3235 2560 τε
3263 2504 3419 2570 αὖθις
3442 2511 3538 2562 καὶ
3572 2510 3899 2580 θυμιάματα
3920 2511 4017 2566 τοῦ

2436 2593 2625 2648 πλοίου
2651 2593 2814 2658 εὐθὺς
2860 2594 3045 2663 έξῆγε,
3078 2599 3171 2650 καὶ
3203 2600 3499 2653 διεπονεῖτο
3533 2601 3670 2669 πρδς
3717 2603 3818 2672 τὴν
3844 2604 4018 2657 κατά-

2435 2687 2606 2742 θεσιν.
2644 2688 2820 2755 Δόμνα
2842 2683 3012 2752 erat;
3041 2683 3184 2758 εἶχεν
3201 2690 3360 2744 ῦδασι
3390 2694 3648 2760 καθαροῖς
3676 2696 3746 2746 τὰ
3775 2695 4016 2764 σώματα

2437 2778 2529 2830 καὶ
2571 2777 2752 2847 πολλῷ
2781 2780 3044 2849 πρότερον
3067 2783 3183 2844 τοῖς
3211 2781 3443 2852 δάκρυσι
3475 2783 3750 2850 πλύνασα,
3785 2787 3888 2838 καὶ
3919 2789 4017 2841 σὺν

2435 2869 2515 2938 τῷ
2545 2869 2838 2940 ναυκλήρῳ
2858 2869 2998 2922 αίδοῖ
3029 2870 3178 2942 πάσῃ
3213 2873 3410 2940 τιμίως
3433 2874 3575 2946 apta:
3597 2877 4014 2944 περιστείλασα,

2434 2957 2555 3014 εἷτα
2586 2961 2856 3035 καὶκοινῇ
2887 2961 3060 3015 ταῦτα
3113 2964 3574 3028 διαδαστάσαντες
3607 2966 3760 3037 παρὰ
3793 2968 3874 3037 τῷ
3915 2971 4018 3038 τῆς

2437 3054 2644 3117 πόλεως
2673 3054 2838 3123 τείχει
2869 3056 3107 3124 ἐχόμενα
3137 3055 3228 3108 τοῦ
3252 3059 3557 3130 χειμάρρου
3600 3061 3736 3130 πρὸς
3759 3064 3827 3131 τῇ
3866 3063 4011 3132 πύλῃ

2354 3157 2398 3215 c
2431 3149 2498 3216 τῇ
2533 3146 2681 3213 παρὰ
2722 3146 3017 3211 θάλασσαν,
3063 3140 3126 3200 οῦ
3158 3149 3220 3219 δὴ
3263 3151 3312 3202 οί
3357 3151 3486 3221 περὶ
3511 3152 3600 3204 τὸν
3625 3153 3914 3222 Δωρόθεον,
3951 3156 4013 3208 τὸ

2429 3239 2580 3300 τέλος
2609 3237 2884 3304 ἐδέξαντο,
2919 3240 3100 3292 ἐκεῖσε
3137 3240 3312 3296 ταῦτα
3349 3243 3748 3312 κατορύξαντες
3779 3244 4013 3316 ιθηκαν.

2442 3329 2502 3383 Ὀ
2527 3329 2710 3396 μέντοι
2769 3329 3075 3400 ναύκληρος
3129 3331 3228 3402 τὴν
3284 3321 3574 3402 παρθένον,
3613 3337 3708 3389 ass
3755 3339 4013 3408 ὁμόδοξον

2429 3419 2658 3487 ἀδελφὺν
2679 3416 2817 3473 εἶναι
2847 3422 3036 3490 κρίνας
3058 3424 3196 3475 κατὰ
3219 3422 3452 3492 Χριστὸν
3477 3428 3680 3495 (ἄνδρα
3703 3427 3812 3498 γὰρ
3836 3431 4014 3499 αὐτὴν

2431 3512 2510 3564 ἔτι
2541 3511 2721 3582 ᾤετο),
2760 3512 2930 3566 ὲδείτο
2964 3517 3226 3580 συνεῖναι,
3255 3519 3350 3570 καὶ
3391 3518 3661 3587 μηδαμῶς
3699 3521 4011 3592 ἀποστῆναι

2430 3605 2623 3657 τούτου
2658 3603 2786 3672 παρ’
2813 3603 2942 3674 ὅλην
2968 3605 3135 3658 αὐτοῦ
3173 3608 3272 3677 τὴν
3300 3607 3467 3686 ζωήν.
3509 3609 3570 3662 ‘ll
3605 3611 3662 3662 δὲ
3709 3613 3812 3666 οὐκ
3861 3615 4011 3681 ἠνεί-

2429 3713 2576 3766 χετο,
2604 3696 2721 3751 ἀλλ’
2750 3697 2905 3764 ἠξίου
2933 3697 3096 3751 αὑτὸν
3133 3700 3233 3768 μὲν
3259 3701 3380 3754 ὀδοῦ
3412 3701 3657 3771 ἔχεσθαι,
3703 3707 3926 3773 εκείνην
3956 3708 4011 3764 δδ

2430 3789 2770 3858 παραμένειν
2798 3788 3048 3854 είποῦσα,
3081 3792 3165 3843 ὅτι
3195 3792 3268 3845 Τό
3298 3810 3360 3860 γε
3393 3794 3491 3862 τῆς
3517 3797 3653 3864 ἐμῆς
3687 3799 3834 3866 ζωῆς
3859 3801 4011 3862 τέλος

2430 3879 2616 3948 ιγγύς.
2654 3881 2820 3936 Ὅθεν
2844 3881 2968 3935 οὔτε
3001 3884 3162 3950 σῶμα
3187 3885 3246 3938 τὸ
3275 3887 3406 3955 ἐμὸν
3434 3889 3541 3942 τῶν
3579 3893 3856 3958 σωμάτων
3885 3895 4009 3947 τούο

2427 3986 2540 4023 των
2563 3970 2686 4024 οὕτε
2711 3972 2820 4025 τῶν
2847 3973 3034 4043 ψυχῶν
3064 3975 3200 4037 ὅλως
3247 3978 3550 4046 ἀποστῆναι
3575 3981 3655 4033 δεῖ
3680 3982 3782 4051 τὴν
3805 3984 4006 4054 ψυχήν.

2443 4063 2652 4117 Ἑκεῖσε
2689 4066 2976 4134 τοιγαροῦν
3013 4069 3354 4136 ὑπομείνασα
3401 4073 3796 4139 ἀδιασπάστως
3830 4080 4007 4148 εῖχετο

2429 4155 2537 4210 τῶν
2563 4157 2850 4227 λειψάνων,
2870 4160 3252 4230 ἀσπαζομένη,
3279 4168 3719 4236 προσευχομένη,
3749 4170 4006 4239 άρὼμασί

2427 4265 2488 4301 τε
2548 4250 2640 4303 καὶ
2675 4250 2983 4319 θυμιάμασι
3035 4252 3135 4322 τὴν
3180 4255 3318 4323 πρὸς
3357 4257 3500 4310 αὐτὰ
3529 4258 3789 4314 δεικνῦσα
3817 4264 4000 4335 τιμὴν,

2429 4342 3018 4412 προσκαταεαλομένου
3081 4346 3176 4398 καί⁵
3232 4346 3326 4399 τοῦ
3377 4349 3682 4418 ναυκλήρου
3730 4354 3874 4423 πρὸς
3909 4358 4005 4424 τὴν

2427 4432 2694 4503 χορηγίαν
2713 4433 2916 4486 τούτων
2949 4436 3109 4488 ίκανὰ
3138 4437 3416 4508 χρήματα.

2502 4526 2639 4590 AC7.
2665 4524 2783 4578 Οὐκ
2807 4522 2874 4596 ἦν
2904 4527 2960 4579 δὲ
2988 4529 3206 4590 πάντως
3235 4525 3362 4592 τοὺς
3390 4532 3447 4581 ὲν
3490 4533 3671 4584 σκότει
3694 4535 4000 4607 καθεζομέ-

2432 4634 2555 4680 νους
2583 4617 2646 4670 τὸ
2679 4616 2771 4699 τοῦ
2804 4618 2979 4686 φωτὸς
3025 4619 3190 4690 ἔργον
3216 4621 3511 4684 διαλαθεῖν,
3568 4625 3702 4694 μηδὲ
3737 4629 3840 4698 τὴν
3875 4635 4001 4701 περὶ

2431 4709 2490 4762 τὸ
2551 4708 2849 4778 μαρτύριον
2912 4711 3120 4780 Δόμνας
3176 4713 3477 4782 ἐπιθυμίαν
3526 4717 3691 4787 ἀτελῆ
3740 4723 3994 4789 ὀφθῆναι,

2432 4799 2593 4852 Ὅθεν
2619 4801 2712 4852 καὶ
2735 4801 2865 4869 δῆλα
2893 4800 3063 4855 ταῦτα
3086 4802 3416 4873 Μαξςμιανῷ
3440 4807 3673 4873 γίνεται,
3693 4814 3788 4862 καὶ
3813 4815 4001 4878 μαθὼν

2427 4889 2500 4952 ὡς
2529 4890 2701 4953 οὕτως
2749 4891 2931 4962 ἐκείνη
2979 4893 3086 4944 τῶν
3123 4885 3312 4961 ’ἁγίων
3343 4898 3625 4964 ἐρωτικῶς
3659 4906 3998 4970 περιέχεται,

2431 4981 2571 5049 μέγα
2594 4980 2997 5049 ἀνακαγχάσας,
3026 4983 3053 5034 ὁ
3080 4983 3272 5036 πολλοῦ
3307 4986 3538 5052 γέλωτος
3561 4988 3591 5059 ἢ
3628 4994 3844 5058 μυρίων
3869 4999 4001 5062 μᾶλα

2427 5070 2517 5124 λον
2534 5071 2786 5141 δακρύων
2819 5073 2985 5138 ἄξιος,
3005 5075 3285 5144 Προσῆκόν
3321 5079 3490 5143 ἐστιν,
3508 5077 3651 5144 εἷπε,
3673 5084 3769 5135 καὶ
3798 5089 4000 5156 ταύτην

2426 5161 2518 5214 τὸν
2546 5161 2657 5215 ἴσον
2688 5164 2916 5226 εκείνοις
2951 5165 3184 5218 θάνατον
3217 5169 3472 5238 ὑποσχεῖν
3523 5175 3615 5226 καὶ
3646 5174 3821 5240 οὕτως
3858 5181 4000 5249 ἔργῳ

2431 5257 2620 5324 μαθεῖν
2657 5258 2738 5309 ὃτι
2787 5259 2962 5327 μάτην
2996 5260 3303 5332 ἀνθρώποις
3333 5265 3486 5317 οὐδὲν
3535 5268 3697 5321 πλέον
3729 5275 3870 5339 μετά
3909 5276 3996 5326 91'-

2429 5363 2587 5398 νατον
2612 5346 2796 5417 έχουσι
2814 5350 3079 5413 τοσαύτας
3104 5352 3286 5421 ἐκείνη
3307 5357 3604 5426 προσφέρει
3626 5363 3813 5428 τιμάς.
3844 5362 3995 5426 Eii-:5,

2427 5439 2669 5502 καὶτοὺς
2719 5442 3148 5506 ἀποκτενοῦντας
3181 5445 3238 5508 ἐξ
3259 5449 3427 5516 αὐτῆς
3465 5449 3736 5520 ἔπεμπεν.
3773 5457 3875 5508 Ἦν
3906 5461 3993 5512 καὶ

2426 5532 2872 5601 προσευχομένην
2904 5535 3104 5586 ἐκεῖνοι
3136 5538 3263 5606 παρ’
3284 5539 3433 5606 αὑτῴ
3460 5541 3521 5610 δὴ
3555 5541 3631 5611 τῷ
3659 5549 3812 5615 τόπῳ
3833 5566 3995 5602 κατα-

2424 5617 2701 5686 λμόὁντες,
2757 5621 2899 5691 ξίφει
2933 5625 3031 5693 τὴν
3089 5628 3334 5697 κεφαλὴν
3388 5633 3784 5702 ἀποτέμνουσι,
3816 5644 3911 5692 καὶ
3939 5647 3994 5694 τὸ

2426 5709 2584 5777 σῶμα
2639 5712 2992 5781 παραδιδοῦέι
3025 5719 3178 5786 πυρί.
3242 5721 3601 5788 Προστίθεται
3646 5729 3823 5799 ταύτῃ
3865 5736 3991 5799 μετὰ

2426 5799 2595 5874 βραχὺ
2655 5803 2750 5856 καὶ
2813 5806 3070 5878 ’Δνθιμος
3131 5811 3158 5858 ὁ
3222 5813 3404 5881 σοφὸς,
3457 5816 3686 5883 πολλοὺς
3739 5824 3990 5895 agrisagris
