4218 6442
258 372 399 439 1081

902 378 1548 444 SUPPLEMENTUM.
1581 401 1645 417 -··
1682 379 1741 439 S.
1798 378 2177 441 DEMETRII
2214 378 2607 439 MARTYRIS
2648 381 2841 438 ACTA

3382 377 3517 443 1ωὲ

256 486 469 547 tum;
503 483 744 554 διδαχαῖς
767 502 826 540 τε
851 487 946 541 καὶ
985 491 1345 559 παραινέσεσι
1368 493 1649 561 μάρτυρας
1683 508 1845 562 προσ·
1878 500 1914 549 Α

1878 500 1914 549 Α
1950 489 2035 542 nis
2066 500 2120 541 et
2151 490 2374 542 monitis
2407 490 2610 542 multos
2639 490 2790 557 prius
2813 488 3034 545 Christo
3062 498 3331 559 martyres
3353 490 3512 545 obtu-

256 574 505 643 ενεγιιὼν
529 576 608 648 τῷ
644 577 889 650 Χριστῷ.
912 580 1014 634 Διὰ
1038 582 1148 651 γὰρ
1171 582 1263 635 τὸν
1285 583 1455 637 πολὺν
1478 586 1684 637 ἐκείνου
1710 586 1837 653 περὶ

257 666 363 735 τὴν
390 666 673 721 εὐσέϐειαν
722 670 883 738 ζῆλον
906 670 1005 739 οὐχ
1053 672 1254 741 ἣκιστα
1281 674 1621 742 Μαξιμιανὸς
1646 676 1838 727 διαπο-

258 758 473 826 νηθεὶς,
507 758 678 829 ὀργῆς
702 777 761 813 τε
804 762 897 814 καὶ
934 764 1129 831 μανίας
1160 764 1498 834 πληρωθεὶς.
1526 772 1623 835 τὴν
1658 766 1839 835 ψυχὴν

259 848 525 916 βασάνοις
579 851 678 920 μὲν
709 853 929 914 πολλαῖς
954 856 1119 908 αὑτοῦ
1173 859 1440 926 πρότερον
1472 861 1837 926 ἀποπειρᾶται

258 941 571 1008 ἀποστῆσαι
610 943 825 1007 πάντως
874 948 973 1017 τῆς
1014 946 1305 1016 ὁμολογίας
1347 950 1591 1018 οἰόμενος
1617 966 1629 979 ·
1673 950 1748 1010 ὡς
1782 952 1836 1003 δὲ

260 1034 467 1086 ἀπεῖπε
503 1035 703 1103 μᾶλλον
728 1037 977 1101 κολάζων
1010 1041 1173 1104 αὐτὸς
1194 1043 1282 1093 τὸν
1303 1042 1393 1095 διὰ
1425 1044 1613 1111 ξίφους
1642 1044 1837 1107 ἐπάγει

259 1124 343 1194 τῷ
370 1126 578 1197 ἀθλητῇ
611 1128 863 1183 θάνατον.
894 1132 1112 1198 Ἔξεστι
1152 1133 1209 1187 δι
1242 1136 1333 1187 καὶ
1382 1134 1483 1206 τὴν
1512 1137 1632 1187 κατ’
1678 1136 1839 1189 αὑτὸν

262 1219 512 1289 ἱστορίαν
534 1224 1019 1293 μεταχειρίσαντας
1041 1227 1174 1293 πρὸς
1191 1227 1333 1291 λέξιν
1356 1228 1570 1282 ἅπαντα
1588 1230 1835 1286 διελθεῖν.

335 1312 456 1366 ΔΖ⁸.
495 1312 723 1377 Τούτοις
753 1316 787 1385 ἡ
811 1316 1159 1387 Νικομήδους
1191 1317 1380 1390 ὥσπερ
1432 1321 1575 1374 τισὶν
1609 1321 1838 1393 ἄστρασι

264 1404 411 1475 μέγα
442 1424 497 1458 τι
524 1408 617 1460 καὶ
651 1409 844 1478 χάριεν
872 1412 967 1462 καὶ
997 1411 1093 1482 ήδὺ
1125 1412 1436 1481 λάμπουσιν
1462 1414 1840 1484 ὲλλαμπρύνε-

258 1513 375 1561 ται,
400 1499 498 1550 καὶ
520 1498 702 1559 αὐτοῖς
738 1501 941 1568 μᾶλλον
974 1502 1439 1569 ἑγχαλλωπίζεται
1471 1505 1503 1573 ἢ
1532 1506 1716 1576 χρυσῷ
1748 1507 1841 1561 καὶ

260 1588 435 1649 λίθοις
467 1591 559 1641 καὶ
604 1593 905 1661 μαργάρων
928 1591 1235 1661 διαυγείαις
1263 1613 1322 1648 τε
1356 1596 1446 1649 καὶ
1477 1596 1835 1665 κομψότησιν,

262 1682 345 1742 είς
373 1681 616 1749 χιλιάδας
650 1682 748 1751 μὶν
769 1686 939 1737 ετκοσι
969 1685 1183 1739 τελοῦσι
1226 1688 1316 1739 τὸν
1346 1689 1597 1759 ἀριθμὸν,
1641 1693 1838 1758 ἐπιφα-

264 1771 368 1830 νῶς
400 1770 454 1822 δι
476 1772 568 1822 καὶ
598 1770 790 1839 πλήθει
841 1774 933 1825 καὶ
966 1774 1149 1827 κάλλει
1200 1776 1277 1846 τῷ
1323 1779 1643 1848 μαρτυρικῷ
1695 1778 1839 1847 χορῷ

258 1860 652 1929 διαπράττουσι.
708 1858 783 1916 ὦν
816 1866 847 1931 ἡ
883 1865 1076 1936 μνήμη
1119 1868 1258 1934 μετὰ
1315 1868 1445 1937 μίαν
1470 1871 1710 1922 τελεῖται
1733 1870 1840 1923 τῶν

260 1954 360 2005 τοῦ
387 1954 625 2024 Χριστοῦ
659 1954 950 2023 γενεθλίων
977 1957 1110 2027 ἄλλη
1136 1960 1241 2028 πρὸ
1269 1960 1378 2011 τῶν
1408 1962 1615 2030 νηπίων
1655 1962 1837 2031 ἑορτὴ,

259 2046 455 2116 ὥσπερ
486 2047 710 2101 ἐκείνων
753 2050 837 2102 διὰ
872 2050 1076 2119 ξίφους,
1106 2051 1280 2114 οὕτως
1332 2052 1511 2105 αὐτῶν
1548 2053 1635 2106 διὰ
1670 2054 1840 2123 πυρὸς

262 2138 387 2207 Θεῷ
413 2137 490 2208 τῷ
527 2140 865 2210 σαρκωθέντι
889 2143 1379 2213 προσενεχθέντων,
1409 2138 1487 2208 οἷς
1515 2146 1606 2197 καὶ
1646 2147 1672 2196 ὀ
1708 2146 1840 2197 θαυ-

267 2231 472 2298 μαστὸς
526 2231 830 2301 προσετέθη
865 2232 1385 2303 Γλυκίριος,Ζήνων
1411 2252 1470 2288 τε
1517 2238 1542 2289 ὀ
1576 2236 1719 2307 ίερδς
1749 2237 1841 2289 καὶ

262 2318 544 2388 Θεόφιλος,
583 2322 663 2375 ἔτι
698 2323 753 2376 δὲ
778 2324 874 2376 σὺν
914 2327 1205 2396 Μαρδονίῳ
1243 2328 1519 2398 Δωρόθεος
1566 2330 1617 2381 oi
1651 2329 1837 2397 μακά·

267 2430 398 2483 ριοι,
423 2414 600 2484 ἰνδης
626 2432 684 2467 τε
711 2416 797 2468 καὶ
821 2417 1025 2486 Πέτρος
1053 2420 1265 2489 σύναμα
1296 2420 1372 2487 τῷ
1400 2420 1705 2490 Μυγδονίῳ,
1749 2421 1839 2474 καὶ

265 2506 325 2556 αἱ
354 2508 505 2573 τρεῖς
544 2507 808 2577 παρθένοι
851 2509 1089 2578 ’Δγάπ-η,
1120 2512 1284 2581 φημὶ,
1326 2510 1420 2563 καὶ
1470 2511 1704 2579 Θεοφίλα
1742 2514 1838 2566 καὶ

266 2596 454 2663 Δόμνα
504 2598 536 2667 ἡ
569 2600 743 2651 πάντα
798 2601 1132 2670 περικαλλὴς
1182 2604 1273 2655 καὶ
1303 2602 1545 2673 ἀοίδιμος
1577 2605 1655 2667 είς
1679 2604 1836 2667 δόξαν

269 2686 510 2756 Χριστοῦ
546 2688 800 2759 ἀληθινοῦ
829 2691 965 2746 Θεοῦ
996 2694 1173 2764 ἡμῶν,
1210 2688 1254 2763 ᾧ
1293 2699 1492 2764 πρέπει
1523 2698 1672 2748 πᾶσα
1701 2697 1835 2768 τιμὴ

270 2781 367 2831 καὶ
399 2782 791 2855 προσκύνησις,
826 2784 921 2838 νῦν
956 2789 1050 2839 καὶ
1080 2789 1187 2851 ἀεὶ,
1223 2788 1316 2841 καὶ
1365 2790 1444 2850 είς
1483 2790 1607 2850 τοὺς
1632 2790 1834 2851 αἰῶνας

269 2870 383 2924 τῶν
412 2874 643 2929 αίώνων.
691 2876 883 2948 Ἀμήν.

1948 582 2103 633 lerat.
2136 580 2266 633 Nam
2301 591 2525 649 pr0pter
2556 581 2704 634 illius
2744 582 2920 635 zelum
2946 580 3011 633 ad
3047 582 3324 649 pietatem,
3358 585 3512 639 valde

1947 682 2175 725 vexatus
2205 671 2586 735 Maximianus,
2617 688 2806 741 iraque
2841 683 2894 726 et
2927 673 3113 726 furore
3162 674 3344 728 animo
3400 678 3513 739 ple-

1946 778 2070 825 nus,
2106 763 2295 817 multis
2327 764 2547 831 quidem
2582 763 2868 817 tormentis
2906 779 3029 816 eum
3094 766 3248 833 prius
3284 780 3514 818 conatur

1945 856 2169 907 omnino
2203 854 2477 908 abducere
2520 871 2547 907 a
2578 857 2944 909 confessione.
2997 854 3130 909 Cum
3192 864 3373 908 autem
3426 859 3513 910 ille

1946 948 2179 1014 puniens
2205 956 2349 1001 esset
2367 947 2639 1007 defessus.
2667 963 2797 1001 ense
2830 957 3058 1000 mortem
3084 947 3244 1001 an‘ert
3270 948 3510 1001 athletae.

1945 1035 2098 1091 Licet
2160 1053 2290 1090 vero
2344 1038 2395 1090 in
2455 1052 2648 1090 manus
2693 1036 2960 1090 sumendo
3026 1038 3145 1107 ejus
3208 1036 3514 1099 historiam,

1945 1128 2125 1187 omnia
2156 1130 2222 1185 ad
2256 1131 2479 1185 verbum
2502 1145 2844 1200 percurrere.

2018 1311 2277 1367 XXXVII.
2319 1310 2415 1364 His
2442 1314 2609 1365 veluti
2650 1312 2979 1381 quibusdam
3007 1323 3167 1364 astris
3192 1311 3513 1365 Mcor'nedia

1949 1419 2202 1473 magnum
2230 1403 2644 1474 jucundumque
2673 1413 2728 1457 et
2756 1414 2971 1472 gratum
3000 1403 3206 1457 emittit
3254 1403 3514 1470 splendo-

1949 1512 2080 1557 rem,
2119 1506 2171 1550 et
2200 1498 2373 1562 majus
2399 1512 2465 1549 ex
2500 1496 2580 1549 eis
2606 1506 2986 1548 ornamentum
3017 1497 3236 1564 accipit,
3272 1511 3431 1563 quam
3452 1512 3515 1549 ex

1948 1604 2104 1654 auro,
2133 1599 2186 1641 ct
2218 1590 2469 1656 geminis,
2494 1599 2549 1640 et
2572 1603 2636 1641 ex
2672 1590 3097 1655 margaritarum
3153 1589 3427 1641 nitoribus
3454 1604 3517 1641 ac

1947 1679 2373 1749 splendoribus;
2444 1680 2537 1747 qui
2590 1689 2717 1733 sunt
2767 1680 2987 1747 quidem
3042 1694 3270 1732 numero
3324 1680 3514 1748 viginti

1950 1773 2156 1838 millia;
2189 1782 2313 1826 sunt
2338 1782 2522 1827 autem
2555 1775 2605 1825 in
2638 1774 2807 1827 choro
2840 1783 3138 1842 martyrum
3164 1771 3514 1826 multitudine

1946 1874 2001 1922 et
2039 1865 2451 1936 pulchritudine
2510 1866 2768 1935 insignes.
2801 1865 3045 1929 Quorum
3083 1864 3360 1932 peragitur
3393 1880 3515 1917 me-

1948 1939 2117 2013 moria
2151 1976 2256 2013 uno
2284 1961 2373 2013 die
2405 1970 2525 2027 post
2562 1960 2763 2013 Christi
2820 1960 3084 2023 Natalem,
3142 1968 3267 2011 ante
3315 1958 3512 2010 festum

1946 2051 2265 2115 lnlantium,
2295 2064 2353 2103 ut
2378 2053 2493 2119 qui,
2520 2052 2794 2119 quomodo
2824 2052 2898 2103 illi
2933 2066 3085 2109 ense,
3112 2050 3182 2102 ita
3217 2050 3380 2102 etiam
3418 2052 3512 2118 ipsi

1947 2144 2071 2213 igne
2101 2144 2232 2206 Deo,
2259 2146 2351 2212 qui
2391 2159 2612 2197 carnem
2640 2142 2835 2199 induit.
2886 2150 3011 2195 sunt
3067 2141 3252 2193 ohlali.
3304 2142 3516 2204 Quibus

1947 2236 2111 2290 etiam
2140 2236 2373 2289 accessit
2414 2234 2760 2287 admirabilis
2814 2234 3117 2304 Clyt-crius,
3143 2242 3197 2287 et
3228 2246 3516 2285 sacrosan-

1946 2336 2069 2381 ctus
2095 2327 2261 2389 Zeno,
2316 2336 2371 2379 et
2418 2325 2790 2393 Theophilus:
2848 2335 3107 2393 praeterea
3161 2333 3341 2377 autem
3390 2338 3514 2375 cum

1944 2417 2227 2472 Mardonio
2258 2417 2586 2478 Dorotheus,
2611 2428 2666 2470 et
2697 2416 2841 2469 beati
2870 2415 3023 2468 ludes
3046 2426 3101 2469 et
3132 2416 3320 2470 Petrus
3351 2415 3514 2469 simul

1943 2525 2068 2563 cum
2097 2510 2408 2580 Mygdonio,
2436 2519 2489 2562 et
2548 2518 2657 2561 tres
2694 2508 2955 2577 virgines,
3011 2508 3211 2575 Agape,
3271 2506 3513 2574 inquam,

1942 2612 1998 2655 et
2029 2601 2352 2671 Theophila,
2399 2611 2454 2654 et
2499 2601 2725 2661 Damna,
2762 2617 2881 2669 quae
2908 2612 3024 2653 erat
3058 2600 3214 2665 longe
3254 2598 3509 2665 pulcher-

1945 2696 2105 2761 rima,
2147 2709 2201 2749 et
2246 2697 2479 2749 maxime
2525 2694 2858 2755 veneranda,
2910 2694 2973 2746 ad
3037 2694 3262 2763 gloriam
3310 2691 3512 2744 Christi

1941 2788 2057 2842 veri
2086 2788 2181 2841 Dei
2220 2791 2412 2850 nostri,
2448 2803 2609 2856 quem
2655 2788 2812 2839 decet
2864 2788 3043 2839 omnis
3096 2785 3288 2853 gloria,
3332 2786 3507 2835 honor

1938 2889 1994 2934 et
2025 2881 2295 2944 adoratio,
2333 2896 2476 2934 nunc
2520 2890 2575 2934 et
2618 2880 2672 2934 in
2705 2881 2901 2934 saecula
2934 2879 3284 2932 saeculorum.
3314 2877 3512 2930 Amen.

275 3017 3497 3070 Μ

1118 3170 2713 3328 SUPPLEMENTUM.

272 3400 349 3462 Ut
384 3400 573 3461 ﬁdem
608 3400 959 3480 liberemus
984 3418 1172 3480 quam
1206 3409 1375 3462 tonio
1406 3402 1755 3478 superiori.
1792 3402 1910 3476 col.
1947 3404 2124 3473 1031,
2160 3401 2479 3466 dedimus.
2512 3402 2841 3461 corodinis
2875 3401 3011 3461 vice
3050 3402 3490 3463 snbnectimus

351 3484 505 3540 Acta
543 3478 940 3558 celeberrimi
972 3478 1137 3555 apud
1173 3481 1423 3540 Graecos
1455 3482 1747 3558 martyris
1778 3482 2112 3551 Demetrii,
2151 3481 2436 3540 Cornelii
2479 3480 2657 3557 Byei,
2694 3480 2852 3540 socii
2878 3481 3299 3554 Bollandiani,
3335 3481 3508 3540 c‘om—

368 3557 704 3619 mentariis
736 3558 1073 3619 illuSIrata.
1111 3560 1286 3619 Eutr.

892 3856 1069 3964 DE
1150 3851 1268 3964 S.
1369 3852 2114 3967 DEMETRIO
2210 3853 2898 3967 MARTYRE

1254 4036 2010 4097 THESSALONICE-IN
2058 4015 2537 4099 MACEDONIA

1500 4160 1708 4237 (ANNO
1756 4177 2044 4221 emensa
2084 4164 2286 4240 cccvr)

571 4302 1140 4396 CORNELII
1220 4305 1498 4397 BYEI
1558 4305 2554 4397 COMMENTARIUS
2630 4314 3225 4405 PRZEVIUS.

1194 4457 1346 4513 (Acta
1373 4456 1463 4505 SS.
1497 4457 1718 4507 Bolland.
1741 4459 1799 4504 ad
1832 4456 1965 4505 diem
1996 4457 2026 4504 8
2059 4456 2302 4515 Octobrls,
2345 4464 2461 4506 tom.
2485 4458 2590 4523 ιν.)

272 4656 301 4724 δ
337 4655 379 4711 Ι.
413 4654 752 4730 lultiplicia,
787 4669 903 4730 qua:
948 4652 1012 4705 da
1028 4650 1121 4730 AS.
1168 4651 1434 4703 Demetrio
1477 4652 1832 4717 reperiuntur,
1868 4669 1909 4720 ο
1946 4656 2029 4709 vel
2066 4656 2302 4723 denique
2335 4656 2618 4717 miracula.
2654 4671 2775 4723 qua
2826 4671 3023 4722 magno
3058 4674 3290 4714 numero
3323 4671 3507 4730 patra-

477 4728 703 4794 scripta,
733 4725 993 4792 pracipue
1019 4721 1231 4784 Greca,
1265 4736 1628 4774 recensentur.

346 4843 399 4895 i.
428 4841 688 4895 Sanctum
742 4838 891 4892 hunc
937 4846 1255 4907 martyrem,
1291 4852 1454 4905 quem
1491 4838 1842 4905 μεγαλομάρ.

270 4952 432 5005 τυρα,
453 4934 503 4986 id
526 4942 629 4990 est.
647 4945 900 5000 maguum
914 4939 1224 4996 martyrem,
1246 4939 1467 4992 vocant,
1489 4930 1849 5004 pluribusque.

271 5024 848 5083 honoriﬁcentissimis
890 5023 1097 5087 titulis,
1145 5021 1285 5075 infra
1326 5037 1426 5075 suo
1471 5022 1590 5075 loco
1636 5037 1843 5075 uncino-

270 5121 495 5183 randis,
544 5120 713 5173 ϐιωθί
766 5116 965 5186 passim
1021 5116 1431 5173 condecorant.
1482 5114 1650 5167 fuisse
1693 5113 1837 5181 apud

273 5215 440 5268 hosce
475 5210 674 5278 insigni
707 5209 865 5277 plane
899 5216 1014 5261 tum
1042 5207 1418 5267 veneratione,
1450 5215 1563 5259 tum
1597 5207 1841 5261 nominis

272 5305 591 5361 celebritate
619 5302 882 5373 gavisum,
921 5300 1003 5353 vel
1037 5299 1151 5352 sola
1200 5299 1520 5366 multiplicia
1546 5338 1561 5362 ,
1613 5314 1735 5366 quae
1783 5300 1837 5351 in

271 5396 731 5453 bibliothecarum
767 5391 963 5447 forulis
1001 5392 1272 5459 hodieque
1303 5392 1680 5460 reperiuntur.
1710 5408 1834 5460 par-

275 5492 483 5557 timque
512 5489 675 5540 etiam
700 5486 767 5539 ad
800 5500 996 5538 manus
1019 5492 1234 5543 nostras
1258 5499 1576 5551 pervenere.
1606 5486 1833 5552 antiqua

272 5582 477 5634 d.versi
515 5580 732 5647 generis
786 5577 986 5645 scripta
1018 5575 1225 5641 Graeca,
1260 5590 1548 5629 sermones
1588 5576 1842 5629 videlicet

273 5688 371 5725 seu
424 5671 681 5733 honiilias,
728 5670 1002 5722 orationes
1046 5668 1385 5737 panegyricus
1417 5682 1513 5720 seu
1550 5668 1797 5720 encomia
1828 5708 1840 5730 ,

275 5766 492 5831 aliaque
524 5762 812 5830 opuscula,
844 5762 1045 5831 quibus
1068 5761 1149 5815 vel
1178 5760 1411 5829 ipsemet
1442 5758 1499 5813 S.
1530 5760 1840 5813 Demetrius

277 5852 612 5918 ceiebratur,
647 5852 731 5909 vel
768 5850 1109 5920 martyrium,
1138 5850 1282 5919 quod
1307 5848 1495 5917 subiit,
1522 5850 1838 5919 exponitur,

1941 4750 2039 4810 vit,
2068 4758 2383 4811 narrantur,
2415 4751 2546 4801 satis
2576 4763 2853 4817 superque
2887 4753 3205 4806 ostendunt.
3232 4754 3300 4809 Ut
3327 4757 3380 4809 id
3413 4774 3507 4825 pa-

1941 4841 2047 4893 lam
2080 4841 2191 4902 liat,
2225 4850 2395 4909 utque
2437 4841 2599 4893 simul
2626 4880 2641 4902 ,
2677 4857 2796 4909 quae
2824 4858 2886 4895 ac
2923 4846 3102 4911 qualia
3134 4846 3406 4915 hodieque
3439 4850 3507 4903 de

1943 4933 2144 4986 Sancto
2192 4943 2546 4987 monumenta
2603 4934 2866 4987 litteraria
2914 4940 3228 5003 supersint,
3279 4941 3346 4993 ab
3388 4941 3506 5010 ipso

1942 5026 2125 5077 statim
2166 5025 2575 5086 commentarii,
2612 5026 2667 5079 in
2716 5041 2825 5094 quo
2860 5043 2967 5079 non
3003 5044 3172 5095 pauca
3204 5045 3267 5083 ex
3300 5032 3383 5084 bis
3414 5042 3507 5085 aut

1939 5118 2292 5183 expendenda
2320 5127 2416 5169 aut
2449 5117 2571 5170 usui
2614 5118 2807 5171 saltem
2860 5128 3135 5186 utcunque
3168 5132 3371 5196 erunt,
3406 5125 3508 5177 ini-

1943 5209 2017 5261 tio
2042 5210 2346 5262 studiosum
2377 5210 2637 5263 lectorem
2665 5210 2948 5273 edoceam,
2976 5214 3179 5280 scripta
3208 5216 3295 5268 illa
3321 5217 3506 5273 omnia

1940 5316 2004 5353 ac
2038 5294 2247 5368 singula
2274 5341 2287 5361 ,
2330 5317 2562 5369 quorum
2594 5303 2882 5369 acquirere
2932 5306 3372 5374 qualemcunque
3409 5326 3507 5363 no-

1944 5393 2113 5444 titiam
2139 5392 2311 5459 quivi,
2337 5392 2363 5460 §
2396 5394 2647 5461 praesenti
2684 5409 2966 5456 recenseo,
2998 5400 3250 5463 sequenti
3280 5400 3500 5461 deinde,

1944 5483 2191 5549 quamam
2226 5498 2291 5535 ex
2326 5484 2409 5535 his
2442 5483 2659 5536 edenda
2708 5486 2852 5547 sint,
2886 5488 3258 5552 expositurus,
3289 5488 3507 5542 ιιι-Μω-

1946 5590 2147 5641 rusque
2182 5574 2366 5637 etiam,
2392 5591 2513 5643 quze
2551 5576 2631 5628 vel
2675 5588 2862 5643 aperte
2890 5582 3140 5644 prodant,
3175 5590 3270 5633 aut
3309 5582 3502 5634 saltem

1948 5668 2182 5720 collectu
2214 5683 2446 5736 pronum
2472 5665 2732 5729 eﬂiciaut,
2756 5679 2959 5735 quanta
2993 5684 3219 5735 queiue
3246 5686 3307 5722 ac
3336 5673 3505 5723 maxi-

1945 5774 2030 5811 me
2064 5774 2126 5813 ea
2153 5775 2274 5827 qua:
2321 5759 2461 5825 typis
2513 5758 2854 5825 subjicienda
2896 5760 3096 5823 dicam,
3138 5762 3380 5827 polleant
3412 5775 3506 5814 seu

1946 5851 2047 5905 lidc
2085 5866 2181 5906 seu
2210 5850 2553 5905 auctoritate.
2590 5851 2671 5905 Ab
2708 5852 2984 5920 opusculis
3035 5866 3129 5906 acu
3173 5852 3504 5909 lucubratio-
