4218 6442
737 432 877 497 1083

2071 403 2728 470 SUI’PLEMENTUM.

3886 393 4034 460 108-5

740 546 925 604 trbus,
963 537 1163 610 quibus
1195 530 1278 586 vel
1315 528 1550 585 Sanctus
1591 523 1707 594 ipse
1741 522 1828 576 vel
1881 521 2152 575 miracula
2191 533 2316 588 qua:

2450 519 2588 572 iisce
2615 514 2828 579 verbis,
2855 514 3000 581 Ἔφη
3031 514 3059 564 ὁ
3097 513 3372 581 σωτήριος
3404 512 3580 579 λόγος.
3613 511 3838 580 incipit,
3862 521 4034 580 atque

747 633 1005 706 patravit,
1040 627 1417 684 celebrantur,
1452 619 1595 674 duco
1626 614 1864 670 initium.

2431 612 2499 665 ab
2533 608 2736 664 Allatio
2762 617 2822 662 et
2844 605 3100 660 Fabricio
3125 603 3297 658 Leoni
3326 603 3644 673 imperaturi
3680 603 4031 658 ascribitnr.

813 727 866 782 ἓ.
898 724 1007 777 Leo
1025 715 1258 774 Allatius
1285 713 1359 767 De
1388 706 1929 775 Simeonumrcriptis
1975 702 2113 757 tales
2134 702 2328 756 decem
2428 699 2744 755 lucubratio
2801 697 3001 753 Joanni
3057 694 3546 751 Thessalonicensi
3598 694 4036 763 archiepiscOpo

743 823 1026 881 diversas,
1076 823 1311 880 quarum
1361 806 1538 876 prima
1571 798 1922 855 Pbilotbeum
1957 795 2327 867 patriarcham

743 900 1424 974 Constantinopolitanum
1451 937 1465 959 ,
1507 891 1748 949 secunda
1782 890 2120 946 Demetrium
2144 886 2326 957 Chry-

748 1008 1008 1066 soloram,
1046 997 1232 1057 tertia,
1257 1001 1452 1063 quarta
1478 996 1535 1044 et
1563 986 1796 1057 septima
1820 984 2060 1038 Leonem
2090 981 2328 1050 impera-

749 1111 949 1156 torem.
975 1098 1340 1163 cognomento
1371 1083 1710 1153 Sapientem,
1739 1078 1931 1149 quinta
1964 1089 2325 1146 anonytnum,

750 1206 902 1250 sexta
932 1191 1198 1247 Joannem
1239 1179 1590 1236 Stauracium
1639 1171 2121 1241 chartophylacem
2154 1169 2331 1224 Thes-

753 1287 1155 1343 salonicensem
1187 1319 1200 1342 ,
1232 1286 1424 1331 octava
1473 1272 1738 1327 Joannem
1773 1264 2324 1318 Thessalonicensem

752 1381 1095 1452 rpiscopum,
1131 1386 1275 1426 nona
1313 1365 1634 1436 Gregorium
1671 1359 1988 1424 diaconum,
2024 1373 2087 1412 ac
2119 1355 2332 1412 decima

754 1474 994 1541 denique
1038 1465 1320 1521 Nicolaum
1370 1456 1676 1514 Cabasilam
1747 1453 1950 1508 habeat
2004 1459 2331 1510 auctorem,

754 1581 912 1638 pagg.
945 1561 1035 1626 85,
1065 1559 1153 1622 9‘,
1186 1557 1275 1618 96,
1301 1553 1391 1618 97,
1421 1548 1544 1613 I02,
1575 1549 1698 1611 105,
1725 1545 1826 1603 105
1855 1555 1912 1601 et
1939 1545 2036 1599 l07
2059 1549 2332 1638 recenset.

756 1633 1045 1718 Iiabricius
1078 1656 1129 1707 in
1166 1649 1491 1706 Bibliotheca
1525 1642 1707 1698 (ἕνεκα
1733 1641 1884 1694 hisce
1916 1646 2206 1708 praeterea.
2235 1633 2338 1689 ibi-

757 1755 884 1808 dem
912 1750 1075 1806 etiam
1105 1763 1135 1800 a
1158 1758 1280 1800 sese
1304 1752 1440 1796 tom.
1466 1737 1552 1802 VI,
1582 1750 1706 1808 pag.
1739 1733 1839 1788 521
1869 1740 1922 1786 et
1947 1746 2090 1800 seq..
2115 1738 2171 1784 et
2199 1738 2334 1782 tom.

761 1847 857 1917 IX,
887 1861 1010 1915 pag.
1045 1843 1106 1895 71
1137 1849 1193 1894 et
1220 1853 1336 1905 seq.
1357 1830 1713 1892 enumeratis,
1741 1827 1876 1882 alias
1905 1833 2141 1896 quatuor
2164 1838 2339 1894 gene-

760 1941 839 1994 ris
865 1935 1116 2006 ejusdcm
1144 1927 1584 1986 lucubrationes,
1609 1933 1842 1991 quarum
1861 1919 2039 1988 prima
2071 1932 2103 1970 a
2131 1917 2341 1986 Grego-

760 2033 846 2082 rio
871 2027 1106 2089 Palama,
1133 2017 1546 2086 archiepiscopo
1570 2009 2073 2075 Thessalonicensi,
2097 2006 2343 2062 secunda

760 2137 793 2176 a
820 2120 1032 2181 Niceta,
1057 2112 1469 2180 archiepiscopo
1499 2103 1684 2159 itidem
1710 2098 2205 2157 Thessalonicensi.
2238 2111 2346 2154 ιρι-ς

763 2215 948 2280 tiaque
982 2217 1036 2263 et
1067 2213 1263 2277 quarta
1315 2201 1383 2255 ab
1433 2197 1722 2269 anonymis
1768 2195 1937 2250 fuerit
1970 2194 2298 2248 concinnata
2328 2233 2342 2254 ,

765 2299 1059 2374 posteriori
1086 2313 1116 2350 e
1154 2294 1302 2350 binis
1332 2291 1585 2362 proxime
1615 2287 1775 2343 dictis
1811 2285 1973 2340 tomis
2002 2299 2125 2354 pag.
2152 2283 2342 2337 itidem

768 2393 1017 2466 proxime
1051 2391 1145 2445 cit.
1185 2399 1240 2442 et
1273 2402 1392 2454 seq.
1446 2381 1712 2454 adiungit.
1741 2381 1818 2435 Ac
1845 2377 2093 2448 apprime
2121 2374 2344 2446 quidem

766 2491 1007 2544 Leonem
1034 2483 1296 2539 Allatium
1332 2479 1474 2531 inter
1505 2485 1560 2530 et
1587 2474 1894 2528 Fabricium
1926 2473 1979 2525 in
2006 2469 2347 2525 lucubratio-

769 2596 920 2643 num,
949 2591 1087 2646 quas
1113 2573 1272 2627 ambo
1296 2577 1607 2628 recensent.
1641 2564 1966 2620 auctoribus
1993 2561 2342 2634 assignandis

765 2670 1057 2732 convenit;
1111 2679 1304 2720 verum
1357 2672 1472 2716 tum
1531 2675 1651 2729 quze
1706 2654 1898 2726 incipit
1936 2655 2221 2724 Μαριανὸς
2263 2671 2350 2718 τις

766 2765 910 2833 ἀνὴρ
967 2760 1076 2813 τῶν
1133 2761 1190 2810 ὲν
1222 2756 1391 2824 γένει,
1438 2761 1840 2822 postremarum
1899 2757 2160 2819 quatuor,
2215 2764 2353 2818 quas

772 2855 928 2911 solus
975 2850 1265 2906 Fabricius
1317 2853 1590 2907 recenset,
1649 2841 2098 2898 lucubrationum
2147 2841 2306 2895 tertia
2335 2879 2351 2905 ,

772 2960 888 3002 tum
921 2960 1044 3015 quae
1067 2941 1280 3010 incipit,
1307 2939 1514 3004 Καιρὸς
1548 2936 1604 2989 δὲ
1629 2935 1841 2996 λοιπόν,
1869 2935 2058 2988 deeetn
2081 2935 2351 3003 priorum,

777 3054 915 3108 quas
952 3047 1008 3090 et
1040 3033 1126 3088 hic
1152 3042 1207 3086 et
1234 3031 1466 3085 Allatius
1501 3035 1961 3099 commemorant,
2007 3024 2358 3078 lucubratio-

779 3146 910 3185 num
942 3127 1134 3198 quinta
1162 3124 1370 3177 auctori
1409 3135 1682 3188 anonymo
1708 3133 1993 3188 perperam
2030 3117 2350 3172 ascribitur:

2432 793 2639 846 dtserte
2665 791 2756 845 hic
2789 788 3137 845 attribuitur.

2504 931 2555 985 J.
2589 927 2793 985 Verum
2819 927 2875 982 in
2905 927 3073 983 allato
3102 926 3338 983 elencho
3366 943 3478 982 non
3526 941 3701 981 unum
3754 925 4037 980 duntaxat

2433 1031 2681 1078 erratum
2713 1019 2916 1088 cubat;
2953 1035 3018 1076 ac
3044 1021 3228 1093 primo
3259 1020 3486 1090 quidem
3521 1020 3872 1082 lucubratio,
3911 1035 4037 1091 qua:

2435 1117 2491 1170 in
2522 1116 2628 1172 hoc
2664 1115 2849 1172 Sancti
2880 1116 3208 1187 martyrium
3237 1115 3488 1185 proxime
3535 1115 3771 1184 excipit,
3827 1128 4039 1168 secun-

2435 1209 2619 1281 doque
2651 1209 2774 1265 loco
2804 1218 3130 1274 memorata,
3159 1208 3266 1264 alia
3300 1223 3412 1265 non
3440 1217 3549 1273 est,
3581 1223 3752 1279 quam
3777 1222 3810 1262 e
3841 1207 4037 1262 decem

2436 1318 2604 1372 supra
2632 1303 2921 1358 recensitis
2947 1300 3437 1357 lucubrationibus
3465 1301 3758 1371 prioribus
3789 1308 3994 1352 octava
4027 1342 4039 1363 ,

2436 1395 2604 1447 vitam
2632 1393 2806 1448 sancti
2837 1392 3100 1448 Demetrii
3133 1408 3241 1447 una
3273 1408 3400 1448 cum
3437 1391 3688 1463 ejusdem
3721 1391 4038 1453 miraculis,

2441 1486 2522 1540 uti
2564 1487 2620 1541 in
2646 1485 2878 1542 elencho
2902 1487 3200 1548 indicatur.
3225 1501 3334 1542 non
3360 1485 3775 1554 complectitur,
3804 1483 3906 1539 sed
3936 1501 4042 1537 una

2441 1595 2566 1634 cum
2595 1580 2770 1644 hisee,
2793 1579 3260 1650 quemadmodum
3285 1581 3570 1649 praelatum
3603 1579 3886 1644 codicem,
3913 1579 4044 1632 olim

2441 1669 2847 1734 Mazarinteum,
2884 1687 3032 1726 nunc
3085 1671 3320 1742 regium.
3365 1670 3676 1726 evolvendo
3719 1670 3920 1735 didici,
3955 1688 4046 1740 pa-

2443 1764 2755 1834 negyricam
2784 1763 3073 1827 duntaxat,
3098 1779 3222 1832 qua:
3244 1763 3581 1833 pmfationis
3599 1764 4046 1832 quodammodo.

2445 1854 2725 1909 miraculis
2755 1856 3051 1925 praemissae
3077 1897 3091 1920 ,
3125 1854 3305 1908 locum
3345 1863 3534 1920 tenet,
3573 1855 3900 1910 orationem
3929 1895 3944 1910 .
3995 1856 4046 1908 in

2451 1947 2546 2002 Dei
2569 1957 2625 2002 et
2653 1946 2832 2002 sancti
2857 1946 3146 2013 Demetrii,
3171 1946 3337 2000 nullis
3361 1961 3609 2016 prorsus,
3630 1963 3757 2016 qua:
3779 1947 3852 2001 ad
3875 1946 4048 2016 hujus

2451 2040 2621 2094 vitam
2685 2039 3078 2110 martyriumve
3130 2048 3419 2108 spectent,
3471 2039 3910 2108 particularibus
3951 2055 4047 2092 seu

2455 2132 2614 2188 factis
2653 2148 2749 2187 seu
2780 2131 3061 2201 adjunctis
3092 2131 3144 2184 in
3201 2130 3445 2192 medium
3481 2129 3763 2194 adductis,
3798 2131 4045 2200 elogium

2448 2236 2800 2293 contextam;
2830 2225 3032 2281 deinde
3081 2234 3266 2279 autem
3303 2223 3498 2278 eadem
3546 2223 3895 2287 lucubratio.
3930 2241 4047 2294 qum

2449 2328 2770 2389 sequentem
2804 2319 2953 2373 hunc
2983 2318 3228 2382 titulum,
3261 2316 3368 2369 Τοῦ
3407 2316 3567 2384 ἁγίου
3609 2315 3867 2369 Ἰωάννου
3895 2319 4045 2386 ἁρχιο

2449 2410 2757 2464 επισκόπου
2789 2407 3199 2478 Θεσσαλονίκης
3250 2406 3421 2477 ὕμνος
3472 2408 3553 2470 εις
3611 2406 3749 2460 Θεὸν
3811 2410 3913 2461 καὶ
3963 2412 4049 2461 τὶν

2453 2501 2778 2564 πανένὸοξον
2813 2499 3118 2568 ἁθλοφόρον
3157 2500 3472 2568 Δημήτριον
3522 2501 3580 2551 ἐν
3614 2502 3826 2570 μεριχῇ
3860 2501 4025 2571 cum

2453 2610 2537 2646 σει
2584 2591 2694 2645 τῶν
2742 2591 3064 2662 Θαυμάτων,
3100 2611 3121 2644 r
3170 2591 3359 2647 Sancti
3406 2589 3658 2658 Joannis,
3684 2592 4048 2650 Thessaloni-

2453 2685 2638 2740 censis
2669 2684 3097 2755 archiepiscopi,
3145 2686 3200 2740 in
3255 2685 3431 2740 Deum
3467 2695 3526 2741 et
3575 2685 4048 2756 gloriosissimum

2454 2778 2719 2832 victorem
2753 2776 3095 2832 Demetrium
3120 2792 3248 2834 cum
3290 2779 3613 2849 particulari
3643 2779 4049 2836 miraculorum

2455 2872 2773 2926 narratione
2799 2871 3098 2938 laudatio,»
3121 2873 3177 2926 in
3199 2873 3378 2943 capite
3403 2873 3650 2944 praefert,
3677 2883 3859 2931 totum
3891 2891 4048 2946 pror-

2456 2978 2550 3018 sus
2581 2965 2842 3032 spatium,
2873 2964 2929 3018 in
2975 2965 3202 3019 laudato
3231 2966 3427 3020 codice
3453 2967 3586 3020 olim
3617 2967 3981 3029 Mazarinaeo,
4021 2984 4051 3021 e

2461 3070 2572 3125 quo
2603 3053 2839 3110 subinde
2882 3056 3074 3111 folium
3122 3072 3295 3110 unum
3340 3056 3684 3124 alterumve,
3720 3061 4052 3130 paginarum

2461 3150 2668 3213 tamen,
2697 3149 2841 3218 quod
2870 3149 2969 3203 has
3001 3164 3110 3204 non
3146 3150 3322 3219 prius,
3351 3166 3518 3221 quam
3556 3151 3764 3206 factum
3797 3153 3853 3206 id
3881 3163 4050 3212 esset,

778 3224 1008 3289 incepta:
1029 3218 1175 3273 enim
1201 3217 1354 3268 hisce
1385 3213 1589 3274 verbis,
1620 3210 1831 3273 Παντὸς
1865 3211 2028 3279 ἔργου
2143 3211 2244 3283 καὶ
2265 3211 2342 3263 λδ.

2462 3243 2641 3296 notari
2677 3242 2969 3312 contigerit
2993 3281 3008 3305 .
3043 3245 3188 3298 serie
3237 3259 3349 3297 non
3404 3243 3709 3313 interrupta
3737 3281 3754 3307 ,
3785 3253 3876 3298 cst
3906 3245 4051 3298 exci-

777 3332 900 3382 7w,
924 3311 1242 3365 earumdem
1272 3307 1460 3360 decem
1495 3302 1939 3357 lucubrationum
1985 3293 2358 3370 omnaque

775 3404 1040 3458 Joannem
1087 3396 1634 3453 Thessalonicensem
1684 3393 1854 3446 habet
1881 3403 2185 3457 auctorem,
2226 3410 2357 3463 par-

780 3507 888 3551 tem
920 3495 1187 3548 duntaxat
1217 3501 1451 3558 utraque
1491 3486 1801 3543 constituit.

853 3591 908 3642 5.
943 3586 1142 3641 Adhaec
1169 3586 1271 3639 erit
1305 3581 1574 3642 fortassis,
1621 3578 1733 3643 cui,
1780 3594 1848 3632 an
1887 3579 2144 3633 inchoata
2200 3578 2354 3634 hisce

781 3679 990 3742 verbis,
1039 3678 1186 3744 Ἔφη
1217 3676 1246 3725 ὀ
1280 3673 1551 3740 σωτήριος
1581 3669 1740 3738 λόγος
1763 3709 1779 3735 ,
1827 3671 2144 3724 earumdem
2191 3671 2353 3724 etiam

784 3774 974 3826 decem
1015 3769 1262 3837 priorum
1297 3761 1748 3818 lucubrationum
1782 3761 1965 3825 tertia,
1991 3775 2154 3829 quam
2193 3760 2357 3815 ambo

784 3865 1084 3933 scriptores
1107 3857 1312 3912 laudati
1348 3854 1518 3910 Leoni
1549 3853 1796 3922 Sapienti
1829 3853 2146 3921 imperatori
2191 3853 2356 3907 attri-

787 3958 987 4017 buunt,
1015 3967 1140 4005 vere
1174 3949 1340 4004 etiam
1374 3950 1524 4001 hunc
1555 3946 2086 4008 habeat‘auctonem,
2124 3943 2354 3999 dubium

785 4044 982 4099 elliciet
1014 4056 1117 4095 ms.
1151 4037 1311 4100 l5l7,
1341 4035 1435 4103 qui
1478 4034 1530 4087 in
1581 4032 1927 4088 bibliothecae
1979 4031 2162 4102 Regia:
2203 4032 2358 4086 Pari-

786 4135 986 4190 siensis
1010 4131 1264 4185 codicum
1297 4141 1429 4179 mss.
1464 4136 1612 4178 tomo
1630 4123 1698 4186 II,
1725 4137 1870 4177 anno
1908 4123 2042 4178 I740
2076 4123 2217 4192 typis
2239 4125 2361 4178 vul-

785 4238 932 4296 gato,
965 4222 1232 4283 occurrit,
1283 4230 1559 4286 totusque.
1591 4214 1661 4268 de
1706 4225 1898 4268 sancto
1936 4213 2218 4270 Demetrio
2248 4224 2357 4280 est,

789 4320 1242 4372 membranaceus
1266 4307 1474 4370 sreculi,
1517 4315 1577 4360 ut
1622 4313 1866 4373 apparet,
1903 4319 1976 4357 ιη
2022 4304 2218 4369 codex,
2262 4321 2360 4359 seu

791 4410 974 4480 potius
1004 4402 1474 4462 lucubrationum,
1521 4412 1643 4465 qua:
1678 4397 1732 4449 in
1774 4395 1900 4459 hoc,
1954 4395 2086 4450 olim
2135 4395 2362 4450 Malari-

792 4516 932 4563 meo,
962 4498 1340 4555 continentur,
1385 4488 1652 4544 elenchus
1683 4486 1887 4541 ibidem
1930 4488 2314 4556 suppeditatus
2344 4507 2358 4555 ;

2460 3347 2600 3398 sum,
2631 3332 2774 3388 inter
2800 3335 3083 3406 inceptum
3112 3337 3212 3390 abs
3245 3333 3398 3390 hisce
3426 3333 3632 3400 Verbis,
3665 3336 4048 3403 Μαξιμιαιδς.

2463 3429 2491 3477 ὁ
2518 3425 2614 3478 καὶ
2652 3426 2987 3497 Ἐρκούλιος,
3009 3429 3186 3482 sancti
3220 3428 3477 3483 Demetrii
3504 3429 3832 3498 martyrium
3858 3441 3920 3482 et
3953 3428 4048 3481 bo-

2463 3518 2694 3576 miliam.
2721 3520 2888 3573 tertio
2908 3521 3030 3575 loco
3061 3521 3114 3574 in
3139 3520 3380 3574 adducto
3400 3519 3635 3574 elencho
3654 3530 4046 3580 memoratam,

2463 3611 2835 3678 intercedens,
2886 3624 3051 3684 atque
3090 3631 3118 3668 a
3153 3630 3277 3685 pag.
3320 3612 3384 3666 l2
3433 3629 3608 3683 usque
3655 3613 3724 3667 ad
3784 3629 3913 3682 pag.
3946 3614 3981 3666 2
4019 3617 4049 3665 ϋ

2461 3720 2789 3768 excurrens.
2818 3709 3148 3773 certissime,
3188 3718 3380 3762 contra
3426 3723 3491 3762 ac
3531 3707 3722 3762 dictus
3776 3706 4049 3761 elenchus

2461 3795 2651 3864 exigit,
2682 3810 2791 3849 non
2824 3807 3076 3866 occupat,
3106 3813 3227 3864 seu,
3257 3799 3403 3868 quod
3437 3797 3632 3852 eodem
3667 3796 3895 3861 recidit,
3927 3811 4048 3852 sese

2468 3901 2645 3957 usque
2683 3885 2753 3941 ad
2787 3886 3075 3944 homiliam.
3101 3889 3250 3944 illam
3276 3903 3386 3944 non
3419 3889 3685 3944 extendit.

2538 4024 2591 4079 5.
2625 4023 2840 4081 Etenim
2863 4064 2878 4092 ,
2922 4027 3003 4081 uti
3049 4027 3250 4096 ipsum,
3285 4027 3353 4082 de
3381 4044 3492 4097 quo
3521 4028 3634 4090 hic,
3665 4029 3926 4083 codicem
3970 4029 4048 4080 in.

2465 4117 2718 4185 spicienti
2756 4126 3024 4188 patescet,
3054 4135 3084 4172 a
3118 4135 3242 4190 pag.
3275 4120 3398 4184 l35,
3429 4136 3536 4189 qua
3575 4121 3935 4186 terminatur,
3965 4139 4048 4174 us-

2465 4223 2573 4278 que
2604 4207 2670 4262 ad
2708 4225 2830 4280 pag.
2858 4209 2964 4264 206
2993 4209 3096 4264 sibi
3123 4211 3303 4264 adhuc
3333 4212 3444 4264 duo
3473 4211 3599 4274 alia,
3640 4227 3882 4279 quorum
3917 4215 4049 4265 alte-

2473 4317 2618 4367 rum,
2665 4301 2827 4356 titulo
2849 4302 3015 4356 simul
3039 4311 3095 4357 et
3121 4302 3343 4357 nomine
3367 4304 3612 4357 auctoris
3649 4302 3704 4356 in
3739 4305 3927 4366 capite
3956 4305 4048 4356 de-

2471 4393 2867 4457 stittttum,sex
2906 4393 3122 4447 diversa
3179 4393 3353 4448 sancti
3396 4393 3660 4448 Demetrii
3706 4395 3979 4448 miracula
4023 4412 4048 4445 a

2469 4501 2594 4554 pag.
2629 4486 2727 4539 155
2755 4501 2926 4556 usque
2949 4485 3017 4540 ad
3044 4485 3153 4540 205
3181 4487 3423 4556 exponit.
3453 4487 3715 4549 alterum,
3740 4489 3912 4542 titulo
3943 4504 4048 4541 non

791 4593 879 4646 hic
909 4591 1054 4644 enim
1086 4587 1169 4640 sic
1199 4583 1362 4637 habet
1392 4600 1404 4633 :
1443 4598 1460 4629 ί
1492 4580 1611 4643 Quo
1635 4576 1846 4646 (codice
1866 4594 2064 4647 nempe
2092 4579 2362 4634 membra-
2399 4582 2437 4635 ο
2472 4588 2681 4631 tantutn
2708 4587 2762 4631 et
2798 4578 3019 4632 nomine
3049 4579 3290 4632 auctoris
3311 4579 3656 4643 destitutum,
3678 4578 3776 4632 sed
3800 4588 3881 4642 et,
3907 4581 4048 4649 quod

791 4698 962 4738 naceo
986 4680 1197 4740 Graeco,
1250 4674 1383 4728 olim
1436 4669 1802 4737 Maurinaeo.)
1832 4674 2184 4726 continentur
2217 4672 2363 4727 lDe-

792 4771 976 4828 metrii
1018 4767 1363 4838 martyrium.
1398 4762 2019 4832 1ηςίνίιεΜιξιμιανδς,
2053 4765 2080 4815 ὁ
2109 4765 2204 4816 καὶ
2236 4765 2362 4834 Ἐρ-

797 4859 1031 4917 κού).ιος.
1081 4855 1137 4907 2.
1189 4854 1447 4922 Ejusdem
1505 4850 1626 4905 Vita
1680 4861 1736 4905 et
1787 4852 2086 4915 miracula.
2135 4862 2360 4908 auctore

791 4951 1002 5003 Joanne
1032 4944 1452 5013 archiepiscopo
1477 4941 1979 4997 Thessalonicensi.
2011 4943 2067 4996 3.
2103 4944 2359 5014 Ejusdem

792 5040 1018 5095 Joannis
1051 5037 1304 5100 Humilia,
1337 5050 1463 5090 cum
1511 5034 1658 5088 ades
1693 5034 1746 5087 in
1777 5034 1925 5102 regia
1951 5043 2140 5088 sancto
2172 5037 2362 5091 Deme—

796 5133 903 5185 trio
939 5130 1040 5183 luit
1062 5137 1300 5182 sacrata.
1333 5126 1569 5196 Incipit:
1601 5124 1749 5195 Ἔφη
1773 5128 1801 5179 ὁ
1822 5128 2089 5196 σωτήριος
2109 5127 2359 5193 16704.4.

797 5221 1185 5275 Mirm-olorum
1220 5234 1250 5272 a
1291 5227 1480 5274 saneto
1505 5217 1784 5271 Demetrio
1811 5226 2147 5285 patratoentn
2191 5218 2360 5273 histo-

799 5315 898 5366 ria.
931 5311 1129 5380 Incipit
1160 5328 1173 5363 :
1204 5311 1393 5363 Ἀλλοι
1427 5312 1524 5378 μὲν
1556 5309 1697 5364 ἄλλα.
1728 5310 1838 5360 τῶν
1873 5308 1968 5361 τοῦ
2009 5311 2362 5381 μεγαλομάρ-

795 5420 980 5472 τυρος.
1025 5404 1077 5455 5.
1113 5403 1361 5465 Joannis,
1391 5402 1899 5456 Thessalonicensis
1948 5403 2214 5471 episcopi,
2255 5403 2363 5456 Ho-

801 5494 952 5547 milia
985 5493 1042 5546 in
1087 5494 1302 5547 laudem
1334 5494 1508 5547 sancti
1537 5493 1822 5548 Demetrii.
1863 5491 2056 5561 Incipit
2079 5507 2099 5545 :
2128 5495 2363 5564 Μνήμην

797 5585 1008 5635 δικαίοδ
1048 5584 1200 5650 (imo
1224 5584 1486 5646 δικαίων)
1521 5585 1640 5652 μετ’
1674 5585 1988 5652 ἐγκωμίων.
2027 5585 2079 5637 6.
2115 5584 2360 5654 Joaepbi,

800 5674 1311 5728 Thessalonicensis
1342 5676 1765 5744 archiepiscopi,
1799 5675 2027 5730 llomilia
2062 5675 2115 5730 in
2148 5677 2360 5732 laudent

798 5765 1059 5819 Demetrii
1087 5765 1314 5818 inedita.
1340 5765 1537 5834 Incipit
1563 5766 1770 5835 Φιιόρὰ
1791 5768 1899 5836 μὲν
1930 5767 2022 5819 οὖν
2048 5770 2079 5837 ἡ
2115 5770 2361 5839 πιινήγυ-

803 5872 905 5926 ρις.
944 5855 1088 5911 Finis
1125 5857 1504 5927 desideratur;
1541 5878 1558 5910 ι
1595 5859 1698 5913 ista
1727 5870 1906 5914 autem
1943 5860 2107 5928 dicta,
2142 5877 2262 5930 quae
2294 5864 2362 5917 :tb

2472 4679 2595 4738 post
2623 4685 2743 4739 pag.
2775 4669 2880 4723 205
2911 4671 3100 4724 folium
3137 4671 3209 4724 sit
3244 4671 3530 4737 excisum,
3562 4672 3723 4726 initio
3753 4675 4046 4735 mutilum,

2470 4762 2781 4830 quampiam
2817 4761 2883 4815 ad
2925 4763 3100 4816 sancti
3155 4762 3413 4816 Demetrii
3452 4763 3652 4817 festum
3713 4780 3842 4818 cum
3892 4767 4050 4833 spiri.

2477 4855 2611 4907 tuali
2647 4853 2854 4923 potius,
2898 4868 3065 4923 quam
3101 4855 3370 4923 corporali
3402 4856 3602 4926 gaudio
3647 4856 4047 4911 celebrandum

2473 4944 2840 4998 hortationem
2874 4961 2902 4999 a
2940 4961 3062 5015 pag.
3085 4945 3193 5000 205
3222 4961 3396 5016 usque
3427 4949 3494 5001 ad
3523 4963 3624 5017 pag
3671 4948 3780 5002 206
3808 4952 4051 5018 corripie-

2471 5036 2658 5099 ctitur,
2697 5037 2960 5104 opuscula
3008 5037 3174 5093 habet
3217 5039 3503 5108 subjecta,
3550 5055 3617 5095 ac
3661 5052 3778 5094 tum
3829 5042 4049 5097 domum

2472 5128 2743 5196 sequitur,
2773 5129 2841 5182 de
2885 5130 3043 5199 cujus
3073 5137 3297 5186 auctore
3328 5131 3420 5187 hic
3452 5133 3826 5202 disputamus,
3871 5136 4050 5190 homi-

2469 5220 2565 5273 lia.
2595 5218 2712 5274 Jain
2739 5234 2892 5287 vero,
2924 5236 3046 5275 cum
3086 5222 3140 5276 id
3189 5223 3266 5277 ita
3296 5223 3516 5291 habeat,
3559 5227 3784 5296 hecque
3832 5229 4048 5282 titulum

2471 5322 2813 5381 sequentem,
2865 5314 2974 5367 Τοῦ
3017 5314 3183 5367 αὑτοῦ
3225 5315 3434 5386 ὁμιλία,
3465 5319 3552 5371 ὅτε
3583 5320 3660 5386 τῷ
3684 5319 3929 5389 ἀοιδίμφ
3960 5323 4048 5387 τῖς

2472 5404 2755 5466 εὐσεϐείας
2798 5406 3104 5475 ἀγωνιστῇ,
3150 5408 3246 5458 καὶ
3293 5410 3362 5458 τὰ
3393 5408 3622 5476 οὐράνια.
3663 5413 4047 5476 sceptuchi-Evt:

2471 5498 2749 5562 ἀνάκτορα
2773 5495 3072 5566 Δημητρίῳ
3109 5501 3136 5550 ὁ
3169 5494 3317 5560 οἶκος
3351 5500 3409 5550 ὲν
3441 5503 3552 5559 τοῖς
3579 5499 3884 5568 proﬁciat;
3912 5505 4046 5554 dua-

2476 5587 2648 5656 ρὼθη,
2692 5606 2710 5638 ‹
2747 5588 3003 5657 Ejusdem
3051 5591 3300 5653 bomilia,
3342 5592 3566 5658 quando
3609 5592 3846 5653 celebri,
3893 5595 4045 5648 coelo.

2471 5690 2720 5747 stemque
2765 5680 2943 5732 aulam
2993 5681 3202 5735 tenenti
3257 5681 3477 5749 pietatis
3530 5681 3704 5749 pugili
3772 5682 4040 5737 Demetrio

2470 5770 2614 5823 ades
2644 5771 2696 5823 in
2731 5769 2877 5838 regia
2910 5769 3012 5822 fuit
3046 5781 3364 5825 consecrata
3391 5812 3405 5836 ,
3451 5791 3468 5821 ι
3507 5773 3610 5825 sibi
3667 5771 3870 5824 habeat
3921 5789 4040 5841 pra:-

2474 5865 2661 5931 I‘txum,
2700 5879 2806 5919 nou
2841 5863 2939 5918 luit
2963 5879 3113 5933 sane,
3142 5879 3261 5933 cur,
3287 5867 3384 5936 qui
3409 5864 3836 5935 opusculorum,
3866 5867 3915 5920 in
3946 5880 4040 5921 uic-
