4218 6442
215 399 358 469 1085

1221 402 1284 465 S.
1328 398 1720 462 DEMETRII
1763 396 2166 458 MARTYRlS
2208 397 2390 457 ACTA

3336 387 3471 485 mss

213 530 431 577 morato
460 521 653 579 codice
684 536 789 579 ms.
826 523 895 579 de
937 528 1129 578 sancto
1172 522 1455 578 Demetrio
1506 529 1794 576 contento—
1826 528 1866 582 Α
1901 518 2057 572 sculo
2088 528 2364 587 separato.
2390 519 2547 585 cujus
2577 532 2745 570 unum
2781 530 2954 585 penes
2978 532 3059 568 me
3085 523 3263 569 exstat
3291 528 3475 568 exem-

216 629 361 674 rum.
401 613 699 670 elenchum
724 614 977 687 digessit,
1008 615 1550 671 lucubratiunculam
1588 615 1747 669 istam
1773 656 1788 679 ,

216 720 340 773 qua:
367 720 398 758 a
430 720 554 775 pag.
588 705 697 760 206
722 722 897 776 usque
918 707 984 762 ad
1015 723 1136 776 pag.
1168 706 1275 761 208
1309 707 1577 760 duntaxat
1601 721 1826 779 excur-V

218 797 315 861 rit,
354 796 555 853 Joanni
591 798 1069 854 Thessalonicensi
1096 799 1513 871 archiepiscopo
1552 799 1794 853 ascribe-

220 900 325 944 ret.
357 889 471 944 lmo
506 906 660 955 vero,
694 905 820 945 cum
846 892 1036 946 eadem
1065 891 1542 947 lucubratiuncula
1565 931 1578 953 ,
1617 891 1693 944 uti
1727 906 1793 944 ex

216 978 327 1055 jam
362 977 509 1042 dato,
540 994 702 1047 quem
748 979 986 1049 prefert,
1034 982 1194 1036 titulo
1235 983 1451 1052 liquet,
1484 982 1552 1036 ab
1596 982 1791 1037 eodem

217 1079 466 1133 auctore,
504 1088 533 1125 a
562 1087 693 1141 quo,
717 1073 864 1142 quod
898 1074 1145 1142 proxime
1169 1076 1220 1129 ei
1253 1076 1627 1145 praemittitur,
1653 1092 1787 1145 Opu-

220 1164 455 1226 sculum,
492 1164 718 1220 indubie
749 1168 819 1220 sit
851 1177 1133 1234 contexta,
1160 1170 1407 1240 nihilque
1442 1170 1667 1225 omnino
1697 1170 1799 1225 ob-

221 1264 348 1321 stet,
380 1260 678 1327 quominus
730 1260 855 1327 hoc,
890 1271 1081 1332 utpote
1162 1263 1406 1318 auctoris
1452 1265 1678 1318 nomine
1731 1280 1795 1318 ex

222 1349 385 1404 dictis
418 1351 472 1404 in
496 1352 686 1407 codice
713 1354 939 1423 prmfato
970 1356 1319 1421 destitutum,
1352 1357 1522 1412 Leoni
1552 1359 1794 1429 Sapienti

221 1444 572 1509 attribuatur,
617 1446 750 1500 mihi
793 1463 946 1512 sane,
994 1448 1064 1503 ab
1100 1450 1299 1504 illustri
1348 1452 1448 1505 hoc
1500 1454 1793 1519 scriptore,

221 1535 309 1588 cui
337 1535 407 1589 ab
443 1535 644 1590 Allatio
672 1548 728 1591 et
775 1538 1029 1592 Fabricio
1056 1541 1371 1605 ascribitur,
1405 1541 1577 1595 fuisse
1627 1545 1794 1596 etiam

222 1627 369 1680 illam
406 1629 750 1696 adornatam,
776 1632 1275 1695 verosimillimum,
1304 1651 1369 1688 ne
1401 1636 1602 1696 dicam,
1638 1635 1798 1687 indu—

226 1718 376 1772 bium
408 1732 655 1790 apparet,
692 1733 748 1776 ut
779 1724 917 1777 adeo
942 1725 996 1778 in
1031 1727 1285 1787 elencho,
1316 1729 1519 1795 saepius
1544 1730 1653 1797 jam
1682 1745 1796 1782 me-

223 1820 466 1869 morato.
512 1814 757 1879 Joannis,
799 1816 1204 1887 archiepiscopi
1246 1817 1793 1887 Thessalonicensis,

224 1890 447 1957 nomine
480 1920 768 1974 perperam
795 1909 866 1961 sit
893 1910 1131 1979 signata.

295 1997 347 2050 6.
375 1998 575 2052 Verum
606 2001 707 2054 etsi
740 2002 792 2054 id
829 2003 901 2057 ita
926 2001 1017 2065 sit,
1049 2005 1102 2057 in
1137 2005 1331 2059 eodem
1364 2006 1619 2073 equidem
1648 2007 1799 2059 elcn«

223 2089 349 2153 cho,
391 2107 511 2159 qua:
541 2092 795 2157 alteram,
828 2094 896 2149 ab
943 2096 1027 2149 his
1066 2097 1272 2161 verbis,
1302 2098 1486 2150 Ἀλλοι
1515 2101 1613 2166 μὲν
1641 2098 1794 2162 ἄλλα,

226 2182 500 2251 inceptam
536 2193 701 2253 atque
731 2202 761 2239 a
793 2202 916 2258 pag.
940 2187 1047 2241 208
1077 2203 1249 2257 usque
1276 2190 1344 2243 ad
1381 2205 1503 2260 pag.
1529 2191 1636 2244 226
1669 2206 1796 2260 pro-

226 2283 462 2339 tensam,
511 2279 759 2333 auctoris
786 2282 1043 2350 anonymi
1078 2283 1145 2336 de
1176 2284 1353 2337 sancti
1402 2284 1663 2339 Demetrii
1700 2285 1801 2338 mi-

226 2367 431 2422 raculis
450 2368 886 2426 lucubrationem
913 2377 1159 2443 proxime
1185 2378 1413 2447 excipit,
1447 2379 1673 2432 homilia
1699 2395 1797 2433 seu

227 2460 437 2527 potius,
476 2471 643 2529 prout
682 2465 736 2515 in
771 2464 952 2527 titulo,
977 2482 1140 2535 quem
1178 2468 1421 2536 praefert,
1455 2470 1797 2533 inscribitur,

225 2562 547 2608 coiitextum
580 2555 634 2608 in
662 2558 842 2610 sancti
878 2558 1138 2613 Demetrii
1169 2560 1409 2623 Iaudem,
1444 2564 1587 2631 quod
1617 2580 1645 2615 a
1675 2579 1798 2632 pag.

224 2643 333 2697 226
353 2660 525 2712 usque
549 2645 614 2698 ad
658 2662 781 2717 pag.
817 2647 923 2703 ενι
949 2665 1158 2704 versam
1195 2654 1460 2718 excurrit,
1486 2655 1799 2708 eneomium

224 2738 448 2797 Joanni,
473 2737 948 2795 Thessaloniceusi
980 2744 1419 2814 archiepiscopo,
1448 2755 1597 2801 recte
1625 2750 1799 2801 ascri-

227 2828 399 2895 l-itur,
440 2830 512 2884 uti
552 2840 607 2884 et
649 2831 907 2899 Josepho,
957 2834 1442 2891 Thessalonicensi
1483 2840 1672 2893 itidem
1709 2855 1797 2893 ar-

228 2920 604 2990 chiepiscopo,
634 2923 780 2976 aliud
803 2923 990 2979 Sancti
1023 2929 1358 2992 encomium,
1379 2929 1524 2996 quod
1552 2932 1799 2984 encomio

229 3029 358 3066 mox
387 3014 533 3068 dicto
561 3020 809 3083 proxime
854 3018 1226 3087 subiungitur,
1256 3022 1536 3089 quodque,
1564 3022 1672 3076 {ine
1702 3039 1799 3077 ex-

229 3108 431 3161 sistens
462 3110 731 3171 mutilum,
769 3124 799 3163 a
840 3126 960 3180 pag.
1009 3111 1110 3164 2L7
1148 3129 1303 3166 versa
1349 3129 1520 3183 usque
1575 3116 1642 3168 ad
1677 3133 1797 3187 pag.

227 3214 444 3253 versam
472 3200 597 3263 253,
625 3200 834 3255 codicis
863 3203 1163 3272 sepissime
1191 3206 1301 3274 jam
1351 3207 1581 3271 laudati,
1628 3224 1657 3260 e
1688 3224 1798 3277 quo

228 3291 441 3359 aliquot
500 3290 588 3344 hic
625 3291 752 3344 folia
812 3293 992 3346 excisa
1037 3304 1202 3356 sunt,
1247 3296 1489 3349 ultimam
1536 3296 1801 3353 duntaxat

228 3382 566 3435 extenditur.
595 3384 771 3450 Atque
804 3382 879 3436 ita
920 3384 1081 3436 simul
1119 3398 1184 3437 ex
1221 3385 1416 3439 eodem
1466 3388 1567 3439 hoc
1609 3387 1800 3442 codice

232 3483 347 3527 tres
380 3484 639 3541 pra-terea
662 3476 821 3539 alias,
845 3490 967 3544 qua:
993 3477 1076 3531 vel
1107 3478 1405 3545 ipsummet
1430 3477 1690 3533 Sanctum
1715 3482 1799 3533 vel

229 3574 442 3634 patrata
474 3566 543 3618 ab
564 3582 632 3619 eo
665 3566 925 3621 miracula
962 3567 1266 3630 celebrant,
1293 3579 1456 3640 atque
1486 3573 1577 3624 hic
1606 3588 1799 3627 recen-

229 3657 417 3710 sendas
450 3659 630 3710 adhuc
665 3658 969 3721 restabant,
1014 3660 1430 3717 lucubrationes
1470 3679 1633 3733 supra
1666 3679 1800 3719 enu-

232 3751 459 3804 meratis
515 3751 796 3805 addendas
857 3752 1144 3807 habemus.
1202 3755 1522 3810 Proximum
1570 3768 1693 3820 est,
1742 3768 1803 3812 ut

229 3845 517 3910 opuscula,
543 3846 748 3913 quibus
773 3847 947 3900 sancti
974 3848 1233 3902 Demetrii
1274 3864 1370 3903 seu
1394 3850 1503 3904 vita
1534 3866 1626 3905 seu
1656 3867 1801 3904 mar-

233 3938 439 4004 tyrium
475 3940 791 4005 exponitur,
826 3940 991 3992 modo
1022 3940 1189 3994 etiam
1223 3958 1626 3997 recenseamus.
1657 3946 1802 3998 Alla-

235 4028 349 4080 tius
374 4025 451 4079 De
506 4026 815 4083 Simeonum
851 4032 1063 4098 scriptis
1098 4032 1207 4085 duo
1252 4032 1467 4087 diversa
1494 4074 1509 4098 ,
1567 4050 1800 4102 quorum

241 4127 354 4169 tam
386 4134 555 4171 unum
581 4160 595 4182 ,
626 4134 790 4187 quam
821 4120 968 4172 aliud
995 4159 1011 4185 ,
1040 4123 1215 4175 sancti
1252 4121 1513 4176 Demetrii
1546 4124 1803 4177 inscribit

232 4210 579 4277 martyrium,
606 4223 728 4278 pag.
756 4210 856 4264 l2?)
880 4221 935 4265 et
959 4226 1080 4281 pag.
1111 4212 1210 4265 I26
1237 4223 1504 4268 recenset.
1529 4213 1797 4279 Primum,

231 4296 383 4365 quod
434 4297 580 4351 inter
623 4308 942 4352 sanctorum
982 4299 1156 4364 Vitas,
1202 4317 1230 4355 a
1283 4302 1651 4371 Metaphraste
1692 4320 1799 4357 non

231 4388 596 4456 conscriptas,
640 4389 829 4454 refert,
883 4392 998 4446 haec
1031 4393 1220 4453 verba,
1255 4394 1386 4445 Ὀτι
1430 4396 1739 4464 Μαξιμῖνος
1774 4398 1801 4449 ὀ

235 4482 496 4551 βασιλεὺς
526 4486 583 4535 ὲν
618 4487 682 4551 τῇ
719 4484 1163 4539 Gamalam):th
1188 4486 1341 4554 διῆγε
1372 4486 1561 4553 πόλειζ
1601 4504 1796 4543 εθειιηο

1900 611 2041 677 plar,
2089 610 2381 663 Bollandns
2412 626 2620 673 nosner,
2658 610 2959 663 Laurentio
2995 609 3213 663 Coccho
3247 617 3471 677 rogante

1899 713 2260 772 sumptusque
2290 704 2767 763 subministrante,
2795 718 2938 753 anno
2968 701 3104 754 1655
3124 702 3264 769 typis
3290 701 3469 755 Meur-

1900 794 2074 849 siauis
2111 796 2488 849 excudendam
2523 796 2772 857 curavit;
2814 795 2960 862 quod
3006 805 3189 847 autem
3224 794 3289 846 ad
3323 794 3465 862 prio-

1904 902 2017 939 rem
2055 898 2285 956 spectat,
2322 890 2460 940 hanc
2488 904 2604 941 esse
2634 898 2767 958 puto
2796 889 2939 941 illam
2979 890 3185 956 ipsam,
3215 903 3337 956 qua:
3388 888 3467 939 la-

1904 978 2117 1033 tinitate
2153 979 2221 1033 ab
2265 981 2557 1033 Anastasio
2587 980 3020 1033 Bibliothecario
3050 980 3252 1033 donata
3298 979 3471 1048 pluri--

1904 1069 2119 1140 busque
2154 1072 2312 1126 libris
2360 1088 2489 1126 mss.
2547 1073 2779 1141 aliisque
2826 1071 3024 1127 deinde
3069 1075 3273 1127 inserta
3324 1073 3471 1127 hisce

1905 1162 2197 1216 inchoatur
2228 1165 2412 1218 verbis
2440 1182 2451 1218 :
2544 1168 2679 1218 (lum
2714 1166 3010 1234 imperator
3034 1165 3392 1219 Maximianus
3420 1166 3471 1219 iu

1905 1253 2479 1311 Thessalonicensium
2538 1258 2756 1328 degeret
2816 1259 3059 1313 civitate.
3113 1276 3131 1308 ι
3188 1260 3262 1312 Ea
3301 1259 3474 1324 .scdet

1903 1350 2203 1411 sententia,
2237 1350 2381 1419 quod
2427 1352 2507 1405 sic
2558 1368 2728 1406 unum
2780 1354 3031 1421 idemque
3072 1354 3365 1420 utriusque
3398 1353 3475 1406 sit

1905 1441 2143 1495 initium.
2198 1442 2311 1495 Nec
2356 1444 2544 1505 refert,
2599 1444 2743 1511 quod
2778 1444 2965 1498 Grece
3013 1443 3155 1511 apud
3210 1440 3471 1498 Allatium

1906 1532 2232 1601 Μαξιμῖνος,
2280 1533 2474 1588 Latine
2519 1536 2662 1603 apud
2714 1537 3062 1590 Anastasium
3107 1535 3474 1593 Maximianus

1906 1624 2201 1677 scribatur.
2221 1627 2592 1694 Praeterquam
2622 1628 2770 1681 enim
2792 1628 2937 1696 quod
2959 1628 3147 1683 Graece
3167 1630 3475 1698 Μαξιμῐνος

1906 1729 2004 1781 pro
2034 1715 2400 1783 Μαξιμιανὸς,
2435 1720 2514 1771 vel
2550 1729 2760 1780 contra,
2799 1734 2909 1773 non
2944 1734 3070 1773 raro
3100 1728 3364 1787 scriptum
3394 1722 3477 1774 in-

1903 1808 2178 1870 veniatur,
2208 1808 2838 1864 FabricinsBibliothecm
2862 1811 3062 1865 Cra-cm
3086 1821 3221 1866 tom.
3243 1813 3331 1877 IX,
3349 1828 3471 1884 pag.

1834 1903 1873 1958 Β
1906 1901 1995 1967 72,
2039 1902 2226 1956 laudat
2258 1904 2308 1956 in
2338 1903 2671 1957 bibliotheca
2706 1905 3041 1959 Coisliniana
3091 1916 3313 1961 exstans
3366 1922 3471 1962 ms.

1904 1991 2037 2044 Vitas
2062 2008 2156 2044 seu
2195 1994 2469 2046 Passionis
2494 1996 2667 2047 sancti
2693 1995 2971 2057 Demetrii,
2993 1995 3183 2049 Latine
3214 2012 3311 2064 per
3333 1999 3472 2049 Ana-

1902 2085 2132 2136 stasium
2163 2084 2648 2140 Bibliothecarium
2697 2089 2923 2142 redditae
2950 2129 2963 2149 ,
3005 2090 3253 2142 Graecum
3285 2102 3469 2143 exem-

1906 2178 2042 2247 plar,
2073 2180 2127 2232 in
2155 2196 2267 2250 quo
2314 2198 2422 2235 non
2454 2183 2782 2249 Μαξιςλῐνος.
2814 2183 2909 2237 sed
2940 2182 3282 2249 MaEtptaqu
3304 2184 3472 2236 effer-

1904 2282 2008 2325 tur.
2038 2273 2147 2327 Nec
2187 2275 2346 2327 aliter
2378 2277 2481 2329 hoc
2521 2292 2720 2329 nomen
2750 2287 3010 2331 exaratur
3031 2278 3086 2331 in
3116 2277 3324 2339 Graeca,
3348 2293 3471 2345 quae

1905 2374 1963 2419 et
1994 2369 2048 2419 in
2089 2368 2393 2421 substantia
2433 2379 2489 2422 et
2528 2386 2579 2423 tn
2615 2372 2888 2439 adjunctis
2918 2372 3033 2424 fere
3061 2371 3318 2425 omnibus
3344 2385 3468 2426 cum

1905 2458 2285 2513 lucubratione
2312 2462 2694 2525 Anastasiana,
2728 2463 2909 2517 verbis
2948 2464 3075 2517 licet
3110 2464 3179 2517 ab
3208 2464 3310 2518 hac
3333 2464 3474 2518 mul-

1906 2560 2020 2603 tum
2052 2553 2295 2617 diversa,
2329 2556 2573 2622 apprime
2603 2557 2880 2625 congruit,
2914 2556 3177 2612 Demetrii
3210 2557 3470 2613 Passione

1905 2641 2031 2703 alia,
2068 2659 2097 2696 a
2135 2644 2331 2697 Photio
2380 2645 2433 2697 in
2482 2645 2812 2701 bibliotheca
2858 2648 3045 2702 codice
3070 2650 3178 2702 255
3205 2649 3471 2706 exhibita.

1904 2734 2105 2787 Adlnec
2131 2735 2183 2787 in
2210 2738 2470 2792 omnibus
2496 2754 2718 2805 prorsus
2740 2739 2974 2803 Larinis,
2998 2757 3117 2809 quae
3138 2743 3359 2810 quidem
3389 2742 3470 2795 ri-

1905 2824 2037 2877 dere
2064 2827 2195 2878 mihi
2228 2828 2406 2891 licuit,
2440 2829 2571 2882 Vita:
2593 2846 2689 2896 per
2714 2831 3059 2884 Anastasium
3088 2847 3259 2885 versa:
3279 2848 3469 2887 exem-

1906 2915 2151 2982 plaribus
2171 2918 2556 2982 Maximianus,
2586 2936 2694 2973 non
2730 2922 3078 2982 Maximinus.
3112 2923 3396 2978 scribitur.

1976 3007 2028 3059 8.
2066 3008 2171 3062 Sed
2202 3010 2270 3063 de
2308 3027 2366 3063 re
2395 3012 2494 3066 hac
2523 3014 2632 3079 jam
2672 3016 2824 3067 satis.
2855 3016 3059 3069 Praeter
3085 3016 3224 3070 duas
3249 3032 3345 3071 seu
3375 3031 3473 3085 po.

1910 3100 2020 3156 tius
2052 3113 2181 3167 tres,
2208 3121 2271 3157 ea
2305 3107 2536 3170 scilicet,
2560 3124 2720 3176 quam
2753 3126 2781 3162 a
2823 3110 3019 3164 Pbotio
3073 3112 3319 3167 exhiberi
3349 3128 3472 3168 mox

1907 3199 2116 3260 monui,
2155 3201 2773 3264 annumerata,Gr2ecas
2809 3203 2995 3259 Sancti
3027 3206 3173 3259 Vitas
3202 3221 3298 3259 seu
3342 3205 3473 3261 Pas-

1906 3290 2088 3342 sioues
2126 3292 2295 3345 altera
2349 3295 2527 3347 adhuc
2557 3294 2744 3350 Graeca
2797 3297 2985 3351 itidem
3021 3299 3269 3353 inchoata
3320 3300 3471 3357 hisce

1903 3380 2109 3445 verbis,
2138 3383 2481 3449 Μιιξιμιανὸς
2514 3388 2539 3435 ὁ
2563 3387 2655 3436 καὶ
2687 3386 2998 3448 Ἐρκούλιοτ
3035 3389 3304 3453 ὑποτάξας
3340 3390 3468 3442 [‘61-

1906 3471 2054 3539 θους,
2099 3474 2450 3530 bibliothecas
2507 3478 2709 3531 Greca:
2742 3490 2873 3532 tom.
2904 3480 2976 3534 l1
3002 3497 3029 3534 a
3064 3480 3469 3553 Fabricio,‘qui

1904 3563 2108 3618 ibidem
2129 3568 2265 3620 duas
2286 3571 2500 3635 priores
2524 3585 2586 3622 ex
2607 3571 2806 3625 Allatio
2823 3574 2931 3641 jam
2958 3583 3283 3628 memoratas
3302 3576 3468 3629 etiam

1903 3670 2179 3720 recenset,
2225 3675 2347 3729 pag.
2387 3662 2452 3713 72
2489 3663 2774 3727 laudatur,
2814 3664 3129 3734 integraque
3174 3666 3365 3720 eadem
3416 3669 3468 3721 in

1904 3748 2094 3801 codice
2124 3749 2251 3803 olim
2280 3750 2623 3813 Mazarinaao,
2660 3755 2859 3821 saepius
2883 3769 3044 3822 supra
3075 3756 3261 3812 citato.
3288 3772 3316 3809 a
3346 3772 3469 3825 pag.

1907 3839 1930 3891 1
1972 3856 2143 3907 usque
2178 3842 2243 3893 ad
2272 3857 2394 3910 pag.
2427 3843 2491 3895 l0
2521 3860 2730 3897 versam
2765 3847 3076 3911 exhibetur,
3111 3849 3188 3901 uti
3213 3857 3268 3901 et
3299 3850 3351 3902 in
3380 3866 3470 3903 co-

1903 3932 2025 3988 dice
2053 3944 2242 3987 nostro
2269 3937 2485 4005 signato
2522 3943 2579 3998 vlt
2620 3953 2720 3991 ms.
2761 3939 2862 3992 195
2894 3955 2922 3992 a
2959 3956 3077 4009 pag.
3107 3941 3176 3995 38
3202 3956 3373 4010 usque
3403 3942 3470 3997 ad

1903 4040 2007 4094 pag
2042 4026 2129 4079 £2.
2164 4028 2433 4082 Caeterum
2483 4040 2541 4084 ut
2575 4033 2940 4086 contractiora
2980 4034 3166 4087 Sancti
3193 4035 3387 4103 elogia.
3416 4035 3469 4090 in

1905 4118 2283 4170 commentarii
2322 4117 2585 4173 duntaxat
2616 4121 2853 4175 decursu
2875 4164 2889 4183 ,
2921 4124 2966 4176 si
2999 4123 3129 4189 quid
3159 4133 3347 4177 ootatu
3387 4124 3469 4177 di-

1904 4224 2069 4276 gnum
2122 4210 2479 4275 contineant,
2535 4212 2618 4265 vel
2680 4215 3093 4269 transcribenda
3146 4218 3227 4270 vel
3276 4218 3469 4271 saltem

1904 4304 2401 4361 commemoranda,
2432 4304 2715 4357 brevitatis
2743 4320 2873 4375 ergo
2900 4316 3243 4375 praeteream.
3268 4308 3471 4363 Graecis

1906 4390 2164 4445 Demetrii
2200 4393 2337 4447 Vitis
2372 4395 2483 4463 jam
2531 4399 2867 4453 enumeratis
2896 4397 3141 4452 addenda
3183 4400 3361 4455 adhuc
3390 4411 3471 4454 est

1909 4483 2172 4550 prolixior
2196 4484 2311 4537 Vita
2344 4485 2532 4538 Latina
2567 4502 2658 4539 seu
2688 4489 2866 4555 potius
2891 4490 3020 4543 Viue
3050 4490 3270 4551 Graecae,
3308 4508 3467 4560 quam

232 4575 369 4628 dum
415 4584 624 4640 autem,
674 4576 818 4645 quod
860 4578 1012 4631 Actis
1050 4592 1146 4631 seu
1173 4577 1333 4642 Vilis,
1375 4595 1403 4633 α
1440 4580 1799 4648 Μειεριιηςιε
1832 4592 1879 4652 D
1908 4574 2099 4641 priori,
2137 4576 2494 4645 alteriusque,
2524 4594 2685 4647 quam
2720 4582 3005 4648 posteriori
3045 4583 3165 4635 loco
3197 4585 3467 4647 recensui,

232 4669 530 4732 contextis,
563 4678 832 4733 accenset,
865 4670 1152 4739 sequentia
1201 4671 1408 4732 isthaac,
1440 4670 1564 4741 Εἶχε
1604 4674 1702 4741 μιν
1735 4674 1802 4722 τὰ

246 4759 541 4825 Ῥωμαίων
573 4758 831 4828 σκῆπτρα
876 4760 1217 4827 Μαξιμιανὸς
1257 4762 1285 4811 ὀ
1345 4760 1680 4833 Ἐρκοὺλιος,
1704 4778 1803 4830 pro

236 4849 405 4905 initio
432 4850 619 4905 habet.

308 4944 363 4994 7.
398 4947 572 5013 Atque
619 4946 759 4999 hanc
793 4945 1015 5013 quidem
1053 4946 1416 5015 posteriorem
1464 4948 1807 5001 lucubratio-

238 5048 389 5095 nem,
417 5050 559 5101 quas,
595 5050 623 5086 a
658 5034 961 5104 Lipomano
1005 5037 1059 5088 in
1108 5036 1347 5104 linguam
1396 5036 1644 5089 Latinam
1693 5037 1804 5107 pti-

236 5141 389 5179 mum
419 5142 703 5190 conversa,
750 5138 905 5181 sexto
948 5128 1217 5189 Vitarum,
1270 5128 1566 5183 Latinitate
1606 5130 1673 5182 ab
1738 5145 1806 5183 eo

235 5219 590 5281 donatarum,
629 5230 777 5272 tomo
800 5219 868 5272 ad
906 5219 975 5274 26
1012 5218 1265 5275 Octobris
1287 5222 1455 5283 diem,
1486 5230 1672 5275 sancto
1699 5222 1803 5275 De-

236 5312 440 5365 metrio
481 5312 625 5379 apud
675 5312 894 5366 Grascos
926 5326 1167 5373 sacrum,
1201 5312 1304 5365 fuit
1350 5314 1577 5377 inserta,
1609 5313 1807 5369 Surius

235 5402 440 5457 deinde
464 5403 521 5455 in
546 5403 813 5462 Vitarum.
841 5419 1002 5471 quam
1035 5404 1370 5472 compilavit,
1401 5406 1803 5471 collectionem,

235 5493 394 5547 nulla
425 5494 650 5547 omnino
684 5495 738 5548 in
772 5493 1055 5562 Lipomani
1085 5494 1602 5563 interpretationem
1630 5509 1805 5550 muta-

237 5586 390 5640 tione
432 5586 663 5647 invecta,
696 5584 762 5638 ad
802 5586 832 5638 8
869 5586 1125 5639 Octobris
1172 5588 1340 5649 diem,
1388 5588 1567 5642 eidem
1598 5588 1801 5643 Sancto

236 5676 387 5745 apud
419 5675 640 5731 Latinos
665 5676 932 5739 dicatum,
968 5677 1174 5738 intulit,
1208 5686 1498 5747 denuoque
1537 5681 1604 5733 ad
1634 5680 1774 5734 Medi
1796 5711 1810 5722 -

235 5783 416 5821 emunt
478 5768 823 5822 bibliotheca
867 5768 1316 5823 Christianissimi
1366 5786 1507 5841 regis
1554 5772 1802 5826 Graecum

236 5860 525 5929 exemplar
575 5859 897 5916 rcccusitam
930 5859 1113 5914 Cnccc
1160 5861 1320 5915 simul
1355 5872 1409 5917 ct
1439 5860 1631 5917 Latino
1678 5878 1809 5929 Opu-

1908 4666 2277 4733 paraphrasis,
2306 4668 2358 4720 in
2391 4680 2700 4723 sanctorum
2727 4670 2986 4735 Polonize,
3022 4672 3326 4741 llungariae.
3369 4674 3466 4725 Bo-

1908 4758 2120 4817 hemim.
2167 4760 2437 4820 Moravice.
2472 4763 2703 4814 Prussiaa
2752 4774 2806 4815 et
2854 4763 3060 4816 Silesize
3112 4774 3467 4831 patronorum

1907 4850 2260 4918 Legendam,
2314 4868 2341 4904 a
2397 4854 2605 4906 Joanne
2658 4854 2924 4924 Longino,
2975 4857 3111 4909 alias
3164 4856 3467 4923 Duglossio,

1906 4958 2051 4996 anno
2087 4944 2307 4996 circiter
2341 4946 2495 5007 1670,
2532 4949 2607 4999 uti
2651 4963 2751 5000 ms.
2798 4948 3081 5001 adnotatio
3135 4949 3185 5001 ei
3255 4949 3468 5016 przelixa

1907 5038 2087 5099 docet,
2123 5039 2542 5101 concinnatam,
2593 5040 2981 5106 Crat-aviaeque
3051 5055 3196 5093 anno
3245 5042 3466 5095 demum

1910 5129 2039 5182 l5“
2076 5144 2355 5191 excusam,
2405 5131 2571 5191 illata.
2623 5140 2785 5200 atque
2814 5148 2842 5185 a
2877 5132 3128 5185 Pelbarto
3163 5133 3470 5201 'l'emeswa-

1910 5223 2099 5280 riensi,
2137 5224 2229 5288 qui
2284 5224 2483 5275 saeculo
2540 5223 2732 5291 quinto
2778 5224 2994 5277 decimo
3046 5234 3366 5278 senescente
3415 5228 3468 5279 in

1907 5311 2103 5366 ordine
2138 5312 2402 5364 Miuorum
2436 5311 2641 5375 ﬂoruit,
2692 5314 2744 5363 in
2786 5310 3109 5364 Semnonum
3143 5310 3210 5363 de
3265 5311 3471 5365 sanctis

1912 5406 2161 5458 Pomerio
2198 5414 2335 5472 part.
2368 5421 2426 5459 ιι.
2456 5419 2709 5457 sermone
2739 5403 2804 5456 79
2836 5403 3163 5471 compendio
3199 5404 3467 5456 exhibita.

1909 5498 2087 5566 Atque
2115 5500 2184 5551 ita
2209 5499 2432 5566 scripta,
2459 5513 2578 5565 qua:
2603 5499 2669 5551 de
2694 5510 2884 5552 sancto
2914 5498 3190 5550 Demetrio
3214 5507 3468 5557 tractant,

1911 5587 2111 5655 hieque
2145 5602 2429 5640 recensere
2466 5597 2787 5647 statueram,
2827 5589 2935 5655 jam
2980 5588 3232 5639 recensui
3258 5604 3272 5648 ;
3303 5602 3468 5653 quam

1911 5687 2091 5731 autem
2127 5694 2355 5745 quaeque
2392 5678 2550 5729 [idem
2608 5687 2957 5739 mereantur,
3014 5679 3310 5746 simulque.
3356 5693 3476 5740 qua:

1912 5786 1976 5821 ex
2016 5771 2207 5823 iisdem
2234 5770 2443 5822 edenda
2478 5769 2612 5831 sint,
2639 5772 2665 5838 ᾗ
2696 5771 2971 5835 sequenti,
3003 5785 3031 5822 a
3056 5768 3190 5825 Vitis
3222 5784 3316 5823 seu
3347 5768 3476 5822 Pas-

1913 5863 2164 5916 sionibus
2199 5863 2361 5917 ducto
2406 5863 2583 5925 initio,
2616 5876 2904 5927 exponam.
