4218 6442
776 394 904 460 108'!

2076 384 2736 452 SUPPLEMENTUM.

3906 378 4048 446 Ιωθ

775 509 897 572 ιιι.
930 509 1188 575 Damus
1234 525 1262 564 ο
1291 508 1522 579 scriptis.
1579 506 1608 579 5
1663 506 1978 578 prandenti
2026 505 2298 560 recensitis
2327 544 2343 566 ,
2373 501 2579 570 Adum
2615 498 2924 568 praemittit,
2955 498 3208 555 oratione
3254 514 3378 572 pag.
3427 498 3493 553 l7
3543 497 3771 569 (codicis
3823 497 4053 552 scilicet

835 582 1039 706 7min
1073 581 1204 644 sint,
1231 589 1280 634 et
1308 577 1412 649 quo
1443 577 1551 647 fide
1588 577 1972 634 auctoritates:
1991 592 2209 648 quisque
2250 593 2346 630 sa-

859 668 960 705 ean
996 695 1006 706 .

859 668 983 705 eam
996 695 1006 706 .

836 787 893 844 9.
931 784 1294 848 Lucubratio,
1318 785 1346 858 §
1369 785 1704 855 prccedenti
1739 795 2022 856 postremo
2046 782 2344 846 recensita,

773 890 853 934 est
874 894 1028 943 sane,
1058 879 1206 950 quod
1228 878 1296 933 ab
1319 889 1546 935 auctore
1572 880 1842 935 duntaxat
1867 879 2198 940 recentiore,
2227 878 2346 932 sive

772 971 819 1026 is
841 974 1061 1028 interim
1084 973 1409 1042 Duglossius
1432 975 1662 1043 ipsemet
1680 974 1774 1039 sit,
1798 975 1932 1035 sive.
1962 973 2109 1045 quod
2139 971 2348 1026 verosi-

770 1067 955 1121 milius
987 1081 1134 1130 reor,
1165 1067 1308 1122 alius
1347 1067 1416 1121 ab
1452 1067 1554 1122 hoc
1574 1067 1894 1128 distinctus.
1921 1067 2182 1138 primitus
2208 1080 2343 1119 cou-

770 1161 974 1229 scripta
1016 1160 1111 1225 sit,
1146 1162 1445 1230 variisque.
1477 1165 1601 1230 q'nte
1633 1162 1762 1216 alibi
1797 1176 1906 1216 non
1947 1160 2214 1230 reperias.
2245 1160 2346 1214 ad-

768 1252 999 1323 iunctis,
1047 1267 1146 1306 seu
1196 1253 1403 1320 potius,
1433 1267 1558 1321 qua:
1597 1251 1650 1305 in
1687 1252 1840 1306 nullo
1881 1267 2114 1321 prorsus
2145 1267 2338 1305 monu-

767 1349 953 1394 mrnto
983 1340 1115 1394 satis
1149 1339 1378 1409 antiquo
1399 1341 1725 1401 fundantur.
1761 1342 2090 1396 commentis
2119 1352 2338 1404 ornata,

767 1433 1025 1489 sublesta:
1069 1433 1368 1488 admodum
1417 1433 1564 1497 ﬁdei,
1606 1445 2030 1504 praptereaque,
2074 1435 2178 1489 etsi
2217 1434 2346 1503 qui-

767 1524 891 1578 dem
925 1526 1162 1582 subinde
1189 1568 1204 1592 ,
1241 1528 1477 1581 maxime
1525 1541 1652 1581 cum
1698 1527 2032 1583 confutanda
2069 1527 2343 1582 submini-

768 1618 984 1679 strabit.
1037 1619 1090 1672 in
1151 1619 1254 1674 hoc
1307 1621 1710 1675 commentario
1762 1621 1979 1674 uitanda
2030 1621 2345 1690 partimque

769 1709 933 1762 etiam
967 1709 1334 1766 describenda
1367 1711 1495 1775 erit,
1530 1714 1671 1782 typis
1697 1723 1878 1768 tamen
1907 1714 2115 1784 integra
2153 1714 2342 1769 necudi

770 1816 878 1854 non
942 1813 1204 1866 meretur,
1248 1819 1415 1872 reque
1464 1807 1630 1860 etiam
1680 1807 1796 1876 ipsa
1841 1821 1952 1861 non
2023 1806 2338 1861 rccudetur.

2449 594 2582 649 olim
2619 591 2930 648 Πακιτίηεί
2971 593 3172 661 sepius
3213 593 3322 664 iam
3361 592 3592 660 laudati)
3625 590 3699 645 ita
3737 591 4002 659 loquitur
4039 609 4049 641 :

2463 686 2628 741 Ἀλλὰ
2678 686 2740 740 τὸ
2771 685 2871 756 μὲν
2928 684 3237 755 μνησθῆναι
3293 684 3514 739 πάντων
3563 683 3676 737 τῶν
3715 680 4056 751 θαυμασίων

2450 780 2643 844 αὐτοῦ.
2675 776 2753 835 ὧν
2786 779 3068 852 ἐποίησεν,
3094 781 3194 834 οὐκ
3223 779 3472 841 εῠκολον.
3509 781 3592 833 ὅτι
3620 779 3719 832 καὶ
3752 776 4052 830 ἀδύνατον.

2453 875 2599 929 ἰστε
2629 874 2740 946 γὰρ
2772 873 2837 928 τδ
2865 875 3260 945 γεγραμμένον
3285 875 3346 928 ὲν
3377 872 3456 944 τῷ
3485 873 3642 943 ὕμνῳ
3676 875 3775 940 τῆς
3805 887 4057 938 παμμα-

2449 967 2716 1039 καριστου
2755 967 2922 1021 αὑτοῦ
2969 968 3276 1038 ἀθλήσεως,
3312 966 3388 1030 ὡς
3453 969 3520 1020 ὲκ
3577 966 3686 1018 τῶν
3743 963 3956 1031 λόγων,
3993 964 4055 1013 οὐ

2453 1061 2668 1133 μικρῶν
2695 1062 3005 1130 δυνάμεων,
3028 1062 3422 1132 συνθημάτων,
3452 1061 3650 1115 ἱὰσιών
3673 1077 3731 1113 τε
3755 1058 3854 1112 καὶ
3889 1075 4055 1129 χαριο

2452 1156 2676 1225 σμὰτων
2713 1155 3042 1224 περιϐοήτου
3068 1153 3450 1224 γεγενημένης
3492 1156 3591 1223 τῆς
3626 1152 3925 1222 ἐνεργείας
3959 1149 4054 1202 τοῦ

2455 1247 2758 1318 μάρτυρος.
2803 1249 2920 1300 Οὐκ
2972 1249 3160 1300 ικιῖνα
3191 1247 3324 1316 γοῦν
3355 1249 3422 1301 τὰ
3446 1245 3756 1316 παμπληθῆ
3812 1243 3917 1296 καὶ
3953 1260 4056 1294 πα-

2447 1337 2709 1407 λαιότιρα
2741 1339 3053 1409 διηγεῖσθαι
3093 1340 3451 1412 προῄρημαιο
3485 1355 3610 1409 qua:
3645 1338 3823 1392 verba
3848 1336 4055 1390 Latine

2449 1430 2530 1484 sic
2559 1437 2759 1484 sonant
2795 1446 2808 1482 :
2851 1448 2872 1482 ι
2903 1430 3010 1486 Sed
3040 1431 3437 1486 miraculorum
3469 1431 3741 1494 omnium,
3771 1446 3905 1499 qua:
3937 1431 4055 1494 ipse

2451 1534 2702 1592 (sanctus
2727 1524 2944 1580 scilicet
2979 1525 3314 1595 Demetrius)
3345 1527 3499 1589 fecit,
3526 1526 3875 1582 meminisse.
3905 1524 4053 1577 haud

2448 1618 2629 1681 facile,
2660 1618 2791 1687 quia
2812 1627 2868 1673 et
2911 1619 3272 1688 impossibile.
3306 1619 3474 1674 Scitis
3501 1621 3673 1683 enim,
3704 1628 3909 1682 utpote
3939 1619 4053 1671 vir-

2447 1718 2626 1764 tutum
2660 1711 2806 1765 haud
2828 1713 3216 1778 mediocrium,
3241 1713 3548 1784 signorum,
3576 1713 4052 1779 sanationumque

2448 1809 2504 1855 et
2534 1801 2837 1871 gratiarum
2872 1806 3133 1874 martyris
3160 1803 3402 1859 ellicacia
3444 1806 3652 1859 celebri
3695 1821 3725 1859 e
3769 1805 4052 1858 sermoni-

770 1894 920 1960 ρυοά
969 1905 1151 1948 autem
1201 1895 1268 1950 ad
1314 1896 1464 1952 Vitas
1509 1913 1607 1952 seu
1655 1899 1945 1954 Passiones
1979 1899 2194 1954 amca
2234 1901 2344 1967 jam
2379 1883 2425 1944 Β
2454 1895 2554 1949 bus
2581 1895 2801 1960 eﬂ‘eirta,
2836 1898 2890 1950 in
2918 1897 3224 1952 beatissimi
3249 1898 3498 1969 ejusdem
3530 1899 3818 1953 Passionis
3849 1898 4050 1952 lauda-

771 1994 1001 2052 Spectat,
1071 2001 1192 2053 qui:
1245 1987 1603 2055 lletaphrasti
1651 1987 1722 2041 ab
1760 1987 1960 2043 Allatio
2004 1987 2130 2043 loco
2175 2005 2343 2056 supra

771 2075 862 2130 cit.
888 2076 1201 2148 sset-ibitur,
1233 2093 1402 2147 reque
1430 2079 1595 2132 etiam
1626 2079 1740 2147 ipsa
1770 2080 2059 2148 scriptoris
2084 2080 2232 2136 illius
2262 2082 2341 2135 l'e-

771 2178 858 2223 tus
881 2178 984 2232 est,
1031 2171 1101 2224 ab
1147 2171 1406 2225 omnibus
1453 2187 1680 2240 prorsus
1714 2171 1848 2226 artis
1892 2174 2099 2228 critica:
2147 2175 2343 2242 peritis

772 2261 965 2330 exiguo
1005 2261 1060 2315 in
1109 2265 1287 2331 pretio
1333 2265 1496 2319 modo
1547 2265 1804 2329 habetur,
1848 2267 2011 2336 eique
2057 2278 2172 2322 tum
2228 2268 2343 2332 illa,

772 2370 890 2423 quae
919 2371 949 2410 e
980 2355 1162 2424 lingua
1193 2357 1380 2413 Greca
1431 2359 1487 2413 in
1539 2359 1789 2413 Latinam
1825 2360 1895 2413 ab
1931 2361 2226 2416 Anastasio
2256 2362 2345 2416 Bi-

772 2448 1131 2504 bliothecario
1165 2451 1268 2504 fuit
1297 2466 1588 2516 conversa,
1626 2463 1742 2507 tum
1770 2454 1968 2516 altera,
1997 2469 2120 2523 qua:
2141 2469 2171 2508 a
2197 2454 2343 2509 Pho-

771 2541 846 2594 tio
875 2542 929 2594 in
962 2540 1308 2597 Bibliotheca
1331 2544 1456 2598 cod.
1480 2545 1576 2598 cit.
1599 2546 2007 2614 suppeditatur,
2025 2546 2343 2617 longissime

770 2631 1090 2700 praefertur,
1142 2643 1198 2686 et
1247 2649 1378 2688 sane
1429 2650 1538 2688 non
1593 2636 1869 2690 immerito
1917 2650 1932 2690 :
1978 2643 2344 2706 prasterquam

769 2725 913 2778 enim
954 2725 1123 2794 quod,
1158 2741 1278 2794 qua:
1303 2727 1428 2780 lidei
1458 2726 1786 2782 Christiana:
1810 2728 2109 2794 sanctitati,
2147 2731 2224 2784 uti
2257 2731 2345 2784 in-

771 2816 850 2869 fra
885 2818 953 2870 dc
986 2818 1090 2871 hoc
1132 2834 1453 2888 argumento
1481 2820 1809 2889 disputanda
1854 2821 2162 2876 luculenter
2193 2821 2348 2875 evin-

771 2922 918 2974 cent,
949 2913 1175 2966 omnino
1208 2913 1569 2968 adversantur
1594 2955 1609 2978 ,
1642 2925 1836 2969 sancto
1869 2915 2146 2969 Demetrio
2178 2929 2234 2968 et
2261 2915 2349 2984 ju-

772 3007 894 3058 veni
923 3005 1142 3059 cuidam
1166 3047 1181 3070 ,
1217 3009 1439 3060 nomine
1483 3006 1738 3070 Nestori,
1785 3022 1946 3076 quem
1995 3007 2162 3060 etiam
2186 3007 2349 3060 velut

775 3105 1064 3167 martyrem
1093 3100 1370 3165 proponit,
1401 3098 1690 3160 attribuat,
1725 3097 1971 3167 prodigia
1991 3098 2159 3152 etiam
2191 3112 2345 3152 coui-

774 3186 1050 3259 ple'Ctitur,
1078 3206 1220 3259 quae,
1245 3192 1496 3259 quamvis
1540 3192 1762 3260 quidem
1801 3205 1870 3244 eo
1916 3192 2036 3245 solo
2055 3205 2123 3244 ex
2147 3192 2346 3258 capite,

774 3281 919 3349 quod
951 3282 1194 3348 prodigia
1233 3281 1365 3344 sint,
1393 3280 1536 3334 haud
1567 3282 1765 3334 merito
1795 3280 2036 3349 rcjicias,
2072 3279 2235 3334 iidem
2269 3289 2349 3334 ta-

777 3388 925 3435 men,
956 3372 1058 3424 nisi
1093 3387 1158 3424 ex
1188 3373 1510 3426 auctoribus
1545 3373 1986 3427 monumentisvc
2031 3384 2127 3426 aut
2160 3387 2347 3443 atqua-

779 3469 926 3523 libus
961 3479 1057 3523 aut
1087 3468 1519 3537 subarqualibus,
1550 3469 1696 3537 quod
1727 3479 1993 3536 quantum
2028 3467 2095 3521 ad
2127 3476 2346 3522 narrata

775 3564 829 3616 in
862 3563 1308 3629 Metaphrastica,
1345 3561 1412 3615 de
1438 3577 1544 3629 qua
1578 3560 1689 3623 hic,
1723 3559 1908 3614 Sancti
1939 3561 2060 3614 Vita
2089 3575 2188 3614 seu
2214 3559 2347 3614 Pass

775 3660 930 3714 sione
969 3665 1116 3710 certe
1169 3656 1350 3710 locum
1405 3670 1516 3708 non
1566 3653 1767 3717 habet,
1811 3655 2088 3707 memoriae
2133 3652 2346 3721 prodita

776 3750 1038 3804 haustave
1099 3762 1221 3801 esse
1276 3754 1597 3809 noscantur,
1648 3743 1794 3812 apud
1851 3744 2116 3806 criticos,
2163 3743 2347 3796 minus

773 3845 938 3895 etiam
967 3853 1212 3901 severos,
1245 3838 1391 3891 haud
1421 3837 1578 3891 facile
1605 3836 1934 3900 inveniunt;
1962 3845 2023 3890 ut
2059 3836 2346 3890 enimvero

777 3930 1212 3999 bletaphrastica'
1249 3929 1434 3984 Sancti
1473 3928 1720 3982 Passioni
1748 3942 1846 3982 seu
1880 3926 2030 3980 Actis
2069 3925 2210 3979 facta
2245 3924 2347 3978 im-

774 4023 1074 4094 probabilia
1111 4035 1232 4075 cssc
1265 4021 1529 4080 iminista,
1556 4019 1962 4081 Tillemontius,
1990 4026 2123 4073 tum.
2151 4017 2191 4070 V
2221 4017 2346 4070 Ilo-

775 4124 1186 4176 numsutoram,
1231 4129 1351 4182 pag.
1411 4112 1514 4165 H9
1560 4121 1707 4166 recte
1753 4117 2097 4181 pronunt‘at.
2144 4109 2343 4164 Verum

775 4223 917 4261 anne
959 4207 1072 4260 haec
1097 4219 1200 4275 pro
1227 4205 1574 4264 commentis,
1606 4219 1728 4272 qua:
1754 4202 1952 4257 sacculo
1981 4201 2196 4255 decimo
2230 4201 2348 4270 pri-

776 4312 925 4352 mum
951 4297 1037 4351 vel
1059 4295 1128 4350 ab
1160 4299 1279 4362 ipso
1303 4295 1673 4362 Metnpliraste
1695 4295 1779 4348 vel
1806 4309 1836 4348 a
1858 4295 2128 4362 scriptore
2149 4293 2344 4358 altero,

777 4391 924 4445 hunc
967 4402 1290 4458 pragresso,
1325 4389 1528 4441 fuerint
1553 4387 1810 4452 conﬁcta,
1836 4396 1986 4444 recte
2007 4388 2172 4442 etiam
2201 4385 2347 4440 idem

777 4491 970 4536 auctor
1007 4480 1206 4534 habet?

2449 1985 2596 2039 tione
2635 1986 2906 2056 scriptum
2935 1988 3071 2058 quid
3099 1988 3194 2044 sit.
3241 1988 3364 2042 Non
3397 1989 3490 2043 illa
3521 1990 3708 2059 itaque
3760 1992 4049 2060 permulta

2445 2090 2509 2130 ac
2539 2077 2853 2143 antiquiora
2888 2092 3118 2134 narrare
3148 2081 3436 2150 proposui.

2519 2170 2605 2223 il.
2625 2168 2750 2224 Fuit
2773 2183 2924 2240 ergo,
2945 2172 3024 2225 uti
3046 2186 3115 2227 ex
3146 2172 3252 2227 hoc
3271 2181 3423 2228 textu
3453 2183 3702 2243 apparet,
3723 2175 3843 2244 jam
3862 2175 3997 2229 inde
4020 2193 4046 2228 a

2443 2258 2693 2326 Joannis,
2716 2260 3227 2319 Thessalonicensis
3283 2265 3710 2335 archiepiscopi.
3754 2277 3923 2320 atate
3949 2284 4046 2321 seu

2445 2351 2649 2406 saeculo
2689 2354 2924 2423 septimo
2954 2354 3287 2418 lucubratio,
3323 2373 3434 2427 qua
3483 2374 3593 2412 non
3630 2374 3813 2428 pauca
3859 2361 4044 2415 sancti

2446 2443 2707 2500 Demetrii
2728 2447 3037 2516 patrocinio
3053 2457 3269 2514 patrata
3294 2450 3556 2504 miracula
3577 2451 4042 2507 recensebantur.

2447 2537 2590 2603 Quid
2627 2539 2673 2592 si
2709 2549 2894 2594 autem
2931 2541 3048 2594 haec
3072 2539 3244 2594 fuerit
3282 2541 3371 2594 illa
3407 2541 3520 2612 ipsa
3545 2582 3561 2605 ,
3603 2542 3766 2610 cujus
3821 2542 4044 2598 initium

2447 2642 2531 2687 est
2559 2629 2907 2702 Μαξιμιανὸς
2927 2633 2956 2684 ὁ
2981 2633 3074 2686 καὶ
3109 2632 3430 2703 Ἐρκούλιος
3464 2635 3743 2701 ὑποτάξας
3777 2639 3815 2689 Γ
3817 2638 4043 2700 ότθους,

2449 2723 2638 2780 Gra-ca
2666 2727 2844 2780 sancti
2883 2726 3141 2780 Demetrii
3177 2726 3296 2781 Vita
3329 2741 3427 2782 seu
3460 2728 3652 2782 Passio
3676 2771 3694 2795 ,
3725 2745 3900 2798 supra
3934 2747 4046 2785 me-

2453 2827 2665 2873 morata
2692 2829 2857 2888 atque
2885 2819 2955 2873 ab
2981 2834 3254 2891 anonymo
3277 2820 3633 2889 conscripta?
3658 2822 3714 2875 Id
3739 2839 3878 2878 sane
3906 2825 4043 2879 mihi

2453 2925 2587 2964 vero
2619 2909 2766 2964 haud
2800 2920 3031 2979 apparet
3078 2925 3308 2980 prorsus
3339 2912 3614 2966 absimile.
3665 2913 3865 2971 Isthzec
3896 2919 4044 2972 enim

2454 3015 2552 3055 seu
2581 3000 2700 3055 Vita
2727 3017 2822 3054 seu
2853 3001 3047 3055 Passio
3072 3017 3182 3055 non
3209 3017 3380 3069 pauca
3406 3005 3571 3056 etiam
3603 3006 3874 3060 miracula
3897 3024 4046 3062 com-

2451 3093 2729 3162 plectitur.
2767 3091 2971 3147 Adhtrc
3001 3094 3206 3162 quibus
3233 3094 3417 3148 verbis
3448 3094 3501 3149 in
3531 3107 3706 3162 textu,
3739 3098 3858 3168 jam
3896 3116 4045 3155 nunc

2451 3184 2603 3249 dato,
2633 3184 2897 3250 Joannes,
2929 3186 3436 3242 Thessalonicensis
3459 3190 3945 3261 archiepiscopus,
3976 3195 4045 3248 de

2455 3277 2850 3332 miraculorum
2882 3293 2912 3331 a
2956 3289 3148 3333 sancto
3182 3278 3463 3334 Demetrio
3505 3291 3858 3350 patratorum
3895 3287 4042 3339 cele-

2451 3369 2652 3424 britate
2681 3370 2950 3439 loquitur,
2984 3369 3097 3425 fere
3126 3372 3298 3424 etiam
3323 3373 3512 3426 iisdem
3539 3372 3606 3427 de
3637 3375 3740 3428 hac
3777 3391 3969 3430 sermo
3989 3390 4044 3432 et

2449 3462 2502 3517 in
2530 3463 2620 3516 illa
2664 3463 2744 3526 lit,
2763 3470 2822 3515 ut
2844 3461 3065 3523 Joanni,
3081 3462 3562 3518 Thessalonicensi
3588 3467 4040 3538 archiepiscopo.

2451 3553 2768 3623 prasluxisse
2802 3553 3079 3608 videatur.
3108 3555 3252 3625 ipsa,
3286 3571 3408 3625 qua:
3441 3556 3548 3610 huc
3599 3557 3812 3613 faciunt
3838 3603 3855 3626 ,
3909 3561 4043 3616 Viue

2447 3647 2692 3717 ejusdem
2724 3662 2822 3701 seu
2862 3647 3139 3702 Passionis
3165 3648 3354 3711 verba,
3387 3658 3468 3712 ut,
3503 3649 3644 3704 facta
3675 3651 3879 3706 horum
3912 3669 4038 3707 cum

2451 3740 2697 3793 recitatis
2715 3738 2945 3794 Joannis
2963 3738 3477 3795 Thessalonicensis
3502 3740 3684 3795 verbis
3710 3744 4037 3807 collatione,

2451 3830 2520 3883 de
2551 3844 2609 3882 re
2633 3828 2886 3899 judicare
2917 3829 3201 3885 studiosus
3233 3830 3406 3884 lector
3445 3840 3628 3900 queat,
3665 3832 3778 3888 huc
3820 3837 3994 3890 etiam
4021 3881 4035 3901 ,

2456 3919 2650 3974 Latina
2709 3919 3164 3989 interpretatione
3218 3921 3514 3990 adjuncta,
3570 3925 3908 3979 transcribo.
3954 3929 4039 3981 Sic

2449 4013 2658 4068 habent
2689 4033 2700 4068 :
2744 4013 2994 4084 Σημείων
3020 4030 3076 4066 τε
3109 4012 3323 4066 πολλῶν
3355 4015 3450 4066 καὶ
3481 4014 3679 4067 ἰάσεων
3719 4019 4040 4086 γενομένων

2448 4107 2509 4158 ιν
2537 4105 2615 4176 τῷ
2633 4107 2807 4174 τόπῳ,
2834 4108 2928 4160 καὶ
2952 4105 3112 4157 Θιίων
3147 4105 3510 4175 χαρισμάτων
3560 4109 3887 4176 φοιτώντων
3931 4114 4038 4171 τοῖς

2450 4199 2634 4251 πίστει
2653 4200 3120 4268 προσερχομένοις
3148 4202 3205 4251 ἂν
3234 4199 3406 4268 αὐτῷ,
3433 4235 3447 4251 .
3486 4239 3500 4253 .
3531 4239 3547 4253 .
3589 4217 3654 4252 πε
3668 4201 3931 4272 ριὸοήτου
3951 4205 4038 4258 διὰ

2450 4293 2632 4360 πάσης
2664 4291 3011 4354 Μακεδονίας
3041 4294 3137 4343 καὶ
3159 4291 3456 4354 Θετταλίας
3485 4295 3790 4361 γινομένης
3812 4295 3919 4362 τῆς
3946 4297 4037 4348 τοῦ

2453 4385 2732 4456 μάρτυρος
2761 4383 3184 4454 θαυματουργοῦ
3233 4384 3522 4453 ἐνεργείας
3558 4424 3573 4439 .
3601 4425 3614 4439 .
3641 4425 3654 4438 .
3678 4388 3962 4448 Λεόντιος.
3982 4427 3997 4441 .
4023 4429 4036 4441 .

2451 4485 2535 4543 τὶς
2564 4480 2705 4551 ἀνὴρ
2724 4519 2740 4534 .
2761 4520 2774 4535 ,
2798 4519 2812 4535 ,
2870 4479 3012 4548 νόσῳ
3056 4479 3267 4548 ἁνιάτῳ
3308 4477 3535 4546 ληφθεὶς
3561 4517 3575 4533 .
3597 4519 3612 4533 .
3637 4518 3649 4532 .
3681 4481 3893 4545 εὐθέως
3941 4485 4036 4552 τῆς

853 4574 938 4627 10.
983 4573 1092 4626 lies
1127 4572 1408 4626 enimvero
1460 4587 1623 4627 secus
1671 4571 1874 4626 habere
1924 4572 2059 4626 mihi
2104 4571 2343 4628 videtur.
2379 4573 2518 4659 υύγ

2379 4602 2425 4659 υ
2451 4572 2663 4640 ὑγιείας
2704 4574 2999 4642 ιπέτυχιν.
3045 4590 3066 4623 ‹
3090 4572 3389 4641 Postquam
3418 4571 3610 4626 multis
3641 4571 3696 4626 in
3726 4574 3856 4630 loco
3890 4579 4034 4646 (quo

775 4668 930 4735 Quod
964 4665 1114 4718 enim
1163 4663 1488 4718 nominatim
1517 4665 1583 4718 ad
1632 4663 2055 4734 hletaplirastem
2083 4665 2343 4734 pertinet,

775 4774 918 4813 nova
955 4757 1044 4810 hic
1077 4755 1340 4822 prodigia.
1377 4754 1703 4823 adjunctave
1749 4770 1884 4809 vero
1929 4753 2198 4809 absimilia
2224 4793 2239 4816 ,
2290 4763 2347 4806 ut

777 4852 1012 4919 majores
1028 4847 1197 4903 nostri
1219 4847 1554 4916 experientia
1571 4850 1680 4916 jam
1703 4847 1911 4902 dudum
1932 4847 2196 4911 didicere,
2217 4863 2346 4901 nos-

776 4961 883 5014 que
922 4944 1022 5012 ipsi
1056 4943 1244 4996 eadem
1281 4942 1538 5010 magistra
1560 4941 1806 5010 quotidie
1835 4941 2120 5002 discimus,
2142 4941 2198 4994 in
2219 4956 2348 4995 san-

776 5048 990 5092 ctorum
1025 5036 1172 5090 Acta.
1213 5051 1333 5104 qua
1365 5035 1504 5105 stylo
1537 5050 1642 5089 suo
1673 5035 1958 5104 expolivit,
1995 5051 2103 5089 non
2135 5034 2344 5095 intulit.

775 5130 872 5185 sed
908 5138 1121 5183 tantum
1143 5169 1159 5190 ,
1188 5144 1310 5198 quae
1343 5131 1412 5182 ab
1444 5129 1568 5183 aliis
1595 5130 1648 5182 in
1681 5130 1893 5183 litteras
1921 5129 2027 5196 iam
2061 5129 2228 5184 missa
2263 5129 2346 5181 in-

775 5221 963 5284 venit,
997 5221 1345 5288 transcripsit
1376 5235 1440 5274 ac
1483 5220 1800 5289 adnptavit;
1839 5230 1897 5274 ut
1931 5231 2111 5274 autem
2140 5261 2154 5282 ,
2198 5221 2344 5276 unde

773 5312 961 5372 etiam,
993 5328 1022 5365 a
1055 5311 1206 5365 nullo
1237 5313 1343 5364 alio
1375 5311 1559 5366 seaculi
1592 5312 1789 5365 decimi
1838 5312 2107 5379 scriptore
2141 5310 2346 5380 impro-

775 5404 975 5459 babilia
1009 5403 1123 5463 illa,
1158 5419 1280 5473 quae
1327 5405 1380 5457 in
1413 5405 1831 5474 Metaphrastica
1862 5402 2051 5458 Sancti
2094 5404 2214 5458 Vita
2253 5419 2344 5458 oc-

775 5504 1028 5557 currunt,
1056 5495 1197 5548 facta
1217 5496 1384 5550 fuisse
1411 5495 1660 5558 conficta,
1689 5498 2064 5565 apparet,jam
2093 5497 2340 5565 aderam,

772 5587 1029 5649 Joannes.
1083 5587 1532 5656 archiepiscopus
1591 5587 2141 5654 Thessalonicensis,
2203 5591 2338 5658 qui,

775 5678 1237 5747 quemadmodum
1281 5679 1421 5733 infra
1454 5679 1684 5742 docebo,
1731 5679 1931 5734 mulo
1979 5681 2212 5750 septimo
2242 5681 2344 5736 llo-

777 5768 910 5831 ruit,
939 5767 991 5820 in
1027 5782 1191 5837 supra
1219 5777 1518 5822 memorata
1551 5770 1898 5839 panegyrica,
1923 5784 2086 5838 quam
2125 5771 2345 5841 scriptis

780 5874 811 5916 a
845 5876 901 5916 sc
942 5862 1116 5916 sancti
1151 5862 1411 5918 Demetrii
1455 5863 1728 5918 miraculis
1762 5863 2100 5927 putationis
2130 5865 2185 5921 in
2223 5881 2342 5925 mo-

2449 4665 2662 4719 scilicct
2693 4663 2929 4720 Sanctus
2961 4673 3123 4719 terra:
3153 4664 3337 4719 fuerat
3389 4664 3701 4733 mandatus)
3732 4669 4030 4738 signisque

2447 4769 2504 4813 et
2533 4757 2914 4812 sanationibus
2945 4759 3121 4820 factis,
3147 4759 3348 4828 iisque,
3370 4758 3464 4822 qui
3487 4773 3613 4812 cum
3644 4759 3751 4814 iide
3774 4763 3847 4816 ad
3881 4763 4033 4816 illum

2442 4850 2790 4906 accedebant
2813 4890 2828 4914 ,
2863 4850 3056 4921 gratiis
3106 4851 3313 4905 divinis
3365 4850 3819 4922 frequentissime
3854 4858 4028 4910 colla-

2449 4941 2541 5001 tis,
2702 4939 2979 5012 martyris.
3010 4941 3278 4995 miracula
3314 4941 3592 5005 facientis.
3644 4943 3894 4999 efﬁcacia
3940 4962 4032 5015 per

2450 5047 2670 5087 omnem
2700 5032 3100 5096 Macedoniam,
3131 5048 3196 5088 ac
3223 5033 3566 5090 Thessaliam
3599 5038 3844 5094 celebris
3887 5051 4030 5096 esset

2447 5125 2739 5186 εσθαι...
2767 5126 3103 5180 Leontius...
3135 5127 3219 5180 vir
3249 5127 3565 5195 quidam...
3604 5132 3805 5186 morbo
3835 5134 4024 5186 imme-

2448 5216 2670 5270 dicabili
2721 5229 3082 5288 correptus...
3116 5219 3407 5275 sanitatem
3443 5222 3629 5276 statim
3674 5225 3922 5292 (positus
3952 5228 4028 5280 ni-

2449 5311 2648 5364 mirum
2706 5326 2870 5380 supra
2925 5310 3109 5365 Sancti
3161 5315 3460 5384 tumulum)
3503 5313 3772 5370 obtinuit.
3829 5338 3850 5370 s
3925 5320 4022 5376 [ibi

2447 5402 2552 5457 Gn
2573 5419 2635 5456 ca
2668 5405 2784 5459 haec
2810 5403 2972 5457 verba
2995 5443 3008 5465 ,
3047 5403 3380 5474 περιϐοήτου
3405 5444 3418 5458 .
3449 5441 3466 5459 .
3488 5445 3505 5461 .
3529 5447 3544 5462 .
3581 5411 3894 5479 γινομένης
3933 5412 4022 5477 τῆς

2448 5498 2544 5551 τοῦ
2594 5501 2874 5567 μάρτυρος
2921 5498 3344 5566 θαυματουργοῦ
3397 5502 3704 5569 ἐνεργείας,
3782 5507 4019 5559 notanda

2450 5593 2725 5660 prmcipue
2756 5602 2906 5651 sunt,
2937 5588 3383 5658 cnnierendaqne
3409 5606 3533 5644 cum
3563 5608 3729 5662 supra
3759 5596 4017 5655 recitatis.

2449 5683 2653 5753 quibus
2692 5683 3045 5752 respondent,
3071 5681 3277 5737 Graecis
3309 5683 3498 5738 itidem
3525 5685 3759 5740 Joannis
3793 5688 4017 5741 Thessa-

2451 5777 2752 5832 lonicensis
2785 5777 2991 5832 verbis.

2525 5871 2612 5926 12.
2644 5869 2798 5931 Quod
2831 5870 2875 5926 si
2910 5881 3114 5932 autem,
3147 5871 3436 5927 collatione
3468 5873 3566 5926 huc
3605 5872 3769 5938 facta,
3795 5875 4014 5929 antistiti
