4218 6442
156 391 293 455 1089

1177 380 1242 440 S.
1282 378 1665 440 DEMETRU
1709 381 2110 441 MAR'I‘YIUS
2154 382 2370 441 ACTA.

3294 374 3425 441 1090

148 507 277 559 huic
307 501 608 573 praefatam,
636 500 701 554 de
726 512 834 569 qua
860 496 969 562 hic,
999 495 1260 566 anonymi
1284 495 1730 569 lucubrationem
1764 505 1808 560 Α
1842 509 1982 570 ptor,
2024 507 2215 569 utpote
2262 500 2473 566 reliqua
2527 494 2709 548 omnia
2752 510 2780 549 a
2830 493 3202 562 Metaphraste
3254 495 3422 550 relata

149 599 467 669 praeluxisse
526 594 771 649 nondum
828 592 1136 654 existimes,
1168 591 1279 645 erit
1321 590 1581 660 equidem
1633 591 1731 644 ad-

152 694 280 755 huc,
308 707 404 745 cur
436 705 503 744 ex
539 689 640 743 hac
668 686 1148 757 Metaphrasticam
1187 684 1370 739 Sancti
1403 686 1577 739 Vitam
1609 702 1736 754 pro-

152 799 403 839 manasse
456 791 740 851 appareat.
773 780 908 835 Cum
942 781 1091 834 enim
1121 779 1331 839 omnia,
1370 779 1413 832 si
1445 795 1613 831 unum
1657 789 1734 831 ta-

152 893 301 939 men,
335 876 401 929 de
432 892 541 945 quo
568 890 713 936 mox,
763 875 1071 941 exceperis,
1131 881 1244 924 tum
1297 872 1576 940 prodigia,
1625 879 1735 924 tum

152 969 316 1030 facta,
347 978 626 1034 utcunque.
671 976 864 1018 notatu
904 963 1089 1032 digna,
1122 977 1243 1030 qua:
1270 978 1320 1013 m
1352 961 1739 1031 Metaphrastis

152 1056 449 1125 Opusculo,
478 1055 683 1125 pariter
716 1055 769 1108 in
827 1053 1084 1124 anonymi
1121 1050 1506 1105 lucubratione
1542 1066 1739 1105 occur—

156 1157 301 1211 rant,
325 1150 457 1217 quin
494 1148 575 1201 vel
614 1149 726 1201 haec
752 1163 819 1200 ex
848 1146 963 1210 illo,
999 1144 1083 1198 vel
1120 1144 1251 1197 illud
1282 1159 1346 1197 ex
1378 1145 1479 1197 hac
1517 1156 1740 1212 proma-

155 1244 305 1294 uarit
341 1280 354 1301 .
400 1242 791 1310 ambigendum
843 1241 929 1292 vix
979 1250 1098 1302 est;
1153 1246 1489 1307 postremum
1546 1246 1727 1288 autem

154 1335 508 1387 astruendum
532 1334 770 1396 videtur,
792 1334 868 1386 uti
884 1334 993 1401 jam
1016 1348 1161 1386 nunc
1176 1330 1407 1385 dicenda
1426 1329 1737 1383 ostendent.

155 1426 425 1479 Leontius
452 1429 701 1495 quidam,
729 1425 929 1495 Illyrici
966 1424 1278 1493 praefectus,
1311 1438 1435 1477 cum
1464 1423 1532 1475 ab
1568 1436 1739 1489 appa-

155 1526 313 1569 rente
346 1528 541 1570 sancto
568 1517 845 1570 Demetrio
898 1515 965 1568 ad
1012 1514 1266 1568 tiduciam
1299 1516 1575 1568 animatus
1606 1514 1739 1568 luis-

155 1618 260 1670 set,
318 1618 653 1662 commotum
709 1608 1012 1676 procellosa
1072 1616 1434 1676 tempestate,
1478 1606 1743 1675 alveoque

154 1715 259 1753 suo
290 1715 570 1769 egressum
597 1700 932 1762 Danubium,
980 1719 997 1749 ι
1038 1698 1250 1751 ﬂuento
1286 1701 1450 1753 tacite
1481 1699 1743 1752 receden-

156 1804 236 1854 te,
272 1803 328 1846 et
362 1792 595 1845 cedente
628 1792 856 1846 nutibus
882 1834 896 1856 ,
931 1790 1024 1861 qui
1058 1808 1167 1844 non
1216 1791 1420 1845 cadunt
1454 1792 1556 1845 sub
1588 1806 1745 1860 aspe—

155 1895 334 1946 ctum,
384 1903 402 1935 ι
440 1900 608 1938 curru
640 1885 895 1941 innoxius
922 1883 1199 1954 traiecisse
1226 1884 1278 1936 in
1318 1883 1741 1953 Metaphrastica

157 1976 347 2030 Sancti
384 1978 499 2031 Vita
531 1979 635 2031 sub
671 1980 832 2031 tinem
891 1989 1189 2041 narratur;
1230 1978 1283 2030 iu
1318 1978 1494 2031 altera
1534 1988 1741 2039 autem,

157 2071 229 2122 ab
256 2086 533 2140 anonymo
569 2080 822 2124 contexta
850 2111 862 2128 .
892 2073 994 2123 etsi
1030 2070 1252 2139 quidem
1286 2070 1465 2124 oblata
1512 2070 1743 2125 Leontio

158 2162 341 2215 sancti
373 2162 632 2216 Demetrii
665 2162 939 2230 apparitio
975 2164 1028 2215 in
1058 2164 1161 2215 line
1196 2174 1554 2224 memorctur.
1594 2163 1745 2217 nulla

160 2267 346 2309 tamen
378 2258 604 2309 omnino
638 2254 850 2317 ﬂuenti,
878 2256 1025 2323 quod
1060 2256 1220 2309 tacite
1247 2258 1561 2316 recesserit,
1596 2256 1746 2308 nuti-

158 2351 397 2415 busque,
433 2346 526 2413 qui
565 2346 666 2398 sub
696 2356 980 2414 aspectum
1032 2361 1141 2400 non
1192 2346 1416 2411 cadunt,
1461 2348 1735 2410 cesserit,

159 2440 375 2490 mentio
411 2438 471 2490 iit
507 2452 536 2490 a
575 2438 896 2507 scriptionis
933 2439 1093 2492 istius
1120 2450 1366 2498 auctore.
1397 2440 1489 2506 qui
1539 2450 1744 2501 tamen,

159 2538 354 2600 u‘pote
380 2532 671 2585 narrandis
695 2531 967 2599 prodigiis
996 2530 1295 2585 admodum
1321 2531 1595 2594 addictus,
1622 2531 1747 2584 nnl-

156 2624 393 2693 tumque
443 2639 671 2694 prorsus
712 2639 777 2677 ex
828 2624 975 2685 aliis,
1035 2639 1065 2677 a
1112 2624 1481 2693 Metapbraste
1533 2625 1743 2691 relatis,

157 2722 448 2783 omittens,
479 2720 693 2789 insigne
742 2720 875 2773 illud
922 2720 1266 2788 maximeque
1316 2719 1736 2772 memorandum

162 2813 513 2885 prodigium,
541 2813 587 2866 si
638 2813 927 2880 scriptoris
971 2814 1135 2882 hujus
1165 2813 1602 2867 lucubrationem
1637 2829 1747 2882 pra:

161 2907 345 2960 oculis
372 2904 682 2967 habuisset,
706 2919 973 2973 suamque
1004 2918 1070 2956 ex
1088 2919 1149 2956 ea
1178 2906 1573 2967 contexuisset,
1599 2919 1750 2957 com-

162 3013 475 3052 memorare
510 2996 654 3051 baud
693 2996 1151 3066 praetermisisset.
1192 2996 1297 3048 Nec
1330 3006 1439 3059 est,
1467 2996 1615 3063 quod
1657 3010 1746 3047 re-

165 3104 362 3159 ponas,
417 3090 744 3142 miraculum
797 3089 986 3141 saltem
1039 3088 1091 3140 in
1143 3087 1266 3140 lstri
1318 3103 1415 3156 per
1455 3087 1747 3142 Leontium

1844 593 2109 648 miracula
2138 592 2383 647 dilucide
2413 605 2715 658 exponens,
2759 606 2867 644 non
2902 589 3243 644 subobscure
3281 588 3421 642 dun-

1848 702 2015 752 taxat,
2048 691 2092 745 si
2126 693 2274 745 hunc
2327 689 2431 742 sibi
2493 689 2882 755 prmlucentem
2928 687 3235 750 habuisset,
3278 687 3419 739 indi-

1844 796 2041 845 casset,
2080 784 2173 837 sed
2206 783 2447 835 dilucide
2484 782 2706 848 pariter.
2751 796 2860 833 non
2896 796 3056 833 secus
3083 796 3145 832 ac
3178 780 3294 843 ille,
3322 794 3421 831 ex-

1844 880 2151 947 posuisset;
2191 890 2314 928 cum
2377 886 2561 927 autem
2598 874 2651 925 id
2706 884 2854 926 certe
2890 872 3037 925 haud
3087 872 3272 934 faciat,
3311 887 3422 925 non

1847 974 2038 1042 utique
2075 986 2383 1041 auonymus
2440 969 2892 1037 Metaphrastem,
2916 969 3010 1021 sed
3047 968 3135 1021 hic
3164 967 3426 1027 illum,ut

1845 1069 1947 1134 iam
1980 1066 2113 1127 dixi,
2144 1064 2538 1134 praelucentem
2567 1060 2840 1121 habuerit,
2865 1076 2931 1114 ex
2964 1076 3140 1129 eoque
3171 1058 3421 1114 liberiori

1848 1156 2304 1226 interpretatione
2330 1153 2605 1207 intell--cto
2628 1151 3083 1212 determinatum,
3104 1168 3213 1220 quo
3245 1151 3424 1205 Leon-

1847 1252 1980 1308 tium
2036 1252 2313 1319 traiecisse
2360 1248 2558 1301 Istrum
2618 1244 2805 1309 refert,
2857 1246 3183 1300 miraculum
3236 1254 3421 1307 astru-

1844 1348 2011 1403 xerit.

1916 1446 2004 1498 lt.
2043 1443 2219 1509 Atque
2268 1441 2338 1492 ita
2385 1442 2552 1494 etiam
2585 1458 2649 1495 ex
2676 1441 2787 1510 jam
2840 1440 3004 1494 dictis
3038 1425 3424 1504 consequitur,

1846 1545 1902 1589 ut
1938 1551 2071 1589 sane
2100 1534 2523 1601 Metaphrastes,
2551 1548 2671 1601 qua:
2705 1535 2759 1587 in
2789 1533 3115 1586 concinnata
3148 1546 3176 1584 a
3206 1545 3264 1583 se
3288 1530 3426 1584 San-

1845 1631 1916 1684 cti
1936 1629 2055 1683 Vita
2084 1627 2272 1691 refert,
2298 1639 2412 1683 tum
2440 1626 2708 1696 prodigia,
2734 1636 2847 1679 tum
2873 1630 3013 1679 facta
3040 1623 3425 1691 improbabilia

1845 1721 2075 1789 ipsnmet
2110 1720 2253 1773 haud
2291 1719 2642 1777 confinxerit.
2666 1718 2760 1772 sed
2792 1734 2856 1772 ex
2883 1718 3107 1787 prmfato
3131 1733 3424 1786 anonymo,

1848 1817 1941 1885 qui
1966 1815 2158 1868 eadem
2187 1814 2393 1874 omnia,
2424 1814 2467 1866 si
2504 1829 2670 1865 unum
2706 1820 2885 1865 tamen
2918 1812 3026 1880 jam
3054 1822 3426 1863 memoratum

1846 1906 2155 1974 exceperis,
2194 1907 2247 1958 in
2283 1904 2558 1957 contextis
2592 1920 2620 1956 a
2653 1919 2710 1955 se
2754 1905 3014 1956 Demetrii
3044 1904 3199 1957 Actis
3236 1918 3429 1955 recen-

1848 2009 1953 2060 set,
1988 1998 2402 2053 verosimillime
2432 1995 2731 2063 acceperit.
2764 1996 2960 2047 Verum
2996 2010 3120 2047 cum
3148 1994 3199 2046 id
3234 1993 3306 2046 ita
3333 1993 3427 2054 sit,

1848 2109 1980 2147 num
2006 2107 2135 2159 ergo
2169 2106 2198 2144 a
2232 2091 2534 2156 posteriore
2574 2090 2675 2141 hoc
2724 2088 2995 2154 scriptore
3036 2085 3284 2155 prodigia
3335 2085 3426 2138 illa

1848 2182 2036 2238 omnia
2071 2183 2323 2251 iactaque
2369 2180 2754 2246 improbabilia
2808 2182 3047 2248 primum
3097 2178 3253 2232 luere
3297 2193 3425 2231 cono

1848 2274 2014 2329 licta?
2046 2274 2354 2341 Antequam
2386 2274 2515 2339 quid
2553 2272 2621 2323 de
2665 2288 2720 2325 re
2749 2272 2849 2326 hac
2874 2288 3132 2325 censeam
3188 2270 3426 2337 edicam,

1850 2370 2114 2423 nonrrulla
2164 2369 2231 2421 de
2268 2368 2454 2422 Sancti
2511 2384 2675 2436 supra
2737 2378 3039 2420 memorata
3094 2366 3283 2421 Graeca
3332 2382 3427 2421 seu

1850 2460 1971 2515 Vita
2008 2476 2103 2514 seu
2138 2462 2421 2523 Passione,
2450 2462 2502 2513 in
2538 2462 2779 2527 linguam
2812 2460 3063 2512 Latinam
3098 2459 3166 2511 ab
3195 2460 3422 2513 Anasta-

1850 2556 1934 2609 sio
1982 2554 2413 2608 Bibliothecario
2455 2568 2755 2614 conversa,
2810 2551 3195 2618 praemittenda
3250 2551 3429 2604 adhuc

1848 2658 2003 2701 sunt.
2034 2645 2207 2703 Hanc.
2239 2661 2361 2715 qua:
2390 2645 2671 2712 paululum
2698 2654 2979 2697 contracta
3011 2644 3153 2711 apud
3191 2643 3429 2698 Vincen-

1849 2740 1983 2793 tium
2006 2739 2449 2793 Bellovacensem
2476 2736 2689 2805 Specnii
2719 2739 3010 2790 historians
3058 2737 3155 2789 lib.
3184 2752 3281 2797 xu,
3308 2751 3430 2805 cap.

1858 2833 1978 2896 l50,
2017 2841 2066 2886 et
2101 2832 2245 2900 apud
2281 2831 2649 2885 Mombritium
2682 2842 2811 2883 tom.
2863 2830 2877 2883 Ι
2918 2830 3155 2882 l'imrnm
3199 2831 3306 2898 iam
3336 2844 3430 2882 ex-

1855 2924 2054 2986 stabat,
2088 2926 2352 2993 integram
2388 2923 2605 2977 tandem
2637 2938 2759 2975 cum
2793 2922 3025 2987 Prologo
3052 2924 3119 2975 ab
3148 2922 3433 2975 Anastasio

1859 3017 1907 3070 ci
1936 3018 2242 3085 praemisso,
2292 3015 2683 3082 miraculisque
2734 3027 2797 3067 au
2843 3016 3049 3067 calcem
3085 3013 3338 3084 adjectis,
3375 3012 3432 3069 in

1861 3108 2107 3163 Veterum
2132 3108 2514 3163 Analectorum
2550 3118 2680 3160 tom.
2735 3108 2752 3160 Ι
2800 3106 3152 3161 Mahillonius
3202 3106 3429 3169 intulit,

164 3187 400 3253 trajectu
438 3182 642 3236 factum
677 3182 869 3246 fuisse,
910 3182 979 3236 ab
1018 3197 1294 3251 anonymo
1327 3182 1561 3236 indicari
1599 3202 1610 3236 :
1642 3184 1743 3236 etsi

1853 3203 2213 3269 eamdemque
2238 3206 2403 3255 etiam
2438 3217 2564 3259 ms.,
2586 3201 2675 3261 qui
2706 3201 2767 3252 ad
2791 3200 3109 3253 Cornelium
3136 3201 3288 3269 Duyn
3303 3201 3434 3253 olim

162 3276 321 3329 enim
361 3274 414 3328 id
446 3276 518 3327 ita
554 3274 645 3339 sit,
677 3289 781 3328 nec
808 3273 938 3327 hinc
960 3283 1140 3327 tamen
1165 3274 1463 3343 quidquam
1492 3275 1746 3340 habetur,

169 3366 320 3420 unde
360 3377 662 3435 utcunque,
710 3366 856 3434 quod
887 3374 1069 3419 tamen
1105 3365 1244 3419 foret
1271 3382 1585 3431 necessum,
1617 3382 1752 3420 ano-

168 3474 340 3530 nymo
373 3458 820 3527 Metaphrastem,
845 3473 952 3509 non
989 3458 1114 3510 huic
1155 3458 1331 3521 illum,
1360 3458 1751 3513 lucubratione

168 3568 269 3607 nua
312 3554 653 3621 praeluxisse,
685 3551 1009 3605 concludas.

249 3645 337 3699 15.
381 3644 449 3698 Ut
475 3660 563 3697 res
593 3643 879 3697 manifesta
911 3641 1129 3701 evadat.
1158 3640 1449 3712 quidquid,
1472 3645 1618 3713 quod
1645 3645 1754 3697 huc

170 3738 328 3803 facit,
374 3753 681 3808 anonymus
720 3737 1058 3805 suppeditat,
1105 3736 1296 3789 Latine
1352 3736 1442 3791 hic
1490 3738 1751 3792 exhibeo.

172 3830 474 3899 Postquam
508 3841 718 3898 Itaque,
750 3828 1080 3891 Danubium,
1117 3830 1246 3882 dum
1289 3830 1355 3883 ad
1384 3830 1532 3883 hunc
1575 3829 1751 3884 Leon-

175 3924 290 3977 tius
312 3922 567 3988 accessit,
602 3921 759 3975 alveo
784 3937 886 3977 suo
933 3922 1029 3983 ita,
1064 3932 1121 3975 ut
1158 3936 1261 3975 nec
1292 3922 1526 3976 navibus
1575 3923 1755 3993 trajici

178 4024 387 4084 posset,
416 4015 588 4069 fuisse
640 4030 948 4085 egressum,
996 4014 1339 4083 Leontioque
1371 4015 1755 4078 nihilominus,

180 4117 241 4161 ut
278 4124 405 4162 eum
436 4108 571 4161 citra
602 4107 1000 4160 haesitationem
1028 4108 1326 4175 trajiceret,
1364 4118 1612 4161 sanctum
1654 4108 1759 4163 De-

180 4201 469 4261 metrium,
512 4199 563 4252 in
605 4200 817 4252 somnis
857 4199 907 4251 ei
961 4207 1316 4267 apparentem
1344 4238 1359 4263 ,
1409 4200 1708 4269 imperasse
1740 4241 1755 4266 ,

179 4294 448 4353 narravit,
478 4308 600 4346 mox
626 4291 691 4344 de
719 4289 951 4344 Leontio
982 4290 1263 4359 subiungit
1289 4308 1301 4344 :
1333 4290 1413 4344 «Μ
1432 4307 1521 4345 me
1548 4292 1757 4361 itaque,

181 4401 491 4441 conscenso
520 4400 716 4447 curru,
748 4385 1116 4437 Venerandam
1170 4388 1299 4452 (qua
1328 4384 1539 4437 scilicet
1589 4399 1758 4439 sacra:

182 4481 363 4536 sancti
393 4479 651 4533 Demetrii
680 4479 925 4546 reliquize
947 4477 1395 4547 continebantur)
1424 4478 1762 4547 lipsanothe-

184 4590 307 4629 cam
342 4573 595 4627 manibus
623 4584 817 4626 tenens
857 4570 1061 4625 ﬂumen
1101 4572 1357 4624 innoxius
1406 4572 1691 4638 transivit;
1734 4590 1754 4624 ι

184 4668 394 4739 quibus
426 4682 555 4720 sane
585 4665 791 4729 verbis,
810 4665 1260 4729 determinatum,
1285 4665 1430 4733 quod
1454 4666 1760 4735 Metaphra-

184 4771 302 4815 stes
348 4760 537 4823 refert,
605 4758 957 4819 miraculum,
1007 4756 1110 4810 etsi
1158 4756 1375 4810 interim
1416 4758 1521 4812 hoc
1560 4774 1625 4812 ex
1661 4760 1769 4813 illis

185 4853 603 4907 verosimillime
632 4853 677 4905 is
706 4852 941 4919 scriptor
969 4859 1201 4915 eruerit,
1234 4850 1288 4904 in
1316 4850 1437 4904 lstri
1468 4868 1564 4919 per
1591 4851 1765 4906 Leon-

193 4948 330 5001 tium
370 4948 597 5016 trajectu
630 4946 835 4998 iactum
875 4945 1062 5007 fuisse,
1100 4946 1421 5012 neutiquam
1462 4946 1758 4999 indicatur.

188 5040 333 5106 Quid
363 5040 407 5091 si
438 5038 584 5092 enim
612 5037 898 5100 Leontius,
928 5038 1085 5104 aquis
1105 5036 1327 5104 quidem
1353 5052 1483 5101 non,
1506 5046 1563 5089 ut
1590 5037 1764 5091 Israe—

190 5134 327 5197 litis,
363 5148 510 5185 mare
537 5131 787 5185 Rubrum
824 5130 1256 5193 transeuntibus,
1289 5132 1492 5193 evenit,
1518 5147 1546 5184 a
1574 5132 1764 5185 dextra

189 5228 437 5293 lzevaque
472 5222 880 5286 recedentibus,
932 5222 1027 5276 sed
1073 5231 1307 5287 tantum,
1346 5231 1405 5276 ut
1440 5222 1660 5277 Christo
1707 5231 1764 5276 et

191 5321 358 5375 Petro
387 5320 531 5386 apud
567 5316 902 5377 Matthaeum,
937 5332 1060 5386 cap.
1096 5333 1204 5375 xiv,
1240 5315 1463 5379 factum,
1496 5331 1603 5369 non
1637 5316 1765 5370 sub-

191 5412 529 5471 sidentibus,
564 5410 875 5464 Danubium
924 5408 1180 5462 innoxius
1219 5408 1537 5477 trajeceriti
1568 5407 1759 5462 Enim-

193 5520 325 5561 vero
354 5506 520 5559 etiam
554 5503 637 5557 vel
671 5503 750 5556 sic
780 5503 980 5557 factum
1015 5501 1179 5555 fuerit
1226 5500 1549 5555 miraculum
1600 5503 1762 5572 plane

195 5600 430 5669 insigne,
464 5612 566 5652 nec
597 5597 743 5649 aliud
774 5596 916 5650 forte
949 5596 1249 5649 indicatum
1285 5595 1523 5650 voluerit
1546 5612 1746 5668 anony-

196 5708 338 5745 mus.
376 5692 572 5745 Verum
606 5690 799 5743 demus
834 5690 996 5742 etiam
1046 5690 1335 5756 tantisper,
1370 5689 1502 5743 illud
1540 5690 1717 5759 ipsum
1746 5735 1759 5756 ,

195 5787 341 5855 quod
372 5785 765 5853 Metaphrastes
800 5794 1010 5842 narrat.
1043 5783 1365 5835 miraculum
1394 5784 1579 5837 verbis
1624 5786 1762 5839 reci-

197 5883 324 5937 tatis
369 5880 595 5936 indicari
628 5881 695 5934 ab
732 5894 1024 5947 anonymo,
1055 5878 1186 5933 illud
1223 5878 1477 5943 equidem
1514 5878 1599 5932 hic
1625 5878 1759 5931 scri-

1787 4630 1838 4688 D

1852 3295 2145 3363 Spectavit.
2181 3309 2243 3346 ac
2282 3300 2336 3355 i4
2378 3308 2479 3345 ms.
2510 3292 2578 3345 84
2613 3292 2881 3360 signatur,
2906 3292 3077 3345 codex
3112 3302 3298 3345 noster
3334 3307 3432 3343 ex-

1852 3388 2028 3446 hibet,
2064 3388 2138 3440 uti
2173 3395 2227 3439 et
2259 3387 2391 3447 duo,
2430 3399 2664 3453 quorum
2693 3386 2925 3438 alterum
2955 3401 2983 3436 c
3012 3382 3429 3445 Rubeze-Vallis,

1853 3477 2089 3529 alterunt
2125 3492 2153 3529 e
2183 3474 2496 3529 Trevirensi
2563 3474 2735 3527 sancti
2782 3475 3057 3527 Maximini
3095 3473 3285 3527 codice
3328 3466 3433 3525 'no-

1856 3577 2004 3622 tatur
2033 3569 2403 3635 desumptnm,
2436 3568 2487 3619 in
2518 3566 2871 3619 collectaneis
2904 3566 3107 3619 nostris
3156 3565 3435 3618 exstantia

1853 3674 2009 3722 mss.,
2045 3660 2118 3713 ita
2156 3670 2336 3712 tamen
2368 3670 2428 3711 ut
2461 3659 2659 3712 horum
2689 3668 3027 3725 postremum
3063 3668 3247 3711 careat
3270 3658 3435 3711 simul

1856 3762 1913 3806 et
1942 3752 2247 3812 miraculis,
2278 3763 2333 3802 et
2367 3749 2637 3803 Anastasii
2672 3748 2907 3817 Prologo
2930 3764 3024 3801 seu
3062 3748 3429 3808 dediCatione,

1857 3844 2059 3899 Carolo
2094 3842 2410 3911 imperatori
2442 3841 2600 3904 facta,
2635 3842 2836 3909 quibus
2871 3842 3033 3895 etiam
3059 3882 3072 3901 ,
3109 3842 3154 3895 si
3195 3843 3428 3894 miracu-

1857 3936 1993 3994 lum,
2029 3933 2174 4003 quod
2209 3933 2278 3987 de
2313 3932 2556 3985 Mariano
2588 3941 2691 3993 est,
2722 3931 3032 3999 exceperis,
3082 3930 3434 3998 suppeditata

1856 4042 1888 4082 a
1920 4026 2294 4080 Bellovacensi
2333 4034 2387 4080 et
2412 4024 2727 4079 Mambritio
2758 4023 3085 4093 compendia
3113 4020 3415 4076 destituun-

1864 4130 1978 4174 tur.

1934 4212 2020 4266 t5.
2047 4213 2217 4267 Porro
2242 4211 2565 4265 Anastasius
2588 4210 3070 4269 Bibliothecarius,
3098 4208 3165 4263 de
3187 4224 3298 4278 quo
3323 4207 3436 4261 Ma-

1864 4302 2129 4357 billonius
2188 4301 2435 4355 Veterum
2487 4300 2861 4353 Analectorum
2901 4308 3049 4351 tomo
3093 4296 3110 4350 1
3173 4296 3437 4365 ρηῑειιο,

1866 4415 1987 4470 pag.
2019 4398 2111 4461 96,
2144 4396 2318 4449 videri
2348 4396 2513 4447 etiam
2564 4403 2763 4463 potest,
2794 4392 2995 4445 dictam
3024 4388 3210 4444 Sancti
3257 4387 3439 4442 Vitam

1866 4508 1961 4547 seu
1996 4492 2337 4550 Passionem,
2375 4488 2643 4540 latinitate
2676 4501 2705 4537 a
2739 4501 2797 4538 se
2839 4485 3123 4543 dona=am,
3159 4482 3225 4535 ad
3264 4481 3438 4534 Caro-

1868 4587 1979 4640 lum
2016 4585 2429 4651 imperatorem,
2479 4578 2557 4631 uti
2592 4578 2860 4646 Prologus
2894 4576 3073 4629 eidem
3125 4575 3259 4629 Vita:
3302 4589 3439 4642 prae-

1872 4679 2008 4732 iixus
2040 4676 2197 4729 ﬁdem
2236 4675 2387 4735 facit,
2412 4671 2752 4735 transmisit;
2786 4686 2979 4739 quare,
3000 4684 3123 4723 cum
3158 4668 3246 4721 hic
3276 4666 3440 4729 alius,

1867 4784 2028 4837 quam
2072 4768 2161 4819 ille
2198 4766 2333 4831 ipse,
2362 4764 2450 4817 cui
2483 4762 2626 4816 idem
2650 4762 2970 4815 Anastasius
2998 4760 3107 4829 (adi
3138 4758 3204 4812 ad
3238 4772 3442 4811 annum

1867 4860 1989 4917 876.
2025 4874 2177 4911 num.
2220 4856 2308 4920 12,
2331 4855 2556 4923 Pagium
2588 4854 2641 4905 in
2672 4852 2909 4919 Criticis)
2938 4850 3130 4905 Latine
3163 4866 3191 4903 a
3222 4865 3279 4903 se
3320 4848 3415 4902 red

1867 4954 2033 5005 ditam
2070 4949 2243 5003 sancti
2272 4948 2513 5015 Dionysii
2554 4945 2896 5013 ArCOpttgiltn
2931 4945 3105 4997 Vitam
3157 4956 3304 4993 anno
3338 4938 3443 4993 876

1871 5045 2036 5101 misit.
2064 5043 2361 5111 imperator
2400 5040 2633 5108 Carolus
2683 5038 2904 5099 Calvus,
2938 5051 3082 5089 anno
3114 5034 3220 5088 875
3250 5032 3443 5086 diade-

1872 5148 2014 5191 mate
2042 5135 2312 5205 imperiali
2346 5135 2533 5188 Roma:
2564 5132 2800 5200 primum
2849 5139 3143 5183 corooatus
3187 5141 3442 5195 annoque

1872 5231 1969 5285 877
1990 5246 2021 5284 e
2050 5230 2188 5283 vivis
2208 5229 2479 5290 sublatus,
2500 5227 2668 5279 fuisse.
2699 5241 2805 5278 nou
2833 5222 3101 5284 videatur,
3130 5218 3441 5273 lucubratio

1866 5324 1966 5376 ista
1997 5321 2410 5375 verosimillime
2443 5334 2552 5372 non
2593 5320 2793 5378 serius,
2823 5330 2984 5383 quam
3016 5315 3120 5366 hoc
3147 5313 3266 5380 ipso
3292 5325 3439 5362 anno

1866 5416 1934 5469 ab
1969 5413 2259 5469 Anastasio
2290 5412 2458 5465 fuerit
2492 5411 2544 5463 in
2574 5410 2817 5477 linguam
2850 5406 3101 5459 Latinam
3147 5416 3438 5465 conversa,

1867 5522 2149 5576 certeque,
2179 5520 2300 5559 cum
2332 5504 2423 5558 hic
2446 5504 2683 5572 scriptor
2712 5510 2838 5554 ante
2864 5513 3068 5551 annum
3095 5494 3217 5557 882,
3244 5504 3304 5547 ut
3328 5493 3444 5548 ldu-

1869 5600 2113 5652 ratorius
2147 5600 2198 5651 in
2239 5596 2585 5658 Praeiatione,
2620 5607 2752 5648 tom.
2787 5593 2953 5646 tertio
2994 5588 3326 5656 Scriptorum
3356 5602 3442 5639 re-

1869 5711 1987 5746 rum
2028 5692 2339 5747 Italicarum
2388 5688 2688 5758 prmmissa,
2726 5687 2887 5741 docet
2913 5725 2926 5745 ,
2969 5699 2997 5737 e
3039 5682 3178 5735 vivis
3220 5680 3438 5742 abierit,

1865 5794 2179 5841 contextam
2210 5800 2237 5836 a
2273 5782 2673 5850 Metapbraste,
2720 5777 2903 5835 smeuli
2938 5776 3206 5829 duntaxat
3239 5770 3440 5825 decimi

1862 5880 2154 5941 scriptore.
2190 5878 2369 5931 Vitam
2416 5875 2749 5942 antiquitate
2793 5877 3104 5939 exsuperat.
3140 5867 3272 5929 Nec,
3299 5864 3435 5934 quin
