4218 6442
766 371 898 439 1091

2043 376 2691 439 δυΡΡιΕΜΕΝΤυΜ.

3914 383 4064 445 1099.

759 484 924 540 etiam
953 497 1118 554 supra
1147 491 1528 552 memoratam,
1556 497 1700 555 qua,
1731 493 1790 537 ιιι
1812 481 2001 551 docui,
2023 484 2335 556 bletaphra-
2368 493 2413 550 Α
2442 488 2693 554 Photius,
2720 491 2812 562 qui
2843 493 3046 548 smculo
3074 509 3125 548 tx
3151 493 3357 558 ﬂoruit,
3390 510 3512 552 sese
3533 511 3659 552 eam
3697 510 3817 552 non
3851 510 4066 552 conte-

762 569 830 626 stl
863 571 1175 640 prmluxisse
1205 570 1444 642 videtur,
1479 573 1705 632 alteram
1738 577 2000 634 Demetrii
2028 576 2209 635 Vitam
2248 596 2345 637 ve-

766 678 969 724 tustate
1007 669 1212 737 vincat,
1254 671 1622 727 dubitandum
1671 684 1918 746 apparet.
1969 675 2192 731 Etenim
2231 693 2342 732 non

768 769 979 816 tantum
1007 762 1129 816 Vita
1158 761 1285 829 ista,
1315 780 1436 834 qua:
1463 764 1826 836 ltlpetaphrasti
1856 767 2137 836 praelusit,
2165 770 2341 825 multo

765 863 852 909 est
889 853 1134 920 brevior,
1170 872 1359 914 verum
1390 858 1578 924 etiam,
1633 874 1756 928 qua
1787 859 1840 914 in
1876 859 1980 916 bac
2003 873 2307 920 occurrunt
2329 904 2344 928 ,

770 953 884 998 tum
917 947 1184 1018 prodigia,
1214 958 1329 1003 tum
1357 949 1497 1005 facta
1528 949 1909 1020 improbabilia
1931 952 2076 1007 haud
2099 957 2342 1026 comple-

767 1039 970 1106 ctitur;
1002 1041 1141 1095 solet
1174 1052 1360 1097 autem
1400 1043 1512 1105 illa,
1538 1059 1662 1113 qua:
1685 1059 1715 1100 e
1755 1044 1970 1100 duabus
2003 1047 2171 1102 unius
2196 1048 2346 1115 ejus-

770 1131 1006 1202 demque
1036 1130 1222 1189 Sancti
1244 1136 1382 1190 Vitis
1407 1136 1550 1192 binis
1581 1139 1690 1194 illis
1711 1139 2126 1195 characteribus
2152 1140 2350 1198 dixtin-

768 1225 973 1293 guitur,
1013 1227 1083 1281 ab
1113 1229 1370 1283 omnibus
1397 1231 1558 1285 modo
1585 1233 1929 1299 antiquitatis
1955 1233 2224 1289 studiosis
2257 1253 2347 1289 ar-

772 1317 950 1388 lisque
979 1321 1185 1375 criticaa
1205 1322 1398 1389 peritis
1429 1325 1600 1378 altera
1632 1326 1820 1381 haberi
1839 1342 1952 1380 non
1981 1335 2198 1383 tantum
2232 1329 2352 1385 siu-

769 1411 970 1478 cerior,
1004 1416 1099 1470 sed
1135 1418 1301 1471 etiam
1331 1423 1629 1488 antiquior.

845 1505 929 1560 t6.
951 1506 1121 1563 Porro
1148 1525 1274 1564 cum
1303 1511 1354 1565 id
1377 1513 1450 1566 ita
1475 1513 1568 1580 sit,
1599 1515 1857 1588 idemque
1883 1529 2152 1588 prasterea
2177 1520 2348 1586 ordo,

773 1613 836 1652 ac
877 1601 1104 1669 phrases
1131 1603 1294 1658 etiam
1338 1609 1452 1663 t'ere
1487 1624 1680 1666 omnes
1714 1612 1956 1677 eaedem,
2008 1613 2212 1683 quibus
2244 1614 2348 1668 De-

773 1692 954 1745 metrii
993 1698 1317 1764 martyrium
1368 1698 1642 1770 hujusque
1682 1704 1858 1759 series
1888 1705 1944 1759 in
1980 1705 2220 1760 breviori
2255 1705 2348 1759 illa

771 1797 867 1837 seu
892 1783 1011 1838 Vita
1055 1800 1149 1841 seu
1178 1787 1460 1864 Passione,
1483 1793 1553 1846 ab
1581 1808 1857 1866 anonymo
1884 1796 2222 1866 conscripta,
2256 1813 2351 1851 ex-

2447 584 2653 648 xuisse,
2687 585 2782 639 sed
2802 585 2917 655 jam
2950 587 3020 641 ab
3053 587 3160 642 alio
3183 597 3504 643 contextam
3542 589 3596 644 in
3627 589 4064 644 bibliothecam

2450 690 2606 731 suam
2635 676 2910 740 intulisse,
2934 678 3098 734 initio
3125 681 3340 744 innuat,
3372 681 3521 751 paris
3548 681 3694 736 forte
3726 681 4060 749 antiquita-

2449 766 2520 821 tis
2551 777 2654 823 est.
2686 765 2824 822 Huic
2849 784 3014 839 porro
3051 769 3294 825 breviori
3320 786 3415 841 per
3445 768 3791 844 anonymnm
3821 775 4064 841 scripta

2450 857 2638 913 Sancti
2689 859 2820 915 Vitae
2865 860 3004 916 duas
3059 863 3241 918 adhuc
3296 878 3461 934 supra
3506 865 3620 931 jatn
3672 874 4061 927 memoratas,

2448 965 2682 1020 quarum
2714 952 2888 1008 altera
2939 955 3103 1009 etiam
3135 955 3206 1010 ab
3231 971 3533 1029 anonymo,
3579 957 3763 1012 altera
3803 973 3834 1012 a
3876 957 4065 1011 Heta-

2451 1042 2673 1112 phraste
2704 1043 2807 1100 fuit
2835 1046 3192 1110 concinnata,
3217 1046 3511 1104 Passiones
3534 1066 3631 1105 seu
3652 1049 3815 1106 Vitas
3846 1051 4064 1104 Dome-

2451 1135 2541 1189 trii
2573 1135 2709 1190 alias
2735 1175 2752 1199 ,
2798 1145 2911 1192 tum
2963 1140 3112 1208 quod
3169 1141 3394 1210 prolixa:
3430 1142 3724 1196 admodum
3762 1158 3878 1196 non
3919 1143 4062 1204 sint,

2452 1229 2702 1298 typisque
2726 1230 3014 1296 hactenus,
3042 1248 3206 1301 quam
3235 1250 3542 1304 anonymus
3566 1235 3896 1294 contexuit.
3929 1235 4060 1288 vnl-

2453 1328 2578 1392 gata
2614 1323 2760 1378 haud
2793 1324 2982 1390 fuerit,
3008 1335 3124 1379 tum
3155 1326 3300 1394 quod
3330 1327 3384 1380 id
3417 1325 3670 1382 studioso
3699 1329 3937 1391 lectori,
3962 1328 4062 1395 qui

2455 1415 2536 1470 sic
2573 1432 2693 1485 quae
2725 1415 2794 1472 de
2828 1417 3137 1484 ambarum,
3183 1429 3244 1474 ut
3273 1421 3348 1474 ita
3401 1419 3601 1485 dicam,
3638 1422 3836 1492 genesi
3877 1435 4062 1490 supra

2453 1509 2765 1576 docuimus,
2814 1511 3133 1566 examinare
3167 1513 3455 1567 commode
3504 1515 3728 1582 poterit,
3792 1514 4062 1568 futurum

2455 1610 2641 1670 putem
2683 1617 2793 1657 non
2825 1603 3118 1672 ingratum,
3154 1603 3345 1659 Graece
3383 1605 3549 1659 simul
3575 1615 3630 1661 et
3660 1605 3866 1660 Latine
3919 1608 4064 1660 sub-

2451 1692 2699 1764 iungam,
2735 1694 2976 1763 priorem
3022 1695 3245 1764 quidem
3294 1711 3324 1750 e
3359 1698 3568 1752 codicis
3617 1701 3802 1754 nostri
3846 1705 3911 1761 »14
3950 1715 4058 1752 ms.

2460 1787 2564 1840 195
2585 1802 2691 1840 ms.
2712 1786 2924 1854 Graeco,
2947 1790 3090 1858 quod
3112 1804 3143 1842 e
3172 1789 3516 1847 bibliothecae
3541 1791 3827 1848 Vaticana:
3857 1795 4062 1849 codice

771 1877 1018 1944 ponitur,
1058 1861 1265 1950 pariter
1316 1884 1368 1937 in
1403 1884 1522 1940 Vita
1544 1926 1558 1948 .
1594 1887 1664 1942 ab
1697 1857 1970 1959 anonymo
2005 1857 2178 1943 alte-ro
2207 1857 2353 1944 con-

2456 1875 2555 1931 82l
2599 1876 2950 1948 desumptutu
2966 1857 3221 1945 notatur,
3243 1882 3502 1952 quodque
3530 1882 3768 1952 ipsemet
3806 1899 3840 1939 e
3863 1885 4061 1955 lingua

777 1975 940 2034 texta,
971 1986 1091 2040 qua:
1111 1972 1465 2043 Metaphrasti
1502 1978 1774 2046 praelusit,
1800 1988 2111 2045 serventur,
2143 1981 2259 2036 hac
2279 1998 2349 2037 ex

776 2062 870 2117 ina
903 2066 1336 2132 verosimillime,
1373 2085 1441 2125 ne
1470 2069 1648 2126 dicam
1695 2071 1947 2138 indubie,
1982 2073 2148 2128 fuerit
2176 2074 2351 2129 ador-

776 2165 925 2218 nata,
958 2165 1122 2228 atque
1155 2159 1207 2213 id
1233 2161 1305 2214 ita
1350 2160 1599 2231 quidem,
1633 2172 1692 2218 ut
1718 2174 1912 2221 auctor
1959 2181 2287 2239 anonymus,
2317 2182 2348 2222 a

775 2266 886 2320 quo
922 2251 1052 2306 illud
1085 2252 1288 2308 factum
1318 2296 1331 2316 .
1369 2255 1590 2311 inventa
1624 2273 1655 2334 a
1685 2273 1807 2314 sese
1838 2260 1892 2313 in
1926 2260 2069 2314 dicta
2109 2262 2353 2317 breviori

775 2355 872 2396 seu
907 2341 1025 2398 Vita
1062 2360 1158 2400 seu
1187 2347 1448 2403 Passione
1499 2348 1641 2404 facta
1667 2392 1682 2416 ,
1730 2351 2036 2408 intersertis
2073 2352 2309 2408 subinde
2333 2392 2349 2417 .

777 2451 899 2503 qua:
929 2437 980 2488 in
1016 2436 1104 2490 illa
1139 2448 1348 2505 narrat,
1379 2440 1644 2509 prodigiis
1671 2441 1944 2512 factisque
1968 2445 2352 2515 improbabili-

779 2527 906 2592 bus,
947 2531 1388 2600 paraphrastice,
1419 2533 1495 2588 uti
1531 2550 1597 2590 ex
1630 2536 1919 2606 utriusque
1949 2538 2352 2594 lucubrationis

781 2620 1074 2676 collatione
1110 2633 1371 2692 patescet,
1406 2627 1729 2695 explanarit.
1753 2631 1935 2698 Atque
1959 2629 2049 2685 illa
2083 2630 2306 2700 quidem
2333 2670 2351 2696 ,

785 2719 866 2778 ut,
888 2712 1020 2781 quid
1053 2714 1120 2767 de
1150 2718 1419 2785 scriptore
1454 2717 1545 2770 illo
1579 2717 1841 2785 sentiam,
1866 2720 2086 2776 tandem
2115 2723 2358 2787 edicam,

2455 1967 2643 2024 Graeca
2680 1972 2733 2024 in
2781 1969 3033 2025 Latinam
3076 1975 3368 2040 converti;
3424 1977 3796 2045 posteriorem
3852 1993 4001 2032 vero
4031 1993 4062 2032 e

2457 2078 2624 2132 supra
2645 2074 2947 2118 memorata
2976 2065 3222 2121 Bcllandi
3252 2072 3426 2123 nostri
3457 2071 3701 2125 editione
3730 2087 3836 2125 seu
3863 2074 4061 2141 potius

2459 2172 2489 2211 e
2519 2155 2976 2211 Christianissitni
3006 2159 3148 2229 regis
3181 2161 3544 2216 bibliothecas
3567 2161 3853 2227 Medicam,
3881 2179 3917 2214 ε
3949 2179 4061 2232 quo

2459 2249 2725 2304 adornata
2754 2250 2868 2304 htec
2901 2249 3025 2316 luit,
3065 2253 3425 2318 eodiie,-cum
3455 2252 3740 2323 Lipomani
3798 2265 3856 2310 et
3909 2254 4060 2311 Surii

2459 2340 2799 2395 editionibus
2823 2342 3040 2396 collato.
3062 2345 3237 2410 Atque
3262 2345 3334 2398 ita
3361 2347 3543 2410 modo,
3565 2346 3754 2415 quanti
3789 2363 4059 2417 quaeque,

2461 2450 2584 2504 qua:
2616 2435 2997 2500 inveniuntur,
3032 2433 3220 2489 Sancti
3253 2433 3390 2490 Vitae
3423 2439 3660 2504 valeant,
3705 2449 3761 2494 et
3792 2456 4056 2509 quaenam

2462 2543 2524 2582 ex
2553 2529 2702 2582 hsce
2729 2530 3126 2583 commentario
3156 2530 3281 2583 huic
3311 2529 3612 2584 subdendte
3651 2530 3928 2600 sint.jam
3960 2547 4062 2586 ex-

2461 2619 2660 2687 posui;
2691 2619 2792 2672 etsi
2820 2628 3022 2681 autem,
3050 2620 3336 2679 utmonui.
3370 2617 3686 2675 Passionem
3734 2637 3840 2675 seu
3878 2620 4058 2675 Vitam

2463 2710 2652 2766 Sancti
2710 2712 3062 2777 breviorem,
3134 2713 3204 2766 ab
3277 2715 3573 2769 Anastasio
3617 2714 4060 2771 Bibliothecsrio

781 2803 829 2857 si
861 2820 966 2858 non
1009 2806 1237 2875 ipsemet
1266 2807 1531 2863 conﬁnxit
1556 2849 1568 2866 .
1614 2825 1682 2864 ex
1728 2810 1895 2865 intida
1923 2814 2358 2880 [verosimillime

2468 2803 2664 2860 Latine
2712 2806 3002 2872 redditam,
3045 2821 3076 2860 e
3113 2806 3414 2860 Mabiltunii
3461 2809 3709 2862 editione
3742 2824 4058 2865 recnsurus

786 2897 932 2966 vulgi
968 2897 1106 2952 fama
1141 2899 1458 2969 papularive
1494 2902 1790 2957 traditione
1817 2905 2096 2973 acceperit
2135 2924 2148 2959 :
2191 2907 2358 2961 modo
2467 2898 2595 2962 sim.
2631 2899 2896 2952 miracula
2919 2911 3125 2962 tamen.
3161 2910 3283 2953 ωυι
3323 2899 3457 2954 "iit!
3478 2901 3550 2954 illi
3584 2901 3637 2954 in
3677 2903 3781 2956 hac
3806 2905 4058 2972 proxime

787 2991 970 3043 adhuc
1003 3030 1016 3050 .
1065 3001 1282 3060 quanta:
1331 2993 1568 3064 quidem
1610 2995 1956 3065 antiquitatis
2003 2997 2225 3054 brevior
2268 3000 2359 3054 illa

2468 2991 2736 3048 subnexa.
2795 3006 2903 3043 non
2937 2991 3037 3058 nisi
3081 2993 3147 3044 ad
3200 2993 3435 3046 duarum
3477 2993 3739 3059 aliarum,
3819 2996 4053 3064 pariter,

787 3080 973 3137 Sancti
1005 3084 1179 3137 nostri
1213 3083 1332 3136 Vita
1362 3083 1634 3143 videatur.
1666 3099 1903 3154 expono.
1930 3087 2086 3152 Quod
2123 3091 2168 3144 si
2206 3105 2357 3155 vere,
2469 3092 2530 3138 υι
2582 3085 2696 3153 iam
2728 3083 2865 3148 dixi.
2917 3084 3283 3145 edendal‘ttm.
3319 3085 3527 3139 calcem
3577 3087 3862 3154 adiiciam.
3893 3087 4060 3157 idque

790 3173 869 3227 uti
903 3173 1041 3228 forte
1074 3190 1138 3228 ex
1171 3175 1333 3229 dictis
1368 3174 1595 3238 factum,
1623 3177 1888 3244 prolixior
1918 3181 2176 3251 anonymi
2206 3182 2367 3235 lucu.
2395 3196 2438 3255 ρ
2473 3191 2582 3230 non
2623 3189 2691 3229 ex
2744 3189 2936 3229 eorum
2969 3175 3183 3229 editore
3221 3173 3532 3230 Habillonio
3567 3178 3939 3231 Anastasiove
3972 3178 4056 3230 in-

788 3267 989 3331 bratio,
1025 3281 1145 3338 quae
1175 3267 1526 3336 Metaphrasti
1564 3269 1840 3338 praeluxit,
1872 3269 2095 3339 Joanni,
2124 3273 2364 3330 Thessa-

788 3365 1053 3420 lonicensi
1080 3367 1282 3421 seculo
1302 3366 1546 3436 septimo
1582 3367 1845 3431 antistiti,
1866 3369 2072 3438 pariter
2094 3373 2366 3441 praeluxe-

793 3458 886 3521 rit,
925 3457 1164 3523 brevior,
1199 3457 1266 3513 de
1307 3474 1414 3527 qua
1453 3459 1565 3524 hic,
1617 3444 1804 3515 Sancti
1844 3461 1970 3517 Vita
2013 3477 2111 3517 seu
2157 3463 2368 3526 Passio.

792 3559 982 3617 utpote
1012 3548 1136 3612 hac.
1167 3557 1227 3604 ut
1243 3550 1354 3619 jam
1377 3549 1566 3614 docui,
1588 3551 1889 3621 antiquior,
1909 3554 2023 3622 jam
2054 3554 2182 3608 inde
2197 3556 2364 3609 etiam

791 3639 860 3692 ab
888 3640 1080 3694 eodem
1126 3640 1329 3694 sacculo
1385 3642 1643 3710 septimo.
1689 3643 1801 3697 imo
1838 3643 1981 3698 forte
2025 3645 2138 3712 jam
2177 3645 2302 3700 inde
2336 3660 2368 3699 a

792 3728 993 3783 sarculo
1021 3737 1178 3785 sexto
1211 3739 1304 3783 aut
1335 3729 1477 3786 forte
1515 3732 1700 3786 adhuc
1723 3732 1889 3786 citius
1919 3733 2089 3788 fuerit
2123 3737 2372 3790 conscri-

794 3833 907 3891 pta.
941 3822 1008 3876 Et
1055 3839 1208 3888 vero,
1235 3839 1360 3877 cum
1397 3825 1724 3880 Anastasius
1755 3824 2244 3890 Bibliothecarius,
2272 3843 2374 3883 sa:-

795 3915 904 3968 culi
946 3915 1076 3968 noni
1129 3916 1392 3985 scriptor,
1439 3932 1559 3973 sese
1584 3917 1734 3972 illam
1793 3934 1904 3972 non
1949 3930 2081 3974 tunc
2129 3921 2367 3990 primum

794 4007 1175 4070 concinnasse,
1201 4009 1296 4062 sed
1323 4017 1538 4064 tantum
1586 4010 1698 4079 jam
1721 4010 2106 4065 concinnatam
2133 4027 2163 4066 e
2180 4012 2374 4081 lingua

797 4097 984 4153 Graeca
1017 4099 1072 4152 in
1105 4098 1356 4154 Latinam
1395 4101 1781 4167 transtulisse,
1831 4103 1885 4156 in
1939 4103 2171 4174 Prologo
2204 4104 2377 4176 dicat,

798 4191 935 4245 nihil
978 4207 1129 4257 sane,
1175 4194 1477 4262 quominus
1513 4202 1619 4250 tam
1657 4195 1769 4249 cito
1809 4204 2032 4249 exarata
2077 4205 2374 4262 statuatur,

800 4283 1066 4353 impedire
1106 4283 1347 4348 videtur,
1378 4287 1576 4355 vixque
1607 4288 1795 4347 etiam.
1829 4289 1963 4357 quin
2011 4289 2205 4345 saltem
2244 4299 2377 4345 ante

800 4376 1060 4431 saeculum
1096 4392 1302 4432 nonum
1333 4380 1536 4436 litteris
1565 4379 1735 4436 fuerit
1769 4381 2178 4447 commendata,
2211 4382 2379 4438 dubi-

805 4468 1031 4523 tandum
1063 4481 1315 4540 apparet.

2470 3274 2731 3336 terprete,
2764 3266 2860 3321 sed
2891 3282 2954 3320 ex
2984 3267 3142 3336 ipsis,
3167 3281 3198 3320 e
3222 3267 3425 3337 quibus
3448 3269 3701 3338 primitus
3732 3280 4051 3332 manarunt,

2471 3358 2714 3414 fontibus
2741 3358 2964 3414 Graecis.

2541 3451 2629 3506 I8.
2663 3451 2898 3517 Quinam
2931 3451 2984 3505 hi
3013 3451 3143 3514 sint,
3184 3467 3425 3522 expono.
3461 3451 3518 3507 In
3546 3453 3735 3508 codice
3761 3454 3899 3508 olim
3953 3455 4056 3509 Ia-

2471 3546 2706 3599 zarinmo
2720 3561 2884 3614 supra
2910 3545 3212 3615 saepissime
3247 3555 3550 3600 memorato
3579 3556 3689 3600 tres
3712 3547 3953 3602 diversae
3972 3564 4056 3602 su-

2474 3654 2573 3708 pra
2605 3640 2808 3709 pariter
2835 3648 3156 3694 memoratae
3200 3647 3424 3694 exstant
3447 3641 3515 3694 de
3544 3639 3775 3709 patratis
3806 3656 3838 3694 a
3871 3653 4055 3695 sancto

2474 3733 2752 3787 Demetrio
2779 3732 3052 3786 miraculis
3078 3731 3510 3795 lucubrationes,
3551 3748 3786 3801 quarum
3823 3733 4054 3803 primam

2474 3823 2777 3878 elaboravit
2822 3822 3086 3886 Joannes,
3124 3824 3570 3892 archiepiscopus
3608 3824 4056 3879 Thessalonicen-

2477 3912 2578 3975 sis,
2620 3913 2918 3966 secundam
2946 3928 3275 3984 ananytnus,
3296 3915 3390 3981 qui
3421 3914 3582 3981 hujus
3613 3914 4053 3969 lucubrationem

2477 4005 2842 4067 continuavit,
2874 4020 2938 4059 ac
2979 4007 3194 4062 tertiam
3248 4005 3486 4073 denique
3539 4021 3851 4076 anonymus
3900 4007 4051 4068 alter,

2477 4100 2596 4169 qui,
2627 4099 3094 4168 quemadmodum
3124 4098 3183 4152 in
3239 4099 3380 4167 ipso,
3432 4113 3597 4167 quem
3637 4099 3758 4153 hac
3812 4101 4051 4169 palen.

2480 4191 2639 4246 titulo
2672 4192 2968 4255 indicatur,
3022 4189 3242 4244 diversa
3294 4190 3531 4244 diversis
3596 4194 3947 4260 temporibus
3996 4210 4053 4247 ac

2487 4285 2624 4339 locis
2664 4284 2803 4338 facta
2834 4298 2864 4337 a
2906 4291 3101 4338 sancto
3157 4282 3436 4337 Demetrio
3464 4283 3728 4336 miracula
3769 4283 3826 4336 in
3853 4286 4052 4339 litteras

2481 4379 2651 4434 misit.
2678 4378 2821 4445 Quin
2840 4393 2871 4432 e
2897 4377 3195 4442 miraculis,
3228 4377 3313 4430 vel
3369 4377 3425 4431 in
3455 4377 3684 4431 Joannis
3704 4375 4050 4432 Thessaloni-

2482 4474 2685 4536 censis,
2718 4471 2801 4525 vel
2829 4470 2883 4524 in
2913 4469 3168 4539 snonymi
3197 4468 3400 4540 prioris
3435 4469 3818 4524 lucubratione
3868 4486 4049 4525 occur-

874 4560 963 4614 17.
1003 4539 1156 4616 Hanc
1178 4562 1366 4631 itaque
1400 4563 1715 4618 breviorem
1745 4564 2010 4636 anonymi
2040 4564 2383 4620 lucubratio-
2416 4539 2457 4592 θ
2486 4565 2752 4627 rentibus,
2785 4563 3045 4618 miracula
3080 4539 3314 4633 singula,
3340 4576 3460 4631 qua
3488 4562 3809 4616 Anastasius
3865 4564 4043 4618 biblioo

806 4669 954 4712 nem.
987 4670 1109 4724 quae
1142 4664 1430 4725 praeterea,
1466 4658 1722 4726 quamvis
1743 4657 1991 4726 quidem,
2016 4659 2164 4728 quod
2190 4675 2222 4714 e
2242 4661 2384 4713 scri-

805 4747 1062 4815 ptoribus
1097 4749 1545 4804 monumentisve
1575 4749 1880 4819 aequalibus
1920 4761 2015 4805 aut
2048 4752 2384 4822 subaquali-

808 4840 913 4895 bus
947 4840 1144 4895 hausta
1175 4857 1284 4895 non
1335 4842 1564 4907 sciatur,
1615 4842 1778 4896 tidem
1828 4843 2191 4898 indubitatam
2240 4845 2386 4899 haud

808 4942 1108 4999 mereatur,
1138 4934 1274 4988 nihil
1308 4946 1489 4989 tamen
1522 4935 1751 4989 omnino
1774 4951 1802 4989 a
1830 4936 2063 4990 veritate
2092 4946 2245 4991 certo
2281 4938 2377 4991 ab-

811 5027 1044 5083 horrens
1091 5041 1292 5082 verove
1339 5027 1505 5081 etiam
1553 5027 1805 5081 absimile
1847 5027 2271 5095 complectitur,
2318 5027 2386 5082 ad

812 5123 1196 5176 commentarii
1228 5122 1431 5175 calcem
1478 5122 1656 5190 primo
1703 5122 1848 5187 loco,
1893 5121 2040 5191 quod
2074 5130 2132 5175 et
2178 5122 2320 5185 Vita,
2359 5139 2388 5176 a

813 5217 1183 5286 Metaphraste
1220 5225 1498 5278 contexta,
1529 5225 1587 5269 et
1622 5215 1819 5278 altera,
1851 5231 1974 5285 qua:
2018 5215 2148 5270 huic
2183 5215 2384 5284 praelu-

820 5310 924 5373 xit,
971 5309 1016 5362 si
1060 5307 1365 5377 antiquior,
1417 5307 1675 5361 recudam
1713 5323 1744 5361 e
1781 5307 2078 5361 iiabillonii
2122 5307 2392 5371 editione.

817 5414 942 5454 cum
980 5399 1382 5454 [iubete-Vallis
1416 5414 1523 5452 ms.
1569 5398 1802 5468 aliisque
1841 5415 2010 5468 supra
2055 5401 2394 5464 memoratis,

821 5508 942 5562 quae
975 5493 1043 5545 ad
1092 5505 1315 5544 manum
1357 5501 1520 5556 sunt,
1557 5501 1672 5546 tum
1702 5492 1941 5556 excusis,
1971 5501 2108 5546 tum.
2146 5507 2280 5557 mss.
2308 5493 2396 5546 lu-

822 5587 1166 5642 cubrationis
1197 5587 1442 5657 ejusdem
1490 5587 1900 5656 exemplaribus
1938 5587 2170 5647 collata.
2219 5586 2299 5640 uti
2343 5594 2401 5639 et

821 5693 947 5732 cum
979 5679 1244 5734 Photiana
1278 5678 1465 5734 Sancti
1499 5679 1641 5740 Vita.
1675 5696 1796 5748 qua!
1836 5694 1960 5733 cum
1992 5679 2096 5731 hac
2141 5694 2248 5732 non
2288 5689 2405 5729 Iano

827 5780 965 5835 tum,
994 5781 1056 5827 ut
1085 5787 1252 5842 supra
1284 5772 1494 5826 dictum
1518 5811 1532 5834 ,
1571 5772 1625 5826 in
1670 5772 1978 5826 substantia
2017 5770 2404 5839 adjunctisqno

829 5867 944 5922 tere
982 5866 1239 5923 omnibus
1261 5867 1510 5928 apprime
1537 5865 1810 5925 congruit.
1840 5878 2029 5918 verum
2061 5863 2248 5924 etiam.
2279 5877 2403 5915 cum

2490 4655 2770 4709 tbeearius
2793 4653 2986 4707 Latine
3015 4653 3275 4716 reddidit,
3299 4651 3764 4721 labilloniusque
3798 4654 4049 4722 vulgavit,

2491 4747 2750 4817 primitus
2801 4747 2995 4800 hausta
3050 4746 3186 4808 sint,
3237 4745 3605 4799 dubitandum
3662 4750 3752 4798 vix
3805 4758 4048 4814 apparet.

2491 4856 2615 4894 cum
2655 4839 2772 4894 haec
2803 4840 3044 4902 illorum,
3095 4839 3298 4907 quibus
3348 4838 3706 4907 respondent.
3745 4843 4048 4907 compendia

2491 4933 2755 4986 duntaxat
2821 4932 2954 4992 sint.
3001 4931 3403 4997 Anastasioilue
3449 4928 3688 4983 Joannes
3715 4929 4047 4984 Thessaloni-

2493 5024 2672 5078 censis
2693 5037 2756 5078 ac
2789 5022 2952 5090 hujus
2979 5023 3332 5076 continuator
3359 5036 3666 5090 anonyutus
3713 5023 4050 5091 antiquitate,

2496 5115 2571 5169 uti
2604 5130 2672 5171 ex
2710 5115 2847 5168 intra
2890 5113 3142 5169 dicendis
3189 5114 3481 5183 intelliges.
3542 5114 3885 5182 praecellant.
3930 5114 4048 5184 Sup-

2497 5207 2733 5274 peilitata
2793 5205 2976 5273 itaque
3024 5201 3175 5273 apud
3231 5201 3604 5257 Habillonium
3663 5204 3732 5256 ab
3778 5205 4048 5258 Anastasio

2501 5298 2927 5354 Bibliotherario
2975 5296 3238 5353 miracula
3273 5311 3304 5350 e
3344 5296 3492 5350 binis
3541 5295 3652 5350 illis
3705 5296 4048 5365 scriptoribus

2500 5395 2568 5449 ad
2607 5393 2846 5448 Vitarum
2883 5395 3046 5448 trium
3074 5410 3170 5448 seu
3232 5393 3553 5448 Passionutn
3589 5392 3927 5446 edendarum
3956 5390 4046 5443 cal-

2502 5504 2620 5542 cem
2650 5489 2962 5556 adjungnm.
3011 5485 3085 5539 ita
3118 5486 3279 5539 modo
3322 5500 3512 5538 eorum
3548 5483 3953 5538 lucubrationes
3973 5497 4045 5536 ser

2506 5582 2685 5649 potius
2709 5621 2722 5642 ,
2759 5593 2878 5646 qua:
2932 5578 3082 5631 hisce
3124 5577 3504 5640 continentur,
3558 5576 3824 5630 miracula
3862 5577 4042 5628 omnia.

2506 5689 2611 5726 una
2669 5687 2794 5725 cum
2855 5673 3132 5739 anonymi.
3188 5671 3305 5736 qui,
3364 5679 3426 5721 ut
3484 5668 3595 5739 jam
3653 5669 3791 5732 dixi,
3863 5667 4042 5721 facta:

2511 5772 2700 5818 sancto
2746 5761 3019 5826 Demetrio
3066 5759 3285 5814 diversa
3342 5759 3582 5813 diversis
3632 5757 3965 5827 temporibus
3999 5769 4042 5807 at

2511 5855 2644 5909 locis
2678 5853 2938 5907 miracula
2968 5849 3161 5906 litteris
3183 5849 3480 5912 mandavit.
3516 5849 3895 5905 lucubratione
3929 5845 4042 5916 typis
