4218 6442
209 384 353 453 1093

1240 381 1300 440 S.
1348 377 1732 439 DEMETRII
1780 375 2181 435 MAllTYRlS
2222 376 2426 435 ACTA.

3342 382 3477 446 10M

208 501 453 569 primum
487 500 693 568 (neque
725 498 874 552 enim
906 497 1201 558 hactenus,
1239 494 1600 569 quodﬁsciam,
1640 491 1799 546 edita:
1831 494 1874 549 A
1903 487 2133 543 Joannis
2166 490 2561 559 archiepisc0pi
2622 493 2883 547 industria
2938 493 3155 564 egregie
3191 496 3473 565 incumbit,

212 593 463 661 fuerunt)
530 591 719 647 Graece
786 590 951 645 simul
1027 598 1084 645 et
1148 588 1342 642 Latine
1420 587 1793 656 subjecturus.

212 686 372 751 Quod
412 696 473 740 ut
502 683 570 738 ad
608 700 817 738 morem
877 694 1128 737 nostrum
1164 682 1383 740 faciam.
1417 695 1556 750 opus
1624 690 1797 733 totum

214 778 269 829 in
336 787 434 843 tot,
468 784 605 848 quot
658 777 1077 832 lucubrationes
1117 786 1269 839 sunt,
1315 775 1486 828 libros
1526 773 1794 835 diversos,

211 870 307 935 qui
348 881 405 923 et
435 869 541 939 ipsi
579 870 635 923 in
667 869 849 938 capita
881 882 948 921 ac
1001 880 1263 920 numeros
1303 864 1469 918 divisi
1520 863 1653 925 sint,
1687 860 1800 914 dis-

215 961 488 1035 tinguam,
512 960 1076 1027 annotationibusque
1099 960 1288 1021 etiam,
1314 957 1402 1012 ubi
1427 956 1476 1010 id
1496 968 1798 1024 congruum

216 1054 711 1125 necessariumque
731 1053 917 1124 judice
928 1067 1073 1117 vero,
1110 1052 1177 1106 ad
1200 1050 1536 1121 singulorum
1558 1048 1799 1118 capitum

217 1145 381 1199 ﬁnem
417 1148 671 1216 adjectis,
716 1146 1023 1200 illustrabo.

303 1241 382 1294 l9.
418 1239 617 1293 Verum
654 1254 779 1294 cum
814 1253 912 1307 per
954 1238 1121 1291 breve
1175 1246 1411 1307 tempus,
1464 1251 1573 1306 quo
1628 1237 1796 1289 codex

215 1333 349 1386 olim
383 1331 737 1386 Mazaricazus
766 1346 930 1399 supra
963 1330 1269 1398 smpissime
1299 1330 1549 1383 laudatus
1582 1328 1647 1380 ad
1686 1342 1800 1379 ma-

222 1441 360 1478 num
389 1425 511 1488 fuit,
547 1439 577 1477 e
615 1424 918 1485 miraculis,
958 1438 1078 1487 qua:
1116 1421 1291 1475 tribus
1321 1421 1429 1475 illis
1466 1419 1801 1472 lutuhratio-

220 1517 389 1569 nibus
422 1514 994 1584 comprehenduntur,
1024 1514 1271 1581 quaedam
1304 1512 1572 1567 duntaxat
1594 1511 1803 1579 integra

222 1624 335 1661 una
393 1622 516 1661 cum
567 1607 774 1675 aliqum
842 1605 1070 1659 aliorum
1107 1605 1448 1673 l‘ragmentis,
1488 1604 1805 1656 narratione

223 1701 439 1769 reliqua
496 1701 549 1753 in
606 1700 998 1768 compendium
1057 1696 1711 1760 contracta,dcscribere
1740 1710 1804 1747 ex

228 1795 334 1847 hoc
367 1792 606 1859 licuerit,
632 1808 739 1861 qua
774 1793 984 1845 ratione
1024 1791 1324 1845 editionem
1359 1791 1502 1843 illam
1558 1789 1805 1843 adorna-

221 1896 382 1939 turus
415 1885 544 1949 sim,
584 1885 973 1953 exponendum
1009 1883 1189 1937 adhuc
1226 1894 1329 1938 est.
1368 1882 1649 1945 Miracula,
1682 1898 1801 1951 quae
1838 1911 1879 1965 Β

222 1994 255 2033 e
288 1979 475 2034 codice
497 1978 821 2032 Mazarinazo
849 1977 1061 2045 integra
1085 1977 1367 2038 habemus,
1402 1976 1612 2046 integra
1638 1976 1803 2029 etiam

225 2086 296 2124 ex
347 2071 451 2125 hoc
496 2070 771 2125 dabimus.
824 2070 972 2123 Idem
1032 2069 1194 2122 etiam
1242 2078 1509 2137 quantum
1569 2069 1634 2122 ad
1696 2069 1805 2121 ira-

220 2173 470 2235 gtuenta,
527 2180 648 2233 quae
706 2179 879 2233 penes
930 2178 1028 2217 nos
1098 2178 1164 2217 ex
1215 2162 1409 2216 eodem
1463 2163 1652 2216 codice
1704 2163 1799 2216 de-

220 2259 429 2327 scripta
461 2265 703 2319 exstant,
732 2271 929 2310 sumus
961 2255 1153 2309 facturi
1181 2271 1196 2319 ;
1221 2257 1293 2308 ita
1316 2264 1521 2315 tamen,
1550 2264 1627 2317 ut,
1658 2260 1802 2323 quod

222 2349 297 2401 ab
329 2348 507 2414 hisce,
544 2357 878 2417 punctorum
915 2348 1364 2415 interpositione,
1413 2362 1537 2415 quin
1596 2348 1803 2399 hiatum

224 2442 431 2510 signet,
462 2451 755 2511 propterea
788 2442 1025 2497 subinde
1059 2440 1486 2508 distinguettdis,
1517 2456 1547 2493 e
1598 2443 1805 2510 reliqua

226 2536 548 2589 narratione
574 2534 753 2599 abest,
778 2550 1010 2604 nosque,
1048 2543 1107 2588 ut
1132 2535 1240 2602 jam
1265 2536 1444 2595 innui,
1478 2538 1808 2603 compendio

230 2624 522 2689 habemus,
560 2624 612 2677 in
673 2623 1137 2681 Adnotationibus
1164 2624 1425 2678 lectorem
1458 2625 1557 2676 sim
1589 2626 1812 2680 edoctu-

229 2730 349 2767 rus.
384 2713 540 2779 Quod
596 2725 779 2769 autem
811 2715 877 2767 ad
904 2714 1033 2777 alia,
1090 2730 1213 2781 quae
1245 2715 1419 2767 tribus
1442 2730 1605 2781 supra
1647 2715 1810 2771 dictis

232 2804 709 2859 lucubratimiibus
797 2806 1171 2868 continentur,
1235 2806 1499 2859 miracula
1578 2816 1808 2876 spectat,

236 2913 405 2951 unum
436 2912 502 2952 ex
537 2898 621 2950 his
648 2912 679 2948 e
708 2896 1061 2958 Combeﬁsio,
1095 2896 1184 2966 qui
1220 2897 1270 2951 id
1309 2898 1361 2951 in
1418 2896 1671 2953 Historiae
1703 2898 1812 2969 By-

232 2991 465 3043 sentina!
518 3001 638 3058 post
682 2988 1074 3058 Theophanem
1113 2991 1495 3060 scriptoribus,
1531 3009 1652 3063 pag.
1708 2994 1811 3049 3H

233 3092 288 3132 et
322 3079 468 3134 binis
498 3094 651 3148 seqq.
679 3095 707 3133 e
730 3081 919 3135 codice
950 3079 1274 3135 Mazarinteo
1308 3096 1473 3151 supra
1508 3084 1811 3152 saepissime

234 3172 458 3226 laudato
513 3182 785 3235 recenset,
824 3172 1078 3241 vulgabo,
1136 3172 1343 3242 reliqua
1377 3188 1507 3228 vero
1561 3190 1591 3228 e
1619 3175 1809 3229 codice

1908 587 2007 634 etsi
2066 600 2173 635 non
2228 586 2431 637 desunt
2486 584 2741 653 utrinque
2803 594 3211 656 stratagcmata,
3242 587 3479 658 bellique

1905 674 2147 728 facinora
2186 676 2449 744 praeclare
2482 676 2650 737 edita,
2684 691 2805 743 qua:
2837 677 2975 731 forte
3000 678 3182 732 omnia
3215 679 3317 732 alia
3348 696 3374 731 a
3395 695 3481 733 me

1903 782 1969 819 uc
1993 782 2194 818 ‘aszonc
2226 778 2391 819 erunt
2432 768 2808 835 producenda,
2837 777 2896 821 ut
2928 777 2981 822 et
3012 768 3199 823 ultima
3228 771 3477 839 ejusdem

1906 861 2058 915 urbis
2092 863 2452 933 expugnatio,
2484 879 2513 916 a
2541 862 2755 918 Joanne
2783 865 3097 934 Anagnosta
3129 867 3346 937 egregie
3376 866 3475 921 de-

1904 966 2125 1021 scripta.
2171 976 2187 1006 ι

1974 1042 2066 1097 9.1.
2117 1063 2135 1096 ι
2171 1044 2267 1098 llic
2300 1062 2427 1100 vero
2464 1046 2800 1115 parcendum
2829 1048 2957 1103 moli
2988 1048 3135 1114 libri,
3174 1062 3267 1117 per
3291 1062 3481 1117 quant,

1908 1152 1973 1189 ne
2014 1150 2169 1191 extra
2198 1150 2368 1193 metas
2397 1142 2695 1210 quidquam
2742 1157 3093 1196 excurrerem
3118 1183 3132 1206 ,
3182 1141 3316 1196 mihi
3368 1142 3482 1211 ipse

1906 1230 2076 1299 legem
2114 1232 2373 1300 imposui,
2403 1243 2459 1286 et
2486 1243 2544 1285 ut
2580 1249 2747 1287 unum
2782 1234 3047 1288 duntaxat
3088 1252 3151 1288 ex
3182 1238 3359 1304 spisso
3391 1236 3485 1290 illo

1906 1339 2070 1391 Opere
2111 1324 2458 1392 (Mazarinaao
2504 1341 2702 1393 nempe
2728 1343 2892 1396 supra
2930 1328 3168 1393 laudato,
3197 1328 3288 1396 qui
3314 1312 3484 1383 'totus

1908 1417 1973 1470 de
2002 1427 2191 1470 sancto
2222 1417 2498 1471 Demetrio
2527 1427 2630 1482 est,
2668 1420 2855 1473 codice
2886 1421 3011 1489 ms.)
3046 1430 3210 1490 caput
3240 1420 3488 1490 praeliba-

1908 1525 2045 1571 rem.
2077 1510 2222 1575 quod
2266 1511 2409 1565 hanc
2452 1511 2622 1578 ipsam
2656 1513 2850 1567 excisa:
2883 1513 3035 1567 urbis
3080 1513 3486 1569 Thessalonicae

1910 1600 2203 1655 Historiam
2235 1613 2481 1657 extremo
2514 1605 2685 1658 limite
2721 1605 2958 1673 attingit.
2997 1605 3106 1659 Cur
3134 1621 3262 1659 vero
3293 1608 3487 1659 Deme-

1910 1696 2066 1757 trius,
2091 1705 2168 1749 tot
2201 1698 2375 1749 modis
2409 1698 2684 1765 tantisque
2714 1698 2963 1751 hostibus
2987 1700 3115 1752 olitn
3144 1710 3363 1753 servata
3386 1714 3485 1754 sua

1909 1789 2150 1851 civitate,
2190 1792 2356 1843 semel
2389 1800 2442 1842 et
2483 1790 2683 1843 iterum
2728 1806 2756 1843 a
2789 1790 2991 1844 Christi
3025 1792 3273 1845 hostibus
3325 1793 3486 1861 diripi

1909 1881 2119 1944 siverit,
2150 1896 2450 1948 eorumque
2486 1892 2763 1948 postremo
2796 1883 2950 1936 ﬁrma
2980 1883 3328 1953 possessione
3353 1884 3491 1949 juris

1911 1973 2049 2035 ﬁeri,
2083 1975 2189 2028 alla
2228 1973 2323 2028 Dei
2349 1974 2552 2042 judicia
2584 1985 2735 2036 sunt,
2777 1990 2805 2027 a
2838 1976 3037 2043 quibus
3070 1985 3125 2029 et
3174 1976 3331 2030 nobis
3378 1990 3492 2030 me-

1911 2070 2016 2122 rito
2052 2068 2354 2122 timendum
2388 2068 2473 2121 sit.
2516 2086 2532 2117 »
2588 2067 2667 2121 lta
2710 2076 2813 2129 est.
2842 2069 3037 2122 eximia
3073 2068 3252 2137 plane,
3290 2068 3367 2122 uti
3404 2069 3492 2123 hic

1907 2160 2270 2215 Combeﬁsius
2299 2161 2502 2224 innuit,
2532 2169 2752 2213 narrata
2790 2175 2817 2212 a
2853 2160 3086 2221 Joanne,
3128 2159 3492 2216 Thessaloni-

1909 2256 2060 2309 censi
2090 2254 2520 2322 archiepiscopo,
2557 2253 2936 2322 scriptor-eque
2983 2268 3257 2325 anonymo
3286 2256 3490 2323 priore,

1910 2357 2068 2400 antea
2093 2349 2204 2414 jatn
2235 2362 2261 2398 a
2284 2347 2441 2398 nobis
2473 2346 2713 2409 laudato,
2739 2347 2829 2413 qui
2861 2345 3027 2414 hujus
3049 2348 3490 2402 lucubrationetn

1910 2438 2286 2499 toutinuavit,
2355 2438 2525 2491 sancti
2598 2437 2881 2503 Demetrii,
2943 2439 3130 2509 majori
3188 2440 3377 2493 saltem
3426 2456 3492 2495 ex

1911 2538 2086 2598 parte,
2119 2540 2247 2582 sunt
2291 2530 2581 2592 miracula,
2629 2531 3003 2600 nonnullaque
3040 2534 3203 2585 etiam
3236 2546 3301 2585 ea
3352 2532 3496 2585 inter

1910 2629 2230 2681 occurrunt,
2253 2635 2396 2687 qum,
2421 2634 2545 2672 cum
2580 2630 2833 2674 sanctum
2864 2620 3199 2675 Demetrium
3228 2624 3492 2686 Avarum,

1913 2710 2228 2767 Sclavorum
2259 2712 2601 2781 aliorumque
2629 2712 2986 2767 barbarorum
3019 2713 3305 2769 obsidione
3326 2714 3497 2771 Thes-

1912 2807 2208 2861 salonicam
2268 2806 2455 2860 urbem
2503 2822 2656 2860 suam
2716 2814 2953 2861 natalem
3007 2807 3269 2861 liberasse
3314 2810 3496 2878 perhi-

1913 2901 2099 2964 beant,
2132 2900 2198 2955 ad
2230 2903 2472 2968 gentium
2502 2900 2696 2953 harum
2719 2900 3025 2963 histeriam,
3049 2916 3143 2955 seu
3171 2917 3256 2956 res
3277 2902 3498 2958 Grzecos

1915 3000 2060 3046 inter
2092 3004 2144 3047 et
2181 2994 2300 3046 illas
2331 3003 2513 3062 gestas
2564 2993 2935 3058 illustrandas,
2968 3007 3248 3064 utcunque
3290 2999 3497 3051 condu-

1914 3097 2075 3152 cunt;
2112 3104 2231 3157 quae
2277 3102 2409 3140 sane
2456 3087 2595 3147 sola.
2636 3087 2735 3140 etsi
2775 3088 3017 3156 reliquie.
3068 3104 3189 3156 qua:
3234 3105 3261 3143 a
3308 3089 3494 3146 Sancti

1914 3179 2082 3250 gloria
2120 3188 2402 3247 petuntur,
2434 3179 2672 3233 rationes
2702 3179 3063 3243 deessent,ad
3101 3182 3361 3235 miracula
3405 3184 3493 3237 illa

234 3274 427 3316 nostro
460 3264 673 3331 signato
708 3268 765 3325 r13
818 3277 921 3314 ms.
965 3262 1086 3325 193,
1124 3263 1177 3316 in
1209 3279 1339 3332 quo,
1395 3280 1688 3333 suppresso
1725 3281 1822 3319 au-
1851 3275 1891 3331 c
1926 3271 2045 3323 luce
2077 3271 2315 3339 publica,
2350 3284 2454 3336 qua
2492 3271 2756 3323 hactenus
2786 3283 3102 3335 caruerunt,
3128 3274 3380 3327 donanda
3404 3275 3495 3328 vix

236 3356 429 3419 cteris,
463 3360 552 3423 qui
614 3351 853 3407 Joannes
881 3352 1391 3409 Thessalonicensis
1422 3365 1526 3415 est.
1567 3357 1813 3422 nomine,

238 3449 510 3501 habentur
563 3445 758 3514 partim
816 3445 1031 3513 integra
1082 3446 1356 3515 descripta
1387 3449 1814 3517 desumptaque,

237 3551 301 3593 ut
357 3547 596 3602 notatur,
653 3551 684 3590 e
735 3536 924 3590 codice
982 3534 1329 3593 bibliothecae
1366 3536 1640 3594 Vaticana:
1689 3541 1815 3605 8‘21,

200 3632 437 3701 'partim
466 3631 522 3684 in
569 3630 957 3697 compendium
1016 3644 1045 3682 a
1098 3629 1309 3683 Joanne
1369 3631 1656 3686 Stauracio
1719 3649 1818 3703 per

237 3724 545 3777 orationem
626 3720 769 3774 infra
841 3719 1169 3773 laudandam
1255 3730 1812 3795 contracta,atque,

236 3817 318 3869 uti
353 3817 409 3869 in
442 3815 684 3883 margine
716 3812 983 3881 signatur,
1017 3827 1048 3866 e
1104 3810 1302 3866 Leonis
1336 3814 1516 3867 Allatii
1557 3832 1690 3870 mss.
1723 3832 1816 3870 ac-

238 3916 418 3976 cepta.

312 4004 407 4059 20.
437 4004 510 4060 Ut
538 4018 726 4073 porro,
753 4017 874 4072 qua!
909 4017 1017 4056 non
1047 4016 1264 4072 parum,
1307 4011 1368 4055 ut
1422 4001 1681 4056 miracula
1729 4003 1818 4058 illa

238 4096 484 4157 ederem,
558 4095 908 4156 contulerint,
977 4093 1237 4145 lectorem
1298 4091 1459 4145 modo
1529 4092 1816 4157 edoceam,

239 4187 607 4243 Combeﬁsius
653 4186 833 4253 operis
869 4199 992 4237 mox
1016 4184 1168 4237 citati
1204 4198 1327 4252 pag.
1362 4183 1487 4243 3N,
1521 4185 1573 4235 in
1614 4183 1818 4238 Praefa-

244 4281 417 4343 tione‘,
442 4293 603 4347 quam
655 4275 883 4330 Joannis
940 4274 1271 4329 Cameniata:
1302 4273 1369 4326 de
1414 4273 1819 4328 Thessalonica:

244 4387 345 4441 per
382 4371 663 4440 Agarenos
692 4382 838 4420 anno
884 4367 988 4421 904
1049 4367 1268 4421 excidio
1319 4363 1630 4420 Narrationi
1682 4383 1823 4436 prat-

243 4464 437 4525 snittit,
473 4468 792 4529 sequentem
845 4458 900 4511 in
951 4456 1194 4520 modum,
1228 4442 1351 4509 aliis
1379 4464 1508 4509 ante
1539 4456 1819 4511 nonnullis

246 4552 524 4613 adductis,
562 4551 838 4619 loquitur:
879 4567 897 4599 ι
935 4547 1066 4601 Erat
1124 4546 1294 4611 aliud,
1342 4546 1489 4615 quod
1523 4561 1817 4600 succurre-

1921 3376 2029 3414 non
2066 3374 2151 3413 me
2198 3360 2543 3419 movissent.
2587 3359 2689 3413 etsi
2740 3361 2959 3414 interim
3013 3364 3274 3417 nonnulla
3330 3368 3495 3419 etiam

1922 3454 2106 3505 minus
2136 3452 2362 3504 illustria
2396 3452 2496 3504 sihi
2531 3452 2765 3505 habeant
2797 3453 3062 3507 admista.
3100 3455 3166 3508 At
3192 3472 3322 3509 vero
3352 3455 3497 3525 q‘uod

1920 3552 2129 3612 spectat
2159 3543 2223 3597 ad
2257 3546 2429 3597 sancti
2459 3543 2899 3613 sanetissimique
2927 3546 3026 3599 viri
3066 3547 3272 3611 titulos,
3298 3551 3498 3617 quibus

1915 3636 2205 3698 Joannem,
2243 3635 2787 3692 Thessalonicensem
2819 3639 3309 3708 archiepiscopmn,
3338 3642 3499 3697 Com-

1918 3729 2143 3783 beﬁsius
2180 3730 2297 3782 loco
2325 3731 2655 3797 transeripto
2684 3732 3034 3794 condecorat,
3067 3734 3210 3786 hunc
3234 3749 3335 3801 ego
3360 3750 3498 3803 prac-

1919 3821 2094 3875 sulem
2128 3821 2289 3874 nullis
2336 3836 2559 3890 prorsus
2596 3822 2753 3876 fastis
2802 3826 2973 3877 sacris
3010 3824 3354 3893 inscriptum,
3384 3828 3497 3880 cul-

1920 3924 2048 3967 ture
2086 3916 2458 3968 ecclesiastico
2506 3917 2623 3969 sive
2656 3931 2684 3967 a
2720 3916 2922 3970 Graecis
2946 3920 3059 3972 sive
3095 3933 3123 3970 a
3156 3918 3367 3971 Latinis
3400 3920 3497 3973 ho-

1894 4014 2173 4087 _noratum
2205 4005 2441 4060 invenio.
2479 4004 2662 4070 Quare
2695 4020 2820 4075 ego,
2858 4008 2960 4061 etsi
2992 4008 3155 4061 etiam
3189 4023 3339 4061 more
3367 4008 3495 4061 olim

1919 4108 2144 4177 recepto
2173 4098 2461 4165 episcopos
2504 4112 2715 4157 omnes,
2764 4107 2876 4150 tum
2926 4097 3215 4154 defunctos
3240 4139 3253 4160 .
3290 4108 3402 4152 tum
3442 4100 3495 4151 in

1917 4188 2059 4242 vivis
2089 4189 2269 4242 adhuc
2296 4189 2644 4253 superstites,
2674 4191 2895 4245 honoris
2918 4206 3078 4244 causa
3108 4207 3203 4246 seu
3232 4208 3327 4259 per
3354 4194 3494 4245 tituli

1921 4282 2197 4335 honorarii
2241 4282 2458 4335 modum
2504 4294 2726 4336 sanctos
2770 4284 2938 4336 fuisse
2980 4284 3301 4353 appellatos,
3350 4300 3497 4337 com-

1920 4384 2137 4443 pertum
2164 4375 2415 4435 habeam,
2441 4375 2663 4443 ipseque
2692 4377 2875 4435 etiam,
2899 4375 2964 4428 de
2993 4391 3102 4442 quo
3124 4376 3231 4434 hic.
3257 4374 3498 4429 Joannes

1919 4464 2423 4519 Thessalonicensis
2457 4468 2509 4518 in
2543 4466 2848 4535 titulis,qui
2884 4467 3356 4522 lucubrationibus
3380 4470 3498 4537 ejus

1921 4555 1975 4608 in
2011 4557 2198 4611 codice
2234 4558 2362 4610 olim
2414 4557 2733 4612 Mazarinaeo
2765 4561 3190 4628 premittuntur,
3222 4565 3394 4615 sancti
3430 4562 3496 4615 ti-

244 4648 341 4704 bat
402 4649 459 4699 in
517 4642 931 4701 Thessalonica.
992 4638 1205 4709 imperii
1262 4652 1359 4706 per
1400 4638 1514 4692 hac
1547 4647 1810 4707 tempora,

1925 4651 2039 4705 tulo
2070 4652 2191 4720 plus
2235 4652 2404 4703 semel
2455 4651 2743 4714 alliciatur,
2786 4650 2852 4704 ad
2909 4650 3224 4706 Combeﬁsii
3279 4663 3494 4710 tamen.

248 4743 478 4811 ipsaque
543 4736 815 4789 anteriora
866 4733 1064 4795 ecello,
1118 4731 1483 4801 secundaque
1538 4730 1820 4800 dignitatis

246 4836 472 4891 civitate
505 4834 574 4886 ab
605 4832 721 4901 ipsa
755 4831 1096 4897 imperante;
1135 4836 1195 4881 ut
1223 4826 1487 4880 nimirum
1522 4834 1670 4879 tanta
1730 4824 1819 4877 illa

249 4929 423 4985 sancti
476 4926 725 4989 Joannis,
790 4919 1305 4976 Thessalonicensis
1386 4916 1817 4987 archiepiscopi.

248 5022 564 5077 Justiniano
612 5016 806 5080 Magno
856 5012 1230 5082 Mauricioque
1280 5011 1731 5079 imperatoribus,
1769 5011 1820 5061 iu

252 5130 355 5167 suo
422 5111 696 5165 Demetrio
757 5104 1089 5177 proferrem,
1155 5104 1524 5171 deincepsque
1575 5102 1678 5155 alia
1731 5116 1821 5155 se-

251 5205 397 5259 cutis
454 5201 793 5270 temporibus
830 5196 939 5250 alio
990 5205 1217 5249 auctore
1270 5195 1559 5263 producta,
1620 5194 1822 5262 quibus

252 5310 362 5349 non
386 5293 555 5348 semel
574 5298 781 5346 tentata
806 5289 1024 5351 civitas,
1054 5288 1175 5356 ipso
1191 5286 1519 5354 quandoque
1539 5283 1817 5354 Chagano,

254 5388 357 5455 ipsi
394 5383 657 5439 Mauricio
689 5377 1214 5436 formidulosissima
1234 5376 1415 5441 hoste,
1441 5375 1590 5429 omni
1620 5385 1819 5429 conatu

248 5474 691 5543 auxiliorumque
755 5470 910 5539 copia
989 5468 1295 5533 obsidente,
1370 5468 1553 5521 divina
1613 5467 1818 5535 potius,

249 5586 413 5640 quam
452 5568 690 5622 humana
725 5579 829 5634 ope
866 5557 1219 5625 liberata'est,
1251 5560 1455 5629 apertis
1494 5558 1669 5630 Magni
1715 5558 1819 5613 De-

252 5662 435 5718 metrii
478 5660 755 5713 miraculis
803 5659 921 5726 ejus
970 5654 1227 5726 generis;
1280 5662 1340 5707 ut
1370 5667 1471 5707 nec
1496 5652 1824 5722 pervicacis-

255 5755 380 5808 simi
418 5752 760 5820 maximeque
818 5747 1084 5803 increduli
1142 5746 1301 5800 ﬁdem
1362 5744 1518 5798 facile
1579 5746 1823 5797 abnuere

257 5845 505 5915 possint;
559 5859 725 5913 quam
779 5845 833 5897 in
884 5857 998 5896 rem
1060 5840 1263 5895 laudati
1330 5839 1434 5894 viri
1493 5836 1823 5892 sanctissimi

1925 4738 2016 4807 qui
2068 4752 2276 4791 morem
2335 4737 2483 4789 illutn
2532 4738 2730 4790 ibidem
2765 4749 3043 4805 spectasse
3097 4754 3208 4792 non
3260 4740 3496 4803 videtu:',

1923 4833 2231 4899 exemplum
2266 4827 2461 4884 Joanni
2502 4829 2980 4883 Thessalonicensi
3037 4833 3339 4887 attribucre
3372 4848 3498 4885 san-

1926 4922 1999 4976 cti
2032 4920 2433 4975 sanctissimive
2463 4921 2560 4973 viri
2596 4921 2810 4974 titulum
2846 4936 2954 4973 non
2986 4922 3184 4974 ausim.

1997 5014 2084 5067 22.
2123 5012 2344 5077 Verum,
2386 5014 2487 5066 etsi
2520 5029 2606 5066 res
2650 5014 2722 5066 ita
2764 5013 2981 5073 habeat.
3015 5029 3043 5066 a
3078 5015 3278 5066 virtute
3316 5024 3497 5067 tamen

1928 5106 2162 5173 vitaeque
2193 5106 2461 5173 probitate
2490 5105 2784 5172 plurimum
2825 5105 2911 5156 hic
2943 5104 3179 5171 scriptor
3213 5120 3496 5157 commcn-

1927 5200 2111 5261 datur,
2141 5208 2195 5251 ut
2228 5213 2359 5251 sane
2394 5198 2445 5249 in
2478 5196 2762 5249 narrandis
2793 5195 2858 5249 iis
2894 5211 3013 5263 qua:
3040 5206 3199 5248 aetate
3224 5192 3319 5249 sua
3348 5207 3496 5265 gesta

1927 5297 2074 5347 sunt,
2109 5303 2338 5357 quaeque
2367 5287 2449 5339 vel
2486 5286 2718 5352 ipsemet
2752 5286 2903 5347 vidit,
2937 5285 3019 5337 vel
3061 5300 3092 5339 e
3116 5286 3250 5338 viris
3276 5286 3379 5339 ﬁde
3416 5288 3500 5341 di-

1927 5380 2070 5449 gnis,
2089 5379 2286 5447 quibus
2319 5378 2565 5446 apprime
2591 5386 2871 5448 comperta
2905 5386 3084 5439 erant,
3107 5376 3317 5441 didicit,
3339 5377 3498 5431 ﬁdem

1926 5471 2194 5538 integram
2248 5480 2557 5533 mereatur,
2617 5469 2689 5522 ita
2722 5480 2926 5531 autem,
2976 5469 3078 5522 etsi
3133 5483 3241 5522 non
3292 5469 3496 5531 omnia,

1933 5563 2192 5631 pleraque
2220 5572 2421 5624 tamen,
2447 5576 2568 5629 qua
2594 5562 2766 5616 sancti
2798 5560 3052 5615 Demetrii
3072 5564 3271 5615 virtute
3292 5569 3501 5630 patrata

1935 5656 2123 5716 refert,
2150 5655 2407 5707 miracula
2436 5654 2715 5722 explorata
2745 5654 2950 5706 habuit.
2970 5654 3132 5712 Audi.
3156 5653 3247 5721 qui
3272 5653 3501 5721 ipsemet

1934 5745 1989 5797 in
2016 5758 2176 5811 supra
2211 5746 2332 5812 plus
2365 5745 2531 5797 semel
2564 5754 2885 5809 memorata,
2917 5760 3077 5813 quam
3124 5744 3401 5797 miraculis
3422 5783 3435 5807 ,
3471 5758 3500 5796 a

1943 5854 2000 5894 Se
2039 5839 2293 5899 narratis,
2329 5836 2588 5906 pt'emisit
2617 5876 2631 5903 ,
2669 5837 2917 5892 oratione
2952 5837 3273 5907 panegyrica
3302 5848 3503 5905 oppor-
