  <div class='ocr_page' id='page_1' title='image "/cluster/home/n/w/nwhite01/storage/ocr_20150623/116/nnc1.0046980156/619.png"; bbox 0 0 4218 6442; ppageno 0'>
   <div class='ocr_carea' id='block_1_1' title="bbox 794 386 929 452">
    <p class='ocr_par' dir='ltr' id='par_1_1' title="bbox 794 386 929 452">
     <span class='ocr_line' id='line_1_1' title="bbox 794 386 929 452; baseline 0.007 -4"><span class='ocrx_word' id='word_1_1' title='bbox 794 386 929 452; x_wconf 79' lang='lat'><strong>1095</strong></span> 
     </span>
    </p>
   </div>
   <div class='ocr_carea' id='block_1_2' title="bbox 2103 383 2759 448">
    <p class='ocr_par' dir='ltr' id='par_1_2' title="bbox 2103 383 2759 448">
     <span class='ocr_line' id='line_1_2' title="bbox 2103 383 2759 448; baseline -0.006 0"><span class='ocrx_word' id='word_1_2' title='bbox 2103 383 2759 448; x_wconf 79' lang='lat' dir='ltr'><strong>SUPPLEMENTUM.</strong></span> 
     </span>
    </p>
   </div>
   <div class='ocr_carea' id='block_1_3' title="bbox 3914 391 4046 456">
    <p class='ocr_par' dir='ltr' id='par_1_3' title="bbox 3914 391 4046 456">
     <span class='ocr_line' id='line_1_3' title="bbox 3914 391 4046 456; baseline -0.015 0"><span class='ocrx_word' id='word_1_3' title='bbox 3914 391 4046 456; x_wconf 78' lang='lat'><strong>1096</strong></span> 
     </span>
    </p>
   </div>
   <div class='ocr_carea' id='block_1_4' title="bbox 793 497 4051 575">
    <p class='ocr_par' dir='ltr' id='par_1_4' title="bbox 793 497 4051 575">
     <span class='ocr_line' id='line_1_4' title="bbox 793 497 4051 575; baseline 0.003 -19"><span class='ocrx_word' id='word_1_4' title='bbox 793 513 926 556; x_wconf 90' lang='lat' dir='ltr'><strong>tune</strong></span> <span class='ocrx_word' id='word_1_5' title='bbox 966 500 1033 554; x_wconf 88' lang='lat' dir='ltr'><strong>ad</strong></span> <span class='ocrx_word' id='word_1_6' title='bbox 1071 499 1382 556; x_wconf 85' lang='lat' dir='ltr'><strong>institutum</strong></span> <span class='ocrx_word' id='word_1_7' title='bbox 1423 514 1668 570; x_wconf 72' lang='lat' dir='ltr'><strong>praesens</strong></span> <span class='ocrx_word' id='word_1_8' title='bbox 1696 497 1751 554; x_wconf 92' lang='lat' dir='ltr'><strong>in</strong></span> <span class='ocrx_word' id='word_1_9' title='bbox 1799 499 1988 556; x_wconf 86' lang='lat' dir='ltr'><strong>codice</strong></span> <span class='ocrx_word' id='word_1_10' title='bbox 2019 499 2146 554; x_wconf 91' lang='lat' dir='ltr'><strong>olim</strong></span> <span class='ocrx_word' id='word_1_11' title='bbox 2184 500 2361 554; x_wconf 62' lang='grc' dir='ltr'><strong>Ἄπη·</strong></span> <span class='ocrx_word' id='word_1_12' title='bbox 2390 507 2437 566; x_wconf 79' lang='grc' dir='ltr'>Α</span> <span class='ocrx_word' id='word_1_13' title='bbox 2465 515 2598 564; x_wconf 64' lang='grc' dir='ltr'><strong>ειπερ,</strong></span> <span class='ocrx_word' id='word_1_14' title='bbox 2630 499 2683 554; x_wconf 92' lang='lat' dir='ltr'><strong>in</strong></span> <span class='ocrx_word' id='word_1_15' title='bbox 2709 499 2899 555; x_wconf 87' lang='lat' dir='ltr'><strong>codice</strong></span> <span class='ocrx_word' id='word_1_16' title='bbox 2924 501 3051 556; x_wconf 91' lang='lat' dir='ltr'><strong>olim</strong></span> <span class='ocrx_word' id='word_1_17' title='bbox 3083 501 3406 561; x_wconf 68' lang='lat' dir='ltr'><strong>Mazarinato</strong></span> <span class='ocrx_word' id='word_1_18' title='bbox 3431 505 3521 563; x_wconf 87' lang='lat' dir='ltr'><strong>hic</strong></span> <span class='ocrx_word' id='word_1_19' title='bbox 3547 508 3775 575; x_wconf 67' lang='lat' dir='ltr'><strong>mutila,</strong></span> <span class='ocrx_word' id='word_1_20' title='bbox 3803 509 3936 565; x_wconf 89' lang='lat' dir='ltr'><strong>loco</strong></span> <span class='ocrx_word' id='word_1_21' title='bbox 3968 514 4051 567; x_wconf 87' lang='lat' dir='ltr'><strong>nl-</strong></span> 
     </span>
    </p>
   </div>
   <div class='ocr_carea' id='block_1_5' title="bbox 796 591 2364 664">
    <p class='ocr_par' dir='ltr' id='par_1_5' title="bbox 796 591 2364 664">
     <span class='ocr_line' id='line_1_5' title="bbox 796 591 2364 664; baseline 0 -16"><span class='ocrx_word' id='word_1_22' title='bbox 796 594 961 648; x_wconf 68' lang='lat' dir='ltr'><strong>rinaeo</strong></span> <span class='ocrx_word' id='word_1_23' title='bbox 992 608 1111 664; x_wconf 83' lang='lat' dir='ltr'><strong>pag.</strong></span> <span class='ocrx_word' id='word_1_24' title='bbox 1150 593 1237 657; x_wconf 78' lang='grc' dir='ltr'><strong>Π,</strong></span> <span class='ocrx_word' id='word_1_25' title='bbox 1273 593 1515 663; x_wconf 77' lang='lat' dir='ltr'><strong>proxime</strong></span> <span class='ocrx_word' id='word_1_26' title='bbox 1546 600 1668 662; x_wconf 87' lang='lat' dir='ltr'><strong>post</strong></span> <span class='ocrx_word' id='word_1_27' title='bbox 1691 591 1856 647; x_wconf 90' lang='lat' dir='ltr'><strong>verba</strong></span> <span class='ocrx_word' id='word_1_28' title='bbox 1881 607 2032 648; x_wconf 90' lang='lat' dir='ltr'><strong>num.</strong></span> <span class='ocrx_word' id='word_1_29' title='bbox 2061 593 2122 647; x_wconf 84' lang='grc' dir='ltr'><strong>ιο</strong></span> <span class='ocrx_word' id='word_1_30' title='bbox 2141 594 2364 648; x_wconf 86' lang='lat' dir='ltr'><strong>recitata</strong></span> 
     </span>
    </p>
   </div>
   <div class='ocr_carea' id='block_1_6' title="bbox 795 687 2361 755">
    <p class='ocr_par' dir='ltr' id='par_1_6' title="bbox 795 687 2361 755">
     <span class='ocr_line' id='line_1_6' title="bbox 795 687 2361 755; baseline 0 -15"><span class='ocrx_word' id='word_1_31' title='bbox 795 687 863 740; x_wconf 92' lang='lat' dir='ltr'><strong>de</strong></span> <span class='ocrx_word' id='word_1_32' title='bbox 899 687 1199 750; x_wconf 81' lang='lat' dir='ltr'><strong>miraculis,</strong></span> <span class='ocrx_word' id='word_1_33' title='bbox 1231 702 1351 755; x_wconf 67' lang='lat' dir='ltr'><strong>qum</strong></span> <span class='ocrx_word' id='word_1_34' title='bbox 1383 687 1577 742; x_wconf 90' lang='lat' dir='ltr'><strong>litteris</strong></span> <span class='ocrx_word' id='word_1_35' title='bbox 1607 687 2087 742; x_wconf 78' lang='lat' dir='ltr'><strong>commendaturus</strong></span> <span class='ocrx_word' id='word_1_36' title='bbox 2131 698 2236 748; x_wconf 86' lang='lat' dir='ltr'><strong>est.</strong></span> <span class='ocrx_word' id='word_1_37' title='bbox 2278 688 2361 740; x_wconf 80' lang='lat' dir='ltr'><strong>lo-</strong></span> 
     </span>
    </p>
   </div>
   <div class='ocr_carea' id='block_1_7' title="bbox 795 777 2364 850">
    <p class='ocr_par' dir='ltr' id='par_1_7' title="bbox 795 777 2364 850">
     <span class='ocr_line' id='line_1_7' title="bbox 795 777 2364 850; baseline 0.001 -20"><span class='ocrx_word' id='word_1_38' title='bbox 795 789 1020 848; x_wconf 83' lang='lat' dir='ltr'><strong>quatur.</strong></span> <span class='ocrx_word' id='word_1_39' title='bbox 1056 778 1214 832; x_wconf 73' lang='lat' dir='ltr'><strong>&#39;Am</strong></span> <span class='ocrx_word' id='word_1_40' title='bbox 1237 777 1421 842; x_wconf 70' lang='grc' dir='ltr'><strong>καθὼς</strong></span> <span class='ocrx_word' id='word_1_41' title='bbox 1447 781 1475 832; x_wconf 79' lang='grc'>6</span> <span class='ocrx_word' id='word_1_42' title='bbox 1515 780 1783 850; x_wconf 76' lang='grc' dir='ltr'><strong>παρθένος</strong></span> <span class='ocrx_word' id='word_1_43' title='bbox 1809 781 2106 841; x_wconf 79' lang='grc' dir='ltr'><strong>ἀπόστολος</strong></span> <span class='ocrx_word' id='word_1_44' title='bbox 2141 780 2364 848; x_wconf 72' lang='grc' dir='ltr'><strong>ἔφησεν,</strong></span> 
     </span>
    </p>
   </div>
   <div class='ocr_carea' id='block_1_8' title="bbox 800 871 2362 942">
    <p class='ocr_par' dir='ltr' id='par_1_8' title="bbox 800 871 2362 942">
     <span class='ocr_line' id='line_1_8' title="bbox 800 871 2362 942; baseline 0 -18"><span class='ocrx_word' id='word_1_45' title='bbox 800 874 856 924; x_wconf 82' lang='grc' dir='ltr'><strong>Ἀ</strong></span> <span class='ocrx_word' id='word_1_46' title='bbox 881 872 1249 938; x_wconf 63' lang='grc' dir='ltr'><strong>ἀκηκόαμεν,</strong></span> <span class='ocrx_word' id='word_1_47' title='bbox 1290 871 1450 936; x_wconf 69' lang='grc' dir='ltr'><strong>δῆλον</strong></span> <span class='ocrx_word' id='word_1_48' title='bbox 1478 872 1534 924; x_wconf 74' lang='grc' dir='ltr'><strong>δὲ</strong></span> <span class='ocrx_word' id='word_1_49' title='bbox 1566 873 1646 924; x_wconf 84' lang='grc' dir='ltr'><strong>ὅτι</strong></span> <span class='ocrx_word' id='word_1_50' title='bbox 1679 873 1829 942; x_wconf 68' lang='grc' dir='ltr'>παρὰ</span> <span class='ocrx_word' id='word_1_51' title='bbox 1855 871 1962 923; x_wconf 80' lang='grc' dir='ltr'><strong>τῶν</strong></span> <span class='ocrx_word' id='word_1_52' title='bbox 1990 872 2153 941; x_wconf 70' lang='grc' dir='ltr'><strong>πείρᾳ</strong></span> <span class='ocrx_word' id='word_1_53' title='bbox 2174 888 2362 938; x_wconf 70' lang='grc' dir='ltr'><strong>παρει-</strong></span> 
     </span>
    </p>
   </div>
   <div class='ocr_carea' id='block_1_9' title="bbox 795 964 2364 1034">
    <p class='ocr_par' dir='ltr' id='par_1_9' title="bbox 795 964 2364 1034">
     <span class='ocr_line' id='line_1_9' title="bbox 795 964 2364 1034; baseline 0.001 -18"><span class='ocrx_word' id='word_1_54' title='bbox 795 965 1062 1032; x_wconf 51' lang='grc' dir='ltr'><strong>ληφότων,</strong></span> <span class='ocrx_word' id='word_1_55' title='bbox 1085 965 1117 1033; x_wconf 83' lang='grc' dir='ltr'>ἣ</span> <span class='ocrx_word' id='word_1_56' title='bbox 1138 964 1390 1034; x_wconf 69' lang='grc' dir='ltr'><strong>ἀκριϐείᾳ</strong></span> <span class='ocrx_word' id='word_1_57' title='bbox 1412 964 1828 1032; x_wconf 81' lang='grc' dir='ltr'><strong>μεμαθηκότων,</strong></span> <span class='ocrx_word' id='word_1_58' title='bbox 1855 966 1947 1017; x_wconf 69' lang='grc' dir='ltr'><strong>καὶ</strong></span> <span class='ocrx_word' id='word_1_59' title='bbox 1964 964 1999 1018; x_wconf 74' lang='grc' dir='ltr'>ἃ</span> <span class='ocrx_word' id='word_1_60' title='bbox 2058 965 2210 1017; x_wconf 69' lang='grc' dir='ltr'>αὐτοὶ</span> <span class='ocrx_word' id='word_1_61' title='bbox 2263 965 2364 1019; x_wconf 80' lang='grc' dir='ltr'><strong>ἐω-</strong></span> 
     </span>
    </p>
   </div>
   <div class='ocr_carea' id='block_1_10' title="bbox 795 1057 2362 1128">
    <p class='ocr_par' dir='ltr' id='par_1_10' title="bbox 795 1057 2362 1128">
     <span class='ocr_line' id='line_1_10' title="bbox 795 1057 2362 1128; baseline 0 -15"><span class='ocrx_word' id='word_1_62' title='bbox 795 1060 1060 1128; x_wconf 77' lang='grc' dir='ltr'><em>ρὰκαμεν</em></span> <span class='ocrx_word' id='word_1_63' title='bbox 1099 1059 1223 1124; x_wconf 82' lang='grc' dir='ltr'><em>τοῖς</em></span> <span class='ocrx_word' id='word_1_64' title='bbox 1281 1058 1615 1127; x_wconf 76' lang='grc' dir='ltr'><strong>ὀφθαλμοῖς</strong></span> <span class='ocrx_word' id='word_1_65' title='bbox 1672 1058 1859 1126; x_wconf 75' lang='grc' dir='ltr'><strong>ἡμῶν,</strong></span> <span class='ocrx_word' id='word_1_66' title='bbox 1885 1057 1924 1112; x_wconf 83' lang='lat' dir='ltr'><strong>d</strong></span> <span class='ocrx_word' id='word_1_67' title='bbox 1968 1058 2362 1127; x_wconf 79' lang='grc' dir='ltr'><strong>ἐθεασάμεθα,</strong></span> 
     </span>
    </p>
   </div>
   <div class='ocr_carea' id='block_1_11' title="bbox 796 1152 2363 1223">
    <p class='ocr_par' dir='ltr' id='par_1_11' title="bbox 796 1152 2363 1223">
     <span class='ocr_line' id='line_1_11' title="bbox 796 1152 2363 1223; baseline 0.008 -27"><span class='ocrx_word' id='word_1_68' title='bbox 796 1154 893 1206; x_wconf 66' lang='grc' dir='ltr'><strong>καὶ</strong></span> <span class='ocrx_word' id='word_1_69' title='bbox 935 1156 995 1207; x_wconf 80' lang='grc' dir='ltr'><strong>αι</strong></span> <span class='ocrx_word' id='word_1_70' title='bbox 1047 1155 1240 1220; x_wconf 79' lang='grc' dir='ltr'><strong>χεῖρες</strong></span> <span class='ocrx_word' id='word_1_71' title='bbox 1270 1152 1443 1221; x_wconf 74' lang='grc' dir='ltr'><strong>ἡμῶν</strong></span> <span class='ocrx_word' id='word_1_72' title='bbox 1488 1153 1921 1221; x_wconf 60' lang='grc' dir='ltr'><strong>ἐψηλάφησαν,</strong></span> <span class='ocrx_word' id='word_1_73' title='bbox 1960 1152 2128 1205; x_wconf 81' lang='grc' dir='ltr'><strong>ταῦτα</strong></span> <span class='ocrx_word' id='word_1_74' title='bbox 2153 1152 2240 1205; x_wconf 74' lang='grc' dir='ltr'><strong>διὰ</strong></span> <span class='ocrx_word' id='word_1_75' title='bbox 2268 1155 2363 1223; x_wconf 81' lang='grc' dir='ltr'><strong>τῆς</strong></span> 
     </span>
    </p>
   </div>
   <div class='ocr_carea' id='block_1_12' title="bbox 796 1243 2364 1314">
    <p class='ocr_par' dir='ltr' id='par_1_12' title="bbox 796 1243 2364 1314">
     <span class='ocr_line' id='line_1_12' title="bbox 796 1243 2364 1314; baseline 0.002 -16"><span class='ocrx_word' id='word_1_76' title='bbox 796 1247 961 1298; x_wconf 66' lang='grc' dir='ltr'>αὑτοῦ</span> <span class='ocrx_word' id='word_1_77' title='bbox 1013 1250 1320 1314; x_wconf 70' lang='grc' dir='ltr'><strong>συνάρσεως</strong></span> <span class='ocrx_word' id='word_1_78' title='bbox 1367 1244 1780 1314; x_wconf 75' lang='grc' dir='ltr'><strong>ἀπαγγελοῦμεν</strong></span> <span class='ocrx_word' id='word_1_79' title='bbox 1841 1246 1988 1313; x_wconf 81' lang='grc' dir='ltr'><strong>ὑμῖν.</strong></span> <span class='ocrx_word' id='word_1_80' title='bbox 2043 1263 2062 1296; x_wconf 82' lang='lat' dir='ltr'><strong>t</strong></span> <span class='ocrx_word' id='word_1_81' title='bbox 2109 1243 2215 1300; x_wconf 83' lang='lat' dir='ltr'><strong>Sed</strong></span> <span class='ocrx_word' id='word_1_82' title='bbox 2248 1287 2262 1307; x_wconf 87' lang='lat'><strong>,</strong></span> <span class='ocrx_word' id='word_1_83' title='bbox 2305 1258 2364 1300; x_wconf 82' lang='lat' dir='ltr'><strong>ut</strong></span> 
     </span>
    </p>
   </div>
   <div class='ocr_carea' id='block_1_13' title="bbox 799 1335 2364 1406">
    <p class='ocr_par' dir='ltr' id='par_1_13' title="bbox 799 1335 2364 1406">
     <span class='ocr_line' id='line_1_13' title="bbox 799 1335 2364 1406; baseline 0.001 -15"><span class='ocrx_word' id='word_1_84' title='bbox 799 1338 949 1406; x_wconf 82' lang='lat' dir='ltr'><strong>virgo</strong></span> <span class='ocrx_word' id='word_1_85' title='bbox 981 1337 1259 1402; x_wconf 91' lang='lat' dir='ltr'><strong>apostolus</strong></span> <span class='ocrx_word' id='word_1_86' title='bbox 1287 1337 1420 1390; x_wconf 85' lang='lat' dir='ltr'><strong>dixit</strong></span> <span class='ocrx_word' id='word_1_87' title='bbox 1455 1352 1468 1387; x_wconf 90' lang='lat'><strong>:</strong></span> <span class='ocrx_word' id='word_1_88' title='bbox 1505 1335 1637 1401; x_wconf 69' lang='lat' dir='ltr'><strong>Qua!</strong></span> <span class='ocrx_word' id='word_1_89' title='bbox 1664 1335 1979 1397; x_wconf 77' lang='lat' dir='ltr'><strong>audivimus,</strong></span> <span class='ocrx_word' id='word_1_90' title='bbox 2015 1337 2273 1390; x_wconf 83' lang='lat' dir='ltr'><strong>nimirum</strong></span> <span class='ocrx_word' id='word_1_91' title='bbox 2297 1353 2364 1392; x_wconf 80' lang='lat' dir='ltr'><strong>ex</strong></span> 
     </span>
    </p>
   </div>
   <div class='ocr_carea' id='block_1_14' title="bbox 799 1426 2363 1497">
    <p class='ocr_par' dir='ltr' id='par_1_14' title="bbox 799 1426 2363 1497">
     <span class='ocr_line' id='line_1_14' title="bbox 799 1426 2363 1497; baseline 0 -17"><span class='ocrx_word' id='word_1_92' title='bbox 799 1429 886 1490; x_wconf 88' lang='lat' dir='ltr'><strong>iis,</strong></span> <span class='ocrx_word' id='word_1_93' title='bbox 922 1427 1011 1495; x_wconf 89' lang='lat' dir='ltr'><strong>qui</strong></span> <span class='ocrx_word' id='word_1_94' title='bbox 1043 1428 1379 1493; x_wconf 83' lang='lat' dir='ltr'><strong>experientia</strong></span> <span class='ocrx_word' id='word_1_95' title='bbox 1412 1436 1831 1497; x_wconf 82' lang='lat' dir='ltr'><strong>compererant,</strong></span> <span class='ocrx_word' id='word_1_96' title='bbox 1878 1426 1962 1480; x_wconf 85' lang='lat' dir='ltr'><strong>vel</strong></span> <span class='ocrx_word' id='word_1_97' title='bbox 1993 1427 2239 1496; x_wconf 71' lang='lat' dir='ltr'><strong>diligenti</strong></span> <span class='ocrx_word' id='word_1_98' title='bbox 2278 1428 2363 1480; x_wconf 87' lang='lat' dir='ltr'><strong>in-</strong></span> 
     </span>
    </p>
   </div>
   <div class='ocr_carea' id='block_1_15' title="bbox 796 1520 2364 1588">
    <p class='ocr_par' dir='ltr' id='par_1_15' title="bbox 796 1520 2364 1588">
     <span class='ocr_line' id='line_1_15' title="bbox 796 1520 2364 1588; baseline -0.001 -16"><span class='ocrx_word' id='word_1_99' title='bbox 796 1521 1092 1588; x_wconf 87' lang='lat' dir='ltr'><strong>quisitione.</strong></span> <span class='ocrx_word' id='word_1_100' title='bbox 1120 1520 1446 1583; x_wconf 87' lang='lat' dir='ltr'><strong>didicerant,</strong></span> <span class='ocrx_word' id='word_1_101' title='bbox 1472 1531 1527 1574; x_wconf 93' lang='lat' dir='ltr'><strong>et</strong></span> <span class='ocrx_word' id='word_1_102' title='bbox 1558 1535 1678 1588; x_wconf 68' lang='lat' dir='ltr'><strong>qua</strong></span> <span class='ocrx_word' id='word_1_103' title='bbox 1699 1521 1917 1588; x_wconf 85' lang='lat' dir='ltr'><strong>ipsimet</strong></span> <span class='ocrx_word' id='word_1_104' title='bbox 1969 1520 2193 1573; x_wconf 73' lang='lat' dir='ltr'><strong>uidimus</strong></span> <span class='ocrx_word' id='word_1_105' title='bbox 2237 1535 2364 1572; x_wconf 79' lang='lat' dir='ltr'><strong>oca-</strong></span> 
     </span>
    </p>
   </div>
   <div class='ocr_carea' id='block_1_16' title="bbox 801 1613 2365 1681">
    <p class='ocr_par' dir='ltr' id='par_1_16' title="bbox 801 1613 2365 1681">
     <span class='ocr_line' id='line_1_16' title="bbox 801 1613 2365 1681; baseline -0.001 -15"><span class='ocrx_word' id='word_1_106' title='bbox 801 1613 863 1666; x_wconf 69' lang='lat' dir='ltr'><strong>t&#39;is</strong></span> <span class='ocrx_word' id='word_1_107' title='bbox 895 1613 1107 1674; x_wconf 79' lang='lat' dir='ltr'><strong>nostris,</strong></span> <span class='ocrx_word' id='word_1_108' title='bbox 1143 1627 1260 1681; x_wconf 61' lang='grc' dir='ltr'><strong>φερε</strong></span> <span class='ocrx_word' id='word_1_109' title='bbox 1290 1613 1668 1681; x_wconf 72' lang='lat' dir='ltr'><strong>perspeximus,</strong></span> <span class='ocrx_word' id='word_1_110' title='bbox 1711 1621 1761 1664; x_wconf 79' lang='lat' dir='ltr'><strong>et</strong></span> <span class='ocrx_word' id='word_1_111' title='bbox 1807 1627 1989 1665; x_wconf 75' lang='lat' dir='ltr'><strong>manus</strong></span> <span class='ocrx_word' id='word_1_112' title='bbox 2019 1620 2211 1663; x_wconf 68' lang='lat' dir='ltr'><strong>nostra</strong></span> <span class='ocrx_word' id='word_1_113' title='bbox 2239 1627 2365 1664; x_wconf 77' lang='lat' dir='ltr'><strong>con-</strong></span> 
     </span>
    </p>
   </div>
   <div class='ocr_carea' id='block_1_17' title="bbox 799 1702 2364 1772">
    <p class='ocr_par' dir='ltr' id='par_1_17' title="bbox 799 1702 2364 1772">
     <span class='ocr_line' id='line_1_17' title="bbox 799 1702 2364 1772; baseline 0 -16"><span class='ocrx_word' id='word_1_114' title='bbox 799 1714 1175 1769; x_wconf 74' lang='lat' dir='ltr'><strong>trertaoerunt,</strong></span> <span class='ocrx_word' id='word_1_115' title='bbox 1232 1720 1296 1760; x_wconf 88' lang='lat' dir='ltr'><strong>ea</strong></span> <span class='ocrx_word' id='word_1_116' title='bbox 1353 1706 1599 1772; x_wconf 81' lang='lat' dir='ltr'><strong>ejusdem</strong></span> <span class='ocrx_word' id='word_1_117' title='bbox 1653 1704 1856 1757; x_wconf 87' lang='lat' dir='ltr'><strong>auxilio</strong></span> <span class='ocrx_word' id='word_1_118' title='bbox 1913 1702 2364 1757; x_wconf 90' lang='lat' dir='ltr'><strong>annuntiabimus</strong></span> 
     </span>
    </p>
   </div>
   <div class='ocr_carea' id='block_1_18' title="bbox 799 1798 1038 1847">
    <p class='ocr_par' dir='ltr' id='par_1_18' title="bbox 799 1798 1038 1847">
     <span class='ocr_line' id='line_1_18' title="bbox 799 1798 1038 1847; baseline -0.013 0"><span class='ocrx_word' id='word_1_119' title='bbox 799 1798 974 1847; x_wconf 81' lang='lat' dir='ltr'><strong>vobis.</strong></span> <span class='ocrx_word' id='word_1_120' title='bbox 1018 1812 1038 1844; x_wconf 72' lang='grc' dir='ltr'>ι</span> 
     </span>
    </p>
   </div>
   <div class='ocr_carea' id='block_1_19' title="bbox 2469 591 4052 671">
    <p class='ocr_par' dir='ltr' id='par_1_19' title="bbox 2469 591 4052 671">
     <span class='ocr_line' id='line_1_19' title="bbox 2469 591 4052 671; baseline 0.01 -28"><span class='ocrx_word' id='word_1_121' title='bbox 2469 591 2604 645; x_wconf 89' lang='lat' dir='ltr'><strong>timo</strong></span> <span class='ocrx_word' id='word_1_122' title='bbox 2653 602 2922 654; x_wconf 89' lang='lat' dir='ltr'><strong>recenset.</strong></span> <span class='ocrx_word' id='word_1_123' title='bbox 2977 596 3316 663; x_wconf 83' lang='lat' dir='ltr'><strong>temporibus</strong></span> <span class='ocrx_word' id='word_1_124' title='bbox 3363 600 3479 653; x_wconf 79' lang='lat' dir='ltr'><strong>suis</strong></span> <span class='ocrx_word' id='word_1_125' title='bbox 3554 612 3769 671; x_wconf 81' lang='lat' dir='ltr'><strong>gestum</strong></span> <span class='ocrx_word' id='word_1_126' title='bbox 3846 604 4052 663; x_wconf 85' lang='lat' dir='ltr'><strong>innuit.</strong></span> 
     </span>
    </p>
   </div>
   <div class='ocr_carea' id='block_1_20' title="bbox 2467 684 4056 763">
    <p class='ocr_par' dir='ltr' id='par_1_20' title="bbox 2467 684 4056 763">
     <span class='ocr_line' id='line_1_20' title="bbox 2467 684 4056 763; baseline 0.008 -26"><span class='ocrx_word' id='word_1_127' title='bbox 2467 684 2584 738; x_wconf 88' lang='lat' dir='ltr'><strong>Jam</strong></span> <span class='ocrx_word' id='word_1_128' title='bbox 2619 700 2770 749; x_wconf 89' lang='lat' dir='ltr'><strong>vero,</strong></span> <span class='ocrx_word' id='word_1_129' title='bbox 2799 700 2922 739; x_wconf 90' lang='lat' dir='ltr'><strong>cum</strong></span> <span class='ocrx_word' id='word_1_130' title='bbox 2954 685 3068 739; x_wconf 64' lang='lat' dir='ltr'><strong>hac</strong></span> <span class='ocrx_word' id='word_1_131' title='bbox 3099 688 3170 741; x_wconf 89' lang='lat' dir='ltr'><strong>ita</strong></span> <span class='ocrx_word' id='word_1_132' title='bbox 3199 689 3454 753; x_wconf 86' lang='lat' dir='ltr'><strong>habeant.</strong></span> <span class='ocrx_word' id='word_1_133' title='bbox 3484 708 3673 763; x_wconf 88' lang='lat' dir='ltr'><strong>eaque,</strong></span> <span class='ocrx_word' id='word_1_134' title='bbox 3707 711 3836 763; x_wconf 75' lang='lat' dir='ltr'><strong>qua:</strong></span> <span class='ocrx_word' id='word_1_135' title='bbox 3880 697 4056 751; x_wconf 83' lang='lat' dir='ltr'><strong>tribus</strong></span> 
     </span>
    </p>
   </div>
   <div class='ocr_carea' id='block_1_21' title="bbox 2468 776 4054 857">
    <p class='ocr_par' dir='ltr' id='par_1_21' title="bbox 2468 776 4054 857">
     <span class='ocr_line' id='line_1_21' title="bbox 2468 776 4054 857; baseline 0.009 -29"><span class='ocrx_word' id='word_1_136' title='bbox 2468 776 2744 844; x_wconf 84' lang='lat' dir='ltr'><strong>prioribus</strong></span> <span class='ocrx_word' id='word_1_137' title='bbox 2782 792 2942 846; x_wconf 64' lang='lat' dir='ltr'><strong>capp.</strong></span> <span class='ocrx_word' id='word_1_138' title='bbox 2998 777 3200 844; x_wconf 80' lang='lat' dir='ltr'><strong>refert,</strong></span> <span class='ocrx_word' id='word_1_139' title='bbox 3259 785 3459 838; x_wconf 71' lang='lat' dir='ltr'><strong>sacculo</strong></span> <span class='ocrx_word' id='word_1_140' title='bbox 3498 786 3756 853; x_wconf 85' lang='lat' dir='ltr'><strong>septimo,</strong></span> <span class='ocrx_word' id='word_1_141' title='bbox 3812 787 4054 857; x_wconf 80' lang='lat' dir='ltr'><strong>ipsaque</strong></span> 
     </span>
    </p>
   </div>
   <div class='ocr_carea' id='block_1_22' title="bbox 2466 866 4052 944">
    <p class='ocr_par' dir='ltr' id='par_1_22' title="bbox 2466 866 4052 944">
     <span class='ocr_line' id='line_1_22' title="bbox 2466 866 4052 944; baseline 0.006 -24"><span class='ocrx_word' id='word_1_142' title='bbox 2466 867 2631 920; x_wconf 89' lang='lat' dir='ltr'><strong>etiam</strong></span> <span class='ocrx_word' id='word_1_143' title='bbox 2673 866 2924 930; x_wconf 81' lang='lat' dir='ltr'><strong>Joannis,</strong></span> <span class='ocrx_word' id='word_1_144' title='bbox 2963 867 3472 926; x_wconf 79' lang='lat' dir='ltr'><strong>Thessalonicensis</strong></span> <span class='ocrx_word' id='word_1_145' title='bbox 3502 875 3920 944; x_wconf 87' lang='lat' dir='ltr'><strong>archiepiscopi</strong></span> <span class='ocrx_word' id='word_1_146' title='bbox 3953 891 4052 929; x_wconf 71' lang='lat' dir='ltr'><strong>sae-</strong></span> 
     </span>
    </p>
   </div>
   <div class='ocr_carea' id='block_1_23' title="bbox 2469 958 4054 1035">
    <p class='ocr_par' dir='ltr' id='par_1_23' title="bbox 2469 958 4054 1035">
     <span class='ocr_line' id='line_1_23' title="bbox 2469 958 4054 1035; baseline 0.004 -24"><span class='ocrx_word' id='word_1_147' title='bbox 2469 958 2694 1028; x_wconf 85' lang='lat' dir='ltr'><strong>pissime</strong></span> <span class='ocrx_word' id='word_1_148' title='bbox 2719 962 2832 1029; x_wconf 86' lang='lat' dir='ltr'><strong>jam</strong></span> <span class='ocrx_word' id='word_1_149' title='bbox 2865 959 3065 1014; x_wconf 84' lang='lat' dir='ltr'><strong>laudati</strong></span> <span class='ocrx_word' id='word_1_150' title='bbox 3108 963 3454 1029; x_wconf 88' lang='lat' dir='ltr'><strong>potissimum</strong></span> <span class='ocrx_word' id='word_1_151' title='bbox 3484 974 3662 1030; x_wconf 64' lang='lat' dir='ltr'><strong>amite,</strong></span> <span class='ocrx_word' id='word_1_152' title='bbox 3697 969 3776 1019; x_wconf 89' lang='lat' dir='ltr'><strong>uti</strong></span> <span class='ocrx_word' id='word_1_153' title='bbox 3805 968 4054 1035; x_wconf 84' lang='lat' dir='ltr'><strong>ipsemet</strong></span> 
     </span>
    </p>
   </div>
   <div class='ocr_carea' id='block_1_24' title="bbox 2466 1052 4054 1127">
    <p class='ocr_par' dir='ltr' id='par_1_24' title="bbox 2466 1052 4054 1127">
     <span class='ocr_line' id='line_1_24' title="bbox 2466 1052 4054 1127; baseline 0.004 -22"><span class='ocrx_word' id='word_1_154' title='bbox 2466 1053 2646 1119; x_wconf 89' lang='lat' dir='ltr'><strong>docet,</strong></span> <span class='ocrx_word' id='word_1_155' title='bbox 2670 1062 2817 1121; x_wconf 71' lang='lat' dir='ltr'><strong>gesta</strong></span> <span class='ocrx_word' id='word_1_156' title='bbox 2844 1054 2970 1116; x_wconf 88' lang='lat' dir='ltr'><strong>sint,</strong></span> <span class='ocrx_word' id='word_1_157' title='bbox 2994 1052 3152 1107; x_wconf 89' lang='lat' dir='ltr'><strong>lldem</strong></span> <span class='ocrx_word' id='word_1_158' title='bbox 3181 1069 3312 1109; x_wconf 85' lang='lat' dir='ltr'><strong>sane</strong></span> <span class='ocrx_word' id='word_1_159' title='bbox 3340 1054 3394 1108; x_wconf 88' lang='lat' dir='ltr'><strong>in</strong></span> <span class='ocrx_word' id='word_1_160' title='bbox 3431 1059 3718 1112; x_wconf 81' lang='lat' dir='ltr'><strong>narrandis</strong></span> <span class='ocrx_word' id='word_1_161' title='bbox 3743 1059 3834 1123; x_wconf 92' lang='lat' dir='ltr'><strong>iis,</strong></span> <span class='ocrx_word' id='word_1_162' title='bbox 3859 1070 4054 1127; x_wconf 69' lang='lat' dir='ltr'><strong>utpote</strong></span> 
     </span>
    </p>
   </div>
   <div class='ocr_carea' id='block_1_25' title="bbox 2467 1143 4054 1214">
    <p class='ocr_par' dir='ltr' id='par_1_25' title="bbox 2467 1143 4054 1214">
     <span class='ocr_line' id='line_1_25' title="bbox 2467 1143 4054 1214; baseline 0.004 -17"><span class='ocrx_word' id='word_1_163' title='bbox 2467 1160 2496 1197; x_wconf 88' lang='lat' dir='ltr'><strong>a</strong></span> <span class='ocrx_word' id='word_1_164' title='bbox 2529 1154 2775 1213; x_wconf 87' lang='lat' dir='ltr'><strong>tempore</strong></span> <span class='ocrx_word' id='word_1_165' title='bbox 2806 1161 2914 1214; x_wconf 90' lang='lat' dir='ltr'><strong>quo</strong></span> <span class='ocrx_word' id='word_1_166' title='bbox 2944 1143 3128 1199; x_wconf 90' lang='lat' dir='ltr'><strong>ﬂoruit</strong></span> <span class='ocrx_word' id='word_1_167' title='bbox 3157 1146 3385 1201; x_wconf 91' lang='lat' dir='ltr'><strong>nimium</strong></span> <span class='ocrx_word' id='word_1_168' title='bbox 3422 1149 3664 1211; x_wconf 83' lang='lat' dir='ltr'><strong>remotis.</strong></span> <span class='ocrx_word' id='word_1_169' title='bbox 3697 1152 3942 1204; x_wconf 88' lang='lat' dir='ltr'><strong>omnino</strong></span> <span class='ocrx_word' id='word_1_170' title='bbox 3977 1151 4054 1204; x_wconf 88' lang='lat' dir='ltr'><strong>in-</strong></span> 
     </span>
    </p>
   </div>
   <div class='ocr_carea' id='block_1_26' title="bbox 2467 1237 4052 1309">
    <p class='ocr_par' dir='ltr' id='par_1_26' title="bbox 2467 1237 4052 1309">
     <span class='ocr_line' id='line_1_26' title="bbox 2467 1237 4052 1309; baseline 0.002 -18"><span class='ocrx_word' id='word_1_171' title='bbox 2467 1237 2767 1291; x_wconf 88' lang='lat' dir='ltr'><strong>dubitatam</strong></span> <span class='ocrx_word' id='word_1_172' title='bbox 2824 1254 2931 1291; x_wconf 89' lang='lat' dir='ltr'><strong>non</strong></span> <span class='ocrx_word' id='word_1_173' title='bbox 2990 1251 3256 1299; x_wconf 86' lang='lat' dir='ltr'><strong>meretur,</strong></span> <span class='ocrx_word' id='word_1_174' title='bbox 3308 1240 3542 1294; x_wconf 88' lang='lat' dir='ltr'><strong>maxime</strong></span> <span class='ocrx_word' id='word_1_175' title='bbox 3592 1241 3739 1309; x_wconf 91' lang='lat' dir='ltr'><strong>quod</strong></span> <span class='ocrx_word' id='word_1_176' title='bbox 3778 1251 4052 1309; x_wconf 64' lang='lat' dir='ltr'><strong>praterea</strong></span> 
     </span>
    </p>
   </div>
   <div class='ocr_carea' id='block_1_27' title="bbox 2467 1329 4053 1398">
    <p class='ocr_par' dir='ltr' id='par_1_27' title="bbox 2467 1329 4053 1398">
     <span class='ocr_line' id='line_1_27' title="bbox 2467 1329 4053 1398; baseline 0.004 -16"><span class='ocrx_word' id='word_1_177' title='bbox 2467 1330 2793 1398; x_wconf 83' lang='lat' dir='ltr'><strong>quibusnam</strong></span> <span class='ocrx_word' id='word_1_178' title='bbox 2823 1343 2855 1384; x_wconf 92' lang='lat' dir='ltr'><strong>e</strong></span> <span class='ocrx_word' id='word_1_179' title='bbox 2886 1329 3126 1384; x_wconf 90' lang='lat' dir='ltr'><strong>fontibus</strong></span> <span class='ocrx_word' id='word_1_180' title='bbox 3150 1346 3246 1384; x_wconf 89' lang='lat' dir='ltr'><strong>sua</strong></span> <span class='ocrx_word' id='word_1_181' title='bbox 3281 1331 3366 1384; x_wconf 89' lang='lat' dir='ltr'><strong>illa</strong></span> <span class='ocrx_word' id='word_1_182' title='bbox 3392 1340 3608 1386; x_wconf 83' lang='lat' dir='ltr'><strong>narrata</strong></span> <span class='ocrx_word' id='word_1_183' title='bbox 3638 1333 3923 1398; x_wconf 84' lang='lat' dir='ltr'><strong>hauserit,</strong></span> <span class='ocrx_word' id='word_1_184' title='bbox 3953 1348 4053 1388; x_wconf 82' lang='lat' dir='ltr'><strong>nec</strong></span> 
     </span>
    </p>
   </div>
   <div class='ocr_carea' id='block_1_28' title="bbox 2468 1419 4054 1490">
    <p class='ocr_par' dir='ltr' id='par_1_28' title="bbox 2468 1419 4054 1490">
     <span class='ocr_line' id='line_1_28' title="bbox 2468 1419 4054 1490; baseline 0.004 -17"><span class='ocrx_word' id='word_1_185' title='bbox 2468 1420 2701 1488; x_wconf 86' lang='lat' dir='ltr'><strong>ipsemet</strong></span> <span class='ocrx_word' id='word_1_186' title='bbox 2733 1419 2943 1490; x_wconf 85' lang='lat' dir='ltr'><strong>uspiam</strong></span> <span class='ocrx_word' id='word_1_187' title='bbox 2984 1421 3182 1485; x_wconf 90' lang='lat' dir='ltr'><strong>edicat,</strong></span> <span class='ocrx_word' id='word_1_188' title='bbox 3214 1437 3316 1477; x_wconf 90' lang='lat' dir='ltr'><strong>nec</strong></span> <span class='ocrx_word' id='word_1_189' title='bbox 3338 1423 3558 1477; x_wconf 79' lang='lat' dir='ltr'><strong>aliunde.</strong></span> <span class='ocrx_word' id='word_1_190' title='bbox 3593 1424 3871 1479; x_wconf 80' lang='lat' dir='ltr'><strong>habeatur</strong></span> <span class='ocrx_word' id='word_1_191' title='bbox 3904 1441 4054 1480; x_wconf 88' lang='lat' dir='ltr'><strong>com-</strong></span> 
     </span>
    </p>
   </div>
   <div class='ocr_carea' id='block_1_29' title="bbox 2469 1523 2708 1582">
    <p class='ocr_par' dir='ltr' id='par_1_29' title="bbox 2469 1523 2708 1582">
     <span class='ocr_line' id='line_1_29' title="bbox 2469 1523 2708 1582; baseline 0.004 -17"><span class='ocrx_word' id='word_1_192' title='bbox 2469 1523 2708 1582; x_wconf 81' lang='lat' dir='ltr'><strong>portum.</strong></span> 
     </span>
    </p>
   </div>
   <div class='ocr_carea' id='block_1_30' title="bbox 2538 1605 4054 1678">
    <p class='ocr_par' dir='ltr' id='par_1_30' title="bbox 2538 1605 4054 1678">
     <span class='ocr_line' id='line_1_30' title="bbox 2538 1605 4054 1678; baseline 0.003 -19"><span class='ocrx_word' id='word_1_193' title='bbox 2538 1605 2628 1659; x_wconf 73' lang='lat'><strong>25.</strong></span> <span class='ocrx_word' id='word_1_194' title='bbox 2665 1605 2820 1670; x_wconf 83' lang='lat' dir='ltr'><strong>Quod</strong></span> <span class='ocrx_word' id='word_1_195' title='bbox 2859 1607 3023 1661; x_wconf 88' lang='lat' dir='ltr'><strong>modo</strong></span> <span class='ocrx_word' id='word_1_196' title='bbox 3048 1607 3115 1661; x_wconf 92' lang='lat' dir='ltr'><strong>ad</strong></span> <span class='ocrx_word' id='word_1_197' title='bbox 3150 1607 3404 1672; x_wconf 90' lang='lat' dir='ltr'><strong>alterum,</strong></span> <span class='ocrx_word' id='word_1_198' title='bbox 3438 1609 3597 1678; x_wconf 85' lang='lat' dir='ltr'><strong>cujus</strong></span> <span class='ocrx_word' id='word_1_199' title='bbox 3622 1610 3970 1673; x_wconf 82' lang='lat' dir='ltr'><strong>lucubratio,</strong></span> <span class='ocrx_word' id='word_1_200' title='bbox 3996 1623 4054 1664; x_wconf 88' lang='lat' dir='ltr'><strong>ut</strong></span> 
     </span>
    </p>
   </div>
   <div class='ocr_carea' id='block_1_31' title="bbox 2469 1699 4052 1762">
    <p class='ocr_par' dir='ltr' id='par_1_31' title="bbox 2469 1699 4052 1762">
     <span class='ocr_line' id='line_1_31' title="bbox 2469 1699 4052 1762; baseline 0.004 -12"><span class='ocrx_word' id='word_1_201' title='bbox 2469 1707 2598 1751; x_wconf 91' lang='lat' dir='ltr'><strong>ante</strong></span> <span class='ocrx_word' id='word_1_202' title='bbox 2624 1699 2760 1762; x_wconf 89' lang='lat' dir='ltr'><strong>dixi,</strong></span> <span class='ocrx_word' id='word_1_203' title='bbox 2794 1700 3180 1754; x_wconf 73' lang='lat' dir='ltr'><strong>miraculorum</strong></span> <span class='ocrx_word' id='word_1_204' title='bbox 3211 1701 3550 1756; x_wconf 81' lang='lat' dir='ltr'><strong>edendorum</strong></span> <span class='ocrx_word' id='word_1_205' title='bbox 3587 1702 3791 1757; x_wconf 87' lang='lat' dir='ltr'><strong>librum</strong></span> <span class='ocrx_word' id='word_1_206' title='bbox 3821 1709 4052 1758; x_wconf 88' lang='lat' dir='ltr'><strong>tertium</strong></span> 
     </span>
    </p>
   </div>
   <div class='ocr_carea' id='block_1_32' title="bbox 2469 1791 4054 1866">
    <p class='ocr_par' dir='ltr' id='par_1_32' title="bbox 2469 1791 4054 1866">
     <span class='ocr_line' id='line_1_32' title="bbox 2469 1791 4054 1866; baseline 0.003 -25"><span class='ocrx_word' id='word_1_207' title='bbox 2469 1791 2787 1855; x_wconf 88' lang='lat' dir='ltr'><strong>constituet,</strong></span> <span class='ocrx_word' id='word_1_208' title='bbox 2839 1793 3163 1860; x_wconf 83' lang='lat' dir='ltr'><strong>scriptorem</strong></span> <span class='ocrx_word' id='word_1_209' title='bbox 3218 1809 3550 1864; x_wconf 83' lang='lat' dir='ltr'><strong>anonymum</strong></span> <span class='ocrx_word' id='word_1_210' title='bbox 3605 1804 3850 1866; x_wconf 80' lang='lat' dir='ltr'><strong>spectat,</strong></span> <span class='ocrx_word' id='word_1_211' title='bbox 3897 1808 4054 1852; x_wconf 76' lang='lat' dir='ltr'><strong>certo</strong></span> 
     </span>
    </p>
   </div>
   <div class='ocr_carea' id='block_1_33' title="bbox 867 1865 4054 1956">
    <p class='ocr_par' dir='ltr' id='par_1_33' title="bbox 867 1865 4054 1956">
     <span class='ocr_line' id='line_1_33' title="bbox 867 1865 4054 1956; baseline 0 -15"><span class='ocrx_word' id='word_1_212' title='bbox 867 1889 958 1941; x_wconf 76' lang='lat'><strong>‘23.</strong></span> <span class='ocrx_word' id='word_1_213' title='bbox 995 1886 1065 1941; x_wconf 90' lang='lat' dir='ltr'><strong>Ut</strong></span> <span class='ocrx_word' id='word_1_214' title='bbox 1118 1900 1279 1954; x_wconf 85' lang='lat' dir='ltr'><strong>porro</strong></span> <span class='ocrx_word' id='word_1_215' title='bbox 1326 1899 1437 1939; x_wconf 91' lang='lat' dir='ltr'><strong>non</strong></span> <span class='ocrx_word' id='word_1_216' title='bbox 1471 1892 1703 1947; x_wconf 87' lang='lat' dir='ltr'><strong>tantum,</strong></span> <span class='ocrx_word' id='word_1_217' title='bbox 1733 1898 1896 1951; x_wconf 90' lang='lat' dir='ltr'><strong>quam</strong></span> <span class='ocrx_word' id='word_1_218' title='bbox 1919 1882 2161 1939; x_wconf 81' lang='lat' dir='ltr'><strong>Joannes</strong></span> <span class='ocrx_word' id='word_1_219' title='bbox 2191 1884 2367 1938; x_wconf 87' lang='lat' dir='ltr'><strong>Thes-</strong></span> <span class='ocrx_word' id='word_1_220' title='bbox 2403 1865 2443 1920; x_wconf 74' lang='grc' dir='ltr'><strong><em>Β</em></strong></span> <span class='ocrx_word' id='word_1_221' title='bbox 2474 1881 2582 1944; x_wconf 89' lang='lat' dir='ltr'><strong>hic,</strong></span> <span class='ocrx_word' id='word_1_222' title='bbox 2607 1898 2732 1936; x_wconf 90' lang='lat' dir='ltr'><strong>cum</strong></span> <span class='ocrx_word' id='word_1_223' title='bbox 2781 1885 2988 1937; x_wconf 86' lang='lat' dir='ltr'><strong>editum</strong></span> <span class='ocrx_word' id='word_1_224' title='bbox 3052 1900 3079 1937; x_wconf 92' lang='lat' dir='ltr'><strong>a</strong></span> <span class='ocrx_word' id='word_1_225' title='bbox 3125 1883 3453 1940; x_wconf 86' lang='lat' dir='ltr'><strong>Comhelisio</strong></span> <span class='ocrx_word' id='word_1_226' title='bbox 3511 1865 3643 1942; x_wconf 86' lang='lat' dir='ltr'><strong>loco</strong></span> <span class='ocrx_word' id='word_1_227' title='bbox 3666 1903 3840 1956; x_wconf 85' lang='lat' dir='ltr'><strong>supra</strong></span> <span class='ocrx_word' id='word_1_228' title='bbox 3883 1891 4054 1943; x_wconf 82' lang='lat' dir='ltr'><strong>citato</strong></span> 
     </span>
    </p>
   </div>
   <div class='ocr_carea' id='block_1_34' title="bbox 799 1978 2369 2046">
    <p class='ocr_par' dir='ltr' id='par_1_34' title="bbox 799 1978 2369 2046">
     <span class='ocr_line' id='line_1_34' title="bbox 799 1978 2369 2046; baseline -0.002 -11"><span class='ocrx_word' id='word_1_229' title='bbox 799 1981 1156 2035; x_wconf 64' lang='lat' dir='ltr'><strong>salonici-nsis</strong></span> <span class='ocrx_word' id='word_1_230' title='bbox 1184 1979 1343 2032; x_wconf 82' lang='lat' dir='ltr'><strong>fidem</strong></span> <span class='ocrx_word' id='word_1_231' title='bbox 1371 1988 1665 2033; x_wconf 89' lang='lat' dir='ltr'><strong>mereatur.</strong></span> <span class='ocrx_word' id='word_1_232' title='bbox 1689 1979 1784 2032; x_wconf 89' lang='lat' dir='ltr'><strong>sed</strong></span> <span class='ocrx_word' id='word_1_233' title='bbox 1816 1978 2004 2039; x_wconf 88' lang='lat' dir='ltr'><strong>etiam,</strong></span> <span class='ocrx_word' id='word_1_234' title='bbox 2024 1994 2128 2046; x_wconf 87' lang='lat' dir='ltr'><strong>qua</strong></span> <span class='ocrx_word' id='word_1_235' title='bbox 2152 1978 2369 2032; x_wconf 86' lang='lat' dir='ltr'><strong>circiter</strong></span> 
     </span>
    </p>
   </div>
   <div class='ocr_carea' id='block_1_35' title="bbox 798 2070 2367 2134">
    <p class='ocr_par' dir='ltr' id='par_1_35' title="bbox 798 2070 2367 2134">
     <span class='ocr_line' id='line_1_35' title="bbox 798 2070 2367 2134; baseline -0.003 -7"><span class='ocrx_word' id='word_1_236' title='bbox 798 2083 956 2127; x_wconf 67' lang='lat' dir='ltr'><strong>aetate</strong></span> <span class='ocrx_word' id='word_1_237' title='bbox 1003 2070 1268 2133; x_wconf 85' lang='lat' dir='ltr'><strong>ﬂoruerit,</strong></span> <span class='ocrx_word' id='word_1_238' title='bbox 1325 2070 1561 2134; x_wconf 76' lang='lat' dir='ltr'><strong>edicam,</strong></span> <span class='ocrx_word' id='word_1_239' title='bbox 1612 2070 1997 2122; x_wconf 81' lang='lat' dir='ltr'><strong>miraculorum</strong></span> <span class='ocrx_word' id='word_1_240' title='bbox 2030 2070 2367 2123; x_wconf 86' lang='lat' dir='ltr'><strong>edendorum</strong></span> 
     </span>
    </p>
   </div>
   <div class='ocr_carea' id='block_1_36' title="bbox 798 2160 2366 2232">
    <p class='ocr_par' dir='ltr' id='par_1_36' title="bbox 798 2160 2366 2232">
     <span class='ocr_line' id='line_1_36' title="bbox 798 2160 2366 2232; baseline -0.002 -13"><span class='ocrx_word' id='word_1_241' title='bbox 798 2167 896 2220; x_wconf 90' lang='lat' dir='ltr'><strong>lib.</strong></span> <span class='ocrx_word' id='word_1_242' title='bbox 915 2182 950 2229; x_wconf 82' lang='grc' dir='ltr'><strong>ι,</strong></span> <span class='ocrx_word' id='word_1_243' title='bbox 973 2181 1092 2232; x_wconf 86' lang='lat' dir='ltr'><strong>cap.</strong></span> <span class='ocrx_word' id='word_1_244' title='bbox 1126 2165 1158 2218; x_wconf 84' lang='grc'>5</span> <span class='ocrx_word' id='word_1_245' title='bbox 1175 2163 1415 2224; x_wconf 72' lang='lat' dir='ltr'><strong>Eusebii,</strong></span> <span class='ocrx_word' id='word_1_246' title='bbox 1431 2163 1825 2230; x_wconf 80' lang='lat' dir='ltr'><strong>archiepisc0pi</strong></span> <span class='ocrx_word' id='word_1_247' title='bbox 1845 2160 2366 2228; x_wconf 76' lang='lat' dir='ltr'><strong>Thessalonicensis,</strong></span> 
     </span>
    </p>
   </div>
   <div class='ocr_carea' id='block_1_37' title="bbox 800 2255 2368 2326">
    <p class='ocr_par' dir='ltr' id='par_1_37' title="bbox 800 2255 2368 2326">
     <span class='ocr_line' id='line_1_37' title="bbox 800 2255 2368 2326; baseline -0.002 -14"><span class='ocrx_word' id='word_1_248' title='bbox 800 2264 889 2326; x_wconf 89' lang='lat' dir='ltr'><strong>qui</strong></span> <span class='ocrx_word' id='word_1_249' title='bbox 918 2264 1020 2313; x_wconf 90' lang='lat' dir='ltr'><strong>sub</strong></span> <span class='ocrx_word' id='word_1_250' title='bbox 1042 2258 1291 2312; x_wconf 78' lang='lat' dir='ltr'><strong>Manritio</strong></span> <span class='ocrx_word' id='word_1_251' title='bbox 1320 2265 1647 2325; x_wconf 81' lang='lat' dir='ltr'><strong>imperatore</strong></span> <span class='ocrx_word' id='word_1_252' title='bbox 1683 2255 1996 2309; x_wconf 86' lang='lat' dir='ltr'><strong>cathedram</strong></span> <span class='ocrx_word' id='word_1_253' title='bbox 2031 2256 2170 2308; x_wconf 87' lang='lat' dir='ltr'><strong>hanc</strong></span> <span class='ocrx_word' id='word_1_254' title='bbox 2201 2270 2368 2310; x_wconf 82' lang='lat' dir='ltr'><strong>oecu-</strong></span> 
     </span>
    </p>
   </div>
   <div class='ocr_carea' id='block_1_38' title="bbox 801 2345 2366 2422">
    <p class='ocr_par' dir='ltr' id='par_1_38' title="bbox 801 2345 2366 2422">
     <span class='ocr_line' id='line_1_38' title="bbox 801 2345 2366 2422; baseline -0.005 -17"><span class='ocrx_word' id='word_1_255' title='bbox 801 2363 960 2422; x_wconf 79' lang='lat' dir='ltr'><strong>parit,</strong></span> <span class='ocrx_word' id='word_1_256' title='bbox 1004 2353 1334 2403; x_wconf 77' lang='lat' dir='ltr'><strong>mentionem</strong></span> <span class='ocrx_word' id='word_1_257' title='bbox 1381 2347 1545 2411; x_wconf 82' lang='lat' dir='ltr'><strong>facit,</strong></span> <span class='ocrx_word' id='word_1_258' title='bbox 1582 2345 1942 2414; x_wconf 75' lang='lat' dir='ltr'><strong>sequentique</strong></span> <span class='ocrx_word' id='word_1_259' title='bbox 1990 2345 2189 2400; x_wconf 88' lang='lat' dir='ltr'><strong>deinde</strong></span> <span class='ocrx_word' id='word_1_260' title='bbox 2216 2361 2366 2414; x_wconf 88' lang='lat' dir='ltr'><strong>cap.,</strong></span> 
     </span>
    </p>
   </div>
   <div class='ocr_carea' id='block_1_39' title="bbox 801 2434 2366 2509">
    <p class='ocr_par' dir='ltr' id='par_1_39' title="bbox 801 2434 2366 2509">
     <span class='ocr_line' id='line_1_39' title="bbox 801 2434 2366 2509; baseline -0.005 -14"><span class='ocrx_word' id='word_1_261' title='bbox 801 2458 947 2502; x_wconf 84' lang='lat' dir='ltr'><strong>sese,</strong></span> <span class='ocrx_word' id='word_1_262' title='bbox 979 2441 1124 2509; x_wconf 90' lang='lat' dir='ltr'><strong>quod</strong></span> <span class='ocrx_word' id='word_1_263' title='bbox 1165 2437 1364 2490; x_wconf 85' lang='lat' dir='ltr'><strong>ibidem</strong></span> <span class='ocrx_word' id='word_1_264' title='bbox 1409 2444 1612 2497; x_wconf 85' lang='lat' dir='ltr'><strong>narrat,</strong></span> <span class='ocrx_word' id='word_1_265' title='bbox 1649 2434 1970 2488; x_wconf 88' lang='lat' dir='ltr'><strong>miraculum</strong></span> <span class='ocrx_word' id='word_1_266' title='bbox 1995 2449 2059 2488; x_wconf 89' lang='lat' dir='ltr'><strong>ex</strong></span> <span class='ocrx_word' id='word_1_267' title='bbox 2092 2447 2219 2488; x_wconf 87' lang='lat' dir='ltr'><strong>ante</strong></span> <span class='ocrx_word' id='word_1_268' title='bbox 2248 2449 2366 2487; x_wconf 91' lang='lat' dir='ltr'><strong>me-</strong></span> 
     </span>
    </p>
   </div>
   <div class='ocr_carea' id='block_1_40' title="bbox 801 2523 2369 2597">
    <p class='ocr_par' dir='ltr' id='par_1_40' title="bbox 801 2523 2369 2597">
     <span class='ocr_line' id='line_1_40' title="bbox 801 2523 2369 2597; baseline -0.007 -9"><span class='ocrx_word' id='word_1_269' title='bbox 801 2545 1010 2588; x_wconf 85' lang='lat' dir='ltr'><strong>morato</strong></span> <span class='ocrx_word' id='word_1_270' title='bbox 1039 2531 1455 2597; x_wconf 82' lang='lat' dir='ltr'><strong>archiepiscopo</strong></span> <span class='ocrx_word' id='word_1_271' title='bbox 1479 2544 1543 2582; x_wconf 91' lang='lat' dir='ltr'><strong>ac</strong></span> <span class='ocrx_word' id='word_1_272' title='bbox 1573 2526 1726 2594; x_wconf 81' lang='lat' dir='ltr'><strong>proin</strong></span> <span class='ocrx_word' id='word_1_273' title='bbox 1761 2527 1913 2580; x_wconf 91' lang='lat' dir='ltr'><strong>dicto</strong></span> <span class='ocrx_word' id='word_1_274' title='bbox 1944 2525 2181 2578; x_wconf 84' lang='lat' dir='ltr'><strong>Eusebio</strong></span> <span class='ocrx_word' id='word_1_275' title='bbox 2209 2523 2369 2578; x_wconf 88' lang='lat' dir='ltr'><strong>audi-</strong></span> 
     </span>
    </p>
   </div>
   <div class='ocr_carea' id='block_1_41' title="bbox 802 2615 2362 2690">
    <p class='ocr_par' dir='ltr' id='par_1_41' title="bbox 802 2615 2362 2690">
     <span class='ocr_line' id='line_1_41' title="bbox 802 2615 2362 2690; baseline -0.008 -9"><span class='ocrx_word' id='word_1_276' title='bbox 802 2630 967 2688; x_wconf 61' lang='lat' dir='ltr'><strong>visse,</strong></span> <span class='ocrx_word' id='word_1_277' title='bbox 1001 2624 1264 2686; x_wconf 82' lang='lat' dir='ltr'><strong>aﬂlrmat;</strong></span> <span class='ocrx_word' id='word_1_278' title='bbox 1293 2636 1460 2690; x_wconf 87' lang='lat' dir='ltr'><strong>quare</strong></span> <span class='ocrx_word' id='word_1_279' title='bbox 1484 2659 1500 2682; x_wconf 90' lang='lat'><strong>,</strong></span> <span class='ocrx_word' id='word_1_280' title='bbox 1531 2635 1653 2673; x_wconf 87' lang='lat' dir='ltr'><strong>cum</strong></span> <span class='ocrx_word' id='word_1_281' title='bbox 1688 2616 1976 2681; x_wconf 77' lang='lat' dir='ltr'><strong>Eusebius,</strong></span> <span class='ocrx_word' id='word_1_282' title='bbox 2010 2615 2362 2670; x_wconf 79' lang='lat' dir='ltr'><strong>Thessaloni-</strong></span> 
     </span>
    </p>
   </div>
   <div class='ocr_carea' id='block_1_42' title="bbox 802 2707 2368 2779">
    <p class='ocr_par' dir='ltr' id='par_1_42' title="bbox 802 2707 2368 2779">
     <span class='ocr_line' id='line_1_42' title="bbox 802 2707 2368 2779; baseline -0.005 -11"><span class='ocrx_word' id='word_1_283' title='bbox 802 2717 984 2768; x_wconf 83' lang='lat' dir='ltr'><strong>censis</strong></span> <span class='ocrx_word' id='word_1_284' title='bbox 1031 2717 1135 2767; x_wconf 85' lang='lat' dir='ltr'><strong>sub</strong></span> <span class='ocrx_word' id='word_1_285' title='bbox 1183 2713 1433 2764; x_wconf 72' lang='lat' dir='ltr'><strong>Nauritio</strong></span> <span class='ocrx_word' id='word_1_286' title='bbox 1495 2711 1830 2779; x_wconf 83' lang='lat' dir='ltr'><strong>imperatore</strong></span> <span class='ocrx_word' id='word_1_287' title='bbox 1885 2707 2368 2777; x_wconf 74' lang='lat' dir='ltr'><strong>archiepiscopus,</strong></span> 
     </span>
    </p>
   </div>
   <div class='ocr_carea' id='block_1_43' title="bbox 803 2799 2370 2874">
    <p class='ocr_par' dir='ltr' id='par_1_43' title="bbox 803 2799 2370 2874">
     <span class='ocr_line' id='line_1_43' title="bbox 803 2799 2370 2874; baseline -0.006 -12"><span class='ocrx_word' id='word_1_288' title='bbox 803 2810 961 2868; x_wconf 89' lang='lat' dir='ltr'><strong>alius,</strong></span> <span class='ocrx_word' id='word_1_289' title='bbox 1002 2821 1162 2874; x_wconf 89' lang='lat' dir='ltr'><strong>quam</strong></span> <span class='ocrx_word' id='word_1_290' title='bbox 1194 2804 1288 2872; x_wconf 90' lang='lat' dir='ltr'><strong>qui</strong></span> <span class='ocrx_word' id='word_1_291' title='bbox 1319 2803 1512 2857; x_wconf 88' lang='lat' dir='ltr'><strong>ordine</strong></span> <span class='ocrx_word' id='word_1_292' title='bbox 1553 2801 1798 2855; x_wconf 87' lang='lat' dir='ltr'><strong>decimus</strong></span> <span class='ocrx_word' id='word_1_293' title='bbox 1828 2810 2055 2854; x_wconf 86' lang='lat' dir='ltr'><strong>octavus</strong></span> <span class='ocrx_word' id='word_1_294' title='bbox 2081 2799 2264 2853; x_wconf 84' lang='lat' dir='ltr'><strong>sedem</strong></span> <span class='ocrx_word' id='word_1_295' title='bbox 2305 2799 2370 2852; x_wconf 91' lang='lat' dir='ltr'><strong>il-</strong></span> 
     </span>
    </p>
   </div>
   <div class='ocr_carea' id='block_1_44' title="bbox 805 2888 2370 2965">
    <p class='ocr_par' dir='ltr' id='par_1_44' title="bbox 805 2888 2370 2965">
     <span class='ocr_line' id='line_1_44' title="bbox 805 2888 2370 2965; baseline -0.006 -13"><span class='ocrx_word' id='word_1_296' title='bbox 805 2900 908 2954; x_wconf 82' lang='lat' dir='ltr'><strong>lam</strong></span> <span class='ocrx_word' id='word_1_297' title='bbox 943 2896 1271 2965; x_wconf 79' lang='lat' dir='ltr'><strong>oecupavit,</strong></span> <span class='ocrx_word' id='word_1_298' title='bbox 1311 2904 1574 2961; x_wconf 81' lang='lat' dir='ltr'><strong>certoque</strong></span> <span class='ocrx_word' id='word_1_299' title='bbox 1618 2901 1746 2945; x_wconf 87' lang='lat' dir='ltr'><strong>ante</strong></span> <span class='ocrx_word' id='word_1_300' title='bbox 1788 2905 1991 2944; x_wconf 87' lang='lat' dir='ltr'><strong>annum</strong></span> <span class='ocrx_word' id='word_1_301' title='bbox 2020 2888 2146 2954; x_wconf 68' lang='lat'><strong>649,</strong></span> <span class='ocrx_word' id='word_1_302' title='bbox 2185 2899 2370 2958; x_wconf 89' lang='lat' dir='ltr'><strong>utpote</strong></span> 
     </span>
    </p>
   </div>
   <div class='ocr_carea' id='block_1_45' title="bbox 803 2981 2368 3060">
    <p class='ocr_par' dir='ltr' id='par_1_45' title="bbox 803 2981 2368 3060">
     <span class='ocr_line' id='line_1_45' title="bbox 803 2981 2368 3060; baseline -0.007 -16"><span class='ocrx_word' id='word_1_303' title='bbox 803 3007 914 3060; x_wconf 86' lang='lat' dir='ltr'><strong>quo</strong></span> <span class='ocrx_word' id='word_1_304' title='bbox 952 2991 1062 3059; x_wconf 85' lang='lat' dir='ltr'><strong>jam</strong></span> <span class='ocrx_word' id='word_1_305' title='bbox 1089 2990 1208 3057; x_wconf 84' lang='lat' dir='ltr'><strong>ejus</strong></span> <span class='ocrx_word' id='word_1_306' title='bbox 1253 3000 1563 3048; x_wconf 81' lang='lat' dir='ltr'><strong>successor,</strong></span> <span class='ocrx_word' id='word_1_307' title='bbox 1591 2985 1792 3037; x_wconf 67' lang='lat' dir='ltr'><strong>Paulus</strong></span> <span class='ocrx_word' id='word_1_308' title='bbox 1832 2983 2140 3043; x_wconf 69' lang='lat' dir='ltr'><strong>haereticus.</strong></span> <span class='ocrx_word' id='word_1_309' title='bbox 2182 2983 2259 3036; x_wconf 90' lang='lat' dir='ltr'><strong>uti</strong></span> <span class='ocrx_word' id='word_1_310' title='bbox 2302 2981 2368 3034; x_wconf 90' lang='lat' dir='ltr'><strong>ad</strong></span> 
     </span>
    </p>
   </div>
   <div class='ocr_carea' id='block_1_46' title="bbox 806 3073 2367 3147">
    <p class='ocr_par' dir='ltr' id='par_1_46' title="bbox 806 3073 2367 3147">
     <span class='ocr_line' id='line_1_46' title="bbox 806 3073 2367 3147; baseline -0.007 -11"><span class='ocrx_word' id='word_1_311' title='bbox 806 3085 954 3136; x_wconf 88' lang='lat' dir='ltr'><strong>hunc</strong></span> <span class='ocrx_word' id='word_1_312' title='bbox 982 3096 1184 3134; x_wconf 90' lang='lat' dir='ltr'><strong>annum</strong></span> <span class='ocrx_word' id='word_1_313' title='bbox 1213 3079 1355 3147; x_wconf 81' lang='lat' dir='ltr'><strong>apud</strong></span> <span class='ocrx_word' id='word_1_314' title='bbox 1382 3076 1604 3144; x_wconf 77' lang='lat' dir='ltr'><strong>Pagium</strong></span> <span class='ocrx_word' id='word_1_315' title='bbox 1631 3075 1683 3127; x_wconf 88' lang='lat' dir='ltr'><strong>iu</strong></span> <span class='ocrx_word' id='word_1_316' title='bbox 1714 3075 1922 3128; x_wconf 74' lang='lat' dir='ltr'><strong>Criticis</strong></span> <span class='ocrx_word' id='word_1_317' title='bbox 1955 3082 2010 3128; x_wconf 89' lang='lat' dir='ltr'><strong>et</strong></span> <span class='ocrx_word' id='word_1_318' title='bbox 2035 3073 2367 3142; x_wconf 84' lang='lat' dir='ltr'><strong>Lequienum</strong></span> 
     </span>
    </p>
   </div>
   <div class='ocr_carea' id='block_1_47' title="bbox 2471 1974 4050 2044">
    <p class='ocr_par' dir='ltr' id='par_1_47' title="bbox 2471 1974 4050 2044">
     <span class='ocr_line' id='line_1_47' title="bbox 2471 1974 4050 2044; baseline 0.005 -20"><span class='ocrx_word' id='word_1_319' title='bbox 2471 1974 2829 2037; x_wconf 84' lang='lat' dir='ltr'><strong>miraculum,</strong></span> <span class='ocrx_word' id='word_1_320' title='bbox 2880 1975 3024 2042; x_wconf 92' lang='lat' dir='ltr'><strong>quod</strong></span> <span class='ocrx_word' id='word_1_321' title='bbox 3088 1990 3207 2044; x_wconf 91' lang='lat' dir='ltr'><strong>cap.</strong></span> <span class='ocrx_word' id='word_1_322' title='bbox 3238 1976 3273 2029; x_wconf 77' lang='lat'><strong>5</strong></span> <span class='ocrx_word' id='word_1_323' title='bbox 3319 1978 3506 2040; x_wconf 83' lang='lat' dir='ltr'><strong>refert,</strong></span> <span class='ocrx_word' id='word_1_324' title='bbox 3565 1993 3708 2032; x_wconf 84' lang='lat' dir='ltr'><strong>anno</strong></span> <span class='ocrx_word' id='word_1_325' title='bbox 3740 1979 3875 2043; x_wconf 55' lang='lat'><strong>90$,</strong></span> <span class='ocrx_word' id='word_1_326' title='bbox 3908 1993 3970 2034; x_wconf 88' lang='lat' dir='ltr'><strong>nt</strong></span> <span class='ocrx_word' id='word_1_327' title='bbox 4001 1982 4050 2035; x_wconf 91' lang='lat' dir='ltr'><strong>in</strong></span> 
     </span>
    </p>
   </div>
   <div class='ocr_carea' id='block_1_48' title="bbox 2471 2063 4048 2136">
    <p class='ocr_par' dir='ltr' id='par_1_48' title="bbox 2471 2063 4048 2136">
     <span class='ocr_line' id='line_1_48' title="bbox 2471 2063 4048 2136; baseline 0.003 -18"><span class='ocrx_word' id='word_1_328' title='bbox 2471 2063 2764 2119; x_wconf 83' lang='lat' dir='ltr'><strong>Adnotatis</strong></span> <span class='ocrx_word' id='word_1_329' title='bbox 2819 2066 2866 2119; x_wconf 90' lang='lat' dir='ltr'><strong>ei</strong></span> <span class='ocrx_word' id='word_1_330' title='bbox 2916 2065 3308 2136; x_wconf 84' lang='lat' dir='ltr'><strong>subjungendis</strong></span> <span class='ocrx_word' id='word_1_331' title='bbox 3339 2067 3569 2134; x_wconf 83' lang='lat' dir='ltr'><strong>docebo,</strong></span> <span class='ocrx_word' id='word_1_332' title='bbox 3621 2073 3905 2133; x_wconf 83' lang='lat' dir='ltr'><strong>evenerit,</strong></span> <span class='ocrx_word' id='word_1_333' title='bbox 3941 2087 4048 2124; x_wconf 87' lang='lat' dir='ltr'><strong>non</strong></span> 
     </span>
    </p>
   </div>
   <div class='ocr_carea' id='block_1_49' title="bbox 2472 2157 4053 2225">
    <p class='ocr_par' dir='ltr' id='par_1_49' title="bbox 2472 2157 4053 2225">
     <span class='ocr_line' id='line_1_49' title="bbox 2472 2157 4053 2225; baseline 0.004 -15"><span class='ocrx_word' id='word_1_334' title='bbox 2472 2157 2658 2222; x_wconf 87' lang='lat' dir='ltr'><strong>citius,</strong></span> <span class='ocrx_word' id='word_1_335' title='bbox 2694 2173 2855 2225; x_wconf 89' lang='lat' dir='ltr'><strong>quam</strong></span> <span class='ocrx_word' id='word_1_336' title='bbox 2892 2157 3092 2210; x_wconf 69' lang='lat' dir='ltr'><strong>saeculo</strong></span> <span class='ocrx_word' id='word_1_337' title='bbox 3117 2172 3284 2221; x_wconf 89' lang='lat' dir='ltr'><strong>nono,</strong></span> <span class='ocrx_word' id='word_1_338' title='bbox 3315 2161 3428 2212; x_wconf 91' lang='lat' dir='ltr'><strong>imo</strong></span> <span class='ocrx_word' id='word_1_339' title='bbox 3447 2175 3597 2222; x_wconf 84' lang='lat' dir='ltr'><strong>vero,</strong></span> <span class='ocrx_word' id='word_1_340' title='bbox 3631 2174 3761 2213; x_wconf 88' lang='lat' dir='ltr'><strong>cum</strong></span> <span class='ocrx_word' id='word_1_341' title='bbox 3800 2160 4053 2216; x_wconf 76' lang='lat' dir='ltr'><strong>civitatis</strong></span> 
     </span>
    </p>
   </div>
   <div class='ocr_carea' id='block_1_50' title="bbox 2471 2247 4054 2316">
    <p class='ocr_par' dir='ltr' id='par_1_50' title="bbox 2471 2247 4054 2316">
     <span class='ocr_line' id='line_1_50' title="bbox 2471 2247 4054 2316; baseline 0.004 -16"><span class='ocrx_word' id='word_1_342' title='bbox 2471 2247 2985 2302; x_wconf 78' lang='lat' dir='ltr'><strong>Thessalonicensis</strong></span> <span class='ocrx_word' id='word_1_343' title='bbox 3035 2263 3128 2316; x_wconf 88' lang='lat' dir='ltr'><strong>per</strong></span> <span class='ocrx_word' id='word_1_344' title='bbox 3179 2249 3461 2315; x_wconf 75' lang='lat' dir='ltr'><strong>Agarenos</strong></span> <span class='ocrx_word' id='word_1_345' title='bbox 3519 2248 3670 2307; x_wconf 87' lang='lat' dir='ltr'><strong>dicto</strong></span> <span class='ocrx_word' id='word_1_346' title='bbox 3727 2266 3887 2307; x_wconf 81' lang='lat' dir='ltr'><strong>anno</strong></span> <span class='ocrx_word' id='word_1_347' title='bbox 3949 2252 4054 2306; x_wconf 70' lang='grc' dir='ltr'><strong>θοι</strong></span> 
     </span>
    </p>
   </div>
   <div class='ocr_carea' id='block_1_51' title="bbox 2471 2340 4046 2413">
    <p class='ocr_par' dir='ltr' id='par_1_51' title="bbox 2471 2340 4046 2413">
     <span class='ocr_line' id='line_1_51' title="bbox 2471 2340 4046 2413; baseline 0.003 -19"><span class='ocrx_word' id='word_1_348' title='bbox 2471 2341 2574 2394; x_wconf 86' lang='lat' dir='ltr'><strong>sub</strong></span> <span class='ocrx_word' id='word_1_349' title='bbox 2609 2340 2790 2393; x_wconf 86' lang='lat' dir='ltr'><strong>Leone</strong></span> <span class='ocrx_word' id='word_1_350' title='bbox 2814 2341 3148 2408; x_wconf 88' lang='lat' dir='ltr'><strong>imperatore</strong></span> <span class='ocrx_word' id='word_1_351' title='bbox 3178 2343 3452 2395; x_wconf 78' lang='lat' dir='ltr'><strong>excidium</strong></span> <span class='ocrx_word' id='word_1_352' title='bbox 3487 2343 3740 2412; x_wconf 75' lang='lat' dir='ltr'><strong>pluribus</strong></span> <span class='ocrx_word' id='word_1_353' title='bbox 3785 2344 3908 2413; x_wconf 81' lang='lat' dir='ltr'><strong>jam</strong></span> <span class='ocrx_word' id='word_1_354' title='bbox 3948 2361 4046 2398; x_wconf 84' lang='lat' dir='ltr'><strong>an-</strong></span> 
     </span>
    </p>
   </div>
   <div class='ocr_carea' id='block_1_52' title="bbox 2472 2431 4051 2501">
    <p class='ocr_par' dir='ltr' id='par_1_52' title="bbox 2472 2431 4051 2501">
     <span class='ocr_line' id='line_1_52' title="bbox 2472 2431 4051 2501; baseline 0.003 -16"><span class='ocrx_word' id='word_1_355' title='bbox 2472 2432 2559 2486; x_wconf 88' lang='lat' dir='ltr'><strong>nis</strong></span> <span class='ocrx_word' id='word_1_356' title='bbox 2587 2431 2775 2494; x_wconf 78' lang='lat' dir='ltr'><strong>fuisse,</strong></span> <span class='ocrx_word' id='word_1_357' title='bbox 2808 2447 2929 2486; x_wconf 89' lang='lat' dir='ltr'><strong>cum</strong></span> <span class='ocrx_word' id='word_1_358' title='bbox 2945 2433 3229 2496; x_wconf 69' lang='lat' dir='ltr'><strong>scriberet,</strong></span> <span class='ocrx_word' id='word_1_359' title='bbox 3255 2435 3615 2501; x_wconf 70' lang='lat' dir='ltr'><strong>praeteritum.</strong></span> <span class='ocrx_word' id='word_1_360' title='bbox 3665 2449 3780 2488; x_wconf 91' lang='lat' dir='ltr'><strong>non</strong></span> <span class='ocrx_word' id='word_1_361' title='bbox 3805 2437 4051 2490; x_wconf 85' lang='lat' dir='ltr'><strong>obscure</strong></span> 
     </span>
    </p>
   </div>
   <div class='ocr_carea' id='block_1_53' title="bbox 2473 2522 4048 2591">
    <p class='ocr_par' dir='ltr' id='par_1_53' title="bbox 2473 2522 4048 2591">
     <span class='ocr_line' id='line_1_53' title="bbox 2473 2522 4048 2591; baseline 0.003 -16"><span class='ocrx_word' id='word_1_362' title='bbox 2473 2522 2688 2587; x_wconf 87' lang='lat' dir='ltr'><strong>innuat,</strong></span> <span class='ocrx_word' id='word_1_363' title='bbox 2708 2537 2777 2576; x_wconf 83' lang='lat' dir='ltr'><strong>ne</strong></span> <span class='ocrx_word' id='word_1_364' title='bbox 2817 2523 3035 2591; x_wconf 88' lang='lat' dir='ltr'><strong>quidem</strong></span> <span class='ocrx_word' id='word_1_365' title='bbox 3062 2532 3186 2576; x_wconf 88' lang='lat' dir='ltr'><strong>ante</strong></span> <span class='ocrx_word' id='word_1_366' title='bbox 3212 2524 3472 2578; x_wconf 65' lang='lat' dir='ltr'><strong>saeulum</strong></span> <span class='ocrx_word' id='word_1_367' title='bbox 3511 2524 3789 2578; x_wconf 81' lang='lat' dir='ltr'><strong>decimum</strong></span> <span class='ocrx_word' id='word_1_368' title='bbox 3849 2526 4048 2580; x_wconf 88' lang='lat' dir='ltr'><strong>fortas-</strong></span> 
     </span>
    </p>
   </div>
   <div class='ocr_carea' id='block_1_54' title="bbox 2472 2613 4051 2687">
    <p class='ocr_par' dir='ltr' id='par_1_54' title="bbox 2472 2613 4051 2687">
     <span class='ocr_line' id='line_1_54' title="bbox 2472 2613 4051 2687; baseline 0.001 -18"><span class='ocrx_word' id='word_1_369' title='bbox 2472 2617 2549 2669; x_wconf 88' lang='lat' dir='ltr'><strong>sis</strong></span> <span class='ocrx_word' id='word_1_370' title='bbox 2597 2613 2864 2668; x_wconf 88' lang='lat' dir='ltr'><strong>ﬂoruerit.</strong></span> <span class='ocrx_word' id='word_1_371' title='bbox 2913 2614 3096 2680; x_wconf 76' lang='lat' dir='ltr'><strong>Aliud,</strong></span> <span class='ocrx_word' id='word_1_372' title='bbox 3164 2630 3273 2684; x_wconf 88' lang='lat' dir='ltr'><strong>quo</strong></span> <span class='ocrx_word' id='word_1_373' title='bbox 3356 2624 3574 2670; x_wconf 70' lang='lat' dir='ltr'><strong>atatem</strong></span> <span class='ocrx_word' id='word_1_374' title='bbox 3627 2616 3753 2684; x_wconf 67' lang='lat' dir='ltr'><strong>eius</strong></span> <span class='ocrx_word' id='word_1_375' title='bbox 3814 2620 4051 2687; x_wconf 80' lang='lat' dir='ltr'><strong>propius</strong></span> 
     </span>
    </p>
   </div>
   <div class='ocr_carea' id='block_1_55' title="bbox 2469 2706 4050 2772">
    <p class='ocr_par' dir='ltr' id='par_1_55' title="bbox 2469 2706 4050 2772">
     <span class='ocr_line' id='line_1_55' title="bbox 2469 2706 4050 2772; baseline 0.001 -11"><span class='ocrx_word' id='word_1_376' title='bbox 2469 2706 2748 2769; x_wconf 81' lang='lat' dir='ltr'><strong>deﬁniam,</strong></span> <span class='ocrx_word' id='word_1_377' title='bbox 2798 2719 2908 2760; x_wconf 91' lang='lat' dir='ltr'><strong>non</strong></span> <span class='ocrx_word' id='word_1_378' title='bbox 2961 2708 3272 2772; x_wconf 88' lang='lat' dir='ltr'><strong>succurrit;</strong></span> <span class='ocrx_word' id='word_1_379' title='bbox 3327 2722 3544 2771; x_wconf 76' lang='lat' dir='ltr'><strong>verum,</strong></span> <span class='ocrx_word' id='word_1_380' title='bbox 3613 2724 3741 2764; x_wconf 91' lang='lat' dir='ltr'><strong>cum</strong></span> <span class='ocrx_word' id='word_1_381' title='bbox 3823 2710 4050 2763; x_wconf 82' lang='lat' dir='ltr'><strong>diversa</strong></span> 
     </span>
    </p>
   </div>
   <div class='ocr_carea' id='block_1_56' title="bbox 2471 2797 4054 2865">
    <p class='ocr_par' dir='ltr' id='par_1_56' title="bbox 2471 2797 4054 2865">
     <span class='ocr_line' id='line_1_56' title="bbox 2471 2797 4054 2865; baseline 0.001 -12"><span class='ocrx_word' id='word_1_382' title='bbox 2471 2798 2704 2853; x_wconf 82' lang='lat' dir='ltr'><strong>diversis</strong></span> <span class='ocrx_word' id='word_1_383' title='bbox 2740 2797 3100 2865; x_wconf 78' lang='lat' dir='ltr'><strong>temporibus,</strong></span> <span class='ocrx_word' id='word_1_384' title='bbox 3151 2809 3209 2852; x_wconf 94' lang='lat' dir='ltr'><strong>ut</strong></span> <span class='ocrx_word' id='word_1_385' title='bbox 3249 2799 3444 2853; x_wconf 80' lang='lat' dir='ltr'><strong>titulus</strong></span> <span class='ocrx_word' id='word_1_386' title='bbox 3477 2799 3847 2855; x_wconf 85' lang='lat' dir='ltr'><strong>lucubrationi</strong></span> <span class='ocrx_word' id='word_1_387' title='bbox 3909 2801 4054 2855; x_wconf 86' lang='lat' dir='ltr'><strong>illius</strong></span> 
     </span>
    </p>
   </div>
   <div class='ocr_carea' id='block_1_57' title="bbox 2475 2889 4050 2961">
    <p class='ocr_par' dir='ltr' id='par_1_57' title="bbox 2475 2889 4050 2961">
     <span class='ocr_line' id='line_1_57' title="bbox 2475 2889 4050 2961; baseline 0.001 -17"><span class='ocrx_word' id='word_1_388' title='bbox 2475 2907 2567 2961; x_wconf 87' lang='lat' dir='ltr'><strong>pra</strong></span> <span class='ocrx_word' id='word_1_389' title='bbox 2585 2889 2726 2944; x_wconf 81' lang='lat' dir='ltr'><strong>ﬁxus</strong></span> <span class='ocrx_word' id='word_1_390' title='bbox 2752 2889 2934 2954; x_wconf 88' lang='lat' dir='ltr'><strong>docet,</strong></span> <span class='ocrx_word' id='word_1_391' title='bbox 2969 2898 3179 2957; x_wconf 88' lang='lat' dir='ltr'><strong>patrata</strong></span> <span class='ocrx_word' id='word_1_392' title='bbox 3201 2904 3229 2943; x_wconf 90' lang='lat' dir='ltr'><strong>a</strong></span> <span class='ocrx_word' id='word_1_393' title='bbox 3255 2899 3447 2944; x_wconf 90' lang='lat' dir='ltr'><strong>sancto</strong></span> <span class='ocrx_word' id='word_1_394' title='bbox 3475 2890 3752 2953; x_wconf 83' lang='lat' dir='ltr'><strong>Demetrio</strong></span> <span class='ocrx_word' id='word_1_395' title='bbox 3780 2893 4050 2946; x_wconf 89' lang='lat' dir='ltr'><strong>miracula</strong></span> 
     </span>
    </p>
   </div>
   <div class='ocr_carea' id='block_1_58' title="bbox 2475 2981 4049 3052">
    <p class='ocr_par' dir='ltr' id='par_1_58' title="bbox 2475 2981 4049 3052">
     <span class='ocr_line' id='line_1_58' title="bbox 2475 2981 4049 3052; baseline 0 -17"><span class='ocrx_word' id='word_1_396' title='bbox 2475 2985 2693 3045; x_wconf 81' lang='lat' dir='ltr'><strong>referat,</strong></span> <span class='ocrx_word' id='word_1_397' title='bbox 2737 2981 2973 3035; x_wconf 86' lang='lat' dir='ltr'><strong>dubitari</strong></span> <span class='ocrx_word' id='word_1_398' title='bbox 3028 2981 3277 3052; x_wconf 79' lang='lat' dir='ltr'><strong>equidem</strong></span> <span class='ocrx_word' id='word_1_399' title='bbox 3330 2997 3440 3035; x_wconf 89' lang='lat' dir='ltr'><strong>non</strong></span> <span class='ocrx_word' id='word_1_400' title='bbox 3504 2982 3781 3037; x_wconf 86' lang='lat' dir='ltr'><strong>immerito</strong></span> <span class='ocrx_word' id='word_1_401' title='bbox 3847 2993 4049 3052; x_wconf 83' lang='lat' dir='ltr'><strong>potest,</strong></span> 
     </span>
    </p>
   </div>
   <div class='ocr_carea' id='block_1_59' title="bbox 2473 3073 4051 3142">
    <p class='ocr_par' dir='ltr' id='par_1_59' title="bbox 2473 3073 4051 3142">
     <span class='ocr_line' id='line_1_59' title="bbox 2473 3073 4051 3142; baseline 0.001 -14"><span class='ocrx_word' id='word_1_402' title='bbox 2473 3090 2542 3128; x_wconf 90' lang='lat' dir='ltr'><strong>an</strong></span> <span class='ocrx_word' id='word_1_403' title='bbox 2574 3075 2642 3128; x_wconf 91' lang='lat' dir='ltr'><strong>ah</strong></span> <span class='ocrx_word' id='word_1_404' title='bbox 2667 3074 2893 3142; x_wconf 88' lang='lat' dir='ltr'><strong>aliquot,</strong></span> <span class='ocrx_word' id='word_1_405' title='bbox 2914 3088 3037 3142; x_wconf 69' lang='lat' dir='ltr'><strong>quae</strong></span> <span class='ocrx_word' id='word_1_406' title='bbox 3055 3083 3258 3136; x_wconf 89' lang='lat' dir='ltr'><strong>narrat,</strong></span> <span class='ocrx_word' id='word_1_407' title='bbox 3280 3073 3558 3128; x_wconf 83' lang='lat' dir='ltr'><strong>miraculis</strong></span> <span class='ocrx_word' id='word_1_408' title='bbox 3600 3075 3877 3128; x_wconf 74' lang='lat' dir='ltr'><strong>remotius</strong></span> <span class='ocrx_word' id='word_1_409' title='bbox 3909 3077 4051 3129; x_wconf 83' lang='lat' dir='ltr'><strong>haud</strong></span> 
     </span>
    </p>
   </div>
   <div class='ocr_carea' id='block_1_60' title="bbox 807 3164 4050 3250">
    <p class='ocr_par' dir='ltr' id='par_1_60' title="bbox 807 3164 4050 3250">
     <span class='ocr_line' id='line_1_60' title="bbox 807 3164 4050 3250; baseline -0.002 -24"><span class='ocrx_word' id='word_1_410' title='bbox 807 3176 859 3226; x_wconf 89' lang='lat' dir='ltr'><strong>in</strong></span> <span class='ocrx_word' id='word_1_411' title='bbox 892 3172 1101 3226; x_wconf 78' lang='lat' dir='ltr'><strong>Oriente</strong></span> <span class='ocrx_word' id='word_1_412' title='bbox 1137 3188 1309 3232; x_wconf 85' lang='lat' dir='ltr'><strong>sacro,</strong></span> <span class='ocrx_word' id='word_1_413' title='bbox 1346 3179 1478 3223; x_wconf 83' lang='lat' dir='ltr'><strong>tum.</strong></span> <span class='ocrx_word' id='word_1_414' title='bbox 1509 3167 1698 3227; x_wconf 91' lang='lat' dir='ltr'><strong>ll.col.</strong></span> <span class='ocrx_word' id='word_1_415' title='bbox 1718 3167 1787 3221; x_wconf 74' lang='grc'><strong>40</strong></span> <span class='ocrx_word' id='word_1_416' title='bbox 1814 3167 1997 3221; x_wconf 83' lang='lat' dir='ltr'><strong>videre</strong></span> <span class='ocrx_word' id='word_1_417' title='bbox 2023 3165 2170 3229; x_wconf 87' lang='lat' dir='ltr'><strong>licet,</strong></span> <span class='ocrx_word' id='word_1_418' title='bbox 2201 3164 2371 3220; x_wconf 89' lang='lat' dir='ltr'><strong>eccle-</strong></span> <span class='ocrx_word' id='word_1_419' title='bbox 2400 3197 2441 3250; x_wconf 65' lang='grc' dir='ltr'>ο</span> <span class='ocrx_word' id='word_1_420' title='bbox 2478 3167 2692 3231; x_wconf 78' lang='lat' dir='ltr'><strong>vixerit,</strong></span> <span class='ocrx_word' id='word_1_421' title='bbox 2721 3181 2880 3234; x_wconf 88' lang='lat' dir='ltr'><strong>quam</strong></span> <span class='ocrx_word' id='word_1_422' title='bbox 2928 3173 2987 3217; x_wconf 93' lang='lat' dir='ltr'><strong>ut</strong></span> <span class='ocrx_word' id='word_1_423' title='bbox 3008 3174 3215 3219; x_wconf 67' lang='lat' dir='ltr'><strong>certam</strong></span> <span class='ocrx_word' id='word_1_424' title='bbox 3240 3177 3404 3234; x_wconf 77' lang='lat' dir='ltr'><strong>atque</strong></span> <span class='ocrx_word' id='word_1_425' title='bbox 3426 3166 3650 3219; x_wconf 73' lang='lat' dir='ltr'><strong>aututino</strong></span> <span class='ocrx_word' id='word_1_426' title='bbox 3679 3168 4050 3221; x_wconf 84' lang='lat' dir='ltr'><strong>indubitatam</strong></span> 
     </span>
    </p>
   </div>
   <div class='ocr_carea' id='block_1_61' title="bbox 805 3259 2367 3322">
    <p class='ocr_par' dir='ltr' id='par_1_61' title="bbox 805 3259 2367 3322">
     <span class='ocr_line' id='line_1_61' title="bbox 805 3259 2367 3322; baseline -0.008 -2"><span class='ocrx_word' id='word_1_427' title='bbox 805 3267 941 3320; x_wconf 87' lang='lat' dir='ltr'><strong>siam</strong></span> <span class='ocrx_word' id='word_1_428' title='bbox 977 3263 1520 3319; x_wconf 61' lang='lat' dir='ltr'><strong>Thessalonicensem</strong></span> <span class='ocrx_word' id='word_1_429' title='bbox 1552 3260 1985 3322; x_wconf 88' lang='lat' dir='ltr'><strong>administrarit,</strong></span> <span class='ocrx_word' id='word_1_430' title='bbox 2015 3259 2157 3313; x_wconf 87' lang='lat' dir='ltr'><strong>diem</strong></span> <span class='ocrx_word' id='word_1_431' title='bbox 2185 3268 2367 3312; x_wconf 84' lang='lat' dir='ltr'><strong>extre-</strong></span> 
     </span>
    </p>
   </div>
   <div class='ocr_carea' id='block_1_62' title="bbox 807 3349 2366 3414">
    <p class='ocr_par' dir='ltr' id='par_1_62' title="bbox 807 3349 2366 3414">
     <span class='ocr_line' id='line_1_62' title="bbox 807 3349 2366 3414; baseline -0.006 -4"><span class='ocrx_word' id='word_1_432' title='bbox 807 3373 955 3410; x_wconf 88' lang='lat' dir='ltr'><strong>mum</strong></span> <span class='ocrx_word' id='word_1_433' title='bbox 986 3357 1200 3413; x_wconf 65' lang='lat' dir='ltr'><strong>clausit.</strong></span> <span class='ocrx_word' id='word_1_434' title='bbox 1253 3370 1362 3406; x_wconf 89' lang='lat' dir='ltr'><strong>non</strong></span> <span class='ocrx_word' id='word_1_435' title='bbox 1400 3363 1682 3414; x_wconf 85' lang='lat' dir='ltr'><strong>noscatur,</strong></span> <span class='ocrx_word' id='word_1_436' title='bbox 1731 3366 1956 3404; x_wconf 87' lang='lat' dir='ltr'><strong>necesse</strong></span> <span class='ocrx_word' id='word_1_437' title='bbox 1990 3349 2217 3404; x_wconf 88' lang='lat' dir='ltr'><strong>omnino</strong></span> <span class='ocrx_word' id='word_1_438' title='bbox 2260 3356 2366 3412; x_wconf 90' lang='lat' dir='ltr'><strong>est,</strong></span> 
     </span>
    </p>
   </div>
   <div class='ocr_carea' id='block_1_63' title="bbox 805 3438 2372 3510">
    <p class='ocr_par' dir='ltr' id='par_1_63' title="bbox 805 3438 2372 3510">
     <span class='ocr_line' id='line_1_63' title="bbox 805 3438 2372 3510; baseline -0.01 -4"><span class='ocrx_word' id='word_1_439' title='bbox 805 3449 1149 3510; x_wconf 84' lang='lat' dir='ltr'><strong>utJoannes,</strong></span> <span class='ocrx_word' id='word_1_440' title='bbox 1175 3444 1683 3499; x_wconf 76' lang='lat' dir='ltr'><strong>Thessalonicensis</strong></span> <span class='ocrx_word' id='word_1_441' title='bbox 1714 3453 1899 3510; x_wconf 87' lang='lat' dir='ltr'><strong>postea</strong></span> <span class='ocrx_word' id='word_1_442' title='bbox 1929 3450 1984 3494; x_wconf 92' lang='lat' dir='ltr'><strong>et</strong></span> <span class='ocrx_word' id='word_1_443' title='bbox 2014 3443 2132 3509; x_wconf 83' lang='lat' dir='ltr'><strong>ipse</strong></span> <span class='ocrx_word' id='word_1_444' title='bbox 2159 3438 2372 3493; x_wconf 80' lang='lat' dir='ltr'><strong>archie-</strong></span> 
     </span>
    </p>
   </div>
   <div class='ocr_carea' id='block_1_64' title="bbox 805 3532 2369 3614">
    <p class='ocr_par' dir='ltr' id='par_1_64' title="bbox 805 3532 2369 3614">
     <span class='ocr_line' id='line_1_64' title="bbox 805 3532 2369 3614; baseline -0.009 -17"><span class='ocrx_word' id='word_1_445' title='bbox 805 3543 1083 3614; x_wconf 78' lang='lat' dir='ltr'><strong>piscOpns.</strong></span> <span class='ocrx_word' id='word_1_446' title='bbox 1116 3539 1354 3593; x_wconf 61' lang='lat' dir='ltr'><strong>Eusebio</strong></span> <span class='ocrx_word' id='word_1_447' title='bbox 1391 3539 1474 3591; x_wconf 87' lang='lat' dir='ltr'><strong>isti</strong></span> <span class='ocrx_word' id='word_1_448' title='bbox 1509 3551 1574 3590; x_wconf 89' lang='lat' dir='ltr'><strong>ex</strong></span> <span class='ocrx_word' id='word_1_449' title='bbox 1608 3536 1772 3590; x_wconf 85' lang='lat' dir='ltr'><strong>dictis</strong></span> <span class='ocrx_word' id='word_1_450' title='bbox 1797 3535 2029 3594; x_wconf 86' lang='lat' dir='ltr'><strong>locutus.</strong></span> <span class='ocrx_word' id='word_1_451' title='bbox 2060 3532 2369 3600; x_wconf 82' lang='lat' dir='ltr'><strong>litterisque</strong></span> 
     </span>
    </p>
   </div>
   <div class='ocr_carea' id='block_1_65' title="bbox 804 3625 2370 3696">
    <p class='ocr_par' dir='ltr' id='par_1_65' title="bbox 804 3625 2370 3696">
     <span class='ocr_line' id='line_1_65' title="bbox 804 3625 2370 3696; baseline -0.01 -6"><span class='ocrx_word' id='word_1_452' title='bbox 804 3636 978 3690; x_wconf 88' lang='lat' dir='ltr'><strong>sancti</strong></span> <span class='ocrx_word' id='word_1_453' title='bbox 1005 3633 1260 3686; x_wconf 89' lang='lat' dir='ltr'><strong>Demetrii</strong></span> <span class='ocrx_word' id='word_1_454' title='bbox 1281 3629 1545 3684; x_wconf 86' lang='lat' dir='ltr'><strong>miracula</strong></span> <span class='ocrx_word' id='word_1_455' title='bbox 1568 3629 1901 3696; x_wconf 78' lang='lat' dir='ltr'><strong>complexus.</strong></span> <span class='ocrx_word' id='word_1_456' title='bbox 1920 3625 2116 3679; x_wconf 63' lang='lat' dir='ltr'><strong>sacqu</strong></span> <span class='ocrx_word' id='word_1_457' title='bbox 2136 3626 2370 3692; x_wconf 87' lang='lat' dir='ltr'><strong>septimo</strong></span> 
     </span>
    </p>
   </div>
   <div class='ocr_carea' id='block_1_66' title="bbox 804 3713 2368 3791">
    <p class='ocr_par' dir='ltr' id='par_1_66' title="bbox 804 3713 2368 3791">
     <span class='ocr_line' id='line_1_66' title="bbox 804 3713 2368 3791; baseline -0.009 -12"><span class='ocrx_word' id='word_1_458' title='bbox 804 3726 1069 3787; x_wconf 85' lang='lat' dir='ltr'><strong>ﬂoruerit,</strong></span> <span class='ocrx_word' id='word_1_459' title='bbox 1099 3725 1342 3791; x_wconf 77' lang='lat' dir='ltr'><strong>aliuSque</strong></span> <span class='ocrx_word' id='word_1_460' title='bbox 1375 3721 1600 3790; x_wconf 80' lang='lat' dir='ltr'><strong>proinde</strong></span> <span class='ocrx_word' id='word_1_461' title='bbox 1630 3721 1832 3788; x_wconf 84' lang='lat' dir='ltr'><strong>(neque</strong></span> <span class='ocrx_word' id='word_1_462' title='bbox 1871 3720 2017 3770; x_wconf 87' lang='lat' dir='ltr'><strong>enim</strong></span> <span class='ocrx_word' id='word_1_463' title='bbox 2048 3715 2238 3768; x_wconf 83' lang='lat' dir='ltr'><strong>eodem</strong></span> <span class='ocrx_word' id='word_1_464' title='bbox 2275 3713 2368 3765; x_wconf 93' lang='lat' dir='ltr'><strong>illo</strong></span> 
     </span>
    </p>
   </div>
   <div class='ocr_carea' id='block_1_67' title="bbox 805 3805 2368 3879">
    <p class='ocr_par' dir='ltr' id='par_1_67' title="bbox 805 3805 2368 3879">
     <span class='ocr_line' id='line_1_67' title="bbox 805 3805 2368 3879; baseline -0.01 -7"><span class='ocrx_word' id='word_1_465' title='bbox 805 3817 1006 3872; x_wconf 78' lang='lat' dir='ltr'><strong>saeculo</strong></span> <span class='ocrx_word' id='word_1_466' title='bbox 1041 3818 1179 3870; x_wconf 89' lang='lat' dir='ltr'><strong>duos</strong></span> <span class='ocrx_word' id='word_1_467' title='bbox 1211 3816 1455 3867; x_wconf 76' lang='lat' dir='ltr'><strong>diversos</strong></span> <span class='ocrx_word' id='word_1_468' title='bbox 1481 3854 1496 3875; x_wconf 87' lang='lat'><strong>,</strong></span> <span class='ocrx_word' id='word_1_469' title='bbox 1530 3811 1732 3879; x_wconf 84' lang='lat' dir='ltr'><strong>quibus</strong></span> <span class='ocrx_word' id='word_1_470' title='bbox 1761 3823 1960 3862; x_wconf 82' lang='lat' dir='ltr'><strong>nomen</strong></span> <span class='ocrx_word' id='word_1_471' title='bbox 1994 3805 2218 3859; x_wconf 84' lang='lat' dir='ltr'><strong>Joannis</strong></span> <span class='ocrx_word' id='word_1_472' title='bbox 2247 3805 2368 3857; x_wconf 89' lang='lat' dir='ltr'><strong>fuc-</strong></span> 
     </span>
    </p>
   </div>
   <div class='ocr_carea' id='block_1_68' title="bbox 809 3898 2369 3974">
    <p class='ocr_par' dir='ltr' id='par_1_68' title="bbox 809 3898 2369 3974">
     <span class='ocr_line' id='line_1_68' title="bbox 809 3898 2369 3974; baseline -0.01 -11"><span class='ocrx_word' id='word_1_473' title='bbox 809 3911 896 3969; x_wconf 83' lang='lat' dir='ltr'><strong>rit.</strong></span> <span class='ocrx_word' id='word_1_474' title='bbox 942 3906 1378 3974; x_wconf 78' lang='lat' dir='ltr'><strong>arcliiepiscOpos</strong></span> <span class='ocrx_word' id='word_1_475' title='bbox 1401 3901 1920 3956; x_wconf 82' lang='lat' dir='ltr'><strong>Thessalonicenses</strong></span> <span class='ocrx_word' id='word_1_476' title='bbox 1963 3898 2202 3965; x_wconf 80' lang='lat' dir='ltr'><strong>invenio)</strong></span> <span class='ocrx_word' id='word_1_477' title='bbox 2246 3909 2369 3950; x_wconf 86' lang='lat' dir='ltr'><strong>esse</strong></span> 
     </span>
    </p>
   </div>
   <div class='ocr_carea' id='block_1_69' title="bbox 807 3987 2371 4067">
    <p class='ocr_par' dir='ltr' id='par_1_69' title="bbox 807 3987 2371 4067">
     <span class='ocr_line' id='line_1_69' title="bbox 807 3987 2371 4067; baseline -0.008 -12"><span class='ocrx_word' id='word_1_478' title='bbox 807 4015 915 4055; x_wconf 89' lang='lat' dir='ltr'><strong>non</strong></span> <span class='ocrx_word' id='word_1_479' title='bbox 946 3999 1134 4067; x_wconf 90' lang='lat' dir='ltr'><strong>possit,</strong></span> <span class='ocrx_word' id='word_1_480' title='bbox 1166 4011 1324 4063; x_wconf 90' lang='lat' dir='ltr'><strong>quam</strong></span> <span class='ocrx_word' id='word_1_481' title='bbox 1354 3993 1591 4049; x_wconf 83' lang='lat' dir='ltr'><strong>Joannes</strong></span> <span class='ocrx_word' id='word_1_482' title='bbox 1621 3989 2130 4045; x_wconf 79' lang='lat' dir='ltr'><strong>Thessalonicensis</strong></span> <span class='ocrx_word' id='word_1_483' title='bbox 2154 3987 2371 4042; x_wconf 90' lang='lat' dir='ltr'><strong>archie-</strong></span> 
     </span>
    </p>
   </div>
   <div class='ocr_carea' id='block_1_70' title="bbox 807 4081 2368 4163">
    <p class='ocr_par' dir='ltr' id='par_1_70' title="bbox 807 4081 2368 4163">
     <span class='ocr_line' id='line_1_70' title="bbox 807 4081 2368 4163; baseline -0.006 -20"><span class='ocrx_word' id='word_1_484' title='bbox 807 4097 1064 4163; x_wconf 87' lang='lat' dir='ltr'><strong>piscopus</strong></span> <span class='ocrx_word' id='word_1_485' title='bbox 1107 4089 1340 4142; x_wconf 85' lang='lat' dir='ltr'><strong>concilio</strong></span> <span class='ocrx_word' id='word_1_486' title='bbox 1385 4087 1626 4156; x_wconf 73' lang='lat' dir='ltr'><strong>generali</strong></span> <span class='ocrx_word' id='word_1_487' title='bbox 1674 4094 1853 4148; x_wconf 88' lang='lat' dir='ltr'><strong>sexto,</strong></span> <span class='ocrx_word' id='word_1_488' title='bbox 1891 4081 2368 4150; x_wconf 77' lang='lat' dir='ltr'><strong>Constantinopoli</strong></span> 
     </span>
    </p>
   </div>
   <div class='ocr_carea' id='block_1_71' title="bbox 805 4175 2370 4240">
    <p class='ocr_par' dir='ltr' id='par_1_71' title="bbox 805 4175 2370 4240">
     <span class='ocr_line' id='line_1_71' title="bbox 805 4175 2370 4240; baseline -0.006 -3"><span class='ocrx_word' id='word_1_489' title='bbox 805 4199 952 4238; x_wconf 89' lang='lat' dir='ltr'><strong>anno</strong></span> <span class='ocrx_word' id='word_1_490' title='bbox 991 4182 1088 4235; x_wconf 75' lang='lat'><strong>681</strong></span> <span class='ocrx_word' id='word_1_491' title='bbox 1124 4180 1414 4240; x_wconf 78' lang='lat' dir='ltr'><strong>celebrato,</strong></span> <span class='ocrx_word' id='word_1_492' title='bbox 1465 4179 1517 4230; x_wconf 85' lang='lat' dir='ltr'><strong>iu</strong></span> <span class='ocrx_word' id='word_1_493' title='bbox 1565 4178 1922 4231; x_wconf 82' lang='lat' dir='ltr'><strong>conciliorum</strong></span> <span class='ocrx_word' id='word_1_494' title='bbox 1955 4175 2370 4229; x_wconf 84' lang='lat' dir='ltr'><strong>collectionibus</strong></span> 
     </span>
    </p>
   </div>
   <div class='ocr_carea' id='block_1_72' title="bbox 805 4261 2122 4344">
    <p class='ocr_par' dir='ltr' id='par_1_72' title="bbox 805 4261 2122 4344">
     <span class='ocr_line' id='line_1_72' title="bbox 805 4261 2122 4344; baseline -0.007 -17"><span class='ocrx_word' id='word_1_495' title='bbox 805 4274 949 4344; x_wconf 86' lang='lat' dir='ltr'><strong>apud</strong></span> <span class='ocrx_word' id='word_1_496' title='bbox 982 4273 1256 4325; x_wconf 77' lang='lat' dir='ltr'><strong>Labbeum</strong></span> <span class='ocrx_word' id='word_1_497' title='bbox 1294 4278 1349 4320; x_wconf 90' lang='lat' dir='ltr'><strong>et</strong></span> <span class='ocrx_word' id='word_1_498' title='bbox 1383 4261 1722 4321; x_wconf 87' lang='lat' dir='ltr'><strong>Harduinum</strong></span> <span class='ocrx_word' id='word_1_499' title='bbox 1754 4267 2122 4335; x_wconf 81' lang='lat' dir='ltr'><strong>subscriptus.</strong></span> 
     </span>
    </p>
   </div>
   <div class='ocr_carea' id='block_1_73' title="bbox 875 4356 2370 4428">
    <p class='ocr_par' dir='ltr' id='par_1_73' title="bbox 875 4356 2370 4428">
     <span class='ocr_line' id='line_1_73' title="bbox 875 4356 2370 4428; baseline -0.004 -10"><span class='ocrx_word' id='word_1_500' title='bbox 875 4364 966 4418; x_wconf 69' lang='grc'><strong>24.</strong></span> <span class='ocrx_word' id='word_1_501' title='bbox 1002 4362 1158 4416; x_wconf 81' lang='lat' dir='ltr'><strong>Nunc</strong></span> <span class='ocrx_word' id='word_1_502' title='bbox 1188 4361 1254 4415; x_wconf 77' lang='lat' dir='ltr'><strong>de</strong></span> <span class='ocrx_word' id='word_1_503' title='bbox 1287 4359 1576 4428; x_wconf 87' lang='lat' dir='ltr'><strong>anonymi,</strong></span> <span class='ocrx_word' id='word_1_504' title='bbox 1607 4359 1698 4428; x_wconf 87' lang='lat' dir='ltr'><strong>qui</strong></span> <span class='ocrx_word' id='word_1_505' title='bbox 1742 4358 1970 4413; x_wconf 85' lang='lat' dir='ltr'><strong>Joannis</strong></span> <span class='ocrx_word' id='word_1_506' title='bbox 2017 4356 2370 4414; x_wconf 82' lang='lat' dir='ltr'><strong>Thessaloni-</strong></span> 
     </span>
    </p>
   </div>
   <div class='ocr_carea' id='block_1_74' title="bbox 806 4451 2371 4516">
    <p class='ocr_par' dir='ltr' id='par_1_74' title="bbox 806 4451 2371 4516">
     <span class='ocr_line' id='line_1_74' title="bbox 806 4451 2371 4516; baseline -0.004 -4"><span class='ocrx_word' id='word_1_507' title='bbox 806 4458 988 4512; x_wconf 84' lang='lat' dir='ltr'><strong>censis</strong></span> <span class='ocrx_word' id='word_1_508' title='bbox 1018 4453 1470 4513; x_wconf 89' lang='lat' dir='ltr'><strong>lucubrationem.</strong></span> <span class='ocrx_word' id='word_1_509' title='bbox 1500 4461 1554 4506; x_wconf 93' lang='lat' dir='ltr'><strong>ut</strong></span> <span class='ocrx_word' id='word_1_510' title='bbox 1583 4451 1806 4513; x_wconf 84' lang='lat' dir='ltr'><strong>dictum,</strong></span> <span class='ocrx_word' id='word_1_511' title='bbox 1845 4451 2206 4516; x_wconf 86' lang='lat' dir='ltr'><strong>continuavit,</strong></span> <span class='ocrx_word' id='word_1_512' title='bbox 2232 4452 2371 4506; x_wconf 87' lang='lat' dir='ltr'><strong>alte-</strong></span> 
     </span>
    </p>
   </div>
   <div class='ocr_carea' id='block_1_75' title="bbox 2476 3255 4046 3325">
    <p class='ocr_par' dir='ltr' id='par_1_75' title="bbox 2476 3255 4046 3325">
     <span class='ocr_line' id='line_1_75' title="bbox 2476 3255 4046 3325; baseline 0.002 -18"><span class='ocrx_word' id='word_1_513' title='bbox 2476 3256 2713 3308; x_wconf 89' lang='lat' dir='ltr'><strong>narratis</strong></span> <span class='ocrx_word' id='word_1_514' title='bbox 2778 3257 2893 3308; x_wconf 84' lang='lat' dir='ltr'><strong>suis</strong></span> <span class='ocrx_word' id='word_1_515' title='bbox 2950 3255 3107 3308; x_wconf 84' lang='lat' dir='ltr'><strong>Iidem</strong></span> <span class='ocrx_word' id='word_1_516' title='bbox 3166 3256 3464 3325; x_wconf 80' lang='lat' dir='ltr'><strong>conciliare</strong></span> <span class='ocrx_word' id='word_1_517' title='bbox 3513 3265 3697 3324; x_wconf 81' lang='lat' dir='ltr'><strong>queat.</strong></span> <span class='ocrx_word' id='word_1_518' title='bbox 3753 3255 3896 3312; x_wconf 86' lang='lat' dir='ltr'><strong>Utut</strong></span> <span class='ocrx_word' id='word_1_519' title='bbox 3957 3259 4046 3316; x_wconf 87' lang='lat' dir='ltr'><strong>sit.</strong></span> 
     </span>
    </p>
   </div>
   <div class='ocr_carea' id='block_1_76' title="bbox 2477 3345 4048 3417">
    <p class='ocr_par' dir='ltr' id='par_1_76' title="bbox 2477 3345 4048 3417">
     <span class='ocr_line' id='line_1_76' title="bbox 2477 3345 4048 3417; baseline 0.002 -18"><span class='ocrx_word' id='word_1_520' title='bbox 2477 3346 2685 3400; x_wconf 91' lang='lat' dir='ltr'><strong>nullum</strong></span> <span class='ocrx_word' id='word_1_521' title='bbox 2716 3348 2966 3417; x_wconf 87' lang='lat' dir='ltr'><strong>equidem</strong></span> <span class='ocrx_word' id='word_1_522' title='bbox 3013 3361 3079 3400; x_wconf 87' lang='lat' dir='ltr'><strong>cx</strong></span> <span class='ocrx_word' id='word_1_523' title='bbox 3137 3347 3209 3400; x_wconf 88' lang='lat' dir='ltr'><strong>iis</strong></span> <span class='ocrx_word' id='word_1_524' title='bbox 3242 3363 3364 3415; x_wconf 70' lang='lat' dir='ltr'><strong>quae</strong></span> <span class='ocrx_word' id='word_1_525' title='bbox 3397 3345 3585 3410; x_wconf 87' lang='lat' dir='ltr'><strong>refert,</strong></span> <span class='ocrx_word' id='word_1_526' title='bbox 3645 3348 4048 3408; x_wconf 84' lang='lat' dir='ltr'><strong>indubitanter.</strong></span> 
     </span>
    </p>
   </div>
   <div class='ocr_carea' id='block_1_77' title="bbox 2477 3438 4048 3510">
    <p class='ocr_par' dir='ltr' id='par_1_77' title="bbox 2477 3438 4048 3510">
     <span class='ocr_line' id='line_1_77' title="bbox 2477 3438 4048 3510; baseline 0.001 -18"><span class='ocrx_word' id='word_1_527' title='bbox 2477 3439 2626 3493; x_wconf 88' lang='lat' dir='ltr'><strong>velut</strong></span> <span class='ocrx_word' id='word_1_528' title='bbox 2675 3449 2824 3493; x_wconf 86' lang='lat' dir='ltr'><strong>certo</strong></span> <span class='ocrx_word' id='word_1_529' title='bbox 2864 3439 3059 3492; x_wconf 83' lang='lat' dir='ltr'><strong>falsum</strong></span> <span class='ocrx_word' id='word_1_530' title='bbox 3112 3453 3174 3494; x_wconf 88' lang='lat' dir='ltr'><strong>ac</strong></span> <span class='ocrx_word' id='word_1_531' title='bbox 3226 3438 3503 3501; x_wconf 84' lang='lat' dir='ltr'><strong>ﬂctitinm,</strong></span> <span class='ocrx_word' id='word_1_532' title='bbox 3561 3440 3735 3493; x_wconf 76' lang='lat' dir='ltr'><strong>ausim</strong></span> <span class='ocrx_word' id='word_1_533' title='bbox 3791 3443 4048 3510; x_wconf 83' lang='lat' dir='ltr'><strong>rejicere.</strong></span> 
     </span>
    </p>
   </div>
   <div class='ocr_carea' id='block_1_78' title="bbox 2476 3530 4048 3601">
    <p class='ocr_par' dir='ltr' id='par_1_78' title="bbox 2476 3530 4048 3601">
     <span class='ocr_line' id='line_1_78' title="bbox 2476 3530 4048 3601; baseline 0.002 -18"><span class='ocrx_word' id='word_1_534' title='bbox 2476 3530 2652 3599; x_wconf 75' lang='lat' dir='ltr'><strong>Atque</strong></span> <span class='ocrx_word' id='word_1_535' title='bbox 2681 3530 2776 3594; x_wconf 90' lang='lat' dir='ltr'><strong>ita,</strong></span> <span class='ocrx_word' id='word_1_536' title='bbox 2819 3541 3027 3599; x_wconf 91' lang='lat' dir='ltr'><strong>quanto</strong></span> <span class='ocrx_word' id='word_1_537' title='bbox 3075 3530 3300 3601; x_wconf 67' lang='lat' dir='ltr'><strong>singula</strong></span> <span class='ocrx_word' id='word_1_538' title='bbox 3326 3538 3438 3584; x_wconf 87' lang='lat' dir='ltr'><strong>tres</strong></span> <span class='ocrx_word' id='word_1_539' title='bbox 3475 3531 3544 3584; x_wconf 90' lang='lat' dir='ltr'><strong>de</strong></span> <span class='ocrx_word' id='word_1_540' title='bbox 3571 3533 3750 3584; x_wconf 86' lang='lat' dir='ltr'><strong>sancti</strong></span> <span class='ocrx_word' id='word_1_541' title='bbox 3781 3531 4048 3586; x_wconf 77' lang='lat' dir='ltr'><strong>Demetrii</strong></span> 
     </span>
    </p>
   </div>
   <div class='ocr_carea' id='block_1_79' title="bbox 2477 3621 4062 3691">
    <p class='ocr_par' dir='ltr' id='par_1_79' title="bbox 2477 3621 4062 3691">
     <span class='ocr_line' id='line_1_79' title="bbox 2477 3621 4062 3691; baseline 0.003 -16"><span class='ocrx_word' id='word_1_542' title='bbox 2477 3622 2755 3676; x_wconf 78' lang='lat' dir='ltr'><strong>miraculis</strong></span> <span class='ocrx_word' id='word_1_543' title='bbox 2779 3621 3008 3676; x_wconf 65' lang='lat' dir='ltr'><strong>edendze</strong></span> <span class='ocrx_word' id='word_1_544' title='bbox 3041 3622 3449 3676; x_wconf 76' lang='lat' dir='ltr'><strong>lucubrationes</strong></span> <span class='ocrx_word' id='word_1_545' title='bbox 3484 3622 3541 3676; x_wconf 86' lang='lat' dir='ltr'><strong>in</strong></span> <span class='ocrx_word' id='word_1_546' title='bbox 3566 3624 3744 3691; x_wconf 87' lang='lat' dir='ltr'><strong>pretio</strong></span> <span class='ocrx_word' id='word_1_547' title='bbox 3775 3625 4062 3680; x_wconf 42' lang='lat' dir='ltr'><strong>habenda”</strong></span> 
     </span>
    </p>
   </div>
   <div class='ocr_carea' id='block_1_80' title="bbox 2476 3716 3255 3782">
    <p class='ocr_par' dir='ltr' id='par_1_80' title="bbox 2476 3716 3255 3782">
     <span class='ocr_line' id='line_1_80' title="bbox 2476 3716 3255 3782; baseline -0.004 -13"><span class='ocrx_word' id='word_1_548' title='bbox 2476 3716 2606 3778; x_wconf 86' lang='lat' dir='ltr'><strong>sint,</strong></span> <span class='ocrx_word' id='word_1_549' title='bbox 2629 3716 2791 3769; x_wconf 84' lang='lat' dir='ltr'><strong>modo</strong></span> <span class='ocrx_word' id='word_1_550' title='bbox 2807 3718 2969 3768; x_wconf 82' lang='lat' dir='ltr'><strong>etiam</strong></span> <span class='ocrx_word' id='word_1_551' title='bbox 3003 3716 3255 3782; x_wconf 82' lang='lat' dir='ltr'><strong>exposui.</strong></span> 
     </span>
    </p>
   </div>
   <div class='ocr_carea' id='block_1_81' title="bbox 2543 3806 4046 3875">
    <p class='ocr_par' dir='ltr' id='par_1_81' title="bbox 2543 3806 4046 3875">
     <span class='ocr_line' id='line_1_81' title="bbox 2543 3806 4046 3875; baseline -0.001 -14"><span class='ocrx_word' id='word_1_552' title='bbox 2543 3807 2636 3861; x_wconf 75' lang='lat'><strong>9.6.</strong></span> <span class='ocrx_word' id='word_1_553' title='bbox 2708 3806 2913 3861; x_wconf 85' lang='lat' dir='ltr'><strong>Harum</strong></span> <span class='ocrx_word' id='word_1_554' title='bbox 2975 3822 3140 3875; x_wconf 88' lang='lat' dir='ltr'><strong>porro</strong></span> <span class='ocrx_word' id='word_1_555' title='bbox 3198 3806 3428 3861; x_wconf 75' lang='lat' dir='ltr'><strong>editioni</strong></span> <span class='ocrx_word' id='word_1_556' title='bbox 3494 3808 3819 3862; x_wconf 78' lang='lat' dir='ltr'><strong>subuectant</strong></span> <span class='ocrx_word' id='word_1_557' title='bbox 3901 3814 4046 3862; x_wconf 76' lang='lat' dir='ltr'><strong>varia</strong></span> 
     </span>
    </p>
   </div>
   <div class='ocr_carea' id='block_1_82' title="bbox 2476 3897 4045 3966">
    <p class='ocr_par' dir='ltr' id='par_1_82' title="bbox 2476 3897 4045 3966">
     <span class='ocr_line' id='line_1_82' title="bbox 2476 3897 4045 3966; baseline -0.003 -10"><span class='ocrx_word' id='word_1_558' title='bbox 2476 3898 2638 3956; x_wconf 83' lang='lat' dir='ltr'><strong>etiam</strong></span> <span class='ocrx_word' id='word_1_559' title='bbox 2695 3908 2805 3953; x_wconf 91' lang='lat' dir='ltr'><strong>tum</strong></span> <span class='ocrx_word' id='word_1_560' title='bbox 2841 3898 2909 3950; x_wconf 91' lang='lat' dir='ltr'><strong>de</strong></span> <span class='ocrx_word' id='word_1_561' title='bbox 2964 3898 3295 3966; x_wconf 79' lang='lat' dir='ltr'><strong>prodigiosa,</strong></span> <span class='ocrx_word' id='word_1_562' title='bbox 3323 3898 3468 3966; x_wconf 89' lang='lat' dir='ltr'><strong>quod</strong></span> <span class='ocrx_word' id='word_1_563' title='bbox 3503 3913 3534 3950; x_wconf 90' lang='lat' dir='ltr'><strong>e</strong></span> <span class='ocrx_word' id='word_1_564' title='bbox 3589 3897 3778 3951; x_wconf 85' lang='lat' dir='ltr'><strong>Sancti</strong></span> <span class='ocrx_word' id='word_1_565' title='bbox 3811 3901 4045 3959; x_wconf 79' lang='lat' dir='ltr'><strong>tumulo,</strong></span> 
     </span>
    </p>
   </div>
   <div class='ocr_carea' id='block_1_83' title="bbox 2476 3988 4044 4054">
    <p class='ocr_par' dir='ltr' id='par_1_83' title="bbox 2476 3988 4044 4054">
     <span class='ocr_line' id='line_1_83' title="bbox 2476 3988 4044 4054; baseline 0 -12"><span class='ocrx_word' id='word_1_566' title='bbox 2476 3999 2590 4052; x_wconf 89' lang='lat' dir='ltr'><strong>aut,</strong></span> <span class='ocrx_word' id='word_1_567' title='bbox 2631 4000 2690 4042; x_wconf 93' lang='lat' dir='ltr'><strong>ut</strong></span> <span class='ocrx_word' id='word_1_568' title='bbox 2715 3988 2805 4041; x_wconf 89' lang='lat' dir='ltr'><strong>alii</strong></span> <span class='ocrx_word' id='word_1_569' title='bbox 2844 3989 3112 4054; x_wconf 88' lang='lat' dir='ltr'><strong>scribunt,</strong></span> <span class='ocrx_word' id='word_1_570' title='bbox 3146 4003 3377 4054; x_wconf 89' lang='lat' dir='ltr'><strong>corpore</strong></span> <span class='ocrx_word' id='word_1_571' title='bbox 3401 3988 3808 4042; x_wconf 67' lang='lat' dir='ltr'><strong>Thessalonica</strong></span> <span class='ocrx_word' id='word_1_572' title='bbox 3854 3991 4044 4054; x_wconf 85' lang='lat' dir='ltr'><strong>stillat,</strong></span> 
     </span>
    </p>
   </div>
   <div class='ocr_carea' id='block_1_84' title="bbox 2478 4079 4046 4148">
    <p class='ocr_par' dir='ltr' id='par_1_84' title="bbox 2478 4079 4046 4148">
     <span class='ocr_line' id='line_1_84' title="bbox 2478 4079 4046 4148; baseline -0.001 -14"><span class='ocrx_word' id='word_1_573' title='bbox 2478 4081 2676 4134; x_wconf 84' lang='lat' dir='ltr'><strong>olimve</strong></span> <span class='ocrx_word' id='word_1_574' title='bbox 2706 4088 2852 4133; x_wconf 90' lang='lat' dir='ltr'><strong>certe</strong></span> <span class='ocrx_word' id='word_1_575' title='bbox 2884 4079 3128 4138; x_wconf 82' lang='lat' dir='ltr'><strong>stillavit.</strong></span> <span class='ocrx_word' id='word_1_576' title='bbox 3164 4093 3440 4148; x_wconf 88' lang='lat' dir='ltr'><strong>unguento</strong></span> <span class='ocrx_word' id='word_1_577' title='bbox 3472 4094 3566 4132; x_wconf 87' lang='lat' dir='ltr'><strong>seu</strong></span> <span class='ocrx_word' id='word_1_578' title='bbox 3599 4081 3744 4144; x_wconf 91' lang='lat' dir='ltr'><strong>oleo,</strong></span> <span class='ocrx_word' id='word_1_579' title='bbox 3777 4091 3895 4133; x_wconf 86' lang='lat' dir='ltr'><strong>tum</strong></span> <span class='ocrx_word' id='word_1_580' title='bbox 3928 4082 4046 4133; x_wconf 79' lang='lat' dir='ltr'><strong>aliis</strong></span> 
     </span>
    </p>
   </div>
   <div class='ocr_carea' id='block_1_85' title="bbox 2476 4170 4044 4238">
    <p class='ocr_par' dir='ltr' id='par_1_85' title="bbox 2476 4170 4044 4238">
     <span class='ocr_line' id='line_1_85' title="bbox 2476 4170 4044 4238; baseline 0.002 -14"><span class='ocrx_word' id='word_1_581' title='bbox 2476 4170 2773 4231; x_wconf 85' lang='lat' dir='ltr'><strong>nonnullis.</strong></span> <span class='ocrx_word' id='word_1_582' title='bbox 2809 4185 2928 4238; x_wconf 69' lang='lat' dir='ltr'><strong>quae</strong></span> <span class='ocrx_word' id='word_1_583' title='bbox 2956 4185 2985 4223; x_wconf 92' lang='lat' dir='ltr'><strong>a</strong></span> <span class='ocrx_word' id='word_1_584' title='bbox 3015 4171 3194 4223; x_wconf 89' lang='lat' dir='ltr'><strong>tribus</strong></span> <span class='ocrx_word' id='word_1_585' title='bbox 3227 4170 3391 4225; x_wconf 79' lang='lat' dir='ltr'><strong>dictis</strong></span> <span class='ocrx_word' id='word_1_586' title='bbox 3420 4171 3905 4227; x_wconf 77' lang='lat' dir='ltr'><strong>lucubrationibus</strong></span> <span class='ocrx_word' id='word_1_587' title='bbox 3947 4175 4044 4228; x_wconf 85' lang='lat' dir='ltr'><strong>ab-</strong></span> 
     </span>
    </p>
   </div>
   <div class='ocr_carea' id='block_1_86' title="bbox 2476 4262 4042 4333">
    <p class='ocr_par' dir='ltr' id='par_1_86' title="bbox 2476 4262 4042 4333">
     <span class='ocr_line' id='line_1_86' title="bbox 2476 4262 4042 4333; baseline 0.001 -15"><span class='ocrx_word' id='word_1_588' title='bbox 2476 4275 2624 4329; x_wconf 89' lang='lat' dir='ltr'><strong>sunt,</strong></span> <span class='ocrx_word' id='word_1_589' title='bbox 2652 4265 2824 4319; x_wconf 84' lang='lat' dir='ltr'><strong>sancti</strong></span> <span class='ocrx_word' id='word_1_590' title='bbox 2859 4262 3117 4316; x_wconf 84' lang='lat' dir='ltr'><strong>Demctrii</strong></span> <span class='ocrx_word' id='word_1_591' title='bbox 3143 4263 3426 4317; x_wconf 83' lang='lat' dir='ltr'><strong>miraculis</strong></span> <span class='ocrx_word' id='word_1_592' title='bbox 3460 4264 3728 4327; x_wconf 87' lang='lat' dir='ltr'><strong>analecta,</strong></span> <span class='ocrx_word' id='word_1_593' title='bbox 3779 4267 3988 4333; x_wconf 78' lang='lat' dir='ltr'><strong>partim</strong></span> <span class='ocrx_word' id='word_1_594' title='bbox 4014 4283 4042 4320; x_wconf 91' lang='lat' dir='ltr'><strong>e</strong></span> 
     </span>
    </p>
   </div>
   <div class='ocr_carea' id='block_1_87' title="bbox 2476 4353 4041 4425">
    <p class='ocr_par' dir='ltr' id='par_1_87' title="bbox 2476 4353 4041 4425">
     <span class='ocr_line' id='line_1_87' title="bbox 2476 4353 4041 4425; baseline 0.001 -16"><span class='ocrx_word' id='word_1_595' title='bbox 2476 4355 2854 4424; x_wconf 85' lang='lat' dir='ltr'><strong>scriptoribus,</strong></span> <span class='ocrx_word' id='word_1_596' title='bbox 2874 4364 3123 4425; x_wconf 81' lang='lat' dir='ltr'><strong>typornnt</strong></span> <span class='ocrx_word' id='word_1_597' title='bbox 3142 4353 3408 4410; x_wconf 73' lang='lat' dir='ltr'><strong>beneﬁcio</strong></span> <span class='ocrx_word' id='word_1_598' title='bbox 3428 4355 3538 4422; x_wconf 85' lang='lat' dir='ltr'><strong>jam</strong></span> <span class='ocrx_word' id='word_1_599' title='bbox 3562 4355 3812 4420; x_wconf 67' lang='lat' dir='ltr'><strong>vulgatis.</strong></span> <span class='ocrx_word' id='word_1_600' title='bbox 3844 4371 3911 4423; x_wconf 90' lang='lat' dir='ltr'><strong>pa</strong></span> <span class='ocrx_word' id='word_1_601' title='bbox 3922 4359 4041 4410; x_wconf 80' lang='lat' dir='ltr'><strong>rtitn</strong></span> 
     </span>
    </p>
   </div>
   <div class='ocr_carea' id='block_1_88' title="bbox 2476 4445 4044 4514">
    <p class='ocr_par' dir='ltr' id='par_1_88' title="bbox 2476 4445 4044 4514">
     <span class='ocr_line' id='line_1_88' title="bbox 2476 4445 4044 4514; baseline 0 -11"><span class='ocrx_word' id='word_1_602' title='bbox 2476 4464 2508 4503; x_wconf 93' lang='lat' dir='ltr'><strong>e</strong></span> <span class='ocrx_word' id='word_1_603' title='bbox 2546 4449 2775 4503; x_wconf 88' lang='lat' dir='ltr'><strong>Joannis</strong></span> <span class='ocrx_word' id='word_1_604' title='bbox 2805 4446 3075 4501; x_wconf 82' lang='lat' dir='ltr'><strong>Stauracii</strong></span> <span class='ocrx_word' id='word_1_605' title='bbox 3123 4461 3188 4500; x_wconf 91' lang='lat' dir='ltr'><strong>ac</strong></span> <span class='ocrx_word' id='word_1_606' title='bbox 3219 4445 3480 4500; x_wconf 78' lang='lat' dir='ltr'><strong>Demetrii</strong></span> <span class='ocrx_word' id='word_1_607' title='bbox 3511 4445 3861 4514; x_wconf 72' lang='lat' dir='ltr'><strong>Chrysolorat</strong></span> <span class='ocrx_word' id='word_1_608' title='bbox 3895 4450 4044 4503; x_wconf 88' lang='lat' dir='ltr'><strong>lucu-</strong></span> 
     </span>
    </p>
   </div>
   <div class='ocr_carea' id='block_1_89' title="bbox 808 4524 4041 4614">
    <p class='ocr_par' dir='ltr' id='par_1_89' title="bbox 808 4524 4041 4614">
     <span class='ocr_line' id='line_1_89' title="bbox 808 4524 4041 4614; baseline -0.002 -14"><span class='ocrx_word' id='word_1_609' title='bbox 808 4547 1032 4614; x_wconf 88' lang='lat' dir='ltr'><strong>riusque</strong></span> <span class='ocrx_word' id='word_1_610' title='bbox 1056 4546 1186 4597; x_wconf 86' lang='lat' dir='ltr'><strong>item</strong></span> <span class='ocrx_word' id='word_1_611' title='bbox 1220 4543 1498 4612; x_wconf 83' lang='lat' dir='ltr'><strong>anonymi,</strong></span> <span class='ocrx_word' id='word_1_612' title='bbox 1526 4542 1619 4610; x_wconf 86' lang='lat' dir='ltr'><strong>qui</strong></span> <span class='ocrx_word' id='word_1_613' title='bbox 1653 4541 1867 4595; x_wconf 84' lang='lat' dir='ltr'><strong>diversa</strong></span> <span class='ocrx_word' id='word_1_614' title='bbox 1898 4542 2125 4596; x_wconf 82' lang='lat' dir='ltr'><strong>diversis</strong></span> <span class='ocrx_word' id='word_1_615' title='bbox 2155 4552 2365 4612; x_wconf 83' lang='lat' dir='ltr'><strong>tempo-</strong></span> <span class='ocrx_word' id='word_1_616' title='bbox 2396 4547 2442 4602; x_wconf 88' lang='lat' dir='ltr'><strong>D</strong></span> <span class='ocrx_word' id='word_1_617' title='bbox 2470 4542 2813 4594; x_wconf 83' lang='lat' dir='ltr'><strong>brationibus</strong></span> <span class='ocrx_word' id='word_1_618' title='bbox 2848 4539 3088 4592; x_wconf 86' lang='lat' dir='ltr'><strong>nondum</strong></span> <span class='ocrx_word' id='word_1_619' title='bbox 3121 4537 3290 4591; x_wconf 88' lang='lat' dir='ltr'><strong>editis</strong></span> <span class='ocrx_word' id='word_1_620' title='bbox 3319 4524 3563 4607; x_wconf 85' lang='lat' dir='ltr'><strong>accepta.</strong></span> <span class='ocrx_word' id='word_1_621' title='bbox 3611 4537 3676 4592; x_wconf 81' lang='lat' dir='ltr'><strong>Et</strong></span> <span class='ocrx_word' id='word_1_622' title='bbox 3706 4540 3960 4608; x_wconf 85' lang='lat' dir='ltr'><strong>quidem,</strong></span> <span class='ocrx_word' id='word_1_623' title='bbox 3999 4543 4041 4595; x_wconf 88' lang='lat' dir='ltr'><strong>si</strong></span> 
     </span>
    </p>
   </div>
   <div class='ocr_carea' id='block_1_90' title="bbox 809 4633 2364 4705">
    <p class='ocr_par' dir='ltr' id='par_1_90' title="bbox 809 4633 2364 4705">
     <span class='ocr_line' id='line_1_90' title="bbox 809 4633 2364 4705; baseline -0.002 -14"><span class='ocrx_word' id='word_1_624' title='bbox 809 4639 960 4691; x_wconf 85' lang='lat' dir='ltr'><strong>ribus</strong></span> <span class='ocrx_word' id='word_1_625' title='bbox 1005 4645 1153 4705; x_wconf 82' lang='lat' dir='ltr'><strong>gesta</strong></span> <span class='ocrx_word' id='word_1_626' title='bbox 1193 4633 1367 4688; x_wconf 85' lang='lat' dir='ltr'><strong>sancti</strong></span> <span class='ocrx_word' id='word_1_627' title='bbox 1399 4634 1655 4686; x_wconf 85' lang='lat' dir='ltr'><strong>Demetrii</strong></span> <span class='ocrx_word' id='word_1_628' title='bbox 1688 4633 1947 4687; x_wconf 76' lang='lat' dir='ltr'><strong>miracula</strong></span> <span class='ocrx_word' id='word_1_629' title='bbox 1987 4634 2182 4688; x_wconf 89' lang='lat' dir='ltr'><strong>litteris</strong></span> <span class='ocrx_word' id='word_1_630' title='bbox 2213 4650 2364 4689; x_wconf 85' lang='lat' dir='ltr'><strong>com-</strong></span> 
     </span>
    </p>
   </div>
   <div class='ocr_carea' id='block_1_91' title="bbox 808 4724 2372 4796">
    <p class='ocr_par' dir='ltr' id='par_1_91' title="bbox 808 4724 2372 4796">
     <span class='ocr_line' id='line_1_91' title="bbox 808 4724 2372 4796; baseline -0.001 -12"><span class='ocrx_word' id='word_1_631' title='bbox 808 4730 1103 4787; x_wconf 81' lang='lat' dir='ltr'><strong>mendavit,</strong></span> <span class='ocrx_word' id='word_1_632' title='bbox 1136 4737 1294 4781; x_wconf 71' lang='lat' dir='ltr'><strong>atate</strong></span> <span class='ocrx_word' id='word_1_633' title='bbox 1325 4725 1485 4779; x_wconf 89' lang='lat' dir='ltr'><strong>simul</strong></span> <span class='ocrx_word' id='word_1_634' title='bbox 1515 4741 1578 4779; x_wconf 85' lang='lat' dir='ltr'><strong>ac</strong></span> <span class='ocrx_word' id='word_1_635' title='bbox 1611 4724 1714 4779; x_wconf 84' lang='lat' dir='ltr'><strong>fide</strong></span> <span class='ocrx_word' id='word_1_636' title='bbox 1742 4725 2003 4779; x_wconf 87' lang='lat' dir='ltr'><strong>nonnulla</strong></span> <span class='ocrx_word' id='word_1_637' title='bbox 2033 4735 2162 4779; x_wconf 87' lang='lat' dir='ltr'><strong>sunt</strong></span> <span class='ocrx_word' id='word_1_638' title='bbox 2189 4727 2372 4796; x_wconf 87' lang='lat' dir='ltr'><strong>profe-</strong></span> 
     </span>
    </p>
   </div>
   <div class='ocr_carea' id='block_1_92' title="bbox 806 4815 2378 4885">
    <p class='ocr_par' dir='ltr' id='par_1_92' title="bbox 806 4815 2378 4885">
     <span class='ocr_line' id='line_1_92' title="bbox 806 4815 2378 4885; baseline -0.001 -12"><span class='ocrx_word' id='word_1_639' title='bbox 806 4821 996 4873; x_wconf 88' lang='lat' dir='ltr'><strong>renda.</strong></span> <span class='ocrx_word' id='word_1_640' title='bbox 1028 4821 1206 4878; x_wconf 87' lang='lat' dir='ltr'><strong>Prior,</strong></span> <span class='ocrx_word' id='word_1_641' title='bbox 1234 4818 1391 4885; x_wconf 85' lang='lat' dir='ltr'><strong>cujus</strong></span> <span class='ocrx_word' id='word_1_642' title='bbox 1427 4816 1756 4879; x_wconf 84' lang='lat' dir='ltr'><strong>lucubratio,</strong></span> <span class='ocrx_word' id='word_1_643' title='bbox 1789 4827 1846 4869; x_wconf 93' lang='lat' dir='ltr'><strong>ut</strong></span> <span class='ocrx_word' id='word_1_644' title='bbox 1877 4815 1988 4885; x_wconf 84' lang='lat' dir='ltr'><strong>jam</strong></span> <span class='ocrx_word' id='word_1_645' title='bbox 2042 4819 2254 4880; x_wconf 88' lang='lat' dir='ltr'><strong>monui,</strong></span> <span class='ocrx_word' id='word_1_646' title='bbox 2294 4833 2378 4872; x_wconf 86' lang='lat' dir='ltr'><strong>sc-</strong></span> 
     </span>
    </p>
   </div>
   <div class='ocr_carea' id='block_1_93' title="bbox 807 4907 2369 4974">
    <p class='ocr_par' dir='ltr' id='par_1_93' title="bbox 807 4907 2369 4974">
     <span class='ocr_line' id='line_1_93' title="bbox 807 4907 2369 4974; baseline -0.002 -8"><span class='ocrx_word' id='word_1_647' title='bbox 807 4914 1044 4966; x_wconf 89' lang='lat' dir='ltr'><strong>cundum</strong></span> <span class='ocrx_word' id='word_1_648' title='bbox 1069 4912 1451 4964; x_wconf 86' lang='lat' dir='ltr'><strong>miraculorum</strong></span> <span class='ocrx_word' id='word_1_649' title='bbox 1483 4908 1814 4962; x_wconf 88' lang='lat' dir='ltr'><strong>edendorum</strong></span> <span class='ocrx_word' id='word_1_650' title='bbox 1840 4907 2033 4961; x_wconf 85' lang='lat' dir='ltr'><strong>librum</strong></span> <span class='ocrx_word' id='word_1_651' title='bbox 2052 4911 2369 4974; x_wconf 84' lang='lat' dir='ltr'><strong>constituet,</strong></span> 
     </span>
    </p>
   </div>
   <div class='ocr_carea' id='block_1_94' title="bbox 807 4999 2368 5070">
    <p class='ocr_par' dir='ltr' id='par_1_94' title="bbox 807 4999 2368 5070">
     <span class='ocr_line' id='line_1_94' title="bbox 807 4999 2368 5070; baseline -0.001 -14"><span class='ocrx_word' id='word_1_652' title='bbox 807 5020 930 5070; x_wconf 91' lang='lat' dir='ltr'><strong>cap.</strong></span> <span class='ocrx_word' id='word_1_653' title='bbox 971 5002 1004 5055; x_wconf 71' lang='lat' dir='ltr'><strong>J</strong></span> <span class='ocrx_word' id='word_1_654' title='bbox 1038 5012 1228 5054; x_wconf 87' lang='lat' dir='ltr'><strong>narrat</strong></span> <span class='ocrx_word' id='word_1_655' title='bbox 1257 5000 1606 5065; x_wconf 88' lang='lat' dir='ltr'><strong>miraculum,</strong></span> <span class='ocrx_word' id='word_1_656' title='bbox 1635 4999 1803 5067; x_wconf 88' lang='lat' dir='ltr'><strong>quod,</strong></span> <span class='ocrx_word' id='word_1_657' title='bbox 1834 5001 2287 5067; x_wconf 85' lang='lat' dir='ltr'><strong>quemadmodum</strong></span> <span class='ocrx_word' id='word_1_658' title='bbox 2317 5003 2368 5056; x_wconf 91' lang='lat' dir='ltr'><strong>in</strong></span> 
     </span>
    </p>
   </div>
   <div class='ocr_carea' id='block_1_95' title="bbox 809 5091 2369 5155">
    <p class='ocr_par' dir='ltr' id='par_1_95' title="bbox 809 5091 2369 5155">
     <span class='ocr_line' id='line_1_95' title="bbox 809 5091 2369 5155; baseline 0.001 -8"><span class='ocrx_word' id='word_1_659' title='bbox 809 5095 1095 5148; x_wconf 80' lang='lat' dir='ltr'><strong>Adnotatis</strong></span> <span class='ocrx_word' id='word_1_660' title='bbox 1153 5093 1201 5146; x_wconf 92' lang='lat' dir='ltr'><strong>ei</strong></span> <span class='ocrx_word' id='word_1_661' title='bbox 1234 5092 1551 5153; x_wconf 84' lang='lat' dir='ltr'><strong>subdendis,</strong></span> <span class='ocrx_word' id='word_1_662' title='bbox 1586 5091 1816 5155; x_wconf 86' lang='lat' dir='ltr'><strong>docebo,</strong></span> <span class='ocrx_word' id='word_1_663' title='bbox 1845 5092 1948 5145; x_wconf 89' lang='lat' dir='ltr'><strong>sub</strong></span> <span class='ocrx_word' id='word_1_664' title='bbox 1977 5093 2160 5146; x_wconf 71' lang='lat' dir='ltr'><strong>saeculi</strong></span> <span class='ocrx_word' id='word_1_665' title='bbox 2195 5099 2369 5149; x_wconf 89' lang='lat' dir='ltr'><strong>octavi</strong></span> 
     </span>
    </p>
   </div>
   <div class='ocr_carea' id='block_1_96' title="bbox 809 5185 2368 5254">
    <p class='ocr_par' dir='ltr' id='par_1_96' title="bbox 809 5185 2368 5254">
     <span class='ocr_line' id='line_1_96' title="bbox 809 5185 2368 5254; baseline 0 -16"><span class='ocrx_word' id='word_1_666' title='bbox 809 5187 972 5238; x_wconf 83' lang='lat' dir='ltr'><strong>linem</strong></span> <span class='ocrx_word' id='word_1_667' title='bbox 1002 5186 1208 5243; x_wconf 87' lang='lat' dir='ltr'><strong>evenit.</strong></span> <span class='ocrx_word' id='word_1_668' title='bbox 1245 5193 1304 5237; x_wconf 92' lang='lat' dir='ltr'><strong>ut</strong></span> <span class='ocrx_word' id='word_1_669' title='bbox 1328 5192 1477 5238; x_wconf 88' lang='lat' dir='ltr'><strong>certe</strong></span> <span class='ocrx_word' id='word_1_670' title='bbox 1507 5198 1616 5254; x_wconf 86' lang='lat' dir='ltr'><strong>non</strong></span> <span class='ocrx_word' id='word_1_671' title='bbox 1641 5186 1821 5246; x_wconf 88' lang='lat' dir='ltr'><strong>citius,</strong></span> <span class='ocrx_word' id='word_1_672' title='bbox 1847 5200 2004 5252; x_wconf 89' lang='lat' dir='ltr'><strong>quam</strong></span> <span class='ocrx_word' id='word_1_673' title='bbox 2030 5185 2228 5238; x_wconf 61' lang='lat' dir='ltr'><strong>saeculo</strong></span> <span class='ocrx_word' id='word_1_674' title='bbox 2264 5188 2368 5238; x_wconf 87' lang='lat' dir='ltr'><strong>hoc</strong></span> 
     </span>
    </p>
   </div>
   <div class='ocr_carea' id='block_1_97' title="bbox 811 5272 2366 5330">
    <p class='ocr_par' dir='ltr' id='par_1_97' title="bbox 811 5272 2366 5330">
     <span class='ocr_line' id='line_1_97' title="bbox 811 5272 2366 5330; baseline -0.001 -1"><span class='ocrx_word' id='word_1_675' title='bbox 811 5283 1133 5330; x_wconf 78' lang='lat' dir='ltr'><strong>senescente</strong></span> <span class='ocrx_word' id='word_1_676' title='bbox 1193 5273 1458 5328; x_wconf 89' lang='lat' dir='ltr'><strong>ﬂoruerit.</strong></span> <span class='ocrx_word' id='word_1_677' title='bbox 1515 5272 1626 5327; x_wconf 82' lang='lat' dir='ltr'><strong>Nec</strong></span> <span class='ocrx_word' id='word_1_678' title='bbox 1673 5274 1810 5327; x_wconf 87' lang='lat' dir='ltr'><strong>ultra</strong></span> <span class='ocrx_word' id='word_1_679' title='bbox 1860 5275 2116 5329; x_wconf 60' lang='lat' dir='ltr'><strong>arculum</strong></span> <span class='ocrx_word' id='word_1_680' title='bbox 2163 5290 2366 5330; x_wconf 89' lang='lat' dir='ltr'><strong>nonum</strong></span> 
     </span>
    </p>
   </div>
   <div class='ocr_carea' id='block_1_98' title="bbox 809 5365 2369 5437">
    <p class='ocr_par' dir='ltr' id='par_1_98' title="bbox 809 5365 2369 5437">
     <span class='ocr_line' id='line_1_98' title="bbox 809 5365 2369 5437; baseline -0.003 -13"><span class='ocrx_word' id='word_1_681' title='bbox 809 5380 942 5424; x_wconf 59' lang='lat' dir='ltr'><strong>mtas</strong></span> <span class='ocrx_word' id='word_1_682' title='bbox 966 5369 1084 5437; x_wconf 72' lang='lat' dir='ltr'><strong>ejus</strong></span> <span class='ocrx_word' id='word_1_683' title='bbox 1108 5367 1410 5421; x_wconf 78' lang='lat' dir='ltr'><strong>diﬂcrcnda</strong></span> <span class='ocrx_word' id='word_1_684' title='bbox 1441 5366 1658 5420; x_wconf 85' lang='lat' dir='ltr'><strong>videtur</strong></span> <span class='ocrx_word' id='word_1_685' title='bbox 1688 5378 1701 5417; x_wconf 90' lang='lat'><strong>:</strong></span> <span class='ocrx_word' id='word_1_686' title='bbox 1749 5365 1997 5419; x_wconf 85' lang='lat' dir='ltr'><strong>ultimum</strong></span> <span class='ocrx_word' id='word_1_687' title='bbox 2028 5366 2175 5419; x_wconf 79' lang='lat' dir='ltr'><strong>enim</strong></span> <span class='ocrx_word' id='word_1_688' title='bbox 2208 5382 2236 5418; x_wconf 89' lang='lat' dir='ltr'><strong>e</strong></span> <span class='ocrx_word' id='word_1_689' title='bbox 2262 5366 2369 5419; x_wconf 90' lang='lat' dir='ltr'><strong>mi-</strong></span> 
     </span>
    </p>
   </div>
   <div class='ocr_carea' id='block_1_99' title="bbox 811 5457 2369 5530">
    <p class='ocr_par' dir='ltr' id='par_1_99' title="bbox 811 5457 2369 5530">
     <span class='ocr_line' id='line_1_99' title="bbox 811 5457 2369 5530; baseline -0.003 -15"><span class='ocrx_word' id='word_1_690' title='bbox 811 5462 1011 5516; x_wconf 82' lang='lat' dir='ltr'><strong>raculis</strong></span> <span class='ocrx_word' id='word_1_691' title='bbox 1034 5501 1048 5523; x_wconf 88' lang='lat'><strong>,</strong></span> <span class='ocrx_word' id='word_1_692' title='bbox 1079 5477 1198 5530; x_wconf 69' lang='lat' dir='ltr'><strong>qua:</strong></span> <span class='ocrx_word' id='word_1_693' title='bbox 1232 5459 1556 5512; x_wconf 78' lang='lat' dir='ltr'><strong>Anastasius</strong></span> <span class='ocrx_word' id='word_1_694' title='bbox 1596 5457 2068 5521; x_wconf 68' lang='lat' dir='ltr'><strong>Bibliotln&#39;carius,</strong></span> <span class='ocrx_word' id='word_1_695' title='bbox 2113 5468 2239 5512; x_wconf 90' lang='lat' dir='ltr'><strong>ante</strong></span> <span class='ocrx_word' id='word_1_696' title='bbox 2269 5473 2369 5511; x_wconf 90' lang='lat' dir='ltr'><strong>an-</strong></span> 
     </span>
    </p>
   </div>
   <div class='ocr_carea' id='block_1_100' title="bbox 813 5552 2371 5621">
    <p class='ocr_par' dir='ltr' id='par_1_100' title="bbox 813 5552 2371 5621">
     <span class='ocr_line' id='line_1_100' title="bbox 813 5552 2371 5621; baseline -0.001 -15"><span class='ocrx_word' id='word_1_697' title='bbox 813 5570 942 5607; x_wconf 91' lang='lat' dir='ltr'><strong>num</strong></span> <span class='ocrx_word' id='word_1_698' title='bbox 991 5552 1096 5608; x_wconf 74' lang='lat'><strong>882</strong></span> <span class='ocrx_word' id='word_1_699' title='bbox 1135 5568 1167 5607; x_wconf 93' lang='lat' dir='ltr'><strong>e</strong></span> <span class='ocrx_word' id='word_1_700' title='bbox 1210 5553 1366 5613; x_wconf 82' lang='lat' dir='ltr'><strong>vivis.</strong></span> <span class='ocrx_word' id='word_1_701' title='bbox 1414 5559 1472 5604; x_wconf 92' lang='lat' dir='ltr'><strong>ut</strong></span> <span class='ocrx_word' id='word_1_702' title='bbox 1512 5567 1672 5619; x_wconf 88' lang='lat' dir='ltr'><strong>supra</strong></span> <span class='ocrx_word' id='word_1_703' title='bbox 1711 5553 1893 5610; x_wconf 88' lang='lat' dir='ltr'><strong>docui.</strong></span> <span class='ocrx_word' id='word_1_704' title='bbox 1942 5562 2184 5618; x_wconf 86' lang='lat' dir='ltr'><strong>ereptus.</strong></span> <span class='ocrx_word' id='word_1_705' title='bbox 2230 5552 2371 5621; x_wconf 86' lang='lat' dir='ltr'><strong>apud</strong></span> 
     </span>
    </p>
   </div>
   <div class='ocr_carea' id='block_1_101' title="bbox 811 5641 2371 5706">
    <p class='ocr_par' dir='ltr' id='par_1_101' title="bbox 811 5641 2371 5706">
     <span class='ocr_line' id='line_1_101' title="bbox 811 5641 2371 5706; baseline -0.001 -7"><span class='ocrx_word' id='word_1_706' title='bbox 811 5645 1189 5699; x_wconf 83' lang='lat' dir='ltr'><strong>Mabillonium</strong></span> <span class='ocrx_word' id='word_1_707' title='bbox 1228 5642 1406 5697; x_wconf 87' lang='lat' dir='ltr'><strong>totn.l</strong></span> <span class='ocrx_word' id='word_1_708' title='bbox 1444 5641 1684 5696; x_wconf 77' lang='lat' dir='ltr'><strong>Veterum</strong></span> <span class='ocrx_word' id='word_1_709' title='bbox 1739 5642 2106 5696; x_wconf 74' lang='lat' dir='ltr'><strong>Analectoruin</strong></span> <span class='ocrx_word' id='word_1_710' title='bbox 2151 5652 2371 5706; x_wconf 90' lang='lat' dir='ltr'><strong>narrat,</strong></span> 
     </span>
    </p>
   </div>
   <div class='ocr_carea' id='block_1_102' title="bbox 815 5735 2372 5804">
    <p class='ocr_par' dir='ltr' id='par_1_102' title="bbox 815 5735 2372 5804">
     <span class='ocr_line' id='line_1_102' title="bbox 815 5735 2372 5804; baseline -0.001 -16"><span class='ocrx_word' id='word_1_711' title='bbox 815 5738 1023 5804; x_wconf 84' lang='lat' dir='ltr'><strong>primus</strong></span> <span class='ocrx_word' id='word_1_712' title='bbox 1080 5736 1325 5790; x_wconf 89' lang='lat' dir='ltr'><strong>omnium</strong></span> <span class='ocrx_word' id='word_1_713' title='bbox 1376 5745 1467 5789; x_wconf 91' lang='lat' dir='ltr'><strong>aut</strong></span> <span class='ocrx_word' id='word_1_714' title='bbox 1501 5735 1691 5788; x_wconf 84' lang='lat' dir='ltr'><strong>saltem</strong></span> <span class='ocrx_word' id='word_1_715' title='bbox 1749 5747 1874 5788; x_wconf 89' lang='lat' dir='ltr'><strong>ante</strong></span> <span class='ocrx_word' id='word_1_716' title='bbox 1919 5736 2263 5788; x_wconf 77' lang='lat' dir='ltr'><strong>Anastasiutn</strong></span> <span class='ocrx_word' id='word_1_717' title='bbox 2321 5736 2372 5787; x_wconf 92' lang='lat' dir='ltr'><strong>in</strong></span> 
     </span>
    </p>
   </div>
   <div class='ocr_carea' id='block_1_103' title="bbox 812 5825 2372 5887">
    <p class='ocr_par' dir='ltr' id='par_1_103' title="bbox 812 5825 2372 5887">
     <span class='ocr_line' id='line_1_103' title="bbox 812 5825 2372 5887; baseline -0.002 -7"><span class='ocrx_word' id='word_1_718' title='bbox 812 5827 1025 5883; x_wconf 87' lang='lat' dir='ltr'><strong>litteras</strong></span> <span class='ocrx_word' id='word_1_719' title='bbox 1061 5826 1270 5882; x_wconf 85' lang='lat' dir='ltr'><strong>misisse</strong></span> <span class='ocrx_word' id='word_1_720' title='bbox 1310 5826 1546 5887; x_wconf 87' lang='lat' dir='ltr'><strong>videtur.</strong></span> <span class='ocrx_word' id='word_1_721' title='bbox 1594 5826 1774 5886; x_wconf 81' lang='lat' dir='ltr'><strong>idrtue.</strong></span> <span class='ocrx_word' id='word_1_722' title='bbox 1799 5825 1940 5886; x_wconf 76' lang='grc' dir='ltr'><strong>αιιυιΙ</strong></span> <span class='ocrx_word' id='word_1_723' title='bbox 1981 5825 2372 5879; x_wconf 74' lang='lat' dir='ltr'><strong>lucubrationis</strong></span> 
     </span>
    </p>
   </div>
   <div class='ocr_carea' id='block_1_104' title="bbox 2474 4630 4041 4703">
    <p class='ocr_par' dir='ltr' id='par_1_104' title="bbox 2474 4630 4041 4703">
     <span class='ocr_line' id='line_1_104' title="bbox 2474 4630 4041 4703; baseline 0.001 -18"><span class='ocrx_word' id='word_1_724' title='bbox 2474 4648 2596 4703; x_wconf 77' lang='lat' dir='ltr'><strong>quae</strong></span> <span class='ocrx_word' id='word_1_725' title='bbox 2627 4632 2695 4686; x_wconf 88' lang='lat' dir='ltr'><strong>de</strong></span> <span class='ocrx_word' id='word_1_726' title='bbox 2733 4631 3115 4699; x_wconf 84' lang='lat' dir='ltr'><strong>scriptoribus,</strong></span> <span class='ocrx_word' id='word_1_727' title='bbox 3169 4639 3420 4700; x_wconf 80' lang='lat' dir='ltr'><strong>typornm</strong></span> <span class='ocrx_word' id='word_1_728' title='bbox 3479 4630 3746 4685; x_wconf 79' lang='lat' dir='ltr'><strong>beneﬂcio</strong></span> <span class='ocrx_word' id='word_1_729' title='bbox 3794 4635 4041 4686; x_wconf 83' lang='lat' dir='ltr'><strong>nondum</strong></span> 
     </span>
    </p>
   </div>
   <div class='ocr_carea' id='block_1_105' title="bbox 2474 4721 4038 4795">
    <p class='ocr_par' dir='ltr' id='par_1_105' title="bbox 2474 4721 4038 4795">
     <span class='ocr_line' id='line_1_105' title="bbox 2474 4721 4038 4795; baseline 0 -17"><span class='ocrx_word' id='word_1_730' title='bbox 2474 4725 2730 4795; x_wconf 78' lang='lat' dir='ltr'><strong>vulgatis,</strong></span> <span class='ocrx_word' id='word_1_731' title='bbox 2779 4738 2909 4792; x_wconf 91' lang='lat' dir='ltr'><strong>quo,</strong></span> <span class='ocrx_word' id='word_1_732' title='bbox 2949 4737 3113 4791; x_wconf 88' lang='lat' dir='ltr'><strong>quam</strong></span> <span class='ocrx_word' id='word_1_733' title='bbox 3161 4721 3322 4776; x_wconf 75' lang='lat' dir='ltr'><strong>ﬁdem</strong></span> <span class='ocrx_word' id='word_1_734' title='bbox 3373 4731 3714 4787; x_wconf 86' lang='lat' dir='ltr'><strong>mereantur,</strong></span> <span class='ocrx_word' id='word_1_735' title='bbox 3753 4729 4038 4789; x_wconf 83' lang='lat' dir='ltr'><strong>edoceam,</strong></span> 
     </span>
    </p>
   </div>
   <div class='ocr_carea' id='block_1_106' title="bbox 2473 4813 4038 4883">
    <p class='ocr_par' dir='ltr' id='par_1_106' title="bbox 2473 4813 4038 4883">
     <span class='ocr_line' id='line_1_106' title="bbox 2473 4813 4038 4883; baseline -0.001 -14"><span class='ocrx_word' id='word_1_736' title='bbox 2473 4816 2784 4869; x_wconf 87' lang='lat' dir='ltr'><strong>adnotanda</strong></span> <span class='ocrx_word' id='word_1_737' title='bbox 2842 4814 3114 4883; x_wconf 74' lang='lat' dir='ltr'><strong>judicare,</strong></span> <span class='ocrx_word' id='word_1_738' title='bbox 3156 4813 3208 4866; x_wconf 91' lang='lat' dir='ltr'><strong>id</strong></span> <span class='ocrx_word' id='word_1_739' title='bbox 3252 4821 3390 4878; x_wconf 90' lang='lat' dir='ltr'><strong>tum,</strong></span> <span class='ocrx_word' id='word_1_740' title='bbox 3446 4828 3569 4866; x_wconf 92' lang='lat' dir='ltr'><strong>cum</strong></span> <span class='ocrx_word' id='word_1_741' title='bbox 3621 4829 3817 4867; x_wconf 90' lang='lat' dir='ltr'><strong>eorum</strong></span> <span class='ocrx_word' id='word_1_742' title='bbox 3879 4818 4038 4868; x_wconf 86' lang='lat' dir='ltr'><strong>verba</strong></span> 
     </span>
    </p>
   </div>
   <div class='ocr_carea' id='block_1_107' title="bbox 2474 4905 4040 4973">
    <p class='ocr_par' dir='ltr' id='par_1_107' title="bbox 2474 4905 4040 4973">
     <span class='ocr_line' id='line_1_107' title="bbox 2474 4905 4040 4973; baseline -0.001 -13"><span class='ocrx_word' id='word_1_743' title='bbox 2474 4907 2918 4960; x_wconf 83' lang='lat' dir='ltr'><strong>testinioninmve</strong></span> <span class='ocrx_word' id='word_1_744' title='bbox 2959 4905 3154 4960; x_wconf 87' lang='lat' dir='ltr'><strong>adduci</strong></span> <span class='ocrx_word' id='word_1_745' title='bbox 3193 4905 3494 4973; x_wconf 82' lang='lat' dir='ltr'><strong>oportebit,</strong></span> <span class='ocrx_word' id='word_1_746' title='bbox 3559 4905 3854 4972; x_wconf 70' lang='lat' dir='ltr'><strong>prastabo.</strong></span> <span class='ocrx_word' id='word_1_747' title='bbox 3884 4905 4040 4970; x_wconf 82' lang='lat' dir='ltr'><strong>Quod</strong></span> 
     </span>
    </p>
   </div>
   <div class='ocr_carea' id='block_1_108' title="bbox 2472 4994 4040 5051">
    <p class='ocr_par' dir='ltr' id='par_1_108' title="bbox 2472 4994 4040 5051">
     <span class='ocr_line' id='line_1_108' title="bbox 2472 4994 4040 5051; baseline -0.001 0"><span class='ocrx_word' id='word_1_748' title='bbox 2472 5007 2653 5051; x_wconf 88' lang='lat' dir='ltr'><strong>autem</strong></span> <span class='ocrx_word' id='word_1_749' title='bbox 2718 4998 2786 5051; x_wconf 84' lang='lat' dir='ltr'><strong>ad</strong></span> <span class='ocrx_word' id='word_1_750' title='bbox 2849 4995 3115 5050; x_wconf 90' lang='lat' dir='ltr'><strong>Joannem</strong></span> <span class='ocrx_word' id='word_1_751' title='bbox 3175 4994 3520 5049; x_wconf 86' lang='lat' dir='ltr'><strong>Stauracium</strong></span> <span class='ocrx_word' id='word_1_752' title='bbox 3580 5003 3637 5049; x_wconf 90' lang='lat' dir='ltr'><strong>et</strong></span> <span class='ocrx_word' id='word_1_753' title='bbox 3699 4995 4040 5050; x_wconf 82' lang='lat' dir='ltr'><strong>Demetrium</strong></span> 
     </span>
    </p>
   </div>
   <div class='ocr_carea' id='block_1_109' title="bbox 2473 5087 4040 5158">
    <p class='ocr_par' dir='ltr' id='par_1_109' title="bbox 2473 5087 4040 5158">
     <span class='ocr_line' id='line_1_109' title="bbox 2473 5087 4040 5158; baseline -0.002 -16"><span class='ocrx_word' id='word_1_754' title='bbox 2473 5089 2858 5158; x_wconf 78' lang='lat' dir='ltr'><strong>Cbrysoloram</strong></span> <span class='ocrx_word' id='word_1_755' title='bbox 2909 5097 3139 5156; x_wconf 87' lang='lat' dir='ltr'><strong>spectat,</strong></span> <span class='ocrx_word' id='word_1_756' title='bbox 3199 5103 3307 5156; x_wconf 89' lang='lat' dir='ltr'><strong>quo</strong></span> <span class='ocrx_word' id='word_1_757' title='bbox 3359 5087 3416 5140; x_wconf 89' lang='lat' dir='ltr'><strong>in</strong></span> <span class='ocrx_word' id='word_1_758' title='bbox 3439 5088 3638 5156; x_wconf 92' lang='lat' dir='ltr'><strong>pretio,</strong></span> <span class='ocrx_word' id='word_1_759' title='bbox 3687 5103 3812 5155; x_wconf 68' lang='lat' dir='ltr'><strong>qua:</strong></span> <span class='ocrx_word' id='word_1_760' title='bbox 3845 5089 3962 5141; x_wconf 87' lang='lat' dir='ltr'><strong>bini</strong></span> <span class='ocrx_word' id='word_1_761' title='bbox 3992 5089 4040 5140; x_wconf 87' lang='lat' dir='ltr'><strong>hi</strong></span> 
     </span>
    </p>
   </div>
   <div class='ocr_carea' id='block_1_110' title="bbox 2471 5179 4039 5249">
    <p class='ocr_par' dir='ltr' id='par_1_110' title="bbox 2471 5179 4039 5249">
     <span class='ocr_line' id='line_1_110' title="bbox 2471 5179 4039 5249; baseline -0.002 -13"><span class='ocrx_word' id='word_1_762' title='bbox 2471 5184 2767 5249; x_wconf 88' lang='lat' dir='ltr'><strong>scriptores</strong></span> <span class='ocrx_word' id='word_1_763' title='bbox 2803 5179 3045 5233; x_wconf 85' lang='lat' dir='ltr'><strong>nonduin</strong></span> <span class='ocrx_word' id='word_1_764' title='bbox 3101 5179 3232 5233; x_wconf 88' lang='lat' dir='ltr'><strong>editi</strong></span> <span class='ocrx_word' id='word_1_765' title='bbox 3263 5179 3317 5231; x_wconf 91' lang='lat' dir='ltr'><strong>in</strong></span> <span class='ocrx_word' id='word_1_766' title='bbox 3365 5179 3577 5232; x_wconf 79' lang='lat' dir='ltr'><strong>litteras</strong></span> <span class='ocrx_word' id='word_1_767' title='bbox 3616 5179 3910 5238; x_wconf 82' lang='lat' dir='ltr'><strong>miserunt.</strong></span> <span class='ocrx_word' id='word_1_768' title='bbox 3948 5180 4039 5233; x_wconf 83' lang='lat' dir='ltr'><strong>ha-</strong></span> 
     </span>
    </p>
   </div>
   <div class='ocr_carea' id='block_1_111' title="bbox 2474 5268 4040 5338">
    <p class='ocr_par' dir='ltr' id='par_1_111' title="bbox 2474 5268 4040 5338">
     <span class='ocr_line' id='line_1_111' title="bbox 2474 5268 4040 5338; baseline -0.001 -12"><span class='ocrx_word' id='word_1_769' title='bbox 2474 5272 2649 5326; x_wconf 83' lang='lat' dir='ltr'><strong>bcnda</strong></span> <span class='ocrx_word' id='word_1_770' title='bbox 2716 5271 2848 5334; x_wconf 87' lang='lat' dir='ltr'><strong>sint,</strong></span> <span class='ocrx_word' id='word_1_771' title='bbox 2892 5272 2996 5325; x_wconf 88' lang='lat' dir='ltr'><strong>hoc</strong></span> <span class='ocrx_word' id='word_1_772' title='bbox 3049 5270 3172 5324; x_wconf 89' lang='lat' dir='ltr'><strong>loco</strong></span> <span class='ocrx_word' id='word_1_773' title='bbox 3239 5269 3391 5324; x_wconf 84' lang='lat' dir='ltr'><strong>lubet</strong></span> <span class='ocrx_word' id='word_1_774' title='bbox 3438 5284 3738 5338; x_wconf 87' lang='lat' dir='ltr'><strong>exponere.</strong></span> <span class='ocrx_word' id='word_1_775' title='bbox 3799 5268 4040 5324; x_wconf 81' lang='lat' dir='ltr'><strong>Joannes</strong></span> 
     </span>
    </p>
   </div>
   <div class='ocr_carea' id='block_1_112' title="bbox 2472 5360 4040 5428">
    <p class='ocr_par' dir='ltr' id='par_1_112' title="bbox 2472 5360 4040 5428">
     <span class='ocr_line' id='line_1_112' title="bbox 2472 5360 4040 5428; baseline -0.001 -14"><span class='ocrx_word' id='word_1_776' title='bbox 2472 5361 2790 5415; x_wconf 86' lang='lat' dir='ltr'><strong>Stauracius</strong></span> <span class='ocrx_word' id='word_1_777' title='bbox 2839 5362 3102 5428; x_wconf 84' lang='lat' dir='ltr'><strong>prolixam</strong></span> <span class='ocrx_word' id='word_1_778' title='bbox 3170 5360 3489 5420; x_wconf 86' lang='lat' dir='ltr'><strong>admodum,</strong></span> <span class='ocrx_word' id='word_1_779' title='bbox 3554 5375 3674 5428; x_wconf 66' lang='lat' dir='ltr'><strong>qua</strong></span> <span class='ocrx_word' id='word_1_780' title='bbox 3733 5364 3786 5413; x_wconf 94' lang='lat' dir='ltr'><strong>in</strong></span> <span class='ocrx_word' id='word_1_781' title='bbox 3849 5363 4040 5415; x_wconf 78' lang='lat' dir='ltr'><strong>codice</strong></span> 
     </span>
    </p>
   </div>
   <div class='ocr_carea' id='block_1_113' title="bbox 2475 5450 4038 5523">
    <p class='ocr_par' dir='ltr' id='par_1_113' title="bbox 2475 5450 4038 5523">
     <span class='ocr_line' id='line_1_113' title="bbox 2475 5450 4038 5523; baseline -0.001 -15"><span class='ocrx_word' id='word_1_782' title='bbox 2475 5464 2660 5508; x_wconf 84' lang='lat' dir='ltr'><strong>nostro</strong></span> <span class='ocrx_word' id='word_1_783' title='bbox 2681 5459 2738 5516; x_wconf 59' lang='grc' dir='ltr'><em>ἧς</em></span> <span class='ocrx_word' id='word_1_784' title='bbox 2771 5469 2873 5508; x_wconf 88' lang='lat' dir='ltr'><strong>ms.</strong></span> <span class='ocrx_word' id='word_1_785' title='bbox 2901 5453 3045 5508; x_wconf 76' lang='lat' dir='ltr'><strong>i93a</strong></span> <span class='ocrx_word' id='word_1_786' title='bbox 3069 5468 3188 5523; x_wconf 89' lang='lat' dir='ltr'><strong>pag.</strong></span> <span class='ocrx_word' id='word_1_787' title='bbox 3211 5450 3280 5506; x_wconf 84' lang='lat'><strong><em>66</em></strong></span> <span class='ocrx_word' id='word_1_788' title='bbox 3313 5451 3563 5522; x_wconf 82' lang='lat' dir='ltr'><strong>usquead</strong></span> <span class='ocrx_word' id='word_1_789' title='bbox 3590 5467 3708 5521; x_wconf 88' lang='lat' dir='ltr'><strong>pag.</strong></span> <span class='ocrx_word' id='word_1_790' title='bbox 3733 5452 3802 5507; x_wconf 85' lang='lat'><strong>99</strong></span> <span class='ocrx_word' id='word_1_791' title='bbox 3826 5469 4038 5507; x_wconf 78' lang='lat' dir='ltr'><strong>versam</strong></span> 
     </span>
    </p>
   </div>
   <div class='ocr_carea' id='block_1_114' title="bbox 2473 5529 4036 5615">
    <p class='ocr_par' dir='ltr' id='par_1_114' title="bbox 2473 5529 4036 5615">
     <span class='ocr_line' id='line_1_114' title="bbox 2473 5529 4036 5615; baseline -0.003 -15"><span class='ocrx_word' id='word_1_792' title='bbox 2473 5562 2503 5600; x_wconf 88' lang='lat' dir='ltr'><strong>e</strong></span> <span class='ocrx_word' id='word_1_793' title='bbox 2540 5545 2738 5600; x_wconf 84' lang='lat' dir='ltr'><strong>Leonis</strong></span> <span class='ocrx_word' id='word_1_794' title='bbox 2787 5546 2995 5610; x_wconf 78' lang='lat' dir='ltr'><strong>Allatii,</strong></span> <span class='ocrx_word' id='word_1_795' title='bbox 3031 5547 3105 5599; x_wconf 86' lang='lat' dir='ltr'><strong>uti</strong></span> <span class='ocrx_word' id='word_1_796' title='bbox 3155 5529 3212 5599; x_wconf 85' lang='lat' dir='ltr'><strong>in</strong></span> <span class='ocrx_word' id='word_1_797' title='bbox 3263 5547 3510 5615; x_wconf 80' lang='lat' dir='ltr'><strong>margine</strong></span> <span class='ocrx_word' id='word_1_798' title='bbox 3552 5546 3877 5609; x_wconf 88' lang='lat' dir='ltr'><strong>ascribitur,</strong></span> <span class='ocrx_word' id='word_1_799' title='bbox 3939 5562 4036 5599; x_wconf 88' lang='lat' dir='ltr'><strong>ms.</strong></span> 
     </span>
    </p>
   </div>
   <div class='ocr_carea' id='block_1_115' title="bbox 2477 5637 4036 5707">
    <p class='ocr_par' dir='ltr' id='par_1_115' title="bbox 2477 5637 4036 5707">
     <span class='ocr_line' id='line_1_115' title="bbox 2477 5637 4036 5707; baseline -0.003 -15"><span class='ocrx_word' id='word_1_800' title='bbox 2477 5641 2800 5707; x_wconf 66' lang='lat' dir='ltr'><strong>deprompta</strong></span> <span class='ocrx_word' id='word_1_801' title='bbox 2857 5647 3057 5702; x_wconf 80' lang='lat' dir='ltr'><strong>exstat,</strong></span> <span class='ocrx_word' id='word_1_802' title='bbox 3115 5638 3418 5691; x_wconf 89' lang='lat' dir='ltr'><strong>orationem</strong></span> <span class='ocrx_word' id='word_1_803' title='bbox 3457 5640 3527 5690; x_wconf 90' lang='lat' dir='ltr'><strong>de</strong></span> <span class='ocrx_word' id='word_1_804' title='bbox 3572 5637 3749 5690; x_wconf 86' lang='lat' dir='ltr'><strong>sancti</strong></span> <span class='ocrx_word' id='word_1_805' title='bbox 3782 5638 4036 5691; x_wconf 82' lang='lat' dir='ltr'><strong>Demetrii</strong></span> 
     </span>
    </p>
   </div>
   <div class='ocr_carea' id='block_1_116' title="bbox 2479 5727 4036 5796">
    <p class='ocr_par' dir='ltr' id='par_1_116' title="bbox 2479 5727 4036 5796">
     <span class='ocr_line' id='line_1_116' title="bbox 2479 5727 4036 5796; baseline 0.001 -13"><span class='ocrx_word' id='word_1_806' title='bbox 2479 5731 2759 5786; x_wconf 85' lang='lat' dir='ltr'><strong>miraculis</strong></span> <span class='ocrx_word' id='word_1_807' title='bbox 2789 5729 3092 5784; x_wconf 90' lang='lat' dir='ltr'><strong>contexuit.</strong></span> <span class='ocrx_word' id='word_1_808' title='bbox 3118 5728 3437 5784; x_wconf 85' lang='lat' dir='ltr'><strong>Guilielmus</strong></span> <span class='ocrx_word' id='word_1_809' title='bbox 3464 5727 3677 5784; x_wconf 81' lang='lat' dir='ltr'><strong>Caveas</strong></span> <span class='ocrx_word' id='word_1_810' title='bbox 3700 5729 3757 5783; x_wconf 91' lang='lat' dir='ltr'><strong>in</strong></span> <span class='ocrx_word' id='word_1_811' title='bbox 3804 5727 4036 5796; x_wconf 69' lang='lat' dir='ltr'><strong>Scripto-</strong></span> 
     </span>
    </p>
   </div>
   <div class='ocr_carea' id='block_1_117' title="bbox 2478 5821 4033 5887">
    <p class='ocr_par' dir='ltr' id='par_1_117' title="bbox 2478 5821 4033 5887">
     <span class='ocr_line' id='line_1_117' title="bbox 2478 5821 4033 5887; baseline -0.003 -11"><span class='ocrx_word' id='word_1_812' title='bbox 2478 5841 2596 5876; x_wconf 79' lang='lat' dir='ltr'><strong>rum</strong></span> <span class='ocrx_word' id='word_1_813' title='bbox 2647 5822 3116 5877; x_wconf 73' lang='lat' dir='ltr'><strong>ecrlrs‘us&#39;icornm</strong></span> <span class='ocrx_word' id='word_1_814' title='bbox 3153 5821 3411 5884; x_wconf 75' lang='lat' dir='ltr'><strong>Historia,</strong></span> <span class='ocrx_word' id='word_1_815' title='bbox 3440 5830 3580 5887; x_wconf 86' lang='lat' dir='ltr'><strong>part.</strong></span> <span class='ocrx_word' id='word_1_816' title='bbox 3621 5836 3658 5874; x_wconf 88' lang='lat' dir='ltr'><strong>ll</strong></span> <span class='ocrx_word' id='word_1_817' title='bbox 3695 5821 4033 5875; x_wconf 84' lang='lat' dir='ltr'><strong>dissertatio-</strong></span> 
     </span>
    </p>
   </div>
  </div>
