4218 6442
272 383 407 447 1097

1311 390 1369 449 S.
1406 390 1782 450 DEMETRII
1825 390 2222 451 MARTYRIS
2263 394 2470 452 ACTA.

3370 397 3500 461 1098

267 518 422 565 nunt,
460 499 526 554 ad
556 499 716 569 hujus
746 501 945 555 calcem
975 500 1311 569 adjectarum
1351 502 1525 571 prima
1592 521 1711 575 pag.
1749 506 1835 570 10,
1871 528 1907 580 Α
1943 508 2084 572 aliis,
2123 524 2241 575 quae
2292 510 2373 561 vel
2410 511 2465 561 in
2509 510 2625 576 ipso
2657 510 2819 575 hujus
2856 512 3244 569 Commentarii
3271 518 3499 573 decursu

264 612 388 651 sese
407 596 684 661 dubitare,
716 611 784 647 an
822 594 1131 649 lucubratio
1165 595 1254 649 illa
1300 597 1443 650 edita
1480 614 1586 652 non
1614 601 1706 661 sit,
1743 602 1808 651 de

264 686 460 745 clarat,
493 698 559 736 co
601 682 1009 736 verosimillime
1039 683 1329 744 adductus.
1365 688 1509 754 quod
1541 689 1660 755 ejus
1718 705 1835 755 pan

265 786 377 828 tem
411 791 440 827 a
471 776 654 828 Leone
685 775 882 828 Allatio
915 775 969 828 in
1001 774 1159 830 Nmis
1186 776 1251 831 ad
1288 777 1618 847 Acropolita:
1651 772 1853 834 ilisto?

264 867 402 919 riam
421 867 620 919 editam
646 867 884 935 legisset,
912 867 1252 936 confuseque
1279 870 1543 923 duntaxat
1574 873 1649 924 rei
1672 872 1834 940 hujus

261 958 631 1012 meminisset.
674 960 836 1012 (lerte
865 974 965 1029 ego
1022 958 1164 1013 istud
1205 963 1530 1028 opusculum
1582 964 1717 1031 typis
1755 964 1836 1013 in-

261 1058 477 1117 tegrum
503 1050 710 1103 editum
746 1049 938 1112 fuisse,
974 1051 1217 1105 nondum
1250 1054 1533 1119 comperi;
1571 1054 1713 1121 quod
1750 1053 1832 1105 hic

260 1149 485 1194 notasse
510 1140 761 1194 suﬂiciat.
798 1141 930 1210 Ejus
967 1153 1160 1195 auctor
1192 1143 1391 1196 saeculo
1420 1147 1581 1198 tertio
1619 1144 1832 1197 decimo

261 1230 676 1287 verosimilliine
730 1231 932 1287 ﬂoruit.
992 1234 1209 1287 Etenim
1278 1250 1386 1288 non
1447 1244 1653 1288 tantum
1719 1238 1830 1291 lere

257 1325 473 1386 omnia,
529 1337 651 1390 qua-
711 1322 954 1377 Joannes
1001 1323 1511 1379 Thessalonicensis
1564 1326 1833 1395 archiepi—

258 1429 489 1483 scopus,
520 1418 736 1485 duoque
769 1417 1062 1485 scriptores
1097 1421 1377 1487 anonymi,
1442 1419 1601 1486 typis,
1636 1428 1693 1471 ut
1748 1420 1830 1472 di-

249 1509 674 1573 ctum,edendi,
728 1512 1002 1563 memoria:
1038 1512 1295 1577 produnt,
1323 1512 1577 1564 miracula
1639 1513 1825 1576 refert,

255 1615 446 1651 verum
468 1600 631 1653 etiam
658 1600 762 1653 alia
780 1600 1064 1663 nonnulla,
1100 1608 1160 1653 ut
1182 1601 1385 1655 litteris
1414 1602 1823 1661 commendare.

255 1691 524 1758 quidquid
557 1692 942 1745 miraculorum
973 1691 1039 1745 ad
1097 1707 1249 1745 suam
1304 1687 1477 1762 usque
1521 1702 1735 1746 aetatem
1796 1709 1824 1745 a

252 1794 451 1837 Sancto
479 1782 754 1837 Demetrio
788 1796 997 1855 gestum
1051 1783 1262 1848 fuisset,
1300 1800 1498 1852 scapus
1544 1786 1666 1852 ejus
1723 1801 1822 1837 ex-

1942 599 2058 649 usui
2088 609 2361 665 utcunque
2391 610 2572 662 erunt,
2608 602 2689 653 vel
2717 611 2866 655 certe
2899 605 3036 657 inter
3080 622 3245 675 supra
3278 627 3495 666 enume-

1940 699 2084 741 ratas
2142 691 2207 743 de
2264 702 2453 743 sancto
2496 692 2775 746 Demetrio
2839 697 3005 748 variis
3064 714 3092 750 e
3152 700 3501 757 bibliothecis

1938 783 2327 835 anctoribusve
2382 783 2788 839 lucubrationes
2819 799 3193 854 recensentur,
3240 797 3499 849 nonnulla

1938 873 2116 926 adhuc
2144 874 2436 941 proferam.
2468 874 2761 938 Orationis.
2788 878 3235 949 LeoniSapienti,
3255 895 3312 937 ut
3336 902 3498 955 supra

1935 965 2115 1024 docui,
2148 965 2527 1029 attribuendm,
2564 968 2718 1034 cujus
2754 970 2966 1023 initiunt
2996 973 3291 1042 θει,Ἕφηό
3320 982 3500 1046 σωτή-

1934 1070 2048 1121 ριος
2080 1056 2400 1125 λόγος,ρειτε
2455 1059 2748 1127 quapiam,
2789 1075 2819 1112 e
2853 1060 3043 1116 codice
3092 1066 3218 1117 oliui
3271 1068 3498 1123 Mazari-

1935 1162 2052 1198 nazo
2083 1147 2375 1216 descripta,
2406 1166 2571 1216 penes
2599 1166 2698 1203 nos
2728 1161 2927 1215 exstat,
2969 1155 3192 1223 lucoque
3221 1177 3323 1213 una
3372 1181 3496 1216 cum

1936 1235 2112 1295 titulo,
2171 1253 2333 1302 quem
2396 1239 2871 1294 lucubratiuncula
2924 1244 3027 1299 ista
3083 1249 3319 1315 prmlcrt,
3378 1256 3497 1307 usui

1933 1326 2295 1394 qualicunque
2352 1330 2404 1380 in
2445 1332 2838 1387 (Iommentarii
2877 1337 3108 1391 decursu
3141 1342 3267 1399 erit.
3321 1320 3397 1398 uti
3443 1357 3498 1399 et

1937 1416 2249 1470 inchoaturus
2276 1419 2425 1472 liiscc
2447 1422 2643 1481 verbis.
2660 1425 2895 1493 Μνήμην
2913 1427 3157 1493 δικαίων,
3174 1434 3314 1498 quod
3334 1439 3496 1487 etiam

1930 1508 2190 1570 Joannes,
2249 1512 2756 1569 'l‘iiessalonitensis
2813 1497 3267 1591 arcliiepiscoliu;
3314 1531 3495 1596 saepis-

1930 1597 2066 1652 sirne
2100 1601 2365 1668 laudatus,
2403 1610 2707 1669 contexuit,
2732 1611 2905 1663 sancti
2940 1611 3197 1668 Demetrii
3228 1620 3490 1686 elogium,

1928 1691 2087 1757 cujus
2115 1693 2318 1760 aliquot
2370 1713 2536 1762 penes
2592 1715 2686 1750 nos
2718 1703 2881 1753 etiam
2917 1715 3131 1757 exstant
3170 1709 3491 1778 fragmenta,

1930 1796 1995 1834 es
2032 1785 2221 1837 eodem
2248 1787 2437 1840 codice
2469 1789 2596 1841 olim
2621 1790 2942 1847 slazarinieo
2968 1800 3173 1863 pariter
3190 1801 3489 1873 descripta.

250 1872 469 1925 stitisse
502 1872 775 1927 videatur.
811 1872 1174 1941 Quapropter,
1224 1889 1348 1927 cum
1386 1876 1641 1928 miracula
1675 1892 1827 1944 pror—
1862 1883 1903 1936 Β
1933 1877 2131 1930 Adhaec
2164 1878 2214 1930 in
2247 1882 2432 1932 codice
2460 1894 2647 1935 nostro
2690 1885 2727 1952 ἡ*
2766 1901 2865 1938 tus.
2905 1888 3004 1940 195
3034 1893 3313 1959 άίίῐυδιιιη,
3348 1872 3492 1966 quod

253 1981 353 2014 .Slh
388 1964 554 2029 nulla,
581 1965 779 2018 saeculo
799 1964 960 2017 tertio
985 1966 1195 2020 decimo
1218 1968 1546 2034 pOsteriora,
1588 1982 1826 2020 comme-

254 2067 451 2118 morct,
484 2056 569 2109 vix
609 2067 711 2117 est,
748 2060 877 2125 quin
916 2058 1016 2112 hoc
1064 2060 1255 2111 eodem
1311 2063 1507 2112 saeculo
1558 2059 1824 2116 ﬂoruerit.

254 2165 454 2214 eaque,
500 2165 620 2218 qua:
697 2160 903 2213 narrat,
942 2150 995 2204 in
1032 2150 1240 2204 litteras
1275 2153 1508 2213 miserit,
1543 2150 1821 2221 ambigen-

252 2240 415 2292 dum.

330 2332 421 2385 9.7.
452 2330 605 2385 Licet
631 2347 817 2401 porro,
852 2343 909 2388 ut
938 2334 1006 2388 de
1042 2334 1330 2404 scriptoris
1367 2336 1592 2404 lidejan'i
1622 2336 1823 2395 dicam,

256 2423 315 2475 in
358 2423 643 2479 narrandis
678 2424 744 2479 iis
782 2441 901 2492 qua:
953 2425 1143 2494 procul
1193 2426 1484 2479 admodum
1539 2426 1606 2478 ab
1668 2435 1824 2477 tetate

254 2529 357 2566 sua
399 2527 550 2584 gesta
577 2525 726 2579 sunt,
786 2516 947 2571 ﬁdem
980 2526 1185 2571 certam
1222 2525 1387 2585 atque
1440 2518 1823 2580 indubitatam,

257 2607 499 2659 maxime
528 2620 649 2660 cum
677 2623 706 2660 a
735 2607 967 2671 Joanne,
1041 2606 1517 2661 Thessalonicensi
1557 2610 1826 2676 archiepi-

255 2712 451 2764 scopo,
530 2697 760 2767 aliisque
815 2699 1180 2767 scriptoribus
1244 2700 1668 2768 antiquioribus.
1749 2702 1824 2754 uti

256 2789 492 2843 subinde
544 2790 623 2853 lit,
679 2791 945 2856 dissonat,
1007 2792 1119 2845 sola
1175 2809 1273 2845 sua
1334 2793 1660 2847 auctoritate
1716 2810 1823 2847 non

259 2889 563 2944 mereatur,
608 2896 718 2936 non
753 2892 838 2938 est
872 2893 1077 2946 tamen.
1133 2899 1231 2938 cur
1260 2884 1313 2937 iu
1343 2884 1409 2937 iis
1441 2900 1559 2953 qua:
1595 2884 1675 2938 vel
1713 2886 1824 2951 ipsa

256 2973 382 3039 ejus
411 2981 571 3026 atate
600 2973 686 3025 vel
718 2974 903 3027 minus
932 2974 1002 3027 ab
1028 2974 1128 3026 bac
1164 2970 1371 3027 reuiote
1400 2989 1656 3037 evertere,
1693 2974 1826 3027 ﬂdes

259 3064 337 3127 ei,
369 3061 473 3116 nisi
514 3062 655 3117 ratio
706 3063 930 3118 aliunde
978 3064 1145 3133 petita
1191 3063 1244 3116 id
1296 3064 1547 3128 suadeat,
1587 3064 1824 3134 denege-

265 3164 376 3215 tur,
410 3156 716 3222 praesertim
750 3156 793 3209 si
826 3169 889 3207 ea
910 3171 1031 3224 quae
1063 3164 1329 3209 memorat
1354 3155 1463 3209 sint
1490 3156 1822 3224 hujusmodi,

264 3252 325 3297 ut
353 3244 602 3315 apprime
628 3244 707 3307 ei,
738 3245 915 3315 qualia
947 3260 1078 3298 sane
1114 3254 1265 3309 sunt,
1297 3261 1417 3313 qua:
1449 3246 1516 3298 de
1543 3261 1824 3313 unguento

264 3354 296 3389 e
324 3336 499 3392 sancti
534 3336 792 3391 Demetrii
840 3351 935 3390 seu
987 3338 1197 3391 tumulo
1248 3352 1346 3392 seu
1376 3353 1605 3407 corpore
1640 3350 1821 3392 scatu-

264 3431 443 3481 riente
478 3427 661 3491 tradit,
692 3429 973 3497 potuerint
1022 3443 1143 3482 esse
1174 3440 1480 3497 perspecta.
1516 3430 1595 3482 Ad
1634 3432 1823 3483 Deme-

260 3520 430 3574 triutn
461 3519 840 3589 Chrysoloram
871 3520 981 3588 jam
1020 3520 1200 3573 venio.
1254 3519 1353 3572 llic
1404 3521 1659 3589 scriptor,
1711 3522 1825 3589 qui,

255 3610 717 3680 quemadmodum
753 3610 806 3663 in
838 3611 1051 3679 adjecta
1084 3611 1148 3664 ad
1175 3608 1499 3678 Scriptorum
1523 3612 1827 3664 ecclesiasti—

256 3718 443 3756 carum
467 3701 717 3755 Historic
738 3715 950 3771 partem
986 3718 999 3755 t
1027 3700 1343 3773 Appendice
1372 3719 1490 3773 pag.
1520 3706 1576 3757 71
1603 3704 1825 3758 Gmliel-

262 3810 384 3847 tuus
404 3795 617 3848 Caveus
644 3796 823 3858 docet,
846 3796 987 3848 circa
1011 3811 1213 3848 annum
1240 3795 1377 3849 1450
1396 3797 1613 3861 claruit,
1630 3808 1826 3867 praeter

259 3888 547 3955 opuscula,
594 3887 797 3941 ibidem
838 3902 867 3940 a
892 3887 1075 3942 Caveo
1113 3890 1307 3957 partim
1336 3893 1630 3951 recensita,
1689 3894 1822 3946 scri-

263 3981 372 4049 psit
419 3980 585 4032 etiam
647 3979 905 4032 idiomate
960 3978 1151 4033 Graeco
1192 3980 1259 4033 de
1312 3990 1504 4034 sancto
1555 3982 1826 4035 Demetrio

258 4072 584 4123 orationem.
629 4070 1127 4125 Lucubratiuncula
1162 4073 1294 4135 haec,
1328 4089 1446 4139 quae
1482 4073 1824 4127 bibliothecie

263 4164 531 4217 Medica-te
568 4166 739 4218 sancti
796 4164 1073 4217 Laurentii
1127 4166 1307 4231 pluteo
1356 4166 1590 4227 decimo,
1638 4167 1826 4219 codice

263 4258 329 4308 13
364 4272 391 4308 a
422 4256 515 4308 fol.
566 4256 624 4309 41
665 4258 877 4325 integra
906 4257 1220 4321 exhibetur,
1272 4257 1405 4310 duas
1438 4268 1620 4324 partes
1673 4274 1825 4310 com-

263 4348 537 4414 plectitur,
576 4364 805 4417 quarum
840 4348 1007 4401 altera
1047 4349 1434 4401 encomiasticc
1463 4348 1647 4401 Sancti
1682 4367 1824 4401 mar-

263 4438 462 4505 tyrimn
500 4439 725 4505 ejusque
787 4440 1041 4501 adjuncta
1099 4449 1468 4507 exponuntur,
1535 4439 1705 4492 altera
1758 4443 1823 4494 de

258 4526 593 4595 prodigioso,
617 4527 762 4595 quod
788 4544 817 4580 c
840 4529 1051 4581 tumulo
1070 4529 1190 4596 ejus
1213 4529 1402 4591 stillat,
1424 4544 1517 4581 seu
1551 4540 1825 4599 unguento
1860 4541 1901 4594 ι)
1934 4538 2092 4597 forte,
2153 4541 2294 4606 quod
2350 4541 2503 4595 facile
2556 4546 2771 4596 pueri".
2826 4562 2984 4600 secus

260 4634 355 4670 seu
374 4620 494 4671 oleo
516 4628 800 4672 tractatur.
828 4618 1214 4685 Posteriorem,
1236 4636 1356 4689 qua:
1374 4638 1483 4674 non
1513 4623 1639 4685 alia,
1662 4638 1821 4691 quam

261 4728 384 4779 quas
415 4720 602 4765 auctor
628 4714 835 4781 optime
866 4712 1145 4780 explorata
1171 4714 1583 4769 verosimillime
1615 4717 1823 4779 habuit,

260 4803 592 4871 suppeditat,
628 4805 914 4872 locumque
974 4806 1200 4872 proinde
1258 4806 1399 4860 inter
1458 4809 1738 4875 Analecta,
1796 4827 1825 4863 a

257 4897 440 4955 nobis,
474 4905 532 4948 ut
564 4897 789 4957 dictum,
824 4896 1058 4957 edenda,
1120 4909 1419 4959 merentur,
1472 4916 1501 4952 e
1552 4902 1697 4953 dicto
1739 4901 1821 4953 bi-

261 4988 547 5039 bliotheca:
598 4985 869 5039 Medicam-
923 4988 1108 5041 codice
1166 4988 1494 5057 descriptam
1536 4987 1844 5045 habemus."

257 5078 507 5131 Priorem
581 5089 759 5131 autem
820 5094 929 5131 non
995 5081 1166 5143 item;
1236 5096 1412 5149 neque
1470 5098 1620 5144 vero,
1675 5098 1820 5145 cum,

260 5181 507 5239 spectata
539 5186 643 5239 qua
677 5182 866 5224 auctor
899 5172 1082 5225 ﬂoruit
1112 5182 1293 5237 atate,
1333 5173 1539 5226 nullum
1600 5190 1823 5241 prorsus

257 5263 448 5323 rebus,
513 5278 645 5329 quas
717 5264 783 5315 de
835 5263 1106 5315 Demetrio
1152 5276 1564 5325 commemorat.
1613 5268 1826 5333 pondus

263 5369 427 5426 queat
476 5357 796 5425 adjungere,
835 5360 1187 5410 vehementer
1234 5357 1379 5410 illam
1426 5358 1823 5413 desideramus.

334 5450 423 5503 28.
475 5454 649 5517 Atqui:
689 5461 758 5501 ita
796 5452 972 5509 modo,
1024 5465 1129 5501 non
1176 5458 1384 5504 tantum
1420 5466 1539 5519 qua:
1576 5453 1822 5521 integrae,

260 5560 453 5599 verum
485 5544 646 5594 etiam
697 5559 817 5609 qua:
868 5557 929 5593 ex
964 5552 1113 5609 parte
1152 5554 1383 5605 tantum,
1422 5554 1718 5598 tractantes
1757 5548 1823 5598 de

262 5646 454 5688 sancto
481 5633 754 5685 Demetrio
791 5631 979 5698 ejusve
1015 5632 1289 5686 miraculis
1314 5632 1721 5686 lucubrationes
1758 5635 1823 5685 ad

262 5724 650 5778 tiommentarii
692 5723 855 5790 hujus
890 5722 1093 5775 calcem
1145 5724 1372 5777 edendae
1418 5726 1550 5789 sint,
1588 5726 1696 5793 jam
1729 5743 1824 5779 ex-

260 5821 437 5888 posui.
500 5818 781 5886 Superest,
846 5827 904 5871 ut
968 5817 1034 5870 de
1092 5817 1566 5875 lucubrationibus
1618 5821 1826 5892 aliquot

581 5918 853 5975 ΡΑΤιιοι.
886 5914 1000 5976 Gtt.
1035 5914 1247 5979 CXVI.

1932 1968 2194 2037 Gregorio
2219 1972 2449 2024 diacono
2479 1990 2540 2027 ac
2576 1978 2941 2031 rclerendario
2966 1987 3277 2049 ascribitur,
3309 1992 3490 2045 Sancti

1932 2060 2274 2126 Encomiuin,
2323 2081 2426 2117 non
2468 2078 2673 2120 tantum
2703 2086 2763 2122 ex
2803 2082 2972 2137 parte,
3015 2078 3107 2129 sed
3158 2079 3427 2147 integrum
3464 2104 3492 2137 a

1931 2169 2049 2221 pag.
2112 2156 2211 2208 100
2274 2160 2537 2224 usquead
2598 2176 2719 2228 pag.
2784 2163 2883 2214 lU6
2916 2182 3125 2220 versam
3184 2174 3490 2229 exhibetur.

1933 2245 2127 2298 Verum
2190 2250 2497 2304 lucubratio
2556 2251 2743 2307 istha-c
2778 2258 2908 2308 nulli
2945 2274 3167 2327 prorsus
3201 2269 3320 2318 usui
3373 2284 3492 2322 esse

1931 2351 2127 2403 potest,
2166 2340 2365 2408 ediqne
2404 2346 2629 2410 proinde
2668 2362 2773 2399 non
2812 2362 3067 2405 meretur.
3104 2354 3302 2409 Prmter
3340 2362 3484 2413 enim

1929 2432 2069 2498 quod
2102 2429 2577 2499 Mctaphrasticam
2613 2438 2801 2491 Sancti
2842 2442 3013 2496 Vitam
3041 2459 3136 2498 seu
3171 2445 3487 2506 Passionem

1927 2524 2315 2575 enromiastice
2377 2526 2640 2581 duntaxat
2702 2544 2958 2599 exponat,
3000 2549 3189 2591 auctor
3236 2556 3489 2600 sanctum

1931 2612 2260 2667 Demetrium
2296 2620 2557 2673 adversus
2614 2627 2913 2690 Agarcnos,
2972 2632 3061 2696 qui
3120 2648 3331 2701 captain
3369 2655 3397 2690 a
3436 2658 3493 2693 se

1930 2704 2380 2761 Thessalonicam
2413 2722 2710 2776 vastarant,
2740 2715 2968 2786 fusoque
2998 2722 3196 2777 civium
3231 2743 3493 2797 sanguine

1930 2797 2221 2862 nudarant,
2256 2802 2309 2853 iu
2348 2803 2452 2856 ﬁne
2484 2805 2719 2859 invocat.
2754 2809 2930 2873 Quare
2953 2830 3075 2866 cuin
3130 2819 3198 2869 ab
3232 2819 3496 2889 Agarenis

1930 2910 2038 2944 non
2074 2897 2235 2945 citius
2263 2912 2423 2962 quam
2458 2913 2603 2949 anno
2634 2899 2737 2954 904
2768 2901 3155 2960 Thessalonica
3186 2923 3342 2980 capta
3375 2916 3494 2970 fne-

1930 2986 2017 3046 rit,
2046 2985 2091 3037 is
2124 2988 2527 3041 verosiinillimc
2558 2994 2757 3045 saeculo
2783 2994 3017 3062 decimo,
3063 3013 3321 3071 certeque
3385 3025 3493 3063 non

1929 3072 2091 3127 citius
2125 3074 2349 3139 ﬂoruit;
2414 3087 2494 3137 ut.
2532 3081 2797 3149 quidquid
2852 3084 2919 3138 de
2975 3100 3165 3144 Sancto
3226 3092 3497 3152 Demetrio

1929 3179 2338 3232 commemoret,
2400 3172 2604 3224 nullum
2664 3176 2887 3230 omnino
2936 3178 3376 3250 Metapbrasticis
3424 3191 3493 3244 de

1932 3260 2033 3313 hoc
2060 3268 2285 3318 assertis
2310 3270 2521 3332 pondus
2553 3271 2837 3341 adjungat.

2000 3354 2087 3406 29.
2126 3356 2275 3420 Quod
2310 3373 2471 3424 porro
2495 3359 2561 3411 ad
2586 3362 2718 3415 duas
2752 3378 2916 3432 supra
2946 3370 3109 3423 etiam
3140 3390 3492 3445 memoratas,

1930 3462 2159 3511 quarum
2193 3448 2362 3499 altera
2385 3451 2493 3514 (adi
2522 3450 2827 3507 Fabricium
2863 3458 2913 3508 in
2943 3458 3261 3518 Bibliotheca
3285 3468 3491 3533 (ἱνα-σα.

1932 3544 2061 3585 tum.
2098 3535 2187 3600 lX,
2215 3555 2328 3604 pag.
2361 3542 2416 3591 71
2442 3550 2493 3593 ιιι
2520 3552 2658 3607 seq.)
2693 3550 3046 3609 sequentibus
3078 3554 3246 3617 hisce.
3266 3560 3413 3617 91o;
3430 3581 3497 3617 α.

1933 3626 2054 3684 στὸς
2111 3629 2136 3676 ὁ
2165 3627 2295 3686 Θεός
2326 3670 2337 3685 ,
2377 3632 2546 3681 altera
2578 3633 2719 3695 istis,
2772 3638 2938 3690 Οὐδὲν
2988 3640 3152 3708 οὕτω,
3204 3616 3495 3707 inchoatur

1933 3716 2133 3779 verbis,
2167 3715 2363 3771 Leonis
2407 3720 2752 3787 imperatoris
2782 3730 2847 3779 de
2883 3728 3155 3785 Demetrio
3188 3740 3491 3805 orationes,

1930 3807 2192 3871 aliusque,
2228 3810 2295 3860 de
2325 3810 2526 3875 quibus
2564 3828 2728 3879 pauca
2769 3818 2944 3871 adhuc
2978 3822 3063 3876 hic
3089 3824 3269 3881 dicere
3296 3847 3495 3900 prapo-

1932 3896 2378 3962 sni,scriptorum
2411 3902 2659 3959 aliorum.
2691 3905 3223 3967 videlicetPhilothei
3262 3896 3495 3984 patriai--

1930 3987 2044 4037 chze
2088 3989 2677 4058 Constantinopolitani
2704 4033 2716 4054 .
2758 4002 3213 4073 sequentiumquc
3256 4024 3493 4076 quatuor

1932 4079 2463 4147 :irehiepisi-opornin
2550 4082 3163 4159 Thessalonicensium,
3243 4099 3491 4171 Josepln.

1930 4168 2175 4238 Grt'gurii
2212 4172 2465 4236 Palanrte,
2503 4174 2711 4229 Nicolai
2738 4180 3005 4237 (labasilre
3052 4198 3106 4239 et
3154 4168 3389 4257 Niceno,—
3414 4198 3496 4248 lii--

1932 4264 2278 4315 cnhrationns
2323 4278 2551 4332 spectat,
2606 4274 2864 4335 opuscula
2904 4276 3108 4341 isthrec,
3156 4284 3237 4335 vel
3289 4286 3493 4341 idcirco

1930 4354 2064 4404 adeo
2112 4370 2218 4405 non
2264 4357 2492 4417 edenda,
2528 4373 2596 4409 ne
2642 4374 2702 4410 ex
2752 4376 2900 4429 parte
2937 4368 3153 4433 quidem
3203 4372 3488 4435 habemus.

1933 4460 2031 4497 nec
2064 4445 2200 4507 scio,
2235 4463 2301 4498 an
2341 4451 2567 4503 multum
2614 4456 2915 4518 expetenda
2958 4457 3085 4509 sint.
3136 4461 3348 4517 Etenim
3387 4470 3491 4522 nisi

3035 4551 3233 4607 habere
3286 4570 3488 4625 potest,

1931 4629 2204 4695 quidpiam
2240 4631 2319 4683 vel
2352 4632 2416 4684 de
2450 4634 2634 4686 Sancti
2679 4637 2824 4689 cultu
2854 4675 2870 4697 ,
2917 4641 2997 4693 vel
3042 4642 3107 4697 de
3154 4648 3487 4718 prodigiose,

1931 4722 2073 4786 quod
2102 4738 2163 4773 ex
2194 4724 2310 4788 ejus
2346 4739 2439 4776 seu
2473 4726 2680 4779 tumulo
2712 4743 2805 4781 seu
2834 4745 3062 4798 corpore
3094 4735 3493 4795 Thessalonica:

1931 4813 2114 4872 stillat,
2151 4824 2424 4882 unguento
2470 4831 2565 4869 seu
2611 4820 2729 4870 olco
2769 4822 3207 4889 subininistrent,
3243 4844 3495 4887 auctores

1931 4919 2118 4956 eorum
2151 4916 2387 4972 spectata
2413 4922 2517 4975 qua
2544 4908 2849 4964 ﬂoruerunt
2902 4923 3084 4979 actate,
3131 4919 3489 4986 illustrandis.

1931 5012 2048 5066 qua:
2082 4998 2146 5049 ad
2182 4998 2439 5052 Sanctum
2486 5013 2736 5056 nostrum
2780 5017 3048 5071 spectant,
3099 5012 3258 5065 rebus
3304 5030 3493 5081 parum

1930 5090 2219 5143 admodum
2264 5093 2517 5145 videntur
2565 5094 2770 5148 idonei.
2807 5096 2872 5149 Ut
2910 5113 2995 5151 res
3028 5104 3313 5156 manifesta
3366 5122 3493 5159 eva-

1931 5186 2040 5242 dat,
2085 5200 2192 5250 quo
2242 5186 2448 5252 quique
2494 5186 2710 5238 circiter
2756 5198 2995 5256 tempore
3030 5191 3336 5258 ﬂoruerint,
3369 5198 3497 5250 sub-

1927 5277 2113 5344 jungo.
2143 5276 2252 5328 Leo
2287 5276 2512 5343 Sapiens
2546 5278 2612 5329 ab
2644 5294 2788 5331 anno
2825 5282 2926 5335 870
2956 5284 3020 5335 ad
3066 5300 3266 5337 artuum
3324 5304 3494 5355 usque

1933 5366 2028 5419 95l
2090 5366 2302 5433 imperii
2360 5369 2640 5422 orientalis
2690 5371 2929 5425 habenas
2983 5375 3083 5427 fuit
3135 5378 3492 5439 moderatus,

1932 5454 2252 5508 Pliilothcus
2305 5457 2370 5509 ad
2423 5458 2604 5511 sedem
2658 5460 3313 5528 tionstantinopolitanam
3369 5467 3493 5532 (adi

1931 5549 2367 5616 chronologicam
2396 5552 2824 5616 patriarcharum
2850 5551 3493 5622 Constantinopolitano-

1932 5655 2049 5691 runt
2088 5638 2401 5701 Historiam,
2447 5642 2627 5706 Operis
2679 5642 2852 5695 nostri
2882 5652 3011 5704 tom.
3044 5643 3314 5713 lAugostt'
3351 5662 3489 5713 prii--

1934 5735 2112 5792 tixain)
2162 5748 2305 5784 anno
2350 5734 2481 5785 1554
2531 5734 2628 5786 fuit
2686 5744 2931 5797 evectus,
2968 5751 3217 5802 annoque
3274 5738 3495 5791 circner

1935 5824 2069 5877 1576
2103 5824 2329 5876 excessit
2359 5840 2388 5879 c
2420 5826 2572 5877 vivis.
2614 5822 2910 5893 Gregorius
2938 5823 3200 5887 i'alanias,
3231 5826 3496 5896 liujusque

3085 5919 3156 5979 35
