4218 6442
232 391 370 457 Πὒὸ

1287 401 1345 462 S.
1385 399 1765 460 DEMETRH
1816 398 2206 460 MARTYRIS
2248 399 2460 459 ACTA.

3342 390 3479 455 1106

229 528 365 564 cans
405 520 643 580 toportel
669 513 839 580 enim,
876 528 1129 571 sermone
1167 516 1232 570 ad
1281 517 1665 587 hoe.delapso,
1702 518 1800 570 mi-
1839 523 1877 574 Α
1912 534 2069 570 suum
2136 516 2421 569 consilium
2488 510 2634 567 felici
2707 525 2967 565 successu
3030 505 3349 579 perﬁceret,
3410 508 3474 559 ad

229 603 414 657 randa:
445 606 798 670 narrationis,
850 623 1013 674 quam
1047 624 1077 662 e
1111 609 1411 677 majoribus
1461 611 1675 674 audivi,
1721 626 1806 663 me

232 693 573 760 meminisse)
608 704 754 748 recta
786 695 1037 750 doctrina
1068 697 1348 752 civitatem
1381 697 1649 767 implevit,
1677 713 1809 751 con—
1840 768 1843 771 δ

234 783 512 851 trariaque
541 784 844 838 sentientes
870 789 1264 855 compressit...
1291 788 1389 842 Ast
1429 802 1678 857 quaenam
1715 792 1802 842 illa

232 882 319 925 est
350 874 628 927 narratio?

306 964 391 1016 40.
430 984 447 1015 ι
486 966 568 1019 Ab
607 965 746 1020 iis...
780 968 874 1036 qui
917 969 1099 1023 divina
1134 972 1437 1040 prudenter
1470 982 1805 1036 scrutantur,

234 1056 603 1122 querebatur,
634 1058 727 1126 qui
755 1058 823 1114 de
855 1060 949 1114 illo
977 1060 1213 1115 civitatis
1250 1074 1466 1116 amante
1522 1074 1809 1118 coronato-

236 1161 347 1215 qoe
370 1163 399 1199 a
426 1145 535 1200 Deo
567 1160 805 1218 martyre
852 1150 996 1204 fama
1030 1162 1139 1207 tam
1178 1156 1284 1208 late
1313 1167 1459 1209 esset
1491 1157 1711 1222 diffusa,
1752 1168 1810 1212 ut

241 1237 392 1292 illius
418 1248 591 1293 aucta
625 1240 831 1296 invidia
863 1244 1143 1299 stimulare
1175 1256 1305 1303 tunc
1333 1249 1685 1313 dominantis,
1715 1252 1807 1319 qui

241 1331 354 1384 illic
376 1332 452 1401 (in
474 1334 695 1389 civitate
717 1332 1190 1394 Thessalonicensi
1222 1340 1440 1410 nempe)
1472 1344 1807 1405 versabatur.

241 1437 405 1478 aures
447 1424 704 1493 potuerit.
742 1429 821 1482 Ac
854 1430 1289 1497 respondebatur
1325 1449 1338 1484 :
1372 1432 1488 1487 Non
1526 1443 1633 1488 tam
1662 1449 1693 1489 e
1723 1449 1811 1489 sa-

243 1515 516 1582 natirper
553 1518 861 1573 orationem
896 1522 1241 1590 corporibus,
1283 1539 1446 1592 quam
1494 1540 1561 1579 es
1607 1528 1813 1580 anima-

240 1607 345 1660 bus
391 1622 487 1675 per
506 1608 806 1664 doctrinam
828 1612 1137 1667 mundatis:
1156 1617 1375 1682 quando
1399 1620 1543 1670 enim
1564 1634 1592 1671 a
1617 1634 1811 1674 somno

240 1696 518 1758 excitavit,
553 1706 717 1766 atque
744 1716 771 1752 a
808 1700 923 1755 luto
961 1705 1307 1773 espurgavit,
1344 1721 1453 1774 quo
1490 1709 1542 1760 in
1583 1709 1812 1763 idolola-

242 1787 363 1841 tria
397 1788 514 1842 lacu
543 1787 716 1844 fetore
748 1806 812 1845 ac
854 1793 1089 1863 caligine
1117 1795 1530 1863 detinebantur,
1577 1803 1807 1866 animas,

238 1879 576 1947 spiritualem
589 1878 830 1938 Orientis
856 1885 1088 1954 plagam.
1122 1885 1472 1955 calestisque
1490 1890 1629 1958 signi
1664 1891 1811 1944 suﬂi-

247 1979 490 2026 mentum
524 1971 825 2038 Christum,
867 1989 1057 2029 verum
1093 1976 1264 2031 Deum
1299 1989 1589 2043 nostrum,
1626 1983 1807 2036 cordi-

247 2065 350 2118 bus
382 2078 573 2118 eorum
605 2067 875 2128 inserens,
910 2077 1099 2122 sanata
1131 2069 1349 2137 quidem
1400 2085 1625 2141 corpora
1652 2113 1665 2135 .
1705 2077 1808 2128 etsi

245 2158 410 2210 etiam
459 2166 516 2212 et
555 2158 867 2225 hujusmodi
934 2162 1160 2230 gratia,
1198 2164 1500 2217 secundum
1559 2168 1811 2221 meritum

244 2246 405 2312 data,
439 2262 546 2301 non
579 2264 803 2318 parvum
854 2264 1047 2304 eorum
1074 2251 1168 2321 qui
1195 2266 1287 2306 eas
1321 2252 1593 2323 recipiunt
1624 2255 1676 2309 in
1710 2256 1817 2310 vir-

246 2348 365 2393 tute
403 2356 752 2412 progressum
803 2352 1075 2412 arguant,
1113 2346 1410 2412 gratuitum
1466 2345 1559 2402 Dei
1610 2349 1812 2404 donum

246 2430 616 2486 manifestam.
651 2433 1052 2489 Conversorum
1076 2451 1204 2491 vero
1232 2438 1299 2491 ad
1334 2438 1588 2505 pietatem
1620 2441 1815 2493 anima:

245 2523 531 2577 immotum
556 2524 1090 2596 imperterritumque
1122 2528 1177 2580 in
1214 2528 1464 2584 docendo
1503 2545 1566 2583 ac
1597 2532 1816 2599 pericu-

247 2612 360 2667 losa
380 2614 769 2681 praedicatione
800 2618 1063 2683 animum,
1092 2633 1499 2688 generososque
1529 2620 1815 2689 ipsiusmct

245 2704 469 2775 gloriosi
509 2705 730 2760 athleta:
762 2708 994 2763 sudores
1022 2708 1301 2778 detegunt,
1337 2726 1443 2765 non
1485 2711 1574 2767 hic
1600 2712 1773 2767 solum
1800 2753 1814 2776 ,

246 2797 343 2850 sed
379 2798 578 2868 ubique
617 2798 834 2853 virtutis
862 2800 984 2868 ejus
1028 2800 1420 2857 sublimitatem
1467 2804 1814 2858 manifestam

246 2888 594 2943 reddentes.»
630 2887 758 2945 Haec
787 2889 1030 2946 Joannes
1055 2892 1585 2959 Thessalonicensis,
1618 2898 1817 2965 quibus

247 2990 405 3041 sane,
450 2978 709 3034 Sanctum
738 2980 946 3037 Christi
974 2983 1135 3038 iidem
1167 2999 1291 3037 eum
1328 2984 1505 3039 fructu
1541 2987 1699 3055 plane
1729 2988 1815 3040 in-

246 3070 388 3140 signi
436 3071 599 3125 etiam
651 3073 795 3126 inter
829 3073 979 3140 ipsos
1009 3072 1547 3141 Thessalonicenses,
1601 3078 1702 3130 etsi
1736 3078 1818 3130 in-

1911 621 2160 663 sanctutn
2198 608 2533 661 Demetrium
2594 605 2695 659 sibi
2748 613 2960 663 notum.
2992 603 3059 657 de
3091 602 3248 670 cujus
3282 599 3335 653 in
3383 614 3476 668 pa-

1914 703 2124 755 trandis
2158 701 2437 754 miraculis
2471 701 2672 752 virtute
2726 694 3053 756 inatdlerat,
3088 710 3208 748 sese
3237 692 3471 749 confert.

1908 795 2036 864 quid
2083 794 2184 848 sibi
2244 794 2312 847 sit
2371 792 2729 861 propositum,
2788 790 3053 851 declarat,
3110 802 3364 853 eumque,
3417 795 3475 837 ut

1913 887 2163 955 precibus
2191 885 2306 938 suis
2333 884 2435 937 sibi
2468 882 2626 947 adsit,
2668 883 2827 935 enixe
2882 890 3050 949 rogat.
3086 896 3103 927 ι
3147 876 3473 933 Demetrius.

1912 987 1970 1029 ut
1998 978 2073 1029 ait
2098 976 2521 1046 Metaphrastes,
2549 972 2778 1042 perinde
2806 987 2869 1026 ac
2920 970 2964 1024 si
3029 970 3144 1038 ipse
3208 974 3474 1035 rogasset,

1912 1086 2019 1123 non
2062 1077 2243 1123 autem
2300 1068 2495 1121 fuisset
2527 1074 2772 1135 regatus,
2809 1061 3160 1131 exsequendo
3186 1072 3481 1129 propemo-

1912 1160 2040 1212 dum
2074 1160 2341 1226 praevenit
2371 1156 2714 1226 petitionem,
2747 1164 2802 1208 et
2831 1155 2880 1209 ei
2916 1152 3178 1208 velociter
3222 1149 3480 1218 imposito

1912 1266 1996 1314 eo,
2029 1248 2171 1319 quod
2197 1259 2281 1304 est
2310 1250 2364 1303 in
2411 1249 2655 1326 Christo,
2710 1249 2990 1317 signaculo
3023 1254 3131 1299 tam
3185 1244 3236 1295 in
3277 1241 3478 1307 fronte,

1911 1357 2071 1411 quam
2104 1342 2158 1395 in
2212 1342 2397 1405 corde,
2427 1357 2550 1395 eum
2582 1340 2811 1394 dimittit
2870 1338 3090 1392 dicens:
3148 1335 3206 1388 Et
3262 1332 3478 1403 Lyaeum

1914 1436 2122 1499 vinces,
2189 1443 2246 1488 et
2297 1434 2409 1488 eris
2465 1441 2671 1502 martyr
2712 1431 2941 1485 Christi.
2986 1448 3003 1480 ι
3052 1426 3266 1489 Nestor,
3329 1423 3479 1477 hisce

1915 1525 2102 1579 Sancti
2129 1525 2312 1579 verbis
2347 1522 2660 1585 roboratus,
2691 1522 2745 1575 in
2788 1519 3022 1574 stadium
3064 1518 3214 1574 illico
3235 1513 3477 1584 prosilit.

1913 1632 2079 1686 seque
2105 1617 2170 1670 ad
2193 1614 2465 1685 singulare
2492 1629 2615 1668 cum
2634 1610 2790 1683 Lyaeo
2807 1621 3081 1666 certamen
3108 1608 3281 1678 palam
3296 1606 3475 1669 olfert,

1914 1707 2174 1760 omnibus
2204 1705 2487 1759 audaciam
2520 1706 2639 1774 ejus
2665 1701 3087 1757 admirantibus.

1985 1800 2076 1851 42.
2098 1800 2397 1868 Imperator
2426 1798 2710 1866 juvenem,
2737 1798 2850 1850 sola
2878 1798 3199 1863 paupertate
3223 1791 3478 1859 adigente

1916 1894 2261 1958 desperatum
2288 1890 2339 1945 id
2360 1891 2569 1959 cepisse
2583 1888 2871 1943 consilium
2890 1886 3166 1955 Opinatus,
3190 1882 3473 1951 pecuniam

1916 1987 1980 2040 ad
2008 2001 2128 2039 sese
2160 1984 2423 2039 arcessito
2447 1990 2639 2051 spente
2686 1979 2866 2043 oﬂ‘crt,
2917 1983 3150 2046 eumque
3186 1992 3253 2029 ne
3285 1989 3480 2045 pugnae

1915 2092 2037 2131 cum
2066 2076 2202 2140 viro,
2234 2075 2321 2129 cui
2371 2073 2603 2127 multum
2634 2072 2844 2124 viribus
2873 2079 3020 2124 esset
3048 2067 3294 2129 inferior,
3334 2065 3480 2133 peri-

1916 2167 2039 2222 eulo
2080 2181 2201 2220 sese
2230 2165 2599 2218 committeret
2637 2163 2976 2216 adhortatur.
3021 2160 3215 2213 Verum
3266 2157 3479 2219 Nestor,

1917 2256 2146 2327 pecunia
2188 2253 2500 2325 repud-ata,
2556 2252 2717 2307 unice
2752 2267 2871 2305 sese
2906 2250 3130 2319 gloriam
3189 2244 3480 2314 superandi

1918 2351 2131 2420 Lymum
2193 2346 2391 2401 sectari
2447 2345 2777 2399 declarabat.
2833 2343 3075 2411 Pugnam
3133 2341 3334 2406 itaque,
3393 2349 3484 2387 an-

1917 2452 2119 2496 nuente
2152 2442 2509 2507 imperatore,
2543 2453 2666 2490 eum
2708 2437 2869 2506 Lyaeo
2918 2435 3019 2487 init
3065 2445 3322 2498 eumque,
3375 2429 3486 2482 Deo

1922 2533 2173 2585 Demetrii
2209 2534 2479 2591 invocato,
2521 2532 2628 2585 ictu
2670 2530 2943 2595 extemplo
2972 2526 3024 2577 in
3059 2524 3222 2578 corde
3258 2534 3483 2590 percus-

1918 2635 2035 2678 sttm
2066 2624 2219 2678 humi
2256 2632 2529 2677 mortuum
2605 2619 2925 2690 prosternit.
2983 2616 3290 2683 Imperator
3350 2610 3480 2663 hinc

1920 2719 2092 2771 iratus
2120 2731 2182 2770 ac
2212 2724 2460 2781 mres-tus,
2494 2714 2792 2783 magiazque
2821 2726 2933 2762 rem
2965 2708 3265 2763 ascribens.
3290 2702 3483 2758 Nesto-

1921 2820 2031 2859 rem
2066 2804 2133 2860 de
2168 2804 2271 2859 hac
2294 2804 2616 2871 interrogat,
2639 2802 2838 2870 bicque
2858 2798 3228 2854 Christianum
3277 2793 3483 2847 nultum

1922 2896 2095 2964 magia
2125 2896 2225 2956 uti.
2251 2909 2419 2964 seque
2457 2909 2485 2947 a
2520 2893 2779 2949 Demetrii
2821 2892 3178 2958 omniumque
3213 2886 3482 2941 Christia—

1920 3002 2115 3041 norum
2156 2986 2268 3041 Deo
2302 2986 2548 3055 adjutum
2601 2985 2670 3041 de
2709 2985 2868 3057 Lya’o
2919 2985 3174 3040 retulisse
3200 2982 3494 3037 victoriam

1922 3075 2234 3144 respondet.
2266 3075 2424 3141 Quod
2480 3090 2604 3129 cum
2662 3076 2962 3143 imperator
3016 3072 3323 3127 audivisset
3381 3069 3487 3123 Ne-

250 3163 412 3217 terim
449 3164 616 3217 hosce
649 3179 841 3219 omnes
878 3166 975 3221 abs
1012 3166 1107 3220 illo
1148 3166 1315 3221 fuisse
1360 3182 1653 3222 conversos
1712 3183 1817 3222 non
1844 3188 1888 3248 ε
1922 3177 2123 3221 storem
2157 3183 2223 3222 eo
2254 3170 2391 3236 ipso,
2443 3182 2550 3236 quo
2596 3167 2688 3221 hic
2718 3166 2931 3237 Lymum
2956 3166 3254 3229 occiderat,
3302 3160 3489 3231 gladio

250 3253 416 3317 dicat,
455 3255 645 3319 relato,
674 3258 993 3325 prcdieasse
1026 3257 1277 3313 afﬁrmat.
1329 3257 1438 3314 Nec
1474 3260 1577 3314 hoc.
1601 3270 1813 3313 tantum

250 3345 431 3399 verbis
470 3347 713 3401 recitatis
743 3348 982 3402 Joannes
1018 3351 1231 3412 astruit,
1264 3364 1456 3404 verum
1496 3351 1658 3405 etiam
1689 3351 1817 3403 inde

250 3437 443 3502 magis,
474 3453 634 3505 quam
676 3454 707 3493 e
749 3440 1067 3501 miraculis,
1100 3441 1299 3508 quibus
1345 3456 1469 3494 eum
1516 3441 1678 3494 etiam
1704 3441 1816 3494 cia-

249 3526 428 3579 ruisse
461 3527 661 3592 innuit,
708 3528 908 3583 factum
954 3544 1096 3594 esse,
1143 3539 1202 3583 ut
1247 3531 1613 3599 imperatoris.
1657 3531 1817 3597 cujus

248 3618 401 3676 iussu
440 3616 543 3671 fuit
564 3619 800 3682 occisus,
827 3619 1252 3689 indignationem
1283 3620 1591 3674 incurrerit.
1616 3617 1815 3672 Verum

248 3710 318 3763 de
350 3711 658 3774 occasione,
707 3726 811 3779 qua
844 3712 1075 3765 Sanctus
1114 3711 1234 3766 neci
1266 3711 1424 3766 datus
1453 3711 1639 3772 fuerit.
1670 3725 1818 3765 eom-

250 3801 466 3854 modius
503 3803 843 3866 tractabitur,
887 3812 1172 3871 postquam
1213 3801 1241 3872 §
1271 3805 1561 3871 sequenti,
1596 3819 1717 3871 qua:
1750 3804 1818 3857 de

249 3888 481 3942 Nestore
512 3889 847 3959 Sanctoque,
883 3893 972 3958 qui
1007 3894 1135 3947 buic
1156 3933 1170 3956 ,
1224 3894 1489 3964 singulari
1520 3896 1817 3949 certamine

248 3994 376 4032 cum
404 3980 561 4049 Lyaeo
598 3981 898 4051 gladiatore
934 3999 1319 4053 congressuro,
1353 3986 1715 4048 benediserit,
1761 3986 1815 4038 in

252 4072 372 4125 Vita
396 4088 425 4125 a
457 4072 817 4141 Hetapbraste
849 4084 1101 4129 contexta
1126 4115 1141 4139 ,
1174 4077 1389 4144 aliaque
1436 4077 1689 4145 anonymi
1724 4078 1816 4147 qui

254 4164 383 4218 buic
415 4166 665 4233 prmlusit
702 4168 1013 4231 traduntur,
1046 4169 1381 4222 esaminaro.

248 4278 391 4349 ειν.
445 4278 584 4343 Quid
623 4282 687 4333 de
716 4281 781 4333 iis
812 4297 928 4351 qua:
977 4298 1009 4333 α
1046 4280 1406 4350 Metapltraste
1459 4298 1819 4351 anonymous

320 4351 412 4417 qui
443 4353 569 4422 huic
614 4350 858 4420 prmiuit
907 4350 1091 4422 Sancti
1150 4351 1435 4422 biographo
1492 4352 1555 4404 de
1599 4350 1820 4406 Nestore

326 4420 615 4473 tradentur
644 4423 712 4474 sit
752 4420 1093 4476 censendum.

1919 3257 2073 3325 jubet
2113 3256 2373 3321 interfici,
2396 3257 2607 3323 sicque,
2640 3257 2818 3325 inquit
2874 3255 3290 3325 Metaphrastes,
3327 3270 3344 3301 ι
3380 3250 3485 3303 Ne-

1920 3358 2036 3403 stor
2073 3349 2464 3402 transmittitur
2492 3348 2558 3402 ad
2593 3348 2897 3412 Christum,
2931 3362 3093 3416 quem
3123 3346 3335 3406 dilexit,
3367 3351 3420 3396 et
3455 3358 3485 3396 a

1921 3454 2029 3506 quo
2090 3448 2206 3491 erat
2235 3448 2561 3505 accepturus
2613 3450 2845 3492 coronas
2880 3436 3118 3505 duplicis
3155 3432 3419 3488 victorim.
3462 3451 3478 3477 ι

1922 3530 2068 3583 Talia
2100 3539 2227 3583 sunt
2271 3530 2599 3597 compendio
2633 3529 2719 3584 hic
2773 3529 2883 3595 jam
2939 3528 3205 3592 exhibita,
3245 3542 3367 3594 quae
3430 3525 3483 3576 in

1923 3622 2331 3689 Metapbrastica
2367 3620 2555 3674 Sancti
2589 3620 2705 3675 Vita
2729 3659 2743 3684 ,
2773 3621 2989 3689 aliaque
3018 3617 3295 3688 anonymi,
3322 3624 3484 3684 e’qua

1922 3715 2058 3778 haec,
2090 3714 2168 3767 uti
2197 3728 2263 3766 ex
2296 3728 2463 3781 supra
2525 3713 2779 3768 adductis
2835 3722 3082 3781 apparet,
3116 3707 3481 3779 premanavil,

1920 3806 1986 3858 de
2016 3806 2240 3874 juvene,
2272 3805 2495 3858 nomine
2526 3805 2778 3870 Nestore,
2826 3813 2983 3875 parte
3008 3804 3173 3859 etiam
3208 3803 3261 3856 in
3289 3815 3481 3855 narra-

1917 3900 1991 3963 _tis
2025 3904 2216 3950 sancto
2251 3896 2529 3951 Demetrio
2559 3896 2783 3962 tributa,
2812 3896 3145 3951 referuntur.

1990 3986 2078 4039 45.
2117 3983 2320 4038 Verum
2349 3985 2497 4047 audi,
2528 3985 2620 4052 qui
2653 3984 3039 4037 Tillemnntius
3069 3994 3201 4037 tom.
3237 3984 3275 4037 ν
3296 3982 3485 4036 Monu-

1914 4076 2217 4128 mentorum
2264 4074 2761 4137 ecclesiasticarum,
2797 4089 2920 4143 pag.
2966 4072 3067 4126 6‘59
3113 4072 3481 4125 narrationem

1922 4168 2067 4221 illam
2098 4167 2424 4234 compendio
2447 4166 2611 4218 etiam
2642 4166 2848 4218 ibidem
2872 4179 3047 4218 a'sese
3077 4164 3373 4217 esbibitam
3395 4178 3487 4216 ex-

1921 4259 2089 4327 cipit:
2123 4257 2375 4312 «Difﬁcile
2407 4267 2510 4318 est.
2548 4258 2745 4324 inquit,
2781 4258 2985 4323 (verbis
3019 4256 3258 4321 Gallicis,
3292 4255 3483 4308 Latine

1924 4352 2012 4403 hic
2068 4365 2096 4402 a
2156 4364 2244 4402 me
2287 4348 2534 4415 redditis)
2594 4348 2836 4402 fabulosa
2876 4348 2965 4401 illa
3020 4349 3363 4410 narratione,
3427 4348 3481 4400 in

1923 4458 2026 4511 qua
2064 4480 2077 4502 ,
2140 4441 2285 4509 quod
2354 4441 2591 4493 maxime
2676 4441 3007 4494 horrendum
3082 4439 3488 4510 Evangelioque

327 4535 417 4588 ιι.
452 4532 806 4602 Snppeditata
847 4546 879 4584 a
904 4531 1276 4600 letapbraste
1317 4546 1698 4602 anonymoque
1728 4529 1819 4599 qui
1853 4518 1899 4571 υ
1926 4530 2240 4599 Oppositum
2267 4537 2371 4591 est,
2403 4543 2501 4597 pro
2553 4528 2755 4582 Sancto
2790 4531 3042 4591 habetur,
3075 4532 3351 4600 quidpiam
3404 4531 3487 4583 of-

258 4626 386 4681 huic
427 4625 679 4694 praelusit
720 4623 906 4678 Sancti
955 4623 1129 4679 nostri
1161 4624 1462 4693 biographo
1494 4624 1561 4678 de
1591 4622 1817 4678 Nestore

253 4719 514 4789 quodam,
572 4732 693 4786 quae
748 4717 837 4771 hic
865 4717 1229 4771 examinanda
1259 4719 1431 4777 venit.
1481 4718 1722 4770 narratio
1761 4715 1813 4769 in

254 4810 641 4879 compendium
689 4818 993 4872 contracta,
1039 4823 1106 4862 eo
1135 4808 1248 4863 fere
1277 4808 1508 4861 recidit:
1540 4806 1816 4861 Giadiator

254 4910 396 4959 erat.
440 4901 631 4971 Lycus
681 4902 1018 4963 nominatus,
1064 4900 1285 4953 natione
1340 4898 1661 4965 Wandalus,
1696 4900 1813 4968 qui,

254 5008 380 5046 cum
428 4994 677 5061 corporis
701 4993 899 5046 robore
921 4992 1155 5046 maxime
1213 5001 1497 5060 praestaret
1535 5007 1811 5061 quoscun-

252 5098 361 5153 que
410 5097 598 5136 secum
639 5081 904 5152 singulari
933 5084 1236 5137 certamine
1270 5098 1465 5136 manus
1520 5096 1815 5136 conseren-

256 5186 341 5229 tes
371 5174 527 5228 facile
555 5174 867 5244 superabat,
887 5174 1122 5244 hincque
1141 5189 1340 5245 magno
1362 5175 1415 5227 in
1440 5189 1623 5228 amore
1651 5174 1814 5227 simul

251 5277 308 5319 et
355 5265 721 5319 aestimatione
765 5268 911 5333 apud
984 5267 1373 5333 imperatorem
1430 5265 1811 5319 Maximianum

253 5365 391 5411 erat.
425 5356 654 5419 Accidit,
690 5365 753 5411 ut
780 5355 1277 5412 bicThessaionicaa
1303 5357 1582 5411 exhiberet
1610 5356 1813 5427 gladia-

254 5457 433 5500 torum
484 5448 880 5516 spectaeulum,
931 5463 1167 5516 cumque
1238 5448 1427 5517 Lyirus
1483 5447 1812 5517 gladiatores

251 5546 481 5591 caeteros
513 5548 832 5607 provocaret
860 5540 925 5594 ad
958 5551 1257 5599 certamen,
1286 5540 1645 5608 omnibusque
1670 5552 1815 5594 esset

256 5629 469 5691 terrori,
518 5630 735 5696 quidam
793 5641 971 5685 tamen
1028 5631 1262 5700 juvenis.
1319 5631 1538 5686 nomine
1593 5632 1811 5695 Nestor,

255 5718 394 5789 Lyaei
431 5722 741 5790 superbiam
771 5724 1246 5794 arrogantiamque
1277 5724 1423 5778 haud
1472 5724 1675 5791 ferens,
1714 5743 1811 5795 pu.

254 5827 374 5881 gn?
401 5828 522 5867 cum
560 5829 621 5869 eo
650 5816 824 5870 aleam
862 5816 1046 5872 subire
1093 5819 1352 5877 decrevit.
1387 5816 1567 5882 Quare
1600 5828 1655 5872 ut
1710 5818 1810 5875 hoc

1927 4622 2158 4676 fensioni
2201 4620 2500 4687 praebendas
2538 4621 2708 4689 magis
2764 4632 2948 4690 aptum
3012 4625 3292 4691 magisque
3331 4621 3486 4676 Chri-

1927 4713 2103 4766 stiano
2134 4711 2355 4765 homine
2376 4711 2655 4781 indignum
2688 4712 2953 4767 invenire.
2988 4714 3309 4767 Fabulonm
3342 4713 3483 4765 illam

1926 4803 2280 4872 appellamus,
2332 4804 2457 4869 quia
2519 4804 2640 4857 talis
2700 4813 2782 4857 est
2838 4806 2889 4857 in
2941 4806 3213 4875 adjunctis
3294 4815 3483 4858 notatu

1927 4896 2155 4949 maxime
2192 4895 2388 4964 dignis.
2446 4894 2673 4949 Photius
2731 4898 2877 4949 enim
2933 4906 3009 4950 et-
3047 4898 3364 4951 Anastasius
3416 4900 3482 4951 de

1864 5002 1872 5011 ·
1926 4988 2168 5043 Nestoris
2192 4998 2383 5043 contra
2431 4986 2647 5056 Lyaeum
2698 4989 2995 5042 certamine
3025 4990 3355 5056 loquuntur;
3388 5005 3481 5043 ve-

1928 5096 2045 5134 rum
2093 5095 2122 5131 a
2178 5080 2406 5134 Nestore
2434 5078 2747 5134 Christiano
2764 5081 3086 5143 asserenda,
3127 5082 3243 5135 sive
3285 5082 3483 5151 (certa-

1926 5173 2054 5225 mini
2085 5171 2316 5237 scilicet)
2348 5180 2536 5226 saneto
2566 5170 2842 5225 Demetrio
2885 5172 3238 5227 admiscendo
3269 5173 3488 5227 'sedulo

1924 5266 2219 5318 abstinent.
2280 5264 2392 5318 lmo
2446 5280 2513 5317 ne
2563 5264 2781 5331 quidem
2841 5264 3231 5318 Maximianum
3288 5280 3478 5319 necem

1923 5356 2137 5409 Nestori
2197 5355 2384 5409 inferri
2428 5355 2654 5423 jussisse
2721 5365 3060 5422 asseverant,
3114 5356 3209 5410 sed
3271 5367 3479 5410 tantum

1924 5448 2187 5516 promissa
2238 5448 2625 5515 gladiatoribus
2677 5448 2988 5503 victoriosis
3024 5449 3243 5517 praemia
3284 5449 3329 5501 ei
3363 5464 3476 5501 non

1923 5540 2161 5615 dedisse.
2232 5539 2578 5593 Manifestum
2637 5541 2820 5608 itaque
2888 5552 2974 5594 est
3029 5541 3235 5606 reliqua
3295 5541 3479 5594 omnia

1924 5632 2140 5684 veritati
2185 5631 2351 5685 fuisse
2397 5630 2629 5700 adjecta,
2685 5632 2847 5699 idque
2915 5632 3303 5687 verosimiliter
3359 5642 3483 5700 post

1924 5722 2177 5774 srculuzn
2219 5737 2445 5781 nonum,
2477 5722 2543 5774 ab
2588 5722 2901 5777 hominibus
2955 5723 3194 5777 historia:
3241 5737 3390 5791 atque
3419 5737 3481 5775 ac

1924 5816 2183 5869 doctrinm
2246 5816 2580 5882 Evangelieze
2614 5815 2837 5880 ignaris.
2875 5835 2892 5867 ι
2926 5816 3000 5870 ita
3046 5817 3307 5871 hactenus
3366 5815 3474 5877 ille,
