4218 6442
779 391 914 454 1107

2063 397 2712 460 SUPPLEMENTUM.

3894 389 4032 455 ιιῡε

771 508 828 551 et
856 513 989 553 sane
1011 500 1154 554 haud
1185 501 1480 559 immerito.
1508 503 1761 560 Attamen
1817 505 1962 572 quod
1994 505 2061 558 de
2093 507 2182 567 iis.
2214 523 2335 574 qua:
2370 522 2410 570 Α
2442 513 2652 563 fortans
2685 525 2943 565 coronam
2974 510 3140 580 capiti
3169 509 3290 576 ejus
3338 507 3618 577 imposuit.
3658 506 3864 558 Verum
3897 504 4032 556 dum

773 588 996 642 veritati
1040 604 1070 642 a
1105 589 1303 644 Photio
1335 600 1390 645 et
1419 592 1708 647 Anastasio
1769 594 1951 647 relata:
2005 603 2130 661 post
2164 609 2335 646 sacu—

774 679 887 730 liim
919 695 1124 733 nonum
1155 680 1375 734 tandem
1409 681 1614 736 fuerint
1647 681 1879 751 adjecta.
1913 681 2165 742 aliirmat,
2207 683 2337 735 mihi

773 770 1190 839 haudquaquam
1285 783 1497 826 certum
1580 783 1822 842 apparet.
1908 773 2107 827 Eadem
2192 775 2336 825 enim

772 863 956 915 omnia
987 865 1149 916 etiam
1186 864 1238 917 in
1301 861 1444 926 Vita,
1500 868 1743 919 secundo
1783 866 1902 920 loco
1938 866 2169 926 edenda,
2219 880 2338 930 qiiie

772 969 1104 1024 anouyinuni
1144 957 1304 1010 habet
1330 968 1635 1022 auctorem,
1659 963 1980 1018 occurrunt,
2019 957 2238 1025 hincque
2269 971 2337 1008 ex

773 1061 936 1115 supra
967 1047 1128 1101 dictis
1166 1049 1365 1103 saeculo
1404 1065 1549 1102 nono
1584 1049 1991 1111 verosimiliter,
2046 1049 2156 1102 iiuo
2199 1047 2336 1101 fonte

772 1138 934 1191 etiam
992 1140 1190 1193 sacculo
1219 1157 1316 1195 Vllt
1349 1149 1442 1193 aut
1467 1156 1541 1194 vn
1600 1149 1684 1194 est
1731 1140 2029 1208 antiquior.
2079 1139 2190 1193 Nec
2227 1148 2332 1202 est,

770 1233 914 1300 quod
945 1246 1199 1300 reponas.
1232 1249 1291 1286 ea
1313 1236 1493 1286 omnia
1523 1250 1551 1286 a
1577 1233 1786 1287 Joanne
1833 1231 2336 1296 Thessalonicensi.

770 1325 952 1376 saeculi
988 1340 1060 1376 vn
1093 1325 1377 1392 scriptore.
1437 1341 1599 1393 supra
1647 1323 1946 1394 saepissime
1981 1324 2200 1378 laudato
2255 1326 2340 1378 in-

771 1415 965 1483 fraque
1020 1417 1314 1479 laudando,
1368 1434 1476 1472 non
1509 1417 1952 1471 commemorari.
2006 1415 2140 1471 Cum
2193 1418 2334 1470 enim

773 1504 861 1557 liic
915 1507 1157 1574 martyrii
1227 1523 1254 1559 a
1313 1507 1514 1559 Sancto
1567 1507 1779 1560 tolerati
1835 1522 1904 1558 ne
1975 1507 2334 1559 substantiam

771 1597 992 1663 quidem
1050 1600 1260 1664 uspiam
1320 1608 1524 1659 narret,
1570 1599 1786 1651 silentio
1820 1598 1916 1650 abs
1947 1598 2058 1658 illo.
2090 1612 2212 1664 quae
2241 1615 2338 1665 pro

773 1689 934 1755 hujus
955 1693 1215 1743 duntaxat
1240 1691 1512 1758 adjunctis
1535 1689 1723 1743 haberi
1751 1696 1990 1757 possent,
2011 1687 2176 1742 fuisse
2203 1705 2339 1758 pia.k

779 1780 938 1832 terita
980 1781 1177 1834 mirum
1230 1797 1338 1833 non
1373 1792 1475 1834 est.

2450 605 2746 670 imperator
2784 602 3050 671 c0gitaret
3101 600 3436 654 Demetrium
3477 613 3600 652 cum
3640 596 3810 649 Libeo
3853 610 4030 662 expo-

2449 692 2578 750 riri.
2625 691 2820 745 Nestor
2867 690 3088 758 quidam
3131 687 3475 744 Christianus
3519 701 3579 741 se
3620 695 3785 738 nocte
3833 691 4031 736 sancto

2450 783 2725 837 Demetrio
2763 781 2955 836 obtulit
2990 782 3196 846 dicens,
3228 781 3371 849 quod
3413 786 3688 832 certamen
3728 778 3833 830 hoc
3864 792 4030 829 assu-

2449 890 2596 927 mere
2645 873 3034 935 deliberasset,
3065 887 3281 939 rogans,
3321 879 3380 923 ut
3414 877 3636 922 sanctus
3672 874 3885 934 martyr
3932 880 4032 932 pro

2447 981 2504 1020 se
2537 966 2821 1018 Dominum
2852 974 3052 1019 oraret.
3088 963 3190 1028 Qui
3222 965 3290 1016 ab
3331 977 3397 1016 eo
3431 960 3774 1014 confortatus
3805 958 3902 1008 die
3940 971 4029 1010 se-

2447 1059 2634 1128 quenti
2656 1058 2966 1126 imperatori
2989 1071 3047 1111 se
3073 1055 3624 1127 prasentavit,seque
3640 1051 4028 1106 Christianum

2447 1152 2702 1215 asseruit,
2735 1152 2976 1205 offerens
3012 1166 3071 1204 se
3123 1165 3246 1203 cum
3280 1148 3444 1202 Libeo
3484 1147 3773 1207 dimicare,
3822 1153 3883 1197 et
3927 1159 4030 1212 pro

2447 1243 2723 1299 Demetrio
2756 1253 3030 1297 certamen
3067 1254 3368 1295 assumere.
3404 1237 3538 1290 Dum
3577 1246 3757 1290 autem
3793 1236 4031 1291 impera-

2446 1347 2532 1392 tor
2573 1337 2722 1389 illum
2775 1335 3027 1404 precibus
3077 1333 3359 1386 retrahere
3399 1345 3506 1383 non
3550 1338 3771 1397 posset.
3830 1327 4034 1379 victori

2446 1445 2673 1498 munera
2701 1428 2972 1496 promisit.
3005 1427 3199 1481 Nestor
3233 1426 3398 1494 igitur
3445 1424 3684 1476 duellum
3744 1423 4032 1486 ingressus

2445 1522 2668 1574 Libeum
2709 1522 2776 1573 ad
2810 1530 3008 1573 terram
3045 1517 3337 1586 prostravit
3361 1525 3416 1568 et
3440 1523 3772 1581 prostratum
3797 1528 3885 1564 oci
3908 1512 4030 1563 idit.

2445 1611 2743 1679 Imperator
2767 1620 2948 1662 autem
2985 1609 3087 1662 hoc
3112 1608 3325 1667 \idens,
3359 1617 3408 1657 et
3439 1606 3731 1674 gigantem,
3757 1603 4034 1655 Christia-

2446 1718 2638 1756 norum
2684 1703 2939 1762 ultorem,
2972 1699 3219 1752 amisisse
3252 1698 3445 1751 dolens
3473 1705 3664 1750 eontra
3697 1695 3824 1760 ejus
3859 1709 4032 1759 spon-

2446 1793 2654 1846 sionem
2690 1792 2972 1844 Nestorem
3005 1806 3033 1843 a
3069 1789 3261 1841 militia
3293 1789 3450 1840 solvit
3487 1788 3628 1839 etde
3662 1785 3888 1836 civitate
3917 1783 4033 1850 eje-

844 1869 930 1921 M.
962 1869 1186 1934 Verum,
1244 1881 1368 1926 utut
1425 1887 1512 1927 res
1553 1874 1770 1936 habeat.
1806 1889 1869 1928 ea
1925 1873 2174 1942 equidem
2226 1889 2344 1942 qua!
2376 1882 2416 1937 Β
2448 1883 2550 1944 cit;
2613 1882 2944 1936 Demetrium
3008 1894 3244 1948 quoque,
3297 1879 3387 1944 qui
3453 1881 3571 1944 ejus
3618 1876 4032 1929 interfectionis

772 1976 1032 2028 quantum
1065 1966 1129 2018 ad
1154 1963 1435 2018 Nestorem
1473 1981 1502 2018 a
1535 1966 1710 2018 Photii
1741 1976 1798 2020 et
1829 1967 2097 2018 Anastasii
2152 1982 2339 2018 narra-

775 2065 922 2109 tione
951 2058 1168 2121 absunt,
1192 2060 1423 2126 ideoque
1447 2059 1592 2111 velut
1624 2058 1875 2127 figmcnta
1897 2062 2074 2112 verbis
2099 2057 2340 2112 recitatis

775 2144 1153 2200 Tilleniontius
1187 2149 1386 2216 rejicit,
1419 2151 1595 2218 reipsa
1615 2151 1778 2202 etiam
1804 2165 1925 2204 esse
1951 2150 2203 2220 ﬁgmenta
2224 2151 2341 2202 exi-

774 2239 960 2292 stimo.
997 2243 1070 2293 Ac
1122 2241 1296 2308 primo
1329 2242 1569 2310 quidem,
1605 2251 1683 2305 ut,
1717 2257 1814 2296 cur
1852 2243 1963 2297 lucc
1991 2242 2122 2295 mihi
2157 2242 2342 2295 sedeat

775 2330 1067 2393 sententia,
1098 2331 1258 2384 iirodo
1285 2348 1578 2400 exponam,
1610 2349 1729 2401 quin
1759 2335 1906 2402 justa
1936 2333 2149 2387 Nestori
2174 2350 2338 2387 causa

774 2437 893 2475 esse
917 2433 1001 2489 pot
1015 2424 1111 2485 uit,
1131 2433 1185 2476 ut
1207 2425 1486 2477 certamini
1507 2425 1766 2493 singulari
1787 2442 1904 2479 sese
1920 2436 2108 2480 contra
2125 2427 2338 2496 Lyaeum

776 2515 1184 2566 committeret?
1218 2514 1412 2583 Hujus,
1474 2526 1529 2568 ut
1560 2517 1734 2577 aiunt,
1778 2517 2051 2585 superbia:
2084 2534 2342 2586 arrogan-

775 2605 970 2672 tiamque
1005 2606 1318 2676 frangendae
1353 2609 1661 2660 consilium.
1696 2606 1896 2660 Verum
1944 2610 2064 2676 quis
2101 2611 2184 2662 vel
2223 2609 2342 2663 solo

775 2699 880 2751 hoc
911 2712 977 2751 ex
1037 2714 1137 2767 cap
1165 2708 1215 2751 te
1251 2699 1463 2752 facinus
1511 2699 1844 2767 hujusmodi,
1880 2699 2062 2752 divina
2102 2700 2219 2769 lege
2251 2715 2341 2753 se-

773 2788 1056 2841 verissime
1104 2791 1352 2851 vetitum,
1385 2806 1410 2841 a
1444 2807 1551 2858 quo
1597 2801 1648 2843 et
1690 2789 2009 2852 Christiani,
2077 2793 2152 2844 uti
2202 2790 2340 2844 infra

773 2878 1006 2940 docebo,
1071 2882 1304 2932 maxime
1375 2882 1770 2938 abhorrebant.
1829 2885 1965 2933 satis
2025 2893 2339 2935 excusatum

775 2979 938 3037 atque
968 2985 995 3020 a
1028 2984 1166 3022 noxa
1208 2973 1446 3022 immune
1485 2971 1841 3038 pronuntiet?
1875 2969 2164 3022 Enimvero
2182 2971 2342 3041 longe

777 3067 955 3128 aliter,
987 3068 1097 3132 qui,
1129 3068 1270 3134 quod
1297 3070 1438 3133 apud
1470 3066 1687 3119 Petrum
1729 3068 1795 3118 ile
1836 3065 2224 3119 Natalibuslib.
2264 3081 2336 3127 Ix,

777 3175 897 3227 Cap.
935 3159 1036 3210 ΗΟ
1074 3169 1272 3219 exstat,
1297 3158 1482 3210 Sancti
1515 3159 1688 3211 nostri
1718 3159 1974 3227 elogium.
2010 3157 2121 3210 sive
2170 3158 2216 3208 is
2257 3157 2338 3208 in-

778 3251 932 3302 terim
1007 3252 1237 3317 ipsemet
1309 3250 1520 3309 Petrus,
1612 3250 1725 3302 sive
1797 3249 1935 3303 alius
2000 3251 2342 3318 quiscuque

778 3342 1015 3407 Scriptor
1030 3343 1118 3401 sit,
1148 3343 1382 3408 primum
1405 3341 1706 3400 contexuit,
1733 3341 2076 3392 existimasse
2106 3339 2338 3391 videtur.

778 3434 990 3486 Etenim
1031 3433 1270 3499 suscepti
1323 3446 1352 3483 a
1386 3430 1614 3484 Nestore
1670 3443 1854 3484 contra
1894 3430 2106 3498 Lyaeum
2161 3429 2345 3497 singu-

779 3525 915 3576 laris
945 3522 1260 3574 certaminis
1292 3535 1535 3581 causam,
1567 3535 1687 3586 qua:
1723 3519 1950 3572 multum
1994 3534 2023 3570 a
2053 3518 2160 3585 jam
2199 3518 2342 3570 dicta

779 3614 982 3674 differt.
1019 3613 1230 3682 allegat.
1282 3611 1388 3664 Res
1431 3613 1664 3681 elogium
1705 3611 1852 3673 illud,
1895 3611 1947 3662 in
1998 3626 2104 3677 quo
2157 3609 2344 3678 Lyaeus

781 3720 997 3774 semper
1025 3702 1224 3758 Libeus
1261 3713 1503 3759 vocatur.
1527 3701 1836 3767 iiispicieiiti
1863 3710 2101 3768 patescet
2131 3717 2146 3764 ;
2175 3701 2342 3767 quod.

785 3801 908 3864 quia
938 3799 1038 3850 hac
1073 3799 1123 3849 in
1153 3807 1304 3865 parte
1341 3797 1498 3863 plane
1529 3794 1803 3863 singulare
1839 3794 2135 3860 seduloque
2161 3795 2346 3846 discu-

783 3889 1027 3940 tieiidum
1065 3897 1168 3948 est,
1195 3886 1464 3953 integrum
1505 3886 1641 3947 fere,
1667 3885 1885 3938 omissis
1911 3885 2196 3948 duntaxat,
2222 3901 2342 3953 qum.

782 3983 846 4034 ad
867 3982 1293 4043 veni-rationem,
1310 3997 1338 4033 a
1357 3980 1608 4039 Leontio.
1631 3977 1822 4046 Illyrici
1847 3975 2342 4046 prmfecto,Sancto

782 4075 1078 4127 exliibitam
1114 4083 1380 4141 Spectant.
1445 4074 1546 4126 liuc
1600 4071 1923 4124 transcribo.
1976 4069 2345 4136 Sequentibus

783 4167 930 4218 hisce
964 4166 1143 4217 verbis
1171 4165 1478 4232 concipitur
1513 4181 1547 4238 εἴ
1569 4183 1584 4214 i
1621 4163 1931 4216 Demetrius
1962 4172 2168 4230 martyr
2198 4162 2340 4230 apud

781 4256 1224 4309 Thessalonicam
1251 4258 1524 4309 civitatem
1565 4269 1758 4322 passus
1789 4264 1871 4306 cst
1898 4255 1999 4308 sub
2017 4253 2342 4308 Maximiano

782 4349 1134 4416 imperatore.
1175 4347 1271 4401 Hic
1293 4364 1322 4401 a
1351 4364 1444 4400 sua
1469 4347 1751 4414 juveiitute
1774 4344 2123 4399 Christianus
2157 4355 2210 4397 et
2237 4345 2343 4398 Deo

781 4440 1026 4492 serviens
1092 4439 1293 4492 nobilis
1353 4437 1457 4491 fuit
1523 4439 1655 4489 civis
1710 4435 1880 4502 ipsius
1938 4435 2342 4488 Thessalonij

2445 1989 2607 2028 causa
2639 1973 2855 2037 fuerat,
2904 1974 3066 2043 jussit
3107 1976 3158 2023 iii
3198 1987 3415 2025 carcere
3453 1971 3650 2024 occidi.
3689 1970 3897 2022 Milites
3934 1985 4032 2020 aii-

2445 2075 2552 2119 tem
2585 2066 2648 2118 ad
2681 2081 2957 2118 carcerem
3006 2074 3298 2126 venerunt,
3339 2074 3394 2116 et
3419 2061 3657 2131 gladium
3694 2062 3748 2112 in
3781 2061 3908 2126 ejus
3944 2075 4031 2124 pe-

2443 2167 2594 2210 ctore
2627 2155 3029 2208 demerserunt.
3081 2156 3279 2221 Sicque
3321 2157 3486 2206 orans
3531 2168 3656 2204 cum
3690 2153 3877 2220 patina
3927 2152 4030 2203 ini-

2444 2247 2627 2317 gravit
2677 2248 2742 2300 ad
2791 2247 3102 2299 Dominum.
3143 2248 3311 2312 Cujus
3359 2259 3559 2313 corpus
3609 2260 3635 2295 a
3689 2243 4029 2296 Christianis

2442 2339 2774 2392 occultatum
2809 2347 2890 2390 est
2918 2347 3140 2404 propter
3175 2336 3422 2388 timorem
3451 2349 3814 2404 paganorum.
3842 2333 3898 2383 in
3926 2348 4032 2399 quo

2443 2429 2562 2482 loco
2615 2429 2757 2481 Deus
2808 2428 3077 2480 mirabilia
3130 2428 3482 2494 Opei'abatur,
3536 2425 3630 2479 ubi
3693 2435 4030 2478 cunctorum

2442 2519 2790 2589 aegritudines
2822 2520 3179 2571 sanabuntur.
3223 2537 3238 2564 ι

2513 2612 2603 2665 Mi.
2634 2611 2739 2675 Qui
2778 2611 2963 2680 itaque
2997 2612 3099 2662 hoc
3136 2609 3309 2660 sancti
3354 2607 3610 2660 Demetrii
3654 2607 3899 2675 elogium
3935 2622 4028 2659 seu

2443 2702 2773 2761 eiicomium,
2812 2716 2839 2751 a
2871 2699 3292 2765 Metaplirastica
3329 2698 3451 2765 ejus
3483 2697 3601 2750 Vita
3646 2698 3697 2750 in
3744 2699 4030 2749 nonnullis

2444 2800 2706 2860 praeterea
2732 2790 2875 2851 aliis,
2911 2792 2999 2843 hic.
3034 2799 3237 2852 tamen,
3271 2789 3416 2856 quod
3453 2791 3516 2841 ad
3571 2804 3817 2857 praesens
3872 2789 4030 2840 insti-

2447 2891 2618 2935 tutum
2651 2899 2758 2934 non
2787 2881 3006 2943 faciant,
3040 2899 3146 2934 non
3179 2881 3580 2943 eXaiuinaiidis,
3615 2881 3900 2946 adjunctis
3922 2882 4027 2932 dis-

2444 2987 2666 3034 sonans,
2693 2973 2992 3035 Coiitexuit,
3024 2973 3308 3025 Nestorem
3335 2985 3524 3024 contra
3552 2973 3792 3040 Lyaeum.
3830 2987 3941 3023 non
3973 2981 4026 3022 ut

2445 3065 2610 3132 hujus
2643 3064 2925 3115 audaciam
2960 3065 3339 3130 superbianive
3369 3063 3662 3128 frangeret.
3698 3063 3796 3114 sed
3827 3073 3888 3114 ut
3925 3073 3978 3114 et
4001 3080 4026 3113 a

2447 3158 2750 3224 periculoso
2793 3157 2947 3208 hoste
2987 3157 3352 3218 Christianos,
3383 3172 3615 3224 quorum
3654 3157 3765 3221 jaiii
3797 3155 4022 3214 inultos.

2446 3250 2844 3318 singularicum
2873 3249 2949 3301 eis
2980 3248 3492 3316 imperatorisjiissu
3527 3248 3664 3298 inito
3695 3256 4025 3309 certamine,

2447 3344 2490 3396 is
2524 3344 2819 3405 occiderat,
2855 3343 3142 3402 liberaret;
3178 3351 3228 3393 et
3278 3356 3401 3392 cum
3449 3340 3642 3391 eodem
3691 3337 4021 3389 decertandi

2448 3436 2771 3487 necessitate
2819 3432 3152 3486 Demetrium
3204 3432 3512 3492 eximeret,
3565 3429 3832 3495 singulari
3905 3445 4022 3480 sese

2446 3525 2728 3576 certamini
2759 3523 3116 3581 commisisse.
3161 3522 3333 3573 verbis
3367 3520 3629 3580 recitati~,
3662 3532 3717 3570 ut
3750 3520 3869 3574 hinc
3897 3534 4025 3571 con-

2446 3613 2703 3666 sideranti
2739 3621 2997 3680 patescet,
3029 3612 3304 3663 memoriae
3339 3613 3537 3677 prodit.
3580 3610 3782 3661 Verum
3810 3614 3883 3660 sit
3926 3611 4018 3670 ita,

2445 3705 2694 3771 equidem
2735 3720 2833 3758 nec
2867 3705 2944 3756 sic
2969 3703 3162 3755 Nestor
3192 3705 3392 3770 absque
3430 3717 3565 3754 noxa
3600 3703 3864 3768 singulari
3904 3718 4023 3752 sese

2448 3805 2632 3847 contra
2677 3793 2889 3863 Lyaeum
2925 3794 3213 3846 certamini
3240 3802 3581 3845 committere
3610 3797 3881 3860 potuerit.
3941 3791 4024 3843 Et-

2446 3889 2589 3942 enim
2635 3898 2689 3940 ut
2727 3886 3069 3939 Christianus
3119 3885 3347 3952 quisque
3396 3888 3478 3937 vel
3526 3885 3694 3951 ipsos,
3742 3899 3772 3936 a
3821 3886 4023 3952 quibus

2447 3981 2566 4032 fidei
2601 3995 2755 4031 causa
2788 3979 3216 4046 persecutionem
3255 3978 3440 4029 lidcles
3482 3979 3785 4044 patiuntur.
3836 3988 4023 4046 tyran-

2447 4087 2546 4125 nos
2587 4070 2667 4122 vcl
2715 4073 2908 4121 horum
2964 4071 3126 4122 etiam
3169 4071 3430 4122 duntaxat
3469 4070 3811 4123 crudelitatis
3857 4071 4018 4122 m’ni-

2446 4175 2586 4217 stros
2618 4163 2914 4223 interimat,
2943 4161 3347 4224 iiiteriinerere,
3367 4163 3442 4215 uti
3469 4163 3790 4216 liiciiidubie
3823 4163 4020 4216 Nestor

2448 4256 2659 4317 fecerit,
2714 4255 2978 4316 intendat,
3035 4255 3312 4322 religionis
3351 4254 3672 4308 Christiana:
3739 4257 4018 4308 sanctitati

2449 4355 2729 4412 repugnat.
2778 4359 2875 4397 nec
2911 4345 3228 4412 quidquam,
3276 4361 3383 4412 quo
3428 4345 3478 4398 id
3511 4361 3631 4397 cuni
3661 4347 3777 4414 lege
3811 4348 4016 4406 divina.

2449 4437 2800 4490 homicidium
2830 4448 3061 4497 velante,
3094 4437 3344 4505 componi
3395 4447 3667 4504 utcunque
3709 4449 3902 4506 queat.
3931 4455 4018 4493 oc-

781 4531 1018 4582 civitatis
1071 4540 1126 4582 ot
1179 4531 1335 4582 miles
1394 4539 1676 4580 strenuus.
1732 4528 1820 4592 qui
1857 4537 2035 4579 tamen
2063 4527 2341 4580 Christum
2379 4535 2417 4587 D
2447 4532 2635 4582 currit.
2673 4529 2874 4581 Adhzec
2904 4544 3026 4581 cum
3055 4530 3331 4595 equidem,
3360 4528 3516 4597 Lyaeo
3541 4529 3746 4590 occiso.
3787 4530 4016 4582 faculta-

782 4621 1067 4672 Dosriuuiii
1100 4620 1428 4688 praedicabat
1463 4630 1515 4672 et
1545 4619 1740 4672 inultOs
1768 4621 1831 4672 ad
1864 4617 2021 4671 fidem
2060 4630 2340 4670 converte-

781 4712 888 4763 bat.
956 4711 1235 4778 Ingressus
1290 4721 1469 4762 autem
1519 4710 1816 4779 imperator
1873 4707 2340 4769 Thessalonicam,

778 4803 1007 4856 audiens
1038 4805 1103 4855 de
1136 4802 1439 4864 Demetrio,
1484 4801 1660 4870 ipsum
1713 4800 2105 4870 comprehendi
2140 4800 2267 4854 fecit
2289 4808 2343 4854 et

782 4902 832 4949 iii
868 4911 1146 4948 carcerein
1177 4895 1364 4946 mittit.

847 4987 936 5040 45.
973 4985 1098 5038 Erat
1127 4995 1304 5038 autem
1329 4999 1453 5036 cum
1479 4984 1803 5051 imperatore
1831 4985 1978 5054 gigas
2007 4983 2339 5037 fortissimus

781 5091 832 5133 et
868 5089 1091 5148 aspectu
1127 5078 1417 5138 terribilis.
1449 5081 1669 5129 nomine
1701 5075 1918 5139 Libeus,
1954 5077 2043 5144 qui
2085 5078 2151 5130 de
2187 5093 2337 5128 maii-

780 5176 904 5226 dato
930 5171 1154 5239 Augusti
1179 5184 1302 5222 cum
1327 5168 1654 5222 Christianis
1673 5167 1961 5228 dimicans.
1983 5183 2075 5221 eos
2103 5169 2340 5220 brachiis

781 5263 842 5315 ad
880 5277 937 5314 se
972 5262 1355 5328 constringens
1385 5257 1448 5309 ad
1485 5266 1682 5309 terrain
1728 5257 2002 5317 allidebat,
2054 5258 2342 5324 statimque

781 5353 1028 5419 spiritum
1061 5351 1408 5404 exlialabaut.
1440 5348 1591 5400 Multi
1624 5350 1785 5400 etiam
1817 5349 1900 5399 alii
1924 5349 1992 5400 ab
2017 5349 2340 5416 imperatore

779 5445 1005 5496 diversis
1040 5444 1213 5509 pceiiis
1248 5440 1640 5508 atlligebantur.
1666 5439 1798 5492 Cum
1841 5451 2018 5493 autem
2039 5441 2342 5495 Demetrius

780 5547 918 5590 esset
971 5537 1021 5588 iii
1057 5541 1279 5589 carcere
1327 5536 1558 5602 positus.
1593 5535 1936 5601 scorpionem
1983 5535 2136 5602 juxta
2175 5537 2339 5602 pedes

781 5643 905 5679 suos
940 5628 1108 5679 cauda
1139 5640 1262 5679 eum
1296 5635 1578 5692 peicutere
1612 5633 1941 5692 satagentem
1982 5625 2136 5688 vidit,
2175 5643 2335 5693 quem

779 5721 921 5774 ed'to
959 5718 1135 5772 crucis
1176 5717 1455 5784 signaculo
1490 5716 1671 5769 statim
1708 5716 1984 5768 exstinxit.
2024 5716 2122 5770 Cui
2160 5721 2335 5771 oranti

780 5813 1066 5873 confestim
1102 5812 1324 5880 angelus
1358 5809 1630 5879 apparuit,
1667 5816 1830 5878 atque
1865 5824 1916 5861 in
1949 5808 2166 5864 Christo
2205 5826 2340 5866 con-

2454 4629 2534 4673 tes
2581 4621 2718 4680 alite,
2765 4621 2962 4687 quibus
2997 4619 3334 4674 Christianos
3379 4619 3740 4683 excruciaret,
3786 4625 4018 4690 necique

2451 4712 2611 4763 etiam
2641 4713 2794 4765 daret
2823 4712 3140 4779 imperator,
3175 4711 3438 4764 defuturae
3463 4715 3778 4780 neutiquam
3811 4726 4017 4776 essent,

2451 4801 2645 4856 Nestor
2667 4804 2800 4872 singi
2826 4802 2920 4854 lari
2945 4801 3160 4870 Lyaeum
3193 4802 3556 4871 aggrediendo
3586 4805 3890 4857 certamine
3915 4821 4017 4857 non

2452 4901 2557 4945 taiu
2589 4895 2776 4961 iniquo
2802 4894 2955 4946 hoste
2988 4893 3327 4947 Christianos
3355 4894 3604 4956 liberare,
3637 4910 3801 4962 quam
3841 4899 3911 4949 de
3946 4900 3994 4949 in

2445 4986 2608 5054 juriis
2634 4986 2975 5054 damnisque.
3010 4985 3210 5051 quibus
3243 4987 3342 5038 bos
3371 4986 3455 5038 ille
3486 4986 3767 5051 affecerat,
3799 5005 4016 5042 sumere

2453 5076 2744 5128 vindictam
2777 5077 3114 5144 propositum
3172 5076 3424 5128 habuisse
3449 5077 3628 5130 debet.
3661 5077 3807 5131 Nece
3835 5094 4015 5132 autem

2451 5169 2747 5236 cujuspiani
2801 5184 2904 5220 non
2961 5179 3064 5220 tam
3124 5169 3498 5222 liberationem
3557 5185 3583 5222 a
3636 5171 3802 5234 malo,
3859 5189 4014 5238 quam

2453 5262 2743 5313 vindictam
2776 5261 3055 5314 intendere
3082 5262 3181 5331 legi
3217 5263 3416 5314 divina:
3448 5278 3601 5331 atque
3637 5279 3700 5317 ac
3734 5266 4014 5334 religionis

2450 5352 2772 5404 Christiana:
2801 5355 3070 5405 sanctitati
3105 5355 3425 5416 adversum,
3472 5371 3633 5410 neuio
3689 5358 3886 5426 utique
3934 5370 4013 5411 eat

2451 5445 2676 5498 inficias.
2713 5442 2841 5506 Qua:
2888 5461 2973 5496 res
3003 5461 3124 5497 cuin
3173 5447 3245 5498 ita
3281 5447 3494 5504 habeat.
3529 5448 3838 5509 enimvero,
3877 5452 4011 5518 quod

2450 5537 2703 5605 singulari
2732 5547 2918 5590 contra
2954 5536 3162 5605 Lya-uni
3200 5539 3332 5590 inito
3371 5540 3666 5592 certamine
3697 5540 3898 5595 Nestor
3932 5559 4010 5609 pa-

2454 5629 2629 5685 travit.
2671 5628 2915 5690 facinus,
2953 5629 3093 5682 haud
3157 5646 3299 5682 recie
3355 5633 3496 5683 velut
3538 5641 3785 5683 sanctum
3857 5645 4008 5699 atque

2451 5725 2516 5775 ab
2548 5725 2662 5790 ipso
2694 5723 2962 5775 lieuieti-io
2993 5724 3372 5790 approbatum,
3405 5725 3454 5774 in
3493 5724 3654 5791 hujus
3702 5737 3810 5776 iiziii
3852 5741 4005 5777 enco-

2452 5814 2560 5866 iiiio
2592 5816 2832 5877 pioxiitte
2867 5811 3012 5876 dato,
3043 5821 3152 5865 tum
3187 5812 3324 5867 Vitis
3355 5828 3451 5867 seu
3490 5813 3843 5868 i’assionibus
3878 5817 4004 5868 binis
