4218 6442
213 390 351 455 1109

1260 402 1300 459 S
1368 397 1742 459 DEMETllll
1780 394 2166 455 MARTYHIS
2193 394 2395 455 ACTA.

3319 381 3452 450 1110

210 508 497 576 prtesentis
527 507 553 578 ς
583 510 741 564 initio
776 512 1011 568 laudatis
1056 515 1403 583 proponitur.-
1450 514 1504 567 Id
1554 520 1770 574 autem,
1812 516 1847 563 Α
1882 509 2102 575 pellant,
2138 512 2477 578 perhibetur,
2515 509 2778 577 promissa
2826 503 3220 577 gladiatoribus
3270 506 3447 559 victo-

211 620 374 671 quam
416 620 601 658 verum
638 606 731 668 sit,
764 622 828 661 ex
861 609 947 671 iis,
982 624 1102 677 qua:
1133 610 1201 663 de
1228 608 1662 663 Christianorum
1696 610 1788 661 De.

214 697 394 748 melrii
430 706 587 751 etate
612 698 858 753 moribus
886 700 994 770 jam
1029 714 1171 754 nunc
1199 701 1399 761 dicam,
1438 700 1669 767 amplius
1694 702 1783 751 ad-
1836 752 1839 753 ν

213 788 319 841 huc
354 798 612 857 patescet.

284 883 371 935 47.
400 884 740 937 Christianos
772 893 882 937 tres
901 883 1213 938 Palaestinos
1246 884 1647 942 Diocletianaaa.
1676 899 1779 949 qua

212 974 379 1026 etiam
400 988 466 1026 ex
491 973 740 1026 dicendis
761 973 1071 1028 Demetrius
1100 976 1379 1033 occubuit.
1400 976 1779 1043 persecutione

211 1065 494 1126 saeviente,
526 1065 591 1119 ad
634 1066 905 1135 pugilatus
941 1067 1260 1127 certamina,
1293 1081 1408 1129 seu,
1449 1076 1505 1119 ut
1534 1081 1653 1120 sese
1676 1067 1776 1119 arti

210 1156 541 1223 gladiatoriae
574 1158 913 1220 addicerent,
946 1158 1015 1211 ab
1051 1156 1295 1218 Urbano.
1334 1161 1633 1211 saevissimo
1673 1158 1775 1209 Pa-

152 1270 155 1273 <
211 1246 433 1299 testim:
465 1247 715 1313 preside,
747 1247 912 1301 fuisse
955 1249 1367 1310 condemnatos,
1402 1249 1672 1302 Eusebius
1714 1248 1776 1301 de

214 1338 522 1389 Palmum:
557 1339 879 1406 martyribus
926 1341 1185 1394 editionis
1239 1341 1540 1394 Valesianae
1584 1355 1705 1407 cap.
1743 1341 1772 1394 7

209 1437 414 1479 narrat.
450 1427 711 1496 Sequenti
738 1439 921 1483 autem
964 1431 1163 1499 capite,
1212 1431 1279 1485 de
1307 1431 1513 1500 aliquot
1562 1430 1771 1486 Christi

205 1522 647 1581 coulessoribus,
703 1538 883 1576 varios
948 1532 1067 1591 post
1114 1524 1393 1579 cruciatus
1440 1524 1505 1578 ad
1556 1526 1771 1579 metalla

207 1614 500 1672 damnatis,
541 1614 774 1678 locutus,
818 1616 949 1683 quid
998 1616 1161 1670 iidem
1196 1626 1306 1671 tres
1331 1617 1632 1672 Christiani
1668 1618 1770 1671 Pa-

204 1705 421 1768 laestini,
462 1705 565 1759 lata
598 1705 687 1758 illa
724 1706 777 1759 in
808 1721 865 1760 se
928 1709 996 1759 ab
1029 1706 1248 1763 Urbano
1281 1712 1510 1777 preside
1545 1722 1770 1765 senten-

207 1798 301 1860 tia,
334 1798 549 1866 egerint
604 1799 849 1867 exponit.
896 1818 913 1849 ι
950 1799 1059 1853 Nec
1086 1816 1234 1865 vero,
1271 1801 1469 1870 inquit,
1503 1804 1601 1856 bos
1624 1804 1769 1856 solos

206 1890 571 1955 (eonfessores
596 1891 803 1944 scilicet
826 1892 1023 1945 ibidem
1054 1903 1181 1947 ante
1207 1895 1559 1964 memoratos)
1584 1896 1765 1962 hujus-

203 1981 349 2033 modi
378 1983 643 2049 supplicia
680 1998 965 2050 perpessos
998 1986 1261 2046 vidimus;
1296 2002 1479 2040 verum
1512 1988 1674 2039 etiam
1701 2003 1767 2041 ex

202 2072 504 2126 Palaestinis
536 2074 673 2135 illos,
706 2090 843 2142 quos
872 2076 940 2129 ad
988 2077 1260 2145 pugilatus
1295 2081 1591 2132 certamina
1630 2096 1762 2134 con-

198 2165 490 2216 demnatos
545 2169 709 2233 paulo
746 2175 873 2219 ante
924 2168 1235 2234 retulimus,
1267 2183 1333 2222 eo
1360 2171 1503 2239 quod
1554 2172 1767 2225 scilicet

198 2272 302 2308 nec
342 2272 613 2309 annonam
667 2273 731 2311 es
782 2259 1043 2327 principis
1088 2261 1283 2315 aerario
1334 2263 1619 2330 accipere,
1665 2280 1766 2320 nec

196 2355 465 2400 consueto
494 2349 765 2416 pugilibus
788 2366 935 2404 more
956 2350 1289 2418 qnotidianis
1316 2355 1582 2423 proludiis
1611 2372 1765 2412 exer-

198 2439 310 2491 ceri
343 2440 697 2495 sustinerent.
735 2442 904 2504 Quatn
947 2444 1017 2495 ob
1050 2458 1262 2498 causam
1300 2461 1409 2499 non
1445 2449 1621 2501 solum
1648 2466 1766 2519 pro-

198 2532 575 2593 curatoribus,
612 2535 701 2586 ενι]
750 2536 847 2601 ipsi
899 2537 1059 2587 etiam
1096 2536 1387 2591 Maximino
1428 2540 1761 2609 (imperatori

200 2622 481 2683 nimirum,
519 2624 569 2675 in
604 2623 750 2691 Syria
776 2634 828 2677 et
863 2624 1142 2680 l'alzestina
1162 2638 1290 2683 tunc
1319 2633 1642 2701 dominanti)
1670 2651 1766 2688 ex-

200 2711 355 2764 htbiii
384 2751 400 2773 ,
436 2729 557 2765 cuin
592 2714 846 2767 invittam
897 2716 949 2769 in
994 2716 1195 2770 Christi
1248 2721 1592 2776 confessione
1634 2740 1767 2779 con-

196 2806 458 2858 stantiam
493 2806 648 2859 famis
674 2817 727 2859 et
756 2806 1039 2875 ﬂagrorum
1065 2811 1345 2865 tolerantia
1377 2814 1765 2880 declarassent,

200 2895 392 2948 eadem
422 2911 543 2950 cum
579 2897 705 2959 illis,
742 2898 808 2952 de
836 2900 1031 2966 quibus
1060 2900 1314 2955 diximus.
1345 2907 1700 2961 pertulerunt.
1742 2928 1759 2958 ι

196 2987 337 3040 Cum
372 3003 522 3055 ergo,
566 2990 640 3042 uti
678 3007 738 3043 ex
779 2992 925 3045 hisce
960 2992 1175 3047 Eusebii
1211 2995 1392 3047 verbis
1426 2997 1760 3065 intelligitur,

202 3090 317 3129 tres
368 3078 442 3129 illi
489 3076 782 3133 Christiani
824 3082 1095 3137 Palaestini
1144 3086 1211 3137 ab
1257 3096 1372 3139 arte
1410 3087 1762 3155 gladiatoria,

1892 603 2050 653 riosis
2094 605 2337 667 praemia,
2373 602 2703 667 imperatore
2759 601 2917 661 irato,
2943 615 3049 651 non
3088 596 3341 649 retulisse
3370 598 3447 647 vi-

1888 704 2124 760 tamque,
2146 709 2267 746 cum
2298 694 2485 745 militia
2506 694 2715 746 solutus
2736 693 2977 759 urbeqtte
3001 690 3188 744 fuisset
3214 692 3444 757 eiectus,

1884 786 2255 838 confessorum
2287 801 2455 843 more,
2499 789 2595 847 uti,
2625 787 2711 852 qui
2734 800 2894 851 supra
2918 786 3022 837 hnc
3054 784 3440 849 transcriptum

1884 896 1911 928 ι’
1954 878 2119 931 Petro
2155 880 2219 931 de
2247 879 2855 933 Natalibusencomium
2878 877 3178 935 contextiit.
3203 876 3439 928 sensisse

1885 971 2121 1030 videtur,
2188 972 2237 1023 in
2274 986 2405 1038 pace
2469 971 2811 1023 terminasse.
2868 970 2934 1021 At
2990 984 3141 1033 vero,
3204 967 3435 1036 inquii-8.

1880 1061 2049 1115 Cra-ci
2107 1061 2389 1115 Nestorem
2453 1062 2943 1130 peyalopéptupoc
3002 1061 3180 1123 titulo,
3234 1061 3441 1129 elogio-

1879 1169 2005 1221 que,
2038 1156 2088 1205 in
2126 1168 2234 1221 quo
2264 1153 2495 1222 Lyaeum,
2556 1154 2817 1223 singulari
2855 1154 3154 1207 certamine
3209 1168 3440 1223 supera-

1881 1255 2016 1306 tum,
2063 1246 2332 1299 occidisse
2395 1258 2671 1308 narratur,
2730 1247 3187 1309 condecoratum,
3250 1247 3319 1303 ad
3370 1245 3438 1298 27

1876 1337 2149 1398 Octobris,
2201 1338 2365 1399 diem,
2414 1340 2691 1406 praecipuo
2744 1354 2844 1392 suo
2877 1338 3076 1402 oiIicio,
3138 1339 3210 1392 illi
3273 1340 3437 1393 etiam

1880 1441 2007 1483 tunc
2040 1441 2379 1489 cottsccrato.
2423 1432 2723 1491 celebrant,
2757 1434 3117 1501 eutmlemque
3173 1421 3437 1485 Baronius

1874 1523 1940 1575 ad
1970 1523 2116 1575 hunc
2138 1522 2280 1576 diem
2308 1521 2339 1575 8
2365 1520 2636 1587 Octobris,
2665 1524 2831 1592 quod,
2868 1538 2989 1591 quae
3020 1539 3088 1577 ne
3118 1539 3182 1577 eo
3211 1539 3439 1577 narrari-

1875 1622 1983 1675 tur,
2039 1614 2211 1667 sancti
2270 1614 2555 1675 Demetrii,
2613 1625 2741 1669 tunc
2798 1632 2827 1669 a
2884 1615 3092 1668 Latinis
3152 1616 3432 1677 celebrati,

1874 1704 2116 1759 Passioni
2170 1720 2263 1759 seu
2295 1706 2466 1768 Actis,
2499 1705 2935 1774 Metaphrasticis
2996 1708 3280 1769 nimirum,
3322 1708 3437 1779 sint

1873 1798 2102 1858 intexta,
2139 1800 2194 1852 in
2257 1797 2701 1868 Martyrologium
2762 1800 3067 1853 Romanum
3124 1802 3325 1863 intulit,
3381 1798 3434 1852 in

1872 1891 2353 1951 Adnotationibus,
2388 1891 2591 1957 quibus
2628 1892 2728 1943 hoc
2752 1892 3069 1952 illustravit,
3125 1890 3434 1944 Graecorum

1875 1981 2200 2049 Menologio,
2255 1979 2552 2033 Sirletiano
2608 1979 2882 2039 videlicet,
2946 1993 3052 2031 una
3117 1992 3241 2030 cum
3274 1975 3436 2030 Nice-

1875 2076 2045 2142 phoro
2068 2073 2291 2126 Callisto
2348 2073 2614 2139 dictisque
2647 2071 2825 2125 sancti
2877 2068 3137 2124 Demetrii
3169 2068 3323 2123 Actis
3377 2068 3432 2122 in

1874 2180 1986 2218 rem
2017 2179 2168 2217 suam
2202 2164 2437 2216 laudato.

1942 2257 2029 2310 49.
2070 2256 2392 2319 Fateor,sic
2440 2256 2624 2316 habet,
2685 2256 2979 2323 plures1ue
3034 2254 3220 2315 etiam,
3268 2268 3431 2322 quam

1868 2351 1978 2419 jam
2011 2349 2276 2402 nominati
2309 2348 2435 2410 sint,
2469 2349 2613 2401 Fasti
2635 2348 2935 2402 Grtrcorum
2962 2349 3101 2400 sacri
3148 2346 3429 2400 Nestorem

1870 2442 1936 2493 ad
1967 2440 2035 2492 29
2058 2440 2311 2492 Octobris
2339 2439 2479 2491 diem
2513 2440 2715 2493 sanctis
2736 2451 3046 2493 accensent.
3076 2438 3276 2492 Verum
3301 2438 3433 2506 quid

1875 2533 2030 2584 tum?
2062 2531 2121 2583 lli
2153 2546 2367 2594 omnes,
2434 2532 2509 2583 uti
2542 2533 2771 2584 eruditis
2809 2532 2968 2585 modo
3002 2533 3203 2600 passim
3244 2540 3433 2585 notum

1871 2632 1976 2682 est,
2015 2623 2247 2675 subinde
2279 2626 2441 2673 ctiam
2505 2637 2602 2689 pro
2640 2624 2842 2674 sanctis
2898 2622 3099 2676 habent
3159 2623 3430 2692 indignos.

1873 2713 2025 2779 Quod
2055 2726 2236 2766 autem
2270 2714 2334 2765 ad
2366 2713 2730 2780 Nicephorum
2764 2714 3071 2777 Callistum,
3101 2714 3192 2781 qui
3242 2714 3431 2768 eadem

1875 2806 1989 2859 fere
2038 2805 2105 2857 de.
2142 2804 2390 2866 Nestore,
2436 2821 2557 2871 quae
2613 2820 2641 2857 a
2704 2804 3069 2874 Metaphras'e
3114 2817 3429 2869 narrantur,

1874 2899 2117 2953 Hiihriw
2168 2898 2537 2951 ecclesiastica
2595 2914 2623 2949 a
2660 2912 2720 2951 se
2775 2899 3157 2953 contextaelib.
3187 2914 3283 2958 vn.
3310 2914 3430 2969 cap.

1876 2995 1942 3045 15
1998 2998 2268 3051 recenset,
2323 2990 2746 3058 Baroniumque,
2810 2991 2926 3058 qui,
2966 2991 3186 3045 laudato
3246 3006 3344 3061 pro
3373 3009 3433 3048 se

1878 3082 2202 3148 Nic-ephoro,
2249 3080 2625 3151 Martyrologio
2676 3082 2920 3137 Romano
2944 3083 3225 3138 Nestorem
3280 3086 3430 3140 inse-

200 3180 294 3221 aut
328 3170 372 3222 si
427 3171 617 3233 mavis,
651 3173 1019 3241 singularibus
1066 3177 1336 3245 pugilatus
1372 3180 1762 3234 certaminibus
1788 3184 1832 3244 ρ
1870 3176 1996 3235 ruit,
2026 3176 2134 3239 jam
2170 3183 2401 3240 spectat,
2426 3174 2653 3227 duorum
2690 3173 2885 3227 horum
2914 3177 3244 3243 scriptorum
3279 3176 3431 3243 βτίοτ

200 3272 490 3331 tantopere
523 3266 933 3331 abhorruerint,
968 3276 1025 3319 ut
1064 3268 1282 3328 famem,
1326 3269 1509 3337 ﬂagra,
1552 3271 1765 3340 aliaque

199 3365 443 3408 extrema
466 3358 728 3424 supplicia
753 3358 999 3421 suﬂerre,
1027 3376 1188 3427 quam
1214 3362 1295 3414 vel
1319 3364 1447 3415 solis
1468 3363 1602 3417 artis
1630 3366 1765 3419 adeo

197 3444 534 3497 detestandae
563 3445 829 3513 proludiis
860 3460 981 3499 sese
1013 3448 1215 3501 dedere
1262 3464 1605 3502 annonamve
1648 3453 1764 3518 gla-

197 3533 505 3587 diatoribus
564 3545 821 3588 statutam
878 3537 1142 3604 recipere,
1214 3538 1540 3601 maluerint,
1604 3542 1761 3606 quis.

196 3639 411 3691 quaeso.
447 3627 665 3687 uertat,
708 3628 790 3679 vel
837 3628 1017 3695 plures
1057 3629 1460 3685 Thessalonica:
1502 3632 1676 3684 Chris:
1708 3652 1764 3685 a-

198 3731 327 3777 nos,
368 3716 443 3769 uti
492 3719 724 3772 encomii
762 3720 1002 3787 proxime
1042 3722 1147 3775 huc
1177 3723 1491 3791 transcripti
1526 3726 1763 3778 narratio

196 3810 389 3878 exigit,
424 3812 678 3879 singulari
724 3815 1025 3866 certamine
1071 3830 1193 3867 cum
1228 3815 1384 3881 Lymo
1429 3815 1598 3869 fuisse
1633 3833 1764 3869 coa-

198 3916 438 3968 gressos,
468 3904 549 3954 vel
576 3906 718 3970 quod
740 3913 929 3956 contra
961 3904 1103 3958 hunc
1130 3903 1323 3958 Nestor
1351 3906 1554 3967 inierit,
1581 3924 1610 3959 a
1637 3924 1763 3959 san-

196 4001 288 4047 cto
313 3993 605 4057 Demetrio,
637 3994 711 4047 uti
743 4004 798 4047 et
827 3995 878 4046 in
912 3996 1102 4048 eodem
1132 3996 1382 4049 encomio
1401 3998 1531 4050 etin
1553 3999 1762 4052 duabus

198 4085 389 4137 Sancti
438 4083 567 4137 Vitis
613 4100 711 4137 seu
762 4086 1155 4149 Passionibus,
1213 4089 1456 4154 proxime
1511 4089 1757 4152 laudatis,

197 4174 497 4237 indicatur,
531 4175 700 4228 fuisse
729 4176 1059 4244 probatum?

269 4265 363 4319 48.
415 4266 468 4317 Id
516 4267 770 4332 equidem
809 4267 940 4319 utihi
982 4276 1095 4320 tum
1122 4268 1291 4329 hisce,
1328 4277 1438 4321 tum
1470 4269 1611 4331 aliis,
1641 4286 1759 4336 qua:

199 4376 370 4429 supra
420 4362 475 4415 in
532 4362 771 4415 medium
824 4363 1045 4425 adduxi,
1107 4365 1380 4429 expensis,
1453 4364 1758 4416 verosimile

200 4454 516 4521 neutiquam
552 4463 798 4521 apparet,
856 4468 1030 4522 eaque
1085 4454 1315 4523 proinde
1374 4456 1578 4517 omnia,
1639 4470 1757 4521 qua:

1872 3285 1966 3320 seu
1997 3266 2337 3332 Nicephorus
2366 3276 2673 3318 commenta
2697 3282 2806 3319 non
2832 3282 2955 3321 raro
2984 3268 3217 3337 ﬁdeique
3244 3271 3430 3325 admo-

1871 3363 1995 3409 lilllll
2031 3357 2287 3409 sublesta:
2339 3358 2685 3409 narrationes
2714 3360 3003 3427 adoptasse
3053 3377 3317 3431 suamque
3372 3364 3428 3416 in

1872 3448 2163 3500 Historiam
2203 3450 2611 3514 transcripsisse
2669 3452 2932 3504 noscitur.
2978 3450 3252 3507 Posterior
3300 3470 3431 3508 vero

1870 3556 1964 3591 seu
1996 3540 2259 3591 Baronius
2309 3554 2416 3591 non
2469 3549 2596 3601 tam,
2656 3554 2999 3611 quantOpcre
3051 3545 3183 3604 sint,
3214 3560 3335 3612 qua:
3364 3546 3429 3599 de

1869 3631 2094 3684 Nestore
2130 3632 2538 3700 approbatoque.
2576 3634 2734 3701 hujus
2768 3649 2864 3701 per
2897 3636 3225 3690 Demetrium
3286 3638 3427 3692 facto

1868 3738 1897 3777 a
1928 3722 2295 3791 Metaphraste
2311 3737 2627 3787 narrantur,
2656 3727 2776 3779 iidei
2801 3728 3125 3782 Christiana:
3149 3730 3426 3784 sanctitati

1868 3817 2136 3883 opposita,
2169 3816 2564 3878 considerasse,
2600 3836 2761 3886 quant
2793 3818 3076 3887 Menologii
3124 3820 3424 3884 Sirletiani,

1867 3923 1896 3960 e
1927 3922 2033 3975 quo
2059 3919 2276 3961 sanctos
2304 3923 2413 3960 non
2447 3925 2647 3975 paucos
2672 3912 2723 3962 in
2760 3910 3201 3980 Martyrologium
3230 3913 3427 3967 Roma-

1867 4014 1995 4066 num
2055 4000 2258 4059 intulit.
2291 4017 2385 4054 seu
2432 4002 2591 4054 ﬁdem
2652 4018 2745 4055 seu
2793 4004 3195 4064 auctoritatem,
3253 4004 3426 4073 pluris

1866 4098 2049 4152 etiam,
2108 4108 2269 4158 quam
2326 4110 2422 4161 par
2486 4096 2575 4154 sit,
2634 4096 2702 4147 ab
2759 4110 2827 4149 eo
2875 4097 3072 4150 factam
3145 4107 3424 4165 spectasse

1864 4185 2097 4237 videtur.
2131 4185 2287 4249 Quod
2319 4185 2495 4238 sib-aee
2522 4186 2866 4253 displiceant,
2887 4188 3148 4255 quidnam
3179 4187 3421 4253 tandem,

1862 4290 1969 4343 quo
1997 4275 2285 4330 Baronium
2343 4276 2688 4345 Gracosque,
2725 4280 2814 4346 qui
2851 4294 2947 4347 pro
2998 4290 3189 4334 sancto
3227 4279 3424 4334 Nesto-

1863 4383 1975 4420 rem
2027 4368 2232 4432 colunt,
2274 4372 2537 4423 adversus
2592 4370 2837 4439 Decalogi
2907 4372 3265 4426 homicidium
3328 4388 3423 4427 ve-

1863 4459 2029 4513 tantis
2062 4461 2439 4514 auctoritatem
2491 4461 3055 4529 Christianorumque,
3098 4464 3190 4531 qui
3250 4467 3419 4518 sancti

195 4546 559 4613 suppeditata:
588 4560 616 4597 a
669 4545 864 4597 Photio
916 4548 1311 4614 Anastasioqne
1344 4546 1757 4599 Bibliothecario
1790 4536 1836 4594 Ι)
1866 4551 2119 4604 Demetrii
2160 4563 2317 4605 aetate
2358 4552 2598 4613 fuerunt,
2626 4554 2993 4621 agladiatoria
3043 4564 3158 4608 arte
3178 4556 3421 4623 singula-

192 4640 264 4690 de
294 4638 522 4690 Nestore
577 4638 875 4690 narrationi
911 4641 961 4691 in
1024 4638 1443 4707 Metaphrastica
1504 4641 1755 4694 Demetrii

196 4730 344 4790 Vita,
400 4731 615 4796 aliaque
683 4730 967 4799 anonymi,
1015 4746 1179 4797 equa
1231 4732 1343 4785 hzec
1405 4747 1756 4799 promanasse

198 4823 442 4880 videtur.
478 4823 939 4889 superadduntur,
973 4838 1070 4889 pro
1130 4825 1419 4890 figmentis,
1453 4835 1570 4877 utut
1618 4827 1756 4879 forte

192 4916 383 4975 citius,
418 4929 581 4982 quam
628 4914 828 4968 sa°culo
861 4930 1005 4968 nono
1038 4915 1144 4982 (adi
1180 4930 1332 4968 nntn.
1370 4917 1459 4981 43)
1494 4920 1749 4983 inventis,

190 5022 319 5059 cum
376 5006 744 5069 Til‘letnoutio,
779 5010 852 5059 uti
889 5008 997 5075 jam
1051 5022 1218 5075 supra
1269 5008 1446 5071 innui,
1507 5011 1753 5065 habenda

190 5114 341 5151 reor.
380 5098 553 5165 Atque
582 5099 709 5152 hinc
732 5102 892 5151 etiam
920 5116 1020 5153 nec
1049 5102 1221 5163 illum,
1263 5104 1354 5169 qui
1383 5102 1617 5172 Lyaeum,
1675 5106 1750 5158 uti

189 5188 245 5238 in
280 5187 539 5240 omnibus
576 5202 803 5255 prorsus
845 5190 1100 5243 Demetrii
1163 5191 1295 5245 Vitis
1346 5207 1438 5245 seu
1478 5191 1747 5246 Passioni-

190 5281 300 5331 bus
333 5281 582 5340 traditur,
635 5281 896 5348 singulari
943 5283 1247 5336 et-rtamine
1282 5284 1499 5347 occidit,
1559 5284 1751 5338 Nesto-

187 5385 310 5419 rem
339 5383 629 5422 accensere
660 5370 873 5423 Sunt-tis
926 5374 1125 5434 ausim,
1163 5376 1275 5427 sive
1312 5376 1531 5429 interim
1586 5378 1749 5437 hunc,

187 5476 318 5515 cum
369 5461 583 5530 Lyaeum
622 5463 1012 5525 interfecisset,
1074 5466 1418 5537 imperatoris
1474 5468 1749 5535 ju>Sll,ltli

185 5572 217 5605 ει
283 5552 669 5621 Metaphraste,
727 5568 1103 5623 anonyntmlue
1156 5559 1247 5625 qui
1306 5560 1429 5611 huic
1508 5561 1752 5627 praelusit

188 5646 475 5705 :tsseritur,
512 5646 630 5698 neci
668 5646 850 5697 datum
882 5648 1067 5710 fuisse,
1101 5663 1495 5718 martyremque
1529 5653 1749 5714 (ὼὶῆδνςηι,

188 5736 347 5797 velis,
383 5738 496 5788 sive
554 5738 831 5799 duntaxat,
892 5741 965 5791 ttti
1023 5758 1049 5794 a
1104 5742 1291 5794 Plautio
1331 5753 1383 5794 et
1440 5743 1748 5801 Anastasio,

186 5826 288 5896 qui
321 5844 387 5879 ne
417 5829 639 5896 quidem
693 5831 973 5886 Nestorem
1005 5835 1369 5887 ‘..i.i'ia'.‘3."i'Jl|l
1409 5836 1616 5903 uspiam
1657 5852 1749 5901 ap-

1866 4641 2139 4707 ribusque,
2174 4658 2291 4709 quae
2325 4644 2485 4709 hujus
2505 4644 2762 4696 exercitia
2795 4643 2988 4696 acludi
3015 4644 3418 4710 quodammodo

1862 4739 2036 4793 erant,
2076 4734 2359 4786 horrorem
2397 4736 2617 4795 tuearis,
2654 4734 2705 4799 in
2738 4734 2975 4787 medium
3007 4736 3281 4788 adduces?

1931 4823 2016 4874 50.
2085 4825 2167 4876 An
2236 4826 2374 4877 forte
2435 4826 2499 4878 ad
2559 4826 2891 4893 singularem
2950 4826 3185 4894 Spiritus
3242 4831 3415 4882 sancti

1860 4914 2178 4967 instinctum
2208 4932 2474 4976 recurres,
2501 4932 2695 4984 eoque,
2730 4932 2838 4984 quo
2863 4918 2992 4971 olim
3012 4920 3195 4985 plures
3216 4929 3416 4973 sanctae

1861 5008 2098 5075 virgines
2162 5009 2408 5075 impulsas
2444 5024 2634 5062 necem
2672 5010 3023 5079 sibimetipsis
3085 5012 3416 5066 conscivisse

1860 5099 2130 5168 leguntur,
2167 5100 2448 5154 Nestorem
2477 5117 2538 5153 ac
2576 5102 2908 5156 Demetrium
2974 5102 3174 5170 pariter
3219 5104 3415 5172 impul-

1858 5207 1968 5253 sos‘,
2026 5192 2253 5245 alterunt
2297 5194 2515 5261 quidem
2553 5193 2815 5247 sinuulari
2863 5196 3163 5248 certamine
3222 5210 3411 5249 necem

1858 5288 2105 5339 intulisse
2137 5284 2316 5353 Lymo,
2354 5287 2584 5337 alterum
2626 5286 2823 5339 factum
2889 5288 3026 5339 istud
3086 5288 3414 5355 approbaSSc

1856 5379 2243 5432 .tsseverabis?
2277 5379 2493 5440 Verum,
2526 5390 2647 5457 utut
2678 5380 2936 5446 singulari
2975 5379 3066 5433 Dei
3108 5383 3412 5446 instinctui,

1855 5472 1994 5535 quod
2028 5479 2203 5522 tant’clt
2227 5471 2402 5521 vocari
2438 5470 2487 5520 in
2522 5471 2742 5523 dubium
2777 5486 2932 5538 posse
2958 5472 3193 5534 videtur,
3235 5474 3411 5527 locum

1858 5562 1947 5615 hic
1982 5578 2098 5615 esse
2151 5564 2391 5629 potuisse
2447 5564 2613 5631 gratis
2645 5563 2806 5615 etiam
2836 5563 3169 5628 dederimus,
3211 5582 3276 5617 ne
3330 5573 3409 5618 ta-

1858 5673 1980 5708 lllt‘ll
2023 5655 2199 5713 facile,
2237 5671 2357 5722 qu:e
2393 5641 2581 5708 contra
2631 5654 2723 5707 Dei
2758 5655 2929 5724 legem
2987 5667 3111 5709 sunt
3175 5663 3408 5725 patrata.

1857 5751 2061 5813 absque
2094 5748 2292 5799 delicto
2350 5757 2559 5813 patrata
2616 5747 2975 5799 admittuntur
3029 5763 3240 5814 a-quuiu
3289 5762 3409 5799 esse

1859 5838 2088 5900 \idctnr,
2137 5848 2191 5890 ut
2223 5838 2300 5889 ιρι
2344 5853 2423 5893 ρο,
2466 5838 2545 5889 γυι
2580 5836 2739 5889 ctiam
2765 5836 2831 5889 ob
2868 5835 3093 5891 rationis
3119 5846 3400 5905 partatcm
