4218 6442
748 333 879 400 illi

2073 348 2522 416 SUPPLEMEN
2533 359 2713 421 TUM.

3879 367 4020 435 1112

746 448 814 501 ad
870 447 1235 540 ignorantiam
1272 448 1643 507 invincibilem
1693 456 2002 528 bonamque
2033 459 2193 513 fidem
2225 478 2318 515 eo-
2349 482 2388 532 Α
2426 467 2596 531 illum,
2628 481 2686 523 ut
2718 486 2879 540 supra
2906 472 3219 536 docuimus,
3251 474 3317 527 ad
3350 474 3477 529 fidei
3513 476 3801 531 veritatem
3832 483 4017 534 addu-

745 553 891 604 rum,
922 539 1016 609 qui
1070 554 1191 609 quae
1246 543 1495 596 excusari
1543 560 1683 613 opus
1718 546 1922 602 habent
1953 550 2312 614 admiserunt,

744 645 855 683 non
890 642 1223 696 recurratur,
1273 635 1380 689 nisi
1410 651 1534 691 cum
1565 639 1724 693 simul
1752 651 1805 694 et
1862 642 1930 697 de
1966 642 2119 708 facti,
2170 647 2315 714 quod

745 725 1099 780 excusatione
1162 728 1388 799 indiget,
1454 733 1705 799 veritate,
1745 745 1800 789 et
1857 736 1923 790 de
1965 737 2087 801 viri,
2118 740 2205 793 cui
2263 740 2315 793 id

745 816 1085 882 attribuitur,
1136 818 1429 877 sanctitate
1485 826 1851 896 undequaque
1906 840 2140 885 constat.
2198 832 2313 885 Etsi

744 920 927 965 autem
958 911 1027 967 de
1059 914 1317 970 Demetrii
1370 919 1590 985 quidem
1646 922 1954 979 sanctitate.
2006 921 2074 975 de
2106 932 2313 976 asserta

748 1012 951 1069 tamen,
1011 1022 1115 1075 qua
1148 1008 1448 1065 ineundum
1506 1028 1533 1066 a
1566 1013 1791 1068 Nestore
1849 1026 2039 1069 contra
2096 1015 2312 1087 Lycum

745 1092 1020 1164 singulare
1048 1108 1330 1153 certamen
1370 1112 1547 1157 ratum
1584 1102 1855 1167 habuerit,
1892 1105 2311 1174 approbatione,

745 1188 890 1251 quod
946 1187 1059 1241 haec
1110 1188 1163 1243 in
1200 1189 1643 1261 Metaphrasticis
1691 1195 1964 1259 sublestai,
2029 1204 2089 1249 ut
2147 1213 2313 1268 supra

746 1280 930 1342 docui,
968 1280 1092 1335 fidei
1127 1286 1282 1347 actis,
1318 1286 1543 1354 aliisque
1576 1290 1853 1357 anonymi,
1880 1304 1908 1340 e
1962 1291 2163 1357 quibus
2201 1292 2315 1346 lucc

746 1386 1159 1441 promanarunt,
1200 1376 1422 1430 fundata
1460 1381 1836 1432 tantummndo
1869 1382 1959 1441 sit,
1997 1386 2311 1452 neutiquam

744 1475 978 1526 constat.
1013 1468 1086 1519 uti
1126 1483 1227 1521 nec
1285 1470 1351 1523 de
1385 1468 1654 1523 Nestoris.
1689 1488 1810 1539 qure
1858 1475 2187 1528 certioribus
2214 1478 2312 1530 do-

744 1557 1018 1611 cumentis
1050 1557 1195 1637 haud
1226 1560 1443 1619 nititur,
1486 1565 1795 1617 sanctitate.

815 1648 905 1701 5t.
930 1648 1086 1712 Quod
1119 1650 1165 1703 si
1192 1654 1552 1707 nihilominus
1586 1668 1847 1725 quantum
1883 1659 1948 1712 ad
1974 1661 2075 1714 hoc
2105 1672 2312 1730 postre-

747 1756 891 1792 mum
925 1756 990 1795 ex
1038 1743 1239 1813 insigni
1293 1747 1454 1814 plane
1486 1749 1652 1810 cultu,
1692 1767 1821 1817 quo,
1878 1762 1937 1805 ut
1966 1755 2199 1813 dictum,
2245 1754 2311 1807 ad

744 1832 808 1885 97
847 1834 1099 1889 Octobris
1151 1837 1293 1891 diem
1352 1842 1492 1908 apud
1555 1841 1775 1897 Grmcos
1833 1844 2027 1899 Nestor
2089 1848 2311 1915 gaudet,
2347 1839 2389 1893 Β

745 1927 1014 1993 quispiam
1049 1928 1225 1983 adhuc
1258 1946 1417 1984 secus
1474 1936 1695 1998 sentiat,
1732 1952 1853 1995 nec.
1888 1948 1944 1989 ut
1996 1940 2309 2008 opinionem

747 2030 944 2080 mutet,
979 2037 1042 2075 ex
1083 2022 1149 2075 iis
1201 2038 1321 2091 quae
1356 2025 1422 2078 de
1460 2027 1607 2079 cultu
1670 2031 2049 2084 ecclesiastico
2082 2032 2314 2086 subinde

746 2112 909 2163 etiam
970 2114 1207 2182 indignis
1240 2119 1382 2183 apud
1440 2117 1658 2171 Graecos
1718 2122 1899 2173 delato
1957 2139 2118 2192 supra
2174 2125 2307 2189 disi,

745 2213 1056 2266 moveatur,
1085 2206 1394 2257 meminisse
1420 2208 1572 2260 illum
1598 2209 1777 2267 velim.
1809 2212 1923 2264 fieri
1947 2212 2100 2266 facile
2126 2229 2308 2281 posse,

748 2305 807 2345 ut
839 2295 1034 2348 Nestor
1061 2297 1352 2364 quispiam.
1386 2316 1413 2351 a
1440 2297 1689 2362 Nestore,
1726 2304 1817 2370 qui
1850 2302 2064 2373 Lyaeum
2122 2308 2310 2376 singu-

748 2388 845 2437 lati
876 2389 1179 2442 eet-tamine
1237 2389 1533 2456 interfecit,
1592 2393 1905 2459 distinctus,
1943 2397 2247 2463 antiquitus
2283 2414 2311 2450 a

746 2477 952 2532 Graecis
982 2480 1164 2533 cultus
1204 2480 1386 2546 fuerit,
1434 2494 1604 2553 utque
1644 2487 1865 2551 deinde,
1898 2502 2021 2540 cum
2068 2490 2191 2556 quis
2224 2491 2312 2543 ille

746 2581 895 2625 esset
950 2572 1091 2625 haud
1140 2574 1274 2628 satis
1328 2575 1618 2630 haberetur
1670 2588 2030 2647 compertum,
2070 2582 2118 2633 ei
2158 2582 2311 2649 lapsu

751 2666 1040 2732 temporis,
1071 2682 1192 2733 qua:
1251 2668 1304 2719 in
1342 2669 1605 2723 Photiana
1665 2682 1722 2725 et
1751 2674 2106 2728 Anastasiana
2137 2678 2311 2730 sancti

750 2757 1011 2811 Demetrii
1042 2757 1181 2813 Vitis
1232 2775 1327 2815 seu
1362 2760 1718 2817 Passionibus
1755 2766 2029 2833 leguntur,
2067 2767 2313 2821 Nestoris

751 2848 1069 2914 gladiatoris
1098 2850 1254 2916 Acta,
1283 2851 1556 2919 adjunctis
1605 2857 2022 2918 eommentitiis,
2049 2859 2229 2924 qualia
2256 2858 2310 2911 in

750 2938 1174 3009 Metaphrastica
1213 2942 1397 2997 Sancti
1426 2944 1597 2999 nostri
1632 2944 1773 3007 Vita,
1795 2946 2010 3013 aliaque
2035 2948 2311 3018 anonymi,

749 3047 918 3099 equa
973 3032 1089 3087 ha‘c
1132 3034 1235 3086 fuit
1296 3044 1573 3098 contexta,
1637 3038 2010 3106 reperiuntur.
2047 3049 2228 3101 aucta,
2282 3055 2313 3093 a

748 3126 971 3187 Graecis,
1036 3126 1342 3180 fabularum
1405 3127 1741 3192 amantibus,
1824 3130 2095 3198 simulque
2152 3148 2313 3202 quem

749 3218 1029 3271 Nestorem
1057 3218 1302 3273 colerent
1355 3231 1627 3289 utcunque
1684 3221 1957 3290 explicare
2011 3223 2316 3277 volentibus

750 3310 952 3362 fuerint
985 3310 1180 3363 allieta.
1221 3310 1363 3364 Sane
1395 3326 1504 3364 non
1535 3317 1744 3381 paucos
1790 3316 1953 3366 etiam
1989 3316 2133 3383 apud
2168 3315 2314 3369 Lati-

750 3418 848 3454 nos
904 3403 1156 3456 invenire
1187 3414 1271 3457 est
1329 3414 1572 3467 sanctos,
1622 3420 1855 3473 quorum
1902 3408 2166 3461 sanctitas
2197 3410 2316 3477 qui-

750 3501 875 3545 dem
920 3495 1151 3548 habetur
1208 3505 1509 3565 comperta,
1542 3497 1675 3550 Acta
1706 3508 1892 3558 autem
1924 3500 2083 3566 plane
2109 3500 2315 3554 incerta

750 3596 900 3647 sunt.
934 3586 1242 3654 fabulisque
1292 3601 1611 3655 conspersa.
1664 3588 1778 3644 Etsi
1814 3591 1997 3657 itaque
2028 3588 2313 3646 Nestorem

749 3676 991 3743 quidem,
1018 3680 1106 3745 Qui
1159 3678 1212 3730 in
1250 3678 1513 3733 Pltotiana
1548 3689 1603 3733 et
1636 3669 1992 3735 Anastasis-na
2054 3684 2312 3739 Demetrii

754 3768 1107 3821 l'assionihus
1165 3768 1379 3839 Lyaeum
1442 3772 1701 3841 singulari
1749 3776 2048 3828 certamine
2095 3792 2316 3844 supera-

752 3873 888 3924 tum,
923 3860 1193 3915 occidisse
1232 3874 1503 3926 narratur,
1536 3879 1635 3931 pro
1693 3879 1886 3918 sancto
1943 3867 2142 3922 habere
2206 3885 2314 3923 non

751 3954 947 4013 ausim,
979 3952 1260 4007 Nestorem
1299 3962 1503 4016 tamen,
1541 3957 1632 4023 qui
1672 3973 1700 4008 a
1738 3956 1939 4011 Graecis
1999 3960 2065 4012 ad
2097 3961 2164 4013 27
2213 3961 2316 4015 Oc-

753 4044 923 4097 tobris
953 4044 1150 4114 insigni
1190 4045 1338 4097 cultu
1373 4046 1625 4110 afﬁcitur,
1663 4064 1692 4102 c
1724 4059 2035 4103 sanctorum
2085 4069 2317 4107 numero

662 4204 663 4207 η
751 4145 901 4188 certo
958 4138 1380 4205 expungendum
1436 4155 1542 4191 non
1627 4140 1855 4203 aﬂirmo,
1913 4144 2013 4197 etsi
2076 4145 2313 4205 interim,

750 4227 1001 4291 quisnam
1050 4225 1141 4280 ille
1192 4227 1379 4291 fuerit,
1416 4226 1656 4297 rejectis,
1705 4233 1907 4299 quibus
1940 4235 2139 4289 ibidem
2170 4238 2314 4291 cele—

759 4327 968 4381 bratur,
1000 4320 1153 4373 Actis
1202 4321 1423 4375 edicere
1456 4325 1595 4376 haud
1628 4340 1845 4391 queam.

2424 571 2508 613 cta
2545 562 2899 616 multitudine
2938 563 3257 632 imperatori
3303 565 3391 618 isti
3429 564 3818 635 displicuisse.
3852 570 4019 625 facile

2423 654 2653 721 quisque
2695 658 2747 708 in
2782 658 3029 710 animum
3073 657 3317 711 inducet.
3362 658 3471 712 Nec
3505 660 3837 729 quidquam,
3871 665 4018 716 unde

2420 747 2754 800 contrarium
2787 749 3037 819 colligas,
3068 752 3160 818 qui
3194 749 3377 805 Sancti
3410 766 3507 805 seu
3535 750 3713 805 Vitam
3747 768 3850 806 seu
3884 753 4019 807 Pas-

2419 840 2630 893 sionem
2681 841 2735 893 in
2788 841 2997 896 litteras
3048 844 3341 906 miserunt,
3385 845 3765 912 suppeditant.
3825 844 4018 897 Solius

2418 935 2678 1005 anonymi
2704 976 2717 997 ,
2743 936 2811 988 ali
2842 938 3133 991 Anastasio
3169 937 3597 991 Bibliothecario
3642 935 3846 993 Latine
3892 938 4018 989 red-

2416 1025 2554 1088 diti,
2591 1026 2656 1080 ad
2694 1042 2809 1080 rem
2849 1029 2989 1082 banc
3030 1039 3304 1094 utcunque
3335 1028 3590 1083 facientia
3621 1027 3816 1090 verba,
3854 1042 4008 1095 quae.

2419 1120 2584 1173 simul
2625 1135 2732 1186 qua
2759 1121 3053 1175 occasione
3103 1119 3411 1175 Demetrius
3466 1129 3661 1188 captus
3711 1128 3884 1183 atque
3937 1118 4009 1169 ad

2417 1210 2804 1266 Maximianum
2830 1212 2994 1267 fuerit
3026 1213 3316 1277 adductus,
3343 1221 3648 1280 exponunt,
3668 1211 4016 1278 citandaque

2420 1305 2559 1358 infra
2602 1306 2779 1360 adhuc
2837 1317 3001 1360 sunt.
3044 1308 3153 1359 huc
3214 1307 3542 1359 transcribo.
3593 1304 3684 1358 Sic
3735 1303 3951 1356 habent
3998 1318 4013 1353 :

2424 1416 2440 1446 ι
2478 1396 2612 1450 Cum
2648 1398 2943 1466 imperator
2960 1398 3323 1452 Maximianus
3346 1400 3397 1451 in
3420 1394 4013 1451 Thessalonicensium

2418 1490 2641 1559 degeret
2669 1491 2912 1551 civitate.
2944 1492 3105 1543 homo
3138 1490 3552 1557 superstitiosus
3586 1492 3688 1557 pia:
3722 1489 4016 1557 religionis

2420 1584 2699 1634 auditores
2733 1582 3180 1649 persequebatur.
3214 1592 3270 1634 et
3294 1581 3771 1634 interficiebantur
3799 1582 3871 1631 ab
3907 1594 3981 1631 eo

2421 1675 2568 1728 Inter
2603 1689 2738 1742 quos
2772 1685 2891 1726 erat
2936 1675 3126 1727 beatus
3160 1673 3488 1733 Demetrius,
3524 1673 3881 1725 manifestum
3928 1670 4015 1722 fa-

2421 1770 2571 1819 eicns
2610 1766 2961 1833 semetipsum
2991 1768 3199 1834 absque
3228 1768 3338 1819 ullo
3376 1768 3593 1827 timore,
3616 1767 3709 1832 qui
3741 1782 3769 1817 a
3814 1766 4015 1831 juveno

2424 1866 2537 1910 tute
2571 1866 2625 1909 et
2656 1857 2797 1909 bona
2827 1866 3011 1925 egerat
3044 1872 3233 1925 opera,
3266 1865 3323 1909 et
3354 1856 3489 1910 alios
3511 1857 3801 1909 docuerat.
3839 1855 4015 1906 Doce.—

2424 1951 2521 2003 bat
2549 1951 2716 2003 enim.
2757 1949 2990 2017 qualiter
3023 1950 3204 2003 divina
3238 1949 3517 2018 Sapientia
3552 1948 3907 2003 descenderit
3942 1948 4010 1997 ad

2422 2051 2624 2094 terram
2658 2042 2724 2095 de
2755 2043 2913 2105 caelo,
2946 2052 3006 2096 ut
3034 2042 3333 2105 hominem,
3364 2042 3457 2109 qui
3510 2052 3764 2095 mortuus
3821 2040 4007 2092 fuerat

2425 2143 2671 2201 peccato.
2708 2134 3003 2188 vivificaret
3033 2136 3301 2202 sanguine
3343 2139 3588 2202 proprio.
3616 2134 3752 2187 Cum
3801 2134 3921 2185 hzre
3956 2143 4011 2183 et

2424 2228 2526 2279 alia
2555 2228 2720 2279 multa
2746 2228 3323 2295 pra-dicaret,quidam
3352 2228 3588 2280 ministri
3621 2226 4006 2294 imperatoris.

2422 2320 2514 2387 qui
2546 2321 2611 2372 ad
2653 2320 2948 2386 capiendos
2979 2320 3326 2373 Christianos
3354 2319 3576 2372 fuerant
3609 2320 3886 2386 deputati,
3930 2328 4011 2369 te-

2420 2423 2612 2465 nentes
2642 2423 2889 2465 sanctum
2920 2413 3251 2466 Demetrium
3300 2412 3620 2481 imperatori
3678 2412 4009 2464 obtulerunt

2421 2505 2771 2558 Maximiano.
2812 2524 2831 2555 υ

2492 2599 2578 2651 53.
2617 2597 2692 2650 lta
2757 2598 3019 2650 hactenus
3068 2610 3371 2667 anonymus
3413 2595 3598 2650 Sancti
3656 2597 4011 2664 biographus

2423 2692 2685 2743 laudatus.
2724 2687 2926 2759 Verum
2963 2690 3090 2757 quid
3122 2690 3189 2741 de
3222 2690 3515 2750 Demetrio,
3547 2704 3672 2742 cum
3711 2691 3779 2741 ad
3830 2688 4013 2741 Maxi-

2423 2782 2660 2834 tnianum
2693 2780 2941 2845 captivus
2968 2779 3161 2832 fuisset
3190 2779 3477 2839 adductus,
3510 2781 3749 2847 primum
3793 2779 3843 2831 is
3875 2795 4011 2844 ege-

2424 2877 2515 2937 rit,
2562 2890 2666 2928 non
2718 2876 2977 2940 exponit;
3011 2876 3236 2941 exponit
3266 2884 3469 2933 tamen,
3505 2888 3626 2943 qua:
3671 2873 3817 2939 apud
3858 2870 4012 2923 Pho—

2424 2969 2557 3021 tium
2598 2976 2797 3028 exstat.
2832 2968 3013 3020 Sancti
3050 2969 3242 3019 Passio
3277 2982 3370 3020 seu
3398 2966 3539 3019 Vita.
3570 2964 3767 3027 Verba,
3800 2966 4014 3033 quibus

2424 3062 2474 3115 id
2509 3060 2659 3120 facit.
2696 3061 2811 3114 haec
2844 3069 2973 3112 sunt
3000 3076 3013 3109 :
3049 3077 3066 3107 ι
3108 3058 3225 3112 Ibat
3251 3073 3379 3113 vero
3404 3069 3667 3128 tyrannus
3695 3056 4013 3124 (Maximia-

2343 3182 2385 3236 ε
2424 3170 2527 3207 nus
2564 3154 2845 3219 nimirum)
2874 3153 2938 3206 ad
2962 3153 3330 3219 spectaculum
3358 3152 3739 3223 gladiatorum.
3763 3160 3827 3204 et
3856 3163 4011 3204 mar-

2425 3262 2509 3316 tyr
2537 3248 2751 3299 vinctus
2790 3247 2857 3298 ad
2901 3245 3032 3299 illud
3061 3245 3319 3309 stadium,
3357 3245 3503 3313 quod
3536 3258 3705 3313 prope
3742 3252 3895 3306 erat,
3942 3242 4014 3295 ab

2422 3339 2606 3404 impiis
2654 3336 2920 3389 ministris
2961 3344 3220 3404 tanquam
3248 3335 3596 3389 Christianus
3624 3334 3733 3386 vita
3784 3348 3854 3387 ac
3911 3334 4011 3386 do-

2418 3431 2596 3484 ctrina
2653 3430 2960 3483 adducitur.
3028 3429 3120 3483 Ille
3171 3430 3236 3483 ad
3300 3428 3672 3498 spectaculum
3726 3425 4015 3480 festinans

2418 3532 2667 3576 sanctum
2710 3522 2882 3575 virum
2912 3522 3076 3588 jussit
3111 3536 3282 3589 prope
3312 3520 3567 3579 stadium,
3596 3517 3683 3572 cui
3716 3518 4009 3587 publicum

2419 3615 2671 3667 balneum
2708 3614 2952 3668 vicinum
2995 3623 3134 3673 erat,
3178 3616 3230 3665 in
3278 3614 3488 3667 fornice
3534 3610 3827 3665 custodiri.
3886 3630 3905 3661 ι
3950 3612 4010 3664 lu

2419 3705 2831 3773 Metaphrastiea
2886 3701 3069 3758 Sancti
3118 3703 3270 3764 Vita.
3307 3704 3517 3768 aliaque
3562 3704 3849 3771 anonymi,
3885 3718 4011 3773 qua

2418 3816 2480 3851 ex
2514 3800 2613 3852 hac
2642 3809 2726 3851 est
2760 3807 3033 3861 contexta,
3064 3798 3323 3851 nonnulla
3347 3797 3737 3851 Maaimianum
3772 3798 3934 3848 inter
3958 3808 4009 3847 ct

2419 3901 2664 3944 sanctum
2698 3891 3026 3944 Demetrium
3066 3891 3252 3952 verba,
3303 3890 3448 3943 ultro
3492 3890 3762 3955 citroque,
3820 3889 4011 3954 prius-

2419 3997 2578 4049 quam
2623 3981 2711 4034 hlc
2746 3981 2890 4034 illius
2921 3982 3075 4052 jussu
3110 3982 3305 4036 fornici
3348 3981 3755 4041 includeretur,
3814 3981 4007 4032 habita

2423 4072 2751 4125 referuntur.
2782 4071 2980 4125 Verum
3011 4082 3123 4125 tum
3153 4072 3271 4126 haec
3324 4082 3437 4125 tum
3468 4073 3592 4132 alia,
3618 4087 3738 4139 qua!
3766 4072 3824 4122 in
3862 4072 4007 4123 binis

2420 4161 2523 4214 illis
2574 4160 3044 4215 lucubrationibus
3091 4172 3421 4226 occurrunt,
3473 4172 3635 4229 atque
3664 4162 3730 4213 ab
3762 4162 4007 4215 Anasta-

2422 4254 2572 4307 siana
2607 4264 2664 4308 et
2708 4254 2971 4308 Photiana
3001 4252 3187 4307 Sancti
3222 4254 3358 4307 Vitis
3393 4255 3612 4315 absunt,
3654 4254 3820 4305 fidem
3856 4256 4005 4306 inte-

2421 4361 2595 4411 gram,
2624 4356 2745 4401 utut
2775 4347 2940 4402 etiam
2976 4362 3077 4400 nec
3108 4348 3333 4407 absona.
3386 4360 3490 4399 nec
3537 4359 3669 4397 vero
3721 4346 4004 4397 absimilis

748 4434 772 4501 ξ
906 4432 1198 4507 Demetrius
1222 4437 1450 4503 capitur,
1479 4440 1840 4506 martyrioque
1867 4441 2109 4507 amt-itm.
2142 4443 2319 4505 Quan-
2353 4428 2395 4481 ο
2432 4438 2602 4493 videri
2634 4449 2857 4507 queant.
2890 4454 2999 4493 non
3030 4448 3343 4503 merentur,
3379 4448 3570 4506 utpote
3598 4440 3729 4490 satis
3757 4440 4003 4504 antiquo

813 4504 1005 4580 donarit
1128 4507 1448 4580 {actum,_et
1480 4508 1591 4573 quis
1626 4504 1821 4577 Lupus,
1853 4504 1940 4576 qui
1988 4504 2173 4565 servus
2202 4515 2315 4580 ejus

815 4575 975 4643 [uisse
1006 4574 1222 4637 dicitur,
1248 4576 1526 4632 exstiterit.

818 4690 912 4745 δὲ.
945 4690 1224 4746 Miraculis
1243 4694 1431 4747 multis
1452 4706 1702 4749 sanctum
1727 4697 2082 4762 Demetrium,
2110 4717 2231 4754 cum
2259 4702 2314 4753 in

752 4783 890 4836 rivis
920 4784 1100 4839 adhuc
1129 4793 1274 4839 esset
1313 4800 1613 4855 superstes,
1650 4789 1997 4851 inclaruisse,
2024 4800 2077 4844 et
2104 4801 2315 4853 tamen,

748 4885 808 4928 ut
837 4877 1153 4944 imperatori
1185 4877 1529 4941 Maximiano.
1567 4884 1720 4947 cuius
1754 4884 1907 4951 jussu
1941 4891 2169 4936 necatus
2194 4884 2314 4944 fuit,

746 4970 873 5022 odio
902 4970 1193 5033 exstiterit,
1230 4987 1336 5025 non
1377 4981 1482 5026 tam
1523 4990 1587 5027 ex
1642 4975 1743 5033 bis,
1780 4990 1938 5042 quam
1971 4991 2033 5029 ex
2067 4978 2318 5029 ethnico-

750 5075 891 5125 rum,
918 5078 1056 5129 quos
1086 5063 1149 5117 ad
1190 5063 1351 5118 fidem
1390 5065 1755 5118 Christianam
1789 5069 2107 5130 adduxerat,
2136 5070 2318 5122 multi-

748 5156 939 5209 tudine
968 5154 1166 5209 factum
1217 5171 1359 5222 esse,
1402 5173 1554 5211 num.
1597 5160 1665 5212 38
1697 5171 1750 5211 et
1794 5177 1943 5228 seqq.
1977 5162 2314 5229 transcriptis

746 5247 979 5299 encomii
1018 5247 1215 5300 ibidem
1243 5248 1462 5312 laudati,
1494 5266 1602 5316 quo
1630 5251 1957 5304 Demetrium
1993 5255 2308 5317 celebravit,

746 5339 928 5391 verbis
976 5355 1080 5392 non
1132 5342 1363 5395 obscure
1412 5342 1614 5396 iudicat
1652 5342 1921 5403 Joannes.
1957 5344 2311 5401 Thessaloni-

743 5433 925 5484 censis
974 5431 1437 5502 arehiepiscopus.
1498 5434 1561 5489 Et
1606 5450 1733 5489 vero
1785 5453 1905 5490 cum
1957 5437 2312 5493 Maximianus

743 5540 958 5578 sutan
1000 5542 1132 5579 ~aue
1159 5526 1285 5581 odio
1317 5529 1631 5596 religionem
1663 5529 2026 5584 Christianam
2061 5534 2306 5595 habt-ret,

745 5618 892 5669 rullu
925 5634 1148 5685 prorsus
1180 5635 1243 5672 es
1274 5622 1471 5690 capite,
1506 5623 1767 5690 quidquid
1797 5625 2012 5677 interim
2040 5626 2105 5678 de
2132 5637 2312 5692 patra-

744 5711 809 5761 tis
835 5725 865 5761 a
895 5709 1096 5765 Sancto
1114 5712 1289 5766 adhuc
1314 5712 1529 5768 vivente
1562 5717 1833 5772 miraculis
1865 5718 1953 5779 sit,
1979 5718 2306 5772 Demetrium

744 5806 930 5873 magis,
972 5820 1137 5873 quam
1171 5821 1233 5859 ex
1271 5808 1469 5879 insigni
1505 5809 1847 5864 ethnicorum
1888 5814 1954 5866 ab
2000 5830 2185 5866 crrnrc
2219 5827 2313 5880 per

2420 4533 2562 4598 quod
2602 4547 2726 4585 eum
2790 4534 2842 4585 in
2904 4533 3066 4586 finem
3116 4532 3487 4599 requireretur
3530 4531 3857 4584 testimonio
3903 4532 3999 4582 de-

2422 4627 2632 4680 stituta.
2665 4626 2833 4679 Porro
2864 4627 2952 4693 qui
2997 4626 3212 4679 tandem
3249 4626 3449 4679 factum
3484 4627 3574 4684 sit.
3605 4636 3664 4676 ut
3716 4624 3991 4683 Sanctus,

2422 4732 2583 4781 quem
2621 4716 3000 4777 Maximianus,
3039 4732 3159 4769 cum
3199 4717 3267 4769 ad
3304 4715 3679 4784 spectaculum
3726 4732 4003 4783 propera-

2423 4818 2527 4869 ret,
2558 4807 2751 4860 fornici
2804 4808 2867 4861 ad
2913 4817 3127 4874 tempus
3172 4805 3409 4875 iusserat
3461 4806 3692 4868 includi,
3745 4808 4001 4874 martyrii

2426 4892 2658 4961 palmata
2711 4890 2914 4945 lanceis
2961 4890 3249 4944 confossus
3290 4890 3557 4952 retulerit,
3620 4890 3677 4943 in
3728 4890 4002 4944 letiana

2425 4980 2680 5035 Demetrii
2712 4995 2807 5035 seu
2840 4980 2958 5034 Vita
2991 4994 3084 5033 seu
3116 4980 3376 5033 Passione
3400 4982 3547 5034 hisce
3580 4988 3851 5033 narratur
3884 4996 3981 5033 rer

2423 5072 2508 5125 liis
2544 5089 2556 5125 :
2608 5091 2625 5123 α
2662 5071 2756 5126 His
2784 5072 2965 5135 dictis,
2998 5074 3051 5125 in
3084 5086 3304 5125 arenam
3338 5069 3555 5140 (Nestor
3583 5072 3876 5137 nimirum)
3909 5075 4001 5126 de-

2423 5164 2689 5218 scendens
2706 5164 2991 5218 confestim
3018 5179 3141 5216 eum
3169 5164 3260 5233 qui
3279 5165 3525 5217 omnium
3547 5164 3760 5233 judicio
3785 5167 4002 5233 primas

2422 5255 2651 5313 ferebat.
2686 5264 3018 5324 prostratum
3055 5255 3299 5331 necavit;
3335 5256 3427 5309 sed
3476 5255 3611 5308 nihil
3662 5268 4000 5309 consecutus

2422 5359 2505 5403 est
2530 5365 2720 5403 eorum
2742 5364 2861 5419 quae
2881 5350 3175 5403 Victoribus
3204 5350 3479 5419 proposita
3510 5360 3703 5414 erant;
3736 5350 3995 5403 intolera-

2424 5444 2512 5496 bili
2549 5458 2677 5498 vero
2701 5445 2885 5498 dolore
2912 5452 2964 5495 et
3006 5444 3082 5495 ira
3112 5454 3400 5510 tyrannum
3434 5443 3752 5510 complevit,
3776 5454 3833 5496 et
3872 5460 3994 5497 sur-

2422 5552 2553 5605 gens
2590 5552 2619 5589 e
2650 5536 2928 5599 cathedra,
2964 5536 3037 5590 ira
3071 5537 3329 5590 incensus
3362 5536 3511 5589 illinc
3542 5536 3746 5605 impius
3770 5537 3991 5590 domum

2424 5629 2670 5684 discedit.
2706 5630 2841 5684 Cum
2868 5646 2997 5683 vero
3030 5630 3103 5683 illi
3136 5630 3354 5697 quidam
3386 5645 3413 5682 a
3445 5629 3725 5685 Demetrio
3758 5642 3991 5698 martyre

2425 5721 2740 5775 nuntiarent
2773 5738 3076 5785 sermones,
3108 5722 3263 5790 quasi
3297 5720 3486 5775 furore
3520 5730 3686 5789 atque
3716 5722 3989 5789 impietate

2426 5815 2633 5879 ebrius,
2681 5815 2949 5883 simulque
2980 5825 3130 5868 ratus
3163 5830 3324 5869 omen
3365 5813 3668 5869 infaustum
3702 5814 3946 5869 oblatum
3974 5852 3987 5876 ,
