4218 6442
223 410 365 475 1113

1282 417 1336 473 S.
1373 414 1750 475 DEMETIUI
1792 416 2178 475 MAliTYlilS
2227 410 2409 471 ACTA

3344 407 3477 470 liii

218 542 347 575 eum
372 521 602 573 Sanetus
635 521 681 574 ei
728 522 792 574 ad
824 522 1052 576 stadium
1088 527 1405 592 properanti
1446 527 1791 587 occurrisset,
1826 535 1865 582 Α
1900 541 2016 589 qua!
2052 542 2156 576 non
2190 535 2337 585 sunt,
2375 520 2529 589 quasi
2567 519 2672 571 sint
2704 560 2713 579 ,
2754 520 3056 585 iterumque
3086 558 3098 577 ,
3146 533 3264 585 qua:
3317 536 3438 571 sunt
3461 565 3473 581 ,

218 612 395 664 hastis
429 628 492 663 eo
521 627 627 679 quo
659 613 1087 666 concludebatur
1118 615 1236 667 loco
1276 616 1424 681 jubet
1478 618 1726 669 interﬁci.
1772 637 1786 665 ι

297 704 383 757 54.
416 704 553 755 Huic
594 702 870 757 Photiante
907 704 1035 758 Vita:
1085 708 1387 758 narrationi
1437 710 1567 759 satis
1604 724 1796 760 conso-

217 807 338 855 nat.
381 812 541 865 quam
572 800 927 853 Anastasiana
959 800 1293 866 suppeditat.
1324 815 1424 851 nec
1461 801 1688 852 multum
1730 801 1797 851 ah

216 903 309 949 ea,
334 890 376 940 si
416 897 633 943 narrata
663 890 729 942 de
760 888 986 944 Nestore
1020 905 1186 956 supra
1238 891 1476 944 discussa
1535 892 1792 959 excipias,

218 981 432 1032 abludit
470 980 891 1050 Metaphrastica
930 982 1117 1037 Sancti
1161 982 1305 1047 Vita,
1354 986 1634 1041 alterauue
1662 1000 1796 1037 ano—

227 1073 397 1140 nymi,
428 1089 568 1140 quae,
622 1083 680 1127 ut
728 1090 895 1143 supra
938 1076 1122 1138 docui,
1171 1091 1233 1129 et
1289 1078 1385 1130 hac
1446 1092 1795 1146 promanasse

229 1166 465 1218 videtur.
512 1166 627 1218 Jam
664 1182 815 1230 vero,
846 1184 969 1221 cum
1005 1170 1055 1222 id
1084 1171 1152 1222 ita
1182 1173 1252 1224 sit
1275 1211 1287 1231 ,
1315 1186 1413 1223 nec
1444 1180 1790 1223 monumenta

227 1259 451 1325 antiqua
485 1261 608 1321 alia,
644 1276 762 1328 quae
798 1261 904 1313 illis
934 1260 1118 1315 Sancti
1153 1263 1285 1314 \‘itis
1324 1264 1421 1314 hac
1456 1265 1507 1314 in
1546 1278 1602 1314 re
1635 1277 1793 1327 repu-

225 1362 412 1415 gnent,
449 1354 796 1407 inveniantur
842 1356 1105 1423 martyrii,
1144 1356 1285 1422 quod
1338 1354 1571 1407 Sanetus
1634 1355 1795 1406 subiit

222 1457 395 1504 genus
433 1444 694 1498 habemus
725 1457 1087 1512 compertum.
1128 1446 1347 1508 Verum,
1382 1446 1507 1512 quid
1550 1447 1614 1499 dc
1659 1457 1792 1496 tein.

218 1551 373 1599 pore,
434 1552 541 1601 quo
598 1539 647 1589 id
695 1538 913 1597 accidit,
977 1538 1484 1603 pronuntiandum?
1534 1537 1689 1601 Quod
1748 1540 1791 1591 si

218 1625 450 1685 Joanne,
506 1624 981 1680 Thessalonicensi
1033 1630 1446 1696 archiepiscopo
1501 1630 1792 1693 sepissime

214 1717 328 1783 jam
369 1716 584 1770 laudato
615 1758 628 1779 ,
682 1720 933 1771 standum
978 1722 1046 1772 sit
1073 1760 1085 1779 .
1138 1719 1187 1772 id
1229 1731 1379 1771 certe
1427 1732 1549 1771 ante
1591 1736 1790 1771 annum

217 1809 325 1860 3H
377 1809 519 1860 haud
556 1810 816 1861 evenerit.
859 1809 1152 1878 Scriptoris
1201 1811 1397 1877 hujus,
1438 1827 1465 1863 e
1509 1812 1705 1877 quibus
1743 1812 1791 1863 id

218 1899 435 1966 colligo,
458 1900 643 1953 Grmca
678 1902 840 1954 verba
872 1903 1102 1955 encouiii
1129 1904 1194 1955 ab
1222 1904 1322 1956 hoc
1341 1905 1577 1956 contexti
1615 1906 1790 1956 verbis

219 2009 373 2045 num.
401 1995 469 2046 39
507 1996 749 2047 recitatis
781 1997 1023 2063 proxime
1058 1998 1335 2063 subjecta,
1390 2006 1446 2049 ut
1488 1998 1746 2063 quidquid
1776 2039 1787 2058 ,

216 2089 365 2154 quod
396 2089 594 2141 litteris
646 2088 711 2141 ab
762 2105 826 2141 eo
875 2090 1189 2143 mandatum
1239 2090 1520 2151 habemus,
1559 2107 1680 2144 cum
1719 2092 1791 2141 le-

218 2188 371 2229 ctore
427 2180 849 2242 communicem,
905 2196 1008 2232 una
1061 2196 1182 2232 cum
1234 2180 1487 2247 adjuncta
1542 2165 1799 2234 versione.

216 2268 409 2320 Latina
463 2270 567 2320 huc
619 2270 947 2324 transcribo.
1022 2270 1111 2323 Sic
1168 2271 1369 2323 habent
1412 2288 1425 2324 :
1476 2271 1635 2331 Εἰκὸς
1693 2270 1789 2336 μὲν

214 2354 310 2409 οὖν
365 2361 457 2409 καὶ
508 2357 682 2410 ταῦτα
730 2360 1015 2426 διαὸόητον
1061 2361 1224 2411 αὑτὸν
1259 2362 1456 2428 κομιδῆ
1504 2361 1785 2428 καθιστᾷν,

214 2452 276 2499 τὸ
301 2450 356 2501 δὲ
398 2451 597 2516 μᾶλλον
625 2451 791 2502 αὐτοῦ
835 2453 932 2519 τὴν
983 2456 1174 2521 φήμην
1215 2452 1470 2519 ὑψῶσαν,
1505 2458 1597 2505 καὶ
1642 2456 1789 2521 παρὰ

216 2543 339 2601 ταῖς
393 2542 581 2603 ἄλλαις
640 2544 865 2611 πατρίσι
910 2545 1068 2595 τοῦτο
1131 2548 1409 2610 γεγονέναι
1454 2546 1787 2611 φημίζεται.

230 2631 569 2699 Ἐπέστησαν
620 2631 790 2695 αὑτῶ,
835 2633 991 2699 φασὶ,
1053 2632 1385 2695 διδάσκοντι,
1435 2632 1508 2694 ὡς
1564 2635 1655 2684 καὶ
1712 2633 1789 2701 τῷ

218 2724 407 2788 Κυρίῳ
456 2723 576 2792 Θεῷ
604 2724 759 2792 ἡμῶν
824 2726 996 2793 Ἰησοῦ
1035 2726 1082 2776 οι
1126 2728 1415 2790 πειρασταὶ
1463 2725 1787 2778 Σαδδουκαῖ-

216 2833 361 2870 οι....
410 2816 550 2867 οὕτω
594 2818 686 2868 καὶ
719 2819 795 2883 τῷ
837 2818 1049 2885 μαθητῇ
1092 2817 1185 2868 τοῦ
1237 2819 1475 2885 Χριστοῦ
1507 2817 1585 2884 τῷ
1644 2835 1784 2868 παν-

216 2905 415 2974 ινδόξῳ
494 2907 779 2975 μάρτυρι,
858 2908 1127 2975 Ἕλληνες
1207 2907 1265 2970 ἐξ

228 2998 472 3049 Ἰουδαῖοι
506 3000 565 3061 ιε
626 2998 1017 3066 Ιεροσολύμων,
1068 3001 1159 3051 καὶ
1189 2999 1479 3067 Μανιχαῖοι
1521 3001 1583 3051 ὲκ
1618 3002 1789 3053 Μεσο-

216 3089 513 3155 ποταμίας,
572 3092 665 3141 καὶ
714 3090 820 3141 ἀπὸ
883 3090 1295 3159 Ἀλεξανδρείας
1340 3092 1607 3158 Ἀρειανοὶ
1658 3096 1787 3160 (πρὸ

1352 2908 1592 2976 Ἀθηνῶν
1618 2951 1630 2969 ,
1697 2913 1787 2961 καὶ

1901 619 2049 684 quasi
2096 632 2198 666 non
2252 617 2380 677 sint,
2436 623 2741 665 monstrare
2821 621 3125 669 ostentans,
3182 622 3471 679 martyrem

1903 711 2126 775 rogavit,
2161 710 2250 775 qui
2292 712 2354 761 de
2403 706 2514 760 Deo
2554 707 2801 765 sentiret,
2847 719 3075 770 eumque.
3133 704 3217 755 hic
3258 722 3474 768 respon-

1900 804 2091 862 disset,
2128 818 2245 855 sese
2280 817 2447 853 unum
2495 802 2661 852 Deum
2719 800 3018 849 inereatum
3067 812 3127 849 ac
3170 810 3430 849 attemqu
3460 838 3472 857 ,

1902 908 2080 945 rerum
2114 891 2360 943 omnium
2393 890 2683 943 visibilium
2714 904 2773 939 ae.
2808 887 3159 938 invisibilium
3188 888 3471 951 faetorem,

1900 987 2124 1051 ideoque
2151 995 2203 1037 et
2240 984 2523 1035 Dominum
2582 994 2634 1035 et
2684 982 3018 1047 preiisorem
3068 981 3339 1033 e0nﬁteri.
3409 982 3471 1033 Et

1899 1092 2018 1145 ego,
2048 1077 2180 1129 dixit
2214 1076 2489 1135 ethnicus,
2531 1076 2601 1126 ita
2641 1075 2855 1135 sentio;
2888 1072 3153 1125 doctrinae
3196 1074 3339 1125 enim
3376 1073 3473 1124 So-

1898 1180 2082 1227 cratis,
2142 1183 2249 1219 non
2306 1166 2547 1231 Epicuri,
2584 1176 2637 1217 et
2676 1180 2864 1217 eorum
2903 1166 2991 1232 qui
3034 1179 3153 1215 eum
3207 1166 3307 1219 hoc
3350 1180 3473 1215 θνη-

1900 1263 2040 1313 tiunt
2074 1271 2307 1310 so-t-tator
2338 1274 2477 1310 sum.
2523 1276 2540 1307 ι

1970 1352 2054 1404 56.
2090 1350 2245 1402 Hisce
2286 1366 2448 1417 porro
2486 1350 2671 1401 verbis
2703 1349 2849 1399 dicto
2885 1347 3134 1399 encomio
3172 1348 3309 1399 bene
3345 1362 3471 1414 pro-

1898 1446 2025 1503 lixo,
2063 1460 2170 1510 quo
2213 1452 2463 1495 sanetum
2516 1442 2852 1493 Demetrium
2892 1456 2919 1490 a
2954 1440 3197 1491 doctrina
3252 1439 3470 1506 potissi-

1900 1552 2047 1587 mum
2093 1536 2299 1596 laudat,
2352 1533 2454 1585 alia
2488 1533 2741 1599 plurima,
2798 1531 2998 1597 quibus
3055 1530 3309 1591 Sanctus,
3347 1546 3468 1581 eum

1897 1628 2140 1680 etlinieo.
2188 1626 2503 1681 Manichaeo,
2526 1622 2711 1676 Iudaeo
2746 1624 3019 1676 etAriano
3052 1622 3193 1673 ultro
3218 1624 3467 1687 citroque

1898 1716 2122 1775 habitis,
2156 1717 2349 1767 horum
2379 1714 2838 1767 heterodoxorum
2870 1714 3115 1779 singulos
3145 1712 3465 1775 confutarit,

1903 1809 2183 1873 viclaSqtte
2245 1807 2459 1858 tandem
2515 1806 2615 1857 sibi
2679 1806 2809 1858 dare
2863 1820 3054 1856 manus
3116 1804 3464 1871 compulerit,

1902 1901 2117 1957 intexit.
2146 1900 2521 1967 plurimosque
2562 1898 2720 1949 simul
2742 1908 2852 1949 tum
2881 1897 3157 1950 exstitisse
3213 1898 3465 1957 Arianos,

1896 1993 2356 2053 luculentissime,
2424 1999 2497 2044 utl
2569 1993 2881 2044 eneomium
2954 1991 3085 2043 iilud
3159 1992 3465 2043 consulenti

1896 2096 2161 2153 patescet,
2214 2086 2330 2136 loco
2372 2100 2477 2135 non
2518 2100 2628 2135 uno
2688 2083 2911 2136 indicat.
2978 2082 3095 2134 Jam
3130 2098 3282 2141 vero,
3344 2099 3468 2134 cum

1897 2179 2009 2229 haec
2043 2178 2114 2227 ita
2145 2176 2400 2232 habeant.
2443 2190 2664 2227 necesse
2700 2184 2803 2237 est,
2838 2184 2894 2225 ut
2930 2176 3183 2225 Arianam
3214 2175 3468 2227 lueresim

1892 2268 2001 2333 jam
2031 2279 2166 2329 tum,
2201 2282 2323 2320 cum
2360 2267 2595 2318 Sanctus
2628 2276 2811 2317 noster
2847 2266 2899 2316 in
2937 2265 3070 2317 vivis
3116 2275 3261 2318 esset
3288 2265 3469 2319 adhuc

1894 2370 2195 2425 superstes,
2220 2358 2387 2409 fuisse
2428 2366 2671 2408 exortam
2703 2371 2767 2410 ac
2799 2354 3177 2423 pervulgatam
3200 2354 3464 2419 Joannes,

1893 2449 2396 2503 Thessalonicensis
2456 2449 2928 2515 archiepiscopus.
2988 2447 3347 2511 existimarit,
3406 2464 3469 2501 ac

1893 2543 2048 2609 proin
2090 2551 2339 2594 sanctum
2378 2540 2711 2593 Demetrium
2742 2552 2869 2593 ante
2896 2555 3098 2593 annum
3121 2541 3247 2602 3M,
3284 2551 3469 2611 utpote

1892 2645 2019 2687 ante
2056 2650 2217 2702 quem
2254 2644 2403 2687 certe
2436 2647 2635 2684 annum
2692 2632 2798 2695 (adi
2840 2630 3191 2685 Franciscum
3245 2631 3468 2700 Pagium

1893 2727 1946 2778 in
1998 2726 2306 2791 pontiﬁcum
2344 2724 2705 2777 Romanorum
2739 2722 3037 2782 Brcviart'o,
3078 2736 3209 2777 tom.
3245 2724 3286 2781 1.
3344 2740 3467 2793 pag.

1894 2816 1983 2881 75)
2020 2817 2182 2883 impia
2221 2818 2306 2868 illa
2335 2827 2483 2868 secta
2513 2815 2725 2865 initium
2764 2815 2906 2865 haud
2934 2816 3166 2881 accepit,
3199 2816 3467 2884 martyrio

1893 2923 1998 2959 non
2034 2908 2199 2959 fuisse
2236 2916 2579 2960 coronatum.
2619 2903 2817 2956 Verum
2853 2904 2971 2958 haec
2992 2906 3280 2973 scriptoris
3320 2906 3465 2959 illius

1892 3001 2076 3065 opinio
2115 3001 2430 3065 neutiquam
2468 3006 2650 3065 potest
2681 2998 2932 3061 admitti;
2968 2997 3275 3049 Demetrius
3318 3000 3464 3050 enim

1892 3090 2324 3147 Thessalonice.
2382 3091 2458 3140 uti
2518 3091 2660 3140 inter
2702 3104 2893 3140 omnes
2958 3090 3236 3151 convenit,
3299 3090 3470 3142 subiit

216 3178 417 3230 πολλοῦ
456 3184 561 3247 γὰρ
590 3181 688 3247 τῆς
721 3180 903 3232 αὐτῶν
926 3181 1299 3249 καθαιρέσεως
1330 3183 1429 3249 τὴν
1460 3182 1783 3250 οἰκουμένην
1810 3199 1854 3261 C

1810 3199 1854 3261 ς
1893 3185 2231 3251 martyrium.
2307 3182 2675 3234 Macedoniam
2728 3190 2909 3233 autem
2963 3189 3159 3239 totam,
3207 3195 3269 3232 ac
3300 3182 3461 3248 proin

218 3273 517 3338 ἐτάραττον
544 3274 639 3323 καὶ
664 3272 851 3335 ἁπλῶς
880 3276 1061 3340 πάσης
1095 3275 1278 3339 σχεδὸν
1310 3277 1575 3340 αἱρέσεως
1613 3292 1787 3341 παρα-

222 3363 476 3428 γεγόνασι
544 3367 935 3431 πρόμαχοι)....
972 3365 1252 3431 μαΟείν....
1284 3367 1622 3428 Θέλοντες....
1656 3369 1789 3435 μᾶ).-

217 3449 308 3498 λον
341 3450 395 3501 δὲ
444 3452 503 3500 οὐ
540 3450 731 3518 μαθεῖν
787 3452 1045 3519 (πονηρία
1097 3454 1204 3523 γὰρ
1257 3454 1508 3520 άνορεεία
1545 3457 1789 3521 πέφυκεν

217 3541 470 3610 ἀγαθοῦ),
497 3542 631 3595 ἀλλὰ
660 3544 924 3611 πειράσαι
955 3545 1045 3595 καὶ
1069 3545 1389 3613 διαστρέψαι
1423 3547 1521 3613 τῆς
1552 3547 1787 3609 πίστεως

216 3635 313 3701 τὴν
339 3634 468 3685 εὐθύ
481 3654 631 3703 τητα.

291 3725 378 3779 55.
417 3730 524 3780 Καὶ
559 3732 585 3779 ὁ
623 3730 722 3796 μὲν
765 3730 966 3798 Ἕλλην
998 3734 1177 3801 ᾑρέμα
1229 3750 1342 3793 πως
1380 3735 1471 3784 καὶ
1501 3735 1786 3801 εἰρωνευό-

222 3833 403 3881 μενος,
437 3817 531 3869 ἅτε
581 3820 643 3887 δὴ
696 3826 817 3882 ταῖς
886 3822 1317 3887 συλλογιστικαῖς
1368 3827 1781 3888 ἐπικομπάζων,

216 3909 310 3959 καὶ
336 3910 401 3960 τὰ
435 3912 506 3975 μὴ
538 3910 664 3963 ὄντα
691 3913 763 3971 ὡς
798 3914 924 3964 ὄντα
953 3914 1262 3975 δεικνύναι,
1299 3920 1389 3966 καὶ
1428 3918 1493 3965 τὰ
1520 3917 1647 3966 ὄντα
1680 3918 1784 3967 πά-

216 4001 301 4047 ὶιν
348 4000 422 4058 ὡς
466 4002 539 4067 μὴ
573 4001 911 4069 ὑπάρχοντα,
958 4004 1143 4070 ἠρώτα
1168 4005 1257 4055 τὸν
1313 4006 1585 4073 μάρτυρα,
1641 4007 1781 4067 ὅπως

212 4092 467 4157 περὶτοῦ
518 4092 663 4142 θείου
710 4092 950 4156 δοξάζον
989 4095 1079 4144 τὸν
1128 4095 1183 4145 δὲ
1230 4097 1630 4161 ἀποκρίνασθαι
1691 4100 1782 4147 ’ἐπα

212 4180 346 4229 θεὸν
387 4184 671 4247 ὁμολογεῖν
726 4184 981 4235 ἄκτιστον
1028 4186 1118 4235 καὶ
1166 4184 1359 4245 ἀΐδιον,
1393 4187 1620 4253 ποιητὴν
1648 4194 1780 4240 πάν-

211 4287 332 4321 των
366 4272 580 4338 ὁρατῶν
604 4274 694 4323 καὶ
726 4275 995 4341 ἀοράτων,
1026 4277 1119 4326 καὶ
1143 4276 1231 4326 διὰ
1269 4276 1422 4329 τοῦτο
1456 4281 1546 4329 καὶ
1576 4284 1779 4331 Asc-i=6-

212 4364 313 4429 τὴν
346 4366 439 4413 καὶ
495 4370 823 4432 προνοητήν.
886 4367 1076 4430 Κάγὼ,
1143 4369 1247 4435 εφη
1291 4371 1317 4419 ὁ
1367 4369 1586 4437 Ἕλλην,
1644 4373 1784 4423 οὓτω

211 4452 417 4518 φρονῶ·
473 4454 566 4519 τῆς
636 4454 742 4519 γὰρ
807 4454 1124 4521 Σωκράτους
1173 4458 1287 4523 εἰμὶ
1346 4458 1663 4527 διατριϐῆς,
1721 4463 1781 4512 οὐ

1896 3276 2058 3325 etiam
2121 3276 2279 3324 sitam
2338 3276 2387 3323 in
2429 3275 2529 3325 hac
2582 3272 3027 3324 Thessalonicam
3060 3272 3169 3338 jam
3225 3271 3349 3323 inde
3400 3273 3467 3325 ab

1893 3382 2036 3417 anno
2078 3368 2200 3423 5M,
2238 3366 2313 3416 uti
2349 3366 2489 3429 apud
2520 3364 2951 3423 Tillemontium,
2984 3367 3035 3416 in
3072 3363 3463 3429 Imperatarum

1894 3457 2249 3510 Romanorum
2283 3460 2545 3516 Historia,
2581 3466 2715 3507 tom.
2746 3456 2831 3516 iV,
2860 3472 2910 3525 p.
2952 3454 3071 3513 162,
3100 3456 3287 3507 videre
3317 3458 3460 3516 licet,

1894 3550 2288 3602 Constantinus
2326 3550 2568 3615 Magnus,
2593 3548 2695 3601 sub
2730 3563 2837 3616 quo
2869 3563 3000 3599 sane
3030 3548 3291 3600 Sanctum
3319 3562 3462 3598 mare

1894 3642 2034 3709 tyrio
2072 3640 2327 3690 affectum
2387 3653 2549 3691 nemo
2580 3638 2797 3699 dixerit,
2842 3639 2891 3689 in
2930 3648 3198 3705 potestate
3228 3652 3323 3689 sua
3359 3639 3457 3689 ha-

1890 3734 2025 3791 buit,
2060 3732 2431 3796 deincepsque
2467 3731 2530 3781 ad
2586 3744 2789 3781 annum
2832 3744 3002 3796 usque
3039 3730 3163 3790 557,
3194 3729 3241 3779 ei
3275 3740 3460 3781 emor-

1892 3824 2115 3878 tualem.
2152 3824 2217 3874 ad
2236 3839 2395 3887 quem
2424 3838 2592 3887 usque.
2628 3821 2882 3873 Demetrii
2912 3820 3458 3888 martyriumdiﬂerri

1890 3914 2197 3965 certissime
2231 3928 2336 3964 non
2376 3924 2578 3979 potest,
2626 3912 2824 3965 habere
2859 3913 3120 3979 perrexit.

1960 4006 2047 4056 57.
2078 4005 2277 4058 Adhtec
2312 4003 2638 4061 Demetrius,
2670 4005 2743 4055 uti
2767 4005 2876 4070 jam
2915 4017 3064 4055 nunc
3097 4003 3328 4065 docebo,
3356 4005 3459 4059 sub

1890 4100 2236 4162 imperatore,
2294 4097 2378 4147 cui
2420 4096 2745 4146 Maximiano
2782 4111 2979 4147 nomen
3018 4104 3187 4158 esset,
3253 4109 3456 4165 marty-

1889 4185 2026 4234 rium
2098 4184 2299 4245 subiit;
2360 4184 2543 4235 nullus
2601 4195 2780 4233 autem
2852 4185 3170 4251 imperator,
3234 4187 3458 4239 nomine

1888 4275 2265 4335 Maximianus,
2302 4285 2427 4341 post
2466 4290 2671 4325 annum
2702 4275 2826 4335 3H,
2861 4292 2969 4343 quo
3019 4278 3270 4330 Galerius
3294 4278 3458 4329 Maxi-

1887 4370 2122 4423 mianus.
2169 4370 2245 4419 uti
2294 4370 2361 4419 ad
2416 4370 2559 4419 hunc
2619 4382 2823 4419 annum
2878 4368 3073 4435 Pagius
3123 4371 3174 4421 in
3212 4370 3453 4431 Criticis,

1888 4460 2267 4511 Tillemontius
2328 4459 2577 4510 Historia:
2621 4460 3001 4524 imperatorum
3040 4468 3171 4511 tom.
3206 4458 3297 4521 IV,
3331 4476 3452 4528 pag.

208 4548 306 4611 τῆς
350 4546 674 4611 Ἐπικούρου
720 4548 813 4597 καὶ
854 4548 960 4598 τῶν
1013 4549 1129 4597 κατ’
1159 4550 1338 4602 αὐτόν.
1376 4571 1392 4599 ι
1438 4552 1499 4603 Ut
1539 4554 1651 4604 hmc
1682 4554 1779 4604 ita-
1812 4538 1857 4592 Ῑ)

1812 4538 1857 4592 Ι)
1887 4550 2007 4611 HG,
2044 4550 2244 4614 aliique
2285 4549 2484 4614 passim
2516 4548 2737 4607 docent,
2772 4548 2916 4599 diem
2953 4560 3263 4602 extremum
3308 4551 3455 4603 elau—

210 4652 316 4701 que
345 4637 489 4687 illum
535 4652 663 4689 sane
696 4640 966 4690 celebrem
996 4640 1291 4698 edicerent.
1340 4658 1434 4695 seu
1486 4646 1664 4711 potius
1700 4644 1777 4696 fa-

214 4746 354 4780 :nani
408 4731 529 4797 ejus
602 4732 924 4783 extollerent
973 4734 1289 4799 oportebat,
1345 4736 1505 4803 idque
1561 4739 1611 4789 in
1659 4740 1777 4792 aliis

208 4824 371 4873 etiam
407 4823 719 4890 regionibus
752 4823 951 4876 factum
980 4838 1250 4878 narratur.
1284 4827 1775 4893 Quemadmodum,

212 4914 383 4972 aiunt,
440 4914 856 4967 insurrexerunt
907 4916 957 4968 in
1018 4918 1297 4971 hominum
1348 4920 1551 4975 Jesuni.
1607 4923 1772 4973 lteum

209 5011 481 5060 nostrum,
518 5011 817 5054 tentatorcs
848 5005 1182 5067 Saducwi,...
1212 5008 1277 5057 ita
1311 5009 1470 5059 etiam
1498 5010 1545 5059 in
1572 5010 1773 5061 Chriin

206 5092 571 5158 discipulum,
623 5092 1070 5159 gloriosissimum
1109 5108 1416 5167 martyrem.
1462 5101 1661 5152 ethnici
1710 5116 1772 5152 ex

202 5182 455 5245 Athenis,
503 5193 557 5235 et
596 5183 766 5237 Judmi
802 5201 864 5238 ex
898 5184 1197 5239 Jerusalem
1224 5229 1236 5251 ,
1292 5197 1345 5240 et
1395 5188 1670 5243 Manichaai
1708 5207 1770 5243 ex

206 5271 616 5337 Mesopotamia,
660 5282 713 5323 et
744 5273 927 5324 Ariani
975 5289 1037 5326 ex
1085 5276 1407 5331 Alexandria
1439 5280 1548 5347 (diu
1584 5284 1726 5332 enim
1759 5325 1768 5341 ,

202 5374 495 5429 antequam
532 5364 999 5431 exstirparentur,
1046 5370 1307 5421 mundum
1362 5373 1675 5425 universum
1716 5377 1766 5427 hi

206 5456 517 5515 turbavere,
553 5460 842 5524 omnisque
874 5457 987 5511 fere
1040 5460 1311 5515 haereseos
1341 5480 1767 5534 propugnatores

199 5547 451 5612 luere}...
484 5548 694 5600 discere
725 5549 1037 5612 volentes,..
1072 5566 1164 5605 seu
1204 5555 1381 5620 potius
1410 5572 1514 5607 non
1557 5558 1768 5613 discere

200 5638 426 5703 (malitia
456 5641 600 5691 enim
644 5641 843 5695 bonum
881 5642 1128 5713 fastidit),
1164 5647 1255 5697 sed
1292 5656 1501 5700 tentare
1533 5650 1766 5719 ﬁdeique

198 5728 586 5781 rectitudineni
624 5740 953 5796 pervertere.
992 5733 1066 5785 Ae
1097 5734 1348 5787 ethnicus
1375 5737 1590 5801 quidem
1624 5754 1761 5805 quo-

197 5820 491 5873 datumodo
550 5821 901 5877 dissimulans
961 5824 1287 5893 syllogistice
1354 5828 1553 5898 quippe
1601 5846 1761 5895 sese,

1887 4644 1976 4701 sit,
2041 4640 2445 4693 Thessalonica:
2503 4642 2814 4692 dominatus
2868 4651 2995 4704 est;
3047 4651 3107 4693 ut
3148 4642 3455 4704 enimvero,

1890 4733 2167 4791 omnibus,
2219 4748 2338 4798 qua:
2368 4732 2477 4799 jam
2510 4733 2649 4783 dicta
2680 4741 2827 4793 sunt,
2868 4732 3253 4797 consideratis,
3288 4733 3454 4786 Joan-

1888 4842 2007 4885 nes,
2050 4824 2555 4875 Thessalonicensis
2614 4823 3085 4891 archiepiscopus,
3131 4835 3223 4875 aut
3273 4840 3454 4878 veram

1888 4917 2153 4983 martyrii,
2213 4931 2239 4965 a
2293 4913 2562 4965 Demetrio
2614 4916 2847 4972 tolerati,
2914 4914 3176 4981 epocham
3235 4916 3454 4982 penitus

1888 5008 2169 5077 ignorarit.
2204 5017 2295 5057 aut
2331 5017 2477 5058 certe
2530 5020 2649 5057 eam
2682 5006 2876 5065 serius,
2931 5022 3089 5073 quam
3144 5006 3219 5057 rei
3255 5007 3453 5059 veritas

1886 5102 2142 5168 patiatur.
2173 5098 2496 5158 traditione,
2562 5111 2722 5161 quam
2755 5095 2973 5160 allegat,
3011 5095 3274 5163 deceptus
3294 5095 3421 5148 diﬂ'e

1888 5190 2107 5242 rendam
2167 5188 2393 5255 putarit.
2431 5188 2625 5238 Verum
2663 5187 2939 5251 quodnam
2992 5185 3216 5238 tandem
3237 5196 3449 5253 tempus

1882 5283 2099 5333 eventui
2129 5282 2214 5331 isti
2253 5279 2643 5345 assignandum
2680 5278 2701 5328 Ἰ
2742 5277 3067 5331 Maximiano
3120 5280 3449 5346 imperatore

1886 5375 1936 5425 in
1982 5374 2113 5423 urbe
2168 5370 2641 5423 Thessalonicensi
2676 5369 2929 5436 degente.
2965 5379 3211 5421 Sanctum
3255 5369 3439 5422 Demo-

1881 5469 2042 5519 trium
2100 5477 2316 5531 captum
2370 5477 2432 5514 ac
2467 5472 2716 5514 necatum
2770 5462 2935 5513 fuisse
3005 5459 3126 5511 Vita
3179 5461 3299 5528 ejus
3352 5478 3444 5512 si'tt

1883 5554 2068 5607 l‘assio
2151 5565 2261 5604 tum
2324 5552 2688 5605 Anastasiana
2755 5562 2865 5602 tum
2927 5550 3189 5603 Photiaua
3264 5553 3442 5607 docet.

1882 5649 2038 5699 llisce
2077 5647 2240 5697 etiam
2274 5644 2376 5697 hac
2413 5644 2464 5695 in
2501 5659 2557 5697 re
2588 5652 2893 5697 consonant
2928 5644 3043 5696 alia:
3093 5646 3209 5695 duae
3258 5645 3442 5698 Sancti

1880 5740 2035 5801 Viue,
2075 5736 2491 5803 Metaphrastiea
2555 5736 2829 5797 videlicet,
2896 5736 3195 5803 alteraque,
3246 5754 3272 5786 e
3336 5751 3439 5801 qua

1879 5835 1989 5886 hare
2016 5830 2375 5900 priimanavit,
2410 5829 2475 5881 ab
2512 5843 2780 5897 anonymo
2818 5836 3088 5881 euntexta.
3128 5826 3320 5879 Verum
3360 5827 3441 5880 Ita:
