4218 6442
787 337 923 405 1115

2077 345 2433 408 SUPPLEM
2448 345 2729 409 ENTUM.

3920 337 4049 400 1116

784 451 1196 521 Martinianum,
1227 458 1332 514 sub
1357 474 1467 527 quo
1492 459 1679 516 Sancti
1718 465 2042 536 martyrium
2061 468 2355 531 collocant,
2385 471 2432 528 Α
2461 463 2812 534 Metaphrastl
2839 462 3108 534 praelusit,
3148 461 3414 518 Sanctum
3433 471 3685 516 nostrum
3709 468 3874 519 tunc.
3899 474 4047 519 cum.

785 549 1102 606 Herculium
1129 553 1292 606 etiam
1329 564 1581 611 vocatum
1618 554 1786 612 fuisse
1817 574 2104 629 perperam
2129 576 2353 615 asseve-

787 653 930 698 rant.
967 645 1176 698 Etenim
1205 645 1566 703 Maximianus
1595 649 1883 706 Herculius
1920 652 2349 717 Thessalonicae,

789 737 864 788 uti
897 751 963 790 ex
1000 737 1067 788 iis
1095 752 1214 804 qua
1245 738 1314 794 de
1364 739 1468 794 hoc
1518 742 1846 808 imperatore
1885 744 2268 800 'l‘illemontius
2301 749 2355 801 in

787 826 1175 892 Imperatorum
1210 829 1567 885 Romanorum
1594 832 1833 888 Historia
1869 846 2006 889 tom.
2031 837 2120 894 ιν.
2139 837 2354 901 scribit,

791 919 964 981 palam
1004 919 1082 980 ﬁt,
1119 922 1433 976 dominatus
1466 941 1760 994 numquam
1785 936 1912 991 est;
1946 940 2001 981 ut
2038 929 2177 983 adeo
2231 945 2356 984 cum

789 1007 1022 1063 Sanctus
1055 1020 1205 1064 certo
1233 1014 1433 1066 ibidem
1469 1032 1658 1084 passus
1685 1020 1775 1081 sit.
1806 1021 1857 1074 id
1894 1037 2027 1076 sane
2061 1023 2162 1076 sub
2188 1022 2357 1075 Maxi-

792 1103 970 1153 miano
1012 1101 1270 1158 llerculio
1307 1107 1448 1160 haud
1481 1113 1749 1164 evenerit.
1799 1112 1910 1166 Nec
1944 1113 2130 1168 Graeca
2167 1114 2356 1185 Sancti

793 1190 908 1244 Vita
964 1209 993 1245 e
1027 1192 1424 1249 LI-oneAllatio
1447 1214 1609 1266 supra
1648 1201 1862 1256 laudata
1893 1205 2086 1273 hisque
2107 1206 2357 1262 inchoata

791 1284 970 1336 verbis
996 1304 1007 1337 :
1032 1286 1160 1338 "(hs
1196 1287 1503 1356 Μαξιμῖνος
1533 1294 1559 1342 ὁ
1586 1293 1836 1358 βασιλεὺς
1862 1297 1920 1346 ἐν
1943 1299 2004 1364 τῇ
2035 1298 2361 1351 Θεσσαλονι-

792 1377 929 1426 κέων
969 1376 1120 1441 διῆγε
1154 1378 1328 1442 πόλει,
1371 1380 1565 1436 melius
1597 1383 1646 1436 id
1679 1385 1780 1438 sub
1815 1385 2112 1441 Maximino
2155 1389 2356 1443 factum

792 1467 1003 1524 statuit.
1036 1467 1198 1536 idque
1230 1472 1346 1524 sive
1379 1473 1638 1541 primum,
1674 1475 1789 1530 sive
1833 1479 2138 1534 secundum
2194 1482 2360 1551 hujus

791 1560 1030 1612 n0tninis
1065 1562 1444 1629 imperatorem
1475 1567 1866 1636 intelligamus.

863 1649 951 1703 58.
1011 1651 1338 1707 Maximinus
1413 1659 1561 1710 enim
1620 1659 1783 1728 hujus
1842 1664 2081 1717 nominis
2154 1664 2362 1732 primus

791 1742 1213 1805 Thessalonicae.
1282 1761 1568 1820 postquam
1612 1753 1830 1823 imperii
1886 1757 2127 1812 habenas
2177 1776 2362 1816 susce-

2459 557 2656 611 Gothis
2687 553 3063 626 Sarmatisque
3091 554 3320 610 devictis
3345 594 3359 619 ,
3392 551 3758 606 Maximianus
3785 589 3802 612 ,
3837 551 3934 617 qui
3972 558 4049 601 ta-

2461 662 2588 700 men
2640 655 2700 699 ut
2747 646 2857 714 jam
2890 646 3076 708 docui,
3115 645 3169 696 in
3209 645 3356 698 binis
3405 643 3512 696 illis
3560 641 4049 694 lucubrationibus

2461 737 2751 791 llerculius
2782 753 3066 806 perperam
3106 747 3357 800 vocatur,
3382 733 3842 789 Thessalonicam
3871 733 4050 784 venis-

2461 841 2565 890 set,
2588 830 2848 898 martyrio
2877 827 3048 882 tuisse
3074 826 3331 881 allectum
3371 841 3478 879 non
3511 828 3748 880 obscure
3785 825 4046 877 traditur.

2462 920 2572 974 Etsi
2610 931 2796 974 autem
2832 920 3235 988 Metaphrastes
3264 933 3708 990 anonytnusque,
3761 933 3795 972 e
3848 932 3967 984 quo
4007 917 4048 969 is

2461 1030 2556 1068 sua
2580 1014 2871 1082 decerpsit,
2896 1013 3054 1068 [idem
3087 1013 3477 1075 indubitatam,
3524 1013 3601 1066 uti
3635 1026 3705 1065 ex
3730 1012 3852 1076 jam
3881 1025 4048 1076 supra

2462 1106 2624 1159 dictis
2663 1121 2904 1176 pronum
2936 1115 3020 1160 est
3043 1120 3238 1159 eruere
3262 1146 3276 1166 .
3311 1105 3544 1158 minime
3579 1104 3669 1156 hic
3699 1112 4047 1156 mereantur.

2463 1215 2570 1252 non
2598 1207 2683 1253 est
2718 1206 2920 1259 tamen.
2941 1214 3038 1251 cur
3060 1198 3203 1265 qttod
3233 1197 3321 1252 hic
3349 1212 3448 1265 pro
3477 1210 3741 1265 tempore.
3773 1209 3888 1260 quo
3915 1193 4049 1246 Sau-

2464 1303 2583 1344 ctus
2616 1291 2780 1345 subiit
2812 1290 3132 1359 martyrium
3157 1331 3170 1354 ,
3201 1289 3426 1357 prapius
3457 1285 3888 1342 determinando
3923 1300 4050 1347 sup-

2463 1384 2728 1452 peditant.
2749 1396 2848 1451 pro
2878 1381 3176 1435 νει·οείιηὶιί
3207 1382 3403 1435 saltem
3441 1396 3548 1434 non
3582 1380 3886 1434 habeatur.
3913 1376 4047 1432 Cum

2462 1489 2591 1540 ergo
2625 1471 2928 1526 secundum
2967 1472 3088 1525 illos
3116 1470 3348 1526 Sanctus
3381 1486 3449 1524 eo
3479 1479 3750 1538 tempore,
3776 1484 3894 1536 quo
3933 1466 4046 1520 la-

2467 1566 2759 1629 ximianus,
2796 1563 2993 1619 Gothis
3026 1563 3406 1633 Sarmatisque
3452 1563 3717 1624 devictis,
3749 1560 4054 1614 Thessalo-

2467 1656 2644 1710 nicam
2681 1658 2869 1720 venit,
2913 1656 3179 1726 martyrio
3227 1655 3393 1709 fuerit
3448 1665 3769 1715 coronatus.
3807 1668 4048 1721 quonam

2467 1750 2554 1802 'rlle
2583 1759 2824 1818 tempore
2858 1746 3068 1803 Gothos
3100 1748 3491 1818 Sarmatasque
3521 1746 3815 1812 devicerit,
3847 1748 4054 1800 exami-

794 1838 983 1905 pisset.
1020 1843 1449 1907 verosimillime,
1487 1846 1565 1898 uti
1608 1861 1672 1900 ex
1706 1847 1770 1903 iis
1801 1865 1922 1916 qua:
1951 1852 2019 1904 de
2051 1867 2116 1906 eo
2157 1868 2359 1908 memo-
2396 1840 2435 1894 Β
2468 1856 2680 1895 Μινυε-

795 1931 885 1982 ria:
916 1933 1128 1998 prodita
1161 1934 1542 2001 inveniuntur,
1564 1940 1722 1993 facile
1750 1942 2045 2011 intelliges,
2076 1960 2358 2014 nunquam

794 2021 913 2074 fuit.
949 2021 1128 2087 Quare
1148 2042 1270 2084 cum
1308 2027 1547 2084 Sanctus
1583 2032 1988 2089 Thessalonica:
2016 2038 2357 2108 martyrium,

792 2112 921 2165 dum
949 2114 992 2167 is
1022 2117 1112 2183 qui
1149 2115 1446 2184 imperator
1472 2131 1592 2174 erat
1628 2121 1680 2175 in
1738 2125 1872 2178 urbe
1904 2127 1994 2178 illa
2025 2138 2358 2190 versaretur.

792 2219 856 2258 ex
893 2207 1136 2260 omnium
1194 2225 1438 2276 prorsus,
1489 2215 1580 2282 qui
1609 2219 1677 2267 de
1712 2232 1768 2270 re
1809 2218 1909 2271 hac
1939 2228 2196 2285 tractant,
2223 2222 2360 2276 scri-

798 2307 1011 2365 ptorum
1076 2303 1398 2355 testimonio
1477 2307 1732 2370 subierit,
1793 2307 1847 2361 id
1926 2311 2210 2366 enimvero
2259 2315 2363 2367 sub

795 2389 1092 2446 Maximino
1151 2396 1311 2463 hujus
1371 2398 1612 2452 nominis
1674 2401 1850 2465 primo
1915 2404 2185 2459 accidisse
2251 2421 2360 2459 non

797 2491 1017 2550 potest;
1049 2486 1193 2552 quod
1225 2499 1491 2553 praeterea
1528 2506 1597 2544 ne
1632 2503 1929 2556 astruatur,
1968 2497 2197 2564 impedit
2229 2514 2366 2553 una-

797 2577 957 2630 nimis
977 2579 1313 2632 eruditorum
1333 2583 1578 2636 omnium
1615 2584 1821 2652 opinio,
1848 2601 1968 2654 quae
1991 2589 2168 2642 serius
2198 2603 2361 2656 quam

794 2684 941 2722 anno
968 2670 1096 2737 ΜΟ,
1125 2688 1233 2740 quo
1267 2672 1617 2740 Maximinus,
1666 2677 1826 2747 hujus
1859 2680 2101 2734 nominis
2130 2680 2361 2749 primus,

795 2778 826 2817 e
859 2763 994 2816 vivis
1025 2767 1285 2834 excessit,
1321 2765 1681 2834 Demetrium,
1717 2770 1838 2826 fuso
1864 2787 1964 2840 pro
1987 2772 2209 2829 Christo
2238 2789 2366 2828 san-

796 2854 979 2923 guine,
1035 2857 1287 2913 retulisse
1341 2861 1586 2930 martyrii
1645 2862 1882 2930 palmam
1934 2866 2147 2919 statuit.
2208 2865 2364 2930 Quod

795 2954 977 2999 autem
1008 2947 1074 3001 ad
1103 2947 1452 3002 Maximinum
1489 2949 1649 3018 hujus
1672 2953 1908 3006 nominis
1935 2953 2235 3007 secundum
2256 2957 2366 3023 jam

798 3050 1025 3103 spectat,
1060 3055 1166 3092 non
1196 3041 1367 3106 magis
1395 3044 1462 3095 ad
1499 3043 1667 3108 hanc,
1698 3059 1859 3108 quam
1883 3044 1950 3098 ad
1978 3044 2366 3100 Maxitnianum

801 3128 1144 3197 llerculium,
1177 3129 1561 3188 Thessalonica
1601 3151 1838 3202 unquam
1873 3139 2162 3205 spectavit,
2197 3140 2274 3192 uti
2302 3156 2369 3194 ex

799 3224 867 3276 iis
931 3240 1051 3292 quae
1114 3225 1181 3280 de
1212 3241 1279 3280 eo
1329 3230 1470 3296 apud
1527 3228 1962 3296 Tillemontium,
2018 3233 2143 3300 plus
2197 3235 2367 3287 semel

796 3318 906 3383 jam
953 3319 1254 3382 laudatum.
1315 3321 1370 3374 in
1419 3322 1804 3389 imperatorum
1856 3325 2216 3388 Romanorum
2272 3327 2370 3382 lli-

797 3410 958 3462 storia
995 3419 1127 3462 tom.
1147 3412 1236 3474 IV,
1262 3412 1508 3480 aliasque
1537 3414 1833 3484 scriptores
1855 3418 2132 3473 memorie
2159 3419 2372 3487 prodita

802 3504 1003 3570 passim
1059 3515 1379 3572 occurrunt,
1423 3507 1777 3562 manifestum
1837 3521 1944 3565 est.
2020 3511 2372 3580 Quapropter

801 3610 905 3647 nec
963 3597 1066 3648 sub
1115 3597 1228 3660 illo,
1283 3599 1358 3651 uti
1401 3615 1468 3653 ex
1525 3600 1636 3668 jam
1678 3600 1843 3656 dictis
1903 3603 2064 3658 facile
2125 3605 2371 3671 colliges,

805 3681 990 3738 Sancti
1048 3689 1220 3742 nostri
1258 3689 1420 3742 statui
1470 3699 1656 3758 potest
1687 3693 2032 3763 martyrium.
2090 3695 2170 3749 Ex
2221 3696 2374 3752 hisce

801 3790 967 3838 porro
1016 3779 1275 3834 omnibus
1319 3780 1430 3848 jam
1474 3781 1610 3845 ﬂuit,
1660 3784 1839 3852 primo
1895 3787 2141 3852 quidem,
2199 3798 2261 3843 ut
2317 3789 2372 3842 in

804 3869 1020 3924 laudata
1049 3888 1077 3924 a
1118 3871 1305 3927 Leone
1358 3877 1559 3930 Allatio
1588 3876 1774 3932 Graeca
1831 3877 2090 3934 Demetrii
2138 3880 2252 3936 Vita
2277 3899 2372 3938 seu

804 3959 1066 4017 Passione
1087 3979 1154 4018 ex
1187 3975 1371 4020 errato
1397 3965 1599 4023 Graecis
1621 3971 1917 4026 admodum
1945 3975 2245 4038 communi,
2266 3992 2375 4044 quo

805 4053 1082 4110 Maximini
1129 4067 1186 4112 et
1222 4056 1533 4114 Maximiani
1587 4064 1808 4118 nomina
1854 4065 2037 4120 solent
2083 4065 2372 4132 confundi,

805 4146 1086 4215 Μιξιμῐνος
1145 4167 1243 4220 pro
1269 4152 1613 4231 Μαξιμιανρς
1643 4170 1932 4225 perperam
1966 4159 2261 4223 scribatur,
2297 4161 2376 4214 uti

803 4239 969 4293 etiam
998 4254 1062 4294 ex
1099 4242 1164 4296 iis
1215 4259 1337 4312 quae
1372 4260 1526 4299 num.
1563 4248 1593 4300 7
1643 4247 1696 4300 in
1732 4247 1970 4301 medium
2004 4250 2205 4304 adduxi
2239 4252 2376 4306 satis

805 4331 1014 4399 liquet;
1064 4333 1265 4389 deinde
1317 4351 1448 4390 vero
1493 4344 1552 4391 ut
1589 4337 1774 4393 Sancti
1814 4342 1988 4394 nostri
2052 4343 2372 4413 martyrium

805 4426 907 4476 sub
941 4424 1265 4482 Maximiano
1293 4422 1530 4495 Galerio,
1563 4431 1655 4500 qui
1678 4432 1779 4487 sub
1813 4449 1958 4488 anno
1981 4435 2108 4500 305,
2134 4436 2212 4490 uti
2233 4438 2377 4491 inter

807 4514 1051 4569 eruditos
1085 4519 1247 4572 modo
1281 4520 1560 4584 convenit,
1596 4522 1664 4576 ad
1725 4539 1930 4577 annum
1957 4541 2130 4594 usque
2156 4527 2283 4592 511,
2323 4528 2374 4583 ei
2408 4540 2455 4597 ο

802 4611 1190 4675 emortualem,
1230 4611 1615 4680 imperatorem
1676 4616 1806 4684 egit,
1840 4626 2062 4688 totoque
2094 4618 2190 4672 illo
2235 4606 2379 4675 ten-

810 4715 939 4766 pore
996 4702 1366 4759 Macedoniam
1404 4721 1469 4760 ac
1515 4709 1675 4776 proin
1752 4711 1939 4763 etiam.
2001 4726 2120 4780 qure
2160 4712 2262 4766 sita
2322 4713 2377 4766 in

813 4794 914 4846 hac
961 4806 1068 4856 est,
1128 4795 1573 4852 Thessalonicam
1614 4802 1669 4854 in
1705 4811 1974 4869 potestate
2033 4820 2128 4857 sua
2167 4804 2376 4872 habuit,

808 4885 1157 4937 statuendum
1191 4886 1282 4939 sit.
1320 4887 1514 4941 Verum
1538 4905 1646 4958 quo
1674 4891 1877 4945 Christi
1907 4894 2101 4946 anno?

887 4977 974 5031 59.
1007 4977 1141 5032 Cum
1179 4979 1540 5035 Maximianus
1564 4982 1815 5039 Galerius
1850 5002 1998 5039 anno
2029 4987 2123 5040 511
2168 4988 2276 5057 (adi
2309 4987 2376 5040 ad

812 5071 959 5124 hunc
997 5087 1221 5135 annum,
1256 5090 1407 5129 num.
1453 5075 1540 5138 15,
1574 5076 1794 5146 Pagium
1823 5078 1873 5130 in
1911 5077 2136 5144 Criticfs)
2173 5095 2202 5133 e
2239 5079 2375 5135 vivis

809 5163 1127 5226 excesserit,
1176 5165 1430 5219 Demetrii
1474 5171 1793 5234 martyrium
1829 5169 1964 5223 ultra
2002 5170 2254 5223 eumdem
2281 5186 2379 5223 an-

811 5270 940 5307 num
971 5256 1159 5322 nequit
1193 5257 1400 5310 dill'erri
1425 5299 1440 5323 ,
1476 5261 1585 5313 imo
1623 5276 1770 5319 vero.
1808 5277 1931 5314 cum
1966 5263 2107 5316 idem
2142 5264 2378 5331 impera-

814 5360 900 5400 tor
951 5359 1064 5402 toto
1108 5365 1254 5404 anno
1300 5352 1404 5405 510
1454 5356 1776 5423 gravissimo
1838 5356 2030 5409 morbo
2073 5357 2376 5417 laburarit.

814 5449 1075 5508 tuncque,
1131 5459 1252 5495 cum
1311 5446 1570 5497 Sanctum
1618 5447 1786 5515 jussit
1831 5449 2029 5510 occidi,
2070 5449 2381 5501 valetudine

813 5532 1014 5599 Optima
1065 5545 1201 5584 usus
1251 5533 1361 5597 sit,
1415 5536 1824 5591 verosimillinte
1867 5548 2027 5590 etiam
2070 5539 2196 5592 ante
2238 5539 2382 5593 hunc

814 5637 1017 5676 annum
1047 5625 1629 5693 statuidebetzquanto
1658 5639 1834 5683 autem
1866 5644 2110 5699 tempore
2136 5632 2379 5689 circiter.

811 5715 922 5783 jam
952 5731 1096 5769 nunc
1123 5718 1348 5771 dicenda
1373 5720 1680 5775 verosimile
1712 5732 1977 5790 utcunqu.
2015 5723 2269 5775 elﬁcient.
2325 5721 2377 5772 lu

817 5806 1231 5868 Metauhrastica
1262 5810 1448 5868 Sancti
1490 5809 1626 5869 Vita.
1654 5812 1930 5870 alteraque
1956 5815 2229 5870 anonvati.
2264 5828 2382 5869 oua:

2534 1932 2625 1987 60.
2663 1934 2789 1988 Belli
2819 1934 3081 1990 adversus
3115 1933 3413 1994 Sarmatas.
3441 1933 3646 2001 quibus
3677 1930 3844 1986 Gothi
3867 1931 4050 2000 juncti

2462 2038 2585 2078 esse
2625 2025 2945 2092 potuerint,
2987 2041 3015 2078 a
3047 2024 3377 2078 Maximiano
3406 2024 3629 2078 Galerio
3658 2027 3826 2092 gesti,
3865 2025 4046 2076 victo-

2464 2117 2666 2181 riaeque
2697 2115 2794 2169 abs
2832 2117 2934 2170 hoc
2972 2115 3038 2168 de
3097 2116 3206 2170 illis
3247 2119 3429 2169 relata:
3475 2113 3864 2168 Tillemontius
3912 2126 4046 2167 toni.

2467 2206 2532 2261 IV
2570 2207 2813 2261 Historia
2841 2210 3239 2276 imperatorum,
3279 2224 3402 2278 pag.
3431 2208 3520 2274 89,
3555 2208 3832 2269 meminit,
3861 2207 4048 2260 addit.

2463 2317 2569 2369 que
2598 2301 2796 2354 bellum
2830 2302 2982 2364 illud,
3027 2303 3184 2370 cujus
3208 2303 3358 2362 alibi.
3384 2318 3547 2370 quant
3585 2303 3728 2370 apud
3765 2300 4044 2354 Zonaram

2464 2403 2515 2445 et
2555 2392 2897 2445 Ammianum
2951 2391 3352 2458 Marcellinum,
3397 2410 3540 2456 quos
3595 2394 3806 2447 ibidem
3862 2396 4040 2456 citat,

2468 2486 2725 2538 memoria
2752 2500 2859 2538 non
2896 2486 3230 2550 inveniatur,
3269 2485 3349 2538 vel
3382 2501 3526 2539 anno
3555 2485 3662 2538 505
3694 2488 3778 2538 vel
3815 2502 4054 2552 sequen-

2469 2577 2538 2630 tis
2572 2577 2727 2630 initio
2776 2593 2899 2632 esse
2944 2578 3290 2645 alligetulum.
3341 2577 3461 2632 .lam
3506 2594 3632 2632 vero
3669 2595 3800 2632 cum
3844 2587 4051 2647 pm"

2470 2671 2692 2732 bellum,
2744 2685 2773 2722 a
2821 2670 3174 2726 Tillemontio
3228 2672 3315 2726 hic
3375 2681 3784 2735 memoratum,
3845 2672 4049 2725 bellum

2471 2763 2637 2828 aliud,
2672 2781 2782 2832 quo
2833 2764 3084 2819 Galerius
3131 2765 3518 2826 Maximianus,
3563 2764 3678 2832 jam
3733 2764 4006 2818 nimirum
4036 2805 4051 2824 .

2469 2866 2598 2910 ante
2627 2857 2771 2922 quod
2803 2866 2950 2910 certe
2973 2867 3188 2926 tempus
3217 2855 3548 2919 Demetrium
3587 2855 3733 2910 haud
3763 2856 3935 2924 jussit
3964 2872 4056 2910 oc-

2470 2949 2600 3010 cidi,
2636 2949 2934 3016 imperator
2965 2956 3204 3011 creatus.
3232 2947 3442 3004 Gothos
3477 2947 3879 3015 Sarmatasque
3912 2949 4056 3001 vice-

2471 3040 2563 3101 rit,
2594 3055 2778 3091 revera
2819 3047 3008 3091 notum
3040 3053 3147 3092 non
3184 3040 3287 3104 sit,
3311 3039 3694 3106 scriptoreque
3717 3039 3839 3101 illo,
3872 3054 4056 3107 quan-

2475 3137 2588 3182 tum
2617 3129 2682 3182 ad
2713 3139 2948 3196 tempus,
2967 3144 3077 3197 quo
3103 3129 3321 3188 bellum.
3353 3128 3516 3195 cujus
3533 3126 3809 3187 metttiuit,
3834 3135 4052 3194 gestum

2473 3222 2683 3285 scribit,
2719 3221 2976 3274 standum
3005 3220 3273 3279 videatur.
3304 3219 3571 3291 Sanctum
3599 3226 3871 3277 nostrum,
3901 3217 4052 3286 quod

2471 3328 2596 3367 eum
2639 3322 2761 3381 post
2788 3323 2999 3377 gestum
3034 3327 3064 3364 a
3103 3311 3321 3366 Galerio
3355 3310 3686 3364 Maximiano
3714 3320 3915 3363 contra
3949 3306 4057 3362 Go-

2473 3406 2599 3459 thos
2633 3405 3024 3473 Sarmatasquc
3061 3405 3262 3458 bellum
3301 3419 3398 3470 pro
3442 3401 3670 3457 Christo
3697 3401 4054 3462 occubuisse,

2475 3495 2867 3564 Metaphrastes
2892 3497 3077 3560 simul,
3108 3505 3167 3550 ut
3209 3497 3321 3564 jam
3355 3494 3586 3557 dictum,
3639 3503 3697 3549 et
3737 3509 4058 3564 anOnymus

2475 3591 2567 3658 qui
2597 3590 2646 3643 ei
2679 3590 2931 3657 praelusit
2977 3587 3284 3641 luculenter
3316 3587 3594 3649 indicent,
3653 3587 3903 3655 martyrii
3944 3587 4059 3648 pal-

2475 3695 2616 3733 mam
2651 3695 2796 3734 anno
2843 3681 3063 3736 circiter
3104 3681 3209 3733 506
3242 3680 3496 3733 retulisse
3522 3679 3842 3733 verosimile
3865 3678 4062 3731 existi-

2476 3788 2587 3836 mo,
2614 3771 2849 3840 hincque
2876 3788 3041 3842 supra
3061 3775 3114 3826 in
3140 3775 3382 3841 margine
3401 3788 3600 3825 annum
3629 3773 3782 3825 illum
3803 3772 4056 3840 ascripti.

2546 3865 2635 3918 61.
2669 3863 2826 3920 Nunc
2856 3865 3018 3919 etiam
3063 3866 3131 3918 de
3174 3866 3282 3925 die.
3314 3880 3424 3932 quo
3470 3865 3727 3923 Sanctus.
3783 3863 3912 3918 fuso
3966 3877 4061 3932 pro

2478 3955 2583 4010 ﬁde
2608 3955 2923 4010 Christiana
2947 3957 3238 4025 sanguine.
3271 3969 3479 4026 martyr
3500 3956 3858 4019 occubuerit,
3885 3970 4060 4025 pauca

2474 4043 2743 4098 dicamus.
2800 4045 3006 4116 Elogio,
3049 4063 3159 4114 quo
3208 4048 3260 4100 in
3309 4046 3532 4101 Menaeis
3580 4047 3646 4102 ad
3693 4047 3767 4100 εδ
3802 4048 4062 4102 Octobris

2476 4134 2619 4190 diem
2650 4147 2899 4204 ornatur,
2931 4148 3229 4206 sequentes
3259 4140 3334 4202 hi,
3369 4140 3422 4193 in
3452 4140 3656 4208 quibus
3687 4140 3755 4193 ad
3788 4141 4059 4210 martyrii.

2476 4230 2622 4297 quod
2659 4231 2848 4294 subiit,
2886 4246 3058 4300 genus
3083 4271 3098 4294 ,
3131 4248 3259 4300 cum
3305 4234 3564 4301 passione
3611 4233 3804 4286 lateris
3853 4232 4060 4286 Christi

2477 4321 2894 4374 similitudinem
2946 4322 3265 4392 quampiam
3310 4323 3544 4389 habens,
3595 4324 3888 4387 ailuditur.
3925 4341 4064 4394 pra:-

2480 4413 2778 4467 mittuntur
2807 4413 3062 4469 versiculi
3099 4432 3112 4467 :

2480 4508 2793 4578 Δημήτριον
2826 4507 3088 4578 vti-nouat
3123 4507 3340 4577 λόγχαι,
3379 4508 3582 4578 Χριστέ
3619 4525 3746 4576 μου,

2482 4577 2760 4645 Ζηλοῦντα
2791 4577 3037 4644 πλευρᾶς
3077 4576 3442 4646 λογχονύκτού
3487 4580 3585 4645 σῆς
3611 4578 3846 4641 πάθους.

2481 4646 2715 4717 Εἰκοστῇ
2755 4646 2941 4710 μελίαι
2974 4650 3289 4719 Δημήτριον
3330 4650 3468 4721 ἕκτῃ
3494 4650 3730 4703 ἀνεῖλον.

2482 4737 2706 4793 Priores
2733 4739 2840 4794 duo
2873 4755 2904 4794 e
2937 4740 3215 4805 versione,
3245 4755 3411 4809 quam
3463 4741 3597 4808 ipsis
3634 4740 3923 4806 adaptavi.
3954 4751 4064 4796 ter-

2483 4831 2701 4893 tiusque
2719 4847 2782 4884 ex
2804 4831 3058 4898 adaptata
3085 4831 3133 4884 ei
3163 4847 3192 4884 a
3215 4831 3588 4900 Pupebl‘ocltio
3609 4833 3660 4883 in
3689 4831 4064 4902 Ephemen‘di-

2483 4923 2576 4975 bus
2598 4921 2999 4977 Cra'co-Most'is
3025 4923 3483 4990 interpretatione
3507 4921 3700 4976 Latine
3726 4936 3798 4975 tta
3829 4935 4058 4978 sonant:

2488 5014 2807 5067 Demetrium
2833 5015 3027 5067 lancem
3058 5016 3383 5081 confodiunt,
3413 5013 3620 5068 Christe
3654 5017 3744 5077 mi.

2485 5083 2788 5154 Blasionem
2815 5083 3000 5154 lateris
3030 5086 3130 5145 tui,
3160 5086 3343 5137 lancea
3389 5086 3640 5154 confossi.
3690 5086 4060 5139 a‘malauum.

2495 5153 2686 5207 Vicena
2714 5165 2761 5208 et
2795 5164 2942 5208 sexta
2974 5153 3279 5208 Demetrian
3305 5155 3460 5207 hasta
3487 5159 3722 5222 peremit.

2486 5248 2719 5301 Sanctus
2753 5248 2936 5316 itaque
2971 5247 3226 5302 vicesima
3267 5257 3418 5300 sexta
3451 5247 3702 5301 Octobris
3733 5247 3830 5302 die
3856 5261 4060 5318 marty-

2487 5340 2627 5393 rium
2669 5340 2908 5394 subi’tsse
2970 5340 3023 5392 in
3079 5338 3302 5394 Menaeis
3345 5339 3634 5393 asseritur.
3698 5337 3817 5393 Etsi
3877 5352 4059 5394 autem

2485 5431 2688 5485 Menam
2718 5431 2876 5485 ﬁdem
2911 5441 3117 5485 certam
3147 5470 3161 5494 ,
3195 5432 3271 5496 uti
3299 5431 3434 5485 satis
3465 5441 3787 5495 notum—est,
3826 5436 3879 5485 in
3909 5434 4058 5487 simi-

2483 5524 2627 5580 libus
2677 5526 2818 5577 haud
2869 5534 3202 5586 mereantur,
3243 5525 3332 5575 ilia
3366 5533 3547 5576 tamen
3591 5523 3681 5576 hic
3721 5535 3879 5577 certo
3930 5526 4056 5579 falsa

2485 5632 2608 5672 es:e
2638 5633 2953 5671 asseverare
2986 5634 3092 5669 ttou
3139 5617 3334 5669 ausim.
3363 5615 3468 5667 Nec
3489 5624 3593 5676 est,
3617 5617 3762 5682 quod
3802 5633 4054 5686 reponas.

2489 5714 2818 5764 Delllt'll'illln
2855 5711 2908 5763 in
2953 5709 3338 5779 Mattymlugio
3373 5695 3618 5761 Romano
3643 5748 3656 5770 ,
3698 5718 3814 5762 tutu
3870 5714 4051 5768 veteri.

2489 5815 2600 5858 tum
2632 5803 2898 5858 hodierno
2928 5804 2992 5856 ad
3025 5803 3054 5856 8
3086 5801 3338 5856 Octobris
3369 5801 3511 5854 diem
3561 5799 3829 5855 celebrati
3857 5847 3870 5868 ,
3903 5805 4052 5870 idque
