4218 6442
189 375 334 438 ΠΠ

1241 382 1296 444 S.
1344 383 1720 444 DEMETRII
1770 384 2164 445 MAllTYl’tlS
2203 386 2406 443 ACTA.

3315 379 3450 443 1118

192 490 359 538 etiam
391 488 444 539 itt
476 487 600 541 aliis
624 489 904 553 erunibus,
940 490 1033 560 qui
1071 489 1726 558 Demetriimeminerunt
1760 537 1773 558 ,
1807 501 1848 554 Α
1882 498 2055 551 solide
2105 499 2434 549 confirmare
2482 508 2702 562 queam.
2743 491 2927 557 Quare
2990 490 3174 548 illam.
3218 493 3451 544 maxime

196 581 516 633 latinorum
555 579 736 634 Fastis
769 585 942 636 sacris
970 583 1109 637 ﬁeri.
1146 582 1259 638 Etsi
1309 585 1452 637 enim
1483 586 1534 637 iii
1571 585 1642 637 ita
1680 587 1768 648 sit,

199 670 254 722 bi
294 683 532 733 sanctos,
565 674 640 724 uti
676 673 934 728 omnibus
967 673 1199 729 eruditis
1224 684 1562 741 compertum
1605 678 1770 728 habe-

200 775 313 826 tur,
341 781 446 818 non
473 780 692 832 semper
718 767 785 820 iis
818 769 1033 832 diebus,
1069 771 1268 837 quibus
1298 770 1443 824 felici
1476 772 1630 823 obitu
1679 772 1778 822 tui-

199 870 433 925 grarunt
464 858 530 912 ad
561 859 874 922 Dominum,
911 863 1189 916 celebrare
1223 865 1419 924 solent,
1451 879 1553 918 nec
1585 869 1675 933 qui
1712 880 1775 918 ex

202 951 313 1004 illis
345 959 594 1004 sanctum
631 952 964 1006 Demetrium
996 964 1190 1008 octava
1221 954 1476 1010 Octobris
1505 956 1593 1010 die
1629 972 1779 1011 reco-

203 1044 342 1106 lunt,
377 1048 474 1096 hac
502 1042 654 1095 illum
687 1045 950 1112 martyrio
987 1045 1155 1099 fuisse
1187 1058 1508 1101 coronatum
1563 1048 1776 1116 uspiam

202 1144 548 1188 asseverant.
601 1134 859 1189 Sanctum
898 1141 1076 1206 itaque
1112 1154 1210 1207 pro
1242 1138 1463 1193 Christo
1501 1140 1571 1193 26
1616 1139 1778 1193 Octo-

204 1229 324 1282 bris
353 1229 441 1282 die
474 1228 649 1297 reipsa
686 1230 1049 1296 occubuisse,
1083 1231 1229 1284 omni
1264 1248 1486 1300 prorsus
1523 1231 1781 1300 probabi-

208 1321 358 1375 litate
409 1337 599 1376 carere
651 1339 755 1375 nou
809 1324 1040 1389 videtur,
1075 1326 1175 1378 etsi
1226 1327 1444 1379 interim
1500 1343 1596 1391 pro
1629 1338 1781 1380 certo

209 1414 522 1479 neutiquam
559 1413 734 1480 p05sit
763 1412 972 1478 haberi,
1010 1414 1156 1483 quod
1194 1415 1247 1466 itt
1281 1414 1601 1469 sulIlt-ieutis
1635 1417 1778 1470 anti-

210 1505 436 1572 quitatis
469 1504 701 1572 ﬁdeique
731 1505 1078 1560 documentis
1117 1507 1404 1560 fundatum
1443 1524 1551 1562 non
1585 1511 1674 1563 sit.

281 1595 367 1647 62.
397 1595 665 1648 Cat-terum
701 1598 804 1648 alia
838 1612 946 1648 tton
983 1607 1303 1664 suppetunt,
1327 1600 1527 1666 quibus
1577 1615 1780 1652 annum

207 1703 271 1736 ac
308 1686 478 1750 diem,
528 1701 638 1754 quo
677 1686 913 1739 Sattctus
948 1689 1188 1757 martyrii
1225 1689 1456 1756 palmam
1512 1692 1781 1752 retulerit,

208 1781 592 1834 detertninem.
631 1780 708 1832 Ad
744 1779 814 1842 id,
855 1780 999 1849 quod
1038 1781 1446 1834 discutiendum
1484 1783 1665 1836 adhuc
1697 1784 1782 1836 ltic

207 1879 314 1934 est,
350 1873 457 1938 iam
491 1872 830 1941 progredior.
863 1873 918 1925 In
947 1872 1382 1941 Iletapbrasticis
1409 1877 1592 1930 Sancti
1614 1877 1782 1940 Λαὶς,

209 1965 448 2029 quibus.
507 1979 628 2030 quae
681 1980 1008 2034 anonymns,
1065 1964 1438 2033 Metaphraste
1485 1969 1783 2036 antiquior,

211 2054 584 2114 concinnavit.
618 2065 967 2119 consonant,
1004 2056 1248 2126 martyrii
1293 2072 1322 2109 a
1362 2057 1561 2112 Sancto
1600 2068 1786 2112 nostro

215 2148 427 2202 tolerati
457 2148 760 2201 narrationi
792 2150 1077 2217 sequentia
1108 2149 1418 2202 subduntur
1448 2168 1460 2201 :
1504 2170 1520 2200 ο
1553 2149 1788 2216 Quidam

211 2258 279 2294 ex
313 2240 497 2295 Sancti
547 2241 825 2308 (Demetrii
861 2243 1080 2308 nempe)
1145 2241 1365 2296 famulis
1417 2253 1569 2296 stans
1620 2260 1788 2313 prope

211 2348 364 2394 eum.
402 2335 621 2401 quando
651 2333 862 2386 beatam
897 2333 1042 2385 illam
1077 2333 1245 2387 subiit
1287 2335 1517 2394 ctedem.
1545 2351 1691 2396 cunt,
1731 2347 1790 2389 ut

216 2426 420 2494 potuit,
457 2426 700 2478 divinum
730 2427 881 2478 illum
917 2425 1239 2493 sanguinem
1273 2427 1578 2496 collegisset
1615 2429 1666 2479 io
1702 2443 1788 2480 sa-

212 2535 310 2574 cro
347 2518 601 2588 martyris
643 2519 1103 2586 super-ltuoterali,
1139 2528 1190 2571 et
1226 2535 1385 2586 quem
1423 2536 1583 2571 tnattu
1615 2532 1793 2588 gesta-

215 2612 334 2674 bat,
366 2612 627 2665 annulum
663 2611 986 2678 accepisset,
1014 2621 1068 2663 et
1098 2609 1352 2678 martyris
1382 2612 1647 2677 sanguine
1681 2613 1788 2665 titt-

217 2705 412 2763 xisset,
458 2715 552 2768 per
580 2701 694 2770 ipsa
736 2701 966 2754 faciebat
1017 2702 1248 2769 plurima
1285 2702 1569 2754 miracula.
1602 2703 1790 2772 Neque

216 2803 338 2846 erat
373 2794 517 2848 ullus
549 2794 796 2854 morbus,
824 2808 1000 2861 neque
1031 2793 1206 2847 malus
1232 2793 1444 2847 dmtnon
1471 2803 1580 2845 tam
1611 2795 1789 2859 fortis,

215 2888 352 2958 quin
377 2895 591 2948 statim,
625 2885 670 2939 si
701 2887 846 2938 illius
867 2884 1090 2939 fecisset
1129 2887 1456 2953 periculum,
1479 2894 1791 2955 superaret,

219 2983 359 3034 adeo
397 2989 452 3032 ut
489 2979 580 3031 tali
617 2981 758 3031 fama
786 2979 1174 3034 miraculorum
1215 2981 1546 3034 incolerctur
1581 2991 1690 3034 tota
1714 2983 1794 3033 ci-

223 3074 364 3126 vitas
404 3069 1003 3124 Thessalonicensiunt.
1053 3072 1321 3135 Quocirca
1356 3088 1456 3124 nec
1503 3083 1620 3125 erat
1655 3089 1790 3125 con-

220 3173 550 3218 sczttaneunt
577 3178 638 3214 ca
666 3163 834 3215 latere
861 3161 1246 3216 Maximiattum
1273 3204 1287 3227 ,
1325 3179 1423 3216 nec
1455 3164 1597 3217 ferre
1637 3180 1796 3230 posse
1821 3179 1865 3238 (ς

221 3254 526 3319 invidiam;
565 3264 620 3308 et
658 3254 778 3307 ideo
806 3256 1018 3324 capitur
1043 3256 1290 3324 protinus
1315 3257 1573 3317 famulus,
1602 3258 1794 3310 horum

223 3350 494 3401 bonorum
523 3359 861 3417 procurator,
885 3361 936 3402 et
958 3350 1303 3403 interficitur.
1333 3350 1598 3403 Tribonal
1624 3352 1794 3413 locus,

223 3443 281 3494 itt
316 3457 423 3510 quo
451 3440 554 3494 fttit
583 3442 836 3503 occisus;
870 3440 1052 3509 Lupus
1084 3453 1266 3497 autem
1305 3443 1603 3497 vocabatur
1637 3459 1797 3510 egro-

223 3530 348 3601 gius
380 3530 471 3582 ille
499 3530 754 3582 famulus.
799 3548 815 3578 ι

297 3621 387 3676 63.
421 3621 651 3689 Majores
685 3624 858 3675 nostri
882 3623 948 3676 ad
983 3624 1127 3677 diem
1158 3623 1227 3677 25
1263 3625 1512 3693 Augusti,
1536 3639 1643 3691 quo
1674 3639 1798 3677 sat.-

226 3727 354 3770 ctus
395 3715 580 3783 Lupus
617 3731 710 3769 seu
755 3717 974 3784 Luppus
1006 3728 1243 3784 martyr.
1279 3717 1664 3785 Martyrologio
1692 3715 1799 3766 Ro-

227 3826 416 3873 mano,
454 3808 1023 3864 Metta'is-Grtecoruttt
1056 3809 1275 3862 excusis
1305 3849 1317 3871 ,
1355 3808 1660 3878 Mettologto
1689 3811 1801 3862 Sir-

225 3903 453 3965 letiano,
485 3901 716 3969 aliisque
745 3917 853 3954 non
909 3902 1072 3954 modo
1117 3901 1432 3954 Cra-corum
1486 3918 1546 3954 ac
1580 3903 1802 3956 Latino-

224 4010 373 4055 rum,
408 3994 499 4047 sed
532 4001 585 4046 et
621 3993 848 4046 aliarunt
889 3995 1168 4046 nationum
1199 3991 1377 4049 Fastis
1407 3994 1578 4048 sacris
1605 3995 1800 4048 inscri-

227 4087 400 4147 bitur,
434 4100 561 4136 nlllll
599 4093 820 4137 sanctus
854 4084 939 4137 hic
969 4093 1172 4153 martyr
1203 4100 1325 4136 cum
1360 4083 1513 4152 Lupo
1539 4084 1593 4137 itt
1624 4086 1799 4139 sancti

227 4175 490 4229 Demetrii
528 4176 678 4228 Actis
703 4189 797 4242 per
828 4175 989 4228 verba
1018 4176 1128 4243 jam
1163 4192 1309 4228 nunc
1344 4179 1566 4229 recitata
1592 4193 1802 4231 memo-

230 4276 351 4320 rato
389 4283 532 4319 unus
597 4266 853 4334 idemque
911 4267 979 4319 sit
1023 4268 1380 4335 inquisivere.
1414 4269 1491 4322 Ac
1533 4269 1803 4322 verisimi-

228 4359 340 4411 lius
385 4358 606 4425 quidem
640 4357 772 4425 ipsis
821 4357 996 4411 visunt
1033 4370 1155 4422 est,
1201 4358 1413 4427 Lupum
1467 4371 1801 4430 martyrem,

229 4450 410 4503 Fastis
442 4450 615 4504 sacris
649 4450 715 4503 ad
743 4450 950 4503 dictum
987 4449 1131 4504 diem
1177 4451 1466 4514 insertum,
1499 4468 1621 4506 cum
1655 4453 1805 4520 Lupo

1876 590 2020 661 quod
2064 591 2328 642 ambobus
2359 589 2466 641 illis
2497 587 2713 640 Sanctis
2761 583 3043 637 famularis
3096 597 3191 634 seu
3238 583 3450 635 servilis

1875 682 2139 743 conditio,
2161 682 2352 733 titulus
2384 677 2649 748 martyrii,
2679 691 3009 743 nomenque,
3036 691 3144 742 quo
3191 685 3453 727 vocantur

1877 775 1983 828 sint
2019 777 2350 835 communia,
2387 792 2484 829 nec
2521 777 2843 844 quidquam,
2877 773 3019 841 quod
3057 788 3153 825 eos
3189 784 3338 824 certo
3371 770 3452 823 di-

1878 869 2234 938 stinguendos
2260 873 2500 931 suadeat,
2526 870 2735 935 uspiam
2759 876 3034 928 occurrat,
3058 864 3447 923 verosimiletn,

1888 960 1996 1012 into
2031 958 2280 1028 opposita
2316 959 2786 1018 verositniliorem.
2817 973 2938 1010 cum
2961 955 3122 1008 dictis
3155 951 3452 1018 majoribus

1884 1054 2084 1108 nosnis
2118 1055 2472 1120 pronuntiare
2497 1062 2790 1107 contentus
2813 1049 2840 1119 ᾗ
2863 1051 2990 1103 huic
3020 1050 3180 1102 finettt
3208 1048 3448 1113 impono.

1883 1167 1908 1238 ᾗ
1942 1167 2019 1219 VI.
2065 1169 2250 1220 Sancti
2282 1168 2529 1219 memoria
2571 1169 2623 1218 in
2671 1164 2843 1217 Fastis
2874 1165 3057 1220 sacris,
3092 1153 3454 1238 rtt'tusnecclel

1954 1241 2231 1299 tinuit-us,
2276 1255 2376 1304 quo
2428 1238 2706 1289 universim
2756 1238 3006 1304 hodieque
3046 1233 3186 1297 apud
3246 1229 3455 1290 Gra’cos

1953 1316 2164 1379 gaudet,
2193 1319 2348 1377 atque
2387 1309 2512 1359 olim
2553 1309 2649 1375 [uit
2686 1311 2916 1375 gavisus.

1954 1426 2042 1478 61.
2062 1424 2172 1477 Etsi
2199 1427 2413 1483 quidem
2439 1421 2626 1474 Sancti
2653 1437 2758 1472 non
2787 1421 2964 1489 pauci,
2986 1420 3187 1487 quibus
3202 1407 3456 1470 Demetrii

1884 1534 2080 1571 nomen
2110 1518 2427 1576 l'uertt,totn
2464 1520 2515 1566 itt
2553 1515 2855 1577 iunioribus
2875 1511 3455 1576 aputlFlorcntinium,

1888 1619 1998 1660 tunt
2039 1610 2090 1660 itt
2128 1610 2432 1660 minoribus
2466 1622 2558 1658 seu
2589 1605 3068 1663 contractioribus,
3110 1618 3227 1669 quae
3255 1603 3320 1652 ab
3357 1603 3458 1653 hoc

1890 1700 2119 1766 aliisque
2169 1699 2382 1765 volgata
2429 1706 2598 1758 sunt,
2653 1694 3088 1763 lltetonytnianis
3131 1694 3458 1760 apugrapltis

1889 1793 2136 1858 inscripti
2183 1795 2246 1842 ad
2297 1793 2540 1844 diversos
2593 1791 2720 1843 anni
2761 1791 2875 1841 dies
2922 1795 3232 1847 occurrant,
3280 1786 3460 1838 nullus

1891 1895 2068 1939 tamen
2097 1897 2190 1934 eos
2217 1884 2360 1933 inter
2383 1889 2486 1942 est,
2526 1882 2616 1948 qui
2651 1882 2728 1932 vel
2762 1883 2826 1931 ad
2859 1880 3003 1931 hunc
3040 1879 3205 1936 tln-nt,
3254 1876 3459 1927 Sancto

1887 1988 2084 2029 nostro
2113 1977 2254 2042 apud
2287 1976 2508 2027 Latinos
2554 1989 2769 2026 sacrum
2799 2012 2813 2035 ,
2842 1973 2921 2023 vel
2957 1970 3023 2023 ad
3068 1969 3136 2021 26
3185 1968 3458 2029 Octobris,

1889 2071 2064 2123 eidem
2099 2070 2236 2134 apud
2272 2066 2487 2119 Grtrcos
2511 2066 2773 2124 dicatunt.
2796 2063 3124 2123 celebretur,
3151 2071 3245 2112 aut
3266 2060 3454 2112 saltem

1893 2179 2033 2215 tinus
2069 2163 2320 2227 idemque
2353 2173 2380 2209 e
2430 2157 2838 2210 cnaraCIeribus
2875 2155 3073 2222 quibus
3113 2154 3464 2217 distinguitur

1891 2273 2015 2310 cum
2057 2253 2332 2307 Dttnetrio
2383 2263 2568 2304 nostro
2616 2260 2733 2303 tuto
2785 2253 2954 2316 possit
2994 2247 3181 2300 statui.
3219 2247 3416 2299 Verum
3445 2287 3458 2305 ,

1891 2345 2138 2414 quatmis
2177 2347 2349 2402 forte,
2393 2344 2467 2392 uti
2524 2340 2646 2392 inde
2692 2339 3072 2403 consequitur,
3131 2335 3305 2388 Fastis
3360 2336 3464 2387 illis

1893 2456 1918 2490 s
1941 2439 2086 2496 tt-ris,
2113 2438 2200 2503 qui
2241 2437 2466 2500 reliquis
2491 2433 2749 2484 omnibus
2781 2430 3126 2495 antiquiores
3164 2428 3462 2486 habentur,

1896 2529 2130 2582 Sanctus
2166 2537 2355 2578 noster
2395 2525 2643 2590 nu~piant
2691 2522 2759 2574 sit
2815 2523 3049 2574 insertus
3074 2559 3087 2582 ,
3125 2535 3248 2572 eum
3285 2533 3464 2571 tatttett

1896 2638 1991 2690 pro
2066 2621 2268 2672 Sancto
2317 2616 2622 2683 antiquitus
2681 2614 2921 2666 habttttm
2978 2612 3142 2664 fuisse
3198 2610 3466 2678 hodieque

1895 2713 2078 2766 haberi
2110 2713 2189 2762 vel
2224 2711 2552 2776 multiplices
2587 2708 2751 2760 etiam
2788 2707 3115 2765 ostendunt,
3182 2710 3233 2756 itt
3265 2704 3465 2770 quibus

1896 2808 2222 2868 celebratur,
2277 2805 2550 2857 variarunt
2608 2811 2914 2858 nationum,
2958 2799 3051 2866 qui
3095 2799 3161 2850 ab
3194 2797 3469 2866 Hierony-

1899 2898 2094 2950 mianis
2123 2905 2254 2949 sunt
2286 2893 2554 2954 distincti,
2586 2891 2728 2944 Fasti
2776 2890 2916 2941 sat-ri
2946 2900 3056 2940 tum
3104 2889 3467 2955 antiquiores,

1898 3005 1998 3041 nec
2056 2991 2284 3041 multum
2327 2988 2650 3045 antiquitate
2704 2982 3143 3051 llieronytttianis
3183 2982 3467 3040 cedentes.

1899 3091 2010 3133 tutn
2044 3083 2206 3132 ctiattt
2242 3080 2421 3131 minus
2454 3079 2682 3144 antiqui.

1971 3174 2057 3226 65.
2115 3175 2190 3225 Ac
2241 3171 2416 3238 primo
2468 3170 2709 3236 quidem,
2746 3179 2802 3219 ut
2852 3183 2877 3218 a
2918 3165 3094 3218 Fastis
3151 3162 3469 3217 Latinntuu

1901 3265 2072 3318 sacris
2112 3262 2504 3317 enumerandis
2558 3261 2751 3313 ducatu
2794 3259 3034 3315 initium,
3074 3254 3384 3308 Demetrius
3418 3255 3470 3306 itt

1902 3357 2284 3425 Martyrologio
2319 3353 2563 3405 llomano
2598 3369 2764 3417 parvo
2793 3367 2886 3403 seu
2922 3350 3113 3409 veleri,
3151 3349 3295 3415 quod
3329 3347 3474 3415 paris

1903 3443 2014 3496 fere
2046 3459 2166 3494 cum
2206 3441 2604 3508 Martyrologto,
2638 3440 2779 3505 quod
2821 3441 2996 3492 sancti
3030 3436 3360 3506 llieronytni‘
3382 3452 3476 3488 n0-

1903 3536 2049 3586 tnino
2076 3535 2262 3586 circus
2289 3531 2483 3588 fertur.
2556 3530 2845 3582 vetustatis
2875 3540 3150 3585 censetur.
3184 3529 3341 3581 hodie
3374 3543 3472 3580 an-

1903 3628 2183 3679 nuntiatur
2215 3624 2569 3692 paucishisce
2598 3624 2810 3678 verbis;
2851 3640 2866 3670 ι
2908 3621 3336 3678 Thessalonicae.
3373 3619 3475 3670 [lc-

1902 3720 2079 3772 tttctrii
2121 3717 2394 3785 martyris.
2441 3735 2456 3764 ι
2499 3716 2758 3767 Sanctum
2821 3729 3002 3780 porro,
3039 3728 3068 3764 c
3106 3713 3476 3764 vetustissimo

1907 3813 2010 3862 isto
2031 3808 2415 3876 Martyrologio
2448 3820 2757 3870 acri-ptum.
2788 3805 2902 3857 Atio
2935 3803 3168 3870 primum
3189 3817 3251 3853 ac
3279 3800 3478 3855 deinde

1904 3919 1968 3954 ex
2028 3903 2129 3953 hoc
2191 3899 2471 3952 Usuardus
2525 3908 2579 3950 et
2636 3897 2939 3955 Notkerus,
3014 3895 3276 3962 antiquis,
3339 3909 3481 3961 quos

1905 3993 2160 4046 classicos
2219 4005 2494 4048 vocamus,
2556 3988 2928 4056 lllartytologis
2961 3985 3223 4039 accettsiti
3262 3999 3477 4049 omnes,

1906 4086 1958 4137 iit
1995 4083 2371 4151 lllartytologia
2415 4097 2442 4132 a
2484 4096 2541 4133 se
2581 4082 2904 4133 concinnata
2958 4079 3023 4130 ad
3080 4077 3226 4130 hunc
3269 4078 3478 4145 pariter

1907 4186 2159 4229 octavum
2199 4174 2452 4227 Octobris
2521 4174 2664 4224 diem
2735 4172 3061 4231 intulerunt,
3120 4169 3264 4237 quod
3296 4170 3480 4232 etiam,

1907 4269 2007 4320 ctsi
2048 4268 2284 4327 interim,
2349 4282 2455 4333 quo
2487 4264 2853 4317 dcterminato
2888 4265 3027 4315 duce
3063 4277 3196 4315 usus
3248 4261 3337 4313 ltic
3389 4263 3480 4323 sit,

1912 4357 2050 4411 haud
2086 4358 2308 4418 sciatur,
2367 4355 2788 4407 Wandelhcrttts
2823 4353 2970 4414 fecit,
3012 4353 3065 4405 itt
3105 4353 3330 4405 metrico
3383 4366 3485 4404 suo

1914 4449 2293 4518 Martyrologio
2349 4448 2686 4500 Demetrium
2753 4444 2915 4498 hodie
2948 4445 3017 4497 ita
3045 4444 3372 4496 celebrans:

230 4541 409 4594 sancti
447 4540 700 4593 Demetrii
731 4540 957 4604 famulo,
990 4542 1080 4608 qui
1109 4541 1162 4593 in
1191 4541 1355 4601 huius
1382 4543 1534 4596 Actis
1568 4559 1804 4596 comme-
1840 4556 1880 4608 ο
1982 4569 2172 4620 06mm
2200 4576 2321 4615 “me
2360 4562 2505 4620 ldus.
2565 4560 2803 4610 Demem-
2836 4567 3034 4618 ωηειή
3069 4556 3264 4614 beam-8.

231 4645 500 4694 moratur,
551 4646 715 4684 unum
751 4646 873 4684 esse
907 4640 1068 4700 atque
1105 4631 1382 4687 eumdem.
1433 4632 1632 4686 Verum
1680 4650 1802 4687 cum

231 4725 391 4785 nihil,
430 4738 540 4796 quo
571 4727 712 4778 hanc
741 4740 908 4778 suam-
931 4725 1241 4791 opinionem
1293 4733 1378 4778 sat
1424 4726 1652 4778 firmiter
1693 4735 1808 4780 sta-

233 4820 476 4879 bilirent,
505 4826 838 4885 suppeteret,
875 4832 985 4868 rent
1019 4815 1331 4870 accuratius
1357 4817 1423 4870 ad
1461 4818 1604 4870 hunc
1638 4819 1804 4879 diem.

229 4915 274 4964 si
324 4909 452 4978 quid
499 4911 706 4961 interea
743 4907 880 4961 lucis
913 4907 1215 4975 afl‘ulgeret,
1265 4906 1684 4961 exatninandatn
1722 4925 1827 4974 res

232 5006 455 5058 misere.
478 5002 545 5058 Ut
581 5002 784 5070 itaque,
806 5002 949 5070 quod
973 5000 1282 5054 faciendum
1307 4999 1379 5052 illi
1405 5001 1806 5069 quodammodo
1829 4989 1837 5000 ’

234 5096 623 5165 promiserant,
663 5101 974 5162 praestarem
999 5133 1013 5157 ,
1069 5093 1280 5147 diversa
1330 5108 1448 5160 quae
1479 5092 1544 5146 ad
1586 5109 1803 5145 manum

231 5196 368 5242 sunt
426 5187 599 5239 sancti
638 5184 892 5240 Demetrii
919 5185 1074 5245 Acta,
1109 5195 1566 5253 monumentaque
1603 5187 1706 5238 alia
1731 5227 1744 5249 ,
1779 5203 1807 5237 c

231 5279 440 5348 quibus
479 5280 614 5331 forte
652 5279 777 5346 quid
825 5278 961 5331 lucis
1006 5277 1268 5348 aﬂ'ulgere
1319 5294 1476 5347 posse
1509 5279 1805 5347 putabam,

234 5372 430 5427 sedulo
479 5371 732 5432 discussi,
787 5372 861 5423 uti
929 5373 1091 5424 etiam
1148 5386 1481 5440 quaecunque
1532 5372 1597 5424 de
1657 5370 1808 5438 Lupo

237 5474 500 5534 martyre,
523 5462 697 5516 Fa~tis
725 5465 897 5517 sacris
919 5466 983 5516 ad
1008 5465 1151 5516 diem
1175 5463 1244 5517 25
1264 5464 1491 5533 Augusti
1523 5464 1806 5531 inscripto,

235 5557 436 5610 litt-etis
470 5557 786 5624 consignata
819 5560 1028 5623 uspiam
1069 5544 1269 5623 reperi.
1301 5555 1492 5607 Verum
1529 5556 1660 5608 nihil
1696 5571 1811 5606 om.

235 5646 372 5699 nino
405 5647 648 5699 invenire
683 5648 929 5712 conligit.
963 5649 1106 5700 unde
1138 5648 1472 5716 Opinionem,
1501 5666 1620 5716 qua:
1649 5654 1810 5702 Acto-

232 5754 360 5789 rum
417 5737 587 5790 sancti
641 5737 889 5788 lrctnetrii
941 5735 1151 5806 Luptttu
1222 5737 1581 5805 alterumque,
1636 5739 1810 5791 Fastis

232 5831 410 5884 sacris
436 5831 501 5885 at!
519 5829 587 5882 ‘25
608 5831 828 5896 Augusti
851 5829 991 5883 δίε-ω
1015 5832 1301 5896 ῗιιδοΐιιιιιι,
1323 5832 1513 5884 statuit
1533 5831 1783 5885 eumdem

1983 4637 2207 4688 Nomine
2234 4651 2327 4700 pro
2359 4632 2552 4683 Christi
2592 4640 2814 4680 tortores
2851 4643 3034 4695 passus
3068 4628 3301 4694 iniquos.

1978 4726 2350 4795 Martyrologis
2375 4725 2617 4776 classicis
2646 4738 2740 4774 seu
2794 4719 3213 4786 antiquioribus.
3240 4732 3270 4769 e
3289 4717 3482 4781 quibus

1910 4821 2128 4874 interim
2165 4819 2420 4871 llabanus
2476 4826 2549 4873 et.
2612 4815 2702 4879 qtti
2741 4824 2886 4866 tomo
2919 4813 2960 4865 ll
3015 4811 3189 4863 Martii
3233 4811 3483 4878 praefixus
3572 4869 3580 4876 ,

1911 4912 2051 4979 apud
2083 4928 2182 4963 ttos
2214 4919 2417 4967 exstat,
2456 4907 2732 4975 genuinus
2786 4905 2925 4957 forte
2980 4904 3144 4965 Beda,
3184 4917 3290 4954 non
3325 4917 3483 4954 secus

1910 5020 1970 5054 ac
2027 5001 2442 5067 llieronyttttatta
2478 4995 2811 5063 apOgrapha,
2873 4992 3207 5045 Demetrium
3255 5000 3484 5058 pra'ter-

1909 5105 2067 5147 eunt.
2109 5091 2442 5144 recentiores
2473 5099 2734 5156 pra-terea
2768 5085 3025 5137 Ecclesiae
3059 5081 3267 5135 Latina:
3299 5082 3486 5150 bagio-

1913 5187 2013 5255 logi
2057 5202 2162 5237 tton
2203 5182 2356 5252 pauci
2416 5195 2534 5233 Sese
2586 5180 2912 5243 adjunxere,
2949 5175 3168 5227 Belinus
3209 5163 3481 5238 videlicet,

1915 5280 2276 5344 Mttttt'olytztts,
2300 5273 2635 5334 Galesinius,
2668 5269 2915 5322 Molanus
2941 5268 3164 5333 aliique,
3186 5279 3325 5333 quos
3359 5280 3483 5318 cum

1912 5389 2102 5427 omnes
2158 5373 2245 5424 hic
2299 5380 2648 5426 enumerare,
2690 5374 2781 5416 aut
2842 5363 3004 5414 etiam
3037 5375 3172 5427 quas
3225 5358 3483 5426 suppedi-

1915 5476 2030 5518 tant
2088 5462 2535 5515 aununtiatioues
2580 5436 2967 5514 transcribere,
3024 5463 3204 5516 uporze
3246 5449 3482 5517 pretium

1917 5575 2024 5609 non
2059 5556 2147 5613 sit.
2188 5555 2251 5604 iis
2280 5550 2587 5619 prateritis,
2621 5546 2799 5597 adhuc
2837 5544 3000 5595 verba
3051 5542 3336 5600 duntaxat,
3364 5538 3486 5608 qui-

1923 5651 2022 5703 bus
2058 5648 2214 5700 hodie
2234 5659 2450 5712 quoque
2495 5635 2929 5704 Martyrologium
2962 5633 3265 5683 llotnattunt
3297 5628 3490 5681 Demo-

1925 5741 2085 5792 trium
2109 5738 2366 5798 celebrat,
2389 5733 2516 5785 huic
2542 5725 2838 5781 transiero.
2857 5723 2946 5775 Sic
2964 5721 3198 5775 habent:
3225 5717 3490 5771 tThessa-

1919 5832 2108 5886 Ionica:
2143 5829 2314 5886 sancti
2351 5823 2608 5881 Demetrii
2635 5817 2999 5884 proconsulis,
3038 5816 3156 5882 qui,
3194 5827 3319 5869 cum
3356 5811 3483 5880 plu-
