4218 6442
781 479 953 530 rimos
1010 473 1076 528 ad
1141 471 1349 527 Christi
1411 471 1571 526 ﬁdem
1607 474 1980 543 .perdureret,
2044 472 2356 529 Ilaximiani
2396 485 2433 534 Α

783 567 1134 638 imperatoris
1186 568 1344 636 jussu
1416 566 1624 622 lanceis
1677 565 1965 623 confossus
2036 567 2359 638 martyrium

781 657 1212 714 consummavit.
1254 677 1272 708 ι

854 752 941 806 66.
967 749 1121 817 Quod
1143 750 1256 819 jam
1281 750 1349 806 ad
1380 763 1569 804 sacros
1601 750 1828 806 aliarum
1861 751 2146 806 nationum
2171 749 2364 805 Fastos

783 853 1014 913 spectat,
1055 858 1162 898 non
1201 843 1551 913 solum‘apud
1578 842 1818 910 Gmcos,
1845 859 1875 899 e
1913 860 2143 914 quorum
2170 845 2366 915 Hagio-

782 937 944 1008 logiis
976 938 1065 992 vix
1123 937 1314 1000 ullum,
1352 937 1498 1007 quod
1556 938 1816 993 Demetrii
1868 955 1976 994 non
2033 940 2364 1006 meminerit,

783 1028 1054 1092 invenias,
1085 1025 1274 1082 Sancti
1327 1028 1503 1082 nostri
1561 1030 1822 1084 memoria
1853 1031 2135 1096 recolitur,
2174 1047 2365 1086 verum

781 1123 950 1178 etiam
988 1122 1138 1190 apud
1174 1119 1519 1192 Etltiopes,.
1541 1120 1749 1178 Russos
1778 1137 1874 1178 seu
1903 1122 2135 1186 Most-os,
2171 1122 2364 1193 Copti-

788 1229 871 1270 tas
900 1230 962 1268 ac
995 1214 1201 1285 Syros:
1236 1217 1378 1285 apud
1407 1214 1697 1286 Ethiopes
1717 1217 1938 1286 quidem
1972 1215 2370 1272 inCaleudario

784 1308 1108 1379 Ethiopico
1137 1311 1284 1378 apud
1317 1308 1515 1365 Jobum
1576 1311 1948 1381 Ludolphum.
1981 1312 2124 1380 apud
2161 1310 2371 1366 Bussos

782 1411 968 1456 autem
1003 1416 1101 1457 seu
1134 1400 1344 1456 M‘oscos
1395 1402 1448 1455 in
1488 1401 1937 1468 Sino-Rustico,
2002 1402 2148 1472 quod
2181 1401 2372 1458 Latine

783 1508 812 1546 a
856 1507 916 1547 se
979 1491 1252 1547 redditum
1299 1491 1671 1548 nobilissimus
1718 1493 1854 1549 baro
1903 1493 1971 1548 de
1998 1491 2375 1561 Bparwenl‘elt

789 1583 1084 1638 nobiscum
1137 1583 1594 1650 communicavit,
1650 1583 1973 1656 Sienologio,
2025 1586 2079 1639 in
2135 1585 2374 1656 praeﬁxis

783 1678 969 1744 operis
1009 1674 1192 1732 nostri
1230 1683 1367 1730 tom.
1406 1675 1422 1730 I
1469 1675 1590 1730 Maii
1632 1677 2092 1746 Ephemeridibus
2145 1676 2368 1733 Gracu-

792 1769 1010 1879 lrtoscis,
1062 1771 1143 1824 uti
1199 1778 1255 1824 et
1317 1769 1371 1824 in
1418 1767 1728 1825 Rutbenieo
1791 1773 1936 1841 apud
2005 1773 2362 1827 Passerinum
2400 1824 2441 1879 Β

789 1857 1138 1927 Kalendario,
1235 1859 1665 1933 Rutbenieoque
1725 1863 1887 1926 item.
1952 1864 2098 1934 quod
2147 1862 2362 1917 Mmua

787 1967 932 2006 anno
981 1950 1120 2008 l688
1145 1951 1414 2024 Georgius
1469 1954 1662 2022 David,
1716 1954 2012 2010 Societatis
2039 1966 2243 2012 nostra:
2273 1971 2364 2010 aa-

785 2044 1000 2110 cerdos,
1040 2044 1108 2099 ad
1169 2060 1272 2101 nos
1301 2046 1472 2109 misit,
1531 2044 1859 2117 Synaxario.
1916 2045 2074 2113 Quod
2137 2061 2267 2103 vero
2295 2047 2364 2103 ad

785 2135 1034 2205 Coptitas
1070 2151 1136 2191 ac
1169 2135 1339 2207 Syros
1368 2138 1629 2206 pertinet,
1664 2139 1807 2207 apud
1843 2138 2013 2193 hosce
2047 2137 2272 2207 quidem
2310 2139 2363 2192 in

785 2228 1012 2299 Syriaco
1045 2243 1142 2285 seu
1191 2229 1513 2297 Cbaldaieo,
1545 2231 1687 2302 typis
1715 2229 1978 2287 Romanis
2028 2247 2175 2287 anno
2227 2231 2366 2287 ισει

785 2321 1028 2392 vulgato,
1062 2322 1210 2389 quod
1241 2320 1433 2376 Latine
1457 2320 1585 2376 dein
1615 2322 1890 2378 redditum
1921 2338 2093 2393 penes
2126 2338 2229 2378 nos
2259 2338 2362 2379 ms.

785 2421 988 2478 exstat,
1038 2412 1423 2470 Kalendario:
1476 2413 1618 2482 apud
1668 2415 1791 2469 illos
1846 2431 1979 2470 vero
2011 2416 2066 2469 in
2112 2415 2362 2484 Coptico,

785 2503 930 2571 quod
966 2503 1259 2569 habemus,
1313 2505 1573 2575 quodque
1634 2523 1664 2561 a
1720 2505 2013 2574 iiirebero,
2073 2506 2366 2562 Societatis

787 2603 989 2647 nostra!
1017 2595 1325 2661 sacerdote,
1363 2596 1417 2650 in
1471 2596 1714 2667 linguam
1746 2596 1998 2652 Latinam
2028 2599 2198 2653 fuisse
2229 2613 2362 2652 con-

788 2703 1006 2742 versum
1057 2689 1429 2758 suspicamur,
1459 2688 1793 2745 Kalendario
1820 2705 1918 2746 ms.
1952 2691 2141 2745 Sancti
2191 2693 2365 2745 nostri

789 2795 989 2834 nomen
1047 2789 1410 2835 memoratur.
1461 2782 1539 2837 Ac
1599 2782 1653 2837 in
1686 2783 1794 2836 illis
1821 2783 2046 2853 quidem
2104 2783 2366 2837 omnibus

787 2873 1120 2927 enumeratis
1169 2873 1348 2929 Fastis
1423 2876 1597 2929 sacris
1668 2874 1981 2945 Ethiores,
2053 2875 2215 2929 Russi
2268 2889 2366 2928 seu

789 2964 976 3027 Mosci,
1007 2963 1239 3034 Coptita:
1271 2964 1469 3033 acSyri
1503 2981 1635 3028 non,
1669 2967 2133 3035 quemadmodum
2161 2966 2363 3033 Latini,

786 3059 852 3110 ad
872 3057 924 3121 8,
953 3057 1048 3110 sed
1070 3057 1137 3110 ad
1155 3056 1226 3111 26
1248 3055 1500 3113 Octobris
1525 3058 1668 3113 diem
1695 3057 2028 3115 Demetrium
2055 3059 2360 3125 celebrant,

788 3147 1009 3242 Graecos
1061 3147 1490 3242 verosimillirne.
1525 3164 1594 3204 ne
1620 3241 1623 3242 ν
1648 3151 1824 3242 dicam
1860 3151 2107 3218 indubie,
2145 3152 2365 3219 imitati,
2395 3179 2442 3242 ο

789 3241 882 3310 qui
905 3238 973 3294 ad
1010 3239 1268 3295 eumdem
1304 3239 1511 3307 pariter
1565 3241 1636 3296 26
1684 3239 1941 3297 Octobris
1971 3243 2139 3310 diem,
2171 3253 2361 3298 contra

790 3343 854 3384 ac
888 3328 1067 3384 Latini
1097 3328 1326 3392 l‘aeiunt,
1363 3329 1417 3383 in
1449 3331 1708 3386 omnibus
1737 3346 1985 3400 prorsus.
2041 3333 2134 3402 qui
2169 3333 2365 3387 Deme-

793 3424 881 3476 trii
913 3422 1306 3490 meminerunt,
1340 3422 1519 3479 Fastis
1568 3426 1761 3490 sacris,
1797 3426 1992 3480 usitari
2029 3425 2172 3494 apud
2219 3425 2366 3494 ipsos

792 3515 992 3579 solitis,
1027 3514 1291 3569 Sanctum
1324 3527 1781 3569 commemorant.

857 3605 947 3658 67.
986 3602 1186 3658 Verum
1223 3614 1285 3659 ut
1311 3604 1441 3673 quid
1474 3603 1584 3658 alio
1621 3606 1710 3660 die
1747 3605 1942 3664 Grreei.
1976 3605 2085 3659 alio
2109 3604 2283 3659 Latini
2309 3605 2361 3658 iu

790 3695 964 3750 sacris
1003 3693 1258 3750 Ecclesia:
1288 3711 1400 3749 sua:
1423 3697 1545 3750 usui
1581 3696 1872 3752 destinatis
1904 3695 2080 3751 Fastis
2102 3697 2362 3752 Sanctum

791 3787 1157 3855 consignant?
1189 3786 1307 3840 Non
1358 3803 1486 3843 raro
1515 3789 1659 3857 apud
1694 3788 1920 3844 Latinos
1952 3789 2032 3855 lit,
2067 3800 2124 3844 ut
2153 3788 2363 3851 Sancti,

792 3893 899 3932 non
931 3879 1000 3932 iis
1037 3878 1251 3943 diebus,
1289 3878 1489 3947 quibus
1519 3877 1699 3935 Vitam
1729 3893 1855 3934 eum
1902 3890 2078 3934 morte
2115 3896 2362 3936 commu-

793 3977 1003 4030 tarunt,
1042 3970 1139 4024 sed
1195 3968 1340 4031 aliis,
1399 3969 1492 4039 qui
1552 3967 2172 4025 Sanctorum.aliorum
2212 3973 2362 4025 cultu

792 4059 1038 4129 impediti
1065 4076 1177 4116 non
1207 4070 1355 4124 sunt.
1409 4063 1769 4119 veneratione
1820 4062 2193 4118 ecclesiastica
2249 4063 2367 4117 atii-

793 4153 1030 4207 ciantur.
1074 4154 1218 4220 Quid
1258 4155 1302 4209 si
1333 4169 1467 4225 ergo
1488 4155 1724 4212 Sanctus
1749 4156 1878 4209 olim
1930 4157 2080 4226 apud
2114 4156 2362 4220 Latinos,

795 4259 906 4298 non
941 4244 1051 4308 die,
1083 4245 1177 4314 qui
1202 4245 1253 4299 ei
1287 4244 1608 4301 emortualis
1634 4247 1926 4315 obtigerat,
1945 4251 2040 4301 sed
2073 4246 2201 4311 alio,
2231 4261 2364 4314 quo,

798 4336 984 4391 Sancti
1025 4337 1253 4392 alterius
1283 4339 1644 4393 veneratione
1693 4338 1837 4392 haud
1890 4337 2172 4407 impedito,
2215 4337 2363 4390 cultu

796 4427 1182 4482 ecclesiastico
1232 4429 1374 4497 apud
1425 4443 1519 4483 cos
1544 4427 1906 4492 aliieiebatur,
1942 4429 2115 4483 sacris
2147 4443 2366 4497 quoque

798 4516 975 4574 Fastis
1003 4532 1100 4590 per
1133 4519 1355 4574 eosdem
1413 4519 1582 4574 fuerit
1641 4521 1960 4589 inscriptus,
2016 4521 2177 4590 idque
2226 4515 2367 4589 ap'ud
2403 4518 2444 4570 ι)

798 4606 1018 4662 Grancos
1064 4621 1132 4662 eo
1186 4607 1326 4678 ipso,
1378 4609 1473 4677 qui
1504 4609 1552 4663 ei
1585 4609 1912 4665 emortualis
1943 4609 2156 4674 fuisset,
2188 4611 2276 4665 die
2302 4608 2370 4664 26

801 4699 1057 4754 Octobris
1090 4698 1208 4754 fieri
1260 4701 1589 4771 contigerit?
1637 4701 1929 4756 Enimvero
1962 4702 2091 4756 hinc
2143 4701 2367 4761 factum.

804 4802 859 4846 ut
907 4794 1162 4847 Demetrii
1199 4808 1399 4848 nomen
1452 4793 1705 4850 Octobris
1737 4796 1823 4849 die
1854 4795 1887 4849 8
1925 4796 2067 4866 apud
2119 4795 2368 4861 Latinos,

799 4885 871 4939 26
900 4899 1031 4938 vero
1059 4885 1201 4953 apud
1226 4885 1446 4942 Graece
1468 4887 1648 4943 Fastis
1690 4888 1862 4943 sacris
1898 4889 2065 4942 fuerit
2105 4888 2368 4944 insertum

803 4979 936 5034 mihi
967 4980 1110 5033 haud
1147 4994 1374 5049 prorsus
1401 4995 1530 5035 vero
1569 4991 1798 5052 apparet
1825 4981 2097 5046 absimile,
2131 4982 2372 5036 maxime

801 5087 924 5127 eum
983 5071 1244 5126 Sanctum
1275 5071 1346 5126 26
1379 5071 1635 5127 Octobris
1684 5074 1775 5129 die
1830 5075 2078 5145 martyrii
2134 5075 2369 5144 palmam

802 5163 1054 5219 retulisse
1117 5162 1288 5219 Grzci
1343 5163 1396 5218 in
1434 5164 1679 5228 Menaeis,
1715 5175 1774 5219 ut
1832 5180 1996 5236 supra
2030 5165 2214 5231 docui,
2274 5181 2372 5220 ex-

803 5271 992 5327 presse
1017 5257 1308 5322 ailirment,
1337 5272 1504 5325 reque
1524 5258 1687 5312 etiam
1712 5257 1829 5326 ipsa
1864 5257 2002 5312 forte
2029 5258 2095 5324 is,
2121 5269 2174 5311 ut
2206 5273 2368 5328 supra

803 5344 1009 5415 pariter
1038 5346 1221 5411 docui,
1251 5345 1340 5401 die
1371 5346 1460 5401 illa
1509 5347 1576 5401 ad
1611 5347 1901 5402 Dominum
1932 5348 2200 5416 migrarit.
2237 5347 2372 5404 Utut

803 5440 894 5500 sit,
927 5437 1165 5492 Sanetus
1211 5437 1486 5507 equidem,
1521 5439 1597 5493 ιιιί
1630 5454 1696 5493 cx
1723 5441 1833 5508 jam
1887 5442 2046 5495 dictis
2087 5442 2276 5511 liquet,
2317 5443 2369 5496 in

804 5528 1120 5584 Latinorum
1159 5543 1315 5599 teque
1346 5545 1409 5584 ac
1440 5525 1756 5584 Graecorum
1788 5529 1969 5586 Fastis
2006 5534 2179 5586 sacris
2229 5533 2372 5586 cele-

804 5623 1010 5674 bratur.
1050 5619 1323 5685 Quoniam
1356 5631 1538 5675 autem
1569 5621 1636 5676 de
1675 5622 1826 5675 cultu
1852 5624 2251 5684 ecclesiastico,
2277 5626 2368 5692 qui

803 5716 851 5768 ei
897 5714 1066 5768 fuerit
1089 5713 1322 5777 delatus,
1354 5730 1538 5769 sermo
1568 5716 1678 5784 jam
1721 5714 1931 5780 incidit,
1975 5717 2050 5768 rei
2081 5731 2370 5784 argumen-

811 5816 925 5860 tum
955 5817 1162 5875 monet,
1200 5816 1258 5862 ut
1289 5808 1356 5864 de
1386 5823 1452 5864 eo
1481 5809 1592 5880 jam
1624 5823 1930 5865 sermonem
1979 5810 2258 5865 faciamus.

2075 360 2650 422 SUPPLEMENTU
2662 362 2736 421 Μ.

3940 355 4074 422 ii?!)

2533 472 2626 527 68.
2654 471 2813 538 Quod
2839 482 2898 525 ut
2932 470 3109 538 magis
3144 469 3400 524 ordinate
3439 468 3664 533 faciam,
3722 488 3788 540 pr
3815 489 3916 524 mo
3946 475 4072 539 qui-

2465 567 2588 620 dem
2624 565 2693 618 de
2726 563 2876 618 cultu
2902 563 3301 621 e'clesiastiro.
3343 577 3452 631 quo
3487 563 3807 616 Demetrius
3835 566 4072 618 nnis-er-

2467 659 2569 712 siut
2622 655 2766 727 apud
2829 654 3051 711 (ἔτερος
3108 656 3384 722 hodieque
3437 656 3660 720 gaudet,
3700 667 3876 726 atque
3933 659 4069 710 olim

2467 749 2570 804 fuit
2626 746 2889 819 gavisus;
2946 746 3150 802 deinde
3202 764 3333 801 vero
3365 748 3432 802 de
3469 763 3557 810 eo,
3595 763 3705 819 quo
3726 750 4070 804 nominatim

2456 853 2584 903 ,tum
2617 839 3048 905 Thessalonica),
3109 853 3224 895 tum
3279 840 3768 911 Constantinopoli
3827 844 3905 897 ab
3944 845 4080 911 ipsis

2469 936 2632 989 etiam
2659 933 2905 989 Orientis
2938 933 3371 1002 imperatoribus
3418 949 3723 1003 eorumque
3785 935 3918 989 aula
3979 934 4082 987 fuit

2474 1027 2799 1087 honoratus,
2836 1025 3106 1088 tractabo,
3142 1039 3206 1080 ae
3237 1023 3460 1083 tandem
3487 1026 3902 1091 venerationis,
3957 1041 4081 1094 qua

2475 1118 2684 1171 Sancto
2723 1116 2854 1171 alibi
2887 1115 3077 1184 etiam,
3113 1131 3278 1186 quam
3303 1117 3448 1187 apud
3488 1116 3732 1182 Graaeos,
3770 1125 3871 1170 aut
3906 1119 4076 1170 modo

2472 1213 2654 1265 adhuc
2688 1205 2938 1264 defertur
2963 1218 3057 1264 aut
3083 1220 3238 1264 certe
3263 1211 3394 1266 olim
3423 1208 3528 1265 l‘uit
3554 1210 3761 1274 delata,
3800 1211 4072 1278 explana-

2474 1303 2626 1357 tione
2690 1301 3163 1358 Commentarium
3253 1303 3402 1356 hunc
3491 1302 3809 1357 terminabo
3896 1301 4076 1358 Cra-ci

2476 1394 2655 1463 ipsum
2687 1408 2848 1449 suum
2877 1395 2942 1448 ad
2956 1393 3028 1449 26
3056 1391 3317 1448 Octobris
3356 1394 3506 1449 diem
3538 1396 3604 1450 de
3635 1405 3837 1449 sancto
3862 1396 4075 1450 Deme-

2477 1487 2604 1552 trio,
2638 1486 2794 1542 brevi
2844 1488 3133 1548 duntaxat,
3195 1501 3360 1555 quam
3424 1497 3579 1550 tunc,
3611 1496 3673 1542 ut
3727 1503 3883 1556 sa-pe
3913 1487 4079 1548 alias,

2477 1580 2793 1642 instituunt,
2829 1581 3068 1635 aliorum
3099 1578 3312 1650 aliquot
3345 1589 3665 1634 sanctorum
3723 1595 4049 1635 comi-temo

2477 1673 2691 1729 ratione
2755 1673 3035 1744 adjuncta,
3105 1671 3614 1728 faciuntoﬂit-ium.
3677 1671 3940 1744 Quisque
4002 1674 4076 1725 ita

2480 1783 2592 1822 rem
2655 1767 2861 1821 habere
2912 1765 3241 1834 comperiet,
3320 1766 3413 1835 qui
3479 1781 3674 1835 magna
3741 1765 4076 1820 Grtcorum

2470 1861 2674 1916 Neutra
2705 1876 2927 1921 excusa.
2947 1861 3242 1931 Typicum,
3305 1862 3481 1915 sancti
3516 1859 3676 1915 Saba
3706 1861 3947 1914 nomine
3992 1861 4077 1913 in-

2471 1954 2757 2024 signitum,
2785 1955 3284 2023 novissimumque.
3309 1956 3454 2024 quod
3483 1969 3630 2008 anno
3666 1953 3813 2007 i738
3835 1954 4076 2022 impres-

2471 2063 2592 2103 sum
2619 2056 2865 2112 notatur,
2900 2047 3288 2117 Anthologium
3321 2047 3387 2100 ad
3419 2045 3626 2101 dictum
3664 2045 3737 2100 26
3807 2044 4074 2100 Octobris

2472 2139 2617 2196 d'en
2646 2139 2971 2208 inspexerit.
3006 2136 3212 2194 Verum
3243 2153 3274 2193 a
3301 2154 3413 2209 quo
3445 2149 3695 2207 tempore
3723 2139 4077 2193 ecclesiasti-

2472 2247 2570 2286 cus
2603 2230 2694 2285 ille
2729 2230 2914 2286 cultus
2941 2239 3136 2285 saneto
3162 2228 3439 2284 Demetrio
3477 2243 3506 2282 a
3551 2227 3760 2283 Grecis
3790 2229 3887 2298 qui
3943 2242 4072 2282 eum

2473 2336 2734 2391 praeterea
2780 2321 3361 2377 honoriﬁcentissimis
3384 2322 3888 2394 μιγαλομάρτυροε
3905 2333 4074 2392 atque

2474 2418 2543 2469 ab
2594 2415 2872 2469 rationem
2934 2413 3076 2468 infra
3125 2411 3418 2468 dicendam
3473 2414 3821 2484 μυροὸλύτου
3883 2415 4074 2468 titulis

2472 2509 2868 2570 condecorant,
2895 2507 3065 2576 erepit
3121 2507 3326 2561 deferri
3354 2506 3379 2561 ‘.'
3408 2505 3547 2561 Cum
3576 2507 3632 2561 in
3663 2511 3923 2576 przfato.
3961 2523 4072 2575 quo

2475 2601 2527 2652 in
2564 2600 2787 2653 Menaeis
2810 2599 3048 2653 Sanctus
3086 2598 3419 2660 celebratur,
3455 2599 3840 2653 ecclesiastico
3871 2598 4010 2654 οως
4039 2617 4070 2646 o

2473 2692 2926 2746 commemoratio
2951 2701 3111 2746 terra:
3142 2703 3346 2752 mctus.
3379 2693 3473 2760 qui
3503 2691 3606 2746 sub
3650 2691 3842 2745 Leone
3879 2691 4071 2745 isauuo

2474 2785 2685 2842 evenit.
2704 2785 3050 2847 instituatur,
3069 2781 3268 2852 hicque
3294 2783 3594 2850 imperator
3611 2782 3817 2836 sacqu
3839 2792 4069 2838 oetaro.

2475 2877 2541 2930 ad
2573 2875 2812 2930 mediam
2865 2875 2982 2930 fere
3025 2874 3111 2928 sui
3148 2882 3356 2943 partem
3390 2883 3672 2942 provecto,
3726 2874 3962 2934 obierit,
4017 2874 4072 2928 id

2472 2982 2607 3022 sane
2633 2973 2900 3037 quantum
2925 2963 2994 3019 ad
3027 2963 3615 3020 commemorationem
3665 2964 3816 3018 illam
3875 2964 4076 3033 nequit

2472 3073 2596 3115 esse
2627 3059 2732 3114 hoc
2758 3057 2965 3112 saeculo
3018 3057 3326 3123 antiquius,
3375 3058 3594 3126 eritque
3640 3056 3924 3120 fortassis,
3977 3057 4074 3127 qui

2473 3151 2654 3207 eidem
2684 3149 2769 3204 vri
2804 3158 3099 3219 propterea
3125 3159 3512 3218 necquantnm
3544 3149 3614 3204 ad
3644 3148 3859 3217 reliqua
3895 3151 4074 3218 majo-

2469 3257 2585 3297 rem
2623 3241 3011 3311 antiquitatem
3045 3240 3329 3296 attribuat.
3377 3239 3600 3318 Verum,
3634 3248 3930 3311 utcunque
3980 3257 4072 3295 res

2468 3336 2586 3392 haec
2643 3337 2867 3400 habeat,
2923 3335 3192 3391 Sanctum
3262 3337 3516 3405 equidem
3561 3337 3669 3406 ,diu
3712 3336 3888 3391 etiam
3943 3347 4074 3392 ante

2468 3430 2729 3484 saeculum
2761 3439 3019 3483 octavum
3069 3426 3252 3484 omcio
3315 3428 3702 3483 ecclesiastico
3759 3429 4071 3483 unis-enim

2467 3539 2494 3577 a
2530 3522 2736 3577 Grecis
2770 3521 2982 3576 cultum
3015 3521 3320 3591 quotannis
3355 3520 3555 3585 fuisse,
3585 3521 4074 3575 verosimillimum

2466 3615 2600 3668 mihi
2629 3625 2877 3684 apparet,
2905 3624 3022 3666 tum
3048 3627 3113 3666 ex
3142 3612 3234 3675 iis,
3262 3629 3385 3682 qua:
3415 3621 3686 3683 quantum
3712 3612 3780 3666 ad
3817 3613 3946 3680 ejus
3976 3628 4076 3666 an-

2469 3705 2838 3775 tiquissimum
2861 3703 3267 3760 Thessalonica
3284 3707 3440 3773 juxta
3476 3722 3540 3760 ac
3571 3704 4067 3775 Constantinopoli

2467 3798 2674 3855 cultum
2705 3797 2850 3851 infra
2879 3796 3080 3851 dicturi
3102 3811 3318 3860 sumus.
3343 3807 3460 3850 turn
3484 3797 3566 3850 vel
3591 3798 3831 3850 maxime
3852 3812 3924 3851 ex
3955 3799 4070 3851 sin-

2467 3891 2668 3961 gulari,
2700 3904 2806 3958 qua
2849 3892 3052 3945 sarculo
3089 3889 3205 3951 illo,
3252 3891 3363 3942 imo
3393 3890 3559 3943 etiam
3607 3890 3698 3942 diu
3735 3899 3889 3952 ante,
3924 3890 4070 3958 apud

2467 3982 2685 4038 Graecos
2719 3982 2942 4050 gavisus
2973 3981 3102 4045 iuit,
3129 3982 3486 4036 veneratione
3540 3981 3704 4035 simul
3738 3992 3796 4034 et
3817 3983 4067 4034 nominis

2468 4074 2785 4129 celebritate
2814 4089 2830 4139 ;
2864 4088 3030 4143 quam
3064 4082 3356 4141 utramque
3386 4073 3564 4127 sancti
3599 4074 3777 4127 nostri
3804 4072 4069 4144 martyris

2472 4168 2887 4236 prmrogativam
2908 4165 3192 4234 probatam
3217 4180 3368 4221 nunc
3387 4164 3480 4218 do.

2542 4259 2634 4314 69.
2694 4258 2935 4313 Sanctus
2999 4257 3328 4313 Theodorus
3382 4257 3620 4321 Studia,
3687 4258 3783 4326 qui
3852 4259 4065 4312 secqu

2470 4356 2667 4406 octavo
2698 4361 3030 4405 senescente
3061 4349 3458 4419 sequentisque
3484 4349 3643 4404 initio
3679 4348 3887 4406 ﬂoruit.
3917 4350 4062 4416 apud

2470 4439 2823 4496 Sirmondum
2878 4437 3111 4510 Operam
3157 4440 3428 4495 uariorum
3470 4449 3608 4492 tom.
3666 4435 3731 4500 ν,
3787 4453 3919 4508 pag.
3956 4439 4066 4492 208

2474 4534 2528 4586 in
2567 4531 2820 4601 epistola,
2849 4545 3012 4601 quam
3049 4531 3116 4586 ad
3143 4516 3414 4585 Joannem
3471 4529 3828 4600 Spatbarium
3862 4535 4062 4599 dedit,

2475 4625 2549 4677 ita
2580 4622 2770 4678 scribit
2801 4641 2813 4674 :
2854 4641 2872 4673 ι
2911 4620 3165 4677 Divinum
3200 4622 3476 4692 quoddam
3509 4621 3721 4679 facinus
3750 4641 3780 4678 a
3811 4626 4066 4682 domina-

2475 4715 2622 4770 tione
2662 4723 2753 4769 tua
2789 4714 2992 4768 iactum
3028 4713 3316 4768 audientes
3343 4736 3364 4777 ,-
3389 4714 3573 4769 mirati
3607 4731 3803 4771 sumus
3835 4719 3912 4771 ob
3947 4736 4061 4774 ma-

2473 4822 2633 4878 gnam
2660 4821 2846 4861 revera
2877 4806 3039 4860 lldem
3076 4815 3250 4872 tuam,
3275 4805 3441 4860 homo
3469 4807 3590 4862 Dei.
3621 4807 3876 4863 manat
3912 4815 4060 4864 enim

2471 4900 2564 4968 qui
2606 4897 2796 4953 retulit
2826 4940 2840 4962 ,
2885 4909 2940 4953 te
2981 4912 3192 4952 sacram
3241 4900 3426 4967 magni
3480 4900 3733 4969 martyris
3798 4901 4061 4957 Demetrii

2475 4989 2766 5059 imaginem
2802 4989 3143 5055 susceptoris
3190 4989 3482 5059 cujusdam
3533 4989 3656 5046 loco
3691 4991 4059 5054 adhibuisse.

2474 5091 2637 5150 atque
2672 5082 2745 5136 ita
2775 5081 2868 5135 illii
2900 5081 2975 5136 tui
3008 5095 3038 5134 a
3075 5084 3186 5135 Deo
3231 5081 3491 5136 eustoditi
3530 5080 3868 5150 baptismum
3905 5100 4059 5150 pere-

2474 5176 2639 5243 pisse.
2665 5173 2730 5228 Et
2751 5189 2784 5228 o
2813 5173 3065 5229 ﬁduciam
3097 5173 3279 5229 tuam!
3306 5171 3433 5227 Non
3457 5173 3632 5227 inserti
3660 5181 3874 5228 tantum
3905 5177 4057 5244 βάρει

2473 5266 2527 5318 iu
2591 5262 2763 5317 Israel
2806 5279 2914 5318 non
2966 5263 3142 5318 solum
3201 5263 3512 5319 centurioni
3562 5273 3696 5318 tunc
3752 5280 3783 5318 a
3837 5265 4058 5322 Christo

2475 5357 2680 5412 dictum
2715 5355 2971 5416 arbitror.
3001 5357 3097 5410 sed
3128 5371 3274 5411 nunc
3303 5357 3468 5410 etiam
3501 5356 3594 5409 tibi
3620 5356 3714 5426 qui
3743 5356 3852 5412 ﬁde
3877 5370 4057 5413 certat

2475 5465 2598 5504 cum
2634 5448 2743 5501 illo.
2775 5446 2990 5503 Invenit
3017 5462 3148 5518 ergo
3179 5448 3266 5521 ille
3299 5448 3441 5515 quod
3470 5449 3750 5517 quarebat
3776 5467 3791 5513 ;
3829 5452 4054 5520 adeptus

2475 5551 2612 5594 eset
2642 5540 2757 5610 ipse
2788 5540 2932 5608 quod
2990 5540 3240 5608 sperasti.
3303 5539 3382 5593 ibi
3437 5540 3684 5594 divinum
3734 5546 4049 5596 mandatum

2479 5648 2575 5701 pro
2610 5632 2873 5700 corporali
2910 5633 3197 5700 praesentia
3236 5650 3248 5684 :
3285 5631 3372 5686 hic
3409 5645 3671 5700 corporea
3717 5632 3905 5702 imago
3943 5637 4048 5685 rice

2479 5725 2770 5793 prototypi.
2804 5722 2880 5777 ibi
2909 5723 3053 5776 enim
3089 5723 3277 5777 verbis
3295 5723 3483 5777 aderat
3511 5738 3768 5792 maguum
3793 5723 4042 5779 Verbum.

2480 5816 2765 5870 divinitate
2806 5816 3182 5871 sua‘tnirabiie
3223 5816 3476 5871 sanitatis
3513 5831 3651 5877 opus
3705 5817 4042 5872 invisibiliter
