  <div class='ocr_page' id='page_1' title='image "/cluster/home/n/w/nwhite01/storage/ocr_20150623/116/nnc1.0046980156/632.png"; bbox 0 0 4218 6442; ppageno 0'>
   <div class='ocr_carea' id='block_1_1' title="bbox 182 418 318 479">
    <p class='ocr_par' dir='ltr' id='par_1_1' title="bbox 182 418 318 479">
     <span class='ocr_line' id='line_1_1' title="bbox 182 418 318 479; baseline 0.007 -1"><span class='ocrx_word' id='word_1_1' title='bbox 182 418 318 479; x_wconf 79' lang='grc'><strong>1121</strong></span> 
     </span>
    </p>
   </div>
   <div class='ocr_carea' id='block_1_2' title="bbox 1221 414 2362 476">
    <p class='ocr_par' dir='ltr' id='par_1_2' title="bbox 1221 414 2362 476">
     <span class='ocr_line' id='line_1_2' title="bbox 1221 414 2362 476; baseline 0.004 -5"><span class='ocrx_word' id='word_1_2' title='bbox 1221 414 1273 474; x_wconf 90' lang='lat' dir='ltr'><strong>S.</strong></span> <span class='ocrx_word' id='word_1_3' title='bbox 1314 414 1685 473; x_wconf 59' lang='lat' dir='ltr'><strong>DEfilE&#39;I‘lill</strong></span> <span class='ocrx_word' id='word_1_4' title='bbox 1736 415 2116 476; x_wconf 71' lang='lat' dir='ltr'><strong>MAHTYRIS</strong></span> <span class='ocrx_word' id='word_1_5' title='bbox 2159 420 2362 476; x_wconf 64' lang='lat' dir='ltr'><strong>ACTA.</strong></span> 
     </span>
    </p>
   </div>
   <div class='ocr_carea' id='block_1_3' title="bbox 3257 428 3396 496">
    <p class='ocr_par' dir='ltr' id='par_1_3' title="bbox 3257 428 3396 496">
     <span class='ocr_line' id='line_1_3' title="bbox 3257 428 3396 496; baseline -0.014 0"><span class='ocrx_word' id='word_1_6' title='bbox 3257 428 3396 496; x_wconf 75' lang='lat'><strong>1122</strong></span> 
     </span>
    </p>
   </div>
   <div class='ocr_carea' id='block_1_4' title="bbox 182 526 3379 595">
    <p class='ocr_par' dir='ltr' id='par_1_4' title="bbox 182 526 3379 595">
     <span class='ocr_line' id='line_1_4' title="bbox 182 526 3379 595; baseline 0.004 -19"><span class='ocrx_word' id='word_1_7' title='bbox 182 529 472 593; x_wconf 75' lang='lat' dir='ltr'><strong>perticiens</strong></span> <span class='ocrx_word' id='word_1_8' title='bbox 498 546 509 589; x_wconf 77' lang='lat'><strong>,</strong></span> <span class='ocrx_word' id='word_1_9' title='bbox 536 535 588 578; x_wconf 89' lang='lat' dir='ltr'><strong>et</strong></span> <span class='ocrx_word' id='word_1_10' title='bbox 632 526 718 577; x_wconf 91' lang='lat' dir='ltr'><strong>hic</strong></span> <span class='ocrx_word' id='word_1_11' title='bbox 765 526 965 593; x_wconf 85' lang='lat' dir='ltr'><strong>pariter</strong></span> <span class='ocrx_word' id='word_1_12' title='bbox 1004 539 1232 594; x_wconf 82' lang='lat' dir='ltr'><strong>magnus</strong></span> <span class='ocrx_word' id='word_1_13' title='bbox 1276 541 1476 595; x_wconf 72' lang='lat' dir='ltr'><strong>martyr</strong></span> <span class='ocrx_word' id='word_1_14' title='bbox 1524 528 1737 593; x_wconf 61' lang='lat' dir='ltr'><strong>itltag‘ni</strong></span> <span class='ocrx_word' id='word_1_15' title='bbox 1782 548 1812 586; x_wconf 63' lang='lat' dir='ltr'><strong>at</strong></span> <span class='ocrx_word' id='word_1_16' title='bbox 1847 533 2102 582; x_wconf 60' lang='lat' dir='ltr'><strong>saeculum</strong></span> <span class='ocrx_word' id='word_1_17' title='bbox 2141 543 2409 591; x_wconf 71' lang='lat' dir='ltr'><strong>octavum,</strong></span> <span class='ocrx_word' id='word_1_18' title='bbox 2440 543 2583 583; x_wconf 77' lang='lat' dir='ltr'><strong>certe</strong></span> <span class='ocrx_word' id='word_1_19' title='bbox 2613 546 2735 585; x_wconf 88' lang='lat' dir='ltr'><strong>ante</strong></span> <span class='ocrx_word' id='word_1_20' title='bbox 2770 537 3021 588; x_wconf 68' lang='lat' dir='ltr'><strong>saeculum</strong></span> <span class='ocrx_word' id='word_1_21' title='bbox 3057 539 3272 590; x_wconf 83' lang='lat' dir='ltr'><strong>tertium</strong></span> <span class='ocrx_word' id='word_1_22' title='bbox 3302 544 3379 592; x_wconf 50' lang='lat' dir='ltr'><strong>de.</strong></span> 
     </span>
    </p>
   </div>
   <div class='ocr_carea' id='block_1_5' title="bbox 180 618 1738 686">
    <p class='ocr_par' dir='ltr' id='par_1_5' title="bbox 180 618 1738 686">
     <span class='ocr_line' id='line_1_5' title="bbox 180 618 1738 686; baseline 0 -17"><span class='ocrx_word' id='word_1_23' title='bbox 180 636 294 671; x_wconf 78' lang='lat' dir='ltr'><strong>sua:</strong></span> <span class='ocrx_word' id='word_1_24' title='bbox 328 618 519 685; x_wconf 76' lang='lat' dir='ltr'><strong>spiritu</strong></span> <span class='ocrx_word' id='word_1_25' title='bbox 553 632 787 686; x_wconf 72' lang='lat' dir='ltr'><strong>prtesens</strong></span> <span class='ocrx_word' id='word_1_26' title='bbox 815 628 951 677; x_wconf 87' lang='lat' dir='ltr'><strong>erat.</strong></span> <span class='ocrx_word' id='word_1_27' title='bbox 986 618 1250 671; x_wconf 73' lang='lat' dir='ltr'><strong>infantem</strong></span> <span class='ocrx_word' id='word_1_28' title='bbox 1287 620 1607 686; x_wconf 82' lang='lat' dir='ltr'><strong>suscipiens.</strong></span> <span class='ocrx_word' id='word_1_29' title='bbox 1643 621 1738 670; x_wconf 84' lang='lat' dir='ltr'><strong>\e—</strong></span> 
     </span>
    </p>
   </div>
   <div class='ocr_carea' id='block_1_6' title="bbox 182 706 1741 774">
    <p class='ocr_par' dir='ltr' id='par_1_6' title="bbox 182 706 1741 774">
     <span class='ocr_line' id='line_1_6' title="bbox 182 706 1741 774; baseline 0.003 -18"><span class='ocrx_word' id='word_1_30' title='bbox 182 722 303 759; x_wconf 91' lang='lat' dir='ltr'><strong>rum</strong></span> <span class='ocrx_word' id='word_1_31' title='bbox 351 710 463 759; x_wconf 72' lang='lat' dir='ltr'><strong>haec</strong></span> <span class='ocrx_word' id='word_1_32' title='bbox 513 706 751 774; x_wconf 76' lang='lat' dir='ltr'><strong>profanis</strong></span> <span class='ocrx_word' id='word_1_33' title='bbox 790 708 1007 774; x_wconf 85' lang='lat' dir='ltr'><strong>quidem</strong></span> <span class='ocrx_word' id='word_1_34' title='bbox 1078 708 1300 761; x_wconf 80' lang='lat' dir='ltr'><strong>auribus</strong></span> <span class='ocrx_word' id='word_1_35' title='bbox 1348 717 1401 761; x_wconf 90' lang='lat' dir='ltr'><strong>et</strong></span> <span class='ocrx_word' id='word_1_36' title='bbox 1451 710 1741 762; x_wconf 73' lang='lat' dir='ltr'><strong>incredulis</strong></span> 
     </span>
    </p>
   </div>
   <div class='ocr_carea' id='block_1_7' title="bbox 182 798 1738 868">
    <p class='ocr_par' dir='ltr' id='par_1_7' title="bbox 182 798 1738 868">
     <span class='ocr_line' id='line_1_7' title="bbox 182 798 1738 868; baseline 0.001 -18"><span class='ocrx_word' id='word_1_37' title='bbox 182 800 461 851; x_wconf 91' lang='lat' dir='ltr'><strong>mentibus</strong></span> <span class='ocrx_word' id='word_1_38' title='bbox 521 798 746 853; x_wconf 85' lang='lat' dir='ltr'><strong>minime</strong></span> <span class='ocrx_word' id='word_1_39' title='bbox 791 798 1119 865; x_wconf 86' lang='lat' dir='ltr'><strong>recipienda.</strong></span> <span class='ocrx_word' id='word_1_40' title='bbox 1156 809 1408 868; x_wconf 88' lang='lat' dir='ltr'><strong>tanquam</strong></span> <span class='ocrx_word' id='word_1_41' title='bbox 1453 801 1738 854; x_wconf 47' lang='lat' dir='ltr'><strong>incredibi.</strong></span> 
     </span>
    </p>
   </div>
   <div class='ocr_carea' id='block_1_8' title="bbox 183 888 1740 959">
    <p class='ocr_par' dir='ltr' id='par_1_8' title="bbox 183 888 1740 959">
     <span class='ocr_line' id='line_1_8' title="bbox 183 888 1740 959; baseline 0.003 -19"><span class='ocrx_word' id='word_1_42' title='bbox 183 893 280 950; x_wconf 83' lang='lat' dir='ltr'><strong>la.</strong></span> <span class='ocrx_word' id='word_1_43' title='bbox 316 888 591 952; x_wconf 80' lang='lat' dir='ltr'><strong>videntur,</strong></span> <span class='ocrx_word' id='word_1_44' title='bbox 629 889 859 942; x_wconf 86' lang='lat' dir='ltr'><strong>maxime</strong></span> <span class='ocrx_word' id='word_1_45' title='bbox 906 890 1309 955; x_wconf 87' lang='lat' dir='ltr'><strong>iconomachis;</strong></span> <span class='ocrx_word' id='word_1_46' title='bbox 1369 892 1556 959; x_wconf 83' lang='lat' dir='ltr'><strong>pietati</strong></span> <span class='ocrx_word' id='word_1_47' title='bbox 1613 908 1740 945; x_wconf 86' lang='lat' dir='ltr'><strong>vero</strong></span> 
     </span>
    </p>
   </div>
   <div class='ocr_carea' id='block_1_9' title="bbox 183 980 1738 1051">
    <p class='ocr_par' dir='ltr' id='par_1_9' title="bbox 183 980 1738 1051">
     <span class='ocr_line' id='line_1_9' title="bbox 183 980 1738 1051; baseline 0.004 -21"><span class='ocrx_word' id='word_1_48' title='bbox 183 990 295 1033; x_wconf 70' lang='lat' dir='ltr'><strong>tua:</strong></span> <span class='ocrx_word' id='word_1_49' title='bbox 354 980 634 1033; x_wconf 79' lang='lat' dir='ltr'><strong>manifesta</strong></span> <span class='ocrx_word' id='word_1_50' title='bbox 686 990 1004 1050; x_wconf 86' lang='lat' dir='ltr'><strong>argumenta</strong></span> <span class='ocrx_word' id='word_1_51' title='bbox 1063 990 1115 1036; x_wconf 91' lang='lat' dir='ltr'><strong>et</strong></span> <span class='ocrx_word' id='word_1_52' title='bbox 1166 986 1410 1051; x_wconf 81' lang='lat' dir='ltr'><strong>exempla</strong></span> <span class='ocrx_word' id='word_1_53' title='bbox 1474 984 1738 1051; x_wconf 63' lang='lat' dir='ltr'><strong>patefacta</strong></span> 
     </span>
    </p>
   </div>
   <div class='ocr_carea' id='block_1_10' title="bbox 180 1072 1741 1144">
    <p class='ocr_par' dir='ltr' id='par_1_10' title="bbox 180 1072 1741 1144">
     <span class='ocr_line' id='line_1_10' title="bbox 180 1072 1741 1144; baseline 0.003 -19"><span class='ocrx_word' id='word_1_54' title='bbox 180 1081 329 1125; x_wconf 75' lang='lat' dir='ltr'><strong>sunt.</strong></span> <span class='ocrx_word' id='word_1_55' title='bbox 373 1072 513 1136; x_wconf 88' lang='lat' dir='ltr'><strong>Quid</strong></span> <span class='ocrx_word' id='word_1_56' title='bbox 558 1074 702 1127; x_wconf 87' lang='lat' dir='ltr'><strong>enim</strong></span> <span class='ocrx_word' id='word_1_57' title='bbox 742 1084 826 1128; x_wconf 87' lang='lat' dir='ltr'><strong>est</strong></span> <span class='ocrx_word' id='word_1_58' title='bbox 852 1077 993 1143; x_wconf 89' lang='lat' dir='ltr'><strong>quod</strong></span> <span class='ocrx_word' id='word_1_59' title='bbox 1031 1077 1173 1130; x_wconf 84' lang='lat' dir='ltr'><strong>Deus</strong></span> <span class='ocrx_word' id='word_1_60' title='bbox 1217 1087 1469 1144; x_wconf 72' lang='lat' dir='ltr'><strong>praestare</strong></span> <span class='ocrx_word' id='word_1_61' title='bbox 1510 1080 1741 1130; x_wconf 86' lang='lat' dir='ltr'><strong>creden-</strong></span> 
     </span>
    </p>
   </div>
   <div class='ocr_carea' id='block_1_11' title="bbox 180 1164 1737 1239">
    <p class='ocr_par' dir='ltr' id='par_1_11' title="bbox 180 1164 1737 1239">
     <span class='ocr_line' id='line_1_11' title="bbox 180 1164 1737 1239; baseline 0.007 -26"><span class='ocrx_word' id='word_1_62' title='bbox 180 1164 331 1217; x_wconf 90' lang='lat' dir='ltr'><strong>tibus</strong></span> <span class='ocrx_word' id='word_1_63' title='bbox 374 1180 481 1217; x_wconf 92' lang='lat' dir='ltr'><strong>non</strong></span> <span class='ocrx_word' id='word_1_64' title='bbox 532 1166 738 1233; x_wconf 81' lang='lat' dir='ltr'><strong>possit?</strong></span> <span class='ocrx_word' id='word_1_65' title='bbox 784 1170 891 1219; x_wconf 81' lang='lat' dir='ltr'><strong>Aut</strong></span> <span class='ocrx_word' id='word_1_66' title='bbox 925 1168 1197 1236; x_wconf 85' lang='lat' dir='ltr'><strong>quomodo</strong></span> <span class='ocrx_word' id='word_1_67' title='bbox 1240 1168 1293 1221; x_wconf 90' lang='lat' dir='ltr'><strong>in</strong></span> <span class='ocrx_word' id='word_1_68' title='bbox 1346 1171 1581 1239; x_wconf 70' lang='lat' dir='ltr'><strong>imagine</strong></span> <span class='ocrx_word' id='word_1_69' title='bbox 1632 1187 1737 1224; x_wconf 88' lang='lat' dir='ltr'><strong>nmt</strong></span> 
     </span>
    </p>
   </div>
   <div class='ocr_carea' id='block_1_12' title="bbox 180 1258 1734 1330">
    <p class='ocr_par' dir='ltr' id='par_1_12' title="bbox 180 1258 1734 1330">
     <span class='ocr_line' id='line_1_12' title="bbox 180 1258 1734 1330; baseline 0.007 -24"><span class='ocrx_word' id='word_1_70' title='bbox 180 1258 507 1325; x_wconf 84' lang='lat' dir='ltr'><strong>homonytue</strong></span> <span class='ocrx_word' id='word_1_71' title='bbox 544 1260 785 1311; x_wconf 86' lang='lat' dir='ltr'><strong>cernitur</strong></span> <span class='ocrx_word' id='word_1_72' title='bbox 835 1268 889 1313; x_wconf 89' lang='lat' dir='ltr'><strong>et</strong></span> <span class='ocrx_word' id='word_1_73' title='bbox 920 1260 1098 1314; x_wconf 82' lang='lat' dir='ltr'><strong>inesse</strong></span> <span class='ocrx_word' id='word_1_74' title='bbox 1130 1263 1371 1314; x_wconf 83' lang='lat' dir='ltr'><strong>creditor</strong></span> <span class='ocrx_word' id='word_1_75' title='bbox 1419 1266 1509 1329; x_wconf 86' lang='lat' dir='ltr'><strong>qui</strong></span> <span class='ocrx_word' id='word_1_76' title='bbox 1544 1280 1734 1330; x_wconf 77' lang='lat' dir='ltr'><strong>reprae-</strong></span> 
     </span>
    </p>
   </div>
   <div class='ocr_carea' id='block_1_13' title="bbox 176 1347 1739 1423">
    <p class='ocr_par' dir='ltr' id='par_1_13' title="bbox 176 1347 1739 1423">
     <span class='ocr_line' id='line_1_13' title="bbox 176 1347 1739 1423; baseline 0.006 -24"><span class='ocrx_word' id='word_1_77' title='bbox 176 1347 461 1401; x_wconf 82' lang='lat' dir='ltr'><strong>sentatur?</strong></span> <span class='ocrx_word' id='word_1_78' title='bbox 493 1348 777 1418; x_wconf 68' lang='lat' dir='ltr'><strong>«Imaginis</strong></span> <span class='ocrx_word' id='word_1_79' title='bbox 805 1350 1069 1418; x_wconf 88' lang='lat' dir='ltr'><strong>siquidem</strong></span> <span class='ocrx_word' id='word_1_80' title='bbox 1098 1353 1294 1410; x_wconf 89' lang='lat' dir='ltr'><strong>honor.</strong></span> <span class='ocrx_word' id='word_1_81' title='bbox 1321 1365 1375 1404; x_wconf 92' lang='lat' dir='ltr'><strong>ut</strong></span> <span class='ocrx_word' id='word_1_82' title='bbox 1417 1368 1641 1423; x_wconf 84' lang='lat' dir='ltr'><strong>magnus</strong></span> <span class='ocrx_word' id='word_1_83' title='bbox 1664 1360 1739 1408; x_wconf 98' lang='lat' dir='ltr'><strong>ait</strong></span> 
     </span>
    </p>
   </div>
   <div class='ocr_carea' id='block_1_14' title="bbox 178 1437 1731 1510">
    <p class='ocr_par' dir='ltr' id='par_1_14' title="bbox 178 1437 1731 1510">
     <span class='ocr_line' id='line_1_14' title="bbox 178 1437 1731 1510; baseline 0.006 -22"><span class='ocrx_word' id='word_1_84' title='bbox 178 1437 429 1501; x_wconf 79' lang='lat' dir='ltr'><strong>Basilius,</strong></span> <span class='ocrx_word' id='word_1_85' title='bbox 460 1441 652 1493; x_wconf 89' lang='lat' dir='ltr'><strong>transit</strong></span> <span class='ocrx_word' id='word_1_86' title='bbox 676 1442 739 1493; x_wconf 88' lang='lat' dir='ltr'><strong>ad</strong></span> <span class='ocrx_word' id='word_1_87' title='bbox 772 1452 1169 1510; x_wconf 56' lang='lat' dir='ltr'><strong>protutypumn</strong></span> <span class='ocrx_word' id='word_1_88' title='bbox 1192 1444 1368 1506; x_wconf 83' lang='lat' dir='ltr'><strong>Quare</strong></span> <span class='ocrx_word' id='word_1_89' title='bbox 1389 1447 1731 1498; x_wconf 78' lang='lat' dir='ltr'><strong>manifestum</strong></span> 
     </span>
    </p>
   </div>
   <div class='ocr_carea' id='block_1_15' title="bbox 177 1534 1733 1603">
    <p class='ocr_par' dir='ltr' id='par_1_15' title="bbox 177 1534 1733 1603">
     <span class='ocr_line' id='line_1_15' title="bbox 177 1534 1733 1603; baseline 0.003 -20"><span class='ocrx_word' id='word_1_90' title='bbox 177 1546 267 1583; x_wconf 81' lang='lat' dir='ltr'><strong>est</strong></span> <span class='ocrx_word' id='word_1_91' title='bbox 309 1544 593 1599; x_wconf 75' lang='lat' dir='ltr'><strong>triartyrcm</strong></span> <span class='ocrx_word' id='word_1_92' title='bbox 645 1534 845 1594; x_wconf 75' lang='lat' dir='ltr'><strong>fuisse,</strong></span> <span class='ocrx_word' id='word_1_93' title='bbox 888 1535 977 1600; x_wconf 87' lang='lat' dir='ltr'><strong>qui</strong></span> <span class='ocrx_word' id='word_1_94' title='bbox 1030 1534 1287 1587; x_wconf 77' lang='lat' dir='ltr'><strong>infantem</strong></span> <span class='ocrx_word' id='word_1_95' title='bbox 1340 1552 1433 1603; x_wconf 92' lang='lat' dir='ltr'><strong>per</strong></span> <span class='ocrx_word' id='word_1_96' title='bbox 1464 1539 1733 1602; x_wconf 62' lang='lat' dir='ltr'><strong>pro;iriam</strong></span> 
     </span>
    </p>
   </div>
   <div class='ocr_carea' id='block_1_16' title="bbox 182 1624 1734 1690">
    <p class='ocr_par' dir='ltr' id='par_1_16' title="bbox 182 1624 1734 1690">
     <span class='ocr_line' id='line_1_16' title="bbox 182 1624 1734 1690; baseline 0.003 -17"><span class='ocrx_word' id='word_1_97' title='bbox 182 1624 472 1689; x_wconf 75' lang='lat' dir='ltr'><strong>imaginem</strong></span> <span class='ocrx_word' id='word_1_98' title='bbox 504 1625 856 1689; x_wconf 70' lang='lat' dir='ltr'><strong>suscipiebat.</strong></span> <span class='ocrx_word' id='word_1_99' title='bbox 888 1636 1152 1690; x_wconf 76' lang='lat' dir='ltr'><strong>quatenus</strong></span> <span class='ocrx_word' id='word_1_100' title='bbox 1194 1628 1265 1677; x_wconf 89' lang='lat' dir='ltr'><strong>ita</strong></span> <span class='ocrx_word' id='word_1_101' title='bbox 1295 1627 1593 1678; x_wconf 75' lang='lat' dir='ltr'><strong>erediilisti.</strong></span> <span class='ocrx_word' id='word_1_102' title='bbox 1632 1629 1734 1677; x_wconf 75' lang='lat' dir='ltr'><strong>Sed</strong></span> 
     </span>
    </p>
   </div>
   <div class='ocr_carea' id='block_1_17' title="bbox 180 1716 1735 1787">
    <p class='ocr_par' dir='ltr' id='par_1_17' title="bbox 180 1716 1735 1787">
     <span class='ocr_line' id='line_1_17' title="bbox 180 1716 1735 1787; baseline 0.001 -20"><span class='ocrx_word' id='word_1_103' title='bbox 180 1731 215 1767; x_wconf 90' lang='grc' dir='ltr'>ο</span> <span class='ocrx_word' id='word_1_104' title='bbox 249 1716 701 1781; x_wconf 76' lang='lat' dir='ltr'><strong>magniﬁcentiam</strong></span> <span class='ocrx_word' id='word_1_105' title='bbox 752 1724 897 1768; x_wconf 88' lang='lat' dir='ltr'><strong>tuam</strong></span> <span class='ocrx_word' id='word_1_106' title='bbox 927 1754 939 1775; x_wconf 92' lang='lat'><strong>.</strong></span> <span class='ocrx_word' id='word_1_107' title='bbox 974 1718 1066 1782; x_wconf 92' lang='lat' dir='ltr'><strong>qui</strong></span> <span class='ocrx_word' id='word_1_108' title='bbox 1099 1718 1256 1769; x_wconf 82' lang='lat' dir='ltr'><strong>talem</strong></span> <span class='ocrx_word' id='word_1_109' title='bbox 1287 1733 1349 1769; x_wconf 89' lang='lat' dir='ltr'><strong>ac</strong></span> <span class='ocrx_word' id='word_1_110' title='bbox 1379 1728 1580 1769; x_wconf 85' lang='lat' dir='ltr'><strong>tantum</strong></span> <span class='ocrx_word' id='word_1_111' title='bbox 1614 1737 1735 1787; x_wconf 72' lang='lat' dir='ltr'><strong>syn-</strong></span> 
     </span>
    </p>
   </div>
   <div class='ocr_carea' id='block_1_18' title="bbox 182 1807 1732 1867">
    <p class='ocr_par' dir='ltr' id='par_1_18' title="bbox 182 1807 1732 1867">
     <span class='ocr_line' id='line_1_18' title="bbox 182 1807 1732 1867; baseline 0.001 -10"><span class='ocrx_word' id='word_1_112' title='bbox 182 1815 425 1863; x_wconf 86' lang='lat' dir='ltr'><strong>teeuum.</strong></span> <span class='ocrx_word' id='word_1_113' title='bbox 475 1815 529 1857; x_wconf 89' lang='lat' dir='ltr'><strong>ut</strong></span> <span class='ocrx_word' id='word_1_114' title='bbox 568 1815 781 1867; x_wconf 76' lang='lat' dir='ltr'><strong>vocant,</strong></span> <span class='ocrx_word' id='word_1_115' title='bbox 821 1807 1042 1859; x_wconf 80' lang='lat' dir='ltr'><strong>sortitus</strong></span> <span class='ocrx_word' id='word_1_116' title='bbox 1076 1823 1156 1865; x_wconf 88' lang='lat' dir='ltr'><strong>es.</strong></span> <span class='ocrx_word' id='word_1_117' title='bbox 1194 1822 1301 1859; x_wconf 88' lang='lat' dir='ltr'><strong>non</strong></span> <span class='ocrx_word' id='word_1_118' title='bbox 1341 1809 1481 1861; x_wconf 91' lang='lat' dir='ltr'><strong>hunc</strong></span> <span class='ocrx_word' id='word_1_119' title='bbox 1525 1810 1603 1860; x_wconf 83' lang='lat' dir='ltr'><strong>vel</strong></span> <span class='ocrx_word' id='word_1_120' title='bbox 1661 1810 1732 1859; x_wconf 87' lang='lat' dir='ltr'><strong>il—</strong></span> 
     </span>
    </p>
   </div>
   <div class='ocr_carea' id='block_1_19' title="bbox 182 1896 1735 1965">
    <p class='ocr_par' dir='ltr' id='par_1_19' title="bbox 182 1896 1735 1965">
     <span class='ocr_line' id='line_1_19' title="bbox 182 1896 1735 1965; baseline 0.002 -19"><span class='ocrx_word' id='word_1_121' title='bbox 182 1896 293 1946; x_wconf 88' lang='lat' dir='ltr'><strong>lum</strong></span> <span class='ocrx_word' id='word_1_122' title='bbox 359 1896 652 1962; x_wconf 79' lang='lat' dir='ltr'><strong>principem</strong></span> <span class='ocrx_word' id='word_1_123' title='bbox 705 1906 829 1962; x_wconf 89' lang='lat' dir='ltr'><strong>puta</strong></span> <span class='ocrx_word' id='word_1_124' title='bbox 888 1898 967 1947; x_wconf 66' lang='lat' dir='ltr'><strong>vel</strong></span> <span class='ocrx_word' id='word_1_125' title='bbox 1035 1898 1352 1965; x_wconf 85' lang='lat' dir='ltr'><strong>dynastam.</strong></span> <span class='ocrx_word' id='word_1_126' title='bbox 1418 1909 1508 1951; x_wconf 89' lang='lat' dir='ltr'><strong>aut</strong></span> <span class='ocrx_word' id='word_1_127' title='bbox 1563 1902 1735 1965; x_wconf 85' lang='lat' dir='ltr'><strong>ipsum</strong></span> 
     </span>
    </p>
   </div>
   <div class='ocr_carea' id='block_1_20' title="bbox 185 1987 1735 2055">
    <p class='ocr_par' dir='ltr' id='par_1_20' title="bbox 185 1987 1735 2055">
     <span class='ocr_line' id='line_1_20' title="bbox 185 1987 1735 2055; baseline 0.001 -18"><span class='ocrx_word' id='word_1_128' title='bbox 185 1987 350 2037; x_wconf 86' lang='lat' dir='ltr'><strong>etiam</strong></span> <span class='ocrx_word' id='word_1_129' title='bbox 384 1989 471 2051; x_wconf 93' lang='lat' dir='ltr'><strong>qui</strong></span> <span class='ocrx_word' id='word_1_130' title='bbox 528 1988 832 2039; x_wconf 83' lang='lat' dir='ltr'><strong>diademate</strong></span> <span class='ocrx_word' id='word_1_131' title='bbox 878 1988 1162 2041; x_wconf 80' lang='lat' dir='ltr'><strong>redimitus</strong></span> <span class='ocrx_word' id='word_1_132' title='bbox 1210 1997 1314 2040; x_wconf 89' lang='lat' dir='ltr'><strong>est.</strong></span> <span class='ocrx_word' id='word_1_133' title='bbox 1372 1989 1538 2055; x_wconf 81' lang='lat' dir='ltr'><strong>Major</strong></span> <span class='ocrx_word' id='word_1_134' title='bbox 1591 1995 1735 2041; x_wconf 90' lang='lat' dir='ltr'><strong>enim</strong></span> 
     </span>
    </p>
   </div>
   <div class='ocr_carea' id='block_1_21' title="bbox 185 2078 1314 2147">
    <p class='ocr_par' dir='ltr' id='par_1_21' title="bbox 185 2078 1314 2147">
     <span class='ocr_line' id='line_1_21' title="bbox 185 2078 1314 2147; baseline 0.001 -18"><span class='ocrx_word' id='word_1_135' title='bbox 185 2078 452 2144; x_wconf 77' lang='lat' dir='ltr'><strong>longeque</strong></span> <span class='ocrx_word' id='word_1_136' title='bbox 477 2079 723 2145; x_wconf 84' lang='lat' dir='ltr'><strong>superi-or</strong></span> <span class='ocrx_word' id='word_1_137' title='bbox 751 2089 831 2131; x_wconf 87' lang='lat' dir='ltr'><strong>est</strong></span> <span class='ocrx_word' id='word_1_138' title='bbox 863 2095 1021 2147; x_wconf 85' lang='lat' dir='ltr'><strong>quem</strong></span> <span class='ocrx_word' id='word_1_139' title='bbox 1049 2080 1314 2143; x_wconf 89' lang='lat' dir='ltr'><strong>reperisti.</strong></span> 
     </span>
    </p>
   </div>
   <div class='ocr_carea' id='block_1_22' title="bbox 268 2167 1735 2236">
    <p class='ocr_par' dir='ltr' id='par_1_22' title="bbox 268 2167 1735 2236">
     <span class='ocr_line' id='line_1_22' title="bbox 268 2167 1735 2236; baseline 0.003 -19"><span class='ocrx_word' id='word_1_140' title='bbox 268 2167 353 2218; x_wconf 85' lang='lat'><strong>70.</strong></span> <span class='ocrx_word' id='word_1_141' title='bbox 390 2184 405 2215; x_wconf 87' lang='grc' dir='ltr'><strong>ι</strong></span> <span class='ocrx_word' id='word_1_142' title='bbox 434 2168 718 2236; x_wconf 75' lang='lat' dir='ltr'><strong>Martyrum</strong></span> <span class='ocrx_word' id='word_1_143' title='bbox 744 2169 943 2234; x_wconf 89' lang='lat' dir='ltr'><strong>quippe</strong></span> <span class='ocrx_word' id='word_1_144' title='bbox 979 2168 1304 2220; x_wconf 75' lang='lat' dir='ltr'><strong>fortissimus</strong></span> <span class='ocrx_word' id='word_1_145' title='bbox 1326 2209 1338 2228; x_wconf 92' lang='lat'><strong>.</strong></span> <span class='ocrx_word' id='word_1_146' title='bbox 1392 2169 1735 2221; x_wconf 68' lang='lat' dir='ltr'><strong>miritimu&#39;uzo</strong></span> 
     </span>
    </p>
   </div>
   <div class='ocr_carea' id='block_1_23' title="bbox 177 2258 1732 2329">
    <p class='ocr_par' dir='ltr' id='par_1_23' title="bbox 177 2258 1732 2329">
     <span class='ocr_line' id='line_1_23' title="bbox 177 2258 1732 2329; baseline 0.003 -22"><span class='ocrx_word' id='word_1_147' title='bbox 177 2258 534 2316; x_wconf 77' lang='lat' dir='ltr'><strong>clarissimus,</strong></span> <span class='ocrx_word' id='word_1_148' title='bbox 578 2274 863 2327; x_wconf 70' lang='lat' dir='ltr'><strong>germanus</strong></span> <span class='ocrx_word' id='word_1_149' title='bbox 890 2258 1092 2312; x_wconf 78' lang='lat' dir='ltr'><strong>Christi</strong></span> <span class='ocrx_word' id='word_1_150' title='bbox 1149 2262 1377 2321; x_wconf 90' lang='lat' dir='ltr'><strong>amicus.</strong></span> <span class='ocrx_word' id='word_1_151' title='bbox 1422 2264 1732 2329; x_wconf 76' lang='lat' dir='ltr'><strong>angelorum</strong></span> 
     </span>
    </p>
   </div>
   <div class='ocr_carea' id='block_1_24' title="bbox 176 2347 1735 2421">
    <p class='ocr_par' dir='ltr' id='par_1_24' title="bbox 176 2347 1735 2421">
     <span class='ocr_line' id='line_1_24' title="bbox 176 2347 1735 2421; baseline 0.003 -22"><span class='ocrx_word' id='word_1_152' title='bbox 176 2348 318 2399; x_wconf 79' lang='lat' dir='ltr'><strong>civis</strong></span> <span class='ocrx_word' id='word_1_153' title='bbox 352 2363 363 2396; x_wconf 92' lang='lat'>:</span> <span class='ocrx_word' id='word_1_154' title='bbox 395 2347 485 2413; x_wconf 93' lang='lat' dir='ltr'><strong>qui</strong></span> <span class='ocrx_word' id='word_1_155' title='bbox 522 2358 599 2400; x_wconf 88' lang='lat' dir='ltr'><strong>tot</strong></span> <span class='ocrx_word' id='word_1_156' title='bbox 626 2358 880 2415; x_wconf 85' lang='lat' dir='ltr'><strong>tantaque</strong></span> <span class='ocrx_word' id='word_1_157' title='bbox 911 2350 962 2401; x_wconf 91' lang='lat' dir='ltr'><strong>in</strong></span> <span class='ocrx_word' id='word_1_158' title='bbox 993 2352 1154 2404; x_wconf 86' lang='lat' dir='ltr'><strong>terris</strong></span> <span class='ocrx_word' id='word_1_159' title='bbox 1176 2366 1389 2419; x_wconf 82' lang='lat' dir='ltr'><strong>semper</strong></span> <span class='ocrx_word' id='word_1_160' title='bbox 1419 2356 1591 2419; x_wconf 91' lang='lat' dir='ltr'><strong>potuit</strong></span> <span class='ocrx_word' id='word_1_161' title='bbox 1645 2372 1735 2421; x_wconf 81' lang='lat' dir='ltr'><strong>po—</strong></span> 
     </span>
    </p>
   </div>
   <div class='ocr_carea' id='block_1_25' title="bbox 181 2438 1730 2503">
    <p class='ocr_par' dir='ltr' id='par_1_25' title="bbox 181 2438 1730 2503">
     <span class='ocr_line' id='line_1_25' title="bbox 181 2438 1730 2503; baseline 0.005 -16"><span class='ocrx_word' id='word_1_162' title='bbox 181 2447 425 2503; x_wconf 79' lang='lat' dir='ltr'><strong>testque.</strong></span> <span class='ocrx_word' id='word_1_163' title='bbox 463 2448 518 2489; x_wconf 92' lang='lat' dir='ltr'><strong>ut</strong></span> <span class='ocrx_word' id='word_1_164' title='bbox 572 2438 624 2489; x_wconf 93' lang='lat' dir='ltr'><strong>in</strong></span> <span class='ocrx_word' id='word_1_165' title='bbox 665 2441 918 2492; x_wconf 86' lang='lat' dir='ltr'><strong>omnibus</strong></span> <span class='ocrx_word' id='word_1_166' title='bbox 940 2443 1052 2493; x_wconf 91' lang='lat' dir='ltr'><strong>oris</strong></span> <span class='ocrx_word' id='word_1_167' title='bbox 1090 2442 1475 2495; x_wconf 80' lang='lat' dir='ltr'><strong>miraculorum</strong></span> <span class='ocrx_word' id='word_1_168' title='bbox 1513 2460 1730 2496; x_wconf 79' lang='lat' dir='ltr'><strong>suorum</strong></span> 
     </span>
    </p>
   </div>
   <div class='ocr_carea' id='block_1_26' title="bbox 180 2528 1732 2602">
    <p class='ocr_par' dir='ltr' id='par_1_26' title="bbox 180 2528 1732 2602">
     <span class='ocr_line' id='line_1_26' title="bbox 180 2528 1732 2602; baseline 0.007 -26"><span class='ocrx_word' id='word_1_169' title='bbox 180 2528 307 2578; x_wconf 90' lang='lat' dir='ltr'><strong>tuba</strong></span> <span class='ocrx_word' id='word_1_170' title='bbox 355 2533 674 2581; x_wconf 84' lang='lat' dir='ltr'><strong>celebretur.</strong></span> <span class='ocrx_word' id='word_1_171' title='bbox 733 2531 925 2583; x_wconf 83' lang='lat' dir='ltr'><strong>Beatus</strong></span> <span class='ocrx_word' id='word_1_172' title='bbox 978 2534 1156 2599; x_wconf 81' lang='lat' dir='ltr'><strong>reipsa</strong></span> <span class='ocrx_word' id='word_1_173' title='bbox 1214 2549 1306 2595; x_wconf 90' lang='lat' dir='ltr'><strong>es.</strong></span> <span class='ocrx_word' id='word_1_174' title='bbox 1342 2536 1423 2586; x_wconf 72' lang='lat' dir='ltr'><strong>vir</strong></span> <span class='ocrx_word' id='word_1_175' title='bbox 1469 2536 1732 2602; x_wconf 86' lang='lat' dir='ltr'><strong>piissime.</strong></span> 
     </span>
    </p>
   </div>
   <div class='ocr_carea' id='block_1_27' title="bbox 176 2617 1735 2688">
    <p class='ocr_par' dir='ltr' id='par_1_27' title="bbox 176 2617 1735 2688">
     <span class='ocr_line' id='line_1_27' title="bbox 176 2617 1735 2688; baseline 0.009 -22"><span class='ocrx_word' id='word_1_176' title='bbox 176 2618 322 2681; x_wconf 91' lang='lat' dir='ltr'><strong>quod</strong></span> <span class='ocrx_word' id='word_1_177' title='bbox 364 2617 518 2669; x_wconf 89' lang='lat' dir='ltr'><strong>talem</strong></span> <span class='ocrx_word' id='word_1_178' title='bbox 554 2629 742 2671; x_wconf 75' lang='lat' dir='ltr'><strong>nactus</strong></span> <span class='ocrx_word' id='word_1_179' title='bbox 785 2622 858 2672; x_wconf 87' lang='lat' dir='ltr'><strong>sis</strong></span> <span class='ocrx_word' id='word_1_180' title='bbox 896 2632 1263 2688; x_wconf 79' lang='lat' dir='ltr'><strong>susceptoretn</strong></span> <span class='ocrx_word' id='word_1_181' title='bbox 1299 2640 1312 2675; x_wconf 89' lang='lat'><strong>:</strong></span> <span class='ocrx_word' id='word_1_182' title='bbox 1350 2634 1430 2678; x_wconf 89' lang='lat' dir='ltr'><strong>ter</strong></span> <span class='ocrx_word' id='word_1_183' title='bbox 1464 2625 1653 2679; x_wconf 86' lang='lat' dir='ltr'><strong>beatus</strong></span> <span class='ocrx_word' id='word_1_184' title='bbox 1682 2637 1735 2679; x_wconf 89' lang='lat' dir='ltr'><strong>et</strong></span> 
     </span>
    </p>
   </div>
   <div class='ocr_carea' id='block_1_28' title="bbox 180 2708 1729 2784">
    <p class='ocr_par' dir='ltr' id='par_1_28' title="bbox 180 2708 1729 2784">
     <span class='ocr_line' id='line_1_28' title="bbox 180 2708 1729 2784; baseline 0.007 -27"><span class='ocrx_word' id='word_1_185' title='bbox 180 2710 325 2759; x_wconf 72' lang='lat' dir='ltr'><strong>unus</strong></span> <span class='ocrx_word' id='word_1_186' title='bbox 357 2718 500 2770; x_wconf 84' lang='lat' dir='ltr'><strong>tuus,</strong></span> <span class='ocrx_word' id='word_1_187' title='bbox 533 2708 624 2776; x_wconf 92' lang='lat' dir='ltr'><strong>qui</strong></span> <span class='ocrx_word' id='word_1_188' title='bbox 659 2724 685 2761; x_wconf 92' lang='lat' dir='ltr'><strong>a</strong></span> <span class='ocrx_word' id='word_1_189' title='bbox 720 2720 865 2762; x_wconf 89' lang='lat' dir='ltr'><strong>tanta</strong></span> <span class='ocrx_word' id='word_1_190' title='bbox 897 2712 1063 2779; x_wconf 89' lang='lat' dir='ltr'><strong>gloria</strong></span> <span class='ocrx_word' id='word_1_191' title='bbox 1109 2721 1162 2766; x_wconf 91' lang='lat' dir='ltr'><strong>et</strong></span> <span class='ocrx_word' id='word_1_192' title='bbox 1214 2716 1449 2780; x_wconf 88' lang='lat' dir='ltr'><strong>potentia</strong></span> <span class='ocrx_word' id='word_1_193' title='bbox 1504 2716 1729 2784; x_wconf 69' lang='lat' dir='ltr'><strong>pracdito</strong></span> 
     </span>
    </p>
   </div>
   <div class='ocr_carea' id='block_1_29' title="bbox 184 2800 1732 2862">
    <p class='ocr_par' dir='ltr' id='par_1_29' title="bbox 184 2800 1732 2862">
     <span class='ocr_line' id='line_1_29' title="bbox 184 2800 1732 2862; baseline 0.007 -13"><span class='ocrx_word' id='word_1_194' title='bbox 184 2813 475 2862; x_wconf 85' lang='lat' dir='ltr'><strong>susceptus</strong></span> <span class='ocrx_word' id='word_1_195' title='bbox 503 2804 589 2853; x_wconf 88' lang='lat' dir='ltr'><strong>sit.</strong></span> <span class='ocrx_word' id='word_1_196' title='bbox 628 2800 793 2855; x_wconf 76' lang='lat' dir='ltr'><strong>Nobis</strong></span> <span class='ocrx_word' id='word_1_197' title='bbox 825 2818 949 2856; x_wconf 73' lang='lat' dir='ltr'><strong>vero</strong></span> <span class='ocrx_word' id='word_1_198' title='bbox 985 2803 1169 2857; x_wconf 78' lang='lat' dir='ltr'><strong>videre</strong></span> <span class='ocrx_word' id='word_1_199' title='bbox 1203 2806 1362 2857; x_wconf 89' lang='lat' dir='ltr'><strong>liceat</strong></span> <span class='ocrx_word' id='word_1_200' title='bbox 1396 2808 1538 2858; x_wconf 87' lang='lat' dir='ltr'><strong>hunc</strong></span> <span class='ocrx_word' id='word_1_201' title='bbox 1564 2808 1732 2860; x_wconf 83' lang='lat' dir='ltr'><strong>lilium</strong></span> 
     </span>
    </p>
   </div>
   <div class='ocr_carea' id='block_1_30' title="bbox 182 2890 1730 2962">
    <p class='ocr_par' dir='ltr' id='par_1_30' title="bbox 182 2890 1730 2962">
     <span class='ocr_line' id='line_1_30' title="bbox 182 2890 1730 2962; baseline 0.008 -23"><span class='ocrx_word' id='word_1_202' title='bbox 182 2899 333 2940; x_wconf 87' lang='lat' dir='ltr'><strong>tuum</strong></span> <span class='ocrx_word' id='word_1_203' title='bbox 370 2892 541 2943; x_wconf 83' lang='lat' dir='ltr'><strong>sancti</strong></span> <span class='ocrx_word' id='word_1_204' title='bbox 576 2890 829 2944; x_wconf 77' lang='lat' dir='ltr'><strong>Demetrii</strong></span> <span class='ocrx_word' id='word_1_205' title='bbox 865 2894 1264 2962; x_wconf 80' lang='lat' dir='ltr'><strong>cognominem.</strong></span> <span class='ocrx_word' id='word_1_206' title='bbox 1296 2896 1338 2948; x_wconf 89' lang='lat' dir='ltr'><strong>si</strong></span> <span class='ocrx_word' id='word_1_207' title='bbox 1370 2900 1565 2953; x_wconf 82' lang='lat' dir='ltr'><strong>annuis</strong></span> <span class='ocrx_word' id='word_1_208' title='bbox 1596 2916 1609 2950; x_wconf 92' lang='lat'><strong>:</strong></span> <span class='ocrx_word' id='word_1_209' title='bbox 1642 2910 1730 2960; x_wconf 89' lang='lat' dir='ltr'><strong>ut,</strong></span> 
     </span>
    </p>
   </div>
   <div class='ocr_carea' id='block_1_31' title="bbox 187 2981 1732 3055">
    <p class='ocr_par' dir='ltr' id='par_1_31' title="bbox 187 2981 1732 3055">
     <span class='ocr_line' id='line_1_31' title="bbox 187 2981 1732 3055; baseline 0.008 -26"><span class='ocrx_word' id='word_1_210' title='bbox 187 2990 445 3045; x_wconf 83' lang='lat' dir='ltr'><strong>tanquam</strong></span> <span class='ocrx_word' id='word_1_211' title='bbox 495 2981 665 3045; x_wconf 83' lang='lat' dir='ltr'><strong>ipsius</strong></span> <span class='ocrx_word' id='word_1_212' title='bbox 708 2982 872 3034; x_wconf 85' lang='lat' dir='ltr'><strong>lilium</strong></span> <span class='ocrx_word' id='word_1_213' title='bbox 924 2982 1330 3049; x_wconf 87' lang='lat' dir='ltr'><strong>amplectentes,</strong></span> <span class='ocrx_word' id='word_1_214' title='bbox 1372 2997 1425 3038; x_wconf 90' lang='lat' dir='ltr'><strong>et</strong></span> <span class='ocrx_word' id='word_1_215' title='bbox 1481 2991 1732 3055; x_wconf 82' lang='lat' dir='ltr'><strong>congruis</strong></span> 
     </span>
    </p>
   </div>
   <div class='ocr_carea' id='block_1_32' title="bbox 187 3071 1729 3139">
    <p class='ocr_par' dir='ltr' id='par_1_32' title="bbox 187 3071 1729 3139">
     <span class='ocr_line' id='line_1_32' title="bbox 187 3071 1729 3139; baseline 0.005 -17"><span class='ocrx_word' id='word_1_216' title='bbox 187 3073 293 3137; x_wconf 88' lang='lat' dir='ltr'><strong>ipsi</strong></span> <span class='ocrx_word' id='word_1_217' title='bbox 330 3071 525 3132; x_wconf 74' lang='lat' dir='ltr'><strong>verbis,</strong></span> <span class='ocrx_word' id='word_1_218' title='bbox 577 3085 632 3124; x_wconf 94' lang='lat' dir='ltr'><strong>ut</strong></span> <span class='ocrx_word' id='word_1_219' title='bbox 689 3084 1017 3139; x_wconf 83' lang='lat' dir='ltr'><strong>peccatores,</strong></span> <span class='ocrx_word' id='word_1_220' title='bbox 1059 3075 1460 3139; x_wconf 87' lang='lat' dir='ltr'><strong>compcllemus.</strong></span> <span class='ocrx_word' id='word_1_221' title='bbox 1515 3088 1567 3130; x_wconf 89' lang='lat' dir='ltr'><strong>et</strong></span> <span class='ocrx_word' id='word_1_222' title='bbox 1620 3095 1729 3131; x_wconf 89' lang='lat' dir='ltr'><strong>rem</strong></span> 
     </span>
    </p>
   </div>
   <div class='ocr_carea' id='block_1_33' title="bbox 181 3166 1729 3235">
    <p class='ocr_par' dir='ltr' id='par_1_33' title="bbox 181 3166 1729 3235">
     <span class='ocr_line' id='line_1_33' title="bbox 181 3166 1729 3235; baseline 0.006 -20"><span class='ocrx_word' id='word_1_223' title='bbox 181 3175 390 3233; x_wconf 77' lang='lat' dir='ltr'><strong>gestam</strong></span> <span class='ocrx_word' id='word_1_224' title='bbox 423 3166 487 3218; x_wconf 88' lang='lat' dir='ltr'><strong>ad</strong></span> <span class='ocrx_word' id='word_1_225' title='bbox 536 3167 667 3219; x_wconf 85' lang='lat' dir='ltr'><strong>alios</strong></span> <span class='ocrx_word' id='word_1_226' title='bbox 702 3184 915 3235; x_wconf 86' lang='lat' dir='ltr'><strong>quoque</strong></span> <span class='ocrx_word' id='word_1_227' title='bbox 952 3168 1394 3220; x_wconf 73' lang='lat' dir='ltr'><strong>transmittamus.</strong></span> <span class='ocrx_word' id='word_1_228' title='bbox 1429 3171 1538 3223; x_wconf 84' lang='lat' dir='ltr'><strong>Nec</strong></span> <span class='ocrx_word' id='word_1_229' title='bbox 1586 3176 1729 3225; x_wconf 88' lang='lat' dir='ltr'><strong>enim</strong></span> 
     </span>
    </p>
   </div>
   <div class='ocr_carea' id='block_1_34' title="bbox 182 3256 1727 3325">
    <p class='ocr_par' dir='ltr' id='par_1_34' title="bbox 182 3256 1727 3325">
     <span class='ocr_line' id='line_1_34' title="bbox 182 3256 1727 3325; baseline 0.003 -19"><span class='ocrx_word' id='word_1_230' title='bbox 182 3272 271 3307; x_wconf 88' lang='lat' dir='ltr'><strong>res</strong></span> <span class='ocrx_word' id='word_1_231' title='bbox 312 3256 561 3320; x_wconf 86' lang='lat' dir='ltr'><strong>pulchras</strong></span> <span class='ocrx_word' id='word_1_232' title='bbox 585 3257 728 3309; x_wconf 89' lang='lat' dir='ltr'><strong>sileri</strong></span> <span class='ocrx_word' id='word_1_233' title='bbox 763 3258 1035 3316; x_wconf 82' lang='lat' dir='ltr'><strong>convenit.</strong></span> <span class='ocrx_word' id='word_1_234' title='bbox 1066 3258 1161 3309; x_wconf 89' lang='lat' dir='ltr'><strong>sed</strong></span> <span class='ocrx_word' id='word_1_235' title='bbox 1210 3258 1326 3310; x_wconf 87' lang='lat' dir='ltr'><strong>aliis</strong></span> <span class='ocrx_word' id='word_1_236' title='bbox 1358 3259 1421 3311; x_wconf 89' lang='lat' dir='ltr'><strong>ad</strong></span> <span class='ocrx_word' id='word_1_237' title='bbox 1476 3260 1571 3325; x_wconf 67' lang='lat' dir='ltr'><strong>pia:</strong></span> <span class='ocrx_word' id='word_1_238' title='bbox 1610 3262 1727 3313; x_wconf 90' lang='lat' dir='ltr'><strong>tidei</strong></span> 
     </span>
    </p>
   </div>
   <div class='ocr_carea' id='block_1_35' title="bbox 176 3348 1729 3414">
    <p class='ocr_par' dir='ltr' id='par_1_35' title="bbox 176 3348 1729 3414">
     <span class='ocr_line' id='line_1_35' title="bbox 176 3348 1729 3414; baseline 0.001 -14"><span class='ocrx_word' id='word_1_239' title='bbox 176 3349 324 3400; x_wconf 77' lang='lat' dir='ltr'><strong>clara</strong></span> <span class='ocrx_word' id='word_1_240' title='bbox 380 3350 700 3400; x_wconf 86' lang='lat' dir='ltr'><strong>documenta</strong></span> <span class='ocrx_word' id='word_1_241' title='bbox 754 3350 998 3414; x_wconf 86' lang='lat' dir='ltr'><strong>proponi.</strong></span> <span class='ocrx_word' id='word_1_242' title='bbox 1043 3368 1060 3396; x_wconf 76' lang='grc' dir='ltr'><strong>ι</strong></span> <span class='ocrx_word' id='word_1_243' title='bbox 1103 3348 1389 3401; x_wconf 78' lang='lat' dir='ltr'><strong>Enimvero</strong></span> <span class='ocrx_word' id='word_1_244' title='bbox 1436 3361 1490 3401; x_wconf 91' lang='lat' dir='ltr'><strong>et</strong></span> <span class='ocrx_word' id='word_1_245' title='bbox 1529 3351 1729 3404; x_wconf 80' lang='lat' dir='ltr'><strong>factum</strong></span> 
     </span>
    </p>
   </div>
   <div class='ocr_carea' id='block_1_36' title="bbox 180 3438 1733 3509">
    <p class='ocr_par' dir='ltr' id='par_1_36' title="bbox 180 3438 1733 3509">
     <span class='ocr_line' id='line_1_36' title="bbox 180 3438 1733 3509; baseline 0.005 -22"><span class='ocrx_word' id='word_1_246' title='bbox 180 3438 339 3502; x_wconf 66' lang='lat' dir='ltr'><strong>inbuit:</strong></span> <span class='ocrx_word' id='word_1_247' title='bbox 382 3439 672 3505; x_wconf 81' lang='lat' dir='ltr'><strong>singulare.</strong></span> <span class='ocrx_word' id='word_1_248' title='bbox 697 3441 837 3505; x_wconf 86' lang='lat' dir='ltr'><strong>quod</strong></span> <span class='ocrx_word' id='word_1_249' title='bbox 881 3440 966 3492; x_wconf 89' lang='lat' dir='ltr'><strong>hic</strong></span> <span class='ocrx_word' id='word_1_250' title='bbox 1006 3439 1269 3501; x_wconf 83' lang='lat' dir='ltr'><strong>laudatur,</strong></span> <span class='ocrx_word' id='word_1_251' title='bbox 1301 3450 1352 3492; x_wconf 90' lang='lat' dir='ltr'><strong>et</strong></span> <span class='ocrx_word' id='word_1_252' title='bbox 1388 3443 1569 3505; x_wconf 82' lang='lat' dir='ltr'><strong>verba,</strong></span> <span class='ocrx_word' id='word_1_253' title='bbox 1616 3445 1733 3509; x_wconf 86' lang='lat' dir='ltr'><strong>qui-</strong></span> 
     </span>
    </p>
   </div>
   <div class='ocr_carea' id='block_1_37' title="bbox 181 3529 1731 3600">
    <p class='ocr_par' dir='ltr' id='par_1_37' title="bbox 181 3529 1731 3600">
     <span class='ocr_line' id='line_1_37' title="bbox 181 3529 1731 3600; baseline 0.002 -17"><span class='ocrx_word' id='word_1_254' title='bbox 181 3532 284 3583; x_wconf 83' lang='lat' dir='ltr'><strong>bus</strong></span> <span class='ocrx_word' id='word_1_255' title='bbox 347 3531 397 3582; x_wconf 89' lang='lat' dir='ltr'><strong>id</strong></span> <span class='ocrx_word' id='word_1_256' title='bbox 443 3547 468 3582; x_wconf 85' lang='lat' dir='ltr'><strong>a</strong></span> <span class='ocrx_word' id='word_1_257' title='bbox 514 3529 799 3583; x_wconf 85' lang='lat' dir='ltr'><strong>Theodom</strong></span> <span class='ocrx_word' id='word_1_258' title='bbox 847 3532 1053 3582; x_wconf 81' lang='lat' dir='ltr'><strong>Studita</strong></span> <span class='ocrx_word' id='word_1_259' title='bbox 1093 3532 1466 3593; x_wconf 79' lang='lat' dir='ltr'><strong>sit,exiu.iam</strong></span> <span class='ocrx_word' id='word_1_260' title='bbox 1516 3550 1731 3600; x_wconf 81' lang='lat' dir='ltr'><strong>prorsus</strong></span> 
     </span>
    </p>
   </div>
   <div class='ocr_carea' id='block_1_38' title="bbox 178 3620 1726 3690">
    <p class='ocr_par' dir='ltr' id='par_1_38' title="bbox 178 3620 1726 3690">
     <span class='ocr_line' id='line_1_38' title="bbox 178 3620 1726 3690; baseline 0.001 -18"><span class='ocrx_word' id='word_1_261' title='bbox 178 3637 307 3688; x_wconf 75' lang='lat' dir='ltr'><strong>erga</strong></span> <span class='ocrx_word' id='word_1_262' title='bbox 347 3632 588 3672; x_wconf 87' lang='lat' dir='ltr'><strong>sanctum</strong></span> <span class='ocrx_word' id='word_1_263' title='bbox 639 3622 959 3673; x_wconf 82' lang='lat' dir='ltr'><strong>Demetrium</strong></span> <span class='ocrx_word' id='word_1_264' title='bbox 1008 3633 1118 3671; x_wconf 88' lang='lat' dir='ltr'><strong>tttm</strong></span> <span class='ocrx_word' id='word_1_265' title='bbox 1150 3620 1371 3673; x_wconf 78' lang='lat' dir='ltr'><strong>Joannis</strong></span> <span class='ocrx_word' id='word_1_266' title='bbox 1418 3624 1726 3690; x_wconf 74' lang='lat' dir='ltr'><strong>Spatharii.</strong></span> 
     </span>
    </p>
   </div>
   <div class='ocr_carea' id='block_1_39' title="bbox 176 3707 1729 3779">
    <p class='ocr_par' dir='ltr' id='par_1_39' title="bbox 176 3707 1729 3779">
     <span class='ocr_line' id='line_1_39' title="bbox 176 3707 1729 3779; baseline 0.002 -18"><span class='ocrx_word' id='word_1_267' title='bbox 176 3713 270 3775; x_wconf 92' lang='lat' dir='ltr'><strong>qui</strong></span> <span class='ocrx_word' id='word_1_268' title='bbox 312 3708 446 3761; x_wconf 79' lang='lat' dir='ltr'><strong>forte</strong></span> <span class='ocrx_word' id='word_1_269' title='bbox 481 3726 601 3761; x_wconf 88' lang='lat' dir='ltr'><strong>cum</strong></span> <span class='ocrx_word' id='word_1_270' title='bbox 628 3707 837 3762; x_wconf 80' lang='lat' dir='ltr'><strong>Joanne</strong></span> <span class='ocrx_word' id='word_1_271' title='bbox 866 3708 1306 3775; x_wconf 84' lang='lat' dir='ltr'><strong>Protospathario</strong></span> <span class='ocrx_word' id='word_1_272' title='bbox 1329 3721 1383 3763; x_wconf 91' lang='lat' dir='ltr'><strong>et</strong></span> <span class='ocrx_word' id='word_1_273' title='bbox 1413 3711 1620 3779; x_wconf 85' lang='lat' dir='ltr'><strong>Bajulo,</strong></span> <span class='ocrx_word' id='word_1_274' title='bbox 1663 3716 1729 3765; x_wconf 88' lang='lat' dir='ltr'><strong>ab</strong></span> 
     </span>
    </p>
   </div>
   <div class='ocr_carea' id='block_1_40' title="bbox 183 3800 1727 3871">
    <p class='ocr_par' dir='ltr' id='par_1_40' title="bbox 183 3800 1727 3871">
     <span class='ocr_line' id='line_1_40' title="bbox 183 3800 1727 3871; baseline 0.002 -19"><span class='ocrx_word' id='word_1_275' title='bbox 183 3806 338 3854; x_wconf 85' lang='lat' dir='ltr'><strong>Ircne</strong></span> <span class='ocrx_word' id='word_1_276' title='bbox 373 3801 549 3854; x_wconf 83' lang='lat' dir='ltr'><strong>electo</strong></span> <span class='ocrx_word' id='word_1_277' title='bbox 597 3812 759 3865; x_wconf 66' lang='lat' dir='ltr'><strong>atque</strong></span> <span class='ocrx_word' id='word_1_278' title='bbox 800 3801 940 3868; x_wconf 92' lang='lat' dir='ltr'><strong>apud</strong></span> <span class='ocrx_word' id='word_1_279' title='bbox 986 3800 1372 3871; x_wconf 83' lang='lat' dir='ltr'><strong>Theophanem</strong></span> <span class='ocrx_word' id='word_1_280' title='bbox 1418 3804 1483 3857; x_wconf 85' lang='lat' dir='ltr'><strong>ad</strong></span> <span class='ocrx_word' id='word_1_281' title='bbox 1528 3818 1727 3855; x_wconf 73' lang='lat' dir='ltr'><strong>annum</strong></span> 
     </span>
    </p>
   </div>
   <div class='ocr_carea' id='block_1_41' title="bbox 177 3898 1732 3967">
    <p class='ocr_par' dir='ltr' id='par_1_41' title="bbox 177 3898 1732 3967">
     <span class='ocr_line' id='line_1_41' title="bbox 177 3898 1732 3967; baseline 0.001 -16"><span class='ocrx_word' id='word_1_282' title='bbox 177 3898 540 3965; x_wconf 84' lang='lat' dir='ltr'><strong>imperatricis</strong></span> <span class='ocrx_word' id='word_1_283' title='bbox 567 3902 723 3967; x_wconf 88' lang='lat' dir='ltr'><strong>hujus</strong></span> <span class='ocrx_word' id='word_1_284' title='bbox 749 3901 1017 3953; x_wconf 87' lang='lat' dir='ltr'><strong>decimum</strong></span> <span class='ocrx_word' id='word_1_285' title='bbox 1054 3908 1370 3960; x_wconf 84' lang='lat' dir='ltr'><strong>memorato.</strong></span> <span class='ocrx_word' id='word_1_286' title='bbox 1400 3914 1541 3952; x_wconf 88' lang='lat' dir='ltr'><strong>unus</strong></span> <span class='ocrx_word' id='word_1_287' title='bbox 1563 3901 1732 3953; x_wconf 85' lang='lat' dir='ltr'><strong>idem-</strong></span> 
     </span>
    </p>
   </div>
   <div class='ocr_carea' id='block_1_42' title="bbox 174 3986 1727 4055">
    <p class='ocr_par' dir='ltr' id='par_1_42' title="bbox 174 3986 1727 4055">
     <span class='ocr_line' id='line_1_42' title="bbox 174 3986 1727 4055; baseline 0.003 -18"><span class='ocrx_word' id='word_1_288' title='bbox 174 4003 283 4053; x_wconf 87' lang='lat' dir='ltr'><strong>que</strong></span> <span class='ocrx_word' id='word_1_289' title='bbox 317 3999 415 4051; x_wconf 87' lang='lat' dir='ltr'><strong>est,</strong></span> <span class='ocrx_word' id='word_1_290' title='bbox 449 3998 557 4039; x_wconf 89' lang='lat' dir='ltr'><strong>tum</strong></span> <span class='ocrx_word' id='word_1_291' title='bbox 589 3990 864 4055; x_wconf 79' lang='lat' dir='ltr'><strong>ipsiusmet</strong></span> <span class='ocrx_word' id='word_1_292' title='bbox 915 3986 1181 4039; x_wconf 82' lang='lat' dir='ltr'><strong>Theodori</strong></span> <span class='ocrx_word' id='word_1_293' title='bbox 1230 3987 1453 4041; x_wconf 83' lang='lat' dir='ltr'><strong>Studita:</strong></span> <span class='ocrx_word' id='word_1_294' title='bbox 1509 4004 1727 4041; x_wconf 79' lang='lat' dir='ltr'><strong>venera-</strong></span> 
     </span>
    </p>
   </div>
   <div class='ocr_carea' id='block_1_43' title="bbox 182 4078 1724 4145">
    <p class='ocr_par' dir='ltr' id='par_1_43' title="bbox 182 4078 1724 4145">
     <span class='ocr_line' id='line_1_43' title="bbox 182 4078 1724 4145; baseline 0.001 -17"><span class='ocrx_word' id='word_1_295' title='bbox 182 4088 384 4128; x_wconf 72' lang='lat' dir='ltr'><strong>tenem</strong></span> <span class='ocrx_word' id='word_1_296' title='bbox 416 4088 666 4145; x_wconf 75' lang='lat' dir='ltr'><strong>arguunt.</strong></span> <span class='ocrx_word' id='word_1_297' title='bbox 701 4078 896 4131; x_wconf 68' lang='lat' dir='ltr'><strong>Atlhrec</strong></span> <span class='ocrx_word' id='word_1_298' title='bbox 930 4093 1049 4131; x_wconf 90' lang='lat' dir='ltr'><strong>cum</strong></span> <span class='ocrx_word' id='word_1_299' title='bbox 1080 4078 1163 4130; x_wconf 93' lang='lat' dir='ltr'><strong>hic</strong></span> <span class='ocrx_word' id='word_1_300' title='bbox 1213 4089 1432 4130; x_wconf 82' lang='lat' dir='ltr'><strong>sanctus</strong></span> <span class='ocrx_word' id='word_1_301' title='bbox 1466 4081 1724 4145; x_wconf 85' lang='lat' dir='ltr'><strong>scriptor,</strong></span> 
     </span>
    </p>
   </div>
   <div class='ocr_carea' id='block_1_44' title="bbox 177 4168 1723 4236">
    <p class='ocr_par' dir='ltr' id='par_1_44' title="bbox 177 4168 1723 4236">
     <span class='ocr_line' id='line_1_44' title="bbox 177 4168 1723 4236; baseline 0.001 -16"><span class='ocrx_word' id='word_1_302' title='bbox 177 4171 292 4236; x_wconf 86' lang='lat' dir='ltr'><strong>qui,</strong></span> <span class='ocrx_word' id='word_1_303' title='bbox 327 4168 771 4236; x_wconf 80' lang='lat' dir='ltr'><strong>quemadmodum</strong></span> <span class='ocrx_word' id='word_1_304' title='bbox 802 4170 907 4235; x_wconf 81' lang='lat' dir='ltr'><strong>jam</strong></span> <span class='ocrx_word' id='word_1_305' title='bbox 958 4168 1135 4225; x_wconf 88' lang='lat' dir='ltr'><strong>docui,</strong></span> <span class='ocrx_word' id='word_1_306' title='bbox 1179 4168 1373 4220; x_wconf 62' lang='lat' dir='ltr'><strong>seculo</strong></span> <span class='ocrx_word' id='word_1_307' title='bbox 1409 4177 1601 4222; x_wconf 84' lang='lat' dir='ltr'><strong>octavo</strong></span> <span class='ocrx_word' id='word_1_308' title='bbox 1638 4186 1723 4221; x_wconf 84' lang='lat' dir='ltr'><strong>se-</strong></span> 
     </span>
    </p>
   </div>
   <div class='ocr_carea' id='block_1_45' title="bbox 176 4255 1725 4325">
    <p class='ocr_par' dir='ltr' id='par_1_45' title="bbox 176 4255 1725 4325">
     <span class='ocr_line' id='line_1_45' title="bbox 176 4255 1725 4325; baseline 0.003 -20"><span class='ocrx_word' id='word_1_309' title='bbox 176 4268 432 4307; x_wconf 84' lang='lat' dir='ltr'><strong>nescente</strong></span> <span class='ocrx_word' id='word_1_310' title='bbox 463 4258 846 4323; x_wconf 87' lang='lat' dir='ltr'><strong>sequentisque</strong></span> <span class='ocrx_word' id='word_1_311' title='bbox 880 4256 1033 4307; x_wconf 65' lang='lat' dir='ltr'><strong>initia</strong></span> <span class='ocrx_word' id='word_1_312' title='bbox 1078 4255 1275 4317; x_wconf 84' lang='lat' dir='ltr'><strong>ﬂoruit.</strong></span> <span class='ocrx_word' id='word_1_313' title='bbox 1327 4265 1404 4307; x_wconf 91' lang='lat' dir='ltr'><strong>tot</strong></span> <span class='ocrx_word' id='word_1_314' title='bbox 1462 4266 1725 4325; x_wconf 82' lang='lat' dir='ltr'><strong>tantaque</strong></span> 
     </span>
    </p>
   </div>
   <div class='ocr_carea' id='block_1_46' title="bbox 181 4350 1720 4416">
    <p class='ocr_par' dir='ltr' id='par_1_46' title="bbox 181 4350 1720 4416">
     <span class='ocr_line' id='line_1_46' title="bbox 181 4350 1720 4416; baseline 0.003 -18"><span class='ocrx_word' id='word_1_315' title='bbox 181 4350 231 4398; x_wconf 88' lang='lat' dir='ltr'><strong>in</strong></span> <span class='ocrx_word' id='word_1_316' title='bbox 254 4353 410 4401; x_wconf 84' lang='lat' dir='ltr'><strong>terris</strong></span> <span class='ocrx_word' id='word_1_317' title='bbox 432 4350 752 4402; x_wconf 84' lang='lat' dir='ltr'><strong>Demetrium</strong></span> <span class='ocrx_word' id='word_1_318' title='bbox 778 4364 988 4415; x_wconf 85' lang='lat' dir='ltr'><strong>semper</strong></span> <span class='ocrx_word' id='word_1_319' title='bbox 1012 4350 1251 4416; x_wconf 85' lang='lat' dir='ltr'><strong>potuisse</strong></span> <span class='ocrx_word' id='word_1_320' title='bbox 1272 4364 1334 4399; x_wconf 91' lang='lat' dir='ltr'><strong>ac</strong></span> <span class='ocrx_word' id='word_1_321' title='bbox 1361 4364 1518 4414; x_wconf 90' lang='lat' dir='ltr'><strong>porro</strong></span> <span class='ocrx_word' id='word_1_322' title='bbox 1546 4366 1720 4416; x_wconf 86' lang='lat' dir='ltr'><strong>posse.</strong></span> 
     </span>
    </p>
   </div>
   <div class='ocr_carea' id='block_1_47' title="bbox 179 4439 1724 4507">
    <p class='ocr_par' dir='ltr' id='par_1_47' title="bbox 179 4439 1724 4507">
     <span class='ocr_line' id='line_1_47' title="bbox 179 4439 1724 4507; baseline 0.001 -19"><span class='ocrx_word' id='word_1_323' title='bbox 179 4456 276 4507; x_wconf 80' lang='lat' dir='ltr'><strong>per</strong></span> <span class='ocrx_word' id='word_1_324' title='bbox 314 4441 468 4492; x_wconf 66' lang='lat' dir='ltr'><strong>verba</strong></span> <span class='ocrx_word' id='word_1_325' title='bbox 509 4441 728 4493; x_wconf 86' lang='lat' dir='ltr'><strong>recitata</strong></span> <span class='ocrx_word' id='word_1_326' title='bbox 761 4439 1007 4500; x_wconf 78' lang='lat' dir='ltr'><strong>afﬁrmet,</strong></span> <span class='ocrx_word' id='word_1_327' title='bbox 1038 4450 1096 4492; x_wconf 92' lang='lat' dir='ltr'><strong>ut</strong></span> <span class='ocrx_word' id='word_1_328' title='bbox 1124 4440 1173 4491; x_wconf 91' lang='lat' dir='ltr'><strong>in</strong></span> <span class='ocrx_word' id='word_1_329' title='bbox 1206 4439 1457 4491; x_wconf 89' lang='lat' dir='ltr'><strong>omnibus</strong></span> <span class='ocrx_word' id='word_1_330' title='bbox 1486 4443 1594 4490; x_wconf 85' lang='lat' dir='ltr'><strong>oris</strong></span> <span class='ocrx_word' id='word_1_331' title='bbox 1631 4443 1724 4490; x_wconf 91' lang='lat' dir='ltr'><strong>mi-</strong></span> 
     </span>
    </p>
   </div>
   <div class='ocr_carea' id='block_1_48' title="bbox 1848 622 3392 690">
    <p class='ocr_par' dir='ltr' id='par_1_48' title="bbox 1848 622 3392 690">
     <span class='ocr_line' id='line_1_48' title="bbox 1848 622 3392 690; baseline 0.006 -19"><span class='ocrx_word' id='word_1_332' title='bbox 1848 622 2045 673; x_wconf 89' lang='lat' dir='ltr'><strong>citnum</strong></span> <span class='ocrx_word' id='word_1_333' title='bbox 2105 622 2202 673; x_wconf 74' lang='lat' dir='ltr'><strong>l’uit</strong></span> <span class='ocrx_word' id='word_1_334' title='bbox 2254 624 2566 673; x_wconf 69' lang='lat' dir='ltr'><strong>honoratus.</strong></span> <span class='ocrx_word' id='word_1_335' title='bbox 2613 624 2802 690; x_wconf 91' lang='lat' dir='ltr'><strong>Liquet</strong></span> <span class='ocrx_word' id='word_1_336' title='bbox 2858 628 2908 678; x_wconf 89' lang='lat' dir='ltr'><strong>id</strong></span> <span class='ocrx_word' id='word_1_337' title='bbox 2963 643 3023 678; x_wconf 79' lang='lat' dir='ltr'><strong>ex</strong></span> <span class='ocrx_word' id='word_1_338' title='bbox 3076 629 3199 680; x_wconf 67' lang='lat' dir='ltr'><strong>data</strong></span> <span class='ocrx_word' id='word_1_339' title='bbox 3255 645 3392 682; x_wconf 53' lang='lat' dir='ltr'><strong>anno</strong></span> 
     </span>
    </p>
   </div>
   <div class='ocr_carea' id='block_1_49' title="bbox 1848 714 3357 777">
    <p class='ocr_par' dir='ltr' id='par_1_49' title="bbox 1848 714 3357 777">
     <span class='ocr_line' id='line_1_49' title="bbox 1848 714 3357 777; baseline 0.004 -13"><span class='ocrx_word' id='word_1_340' title='bbox 1848 714 2029 765; x_wconf 85' lang='lat' dir='ltr'><strong>mundi</strong></span> <span class='ocrx_word' id='word_1_341' title='bbox 2062 715 2357 765; x_wconf 86' lang='lat' dir='ltr'><strong>secundum</strong></span> <span class='ocrx_word' id='word_1_342' title='bbox 2388 714 2602 765; x_wconf 67' lang='lat' dir='ltr'><strong>(ira-ros</strong></span> <span class='ocrx_word' id='word_1_343' title='bbox 2634 716 2789 777; x_wconf 76' lang='lat' dir='ltr'><strong>667i,</strong></span> <span class='ocrx_word' id='word_1_344' title='bbox 2832 719 2879 768; x_wconf 92' lang='lat' dir='ltr'><strong>id</strong></span> <span class='ocrx_word' id='word_1_345' title='bbox 2925 728 3025 777; x_wconf 88' lang='lat' dir='ltr'><strong>est.</strong></span> <span class='ocrx_word' id='word_1_346' title='bbox 3076 735 3194 771; x_wconf 73' lang='lat' dir='ltr'><strong>tene</strong></span> <span class='ocrx_word' id='word_1_347' title='bbox 3234 720 3357 771; x_wconf 72' lang='lat' dir='ltr'><strong>Lbri</strong></span> 
     </span>
    </p>
   </div>
   <div class='ocr_carea' id='block_1_50' title="bbox 1846 798 3384 879">
    <p class='ocr_par' dir='ltr' id='par_1_50' title="bbox 1846 798 3384 879">
     <span class='ocr_line' id='line_1_50' title="bbox 1846 798 3384 879; baseline 0.003 -20"><span class='ocrx_word' id='word_1_348' title='bbox 1846 808 2029 859; x_wconf 63' lang='lat' dir='ltr'><strong>stiana</strong></span> <span class='ocrx_word' id='word_1_349' title='bbox 2053 805 2207 864; x_wconf 81' lang='grc'><strong>1166.</strong></span> <span class='ocrx_word' id='word_1_350' title='bbox 2239 821 2333 871; x_wconf 90' lang='lat' dir='ltr'><strong>per</strong></span> <span class='ocrx_word' id='word_1_351' title='bbox 2362 798 2763 861; x_wconf 73' lang='lat' dir='ltr'><strong>Etumauuelem</strong></span> <span class='ocrx_word' id='word_1_352' title='bbox 2788 810 3121 862; x_wconf 67' lang='lat' dir='ltr'><strong>Conineuuu‘.</strong></span> <span class='ocrx_word' id='word_1_353' title='bbox 3151 813 3384 879; x_wconf 84' lang='lat' dir='ltr'><strong>impera-</strong></span> 
     </span>
    </p>
   </div>
   <div class='ocr_carea' id='block_1_51' title="bbox 1847 896 3385 966">
    <p class='ocr_par' dir='ltr' id='par_1_51' title="bbox 1847 896 3385 966">
     <span class='ocr_line' id='line_1_51' title="bbox 1847 896 3385 966; baseline 0.003 -20"><span class='ocrx_word' id='word_1_354' title='bbox 1847 907 2014 949; x_wconf 89' lang='lat' dir='ltr'><strong>torem</strong></span> <span class='ocrx_word' id='word_1_355' title='bbox 2051 896 2116 948; x_wconf 89' lang='lat' dir='ltr'><strong>de</strong></span> <span class='ocrx_word' id='word_1_356' title='bbox 2146 896 2354 957; x_wconf 83' lang='lat' dir='ltr'><strong>diebus,</strong></span> <span class='ocrx_word' id='word_1_357' title='bbox 2401 898 2597 961; x_wconf 84' lang='lat' dir='ltr'><strong>quibus</strong></span> <span class='ocrx_word' id='word_1_358' title='bbox 2626 907 2714 949; x_wconf 88' lang='lat' dir='ltr'><strong>aut</strong></span> <span class='ocrx_word' id='word_1_359' title='bbox 2752 898 2975 950; x_wconf 90' lang='lat' dir='ltr'><strong>omnino</strong></span> <span class='ocrx_word' id='word_1_360' title='bbox 3007 909 3099 951; x_wconf 94' lang='lat' dir='ltr'><strong>aut</strong></span> <span class='ocrx_word' id='word_1_361' title='bbox 3139 916 3203 952; x_wconf 89' lang='lat' dir='ltr'><strong>ex</strong></span> <span class='ocrx_word' id='word_1_362' title='bbox 3236 912 3385 966; x_wconf 87' lang='lat' dir='ltr'><strong>parte</strong></span> 
     </span>
    </p>
   </div>
   <div class='ocr_carea' id='block_1_52' title="bbox 1845 988 3387 1055">
    <p class='ocr_par' dir='ltr' id='par_1_52' title="bbox 1845 988 3387 1055">
     <span class='ocr_line' id='line_1_52' title="bbox 1845 988 3387 1055; baseline 0.002 -14"><span class='ocrx_word' id='word_1_363' title='bbox 1845 989 2206 1041; x_wconf 85' lang='lat' dir='ltr'><strong>tribunalibus</strong></span> <span class='ocrx_word' id='word_1_364' title='bbox 2246 988 2569 1049; x_wconf 68' lang='lat' dir='ltr'><strong>feriundum,</strong></span> <span class='ocrx_word' id='word_1_365' title='bbox 2602 1003 2694 1041; x_wconf 88' lang='lat' dir='ltr'><strong>seu</strong></span> <span class='ocrx_word' id='word_1_366' title='bbox 2744 1005 2773 1040; x_wconf 84' lang='lat' dir='ltr'><strong>a</strong></span> <span class='ocrx_word' id='word_1_367' title='bbox 2806 990 2932 1055; x_wconf 87' lang='lat' dir='ltr'><strong>jure</strong></span> <span class='ocrx_word' id='word_1_368' title='bbox 2962 992 3190 1043; x_wconf 77' lang='lat' dir='ltr'><strong>dici-udo</strong></span> <span class='ocrx_word' id='word_1_369' title='bbox 3221 996 3387 1044; x_wconf 70' lang='lat' dir='ltr'><strong>ab~ti-</strong></span> 
     </span>
    </p>
   </div>
   <div class='ocr_carea' id='block_1_53' title="bbox 1843 1080 3389 1149">
    <p class='ocr_par' dir='ltr' id='par_1_53' title="bbox 1843 1080 3389 1149">
     <span class='ocr_line' id='line_1_53' title="bbox 1843 1080 3389 1149; baseline 0 -14"><span class='ocrx_word' id='word_1_370' title='bbox 1843 1082 2081 1135; x_wconf 86' lang='lat' dir='ltr'><strong>nendum</strong></span> <span class='ocrx_word' id='word_1_371' title='bbox 2118 1090 2282 1141; x_wconf 80' lang='lat' dir='ltr'><strong>esset.</strong></span> <span class='ocrx_word' id='word_1_372' title='bbox 2314 1080 2551 1132; x_wconf 71' lang='lat' dir='ltr'><strong>Novella.</strong></span> <span class='ocrx_word' id='word_1_373' title='bbox 2587 1081 2643 1134; x_wconf 92' lang='lat' dir='ltr'><strong>ln</strong></span> <span class='ocrx_word' id='word_1_374' title='bbox 2679 1082 2777 1134; x_wconf 84' lang='lat' dir='ltr'><strong>hac</strong></span> <span class='ocrx_word' id='word_1_375' title='bbox 2817 1083 2959 1133; x_wconf 89' lang='lat' dir='ltr'><strong>enim</strong></span> <span class='ocrx_word' id='word_1_376' title='bbox 2987 1124 3000 1144; x_wconf 94' lang='lat'><strong>,</strong></span> <span class='ocrx_word' id='word_1_377' title='bbox 3031 1098 3151 1149; x_wconf 64' lang='lat' dir='ltr'><strong>quae</strong></span> <span class='ocrx_word' id='word_1_378' title='bbox 3184 1084 3234 1134; x_wconf 87' lang='lat' dir='ltr'><strong>in</strong></span> <span class='ocrx_word' id='word_1_379' title='bbox 3264 1083 3389 1136; x_wconf 79' lang='lat' dir='ltr'><strong>Jure</strong></span> 
     </span>
    </p>
   </div>
   <div class='ocr_carea' id='block_1_54' title="bbox 1841 1172 3386 1240">
    <p class='ocr_par' dir='ltr' id='par_1_54' title="bbox 1841 1172 3386 1240">
     <span class='ocr_line' id='line_1_54' title="bbox 1841 1172 3386 1240; baseline 0.001 -14"><span class='ocrx_word' id='word_1_380' title='bbox 1841 1173 2317 1234; x_wconf 63' lang='lat' dir='ltr'><strong>Greco-Romano,</strong></span> <span class='ocrx_word' id='word_1_381' title='bbox 2344 1189 2437 1240; x_wconf 93' lang='lat' dir='ltr'><strong>per</strong></span> <span class='ocrx_word' id='word_1_382' title='bbox 2468 1172 2852 1227; x_wconf 79' lang='lat' dir='ltr'><strong>Lennclavium</strong></span> <span class='ocrx_word' id='word_1_383' title='bbox 2885 1190 3027 1227; x_wconf 88' lang='lat' dir='ltr'><strong>anno</strong></span> <span class='ocrx_word' id='word_1_384' title='bbox 3061 1176 3194 1229; x_wconf 71' lang='grc'><strong>1596</strong></span> <span class='ocrx_word' id='word_1_385' title='bbox 3222 1177 3386 1228; x_wconf 83' lang='lat' dir='ltr'><strong>Fran-</strong></span> 
     </span>
    </p>
   </div>
   <div class='ocr_carea' id='block_1_55' title="bbox 1840 1264 3384 1332">
    <p class='ocr_par' dir='ltr' id='par_1_55' title="bbox 1840 1264 3384 1332">
     <span class='ocr_line' id='line_1_55' title="bbox 1840 1264 3384 1332; baseline -0.001 -13"><span class='ocrx_word' id='word_1_386' title='bbox 1840 1266 2036 1319; x_wconf 81' lang='lat' dir='ltr'><strong>cofurti</strong></span> <span class='ocrx_word' id='word_1_387' title='bbox 2067 1266 2297 1328; x_wconf 60' lang='lat' dir='ltr'><strong>vulgato,</strong></span> <span class='ocrx_word' id='word_1_388' title='bbox 2341 1282 2460 1332; x_wconf 82' lang='lat' dir='ltr'><strong>pag.</strong></span> <span class='ocrx_word' id='word_1_389' title='bbox 2507 1264 2624 1325; x_wconf 64' lang='lat'><strong>£60,</strong></span> <span class='ocrx_word' id='word_1_390' title='bbox 2653 1280 2705 1318; x_wconf 89' lang='lat' dir='ltr'><strong>et</strong></span> <span class='ocrx_word' id='word_1_391' title='bbox 2748 1268 2888 1331; x_wconf 86' lang='lat' dir='ltr'><strong>apud</strong></span> <span class='ocrx_word' id='word_1_392' title='bbox 2918 1265 3163 1317; x_wconf 84' lang='lat' dir='ltr'><strong>Photium</strong></span> <span class='ocrx_word' id='word_1_393' title='bbox 3202 1270 3251 1318; x_wconf 88' lang='lat' dir='ltr'><strong>in</strong></span> <span class='ocrx_word' id='word_1_394' title='bbox 3280 1267 3384 1318; x_wconf 77' lang='lat' dir='ltr'><strong>No-</strong></span> 
     </span>
    </p>
   </div>
   <div class='ocr_carea' id='block_1_56' title="bbox 1841 1344 3383 1427">
    <p class='ocr_par' dir='ltr' id='par_1_56' title="bbox 1841 1344 3383 1427">
     <span class='ocr_line' id='line_1_56' title="bbox 1841 1344 3383 1427; baseline 0.001 -18"><span class='ocrx_word' id='word_1_395' title='bbox 1841 1372 2133 1409; x_wconf 84' lang='lat' dir='ltr'><strong>mocanoue</strong></span> <span class='ocrx_word' id='word_1_396' title='bbox 2164 1360 2319 1411; x_wconf 89' lang='lat' dir='ltr'><strong>titulo</strong></span> <span class='ocrx_word' id='word_1_397' title='bbox 2352 1359 2604 1425; x_wconf 88' lang='lat' dir='ltr'><strong>septimo.</strong></span> <span class='ocrx_word' id='word_1_398' title='bbox 2646 1375 2759 1426; x_wconf 52' lang='lat' dir='ltr'><strong>pag.</strong></span> <span class='ocrx_word' id='word_1_399' title='bbox 2793 1360 2859 1412; x_wconf 81' lang='grc'><strong>58</strong></span> <span class='ocrx_word' id='word_1_400' title='bbox 2889 1369 2944 1412; x_wconf 89' lang='lat' dir='ltr'><strong>et</strong></span> <span class='ocrx_word' id='word_1_401' title='bbox 2977 1376 3130 1427; x_wconf 86' lang='lat' dir='ltr'><strong>seqq.</strong></span> <span class='ocrx_word' id='word_1_402' title='bbox 3177 1344 3383 1418; x_wconf 71' lang='lat' dir='ltr'><strong>exstat.</strong></span> 
     </span>
    </p>
   </div>
   <div class='ocr_carea' id='block_1_57' title="bbox 1840 1448 3383 1518">
    <p class='ocr_par' dir='ltr' id='par_1_57' title="bbox 1840 1448 3383 1518">
     <span class='ocr_line' id='line_1_57' title="bbox 1840 1448 3383 1518; baseline 0.002 -18"><span class='ocrx_word' id='word_1_403' title='bbox 1840 1448 2129 1515; x_wconf 85' lang='lat' dir='ltr'><strong>imperator</strong></span> <span class='ocrx_word' id='word_1_404' title='bbox 2155 1450 2328 1500; x_wconf 74' lang='lat' dir='ltr'><strong>iet-bis</strong></span> <span class='ocrx_word' id='word_1_405' title='bbox 2356 1453 2729 1515; x_wconf 83' lang='lat' dir='ltr'><strong>sequentibus.</strong></span> <span class='ocrx_word' id='word_1_406' title='bbox 2755 1467 2780 1502; x_wconf 91' lang='lat' dir='ltr'><strong>a</strong></span> <span class='ocrx_word' id='word_1_407' title='bbox 2807 1452 3130 1504; x_wconf 76' lang='lat' dir='ltr'><strong>Leuin-lzmo</strong></span> <span class='ocrx_word' id='word_1_408' title='bbox 3151 1469 3179 1503; x_wconf 84' lang='lat' dir='ltr'><strong>e</strong></span> <span class='ocrx_word' id='word_1_409' title='bbox 3206 1454 3383 1518; x_wconf 62' lang='lat' dir='ltr'><strong>lingua</strong></span> 
     </span>
    </p>
   </div>
   <div class='ocr_carea' id='block_1_58' title="bbox 1839 1537 3347 1609">
    <p class='ocr_par' dir='ltr' id='par_1_58' title="bbox 1839 1537 3347 1609">
     <span class='ocr_line' id='line_1_58' title="bbox 1839 1537 3347 1609; baseline 0.002 -19"><span class='ocrx_word' id='word_1_410' title='bbox 1839 1540 2021 1591; x_wconf 70' lang='lat' dir='ltr'><strong>Graeca</strong></span> <span class='ocrx_word' id='word_1_411' title='bbox 2053 1541 2103 1589; x_wconf 92' lang='lat' dir='ltr'><strong>in</strong></span> <span class='ocrx_word' id='word_1_412' title='bbox 2144 1537 2385 1590; x_wconf 82' lang='lat' dir='ltr'><strong>Latinam</strong></span> <span class='ocrx_word' id='word_1_413' title='bbox 2415 1543 2712 1599; x_wconf 77' lang='lat' dir='ltr'><strong>conversis,</strong></span> <span class='ocrx_word' id='word_1_414' title='bbox 2744 1543 2813 1593; x_wconf 89' lang='lat' dir='ltr'><strong>ita</strong></span> <span class='ocrx_word' id='word_1_415' title='bbox 2848 1544 3077 1607; x_wconf 83' lang='lat' dir='ltr'><strong>primum</strong></span> <span class='ocrx_word' id='word_1_416' title='bbox 3112 1543 3347 1609; x_wconf 73' lang='lat' dir='ltr'><strong>loquitur</strong></span> 
     </span>
    </p>
   </div>
   <div class='ocr_carea' id='block_1_59' title="bbox 1845 1630 3379 1699">
    <p class='ocr_par' dir='ltr' id='par_1_59' title="bbox 1845 1630 3379 1699">
     <span class='ocr_line' id='line_1_59' title="bbox 1845 1630 3379 1699; baseline 0.005 -22"><span class='ocrx_word' id='word_1_417' title='bbox 1845 1650 1859 1677; x_wconf 87' lang='grc' dir='ltr'><strong>ι</strong></span> <span class='ocrx_word' id='word_1_418' title='bbox 1911 1630 2212 1691; x_wconf 83' lang='lat' dir='ltr'><strong>Sancimus,</strong></span> <span class='ocrx_word' id='word_1_419' title='bbox 2246 1638 2303 1681; x_wconf 92' lang='lat' dir='ltr'><strong>ut</strong></span> <span class='ocrx_word' id='word_1_420' title='bbox 2333 1631 2404 1682; x_wconf 88' lang='lat' dir='ltr'><strong>illi</strong></span> <span class='ocrx_word' id='word_1_421' title='bbox 2436 1633 2549 1682; x_wconf 89' lang='lat' dir='ltr'><strong>dies</strong></span> <span class='ocrx_word' id='word_1_422' title='bbox 2590 1632 2763 1684; x_wconf 79' lang='lat' dir='ltr'><strong>feriati</strong></span> <span class='ocrx_word' id='word_1_423' title='bbox 2799 1634 2905 1684; x_wconf 86' lang='lat' dir='ltr'><strong>sint</strong></span> <span class='ocrx_word' id='word_1_424' title='bbox 2932 1674 2942 1691; x_wconf 88' lang='lat'><strong>,</strong></span> <span class='ocrx_word' id='word_1_425' title='bbox 2973 1649 3107 1699; x_wconf 84' lang='lat' dir='ltr'><strong>quos</strong></span> <span class='ocrx_word' id='word_1_426' title='bbox 3152 1651 3200 1684; x_wconf 93' lang='lat' dir='ltr'><strong>tn</strong></span> <span class='ocrx_word' id='word_1_427' title='bbox 3248 1651 3379 1698; x_wconf 68' lang='lat' dir='ltr'><strong>prtr-</strong></span> 
     </span>
    </p>
   </div>
   <div class='ocr_carea' id='block_1_60' title="bbox 1838 1720 3385 1781">
    <p class='ocr_par' dir='ltr' id='par_1_60' title="bbox 1838 1720 3385 1781">
     <span class='ocr_line' id='line_1_60' title="bbox 1838 1720 3385 1781; baseline 0.005 -13"><span class='ocrx_word' id='word_1_428' title='bbox 1838 1720 1973 1770; x_wconf 86' lang='lat' dir='ltr'><strong>senti</strong></span> <span class='ocrx_word' id='word_1_429' title='bbox 2003 1720 2388 1771; x_wconf 78' lang='lat' dir='ltr'><strong>constitutione</strong></span> <span class='ocrx_word' id='word_1_430' title='bbox 2414 1721 2729 1772; x_wconf 86' lang='lat' dir='ltr'><strong>nominatim</strong></span> <span class='ocrx_word' id='word_1_431' title='bbox 2760 1724 3216 1781; x_wconf 73' lang='lat' dir='ltr'><strong>enumerabimus;</strong></span> <span class='ocrx_word' id='word_1_432' title='bbox 3251 1734 3299 1774; x_wconf 86' lang='lat' dir='ltr'><strong>et</strong></span> <span class='ocrx_word' id='word_1_433' title='bbox 3332 1739 3385 1775; x_wconf 93' lang='lat' dir='ltr'><strong>ut</strong></span> 
     </span>
    </p>
   </div>
   <div class='ocr_carea' id='block_1_61' title="bbox 1838 1810 3381 1875">
    <p class='ocr_par' dir='ltr' id='par_1_61' title="bbox 1838 1810 3381 1875">
     <span class='ocr_line' id='line_1_61' title="bbox 1838 1810 3381 1875; baseline 0.002 -15"><span class='ocrx_word' id='word_1_434' title='bbox 1838 1811 1925 1860; x_wconf 84' lang='lat' dir='ltr'><strong>alii</strong></span> <span class='ocrx_word' id='word_1_435' title='bbox 1948 1812 2161 1875; x_wconf 78' lang='lat' dir='ltr'><strong>quidem</strong></span> <span class='ocrx_word' id='word_1_436' title='bbox 2196 1828 2380 1862; x_wconf 84' lang='lat' dir='ltr'><strong>eorum</strong></span> <span class='ocrx_word' id='word_1_437' title='bbox 2414 1810 2570 1862; x_wconf 69' lang='lat' dir='ltr'><strong>ferias</strong></span> <span class='ocrx_word' id='word_1_438' title='bbox 2604 1814 2653 1862; x_wconf 93' lang='lat' dir='ltr'><strong>iu</strong></span> <span class='ocrx_word' id='word_1_439' title='bbox 2694 1815 3003 1864; x_wconf 68' lang='lat' dir='ltr'><strong>universum</strong></span> <span class='ocrx_word' id='word_1_440' title='bbox 3043 1816 3295 1873; x_wconf 75' lang='lat' dir='ltr'><strong>habeant.</strong></span> <span class='ocrx_word' id='word_1_441' title='bbox 3329 1829 3381 1866; x_wconf 93' lang='lat' dir='ltr'><strong>ut</strong></span> 
     </span>
    </p>
   </div>
   <div class='ocr_carea' id='block_1_62' title="bbox 1839 1902 3382 1969">
    <p class='ocr_par' dir='ltr' id='par_1_62' title="bbox 1839 1902 3382 1969">
     <span class='ocr_line' id='line_1_62' title="bbox 1839 1902 3382 1969; baseline 0.004 -20"><span class='ocrx_word' id='word_1_442' title='bbox 1839 1915 2197 1965; x_wconf 80' lang='lat' dir='ltr'><strong>nequaquam.</strong></span> <span class='ocrx_word' id='word_1_443' title='bbox 2236 1910 2349 1952; x_wconf 89' lang='lat' dir='ltr'><strong>toto</strong></span> <span class='ocrx_word' id='word_1_444' title='bbox 2386 1902 2625 1966; x_wconf 65' lang='lat' dir='ltr'><strong>ipsorum</strong></span> <span class='ocrx_word' id='word_1_445' title='bbox 2662 1902 2890 1953; x_wconf 64' lang='lat' dir='ltr'><strong>duranti-</strong></span> <span class='ocrx_word' id='word_1_446' title='bbox 2938 1906 3140 1969; x_wconf 78' lang='lat' dir='ltr'><strong>spatio,</strong></span> <span class='ocrx_word' id='word_1_447' title='bbox 3182 1916 3382 1957; x_wconf 76' lang='lat' dir='ltr'><strong>constz-</strong></span> 
     </span>
    </p>
   </div>
   <div class='ocr_carea' id='block_1_63' title="bbox 1839 1990 3383 2056">
    <p class='ocr_par' dir='ltr' id='par_1_63' title="bbox 1839 1990 3383 2056">
     <span class='ocr_line' id='line_1_63' title="bbox 1839 1990 3383 2056; baseline 0.002 -18"><span class='ocrx_word' id='word_1_448' title='bbox 1839 1990 1911 2038; x_wconf 87' lang='lat' dir='ltr'><strong>tui</strong></span> <span class='ocrx_word' id='word_1_449' title='bbox 1962 1990 2219 2055; x_wconf 73' lang='lat' dir='ltr'><strong>judicium</strong></span> <span class='ocrx_word' id='word_1_450' title='bbox 2258 1992 2448 2053; x_wconf 76' lang='lat' dir='ltr'><strong>possit.</strong></span> <span class='ocrx_word' id='word_1_451' title='bbox 2504 1990 2603 2039; x_wconf 78' lang='lat' dir='ltr'><strong>nisi</strong></span> <span class='ocrx_word' id='word_1_452' title='bbox 2662 1991 2904 2040; x_wconf 60' lang='lat' dir='ltr'><strong>fortassis</strong></span> <span class='ocrx_word' id='word_1_453' title='bbox 2956 1992 3246 2051; x_wconf 73' lang='lat' dir='ltr'><strong>imperator</strong></span> <span class='ocrx_word' id='word_1_454' title='bbox 3292 2009 3383 2056; x_wconf 83' lang='lat' dir='ltr'><strong>per</strong></span> 
     </span>
    </p>
   </div>
   <div class='ocr_carea' id='block_1_64' title="bbox 1836 2080 3384 2145">
    <p class='ocr_par' dir='ltr' id='par_1_64' title="bbox 1836 2080 3384 2145">
     <span class='ocr_line' id='line_1_64' title="bbox 1836 2080 3384 2145; baseline 0.001 -15"><span class='ocrx_word' id='word_1_455' title='bbox 1836 2080 2258 2145; x_wconf 73' lang='lat' dir='ltr'><strong>drspeusationis</strong></span> <span class='ocrx_word' id='word_1_456' title='bbox 2318 2082 2556 2136; x_wconf 70' lang='lat' dir='ltr'><strong>modum,</strong></span> <span class='ocrx_word' id='word_1_457' title='bbox 2616 2083 2693 2132; x_wconf 76' lang='lat' dir='ltr'><strong>vel</strong></span> <span class='ocrx_word' id='word_1_458' title='bbox 2748 2082 2817 2131; x_wconf 91' lang='lat' dir='ltr'><strong>ob</strong></span> <span class='ocrx_word' id='word_1_459' title='bbox 2878 2093 3248 2133; x_wconf 56' lang='lat' dir='ltr'><strong>necrsmtatem</strong></span> <span class='ocrx_word' id='word_1_460' title='bbox 3306 2090 3384 2141; x_wconf 76' lang='lat' dir='ltr'><strong>(ut</strong></span> 
     </span>
    </p>
   </div>
   <div class='ocr_carea' id='block_1_65' title="bbox 1838 2171 3385 2237">
    <p class='ocr_par' dir='ltr' id='par_1_65' title="bbox 1838 2171 3385 2237">
     <span class='ocr_line' id='line_1_65' title="bbox 1838 2171 3385 2237; baseline 0.001 -16"><span class='ocrx_word' id='word_1_461' title='bbox 1838 2174 2001 2222; x_wconf 86' lang='lat' dir='ltr'><strong>inulta</strong></span> <span class='ocrx_word' id='word_1_462' title='bbox 2034 2186 2398 2237; x_wconf 67' lang='lat' dir='ltr'><strong>smpeuumcro</strong></span> <span class='ocrx_word' id='word_1_463' title='bbox 2432 2171 2608 2221; x_wconf 73' lang='lat' dir='ltr'><strong>subita</strong></span> <span class='ocrx_word' id='word_1_464' title='bbox 2643 2172 2884 2235; x_wconf 66' lang='lat' dir='ltr'><strong>qua-datu</strong></span> <span class='ocrx_word' id='word_1_465' title='bbox 2923 2188 3102 2222; x_wconf 85' lang='lat' dir='ltr'><strong>rerum</strong></span> <span class='ocrx_word' id='word_1_466' title='bbox 3154 2174 3385 2223; x_wconf 72' lang='lat' dir='ltr'><strong>varietas</strong></span> 
     </span>
    </p>
   </div>
   <div class='ocr_carea' id='block_1_66' title="bbox 1837 2248 3376 2329">
    <p class='ocr_par' dir='ltr' id='par_1_66' title="bbox 1837 2248 3376 2329">
     <span class='ocr_line' id='line_1_66' title="bbox 1837 2248 3376 2329; baseline 0.001 -16"><span class='ocrx_word' id='word_1_467' title='bbox 1837 2263 2088 2314; x_wconf 84' lang='lat' dir='ltr'><strong>licentius</strong></span> <span class='ocrx_word' id='word_1_468' title='bbox 2110 2279 2309 2312; x_wconf 72' lang='lat' dir='ltr'><strong>novare</strong></span> <span class='ocrx_word' id='word_1_469' title='bbox 2332 2264 2487 2327; x_wconf 81' lang='lat' dir='ltr'><strong>solet)</strong></span> <span class='ocrx_word' id='word_1_470' title='bbox 2508 2262 2556 2311; x_wconf 89' lang='lat' dir='ltr'><strong>in</strong></span> <span class='ocrx_word' id='word_1_471' title='bbox 2583 2262 2643 2311; x_wconf 78' lang='lat' dir='ltr'><strong>iis</strong></span> <span class='ocrx_word' id='word_1_472' title='bbox 2668 2278 2877 2327; x_wconf 82' lang='lat' dir='ltr'><strong>quoque</strong></span> <span class='ocrx_word' id='word_1_473' title='bbox 2896 2264 3152 2329; x_wconf 72' lang='lat' dir='ltr'><strong>judii-ium</strong></span> <span class='ocrx_word' id='word_1_474' title='bbox 3174 2248 3376 2315; x_wconf 61' lang='lat' dir='ltr'><strong>consti-</strong></span> 
     </span>
    </p>
   </div>
   <div class='ocr_carea' id='block_1_67' title="bbox 1836 2353 3379 2419">
    <p class='ocr_par' dir='ltr' id='par_1_67' title="bbox 1836 2353 3379 2419">
     <span class='ocr_line' id='line_1_67' title="bbox 1836 2353 3379 2419; baseline 0.001 -16"><span class='ocrx_word' id='word_1_475' title='bbox 1836 2362 1985 2405; x_wconf 88' lang='lat' dir='ltr'><strong>tuere</strong></span> <span class='ocrx_word' id='word_1_476' title='bbox 2015 2353 2272 2413; x_wconf 74' lang='lat' dir='ltr'><strong>voloerit;</strong></span> <span class='ocrx_word' id='word_1_477' title='bbox 2302 2353 2387 2403; x_wconf 86' lang='lat' dir='ltr'><strong>alii</strong></span> <span class='ocrx_word' id='word_1_478' title='bbox 2419 2367 2546 2401; x_wconf 78' lang='lat' dir='ltr'><strong>vero</strong></span> <span class='ocrx_word' id='word_1_479' title='bbox 2576 2369 2637 2402; x_wconf 76' lang='lat' dir='ltr'><strong>ex</strong></span> <span class='ocrx_word' id='word_1_480' title='bbox 2668 2362 2816 2417; x_wconf 87' lang='lat' dir='ltr'><strong>parte</strong></span> <span class='ocrx_word' id='word_1_481' title='bbox 2852 2369 2878 2403; x_wconf 91' lang='lat' dir='ltr'><strong>a</strong></span> <span class='ocrx_word' id='word_1_482' title='bbox 2912 2353 3132 2419; x_wconf 71' lang='lat' dir='ltr'><strong>jutliciis</strong></span> <span class='ocrx_word' id='word_1_483' title='bbox 3168 2364 3379 2413; x_wconf 79' lang='lat' dir='ltr'><strong>vacent,</strong></span> 
     </span>
    </p>
   </div>
   <div class='ocr_carea' id='block_1_68' title="bbox 1835 2444 3377 2509">
    <p class='ocr_par' dir='ltr' id='par_1_68' title="bbox 1835 2444 3377 2509">
     <span class='ocr_line' id='line_1_68' title="bbox 1835 2444 3377 2509; baseline 0.001 -14"><span class='ocrx_word' id='word_1_484' title='bbox 1835 2456 1886 2496; x_wconf 92' lang='lat' dir='ltr'><strong>ul</strong></span> <span class='ocrx_word' id='word_1_485' title='bbox 1929 2459 1988 2496; x_wconf 90' lang='lat' dir='ltr'><strong>ca</strong></span> <span class='ocrx_word' id='word_1_486' title='bbox 2044 2444 2290 2494; x_wconf 70' lang='lat' dir='ltr'><strong>videlicet</strong></span> <span class='ocrx_word' id='word_1_487' title='bbox 2339 2454 2696 2493; x_wconf 71' lang='lat' dir='ltr'><strong>exerceantur</strong></span> <span class='ocrx_word' id='word_1_488' title='bbox 2746 2461 2771 2493; x_wconf 88' lang='lat' dir='ltr'><strong>a</strong></span> <span class='ocrx_word' id='word_1_489' title='bbox 2825 2446 3086 2495; x_wconf 85' lang='lat' dir='ltr'><strong>matutino</strong></span> <span class='ocrx_word' id='word_1_490' title='bbox 3136 2455 3377 2509; x_wconf 82' lang='lat' dir='ltr'><strong>tempore</strong></span> 
     </span>
    </p>
   </div>
   <div class='ocr_carea' id='block_1_69' title="bbox 1837 2530 3377 2597">
    <p class='ocr_par' dir='ltr' id='par_1_69' title="bbox 1837 2530 3377 2597">
     <span class='ocr_line' id='line_1_69' title="bbox 1837 2530 3377 2597; baseline 0.001 -16"><span class='ocrx_word' id='word_1_491' title='bbox 1837 2546 2003 2597; x_wconf 78' lang='lat' dir='ltr'><strong>usque</strong></span> <span class='ocrx_word' id='word_1_492' title='bbox 2047 2533 2110 2582; x_wconf 90' lang='lat' dir='ltr'><strong>ad</strong></span> <span class='ocrx_word' id='word_1_493' title='bbox 2163 2542 2371 2594; x_wconf 81' lang='lat' dir='ltr'><strong>tempus</strong></span> <span class='ocrx_word' id='word_1_494' title='bbox 2425 2531 2561 2581; x_wconf 88' lang='lat' dir='ltr'><strong>sacri</strong></span> <span class='ocrx_word' id='word_1_495' title='bbox 2599 2530 2777 2581; x_wconf 87' lang='lat' dir='ltr'><strong>cultus</strong></span> <span class='ocrx_word' id='word_1_496' title='bbox 2810 2545 2902 2582; x_wconf 89' lang='lat' dir='ltr'><strong>seu</strong></span> <span class='ocrx_word' id='word_1_497' title='bbox 2940 2533 3116 2597; x_wconf 87' lang='lat' dir='ltr'><strong>potius</strong></span> <span class='ocrx_word' id='word_1_498' title='bbox 3173 2531 3377 2593; x_wconf 67' lang='lat' dir='ltr'><strong>(Graece</strong></span> 
     </span>
    </p>
   </div>
   <div class='ocr_carea' id='block_1_70' title="bbox 1834 2621 3380 2686">
    <p class='ocr_par' dir='ltr' id='par_1_70' title="bbox 1834 2621 3380 2686">
     <span class='ocr_line' id='line_1_70' title="bbox 1834 2621 3380 2686; baseline -0.002 -12"><span class='ocrx_word' id='word_1_499' title='bbox 1834 2624 1974 2674; x_wconf 88' lang='lat' dir='ltr'><strong>enim</strong></span> <span class='ocrx_word' id='word_1_500' title='bbox 2005 2622 2229 2673; x_wconf 87' lang='lat' dir='ltr'><strong>habetur</strong></span> <span class='ocrx_word' id='word_1_501' title='bbox 2262 2622 2624 2686; x_wconf 71' lang='grc' dir='ltr'><strong>λειτουργίας)</strong></span> <span class='ocrx_word' id='word_1_502' title='bbox 2650 2624 2820 2671; x_wconf 70' lang='lat' dir='ltr'><strong>missae</strong></span> <span class='ocrx_word' id='word_1_503' title='bbox 2849 2621 3099 2685; x_wconf 71' lang='lat' dir='ltr'><strong>sacriﬁcii</strong></span> <span class='ocrx_word' id='word_1_504' title='bbox 3120 2658 3133 2678; x_wconf 94' lang='lat'><strong>.</strong></span> <span class='ocrx_word' id='word_1_505' title='bbox 3166 2634 3270 2685; x_wconf 81' lang='lat' dir='ltr'><strong>quo</strong></span> <span class='ocrx_word' id='word_1_506' title='bbox 3299 2621 3380 2686; x_wconf 80' lang='lat' dir='ltr'><strong>ju-</strong></span> 
     </span>
    </p>
   </div>
   <div class='ocr_carea' id='block_1_71' title="bbox 1833 2710 3379 2775">
    <p class='ocr_par' dir='ltr' id='par_1_71' title="bbox 1833 2710 3379 2775">
     <span class='ocr_line' id='line_1_71' title="bbox 1833 2710 3379 2775; baseline -0.002 -11"><span class='ocrx_word' id='word_1_507' title='bbox 1833 2712 2042 2765; x_wconf 84' lang='lat' dir='ltr'><strong>dicibus</strong></span> <span class='ocrx_word' id='word_1_508' title='bbox 2091 2722 2194 2763; x_wconf 92' lang='lat' dir='ltr'><strong>tam</strong></span> <span class='ocrx_word' id='word_1_509' title='bbox 2247 2712 2562 2775; x_wconf 77' lang='lat' dir='ltr'><strong>precationi,</strong></span> <span class='ocrx_word' id='word_1_510' title='bbox 2611 2726 2768 2775; x_wconf 90' lang='lat' dir='ltr'><strong>quam</strong></span> <span class='ocrx_word' id='word_1_511' title='bbox 2807 2710 3157 2762; x_wconf 87' lang='lat' dir='ltr'><strong>celebrationi</strong></span> <span class='ocrx_word' id='word_1_512' title='bbox 3212 2712 3379 2762; x_wconf 83' lang='lat' dir='ltr'><strong>divini</strong></span> 
     </span>
    </p>
   </div>
   <div class='ocr_carea' id='block_1_72' title="bbox 1834 2803 3383 2867">
    <p class='ocr_par' dir='ltr' id='par_1_72' title="bbox 1834 2803 3383 2867">
     <span class='ocr_line' id='line_1_72' title="bbox 1834 2803 3383 2867; baseline -0.001 -12"><span class='ocrx_word' id='word_1_513' title='bbox 1834 2804 2080 2855; x_wconf 81' lang='lat' dir='ltr'><strong>Numinis</strong></span> <span class='ocrx_word' id='word_1_514' title='bbox 2114 2805 2333 2854; x_wconf 87' lang='lat' dir='ltr'><strong>intentis</strong></span> <span class='ocrx_word' id='word_1_515' title='bbox 2369 2817 2489 2853; x_wconf 75' lang='lat' dir='ltr'><strong>esse</strong></span> <span class='ocrx_word' id='word_1_516' title='bbox 2524 2803 2704 2859; x_wconf 63' lang='lat' dir='ltr'><strong>liceat,</strong></span> <span class='ocrx_word' id='word_1_517' title='bbox 2755 2817 2815 2853; x_wconf 92' lang='lat' dir='ltr'><strong>ac</strong></span> <span class='ocrx_word' id='word_1_518' title='bbox 2854 2813 3068 2867; x_wconf 81' lang='lat' dir='ltr'><strong>peracto</strong></span> <span class='ocrx_word' id='word_1_519' title='bbox 3116 2817 3268 2854; x_wconf 86' lang='lat' dir='ltr'><strong>sacro</strong></span> <span class='ocrx_word' id='word_1_520' title='bbox 3296 2804 3383 2867; x_wconf 87' lang='lat' dir='ltr'><strong>ju-</strong></span> 
     </span>
    </p>
   </div>
   <div class='ocr_carea' id='block_1_73' title="bbox 1834 2892 3381 2960">
    <p class='ocr_par' dir='ltr' id='par_1_73' title="bbox 1834 2892 3381 2960">
     <span class='ocr_line' id='line_1_73' title="bbox 1834 2892 3381 2960; baseline -0.003 -12"><span class='ocrx_word' id='word_1_521' title='bbox 1834 2897 1989 2948; x_wconf 61' lang='lat' dir='ltr'><strong>sntia:</strong></span> <span class='ocrx_word' id='word_1_522' title='bbox 2020 2908 2199 2945; x_wconf 79' lang='lat' dir='ltr'><strong>curam</strong></span> <span class='ocrx_word' id='word_1_523' title='bbox 2236 2904 2443 2960; x_wconf 77' lang='lat' dir='ltr'><strong>gerant,</strong></span> <span class='ocrx_word' id='word_1_524' title='bbox 2471 2903 2521 2944; x_wconf 92' lang='lat' dir='ltr'><strong>et</strong></span> <span class='ocrx_word' id='word_1_525' title='bbox 2561 2892 2787 2957; x_wconf 81' lang='lat' dir='ltr'><strong>injurias</strong></span> <span class='ocrx_word' id='word_1_526' title='bbox 2824 2895 3093 2959; x_wconf 81' lang='lat' dir='ltr'><strong>perpessis</strong></span> <span class='ocrx_word' id='word_1_527' title='bbox 3118 2894 3268 2959; x_wconf 80' lang='lat' dir='ltr'><strong>juxta</strong></span> <span class='ocrx_word' id='word_1_528' title='bbox 3306 2894 3381 2944; x_wconf 80' lang='lat' dir='ltr'><strong>vi—</strong></span> 
     </span>
    </p>
   </div>
   <div class='ocr_carea' id='block_1_74' title="bbox 1833 2984 2603 3053">
    <p class='ocr_par' dir='ltr' id='par_1_74' title="bbox 1833 2984 2603 3053">
     <span class='ocr_line' id='line_1_74' title="bbox 1833 2984 2603 3053; baseline 0.001 -22"><span class='ocrx_word' id='word_1_529' title='bbox 1833 2999 2016 3053; x_wconf 69' lang='lat' dir='ltr'><strong>gorem</strong></span> <span class='ocrx_word' id='word_1_530' title='bbox 2055 2984 2228 3051; x_wconf 76' lang='lat' dir='ltr'><strong>legum</strong></span> <span class='ocrx_word' id='word_1_531' title='bbox 2266 2998 2603 3033; x_wconf 82' lang='lat' dir='ltr'><strong>succurrant.</strong></span> 
     </span>
    </p>
   </div>
   <div class='ocr_carea' id='block_1_75' title="bbox 1906 3072 3383 3140">
    <p class='ocr_par' dir='ltr' id='par_1_75' title="bbox 1906 3072 3383 3140">
     <span class='ocr_line' id='line_1_75' title="bbox 1906 3072 3383 3140; baseline 0.001 -15"><span class='ocrx_word' id='word_1_532' title='bbox 1906 3073 1990 3125; x_wconf 68' lang='grc'><strong>72.</strong></span> <span class='ocrx_word' id='word_1_533' title='bbox 2040 3072 2143 3125; x_wconf 83' lang='lat' dir='ltr'><strong>Sed</strong></span> <span class='ocrx_word' id='word_1_534' title='bbox 2182 3083 2356 3124; x_wconf 79' lang='lat' dir='ltr'><strong>tamen</strong></span> <span class='ocrx_word' id='word_1_535' title='bbox 2407 3074 2437 3121; x_wconf 89' lang='lat' dir='ltr'><strong>ii</strong></span> <span class='ocrx_word' id='word_1_536' title='bbox 2482 3074 2678 3137; x_wconf 88' lang='lat' dir='ltr'><strong>quibus</strong></span> <span class='ocrx_word' id='word_1_537' title='bbox 2727 3074 2775 3123; x_wconf 88' lang='lat' dir='ltr'><strong>in</strong></span> <span class='ocrx_word' id='word_1_538' title='bbox 2816 3074 2956 3125; x_wconf 89' lang='lat' dir='ltr'><strong>hunc</strong></span> <span class='ocrx_word' id='word_1_539' title='bbox 3010 3074 3224 3125; x_wconf 88' lang='lat' dir='ltr'><strong>modum</strong></span> <span class='ocrx_word' id='word_1_540' title='bbox 3266 3084 3383 3140; x_wconf 78' lang='lat' dir='ltr'><strong>pos:</strong></span> 
     </span>
    </p>
   </div>
   <div class='ocr_carea' id='block_1_76' title="bbox 1833 3162 3384 3228">
    <p class='ocr_par' dir='ltr' id='par_1_76' title="bbox 1833 3162 3384 3228">
     <span class='ocr_line' id='line_1_76' title="bbox 1833 3162 3384 3228; baseline 0 -13"><span class='ocrx_word' id='word_1_541' title='bbox 1833 3164 2033 3215; x_wconf 89' lang='lat' dir='ltr'><strong>cultum</strong></span> <span class='ocrx_word' id='word_1_542' title='bbox 2070 3179 2281 3215; x_wconf 88' lang='lat' dir='ltr'><strong>sacrum</strong></span> <span class='ocrx_word' id='word_1_543' title='bbox 2313 3164 2400 3228; x_wconf 86' lang='lat' dir='ltr'><strong>jus</strong></span> <span class='ocrx_word' id='word_1_544' title='bbox 2428 3162 2603 3213; x_wconf 85' lang='lat' dir='ltr'><strong>dicere</strong></span> <span class='ocrx_word' id='word_1_545' title='bbox 2639 3163 2954 3227; x_wconf 61' lang='lat' dir='ltr'><strong>pennissmn</strong></span> <span class='ocrx_word' id='word_1_546' title='bbox 2981 3173 3083 3225; x_wconf 87' lang='lat' dir='ltr'><strong>est,</strong></span> <span class='ocrx_word' id='word_1_547' title='bbox 3129 3165 3178 3214; x_wconf 91' lang='lat' dir='ltr'><strong>in</strong></span> <span class='ocrx_word' id='word_1_548' title='bbox 3213 3168 3384 3215; x_wconf 71' lang='lat' dir='ltr'><strong>couti-</strong></span> 
     </span>
    </p>
   </div>
   <div class='ocr_carea' id='block_1_77' title="bbox 1835 3254 3381 3308">
    <p class='ocr_par' dir='ltr' id='par_1_77' title="bbox 1835 3254 3381 3308">
     <span class='ocr_line' id='line_1_77' title="bbox 1835 3254 3381 3308; baseline 0 -3"><span class='ocrx_word' id='word_1_549' title='bbox 1835 3256 2041 3308; x_wconf 87' lang='lat' dir='ltr'><strong>cieudis</strong></span> <span class='ocrx_word' id='word_1_550' title='bbox 2074 3256 2169 3307; x_wconf 88' lang='lat' dir='ltr'><strong>abs</strong></span> <span class='ocrx_word' id='word_1_551' title='bbox 2218 3270 2273 3305; x_wconf 89' lang='lat' dir='ltr'><strong>se</strong></span> <span class='ocrx_word' id='word_1_552' title='bbox 2305 3254 2675 3305; x_wconf 75' lang='lat' dir='ltr'><strong>potationibus</strong></span> <span class='ocrx_word' id='word_1_553' title='bbox 2705 3268 2768 3304; x_wconf 90' lang='lat' dir='ltr'><strong>ac</strong></span> <span class='ocrx_word' id='word_1_554' title='bbox 2821 3255 3198 3306; x_wconf 78' lang='lat' dir='ltr'><strong>instrumentis</strong></span> <span class='ocrx_word' id='word_1_555' title='bbox 3234 3270 3381 3307; x_wconf 90' lang='lat' dir='ltr'><strong>meu-</strong></span> 
     </span>
    </p>
   </div>
   <div class='ocr_carea' id='block_1_78' title="bbox 1834 3344 3384 3410">
    <p class='ocr_par' dir='ltr' id='par_1_78' title="bbox 1834 3344 3384 3410">
     <span class='ocr_line' id='line_1_78' title="bbox 1834 3344 3384 3410; baseline 0.001 -13"><span class='ocrx_word' id='word_1_556' title='bbox 1834 3348 2030 3399; x_wconf 87' lang='lat' dir='ltr'><strong>tionem</strong></span> <span class='ocrx_word' id='word_1_557' title='bbox 2068 3347 2331 3410; x_wconf 70' lang='lat' dir='ltr'><strong>temporis</strong></span> <span class='ocrx_word' id='word_1_558' title='bbox 2368 3344 2584 3405; x_wconf 82' lang='lat' dir='ltr'><strong>faciant,</strong></span> <span class='ocrx_word' id='word_1_559' title='bbox 2617 3361 2725 3409; x_wconf 90' lang='lat' dir='ltr'><strong>quo</strong></span> <span class='ocrx_word' id='word_1_560' title='bbox 2754 3344 2995 3398; x_wconf 84' lang='lat' dir='ltr'><strong>confecta</strong></span> <span class='ocrx_word' id='word_1_561' title='bbox 3033 3348 3193 3397; x_wconf 64' lang='lat' dir='ltr'><strong>sint.»</strong></span> <span class='ocrx_word' id='word_1_562' title='bbox 3229 3345 3384 3398; x_wconf 87' lang='lat' dir='ltr'><strong>llisce</strong></span> 
     </span>
    </p>
   </div>
   <div class='ocr_carea' id='block_1_79' title="bbox 1834 3433 3381 3505">
    <p class='ocr_par' dir='ltr' id='par_1_79' title="bbox 1834 3433 3381 3505">
     <span class='ocr_line' id='line_1_79' title="bbox 1834 3433 3381 3505; baseline -0.001 -17"><span class='ocrx_word' id='word_1_563' title='bbox 1834 3451 1993 3505; x_wconf 91' lang='lat' dir='ltr'><strong>porro</strong></span> <span class='ocrx_word' id='word_1_564' title='bbox 2026 3436 2336 3502; x_wconf 68' lang='lat' dir='ltr'><strong>prtemissis.</strong></span> <span class='ocrx_word' id='word_1_565' title='bbox 2382 3433 2552 3500; x_wconf 90' lang='lat' dir='ltr'><strong>primo</strong></span> <span class='ocrx_word' id='word_1_566' title='bbox 2603 3435 2718 3484; x_wconf 81' lang='lat' dir='ltr'><strong>dies</strong></span> <span class='ocrx_word' id='word_1_567' title='bbox 2768 3434 2991 3485; x_wconf 85' lang='lat' dir='ltr'><strong>omnino</strong></span> <span class='ocrx_word' id='word_1_568' title='bbox 3037 3434 3253 3487; x_wconf 81' lang='lat' dir='ltr'><strong>feriatos</strong></span> <span class='ocrx_word' id='word_1_569' title='bbox 3278 3451 3381 3487; x_wconf 75' lang='lat' dir='ltr'><strong>seu</strong></span> 
     </span>
    </p>
   </div>
   <div class='ocr_carea' id='block_1_80' title="bbox 1833 3528 3382 3594">
    <p class='ocr_par' dir='ltr' id='par_1_80' title="bbox 1833 3528 3382 3594">
     <span class='ocr_line' id='line_1_80' title="bbox 1833 3528 3382 3594; baseline -0.001 -13"><span class='ocrx_word' id='word_1_570' title='bbox 1833 3529 2033 3594; x_wconf 86' lang='lat' dir='ltr'><strong>quibus</strong></span> <span class='ocrx_word' id='word_1_571' title='bbox 2052 3531 2179 3582; x_wconf 85' lang='lat' dir='ltr'><strong>totis</strong></span> <span class='ocrx_word' id='word_1_572' title='bbox 2206 3545 2231 3580; x_wconf 89' lang='lat' dir='ltr'><strong>a</strong></span> <span class='ocrx_word' id='word_1_573' title='bbox 2260 3529 2489 3579; x_wconf 71' lang='lat' dir='ltr'><strong>dicendo</strong></span> <span class='ocrx_word' id='word_1_574' title='bbox 2511 3528 2630 3593; x_wconf 89' lang='lat' dir='ltr'><strong>jure</strong></span> <span class='ocrx_word' id='word_1_575' title='bbox 2656 3528 2950 3580; x_wconf 80' lang='lat' dir='ltr'><strong>vacandum</strong></span> <span class='ocrx_word' id='word_1_576' title='bbox 2976 3528 3382 3589; x_wconf 81' lang='lat' dir='ltr'><strong>sit,enumerat,</strong></span> 
     </span>
    </p>
   </div>
   <div class='ocr_carea' id='block_1_81' title="bbox 1830 3608 3382 3683">
    <p class='ocr_par' dir='ltr' id='par_1_81' title="bbox 1830 3608 3382 3683">
     <span class='ocr_line' id='line_1_81' title="bbox 1830 3608 3382 3683; baseline -0.001 -13"><span class='ocrx_word' id='word_1_577' title='bbox 1830 3634 1893 3670; x_wconf 92' lang='lat' dir='ltr'><strong>ac</strong></span> <span class='ocrx_word' id='word_1_578' title='bbox 1930 3608 2123 3671; x_wconf 82' lang='lat' dir='ltr'><strong>deinde</strong></span> <span class='ocrx_word' id='word_1_579' title='bbox 2158 3620 2220 3671; x_wconf 91' lang='lat' dir='ltr'><strong>ad</strong></span> <span class='ocrx_word' id='word_1_580' title='bbox 2252 3632 2344 3669; x_wconf 91' lang='lat' dir='ltr'><strong>eos</strong></span> <span class='ocrx_word' id='word_1_581' title='bbox 2376 3617 2569 3683; x_wconf 81' lang='lat' dir='ltr'><strong>quibus</strong></span> <span class='ocrx_word' id='word_1_582' title='bbox 2603 3632 2665 3668; x_wconf 92' lang='lat' dir='ltr'><strong>ex</strong></span> <span class='ocrx_word' id='word_1_583' title='bbox 2715 3628 2863 3683; x_wconf 90' lang='lat' dir='ltr'><strong>parte</strong></span> <span class='ocrx_word' id='word_1_584' title='bbox 2905 3626 3108 3669; x_wconf 84' lang='lat' dir='ltr'><strong>tantum</strong></span> <span class='ocrx_word' id='word_1_585' title='bbox 3142 3621 3382 3669; x_wconf 80' lang='lat' dir='ltr'><strong>vacatio-</strong></span> 
     </span>
    </p>
   </div>
   <div class='ocr_carea' id='block_1_82' title="bbox 1833 3708 3379 3774">
    <p class='ocr_par' dir='ltr' id='par_1_82' title="bbox 1833 3708 3379 3774">
     <span class='ocr_line' id='line_1_82' title="bbox 1833 3708 3379 3774; baseline -0.001 -14"><span class='ocrx_word' id='word_1_586' title='bbox 1833 3725 1953 3761; x_wconf 89' lang='lat' dir='ltr'><strong>nem</strong></span> <span class='ocrx_word' id='word_1_587' title='bbox 1985 3709 2213 3760; x_wconf 87' lang='lat' dir='ltr'><strong>tribunal</strong></span> <span class='ocrx_word' id='word_1_588' title='bbox 2244 3709 2418 3770; x_wconf 82' lang='lat' dir='ltr'><strong>habet,</strong></span> <span class='ocrx_word' id='word_1_589' title='bbox 2452 3708 2811 3774; x_wconf 77' lang='lat' dir='ltr'><strong>progreditur,</strong></span> <span class='ocrx_word' id='word_1_590' title='bbox 2839 3709 3011 3774; x_wconf 86' lang='lat' dir='ltr'><strong>iisque</strong></span> <span class='ocrx_word' id='word_1_591' title='bbox 3035 3708 3101 3759; x_wconf 70' lang='lat'><strong>26</strong></span> <span class='ocrx_word' id='word_1_592' title='bbox 3126 3708 3379 3760; x_wconf 76' lang='lat' dir='ltr'><strong>Octobris</strong></span> 
     </span>
    </p>
   </div>
   <div class='ocr_carea' id='block_1_83' title="bbox 1830 3798 3380 3867">
    <p class='ocr_par' dir='ltr' id='par_1_83' title="bbox 1830 3798 3380 3867">
     <span class='ocr_line' id='line_1_83' title="bbox 1830 3798 3380 3867; baseline -0.001 -15"><span class='ocrx_word' id='word_1_593' title='bbox 1830 3802 1995 3860; x_wconf 90' lang='lat' dir='ltr'><strong>diem.</strong></span> <span class='ocrx_word' id='word_1_594' title='bbox 2033 3826 2047 3848; x_wconf 80' lang='grc' dir='ltr'><strong>ι</strong></span> <span class='ocrx_word' id='word_1_595' title='bbox 2088 3799 2228 3867; x_wconf 87' lang='lat' dir='ltr'><strong>qttod</strong></span> <span class='ocrx_word' id='word_1_596' title='bbox 2264 3799 2307 3851; x_wconf 89' lang='lat' dir='ltr'><strong>is</strong></span> <span class='ocrx_word' id='word_1_597' title='bbox 2335 3814 2547 3863; x_wconf 69' lang='lat' dir='ltr'><strong>magno.</strong></span> <span class='ocrx_word' id='word_1_598' title='bbox 2588 3809 2645 3851; x_wconf 90' lang='lat' dir='ltr'><strong>ut</strong></span> <span class='ocrx_word' id='word_1_599' title='bbox 2678 3798 2771 3857; x_wconf 90' lang='lat' dir='ltr'><strong>ait.</strong></span> <span class='ocrx_word' id='word_1_600' title='bbox 2803 3808 2856 3851; x_wconf 88' lang='lat' dir='ltr'><strong>et</strong></span> <span class='ocrx_word' id='word_1_601' title='bbox 2892 3798 3179 3865; x_wconf 75' lang='lat' dir='ltr'><strong>unguentis</strong></span> <span class='ocrx_word' id='word_1_602' title='bbox 3202 3809 3380 3850; x_wconf 88' lang='lat' dir='ltr'><strong>scatu-</strong></span> 
     </span>
    </p>
   </div>
   <div class='ocr_carea' id='block_1_84' title="bbox 1833 3881 3380 3954">
    <p class='ocr_par' dir='ltr' id='par_1_84' title="bbox 1833 3881 3380 3954">
     <span class='ocr_line' id='line_1_84' title="bbox 1833 3881 3380 3954; baseline 0.001 -16"><span class='ocrx_word' id='word_1_603' title='bbox 1833 3890 1989 3941; x_wconf 77' lang='lat' dir='ltr'><strong>rienti</strong></span> <span class='ocrx_word' id='word_1_604' title='bbox 2016 3888 2282 3940; x_wconf 84' lang='lat' dir='ltr'><strong>Demetrio</strong></span> <span class='ocrx_word' id='word_1_605' title='bbox 2300 3887 2467 3940; x_wconf 77' lang='lat' dir='ltr'><strong>festus</strong></span> <span class='ocrx_word' id='word_1_606' title='bbox 2490 3881 2697 3953; x_wconf 70' lang='lat' dir='ltr'><strong>agatur.</strong></span> <span class='ocrx_word' id='word_1_607' title='bbox 2714 3906 2730 3936; x_wconf 80' lang='grc' dir='ltr'><strong>ι</strong></span> <span class='ocrx_word' id='word_1_608' title='bbox 2754 3888 3170 3951; x_wconf 81' lang='lat' dir='ltr'><strong>accenset.Quin</strong></span> <span class='ocrx_word' id='word_1_609' title='bbox 3200 3891 3380 3954; x_wconf 88' lang='lat' dir='ltr'><strong>itaque</strong></span> 
     </span>
    </p>
   </div>
   <div class='ocr_carea' id='block_1_85' title="bbox 1832 3977 3378 4044">
    <p class='ocr_par' dir='ltr' id='par_1_85' title="bbox 1832 3977 3378 4044">
     <span class='ocr_line' id='line_1_85' title="bbox 1832 3977 3378 4044; baseline 0.001 -16"><span class='ocrx_word' id='word_1_610' title='bbox 1832 3977 2133 4028; x_wconf 75' lang='lat' dir='ltr'><strong>Demetrius</strong></span> <span class='ocrx_word' id='word_1_611' title='bbox 2166 3977 2301 4028; x_wconf 79' lang='lat' dir='ltr'><strong>festo</strong></span> <span class='ocrx_word' id='word_1_612' title='bbox 2333 3993 2536 4037; x_wconf 89' lang='lat' dir='ltr'><strong>annuo,</strong></span> <span class='ocrx_word' id='word_1_613' title='bbox 2564 3978 2716 4044; x_wconf 89' lang='lat' dir='ltr'><strong>cujus</strong></span> <span class='ocrx_word' id='word_1_614' title='bbox 2765 3987 2912 4043; x_wconf 89' lang='lat' dir='ltr'><strong>parte</strong></span> <span class='ocrx_word' id='word_1_615' title='bbox 2959 3978 3135 4044; x_wconf 90' lang='lat' dir='ltr'><strong>aliqua</strong></span> <span class='ocrx_word' id='word_1_616' title='bbox 3182 3994 3209 4029; x_wconf 90' lang='lat' dir='ltr'><strong>a</strong></span> <span class='ocrx_word' id='word_1_617' title='bbox 3257 3979 3378 4043; x_wconf 89' lang='lat' dir='ltr'><strong>jure</strong></span> 
     </span>
    </p>
   </div>
   <div class='ocr_carea' id='block_1_86' title="bbox 1828 4068 3371 4125">
    <p class='ocr_par' dir='ltr' id='par_1_86' title="bbox 1828 4068 3371 4125">
     <span class='ocr_line' id='line_1_86' title="bbox 1828 4068 3371 4125; baseline 0.001 -6"><span class='ocrx_word' id='word_1_618' title='bbox 1828 4070 2055 4120; x_wconf 79' lang='lat' dir='ltr'><strong>dicendo</strong></span> <span class='ocrx_word' id='word_1_619' title='bbox 2087 4071 2379 4121; x_wconf 74' lang='lat' dir='ltr'><strong>vacandum</strong></span> <span class='ocrx_word' id='word_1_620' title='bbox 2422 4079 2584 4125; x_wconf 85' lang='lat' dir='ltr'><strong>esset.</strong></span> <span class='ocrx_word' id='word_1_621' title='bbox 2625 4086 2651 4119; x_wconf 92' lang='lat' dir='ltr'><strong>a</strong></span> <span class='ocrx_word' id='word_1_622' title='bbox 2695 4068 2894 4121; x_wconf 73' lang='lat' dir='ltr'><strong>Graecis</strong></span> <span class='ocrx_word' id='word_1_623' title='bbox 2935 4077 3060 4120; x_wconf 88' lang='lat' dir='ltr'><strong>ante</strong></span> <span class='ocrx_word' id='word_1_624' title='bbox 3113 4070 3371 4121; x_wconf 70' lang='lat' dir='ltr'><strong>saeculum</strong></span> 
     </span>
    </p>
   </div>
   <div class='ocr_carea' id='block_1_87' title="bbox 1832 4159 3373 4225">
    <p class='ocr_par' dir='ltr' id='par_1_87' title="bbox 1832 4159 3373 4225">
     <span class='ocr_line' id='line_1_87' title="bbox 1832 4159 3373 4225; baseline 0.001 -16"><span class='ocrx_word' id='word_1_625' title='bbox 1832 4162 2045 4210; x_wconf 88' lang='lat' dir='ltr'><strong>tertium</strong></span> <span class='ocrx_word' id='word_1_626' title='bbox 2097 4160 2361 4210; x_wconf 77' lang='lat' dir='ltr'><strong>decimum</strong></span> <span class='ocrx_word' id='word_1_627' title='bbox 2417 4160 2710 4210; x_wconf 86' lang='lat' dir='ltr'><strong>honoratus</strong></span> <span class='ocrx_word' id='word_1_628' title='bbox 2760 4159 2939 4218; x_wconf 79' lang='lat' dir='ltr'><strong>fuerit,</strong></span> <span class='ocrx_word' id='word_1_629' title='bbox 2988 4159 3373 4225; x_wconf 74' lang='lat' dir='ltr'><strong>ambigendum</strong></span> 
     </span>
    </p>
   </div>
   <div class='ocr_carea' id='block_1_88' title="bbox 1831 4250 3376 4316">
    <p class='ocr_par' dir='ltr' id='par_1_88' title="bbox 1831 4250 3376 4316">
     <span class='ocr_line' id='line_1_88' title="bbox 1831 4250 3376 4316; baseline 0 -15"><span class='ocrx_word' id='word_1_630' title='bbox 1831 4266 1933 4301; x_wconf 92' lang='lat' dir='ltr'><strong>non</strong></span> <span class='ocrx_word' id='word_1_631' title='bbox 1972 4260 2074 4301; x_wconf 89' lang='lat' dir='ltr'><strong>est.</strong></span> <span class='ocrx_word' id='word_1_632' title='bbox 2113 4250 2272 4301; x_wconf 85' lang='lat' dir='ltr'><strong>Porro</strong></span> <span class='ocrx_word' id='word_1_633' title='bbox 2322 4250 2483 4302; x_wconf 61' lang='lat' dir='ltr'><strong>fuisse</strong></span> <span class='ocrx_word' id='word_1_634' title='bbox 2515 4264 2732 4316; x_wconf 87' lang='lat' dir='ltr'><strong>quoque</strong></span> <span class='ocrx_word' id='word_1_635' title='bbox 2767 4264 2860 4314; x_wconf 90' lang='lat' dir='ltr'><strong>per</strong></span> <span class='ocrx_word' id='word_1_636' title='bbox 2896 4250 3015 4301; x_wconf 79' lang='lat' dir='ltr'><strong>festi</strong></span> <span class='ocrx_word' id='word_1_637' title='bbox 3068 4250 3209 4301; x_wconf 76' lang='lat' dir='ltr'><strong>illius</strong></span> <span class='ocrx_word' id='word_1_638' title='bbox 3254 4266 3376 4315; x_wconf 90' lang='lat' dir='ltr'><strong>par-</strong></span> 
     </span>
    </p>
   </div>
   <div class='ocr_carea' id='block_1_89' title="bbox 1832 4339 3372 4410">
    <p class='ocr_par' dir='ltr' id='par_1_89' title="bbox 1832 4339 3372 4410">
     <span class='ocr_line' id='line_1_89' title="bbox 1832 4339 3372 4410; baseline -0.002 -17"><span class='ocrx_word' id='word_1_639' title='bbox 1832 4352 1933 4393; x_wconf 89' lang='lat' dir='ltr'><strong>tem</strong></span> <span class='ocrx_word' id='word_1_640' title='bbox 1966 4343 2031 4393; x_wconf 90' lang='lat' dir='ltr'><strong>ab</strong></span> <span class='ocrx_word' id='word_1_641' title='bbox 2061 4342 2313 4405; x_wconf 72' lang='grc' dir='ltr'>ομιτίΙιιιε</span> <span class='ocrx_word' id='word_1_642' title='bbox 2347 4342 2626 4391; x_wconf 62' lang='grc' dir='ltr'>εει-νίιιιιιιε</span> <span class='ocrx_word' id='word_1_643' title='bbox 2679 4339 3055 4410; x_wconf 77' lang='lat' dir='ltr'><strong>abstinendum</strong></span> <span class='ocrx_word' id='word_1_644' title='bbox 3098 4339 3372 4398; x_wconf 82' lang='lat' dir='ltr'><strong>Bailletus.</strong></span> 
     </span>
    </p>
   </div>
   <div class='ocr_carea' id='block_1_90' title="bbox 1830 4428 3373 4483">
    <p class='ocr_par' dir='ltr' id='par_1_90' title="bbox 1830 4428 3373 4483">
     <span class='ocr_line' id='line_1_90' title="bbox 1830 4428 3373 4483; baseline -0.001 -1"><span class='ocrx_word' id='word_1_645' title='bbox 1830 4440 1960 4483; x_wconf 81' lang='lat' dir='ltr'><strong>tum.</strong></span> <span class='ocrx_word' id='word_1_646' title='bbox 1992 4431 2055 4483; x_wconf 89' lang='lat' dir='ltr'><strong>III</strong></span> <span class='ocrx_word' id='word_1_647' title='bbox 2096 4431 2323 4482; x_wconf 71' lang='lat' dir='ltr'><strong>Virorum</strong></span> <span class='ocrx_word' id='word_1_648' title='bbox 2363 4430 2464 4480; x_wconf 81' lang='lat' dir='ltr'><strong>col.</strong></span> <span class='ocrx_word' id='word_1_649' title='bbox 2505 4431 2599 4480; x_wconf 78' lang='grc'><strong>115</strong></span> <span class='ocrx_word' id='word_1_650' title='bbox 2621 4432 2683 4480; x_wconf 87' lang='lat' dir='ltr'><strong>ad</strong></span> <span class='ocrx_word' id='word_1_651' title='bbox 2721 4429 2751 4480; x_wconf 86' lang='lat'>8</span> <span class='ocrx_word' id='word_1_652' title='bbox 2777 4428 3027 4480; x_wconf 77' lang='lat' dir='ltr'><strong>Octobris</strong></span> <span class='ocrx_word' id='word_1_653' title='bbox 3060 4429 3199 4480; x_wconf 89' lang='lat' dir='ltr'><strong>diem</strong></span> <span class='ocrx_word' id='word_1_654' title='bbox 3232 4428 3373 4481; x_wconf 78' lang='lat' dir='ltr'><strong>alIir-</strong></span> 
     </span>
    </p>
   </div>
   <div class='ocr_carea' id='block_1_91' title="bbox 174 4517 1840 4597">
    <p class='ocr_par' dir='ltr' id='par_1_91' title="bbox 174 4530 1840 4597">
     <span class='ocr_line' id='line_1_91' title="bbox 174 4530 1840 4597; baseline 0.001 -16"><span class='ocrx_word' id='word_1_655' title='bbox 174 4531 479 4582; x_wconf 56' lang='lat' dir='ltr'><strong>iaculorum</strong></span> <span class='ocrx_word' id='word_1_656' title='bbox 509 4532 625 4597; x_wconf 75' lang='lat' dir='ltr'><strong>ejus</strong></span> <span class='ocrx_word' id='word_1_657' title='bbox 658 4531 782 4582; x_wconf 90' lang='lat' dir='ltr'><strong>tuba</strong></span> <span class='ocrx_word' id='word_1_658' title='bbox 819 4530 1144 4591; x_wconf 87' lang='lat' dir='ltr'><strong>celebretur,</strong></span> <span class='ocrx_word' id='word_1_659' title='bbox 1172 4530 1373 4597; x_wconf 73' lang='lat' dir='ltr'><strong>praebet</strong></span> <span class='ocrx_word' id='word_1_660' title='bbox 1403 4544 1551 4595; x_wconf 84' lang='lat' dir='ltr'><strong>sane,</strong></span> <span class='ocrx_word' id='word_1_661' title='bbox 1581 4533 1718 4582; x_wconf 69' lang='lat' dir='ltr'><strong>unde</strong></span> <span class='ocrx_word' id='word_1_662' title='bbox 1757 4531 1797 4583; x_wconf 79' lang='grc' dir='ltr'>υ</span> <span class='ocrx_word' id='word_1_663' title='bbox 1827 4537 1840 4570; x_wconf 82' lang='grc' dir='ltr'><strong>ι</strong></span> 
     </span>
    </p>
   </div>
   <div class='ocr_carea' id='block_1_92' title="bbox 1706 4517 3372 4597">
    <p class='ocr_par' dir='ltr' id='par_1_92' title="bbox 1706 4517 3372 4585">
     <span class='ocr_line' id='line_1_92' title="bbox 1706 4517 3372 4585; baseline -0.001 -15"><span class='ocrx_word' id='word_1_664' title='bbox 1706 4547 1718 4582; x_wconf 63' lang='grc' dir='ltr'>ε</span> <span class='ocrx_word' id='word_1_665' title='bbox 1757 4531 1797 4583; x_wconf 78' lang='grc' dir='ltr'><em>υ</em></span> <span class='ocrx_word' id='word_1_666' title='bbox 1827 4528 1955 4570; x_wconf 87' lang='lat' dir='ltr'><strong>mat.</strong></span> <span class='ocrx_word' id='word_1_667' title='bbox 1992 4522 2164 4582; x_wconf 53' lang='lat' dir='ltr'><strong>Atque</strong></span> <span class='ocrx_word' id='word_1_668' title='bbox 2194 4519 2240 4570; x_wconf 73' lang='lat' dir='ltr'><strong>id</strong></span> <span class='ocrx_word' id='word_1_669' title='bbox 2274 4520 2513 4585; x_wconf 78' lang='lat' dir='ltr'><strong>quidem.</strong></span> <span class='ocrx_word' id='word_1_670' title='bbox 2538 4527 2653 4568; x_wconf 88' lang='lat' dir='ltr'><strong>utut</strong></span> <span class='ocrx_word' id='word_1_671' title='bbox 2688 4518 2737 4567; x_wconf 91' lang='lat' dir='ltr'><strong>in</strong></span> <span class='ocrx_word' id='word_1_672' title='bbox 2768 4518 2974 4568; x_wconf 78' lang='lat' dir='ltr'><strong>laudata</strong></span> <span class='ocrx_word' id='word_1_673' title='bbox 3009 4517 3372 4568; x_wconf 81' lang='lat' dir='ltr'><strong>Emmanuelis</strong></span> 
     </span>
    </p>
   </div>
   <div class='ocr_carea' id='block_1_93' title="bbox 175 4618 1717 4685">
    <p class='ocr_par' dir='ltr' id='par_1_93' title="bbox 175 4618 1717 4685">
     <span class='ocr_line' id='line_1_93' title="bbox 175 4618 1717 4685; baseline -0.001 -14"><span class='ocrx_word' id='word_1_674' title='bbox 175 4637 284 4671; x_wconf 72' lang='lat' dir='ltr'><strong>uoti</strong></span> <span class='ocrx_word' id='word_1_675' title='bbox 345 4620 635 4680; x_wconf 88' lang='lat' dir='ltr'><strong>iunuerito,</strong></span> <span class='ocrx_word' id='word_1_676' title='bbox 694 4620 955 4673; x_wconf 77' lang='lat' dir='ltr'><strong>Sanctum</strong></span> <span class='ocrx_word' id='word_1_677' title='bbox 1027 4628 1270 4671; x_wconf 89' lang='lat' dir='ltr'><strong>nostrqu</strong></span> <span class='ocrx_word' id='word_1_678' title='bbox 1334 4618 1527 4685; x_wconf 84' lang='lat' dir='ltr'><strong>insigni</strong></span> <span class='ocrx_word' id='word_1_679' title='bbox 1578 4622 1717 4683; x_wconf 89' lang='lat' dir='ltr'><strong>apud</strong></span> 
     </span>
    </p>
   </div>
   <div class='ocr_carea' id='block_1_94' title="bbox 171 4710 1716 4774">
    <p class='ocr_par' dir='ltr' id='par_1_94' title="bbox 171 4710 1716 4774">
     <span class='ocr_line' id='line_1_94' title="bbox 171 4710 1716 4774; baseline 0.003 -19"><span class='ocrx_word' id='word_1_680' title='bbox 171 4712 390 4761; x_wconf 59' lang='lat' dir='ltr'><strong>(iiut-cos</strong></span> <span class='ocrx_word' id='word_1_681' title='bbox 437 4711 667 4761; x_wconf 85' lang='lat' dir='ltr'><strong>numinis</strong></span> <span class='ocrx_word' id='word_1_682' title='bbox 705 4711 1016 4762; x_wconf 86' lang='lat' dir='ltr'><strong>Celebritale</strong></span> <span class='ocrx_word' id='word_1_683' title='bbox 1052 4710 1195 4774; x_wconf 74' lang='lat' dir='ltr'><strong>iuxta</strong></span> <span class='ocrx_word' id='word_1_684' title='bbox 1229 4724 1288 4758; x_wconf 86' lang='lat' dir='ltr'><strong>ac</strong></span> <span class='ocrx_word' id='word_1_685' title='bbox 1326 4710 1449 4760; x_wconf 82' lang='lat' dir='ltr'><strong>hinc</strong></span> <span class='ocrx_word' id='word_1_686' title='bbox 1481 4720 1592 4760; x_wconf 85' lang='lat' dir='ltr'><strong>orta</strong></span> <span class='ocrx_word' id='word_1_687' title='bbox 1631 4726 1716 4761; x_wconf 74' lang='lat' dir='ltr'><strong>ve-</strong></span> 
     </span>
    </p>
   </div>
   <div class='ocr_carea' id='block_1_95' title="bbox 176 4800 1717 4852">
    <p class='ocr_par' dir='ltr' id='par_1_95' title="bbox 176 4800 1717 4852">
     <span class='ocr_line' id='line_1_95' title="bbox 176 4800 1717 4852; baseline -0.001 -3"><span class='ocrx_word' id='word_1_688' title='bbox 176 4802 454 4852; x_wconf 81' lang='lat' dir='ltr'><strong>neratione</strong></span> <span class='ocrx_word' id='word_1_689' title='bbox 491 4801 578 4852; x_wconf 83' lang='lat' dir='ltr'><strong>diu</strong></span> <span class='ocrx_word' id='word_1_690' title='bbox 631 4801 789 4851; x_wconf 86' lang='lat' dir='ltr'><strong>etiam</strong></span> <span class='ocrx_word' id='word_1_691' title='bbox 842 4812 966 4852; x_wconf 89' lang='lat' dir='ltr'><strong>ante</strong></span> <span class='ocrx_word' id='word_1_692' title='bbox 1011 4800 1267 4851; x_wconf 68' lang='lat' dir='ltr'><strong>saeculum</strong></span> <span class='ocrx_word' id='word_1_693' title='bbox 1307 4810 1553 4851; x_wconf 70' lang='lat' dir='ltr'><strong>octavum</strong></span> <span class='ocrx_word' id='word_1_694' title='bbox 1606 4801 1717 4850; x_wconf 86' lang='lat' dir='ltr'><strong>eni-</strong></span> 
     </span>
    </p>
   </div>
   <div class='ocr_carea' id='block_1_96' title="bbox 173 4892 712 4944">
    <p class='ocr_par' dir='ltr' id='par_1_96' title="bbox 173 4892 712 4944">
     <span class='ocr_line' id='line_1_96' title="bbox 173 4892 712 4944; baseline 0 -3"><span class='ocrx_word' id='word_1_695' title='bbox 173 4892 343 4944; x_wconf 86' lang='lat' dir='ltr'><strong>tuisse</strong></span> <span class='ocrx_word' id='word_1_696' title='bbox 368 4892 712 4944; x_wconf 87' lang='lat' dir='ltr'><strong>arbitremur.</strong></span> 
     </span>
    </p>
   </div>
   <div class='ocr_carea' id='block_1_97' title="bbox 244 4980 1775 5049">
    <p class='ocr_par' dir='ltr' id='par_1_97' title="bbox 244 4980 1775 5049">
     <span class='ocr_line' id='line_1_97' title="bbox 244 4980 1775 5049; baseline -0.001 -18"><span class='ocrx_word' id='word_1_697' title='bbox 244 4983 331 5032; x_wconf 89' lang='lat'><strong>7|.</strong></span> <span class='ocrx_word' id='word_1_698' title='bbox 366 4982 518 5045; x_wconf 72' lang='grc' dir='ltr'>ρυοιι</span> <span class='ocrx_word' id='word_1_699' title='bbox 546 4996 666 5034; x_wconf 90' lang='lat' dir='ltr'><strong>cum</strong></span> <span class='ocrx_word' id='word_1_700' title='bbox 704 4982 772 5032; x_wconf 87' lang='lat' dir='ltr'><strong>ita</strong></span> <span class='ocrx_word' id='word_1_701' title='bbox 813 4982 916 5042; x_wconf 90' lang='lat' dir='ltr'><strong>sit,</strong></span> <span class='ocrx_word' id='word_1_702' title='bbox 952 4982 1082 5049; x_wconf 88' lang='lat' dir='ltr'><strong>quin</strong></span> <span class='ocrx_word' id='word_1_703' title='bbox 1128 4982 1223 5034; x_wconf 87' lang='lat' dir='ltr'><strong>abs</strong></span> <span class='ocrx_word' id='word_1_704' title='bbox 1265 4980 1345 5033; x_wconf 89' lang='lat' dir='ltr'><strong>his</strong></span> <span class='ocrx_word' id='word_1_705' title='bbox 1374 4982 1460 5033; x_wconf 86' lang='lat' dir='ltr'><strong>ille</strong></span> <span class='ocrx_word' id='word_1_706' title='bbox 1492 4982 1713 5046; x_wconf 85' lang='lat' dir='ltr'><strong>pariter,</strong></span> <span class='ocrx_word' id='word_1_707' title='bbox 1768 5023 1775 5031; x_wconf 86' lang='lat'><strong>.</strong></span> 
     </span>
    </p>
   </div>
   <div class='ocr_carea' id='block_1_98' title="bbox 172 5070 1713 5132">
    <p class='ocr_par' dir='ltr' id='par_1_98' title="bbox 172 5070 1713 5132">
     <span class='ocr_line' id='line_1_98' title="bbox 172 5070 1713 5132; baseline -0.003 -7"><span class='ocrx_word' id='word_1_708' title='bbox 172 5089 282 5127; x_wconf 85' lang='lat' dir='ltr'><strong>non</strong></span> <span class='ocrx_word' id='word_1_709' title='bbox 325 5087 479 5126; x_wconf 87' lang='lat' dir='ltr'><strong>secus</strong></span> <span class='ocrx_word' id='word_1_710' title='bbox 506 5087 567 5125; x_wconf 90' lang='lat' dir='ltr'><strong>ac</strong></span> <span class='ocrx_word' id='word_1_711' title='bbox 597 5072 853 5124; x_wconf 88' lang='lat' dir='ltr'><strong>clariores</strong></span> <span class='ocrx_word' id='word_1_712' title='bbox 902 5071 1072 5125; x_wconf 87' lang='lat' dir='ltr'><strong>sancti</strong></span> <span class='ocrx_word' id='word_1_713' title='bbox 1109 5070 1217 5132; x_wconf 88' lang='lat' dir='ltr'><strong>atii.</strong></span> <span class='ocrx_word' id='word_1_714' title='bbox 1247 5071 1421 5123; x_wconf 83' lang='lat' dir='ltr'><strong>oﬂicio</strong></span> <span class='ocrx_word' id='word_1_715' title='bbox 1451 5070 1713 5123; x_wconf 81' lang='lat' dir='ltr'><strong>ecclesia-</strong></span> 
     </span>
    </p>
   </div>
   <div class='ocr_carea' id='block_1_99' title="bbox 169 5159 1714 5227">
    <p class='ocr_par' dir='ltr' id='par_1_99' title="bbox 169 5159 1714 5227">
     <span class='ocr_line' id='line_1_99' title="bbox 169 5159 1714 5227; baseline -0.003 -11"><span class='ocrx_word' id='word_1_716' title='bbox 169 5163 310 5216; x_wconf 80' lang='lat' dir='ltr'><strong>stico</strong></span> <span class='ocrx_word' id='word_1_717' title='bbox 354 5162 648 5213; x_wconf 84' lang='lat' dir='ltr'><strong>honoratus</strong></span> <span class='ocrx_word' id='word_1_718' title='bbox 689 5161 798 5227; x_wconf 90' lang='lat' dir='ltr'><strong>jam</strong></span> <span class='ocrx_word' id='word_1_719' title='bbox 848 5169 960 5212; x_wconf 90' lang='lat' dir='ltr'><strong>tum</strong></span> <span class='ocrx_word' id='word_1_720' title='bbox 1013 5160 1194 5224; x_wconf 81' lang='lat' dir='ltr'><strong>fuerit,</strong></span> <span class='ocrx_word' id='word_1_721' title='bbox 1231 5160 1314 5211; x_wconf 80' lang='lat' dir='ltr'><strong>vix</strong></span> <span class='ocrx_word' id='word_1_722' title='bbox 1358 5159 1714 5212; x_wconf 85' lang='lat' dir='ltr'><strong>dubitandum</strong></span> 
     </span>
    </p>
   </div>
   <div class='ocr_carea' id='block_1_100' title="bbox 163 5247 1718 5319">
    <p class='ocr_par' dir='ltr' id='par_1_100' title="bbox 163 5247 1718 5319">
     <span class='ocr_line' id='line_1_100' title="bbox 163 5247 1718 5319; baseline -0.003 -14"><span class='ocrx_word' id='word_1_723' title='bbox 163 5260 416 5319; x_wconf 79' lang='lat' dir='ltr'><strong>apparet.</strong></span> <span class='ocrx_word' id='word_1_724' title='bbox 444 5251 673 5303; x_wconf 80' lang='lat' dir='ltr'><strong>maxime</strong></span> <span class='ocrx_word' id='word_1_725' title='bbox 707 5266 827 5303; x_wconf 91' lang='lat' dir='ltr'><strong>cum</strong></span> <span class='ocrx_word' id='word_1_726' title='bbox 864 5250 1104 5302; x_wconf 78' lang='lat' dir='ltr'><strong>festivam</strong></span> <span class='ocrx_word' id='word_1_727' title='bbox 1137 5250 1254 5316; x_wconf 90' lang='lat' dir='ltr'><strong>ejus</strong></span> <span class='ocrx_word' id='word_1_728' title='bbox 1282 5249 1453 5301; x_wconf 87' lang='lat' dir='ltr'><strong>lucem</strong></span> <span class='ocrx_word' id='word_1_729' title='bbox 1485 5247 1718 5302; x_wconf 70' lang='lat' dir='ltr'><strong>Thessa-</strong></span> 
     </span>
    </p>
   </div>
   <div class='ocr_carea' id='block_1_101' title="bbox 169 5342 1714 5409">
    <p class='ocr_par' dir='ltr' id='par_1_101' title="bbox 169 5342 1714 5409">
     <span class='ocr_line' id='line_1_101' title="bbox 169 5342 1714 5409; baseline 0.001 -15"><span class='ocrx_word' id='word_1_730' title='bbox 169 5345 360 5395; x_wconf 71' lang='lat' dir='ltr'><strong>lonica:</strong></span> <span class='ocrx_word' id='word_1_731' title='bbox 403 5344 508 5408; x_wconf 84' lang='lat' dir='ltr'><strong>jam</strong></span> <span class='ocrx_word' id='word_1_732' title='bbox 564 5343 687 5395; x_wconf 90' lang='lat' dir='ltr'><strong>inde</strong></span> <span class='ocrx_word' id='word_1_733' title='bbox 738 5361 763 5393; x_wconf 74' lang='grc' dir='ltr'><strong>ιι</strong></span> <span class='ocrx_word' id='word_1_734' title='bbox 799 5342 993 5394; x_wconf 71' lang='lat' dir='ltr'><strong>szecnln</strong></span> <span class='ocrx_word' id='word_1_735' title='bbox 1019 5352 1169 5394; x_wconf 77' lang='lat' dir='ltr'><strong>sexto</strong></span> <span class='ocrx_word' id='word_1_736' title='bbox 1204 5342 1714 5409; x_wconf 76' lang='lat' dir='ltr'><strong>verosimillimeque</strong></span> 
     </span>
    </p>
   </div>
   <div class='ocr_carea' id='block_1_102' title="bbox 170 5430 1712 5499">
    <p class='ocr_par' dir='ltr' id='par_1_102' title="bbox 170 5430 1712 5499">
     <span class='ocr_line' id='line_1_102' title="bbox 170 5430 1712 5499; baseline -0.002 -13"><span class='ocrx_word' id='word_1_737' title='bbox 170 5437 336 5486; x_wconf 88' lang='lat' dir='ltr'><strong>etiam</strong></span> <span class='ocrx_word' id='word_1_738' title='bbox 357 5434 514 5487; x_wconf 89' lang='lat' dir='ltr'><strong>citius</strong></span> <span class='ocrx_word' id='word_1_739' title='bbox 538 5434 829 5498; x_wconf 89' lang='lat' dir='ltr'><strong>quotannis</strong></span> <span class='ocrx_word' id='word_1_740' title='bbox 852 5430 1111 5483; x_wconf 85' lang='lat' dir='ltr'><strong>celebrari</strong></span> <span class='ocrx_word' id='word_1_741' title='bbox 1141 5432 1449 5499; x_wconf 78' lang='lat' dir='ltr'><strong>contigerit,</strong></span> <span class='ocrx_word' id='word_1_742' title='bbox 1476 5431 1550 5482; x_wconf 92' lang='lat' dir='ltr'><strong>uti</strong></span> <span class='ocrx_word' id='word_1_743' title='bbox 1579 5431 1712 5483; x_wconf 78' lang='lat' dir='ltr'><strong>iul&#39;ra</strong></span> 
     </span>
    </p>
   </div>
   <div class='ocr_carea' id='block_1_103' title="bbox 170 5517 1712 5574">
    <p class='ocr_par' dir='ltr' id='par_1_103' title="bbox 170 5517 1712 5574">
     <span class='ocr_line' id='line_1_103' title="bbox 170 5517 1712 5574; baseline -0.002 0"><span class='ocrx_word' id='word_1_744' title='bbox 170 5523 475 5574; x_wconf 81' lang='lat' dir='ltr'><strong>ostendam.</strong></span> <span class='ocrx_word' id='word_1_745' title='bbox 510 5521 678 5574; x_wconf 83' lang='lat' dir='ltr'><strong>Porro</strong></span> <span class='ocrx_word' id='word_1_746' title='bbox 712 5520 1027 5571; x_wconf 84' lang='lat' dir='ltr'><strong>Demetrius.</strong></span> <span class='ocrx_word' id='word_1_747' title='bbox 1054 5534 1157 5570; x_wconf 92' lang='lat' dir='ltr'><strong>non</strong></span> <span class='ocrx_word' id='word_1_748' title='bbox 1188 5528 1396 5570; x_wconf 90' lang='lat' dir='ltr'><strong>tantum</strong></span> <span class='ocrx_word' id='word_1_749' title='bbox 1423 5517 1595 5571; x_wconf 70' lang='lat' dir='ltr'><strong>titiicio</strong></span> <span class='ocrx_word' id='word_1_750' title='bbox 1622 5534 1712 5571; x_wconf 86' lang='lat' dir='ltr'><strong>ec-</strong></span> 
     </span>
    </p>
   </div>
   <div class='ocr_carea' id='block_1_104' title="bbox 172 5608 1713 5675">
    <p class='ocr_par' dir='ltr' id='par_1_104' title="bbox 172 5608 1713 5675">
     <span class='ocr_line' id='line_1_104' title="bbox 172 5608 1713 5675; baseline -0.003 -14"><span class='ocrx_word' id='word_1_751' title='bbox 172 5613 493 5673; x_wconf 60' lang='lat' dir='ltr'><strong>clesiastico,</strong></span> <span class='ocrx_word' id='word_1_752' title='bbox 547 5625 728 5663; x_wconf 79' lang='lat' dir='ltr'><strong>verum</strong></span> <span class='ocrx_word' id='word_1_753' title='bbox 775 5610 937 5662; x_wconf 83' lang='lat' dir='ltr'><strong>etiam</strong></span> <span class='ocrx_word' id='word_1_754' title='bbox 991 5608 1125 5661; x_wconf 78' lang='lat' dir='ltr'><strong>festo</strong></span> <span class='ocrx_word' id='word_1_755' title='bbox 1176 5622 1378 5669; x_wconf 86' lang='lat' dir='ltr'><strong>annuo,</strong></span> <span class='ocrx_word' id='word_1_756' title='bbox 1427 5622 1532 5675; x_wconf 90' lang='lat' dir='ltr'><strong>quo</strong></span> <span class='ocrx_word' id='word_1_757' title='bbox 1578 5610 1713 5662; x_wconf 87' lang='lat' dir='ltr'><strong>sacri</strong></span> 
     </span>
    </p>
   </div>
   <div class='ocr_carea' id='block_1_105' title="bbox 172 5699 1714 5765">
    <p class='ocr_par' dir='ltr' id='par_1_105' title="bbox 172 5699 1714 5765">
     <span class='ocr_line' id='line_1_105' title="bbox 172 5699 1714 5765; baseline -0.001 -12"><span class='ocrx_word' id='word_1_758' title='bbox 172 5704 354 5754; x_wconf 78' lang='lat' dir='ltr'><strong>cultus</strong></span> <span class='ocrx_word' id='word_1_759' title='bbox 405 5717 497 5755; x_wconf 86' lang='lat' dir='ltr'><strong>seu</strong></span> <span class='ocrx_word' id='word_1_760' title='bbox 552 5702 878 5753; x_wconf 79' lang='lat' dir='ltr'><strong>sacrosancti</strong></span> <span class='ocrx_word' id='word_1_761' title='bbox 950 5699 1122 5750; x_wconf 73' lang='lat' dir='ltr'><strong>Missae</strong></span> <span class='ocrx_word' id='word_1_762' title='bbox 1176 5700 1422 5751; x_wconf 80' lang='lat' dir='ltr'><strong>sacrilicii</strong></span> <span class='ocrx_word' id='word_1_763' title='bbox 1477 5708 1714 5765; x_wconf 75' lang='lat' dir='ltr'><strong>tempore</strong></span> 
     </span>
    </p>
   </div>
   <div class='ocr_carea' id='block_1_106' title="bbox 170 5788 1713 5861">
    <p class='ocr_par' dir='ltr' id='par_1_106' title="bbox 170 5788 1713 5861">
     <span class='ocr_line' id='line_1_106' title="bbox 170 5788 1713 5861; baseline -0.002 -17"><span class='ocrx_word' id='word_1_764' title='bbox 170 5795 261 5861; x_wconf 78' lang='lat' dir='ltr'><strong>jus</strong></span> <span class='ocrx_word' id='word_1_765' title='bbox 300 5794 475 5845; x_wconf 67' lang='lat' dir='ltr'><strong>dicere</strong></span> <span class='ocrx_word' id='word_1_766' title='bbox 508 5793 658 5845; x_wconf 76' lang='lat' dir='ltr'><strong>nefas</strong></span> <span class='ocrx_word' id='word_1_767' title='bbox 701 5802 857 5854; x_wconf 86' lang='lat' dir='ltr'><strong>esset,</strong></span> <span class='ocrx_word' id='word_1_768' title='bbox 892 5790 1029 5856; x_wconf 80' lang='lat' dir='ltr'><strong>apud</strong></span> <span class='ocrx_word' id='word_1_769' title='bbox 1072 5790 1314 5849; x_wconf 70' lang='lat' dir='ltr'><strong>Cnet-os,</strong></span> <span class='ocrx_word' id='word_1_770' title='bbox 1369 5788 1410 5838; x_wconf 88' lang='lat' dir='ltr'><strong>si</strong></span> <span class='ocrx_word' id='word_1_771' title='bbox 1449 5802 1555 5840; x_wconf 93' lang='lat' dir='ltr'><strong>non</strong></span> <span class='ocrx_word' id='word_1_772' title='bbox 1586 5796 1713 5841; x_wconf 88' lang='lat' dir='ltr'><strong>ante</strong></span> 
     </span>
    </p>
   </div>
   <div class='ocr_carea' id='block_1_107' title="bbox 1825 4608 3373 4676">
    <p class='ocr_par' dir='ltr' id='par_1_107' title="bbox 1825 4608 3373 4676">
     <span class='ocr_line' id='line_1_107' title="bbox 1825 4608 3373 4676; baseline -0.003 -14"><span class='ocrx_word' id='word_1_773' title='bbox 1825 4611 2082 4662; x_wconf 78' lang='lat' dir='ltr'><strong>Coumeni</strong></span> <span class='ocrx_word' id='word_1_774' title='bbox 2139 4610 2477 4676; x_wconf 86' lang='lat' dir='ltr'><strong>imperatoris</strong></span> <span class='ocrx_word' id='word_1_775' title='bbox 2515 4608 2727 4657; x_wconf 68' lang='lat' dir='ltr'><strong>Novella</strong></span> <span class='ocrx_word' id='word_1_776' title='bbox 2781 4620 3032 4672; x_wconf 82' lang='lat' dir='ltr'><strong>expresse</strong></span> <span class='ocrx_word' id='word_1_777' title='bbox 3062 4623 3165 4659; x_wconf 87' lang='lat' dir='ltr'><strong>non</strong></span> <span class='ocrx_word' id='word_1_778' title='bbox 3196 4622 3373 4660; x_wconf 85' lang='lat' dir='ltr'><strong>asser-</strong></span> 
     </span>
    </p>
   </div>
   <div class='ocr_carea' id='block_1_108' title="bbox 1826 4682 3373 4763">
    <p class='ocr_par' dir='ltr' id='par_1_108' title="bbox 1826 4682 3373 4763">
     <span class='ocr_line' id='line_1_108' title="bbox 1826 4682 3373 4763; baseline -0.003 -14"><span class='ocrx_word' id='word_1_779' title='bbox 1826 4710 1956 4759; x_wconf 68' lang='lat' dir='ltr'><strong>tum,</strong></span> <span class='ocrx_word' id='word_1_780' title='bbox 1993 4699 2459 4749; x_wconf 81' lang='lat' dir='ltr'><strong>verosimillimum</strong></span> <span class='ocrx_word' id='word_1_781' title='bbox 2495 4707 2738 4763; x_wconf 81' lang='lat' dir='ltr'><strong>apparet.</strong></span> <span class='ocrx_word' id='word_1_782' title='bbox 2802 4682 2997 4747; x_wconf 75' lang='lat' dir='ltr'><strong>Verum</strong></span> <span class='ocrx_word' id='word_1_783' title='bbox 3050 4696 3093 4746; x_wconf 91' lang='lat' dir='ltr'><strong>is</strong></span> <span class='ocrx_word' id='word_1_784' title='bbox 3139 4699 3373 4763; x_wconf 83' lang='lat' dir='ltr'><strong>scriptor</strong></span> 
     </span>
    </p>
   </div>
   <div class='ocr_carea' id='block_1_109' title="bbox 1822 4786 3371 4855">
    <p class='ocr_par' dir='ltr' id='par_1_109' title="bbox 1822 4786 3371 4855">
     <span class='ocr_line' id='line_1_109' title="bbox 1822 4786 3371 4855; baseline 0 -16"><span class='ocrx_word' id='word_1_785' title='bbox 1822 4793 1885 4840; x_wconf 88' lang='lat' dir='ltr'><strong>de</strong></span> <span class='ocrx_word' id='word_1_786' title='bbox 1916 4789 2053 4840; x_wconf 79' lang='lat' dir='ltr'><strong>festo</strong></span> <span class='ocrx_word' id='word_1_787' title='bbox 2088 4790 2199 4847; x_wconf 88' lang='lat' dir='ltr'><strong>illo.</strong></span> <span class='ocrx_word' id='word_1_788' title='bbox 2237 4789 2377 4853; x_wconf 84' lang='lat' dir='ltr'><strong>quod</strong></span> <span class='ocrx_word' id='word_1_789' title='bbox 2411 4796 2717 4855; x_wconf 81' lang='lat' dir='ltr'><strong>comparate</strong></span> <span class='ocrx_word' id='word_1_790' title='bbox 2751 4788 2815 4838; x_wconf 87' lang='lat' dir='ltr'><strong>ad</strong></span> <span class='ocrx_word' id='word_1_791' title='bbox 2846 4786 2976 4839; x_wconf 82' lang='lat' dir='ltr'><strong>festa</strong></span> <span class='ocrx_word' id='word_1_792' title='bbox 3019 4787 3118 4837; x_wconf 88' lang='lat' dir='ltr'><strong>alia</strong></span> <span class='ocrx_word' id='word_1_793' title='bbox 3148 4788 3371 4840; x_wconf 90' lang='lat' dir='ltr'><strong>omnino</strong></span> 
     </span>
    </p>
   </div>
   <div class='ocr_carea' id='block_1_110' title="bbox 1824 4876 3366 4941">
    <p class='ocr_par' dir='ltr' id='par_1_110' title="bbox 1824 4876 3366 4941">
     <span class='ocr_line' id='line_1_110' title="bbox 1824 4876 3366 4941; baseline 0.001 -13"><span class='ocrx_word' id='word_1_794' title='bbox 1824 4880 2011 4929; x_wconf 76' lang='lat' dir='ltr'><strong>l‘eriata</strong></span> <span class='ocrx_word' id='word_1_795' title='bbox 2061 4880 2312 4929; x_wconf 81' lang='lat' dir='ltr'><strong>secunda:</strong></span> <span class='ocrx_word' id='word_1_796' title='bbox 2361 4883 2623 4929; x_wconf 84' lang='lat' dir='ltr'><strong>duntaxat</strong></span> <span class='ocrx_word' id='word_1_797' title='bbox 2663 4876 2852 4928; x_wconf 82' lang='lat' dir='ltr'><strong>classis</strong></span> <span class='ocrx_word' id='word_1_798' title='bbox 2888 4876 3082 4929; x_wconf 82' lang='lat' dir='ltr'><strong>festum</strong></span> <span class='ocrx_word' id='word_1_799' title='bbox 3132 4876 3366 4941; x_wconf 90' lang='lat' dir='ltr'><strong>primum</strong></span> 
     </span>
    </p>
   </div>
   <div class='ocr_carea' id='block_1_111' title="bbox 1826 4966 3371 5034">
    <p class='ocr_par' dir='ltr' id='par_1_111' title="bbox 1826 4966 3371 5034">
     <span class='ocr_line' id='line_1_111' title="bbox 1826 4966 3371 5034; baseline 0 -16"><span class='ocrx_word' id='word_1_800' title='bbox 1826 4969 2002 5027; x_wconf 80' lang='lat' dir='ltr'><strong>fuerit,</strong></span> <span class='ocrx_word' id='word_1_801' title='bbox 2033 4969 2141 5019; x_wconf 68' lang='lat' dir='ltr'><strong>lucc</strong></span> <span class='ocrx_word' id='word_1_802' title='bbox 2175 4978 2430 5034; x_wconf 77' lang='lat' dir='ltr'><strong>pneterca</strong></span> <span class='ocrx_word' id='word_1_803' title='bbox 2460 4967 2655 5018; x_wconf 83' lang='lat' dir='ltr'><strong>ibidem</strong></span> <span class='ocrx_word' id='word_1_804' title='bbox 2695 4967 2842 5018; x_wconf 82' lang='lat' dir='ltr'><strong>addit</strong></span> <span class='ocrx_word' id='word_1_805' title='bbox 2876 4983 2886 5015; x_wconf 94' lang='lat'>:</span> <span class='ocrx_word' id='word_1_806' title='bbox 2925 4986 2942 5016; x_wconf 84' lang='grc' dir='ltr'><strong>ι</strong></span> <span class='ocrx_word' id='word_1_807' title='bbox 2976 4968 3123 5019; x_wconf 83' lang='lat' dir='ltr'><strong>Adeo</strong></span> <span class='ocrx_word' id='word_1_808' title='bbox 3158 4966 3371 5018; x_wconf 86' lang='lat' dir='ltr'><strong>celebre</strong></span> 
     </span>
    </p>
   </div>
   <div class='ocr_carea' id='block_1_112' title="bbox 1824 5056 3370 5129">
    <p class='ocr_par' dir='ltr' id='par_1_112' title="bbox 1824 5056 3370 5129">
     <span class='ocr_line' id='line_1_112' title="bbox 1824 5056 3370 5129; baseline 0.001 -22"><span class='ocrx_word' id='word_1_809' title='bbox 1824 5070 1939 5123; x_wconf 83' lang='lat' dir='ltr'><strong>post</strong></span> <span class='ocrx_word' id='word_1_810' title='bbox 1966 5058 2162 5109; x_wconf 81' lang='lat' dir='ltr'><strong>laetum</strong></span> <span class='ocrx_word' id='word_1_811' title='bbox 2197 5065 2295 5118; x_wconf 87' lang='lat' dir='ltr'><strong>est,</strong></span> <span class='ocrx_word' id='word_1_812' title='bbox 2342 5067 2396 5108; x_wconf 91' lang='lat' dir='ltr'><strong>ut</strong></span> <span class='ocrx_word' id='word_1_813' title='bbox 2439 5057 2581 5129; x_wconf 89' lang='lat' dir='ltr'><strong>haud</strong></span> <span class='ocrx_word' id='word_1_814' title='bbox 2632 5056 2953 5116; x_wconf 87' lang='lat' dir='ltr'><strong>minoribus.</strong></span> <span class='ocrx_word' id='word_1_815' title='bbox 2988 5070 3148 5121; x_wconf 89' lang='lat' dir='ltr'><strong>quam</strong></span> <span class='ocrx_word' id='word_1_816' title='bbox 3185 5056 3370 5123; x_wconf 76' lang='lat' dir='ltr'><strong>prima:</strong></span> 
     </span>
    </p>
   </div>
   <div class='ocr_carea' id='block_1_113' title="bbox 1821 5148 3370 5212">
    <p class='ocr_par' dir='ltr' id='par_1_113' title="bbox 1821 5148 3370 5212">
     <span class='ocr_line' id='line_1_113' title="bbox 1821 5148 3370 5212; baseline 0 -13"><span class='ocrx_word' id='word_1_817' title='bbox 1821 5149 2009 5200; x_wconf 88' lang='lat' dir='ltr'><strong>classis</strong></span> <span class='ocrx_word' id='word_1_818' title='bbox 2040 5149 2194 5207; x_wconf 79' lang='lat' dir='ltr'><strong>festa,</strong></span> <span class='ocrx_word' id='word_1_819' title='bbox 2228 5148 2560 5199; x_wconf 62' lang='lat' dir='ltr'><strong>caremouiis</strong></span> <span class='ocrx_word' id='word_1_820' title='bbox 2601 5148 2932 5199; x_wconf 86' lang='lat' dir='ltr'><strong>celebratum</strong></span> <span class='ocrx_word' id='word_1_821' title='bbox 2968 5148 3149 5207; x_wconf 84' lang='lat' dir='ltr'><strong>luerit,</strong></span> <span class='ocrx_word' id='word_1_822' title='bbox 3180 5157 3370 5212; x_wconf 84' lang='lat' dir='ltr'><strong>estque</strong></span> 
     </span>
    </p>
   </div>
   <div class='ocr_carea' id='block_1_114' title="bbox 1820 5220 3369 5303">
    <p class='ocr_par' dir='ltr' id='par_1_114' title="bbox 1820 5220 3369 5303">
     <span class='ocr_line' id='line_1_114' title="bbox 1820 5220 3369 5303; baseline -0.001 -16"><span class='ocrx_word' id='word_1_823' title='bbox 1820 5238 1884 5290; x_wconf 83' lang='lat' dir='ltr'><strong>de</strong></span> <span class='ocrx_word' id='word_1_824' title='bbox 1917 5246 2184 5303; x_wconf 69' lang='lat' dir='ltr'><strong>praecepto</strong></span> <span class='ocrx_word' id='word_1_825' title='bbox 2226 5253 2315 5301; x_wconf 58' lang='lat' dir='ltr'><strong>per</strong></span> <span class='ocrx_word' id='word_1_826' title='bbox 2352 5246 2517 5287; x_wconf 76' lang='lat' dir='ltr'><strong>totum</strong></span> <span class='ocrx_word' id='word_1_827' title='bbox 2565 5238 2705 5288; x_wconf 90' lang='lat' dir='ltr'><strong>diem</strong></span> <span class='ocrx_word' id='word_1_828' title='bbox 2763 5237 3026 5300; x_wconf 78' lang='lat' dir='ltr'><strong>hodieque</strong></span> <span class='ocrx_word' id='word_1_829' title='bbox 3070 5220 3369 5287; x_wconf 76' lang='lat' dir='ltr'><strong>observan-</strong></span> 
     </span>
    </p>
   </div>
   <div class='ocr_carea' id='block_1_115' title="bbox 1820 5326 3369 5393">
    <p class='ocr_par' dir='ltr' id='par_1_115' title="bbox 1820 5326 3369 5393">
     <span class='ocr_line' id='line_1_115' title="bbox 1820 5326 3369 5393; baseline -0.003 -13"><span class='ocrx_word' id='word_1_830' title='bbox 1820 5329 1967 5380; x_wconf 90' lang='lat' dir='ltr'><strong>dum.</strong></span> <span class='ocrx_word' id='word_1_831' title='bbox 2004 5347 2019 5376; x_wconf 80' lang='grc' dir='ltr'><strong>ι</strong></span> <span class='ocrx_word' id='word_1_832' title='bbox 2058 5327 2131 5377; x_wconf 82' lang='lat' dir='ltr'><strong>ita</strong></span> <span class='ocrx_word' id='word_1_833' title='bbox 2175 5328 2279 5385; x_wconf 73' lang='lat' dir='ltr'><strong>ille,</strong></span> <span class='ocrx_word' id='word_1_834' title='bbox 2332 5327 2383 5377; x_wconf 90' lang='lat' dir='ltr'><strong>in</strong></span> <span class='ocrx_word' id='word_1_835' title='bbox 2437 5329 2699 5393; x_wconf 71' lang='lat' dir='ltr'><strong>margine.</strong></span> <span class='ocrx_word' id='word_1_836' title='bbox 2742 5342 2859 5389; x_wconf 73' lang='lat' dir='ltr'><strong>qua:</strong></span> <span class='ocrx_word' id='word_1_837' title='bbox 2904 5327 3103 5378; x_wconf 81' lang='lat' dir='ltr'><strong>Smith.</strong></span> <span class='ocrx_word' id='word_1_838' title='bbox 3156 5326 3369 5378; x_wconf 67' lang='lat' dir='ltr'><strong>Statum</strong></span> 
     </span>
    </p>
   </div>
   <div class='ocr_carea' id='block_1_116' title="bbox 1818 5409 3371 5483">
    <p class='ocr_par' dir='ltr' id='par_1_116' title="bbox 1818 5409 3371 5483">
     <span class='ocr_line' id='line_1_116' title="bbox 1818 5409 3371 5483; baseline -0.005 -13"><span class='ocrx_word' id='word_1_839' title='bbox 1818 5417 2009 5470; x_wconf 72' lang='lat' dir='ltr'><strong>ercw</strong></span> <span class='ocrx_word' id='word_1_840' title='bbox 2026 5416 2286 5475; x_wconf 60' lang='lat' dir='ltr'><strong>Ecclesia,</strong></span> <span class='ocrx_word' id='word_1_841' title='bbox 2323 5429 2442 5483; x_wconf 92' lang='lat' dir='ltr'><strong>pag.</strong></span> <span class='ocrx_word' id='word_1_842' title='bbox 2472 5409 2566 5473; x_wconf 48' lang='lat'><strong>12:</strong></span> <span class='ocrx_word' id='word_1_843' title='bbox 2591 5417 2805 5475; x_wconf 83' lang='lat' dir='ltr'><strong>habent,</strong></span> <span class='ocrx_word' id='word_1_844' title='bbox 2840 5431 2936 5481; x_wconf 86' lang='lat' dir='ltr'><strong>pro</strong></span> <span class='ocrx_word' id='word_1_845' title='bbox 2966 5432 3022 5467; x_wconf 87' lang='lat' dir='ltr'><strong>se</strong></span> <span class='ocrx_word' id='word_1_846' title='bbox 3050 5424 3238 5467; x_wconf 76' lang='lat' dir='ltr'><strong>eitaus.</strong></span> <span class='ocrx_word' id='word_1_847' title='bbox 3269 5411 3371 5464; x_wconf 85' lang='lat' dir='ltr'><strong>Vc-</strong></span> 
     </span>
    </p>
   </div>
   <div class='ocr_carea' id='block_1_117' title="bbox 1820 5507 3362 5573">
    <p class='ocr_par' dir='ltr' id='par_1_117' title="bbox 1820 5507 3362 5573">
     <span class='ocr_line' id='line_1_117' title="bbox 1820 5507 3362 5573; baseline -0.003 -12"><span class='ocrx_word' id='word_1_848' title='bbox 1820 5526 1958 5568; x_wconf 78' lang='lat' dir='ltr'><strong>ruin,</strong></span> <span class='ocrx_word' id='word_1_849' title='bbox 2007 5524 2127 5560; x_wconf 85' lang='lat' dir='ltr'><strong>cum</strong></span> <span class='ocrx_word' id='word_1_850' title='bbox 2170 5522 2311 5573; x_wconf 88' lang='lat' dir='ltr'><strong>opus</strong></span> <span class='ocrx_word' id='word_1_851' title='bbox 2369 5508 2469 5558; x_wconf 82' lang='lat' dir='ltr'><strong>hoc</strong></span> <span class='ocrx_word' id='word_1_852' title='bbox 2523 5508 2585 5558; x_wconf 83' lang='lat' dir='ltr'><strong>ad</strong></span> <span class='ocrx_word' id='word_1_853' title='bbox 2662 5523 2878 5559; x_wconf 85' lang='lat' dir='ltr'><strong>manum</strong></span> <span class='ocrx_word' id='word_1_854' title='bbox 2920 5522 3027 5559; x_wconf 88' lang='lat' dir='ltr'><strong>non</strong></span> <span class='ocrx_word' id='word_1_855' title='bbox 3074 5508 3165 5569; x_wconf 81' lang='lat' dir='ltr'><strong>sit,</strong></span> <span class='ocrx_word' id='word_1_856' title='bbox 3208 5507 3362 5557; x_wconf 78' lang='lat' dir='ltr'><strong>(idem</strong></span> 
     </span>
    </p>
   </div>
   <div class='ocr_carea' id='block_1_118' title="bbox 1815 5596 3365 5666">
    <p class='ocr_par' dir='ltr' id='par_1_118' title="bbox 1815 5596 3365 5666">
     <span class='ocr_line' id='line_1_118' title="bbox 1815 5596 3365 5666; baseline -0.002 -16"><span class='ocrx_word' id='word_1_857' title='bbox 1815 5608 2072 5666; x_wconf 89' lang='lat' dir='ltr'><strong>quantum</strong></span> <span class='ocrx_word' id='word_1_858' title='bbox 2130 5597 2180 5649; x_wconf 88' lang='lat' dir='ltr'><strong>id</strong></span> <span class='ocrx_word' id='word_1_859' title='bbox 2238 5596 2381 5663; x_wconf 89' lang='lat' dir='ltr'><strong>quod</strong></span> <span class='ocrx_word' id='word_1_860' title='bbox 2437 5599 2613 5647; x_wconf 79' lang='lat' dir='ltr'><strong>verbis</strong></span> <span class='ocrx_word' id='word_1_861' title='bbox 2666 5598 2904 5648; x_wconf 79' lang='lat' dir='ltr'><strong>recitatis</strong></span> <span class='ocrx_word' id='word_1_862' title='bbox 2956 5598 3149 5655; x_wconf 83' lang='lat' dir='ltr'><strong>docet,</strong></span> <span class='ocrx_word' id='word_1_863' title='bbox 3200 5611 3365 5662; x_wconf 75' lang='lat' dir='ltr'><strong>penes</strong></span> 
     </span>
    </p>
   </div>
   <div class='ocr_carea' id='block_1_119' title="bbox 1818 5684 3362 5759">
    <p class='ocr_par' dir='ltr' id='par_1_119' title="bbox 1818 5684 3362 5759">
     <span class='ocr_line' id='line_1_119' title="bbox 1818 5684 3362 5759; baseline -0.005 -15"><span class='ocrx_word' id='word_1_864' title='bbox 1818 5695 1989 5759; x_wconf 87' lang='lat' dir='ltr'><strong>ipsum</strong></span> <span class='ocrx_word' id='word_1_865' title='bbox 2022 5701 2163 5743; x_wconf 81' lang='lat' dir='ltr'><strong>stare</strong></span> <span class='ocrx_word' id='word_1_866' title='bbox 2194 5690 2333 5750; x_wconf 83' lang='lat' dir='ltr'><strong>volo,</strong></span> <span class='ocrx_word' id='word_1_867' title='bbox 2370 5700 2420 5740; x_wconf 90' lang='lat' dir='ltr'><strong>et</strong></span> <span class='ocrx_word' id='word_1_868' title='bbox 2468 5690 2529 5739; x_wconf 66' lang='lat' dir='ltr'><strong>a&#39;i</strong></span> <span class='ocrx_word' id='word_1_869' title='bbox 2569 5689 2666 5739; x_wconf 82' lang='lat' dir='ltr'><strong>alia</strong></span> <span class='ocrx_word' id='word_1_870' title='bbox 2718 5688 2891 5748; x_wconf 81' lang='lat' dir='ltr'><strong>modo,</strong></span> <span class='ocrx_word' id='word_1_871' title='bbox 2933 5703 3047 5755; x_wconf 73' lang='lat' dir='ltr'><strong>qua:</strong></span> <span class='ocrx_word' id='word_1_872' title='bbox 3084 5686 3147 5738; x_wconf 85' lang='lat' dir='ltr'><strong>ad</strong></span> <span class='ocrx_word' id='word_1_873' title='bbox 3176 5684 3362 5738; x_wconf 85' lang='lat' dir='ltr'><strong>Sancti</strong></span> 
     </span>
    </p>
   </div>
   <div class='ocr_carea' id='block_1_120' title="bbox 1817 5778 2769 5847">
    <p class='ocr_par' dir='ltr' id='par_1_120' title="bbox 1817 5778 2769 5847">
     <span class='ocr_line' id='line_1_120' title="bbox 1817 5778 2769 5847; baseline -0.007 -11"><span class='ocrx_word' id='word_1_874' title='bbox 1817 5786 2018 5836; x_wconf 89' lang='lat' dir='ltr'><strong>cultqu</strong></span> <span class='ocrx_word' id='word_1_875' title='bbox 2054 5789 2317 5847; x_wconf 64' lang='lat' dir='ltr'><strong>spectant,</strong></span> <span class='ocrx_word' id='word_1_876' title='bbox 2355 5778 2575 5846; x_wconf 69' lang='lat' dir='ltr'><strong>gradum</strong></span> <span class='ocrx_word' id='word_1_877' title='bbox 2614 5778 2769 5830; x_wconf 75' lang='lat' dir='ltr'><strong>iacio.</strong></span> 
     </span>
    </p>
   </div>
  </div>
