4218 6442
174 408 322 475 1125

1141 405 1199 463 S.
1239 403 1629 465 DEMETRlI
1659 403 2063 463 MARTYRIS
2100 405 2313 466 ACTA.

3303 403 3438 469 1196

171 526 373 579 Ionica:
420 521 685 591 templum
739 526 932 575 sancto
978 518 1257 575 Demetrio
1304 520 1547 581 nondum
1583 519 1754 572 fuisse
1784 526 1826 583 Α
1857 521 2067 582 scribit,
2103 521 2372 573 ciborium
2407 539 2501 574 seu
2540 523 2644 583 (adi
2690 524 2753 575 ad
2792 524 2933 578 hanc
2970 540 3156 577 vorem
3195 527 3245 576 in
3281 525 3436 580 Glos-

172 624 542 675 exstructum,
575 628 683 666 non
706 612 952 666 obscure
986 611 1193 665 innuit.
1224 612 1439 672 Fateor.
1474 614 1550 665 sic
1577 612 1761 664 habet.

174 708 399 763 Etenim
448 706 774 759 Anastasius
827 704 950 759 loco
985 704 1160 758 citato
1210 704 1284 757 ita
1336 703 1573 757 scribit:
1617 721 1635 753 ι
1673 702 1766 755 llis

174 801 344 855 dictis
372 797 662 853 confestim
712 795 1036 866 (Marianos)
1069 811 1267 851 somno
1309 796 1605 863 corripitur
1654 810 1764 862 prae

175 892 374 946 dolore
408 900 463 945 et
494 890 760 955 tristitia;
788 889 879 961 qui
914 905 1037 945 cum
1070 890 1467 949 obdormisset,
1514 887 1763 956 apparuit

178 985 233 1039 ei
264 985 457 1038 beatus
501 981 815 1037 Demetrius
844 983 1035 1037 dicens
1072 1001 1083 1036 :
1117 979 1292 1048 Surge
1342 991 1391 1033 et
1437 982 1607 1035 servis
1652 984 1762 1035 tuis

180 1081 417 1148 impera,
446 1078 591 1147 quod
624 1086 677 1131 te
706 1076 957 1130 deferant
989 1082 1041 1129 ln
1069 1076 1289 1129 domum
1328 1076 1605 1138 Demetrii;
1639 1090 1761 1128 nam

178 1169 285 1230 ibi.
319 1170 545 1237 juvaute
580 1169 711 1233 Deo,
745 1168 977 1237 recipies
1005 1167 1317 1220 sanitatem.
1361 1166 1609 1235 Cumque
1650 1168 1755 1219 evi-

180 1262 362 1331 gilans
394 1277 421 1314 a
452 1262 932 1315 circumstantibus
962 1260 1184 1313 domum
1224 1260 1479 1313 Demetrii
1510 1261 1762 1330 martyris

182 1356 513 1418 requireret,
548 1352 625 1404 ait
651 1352 868 1420 quidam
899 1369 913 1405 ε
952 1349 1053 1403 Εηι
1081 1351 1273 1403 domus
1300 1351 1561 1404 vilissima
1597 1366 1761 1419 prope

185 1446 451 1509 stadium,
493 1449 547 1496 in
589 1460 694 1512 qua
725 1444 916 1497 dicunt
940 1444 1122 1511 jacere
1155 1442 1508 1505 Demetrium,
1542 1444 1633 1512 qui
1658 1444 1759 1496 du-

181 1535 314 1589 dum
354 1538 556 1591 lanceis
591 1537 914 1591 interfectus
945 1548 1029 1591 est
1056 1538 1205 1606 iussn
1240 1536 1550 1590 Maximiani
1586 1539 1760 1604 impe-

184 1630 409 1681 ratoris.
441 1628 577 1681 Tum
616 1629 703 1681 ille
734 1646 745 1679 :
782 1629 917 1681 Illuc
951 1644 1034 1681 me
1082 1627 1217 1681 ferte
1240 1670 1253 1692 ,
1287 1628 1413 1696 quia
1447 1629 1498 1680 in
1528 1629 1642 1681 visu
1677 1627 1761 1679 di-

182 1730 333 1770 ctum
368 1729 449 1771 est
485 1718 641 1781 mihi,
680 1720 788 1772 illic
820 1720 1111 1773 sanitatem
1152 1734 1238 1771 me
1282 1734 1443 1787 posse
1487 1719 1754 1785 recipere.

182 1810 340 1863 Tunc
389 1810 572 1863 famuli
623 1810 863 1863 tulerunt
899 1812 1179 1863 dominum
1242 1826 1425 1873 suum,
1481 1809 1569 1862 ubi
1619 1809 1756 1877 jussi

182 1905 424 1965 fuerant,
467 1914 522 1956 et
566 1903 729 1971 jussit
764 1918 820 1957 se
855 1919 1061 1972 ponere
1114 1904 1455 1957 solummodo
1500 1906 1551 1955 in
1604 1903 1749 1972 pavi-
1790 1921 1829 1973 Β

181 2006 390 2048 mento.
425 1996 673 2064 Cumque
700 1997 927 2064 jaceret,
960 2014 1154 2051 somno
1187 1999 1365 2052 subito
1393 1999 1674 2066 arripitur,
1705 2007 1758 2050 et

181 2106 316 2144 ecce
358 2090 543 2143 beatus
600 2091 907 2144 Demetrius
936 2094 1131 2145 iterum
1161 2093 1410 2162 apparuit
1444 2093 1491 2145 ei
1525 2093 1754 2143 dicens:

185 2182 287 2233 Per
318 2198 401 2233 me
442 2183 622 2235 sanari
664 2194 838 2250 potes,
872 2185 963 2236 sed
997 2184 1147 2245 time,
1188 2200 1255 2237 ne
1290 2184 1431 2237 forte
1464 2194 1581 2251 post
1614 2184 1760 2238 sani.-

184 2283 353 2327 tatem
387 2274 531 2326 curis
570 2273 733 2343 hujus
768 2276 955 2329 mundi
982 2287 1033 2330 te
1060 2276 1326 2345 implices.
1356 2278 1419 2330 At
1447 2278 1714 2328 Mariauus
1744 2293 1755 2327 :

180 2364 267 2418 Tu
309 2367 445 2426 scis,
492 2366 736 2429 domine,
797 2368 922 2437 quia
988 2385 1267 2437 nunquam
1311 2371 1413 2423 hoc
1473 2370 1553 2437 egi
1585 2408 1597 2429 ,
1658 2384 1757 2421 nec

181 2474 348 2525 agere
379 2460 560 2527 cupio.
596 2458 659 2513 Et
692 2462 778 2513 ille
815 2461 1109 2516 :Christus
1156 2474 1207 2517 tc
1248 2476 1425 2522 sanat,
1472 2465 1560 2530 qui
1599 2464 1757 2531 erigit

183 2552 375 2604 elisos.
412 2554 757 2622 htevigilaus
799 2556 1068 2610 Marianos
1115 2560 1281 2625 cmpit
1320 2574 1541 2610 narrare
1580 2559 1759 2608 \isio-

186 2660 337 2700 nem.
380 2660 609 2713 cumque
642 2647 705 2698 ad
740 2647 843 2699 hoc
874 2657 1102 2700 ventum
1146 2648 1371 2713 fuisset,
1426 2649 1515 2700 tibi
1560 2659 1760 2718 martyr

184 2737 325 2789 dixit
356 2755 368 2790 :
400 2736 651 2791 Christus
682 2748 732 2793 te
775 2748 964 2802 sanat,
1010 2742 1098 2810 qni
1141 2742 1303 2809 erigit
1342 2742 1542 2803 elisos,
1595 2757 1760 2794 sanus

184 2830 428 2883 surrexit
469 2832 667 2899 gratias
690 2848 856 2900 agens
901 2832 1008 2885 Deo
1041 2849 1161 2885 cum
1208 2834 1485 2897 omnibus,
1519 2835 1607 2900 qui
1653 2834 1761 2887 illic

183 2922 439 2973 aderant.
485 2941 503 2972 ι
549 2922 683 2976 Cum
714 2933 892 2976 autem
930 2925 1185 2978 Demetrii
1222 2926 1475 2997 martyris
1507 2928 1759 2989 domum,

186 3012 247 3064 in
280 3027 384 3080 qua
419 3013 604 3068 Sancti
636 3018 801 3067 nostri
839 3031 1058 3083 corpus,
1098 3032 1220 3070 cum
1269 3018 1481 3072 delatus
1515 3019 1578 3071 ad
1618 3020 1758 3072 illam

184 3103 465 3159 Marianos
499 3115 792 3161 sanitatem
828 3108 990 3173 hujus
1041 3111 1339 3175 patrocinio
1375 3112 1756 3180 recuperavit,

182 3196 404 3261 iacebat
456 3199 819 3260 reconditum,
876 3196 1187 3253 vilissimum
1220 3200 1308 3254 hic
1349 3201 1615 3268 appellet,
1654 3217 1753 3253 nec
1781 3235 1822 3289 Ο

186 3297 303 3338 tum
348 3285 753 3344 Thessalonicae
813 3292 1008 3343 domus
1060 3292 1183 3354 alia,
1246 3302 1435 3346 sancto
1482 3294 1752 3345 Demetrio

185 3381 412 3448 martyri
452 3396 630 3445 sacra,
659 3398 820 3451 quam
858 3384 911 3435 in
942 3399 1046 3450 qua
1098 3399 1311 3437 sacrum
1356 3387 1516 3453 hujus
1557 3400 1757 3453 corpus

180 3470 401 3537 iacebat
430 3474 791 3540 reconditum,
825 3475 1117 3538 exstiterit,
1174 3478 1383 3547 insigne
1431 3492 1561 3529 sane
1615 3490 1757 3529 tem-

183 3566 361 3633 plum,
391 3568 533 3633 quod
564 3568 837 3625 Demetrio
876 3588 1091 3626 sacrum
1135 3581 1277 3625 es.et
1303 3613 1316 3635 ,
1354 3571 1757 3624 Thessalonice

184 3663 433 3715 rondum
464 3663 627 3717 fuisse
661 3677 788 3718 tunc
821 3678 1184 3726 exstructum,
1219 3667 1271 3719 in
1307 3669 1619 3720 narratione
1652 3666 1756 3719 huc

183 3754 537 3821 transnipta,
572 3754 623 3804 in
653 3770 755 3821 qua
792 3767 1072 3823 prmterea,
1101 3772 1261 3823 quam
1291 3755 1447 3821 longa
1483 3766 1585 3816 est,
1627 3755 1755 3806 nihil

186 3846 351 3913 plane
390 3846 531 3899 unde
565 3846 711 3899 aliud
744 3850 1022 3916 suspireie
1045 3848 1380 3916 suppeditat,
1415 3848 1542 3899 satis
1570 3856 1755 3915 apexte

184 3940 419 3991 indicat.

258 4031 349 4083 77.
405 4029 605 4085 Verum
649 4032 882 4099 ipsemet
936 4031 1196 4094 Joannes,
1246 4031 1755 4086 Thessalonicensis

182 4138 261 4174 ar.
287 4120 654 4188 hiepiscopns,
686 4123 777 4189 qui
814 4122 1131 4173 miraculum
1158 4121 1299 4174 istud
1332 4122 1523 4175 litteris
1549 4124 1754 4190 primus

186 4214 489 4273 mandavit,
527 4213 906 4266 Miraculorum
950 4215 1263 4265 edendorum
1316 4212 1403 4265 libi
1447 4227 1495 4269 t.
1539 4229 1659 4281 cap.
1702 4214 1754 4275 l,

184 4304 734 4357 Thessalonicensem
788 4304 961 4356 sancti
995 4304 1247 4356 Demetrii
1275 4305 1470 4366 aedem,
1510 4305 1635 4355 dum
1663 4304 1751 4371 qui

185 4399 240 4449 in
282 4396 427 4448 hunc
470 4397 765 4448 Marianum
798 4396 1103 4465 patrocinio
1135 4398 1305 4450 sancti
1343 4396 1629 4456 Demetrii,
1663 4399 1752 4464 qui

183 4492 231 4541 ei
290 4490 342 4541 in
402 4490 607 4542 somnis
658 4500 1005 4557 apparuerat,
1069 4489 1288 4541 sanitati
1351 4490 1751 4542 restituendum

1870 614 2015 665 sario
2054 612 2341 681 Canginm)
2392 614 2645 665 edin-tnui
2690 616 2741 666 in
2792 616 3118 682 fastigiatam
3167 617 3433 677 formam,

1869 707 1970 758 sub
2003 721 2111 773 quo
2143 705 2317 757 sancti
2354 704 2610 757 Demetrii
2647 722 2847 773 corpus
2882 710 3223 761 reconditum
3262 714 3437 767 iacere

1867 798 2213 859 credebatur,
2246 798 2433 850 altaris
2466 799 2848 859 upilirarulum
2894 814 2956 852 ex
2990 811 3214 866 argento
3240 800 3435 854 confe-

1866 903 2013 943 ctum
2067 890 2343 943 exstitisse
2384 890 2592 941 scribit.
2624 890 2757 953 Q'Iis
2789 906 2914 942 vero
2939 891 3237 948 existimet,
3270 894 3347 943 vel
3376 893 3429 942 in

1866 981 2346 1037 Thessaloniceusi
2414 984 2561 1039 inde.
2626 996 2812 1034 sacras
2863 982 3117 1036 Demetrii
3178 984 3435 1051 reliquias

1865 1078 2205 1139 continente,
2244 1076 2298 1129 in
2338 1091 2499 1143 quam
2532 1076 2804 1129 Marianos
2838 1077 3017 1129 illatus
3064 1078 3185 1141 fuit,
3228 1081 3434 1147 pretio-

1865 1184 1985 1223 Sum
2013 1170 2321 1240 huiusmodi
2346 1182 2729 1222 ornamentum
2764 1169 3003 1222 futurum
3036 1169 3221 1230 fuisse.
3254 1173 3335 1223 vel
3364 1172 3430 1223 de

1865 1275 1923 1312 ea
1946 1260 2211 1314 Joannem
2238 1260 2783 1314 Thessalonicensem
2808 1271 2911 1312 tam
2939 1262 3245 1328 magniﬁce,
3272 1264 3341 1313 uti
3364 1278 3428 1315 ex

1866 1354 2023 1407 dictis
2053 1355 2199 1411 facit,
2228 1354 2559 1413 locuturum,
2589 1353 2630 1404 si
2674 1353 2797 1405 vilis
2825 1354 3107 1409 duntaxat.
3138 1354 3247 1407 imo
3282 1355 3435 1407 vilis-

1864 1449 2019 1505 sima.
2055 1446 2233 1511 qualis
2269 1446 2546 1498 exstitisse
2580 1444 2648 1497 ah
2680 1444 2969 1498 Anastasio
3007 1446 3248 1499 innuitur
3271 1488 3283 1507 ,
3337 1448 3428 1499 do-

1866 1553 1985 1590 mus
2020 1537 2251 1590 fuisset?
2281 1536 2397 1589 Jam
2429 1551 2561 1589 vero
2594 1551 2717 1588 cum
2753 1535 2864 1589 haec
2893 1537 2963 1588 ita
3007 1538 3267 1598 habeant,
3302 1541 3433 1606 quin

1860 1630 1970 1696 jam
2012 1639 2158 1689 tum,
2206 1644 2328 1681 eum
2392 1638 2663 1695 patratum
2724 1627 2774 1679 in
2830 1627 3070 1680 Mariano
3115 1631 3433 1682 miraculum

1862 1718 2079 1777 accidit,
2112 1719 2319 1785 insigne
2354 1718 2640 1785 templum,
2674 1728 2863 1769 sancto
2887 1718 3160 1769 Demetrio
3218 1736 3431 1773 sacrum

1863 1809 2263 1863 Thessalonica:
2294 1809 2579 1864 exstiterit.
2615 1810 2972 1863 dubitandum
3009 1826 3116 1861 non
3154 1821 3255 1862 est.

1931 1904 2019 1957 78.
2056 1904 2107 1957 Id
2132 1919 2294 1972 porro
2320 1918 2347 1956 e
2368 1903 2578 1955 Joanne
2608 1904 2912 1962 Stauracio,
2964 1902 3433 1956 Thessalonier-nsi

1859 1998 2300 2066 chartophylaoe.
2362 1996 2452 2065 qui
2511 1997 2858 2061 quandonam
2944 1996 3204 2061 ﬂoruerit,
3268 2014 3431 2065 supra

1860 2086 2088 2144 edocui,
2150 2096 2426 2151 utcunque
2459 2086 2831 2141 confirmatur.
2868 2087 3079 2139 Etenim
3121 2099 3171 2139 et
3211 2088 3294 2140 hic
3334 2089 3432 2139 ini-

1863 2178 2102 2231 raculum
2138 2178 2189 2230 in
2225 2178 2462 2230 Mariano
2496 2188 2763 2245 patra‘um
2803 2180 2855 2230 in
2918 2196 3069 2231 suam
3107 2196 3267 2247 supra
3324 2198 3436 2233 Ille-

1865 2281 2126 2326 mmatam
2162 2272 2225 2325 de
2268 2272 2439 2323 sancti
2487 2271 2740 2323 Demetrii
2787 2272 3065 2323 miraculis
3104 2274 3435 2325 lucubratio-

1865 2383 1984 2420 nem
2016 2366 2224 2425 intulit,
2262 2365 2575 2431 ibidemque
2614 2367 2664 2417 in
2704 2366 2891 2417 codice
2927 2377 3115 2416 nostro
3154 2368 3367 2431 signan
3398 2367 3435 2435 -ῖ

1864 2476 1965 2512 nis.
2004 2459 2105 2513 195
2134 2461 2305 2513 sancti
2344 2460 2597 2511 Demetrii
2632 2460 2826 2521 aedem,
2866 2459 2917 2511 in
2946 2474 3107 2526 quam
3135 2454 3431 2518 Marianos,

1862 2554 2077 2605 sanitati
2112 2554 2500 2614 restituendus,
2539 2554 2639 2605 fuit
2665 2553 2896 2607 delatus.
2928 2552 3237 2620 ἀνάκτορον
3270 2555 3435 2606 edem

1865 2647 2060 2715 regiam
2099 2661 2192 2697 seu
2231 2644 2507 2697 basilicam
2538 2640 2790 2713 appellat.
2846 2642 2953 2696 Nec
2989 2656 3091 2709 est,
3137 2645 3279 2713 quod
3334 2661 3437 2698 nos

1868 2740 1949 2791 his
1982 2739 2207 2792 multum
2245 2749 2459 2792 moveat
2494 2737 2766 2791 Anastasii
2805 2737 3213 2792 Bibliothecarii
3243 2750 3431 2792 aucto-

1864 2834 2017 2883 ritas.
2056 2832 2270 2884 Etenim
2302 2833 2698 2899 interpretatio,
2726 2846 2831 2899 qua
2857 2832 2921 2895 is,
2947 2846 3068 2899 quae
3095 2833 3160 2884 ad
3184 2844 3436 2886 sani-tum

1868 2925 2196 2978 Demetrium
2227 2926 2369 2992 apud
2398 2924 2767 2977 Mabillonium
2801 2934 2932 2977 tom.
2962 2925 2983 2978 1
3032 2924 3272 2978 Veterum
3297 2944 3436 2979 aua-

1868 3020 2139 3082 Iectorum,
2171 3034 2288 3087 pag.
2319 3018 2385 3071 65
2410 3028 2463 3070 et
2491 3018 2738 3085 pluribus
2765 3034 2943 3086 εειψι..
2976 3029 3244 3087 spectant,
3275 3036 3303 3072 e
3329 3020 3434 3073 lin-

1865 3129 1966 3181 gua
2006 3110 2189 3163 Graeca
2237 3112 2288 3163 in
2340 3109 2589 3164 Latinam
2648 3113 2941 3173 convertit,
3003 3112 3148 3163 omni
3210 3128 3437 3180 prorsus

1868 3204 2084 3259 mendo.
2116 3203 2229 3256 sive
2256 3204 2471 3259 interim
2506 3203 2553 3255 id
2591 3203 2817 3255 incuriae
2851 3204 3207 3269 imperitizeve
3239 3204 3408 3268 ipsius

1863 3303 1973 3345 nu-t
2010 3293 2170 3360 hujus
2213 3294 2516 3361 scriptoris,
2549 3295 2662 3346 sive
2691 3292 2885 3356 Grani,
2919 3295 3064 3359 quod
3093 3294 3218 3347 huic
3246 3294 3437 3362 przlu-

1862 3386 2019 3446 xerit,
2053 3386 2378 3452 exemplaris
2411 3384 2649 3438 defectui
2684 3385 3066 3439 ascrihendum
3118 3388 3207 3448 sit,
3246 3402 3433 3440 carere

1862 3491 1969 3528 non
2004 3476 2238 3528 videtur.
2280 3474 2410 3527 Rem
2456 3491 2563 3529 uno
2603 3476 2841 3529 alterove
2870 3476 3121 3542 exemplo
3153 3477 3430 3544 probatam

1863 3570 1949 3621 do.
1987 3569 2194 3621 Auctor
2228 3584 2551 3637 anouvtnus,
2584 3574 2672 3635 qui
2707 3568 2889 3621 Sancti
2924 3571 3093 3621 nostri
3136 3568 3304 3622 Vitam
3335 3585 3429 3622 seu

1861 3660 2198 3722 Passionem,
2238 3661 2479 3713 sa'cundo
2509 3659 2628 3712 loco
2660 3675 2687 3711 a
2719 3661 2874 3712 nobis
2896 3660 3187 3725 edendam,
3212 3664 3435 3713 concin-

1859 3751 2031 3811 navit,
2061 3758 2282 3803 narrato
2317 3749 2577 3802 Demetrii
2622 3752 2902 3818 martyrio,
2937 3750 3104 3802 fuisse
3152 3752 3303 3805 illum
3331 3756 3433 3803 suh

1860 3850 2073 3910 aggesta
2105 3841 2269 3892 humo
2295 3853 2322 3891 a
2353 3841 2680 3893 Christianis
2720 3841 3046 3907 quibusdam
3105 3844 3428 3896 tumulatum

1861 3934 2113 3993 allirmat,
2148 3948 2209 3984 ac
2234 3931 2431 3985 deinde
2460 3932 2775 3999 subjungit:
2816 3932 3007 3983 Οὑδενὶ
3040 3932 3095 3984 δὲ
3128 3934 3266 3999 μετά
3300 3934 3431 3985 ταῦ-

1850 4042 1925 4099 ,τα
1989 4025 2206 4091 φροντὶς
2264 4025 2478 4089 ἐγένετο
2540 4028 2888 4089 μετενεγκεῖν
2962 4023 3025 4076 τὸ
3090 4027 3247 4094 σῶμα
3334 4027 3428 4078 τοῦ

1860 4114 2034 4177 ἁγίου.
2067 4112 2181 4164 ἀλλ’
2209 4112 2530 4179 ἕμεινενὲπὶ
2554 4114 2851 4181 σχήματος.
2884 4111 3045 4165 Hisce
3072 4124 3253 4167 autem
3278 4114 3428 4167 Grae-

1860 4207 1937 4259 cis
1968 4208 2148 4258 verbis
2176 4208 2462 4272 sequentia
2500 4207 2686 4258 isthtec
2720 4206 2861 4273 apud
2892 4205 3262 4259 Mabillonium
3292 4218 3429 4264 tom.

1859 4298 2235 4349 Analectorum
2282 4307 2507 4349 ceterum
2534 4300 2628 4351 cit.
2664 4314 2784 4365 pag.
2820 4299 2905 4361 70,
2942 4298 2993 4349 in
3042 4301 3222 4351 Sancti
3258 4302 3429 4353 nostri

1862 4390 1977 4442 Vita
2029 4405 2123 4442 seu
2174 4388 2456 4450 Passione,
2498 4389 2565 4440 ab
2604 4390 2895 4441 Anastasio
2935 4388 3131 4443 Latine
3167 4392 3376 4444 reddita
3409 4432 3423 4454 ,

1860 4480 2192 4548 respondent
2241 4497 2254 4531 :
2310 4496 2326 4528 ι
2368 4478 2509 4531 Nulli
2567 4490 2749 4532 autem
2802 4492 2923 4548 post
2969 4480 3084 4532 htec
3134 4496 3282 4533 cura:
3328 4482 3429 4534 fuit

184 4584 327 4635 εντκί
373 4582 678 4638 intulerint.
717 4583 989 4634 memoria:
1024 4583 1223 4649 prodit,
1262 4582 1577 4635 "d‘ldiﬁtO‘J
1610 4584 1752 4647 ναδν,
1790 4572 1831 4625 D
1864 4572 2155 4625 transferre
2202 4572 2582 4639 corpusculum
2637 4572 2845 4631 Sancti,
2899 4572 2993 4623 sed
3042 4575 3295 4625 manebat
3327 4574 3428 4626 sub

192 4694 209 4722 ι
245 4676 504 4740 templum
540 4674 773 4726 nfaxime
798 4674 1199 4725 venerandum)
1232 4676 1489 4741 appellat.
1521 4691 1753 4743 nqune

186 4766 490 4833 εηρψιυιιιιει.
513 4782 630 4831 quin
662 4766 845 4818 addita
870 4766 1315 4831 interpretatione
1336 4764 1545 4828 Latina,
1576 4781 1749 4820 trans-

186 4860 389 4917 scriho,
424 4858 584 4911 verba
620 4858 894 4921 sub,ungit
928 4876 938 4909 ε
990 4856 1051 4909 Ὀ
1084 4858 1138 4908 δὲ
1174 4858 1453 4921 εἰσελθὼν,
1504 4862 1595 4909 καὶ
1633 4860 1753 4910 ἰδὼν

186 4956 285 5013 τὴν
321 4955 655 5022 εὖπρέπειαν
696 4952 789 5003 τοῦ
845 4953 995 5003 οἴκου
1030 4952 1121 5003 καί
1158 4952 1254 5020 τὴν
1299 4956 1355 5005 ὲν
1390 4956 1538 5022 αὑτῷ
1590 4974 1753 5007 πνευ-
1790 5019 1799 5028 ι

189 5044 426 5114 ματικὴν
452 5044 702 5106 εὐωδίαν,
728 5044 826 5109 τὴν
858 5046 1161 5109 τρέφουσαν
1193 5044 1289 5105 τὰς
1323 5044 1497 5112 ψυχὰς
1530 5046 1636 5095 τῶν
1671 5065 1753 5097 ττι-

188 5138 351 5198 στῶν,
409 5136 535 5195 ὼςὸ
588 5132 913 5203 παράδεισος
964 5132 1055 5184 τοῦ
1095 5132 1249 5197 Θεοῦ,
1307 5129 1430 5185 εἷπε
1496 5138 1606 5195 τοῖς
1661 5138 1753 5204 β)-

186 5232 479 5291 οτάζουσιν
512 5227 673 5281 αὑτὸν
694 5228 955 5287 οἰκέταις,
996 5224 1220 5293 Ῥίψατέ
1259 5244 1324 5293 με
1353 5228 1561 5277 πὶωτὸν
1589 5230 1663 5289 εἰς
1695 5229 1753 5279 τὸ

185 5322 405 5387 ἔδαφος.
446 5337 464 5370 ι
505 5317 600 5373 Hic
648 5328 827 5371 autem
868 5316 1166 5387 (Marianos
1207 5321 1425 5387 nempe)
1470 5335 1591 5372 cum
1630 5321 1751 5386 (Dc-

186 5414 366 5468 metrii
395 5411 678 5481 templum)
707 5412 982 5477 ingressus
1014 5418 1178 5468 esset.
1228 5411 1468 5479 aedisque
1497 5422 1750 5465 Ornatum

185 5522 246 5558 ac
282 5502 618 5572 spiritualetn
644 5501 807 5559 illius.
841 5500 933 5568 qui
966 5498 1201 5569 fidelium
1230 5501 1460 5563 animas,
1491 5500 1635 5553 velut
1660 5499 1750 5551 Dei

186 5597 494 5667 paradisus,
553 5594 651 5646 alit
681 5592 906 5646 odorem
937 5592 1316 5659 comperisset,
1358 5592 1423 5645 iis
1472 5594 1559 5660 qui
1603 5592 1749 5644 illum

186 5692 435 5744 ferebant
486 5685 802 5739 domesticis
829 5684 965 5737 dixit
999 5702 1010 5735 :
1047 5684 1102 5736 ln
1142 5684 1287 5737 nudo
1322 5684 1631 5752 pavimento
1666 5697 1751 5737 mc

186 5783 463 5851 deponite.
505 5797 522 5830 ι
556 5776 755 5831 Adhaec
787 5777 837 5828 in
888 5775 1139 5828 Demetrii
1176 5776 1291 5827 teda
1314 5816 1327 5835 ,
1362 5774 1414 5827 in
1446 5791 1605 5839 quam
1646 5774 1752 5828 Ella-

190 5880 423 5931 rianutn,
487 5870 705 5924 sanitati
762 5868 1182 5933 restituendum,
1231 5885 1259 5921 a
1320 5868 1490 5922 servis
1544 5868 1749 5922 illatum

1859 4665 2035 4733 signo.
2080 4684 2096 4714 ι
2134 4666 2200 4715 At
2228 4679 2377 4724 vero,
2403 4679 2526 4717 cum
2558 4664 2646 4715 hie.
2675 4664 2939 4715 duntaxat
2969 4662 3151 4715 Sancti
3204 4678 3425 4727 corpus,

1857 4758 1997 4823 quod
2039 4757 2141 4809 sub
2176 4766 2387 4823 aggesta
2438 4756 2603 4807 humo
2648 4755 2969 4806 tumulatum
3014 4753 3231 4815 fuerat,
3268 4770 3425 4806 inan-

1858 4852 1990 4900 sisse
2047 4850 2148 4900 sub
2196 4849 2292 4899 hac
2330 4847 2599 4909 sepultum
2654 4846 2942 4914 significari
2988 4861 3017 4896 c
3065 4860 3256 4897 sensus
3291 4859 3426 4897 con-

1859 4953 2002 4995 textu
2058 4951 2317 5008 patescat,
2349 4940 2468 4991 voci
2502 4941 2729 5003 ultimae,
2763 4954 2882 5006 quae
2915 4939 2967 4991 in
3002 4938 3243 4990 recitatis
3277 4937 3427 4988 Ana-

1858 5034 2007 5086 stasii
2048 5035 2228 5084 verbis
2255 5033 2511 5090 occurrit,
2553 5031 2876 5083 vocabulum
2932 5039 3070 5080 terra
3122 5043 3216 5079 seu
3266 5029 3426 5079 humo

1858 5125 2295 5177 substituendum
2354 5134 2502 5192 puto.
2548 5122 2657 5175 Vox
2706 5122 2925 5187 quidem
2977 5121 3276 5186 σχήματος,
3307 5133 3425 5185 qua:

1859 5218 2047 5271 Latine
2078 5218 2257 5269 forsan
2316 5232 2409 5285 per
2450 5231 2633 5268 vocnn
2678 5216 2883 5282 signum
2915 5228 3023 5265 non
3061 5210 3241 5278 inepte
3274 5210 3425 5264 reddi

1861 5319 2057 5381 potest,
2092 5312 2143 5361 in
2179 5310 2421 5378 proxime
2449 5309 2690 5360 recitatis
2722 5304 2999 5375 biographi
3034 5303 3427 5373 anonymiver-

1857 5406 1940 5460 bis
1974 5406 2211 5472 ponitur.
2254 5402 2448 5453 Verum
2487 5402 2555 5453 ob
2597 5401 2704 5469 jam
2747 5402 2982 5461 dictam,
3016 5412 3135 5464 qua
3164 5413 3193 5449 a
3228 5411 3425 5449 sensus

1856 5506 2110 5548 contextu
2151 5498 2434 5563 repetitur,
2473 5473 2688 5545 causam
2729 5505 3010 5557 perperam
3046 5489 3188 5540 illam
3220 5488 3291 5539 ibi
3322 5503 3421 5554 pro

1856 5603 1988 5640 voce
2017 5588 2288 5655 χώματος,
2328 5600 2445 5652 qua-
2479 5582 2694 5636 [mnium
2726 5596 2822 5633 seu
2856 5581 3021 5633 etiam
3057 5578 3315 5629 tumulum
3344 5578 3420 5631 si-

1855 5680 2106 5751 gniﬁCaI,
2139 5677 2563 5731 describentium
2598 5673 2804 5725 incuria
2847 5671 3199 5725 oseitantiave
3232 5684 3423 5721 exara—

1859 5784 1967 5826 tam
2028 5772 2312 5832 existimo;
2363 5779 2457 5829 ut,
2505 5769 2753 5835 quamvis
2799 5765 3015 5834 quidem
3053 5772 3291 5815 erratum
3337 5762 3423 5813 hic

1859 5868 2039 5929 cubet,
2077 5864 2125 5917 id
2163 5874 2342 5917 tamen
2393 5876 2499 5915 non
2528 5860 2834 5921 Anastasio,
2870 5857 2961 5911 sed
2994 5856 3203 5921 Graeco,
3228 5870 3334 5925 quo
3358 5854 3421 5906 ad
