4218 6442
775 401 912 465 1127

2060 389 2706 450 SUPPLEMENTUM.

3885 383 4030 450 11528

776 520 1081 573 versionem
1115 527 1267 567 suam
1295 508 1664 566 adornandam
1697 522 1826 560 usus
1857 506 1945 559 hic
1977 508 2208 573 scriptor
2230 518 2334 566 est,
2371 517 2410 564 Α
2444 521 2606 573 porro
2651 503 3127 558 l‘hessalonicense
3159 499 3342 556 Sancti
3408 500 3669 570 templum
3727 501 3881 554 inter
3932 517 4027 553 or—

778 609 1101 665 amanuensi
1133 607 1334 660 debeat
1368 603 1619 657 attribui.

851 701 936 756 79.
970 697 1166 752 Verum
1211 709 1279 750 eu
1324 708 1471 748 nunc
1515 693 1713 754 etiam,
1741 690 1888 759 quod
1929 689 2344 744 verosimillime

778 807 888 847 non
912 790 980 844 ab
1001 787 1130 852 alio,
1156 801 1317 855 quam
1345 785 1418 838 ob
1443 784 1546 838 hoc
1579 780 1887 853 profectum
1907 789 2012 841 est,
2038 794 2342 834 occurrens

778 886 831 938 in
873 884 1122 937 versione
1160 879 1349 933 Latina
1383 878 1663 940 mendum.
1687 876 1951 938 Joannes,
1977 872 2345 943 archiepisco-

781 991 884 1046 pus
905 970 1440 1035 Thessalonicensis,
1455 969 1831 1023 Nineuitarum
1842 967 2160 1023 edendorum
2183 966 2275 1020 lib.
2307 982 2342 1029 ι,

779 1083 900 1135 cap.
935 1067 989 1126 3.
1024 1065 1287 1119 visionem
1312 1103 1327 1125 ,
1369 1079 1474 1130 qua
1533 1070 1759 1116 sanctus
1794 1059 2103 1114 Demetrius
2138 1058 2344 1113 civitati

781 1155 1280 1219 Thessalonicensi,
1313 1155 1456 1208 tame
1497 1167 1660 1221 quam
1693 1152 1927 1207 maxime
1958 1165 2181 1218 pressa,
2215 1165 2346 1205 suc-

781 1265 1063 1311 cursurus,
1102 1250 1221 1301 viro
1268 1245 1484 1301 cuidam
1531 1245 1701 1314 probo
1731 1243 1786 1299 in
1820 1244 1996 1298 insula
2041 1243 2177 1298 Chio
2222 1259 2346 1298 sese

783 1341 1138 1411 spectandum
1170 1339 1402 1402 dederit,
1424 1350 1667 1402 enarrat,
1698 1352 1760 1390 ac
1791 1335 1990 1392 deinde
2014 1338 2296 1408 subiungit
2328 1356 2340 1390 :

793 1437 853 1485 ὐ
902 1435 960 1486 δὲ
1033 1432 1322 1493 διαναστὰς
1389 1433 1482 1482 καὶ
1556 1429 1844 1498 πορευθεὶς
1890 1428 1982 1480 hri
2034 1429 2095 1481 τὸ
2151 1428 2347 1496 paperi-

787 1545 902 1596 ptov
950 1525 1044 1578 τοῦ
1091 1523 1398 1576 καλλινίκου
1444 1524 1722 1591 μάρτυρος
1773 1521 2066 1589 Ίσιδὼρου,
2114 1521 2345 1587 ὀιρείλων

783 1619 1172 1685 ἀκριϐέστερον
1228 1615 1565 1682 καταμαθεῖν
1620 1613 1727 1665 ἀπὸ
1765 1615 1875 1664 τῶν
1937 1615 2215 1681 ἐγχωρίων
2263 1614 2347 1676 τις

781 1711 808 1760 ὁ
836 1713 1146 1778 Δημήτριος
1175 1700 1351 1769 οὗτος.
1379 1705 1535 1759 Hisce
1559 1714 1738 1758 autem
1763 1704 1964 1757 Grecis
1989 1706 2174 1758 verbis
2203 1704 2348 1772 apud

785 1800 1158 1853 Mabillonium
1186 1809 1314 1850 tom.
1341 1795 1714 1848 Analeetorum
1737 1794 1935 1861 saepius
1957 1795 2078 1859 cit.,
2109 1811 2227 1863 pag.
2255 1794 2343 1856 8i,

783 1892 1062 1960 sequentia
1099 1891 1286 1943 isthzec
1333 1887 1689 1942 Anastasiana
1735 1888 2065 1953 respondent
2111 1904 2123 1938 ε

785 1984 891 2050 (vir
925 1981 1161 2039 scilicet.
1191 1981 1280 2033 cui
1323 1980 1376 2032 in
1423 1979 1597 2031 insula
1628 1977 1762 2031 Chio
1796 1987 2019 2030 sanctus
2045 1977 2349 2032 Demetrius

785 2074 1128 2143 apparuerat)
1155 2086 1381 2142 surgens
1415 2070 1654 2137 perrexit
1681 2070 1749 2123 ad
1790 2069 2076 2124 ecclesiam
2113 2077 2337 2123 sancto-

787 2185 903 2222 rum
947 2168 1181 2220 Victoris
1227 2175 1282 2219 et
1322 2164 1535 2227 lsidori,
1574 2163 1760 2216 volens
1791 2163 2002 2217 discere
2031 2178 2060 2216 a
2109 2162 2346 2228 rusticis,

787 2262 909 2328 quis
940 2260 1064 2320 iste,
1091 2259 1181 2326 qui
1219 2257 1266 2309 ei
1303 2257 1560 2310 nimirum
1589 2268 1941 2323 apparuerat,
1974 2264 2124 2309 esset
2153 2254 2347 2308 Deme-

787 2352 939 2403 trius.
986 2368 1002 2399 ι
1043 2347 1280 2402 Ecclesia
1314 2363 1462 2416 ergo,
1505 2346 1572 2399 ad
1610 2361 1793 2414 quam,
1829 2347 1915 2400 cui
1967 2357 2192 2400 sanctus
2241 2346 2348 2399 De-

789 2447 1014 2497 metrius
1039 2445 1092 2495 in
1123 2443 1298 2494 insula
1345 2439 1482 2494 Chio
1505 2451 1846 2507 apparuerat,
1875 2439 1956 2492 vir
1982 2440 2183 2509 probus
2207 2454 2346 2503 sese,

787 2550 896 2602 quo
935 2535 1079 2602 quis,
1111 2533 1202 2601 qui
1235 2533 1284 2586 ei
1321 2531 1678 2600 apparuisset,
1717 2529 2020 2585 Demetrius
2072 2541 2218 2585 esset
2251 2530 2348 2583 in-

790 2626 1074 2692 telligeret,
1101 2621 1352 2682 contulit,
1390 2621 1532 2674 binis
1559 2619 1782 2679 sanctis,
1819 2617 2020 2672 Victori
2045 2619 2257 2672 scilicet
2290 2627 2349 2672 et

791 2717 1016 2777 Isidoro.
1044 2717 1344 2768 secundum
1370 2711 1638 2765 Anastasii
1671 2710 2175 2779 interpretationem
2200 2724 2352 2763 sacra

791 2819 929 2866 erat.
969 2807 1169 2863 Verum
1203 2807 1446 2877 proxime
1488 2805 1735 2869 recitata,
1767 2817 1798 2858 e
1842 2803 2039 2872 quibus
2060 2842 2074 2865 .
2103 2804 2249 2873 quod
2285 2807 2352 2856 de

792 2902 1020 2957 ecclesia
1062 2899 1149 2953 illa
1192 2898 1334 2965 apud
1377 2898 1722 2950 Anastasium
1772 2896 2062 2962 reperitur.
2101 2895 2351 2965 primitus

794 2995 1048 3047 haustum
1070 3003 1176 3052 est,
1197 2989 1423 3045 Joannis
1441 2987 1940 3042 Thessalonicensis
1955 2987 2141 3042 Greca
2164 2987 2350 3051 verba,

795 3101 904 3140 non
930 3084 1094 3145 binis,
1135 3083 1230 3140 sol
1264 3082 1357 3135 uni
1387 3081 1650 3135 duntaxat
1687 3089 1876 3133 sancto
1909 3079 2118 3134 Isidoro
2169 3079 2353 3134 eccle-

2452 604 2703 649 uamenta
2744 609 2842 648 sua
2871 608 2982 648 non
3013 602 3228 648 tantum
3259 593 3406 662 quod
3429 593 3544 661 jam
3597 608 3766 662 supra
3812 607 4031 646 memo-

2449 686 2563 740 ravi
2615 686 2885 740 ciborium
2917 701 3015 740 seu
3049 684 3239 740 forma:
3267 683 3554 752 fastigiata
3578 683 3772 737 altaris
3802 683 4033 736 umbra-

2447 779 2657 843 culum,
2681 793 2747 834 ex
2774 786 2997 848 argento
3015 776 3354 840 confectum,
3375 787 3514 830 tunc
3529 776 4033 845 complectebatur,

2449 883 2637 923 verum
2657 870 2822 923 etiam
2851 868 3099 923 fortassis
3140 867 3424 932 thronum,
3455 881 3525 921 ex
3549 866 3745 921 eodem
3802 867 4034 918 metallo

2451 971 2848 1017 constructum.
2912 962 3022 1015 Hoc
3072 973 3220 1016 certe
3253 970 3577 1016 ornamento
3604 974 3832 1014 sacrum
3884 958 4033 1011 istud

2447 1053 2744 1109 editicium
2787 1055 2900 1124 jam
2935 1053 3060 1109 inde
3092 1069 3122 1106 a
3173 1053 3374 1108 sa-culo
3419 1061 3576 1108 sexto
3623 1060 3722 1105 aut
3759 1052 3963 1106 saltem
4004 1065 4035 1102 a

2449 1144 2728 1214 sequentis
2783 1143 2942 1197 initio
2974 1141 3203 1196 ditatum
3258 1140 3449 1204 (uisse,
3484 1141 3645 1195 ﬁdem
3683 1138 3826 1193 facit
3862 1138 4036 1189 Nim-

2450 1236 2688 1288 culorum
2724 1233 3049 1286 edendorum
3076 1233 3175 1286 lib.
3197 1250 3234 1295 I,
3260 1247 3381 1300 cap.
3401 1231 3453 1285 6.
3485 1232 3561 1285 lbi
3581 1231 3731 1286 enim
3757 1229 4031 1289 Joannes,

2450 1326 2958 1381 Thessalonicensis
2987 1324 3456 1394 archiepiscopus,
3503 1324 3905 1379 miraculosam
3965 1326 4033 1376 dc

2449 1428 2641 1472 sancto
2661 1417 2935 1471 Demetrio
2960 1418 3355 1480 narrationem,
3390 1433 3511 1485 qua
3539 1417 3607 1470 ad
3639 1415 3900 1475 Eusebii.
3928 1418 4034 1467 sub

2448 1509 2704 1564 Mauritio
2754 1508 3084 1577 imperatore
3137 1522 3284 1562 anno
3335 1508 3443 1560 θυι
3492 1522 3524 1562 e
3585 1508 3727 1562 vivis
3807 1516 4034 1575 erepto.

2451 1597 2958 1654 Thessalonicensis
3015 1598 3413 1670 archiepiscOpi
3476 1609 3695 1654 etatem
3783 1607 4032 1668 spectat,

2455 1692 2802 1760 suppeditat,
2863 1691 3213 1761 argenteique
3269 1692 3494 1754 throni,
3566 1692 3661 1757 qui
3741 1693 4034 1759 archiepi-

2452 1797 2622 1851 scopo
2679 1783 2781 1838 hoc
2828 1783 3048 1838 vivente
3119 1783 3176 1836 in
3224 1783 3700 1840 Thessalonicensi
3762 1785 4034 1838 Demetrii

2175 1854 2207 1936 ξ
2245 1854 2346 1951 Qui
2384 1854 2423 1910 Β
2454 1871 2684 1924 ecclesia
2736 1872 3029 1937 exstiterit,
3084 1872 3420 1926 mentionem
3473 1872 3622 1927 facit.
3677 1872 3867 1940 Atque
3918 1875 4037 1926 hac

2451 1962 2671 2030 quidem
2728 1972 3074 2029 ornamenta,
3117 1965 3318 2034 quibus
3353 1964 3539 2020 Sancti
3568 1966 3892 2025 ecclesiam.
3919 1966 4033 2019 imo

2451 2052 2591 2107 forte
2621 2054 2693 2108 ob
2723 2052 2862 2108 infra
2885 2054 3115 2109 dicenda
3135 2055 3330 2110 borum
3349 2057 3543 2120 altero,
3571 2057 3785 2110 ciborio
3806 2072 4031 2124 nempe,

2452 2145 2617 2200 etiam
2652 2146 2920 2202 tumulum
2970 2163 3190 2203 ornare.
3229 2146 3828 2204 Thessalonicensibus
3887 2164 4033 2202 cura:

2451 2238 2570 2301 fuit,
2608 2239 2868 2294 eximiam
2903 2256 3156 2311 prorsus,
3188 2256 3294 2310 qua
3335 2241 3391 2295 bi
3428 2245 3482 2295 in
3536 2242 3690 2296 illum
3724 2243 4034 2310 antiquitus

2452 2328 2695 2394 fuerunt,
2714 2331 3124 2384 venerationem
3169 2341 3450 2401 utcunque
3483 2343 3736 2388 testatum
3772 2333 4030 2394 faciunt;

2454 2421 2605 2476 Hanc
2648 2438 2811 2491 porro
2857 2425 3092 2493 amplius
3121 2425 3321 2490 adhuc,
3354 2441 3474 2496 qua:
3495 2427 3606 2496 jam
3643 2443 3794 2482 nunc
3828 2429 4029 2489 subdo,

2453 2516 2768 2568 ostendent.

2523 2603 2614 2658 8i.
2669 2604 2909 2677 Contigit
2958 2619 3038 2674 ut,
3085 2612 3541 2679 quemadmodum
3603 2613 3726 2667 loco
3772 2612 4032 2680 proxime

2455 2696 2549 2749 cit.
2581 2695 2823 2754 Joannes
2853 2699 3370 2758 Thessalonicensis
3409 2705 3595 2770 refert,
3621 2707 3900 2760 ciborium
3933 2723 4035 2761 seu

2457 2790 2510 2841 in
2551 2789 2878 2861 fastigiatam
2909 2793 3138 2848 formam
3177 2796 3458 2861 eductum,
3492 2798 3594 2853 sub
3622 2813 3756 2866 quo,
3795 2809 3858 2852 ut
3889 2802 4034 2852 mul-

2457 2881 2527 2935 tis
2562 2882 2908 2950 credebatur,
2943 2885 3136 2940 Sancti
3175 2902 3374 2956 corpus
3406 2889 3621 2957 iacebat
3651 2891 4034 2951 reconditum.

2456 2973 2642 3030 altaris
2665 2976 3040 3034 umbraculum
3061 2989 3222 3034 nocte
3261 2980 3668 3046 incenderetur,
3708 2995 4030 3054 argentum-

2458 3081 2588 3134 que,
2647 3082 2678 3121 e
2715 3084 2824 3137 quo
2864 3071 2938 3134 id,
2998 3082 3059 3126 ut
3123 3072 3262 3138 dixi,
3302 3082 3424 3129 erat
3461 3073 3806 3139 confectum,
3862 3079 4036 3130 vehe—

794 3179 954 3240 siam,
985 3178 1050 3230 ad
1086 3190 1269 3247 quam,
1297 3173 1383 3228 cui
1423 3181 1645 3227 sanctus
1669 3169 1977 3226 Demetrius
2009 3183 2350 3242 apparuerat,
2379 3189 2422 3251 α

2379 3189 2422 3251 C
2460 3159 2630 3251 menti
2656 3161 2794 3230 ignis
2820 3163 3002 3218 calore
3058 3163 3244 3218 fusum
3301 3169 3595 3220 maximam
3629 3179 3847 3236 partem
3883 3171 4037 3236 peri-

800 3268 878 3320 rir
920 3265 1122 3334 probus
1151 3277 1270 3318 sese
1299 3264 1552 3325 contulit,
1581 3270 1957 3318 consecratam
2001 3262 2173 3318 fuisse
2228 3279 2353 3332 pro-

794 3354 955 3406 dunt.
987 3351 1221 3415 Etenim,
1250 3352 1394 3420 quod
1419 3352 1475 3405 in
1505 3349 1709 3405 Gracia
1737 3350 1963 3406 Joannis
1996 3352 2353 3408 Thessaloni-

795 3444 976 3498 censis
1005 3443 1184 3499 verbis
1205 3441 1450 3511 proxime
1476 3443 1724 3499 recitatis
1744 3446 1982 3499 occurrit
2037 3446 2356 3501 vocabulum

799 3535 1105 3596 καλλίνικος
1133 3535 1445 3604 neutiquam
1468 3546 1573 3601 est,
1600 3535 1712 3598 cui,
1736 3537 2361 3606 quemadmodum,Ana-

799 3627 998 3680 stasius
1037 3625 1384 3688 existimavit,
1428 3640 1631 3681 nomen
1665 3626 1916 3681 Latinum
1961 3630 2238 3698 proprium
2264 3629 2357 3683 Vi-

797 3729 914 3773 ctor
952 3717 1297 3787 respondeat,
1321 3733 1522 3772 nomen
1558 3717 1741 3774 Sancti
1769 3722 2068 3788 proprium,
2106 3723 2200 3776 sed
2231 3729 2357 3778 tan-

801 3820 948 3872 tum,
1014 3809 1156 3877 quod
1214 3819 1467 3864 sanctum
1516 3809 1792 3864 lsidurum
1832 3821 2120 3881 martyrem
2174 3813 2357 3879 allicit,

798 3899 1150 3967 adjectivum,
1196 3899 1339 3953 idem
1388 3898 1594 3962 Graece.
1633 3902 1778 3969 quod
1810 3899 2022 3966 Latine,
2061 3922 2080 3954 ι
2116 3905 2359 3971 pulchris

801 3992 1040 4044 victoriis
1074 4001 1320 4054 ornatus,
1359 4010 1378 4043 ι
1415 3989 1766 4062 significans,
1818 3993 1893 4048 uti
1920 3996 2138 4063 passim
2193 3995 2357 4050 modo

797 4084 993 4152 lingua
1019 4082 1216 4138 Graeca:
1245 4084 1432 4153 peritis
1464 4093 1655 4138 notum
1687 4093 1793 4139 est.

867 4177 956 4229 80.
990 4173 1266 4242 Quidquid
1301 4176 1485 4245 itaque
1514 4175 1839 4231 Anastasius
1860 4178 1915 4230 in
1947 4178 2217 4240 miraculi,
2248 4193 2357 4247 quo

798 4267 1018 4320 sanitati
1044 4265 1320 4320 Mariauus
1342 4258 1623 4322 restitutus
1638 4268 1761 4334 fuit,
1791 4270 2107 4322 narratione
2126 4278 2355 4334 astruat,

799 4360 932 4426 quin
967 4370 1149 4412 tamen
1179 4356 1287 4424 jam
1323 4367 1460 4423 tum,
1487 4375 1613 4412 cum
1643 4359 1696 4413 id
1741 4368 2075 4428 patraretur,
2105 4375 2169 4413 ac
2199 4361 2358 4428 proin

801 4452 895 4504 diu
922 4451 1085 4503 etiam
1134 4460 1261 4504 ante
1308 4449 1536 4505 Joannis
1589 4450 2098 4504 Thessalonicensis
2145 4461 2356 4505 aetatem

2463 3262 2564 3304 ret.
2617 3250 2906 3317 Eusebius,
2947 3252 3474 3321 Thessalonicensis,
3512 3273 3675 3327 quem
3731 3261 3846 3325 jam
3907 3276 4039 3314 mox

2461 3341 2697 3403 laudavi,
2741 3345 3361 3416 archiepiscopus,casu
3405 3350 3779 3418 inexspecuto
3817 3356 4040 3418 percul-

2459 3446 2574 3496 sus,
2625 3432 2694 3486 de
2740 3449 2884 3490 novo
2922 3438 3348 3506 quamprimum,
3398 3454 3506 3508 qua
3557 3456 3776 3496 sanere
3827 3444 4039 3499 eximia

2461 3523 2580 3592 ejus
2612 3537 2738 3594 erga
2789 3523 3051 3580 Sanctum
3083 3531 3365 3584 veneratio
3429 3530 3622 3594 eluxit,
3679 3538 4038 3590 exstruendo

2458 3613 2664 3668 cibario
2716 3617 2859 3671 serio
2918 3619 3213 3688 cogitabat,
3255 3636 3491 3691 cumque
3552 3624 3698 3677 hunc
3727 3623 3784 3677 in
3838 3626 4037 3688 linem,

2460 3719 2567 3760 non
2625 3707 2836 3762 modica
2894 3711 3142 3779 argenti,
3203 3727 3234 3765 e
3281 3727 3390 3781 quo
3442 3717 3793 3769 combustum
3867 3719 4035 3772 cibo-

2459 3799 2594 3852 rium
2648 3798 2824 3853 fuerat
2871 3800 3206 3864 conlectum.
3261 3815 3417 3872 parte
3468 3806 3692 3871 amissa,
3753 3822 4032 3864 necessa-

2461 3892 2595 3957 riam
2624 3891 2727 3946 sibi
2758 3892 2949 3948 deesse
2977 3896 3288 3960 materiam,
3315 3906 3586 3962 cerneret,
3621 3897 4036 3968 ciboriumque,

2461 3984 2602 4049 quod
2637 3998 2820 4038 sacras
2855 3982 3041 4041 Sancti
3090 3987 3349 4056 reliquias
3404 3990 3690 4044 continere
3752 3991 3807 4045 id
3845 3995 4042 4047 existi-

2462 4085 2722 4139 maretur,
2789 4077 3159 4132 necessariam
3225 4081 3419 4150 magis,
3461 4097 3625 4150 quam
3709 4096 4040 4155 argenteus,

2461 4166 2615 4233 cujus
2657 4183 2781 4221 mox
2819 4169 3188 4233 meminimus,
3242 4173 3476 4226 thronus
3510 4184 3680 4239 esset,
3709 4177 4040 4246 supellecti—

2463 4258 2564 4308 lem
2595 4266 2835 4325 putaret,
2873 4259 3130 4313 thronum
3173 4261 3337 4314 istum
3368 4263 3650 4318 destruere
3708 4278 4042 4336 acceptum-

2463 4361 2568 4412 que
2621 4362 2686 4401 ex
2739 4363 2806 4402 eo
2863 4361 3151 4420 argentum
3189 4353 3255 4406 ad
3283 4353 3410 4406 novi
3445 4354 3635 4409 ciborii
3688 4367 4036 4412 structuram

2462 4439 2724 4492 adhibere
2753 4442 3136 4496 meditabatur.
3164 4445 3388 4509 Verum,
3419 4463 3488 4501 ne
3511 4448 3561 4501 id
3589 4448 3767 4512 ﬁeret,
3799 4452 4038 4519 ipsemet

802 4543 1012 4611 insigne
1055 4541 1210 4609 plane
1243 4541 1524 4608 templum,
1557 4551 1750 4595 sancto
1786 4541 2063 4596 Demetrio
2119 4557 2357 4604 sacrum,
2394 4525 2436 4578 υ
2465 4552 2468 4579 ί

2394 4525 2436 4578 D
2465 4539 2688 4585 sanctus
2746 4531 3072 4597 Demetrius,
3123 4550 3218 4602 per
3269 4519 3666 4607 presbyterum,
3703 4543 3795 4594 cui
3839 4549 4039 4603 semel.

802 4633 1206 4687 Thessalonica:
1254 4635 1548 4697 exstiterit,
1604 4633 1678 4686 ob
1701 4633 1906 4695 omnia,
1971 4649 2091 4702 quae
2136 4634 2246 4700 jam
2307 4635 2361 4686 in

802 4726 1043 4779 medium
1102 4723 1326 4784 adduxi.
1358 4723 1718 4779 dubitandum
1751 4740 1862 4779 non
1894 4735 1997 4780 est.
2028 4727 2203 4794 Atque
2237 4727 2364 4779 hinc

797 4817 906 4884 jam
961 4814 1099 4877 ﬂuit,
1152 4825 1209 4868 ut
1267 4814 1622 4869 dubitandum
1663 4818 1864 4884 pariter
1919 4831 2029 4868 non
2090 4818 2178 4880 sit,
2231 4818 2362 4885 quin

805 4907 1040 4959 Sanctus
1071 4905 1163 4958 diu
1196 4906 1359 4958 etiam
1392 4915 1517 4958 ante
1551 4906 1604 4960 id
1655 4915 1873 4974 tempus
1905 4909 2052 4961 cultu
2088 4909 2244 4972 plane
2275 4911 2362 4961 in-

805 4996 943 5064 signi
1001 4993 1402 5048 Thessalonicae
1462 4995 1762 5048 bonoratus
1817 4995 2001 5050 fuerit.
2060 4996 2174 5050 lmo
2213 5014 2362 5058 vero,

806 5101 930 5140 cum
988 5099 1052 5138 ex
1109 5101 1266 5153 supra
1299 5086 1458 5140 dictis
1495 5087 1750 5156 templum
1808 5090 1972 5141 etiam
2004 5089 2237 5160 insigne,
2266 5106 2359 5144 no-

810 5175 943 5229 mini
974 5189 1074 5228 suo
1132 5186 1514 5230 consecratum
1562 5179 1970 5233 verosimillime
1999 5181 2110 5247 jam
2150 5181 2276 5235 inde
2335 5198 2362 5235 a

810 5267 1008 5321 sarculo
1049 5283 1093 5320 v.
1141 5266 1340 5322 ibidem
1388 5269 1658 5336 habuerit,
1694 5286 1819 5324 eum
1854 5273 2018 5326 etiam
2077 5273 2189 5341 jam
2251 5282 2364 5327 tum

809 5369 905 5412 aut
936 5359 1126 5412 saltem
1156 5373 1282 5416 ante
1336 5363 1594 5416 saeculum
1649 5381 1702 5416 νι
1741 5364 2040 5419 festivitate
2074 5383 2250 5419 annua
2307 5368 2360 5418 in

808 5453 897 5504 illa
956 5453 1175 5506 civitate
1207 5469 1305 5507 sua
1339 5456 1506 5508 natali
1561 5457 1763 5508 cultum
1795 5455 1963 5510 fuisse
2024 5458 2364 5512 verosimilli-

811 5559 960 5597 mium
983 5554 1233 5612 apparet,
1268 5548 1497 5598 maxime
1553 5563 1675 5599 cum
1723 5547 1836 5614 jam
1866 5547 1992 5599 inde
2028 5548 2096 5601 ab
2131 5549 2233 5602 hoc
2268 5566 2365 5602 sm-

813 5629 935 5681 culo
961 5644 1056 5696 pro
1091 5640 1321 5698 patrono
1364 5633 1524 5684 etiam
1571 5634 1831 5701 primario
1858 5652 1887 5688 a
1917 5633 2366 5692 Thessalonicen-

818 5717 968 5769 sihus
1024 5717 1240 5774 habitus
1297 5722 1703 5775 verosimilliuie
1736 5723 1920 5787 fuerit,
1966 5727 2039 5777 uti
2076 5728 2127 5776 in
2160 5726 2359 5780 Adnot.

814 5807 908 5863 lib.
933 5823 948 5861 ι
973 5807 1350 5866 Μινααιιοηιηι
1375 5827 1493 5883 cap.
1520 5813 1553 5868 ‘3
1574 5815 1870 5870 subdandis
1894 5817 2118 5871 docebo.
2149 5819 2360 5872 Dictum

2469 4621 2665 4674 iterum
2696 4636 2760 4676 ac
2792 4623 2955 4678 tertio
2998 4627 3269 4694 apparuit,
3316 4628 3550 4684 Eusebio
3590 4632 4041 4703 archiepiscopo,

2471 4710 2763 4765 voluntatis
2789 4727 2900 4766 sum
2939 4713 3069 4768 illud
3103 4731 3211 4767 non
3259 4731 3379 4770 esse
3408 4717 3721 4783 declarans,
3761 4722 4038 4792 impediit.

2469 4799 2656 4869 Neque
2695 4818 2823 4857 vero
2870 4805 3154 4872 prazfatum
3209 4810 3490 4872 thronum,
3545 4821 3604 4863 ut
3636 4827 3846 4865 novum
3885 4818 4040 4870 cibo-

2473 4892 2612 4945 rium
2646 4892 3027 4958 conficeretur,
3082 4897 3286 4951 destrui
3329 4899 3431 4953 fuit
3461 4917 3706 4956 necesse.
3744 4904 4043 4962 Thessalo-

2475 4984 2728 5038 nicenses
2784 4989 2930 5041 enim
2963 4989 3109 5044 cives
3170 5007 3272 5047 nec
3321 4994 3512 5047 moniti
3553 4995 3763 5049 aﬂ’atim
3801 5014 4039 5069 argenti,

2477 5085 2534 5127 ut
2569 5092 2771 5129 novum
2807 5089 3183 5135 exstrueretur
3226 5083 3514 5150 cibarium,
3547 5088 3614 5140 ad
3665 5091 4044 5160 archiepisco-

2477 5183 2600 5234 pum
2624 5183 2779 5222 suum
2805 5175 3066 5226 tulerunt.
3086 5174 3834 5236 Joannis'l‘bcssaloniccnsis
3855 5189 4041 5248 verba,

2476 5259 2671 5325 quibus
2711 5260 2814 5314 hoc
2846 5273 3182 5329 postremum
3219 5265 3337 5320 loco
3371 5283 3536 5336 supra
3564 5269 3660 5324 cit.
3723 5279 4038 5342 exponitur.

2475 5353 2530 5403 in
2572 5353 2957 5420 compendium
3019 5358 3086 5409 ab
3135 5359 3424 5437 Anastasio
3453 5360 3889 5420 Bibliothecario
3920 5386 4039 5423 eun

2473 5455 2662 5509 tracta,
2724 5457 2886 5514 prout
2940 5451 3082 5517 apud
3121 5449 3493 5507 Mabilloliium
3551 5458 3742 5511 tom.[
3801 5460 4037 5512 Veterum

2473 5539 2870 5601 Analeclorum,
2915 5557 2966 5610 p.
3003 5543 3090 5608 77,
3124 5556 3363 5607 exstant,
3399 5547 3484 5600 hic
3531 5551 3792 5605 exhibeo.
3827 5553 3920 5608 Sic
3950 5556 4036 5608 ba-

2473 5629 2642 5683 bent:
2682 5650 2700 5682 ‹
2736 5632 2868 5686 Dum
2905 5635 3081 5689 adhuc
3113 5637 3463 5707 (presbyter,
3503 5643 3588 5694 cul
3625 5658 3750 5697 sese
3786 5659 4037 5712 ερεςικιι-

2475 5721 2601 5773 dum
2637 5735 2855 5776 sant-tus
2891 5725 3197 5781 Demetrius
3251 5729 3494 5796 dederat,
3530 5743 3584 5785 et
3643 5732 3920 5791 Eusebius
3951 5756 4034 5790 ar-

2475 5816 2878 5888 chiepiscopus)
2947 5821 3012 5874 de
3088 5823 3170 5875 his
3226 5823 3582 5892 loquerentur
3644 5829 3712 5880 ad
3784 5830 4030 5891 invicem,
