4218 6442
776 393 906 460 ηψπ

2093 394 2744 456 SUPPLEMENTUM.

3927 397 4053 462 1132

875 515 969 569 85.
1001 513 1112 568 Nec
1139 520 1351 565 tantum
1370 507 1864 562 Thessalonicense
1890 504 2071 559 Sancti
2093 506 2374 573 templum,
2406 513 2452 567 Α
2483 507 2671 559 lumen
2702 520 2996 560 concessus
3019 520 3101 570 es,
3119 506 3186 561 ad
3204 521 3366 576 quem
3389 507 3635 576 quotidie
3650 508 3936 578 supplices
3965 528 4053 575 pro

793 607 1117 676 priusquam
1157 601 1423 664 civitatis,
1457 600 1511 654 in
1546 615 1652 670 qua
1683 599 1784 651 hoc
1817 599 1982 651 situm
2014 606 2118 661 est,
2155 611 2362 651 memo-

787 710 973 754 ratum
1005 706 1190 761 antea,
1221 696 1365 765 quod
1391 709 1420 747 a
1443 691 1986 748 JoanneCameniata
2009 691 2359 756 describitur,

781 791 1056 847 excidium
1089 789 1352 854 eveniret,
1387 787 1584 841 eximia
1623 799 1851 856 prorsus
1874 783 2035 838 ollicii
2066 783 2233 837 divini
2268 799 2360 837 so-

789 881 1095 942 lemnitate,
1123 893 1416 947 annuaque
1463 876 1587 931 festi
1634 874 1987 939 Demetriani,
2019 887 2140 943 qua
2181 874 2359 927 maxi-

785 989 893 1038 ma,
921 974 998 1027 uti
1039 988 1071 1027 e
1097 973 1206 1042 jam
1232 970 1475 1025 recitatis
1513 967 1848 1023 Cameniata:
1877 967 2062 1022 verbis
2105 966 2364 1036 intelligi-

786 1076 898 1129 tur,
936 1079 1133 1135 pompa
1180 1063 1568 1135 peragebatur,
1598 1061 1973 1116 celebratione
2009 1060 2240 1112 maxime
2279 1057 2361 1111 ef-

784 1158 977 1221 fulsit,
1006 1172 1193 1210 verum
1230 1156 1283 1208 id
1316 1169 1424 1208 non
1458 1169 1622 1208 secus
1651 1169 1719 1208 ac
1752 1153 2035 1221 antiquum
2067 1168 2096 1204 a
2133 1150 2363 1205 Leontio

789 1260 1172 1313 exstructum,
1235 1247 1380 1316 quod
1442 1246 1676 1300 ﬂammis
1735 1245 1913 1299 fuerat
1970 1244 2360 1312 absumptum,

783 1340 1276 1396 Thessalonicense
1321 1340 1428 1395 (adi
1474 1338 1752 1391 Pliotianae
1781 1337 1915 1390 Vitae
1958 1336 2119 1390 verba
2145 1377 2160 1400 ,
2209 1350 2358 1388 num.

785 1438 852 1490 7s
895 1435 1142 1501 recitata)
1199 1433 1388 1486 Sancti
1438 1432 1608 1484 nostri
1659 1430 1919 1500 templum
1954 1470 1967 1492 ,
2008 1448 2026 1479 ‹
2069 1443 2360 1483 commune

785 1529 1220 1598 propitiatorium
1256 1538 1310 1580 et
1353 1526 1662 1595 perfugium
1703 1544 1719 1575 ι
1755 1526 1895 1588 fuit,
1928 1525 2000 1579 ad
2048 1525 2193 1594 quod
2247 1537 2359 1578 tum

785 1621 972 1673 ﬁdeles
1009 1619 1124 1680 alii,
1171 1626 1285 1671 tum
1333 1619 1417 1671 vel
1465 1631 1700 1671 maxime
1729 1616 2270 1678 Tbessslonicenses,
2305 1627 2362 1671 ut

782 1729 943 1782 opem
964 1713 1152 1766 Sancti
1189 1712 1242 1764 in
1268 1711 1690 1765 necessitatibus
1715 1711 1829 1763 suis
1858 1709 2233 1776 implorarent,
2255 1725 2359 1762 non

787 1820 908 1858 raro
976 1814 1340 1857 recurrerent.
1384 1803 1555 1866 Quam
1601 1816 1789 1855 verum
1850 1802 1899 1853 id
1964 1803 2056 1861 sit,
2116 1801 2200 1854 vel
2247 1801 2360 1854 sola

2465 595 2626 649 nobis
2653 595 2894 650 fundens
2922 611 3136 666 preces,
3165 612 3286 666 quze
3312 597 3365 650 in
3401 613 3514 650 rem
3555 609 3803 653 nostram
3837 600 4050 653 condu-

2468 698 2615 747 cant,
2655 687 2940 759 elﬂagitas.
2977 689 3212 758 Respice
3245 688 3408 759 igitur
3440 704 3586 742 nunc
3613 706 3839 760 quoque
3867 694 3923 744 in
3962 707 4051 757 po-

2465 779 2575 848 puli
2619 780 2783 848 hujus
2811 781 3028 835 consilii
3062 781 3376 850 mentisque
3403 781 3650 851 inopiam
3689 799 3757 838 ac
3803 797 3933 852 spes
3963 784 4050 836 de-

2466 872 2694 941 positas,
2717 874 3133 944 orationemque
3157 884 3399 929 nostram
3421 875 3745 938 exaudiens,
3772 883 3860 930 sta
3886 876 4053 928 libera

2465 965 2861 1019 intercessione
2891 981 2992 1035 pro
3022 966 3202 1031 nobis,
3222 966 3396 1020 servis
3421 969 3546 1029 tuis,
3567 975 3620 1021 et
3641 968 3710 1021 ab
3732 978 4049 1036 exspectata

2467 1071 2566 1110 nos
2604 1058 2894 1111 eversione
2945 1059 3120 1128 eripe,
3168 1075 3236 1114 ne
3279 1058 3374 1113 lilii
3423 1060 3632 1114 ancilla
3670 1061 3821 1130 Agar
3861 1073 4051 1114 contra

2469 1164 2570 1202 nos
2599 1150 2926 1219 glorientur,
2956 1166 3058 1206 nec
3079 1153 3284 1216 dicant,
3315 1149 3414 1205 Ubi
3435 1162 3518 1205 est
3539 1153 3804 1208 defensor
3826 1154 4054 1207 eorum?

2465 1238 2599 1293 Nam
2635 1243 2784 1295 vides
2816 1252 2871 1296 et
2913 1243 3049 1311 ipse,
3087 1243 3501 1312 benignissime,
3539 1257 3639 1296 nos
3674 1259 3785 1296 non
3839 1247 3893 1296 in
3935 1245 4052 1296 lano

2465 1334 2602 1395 ceis,
2637 1336 2728 1387 sed
2781 1335 2832 1387 in
2863 1336 3066 1403 potenti
3101 1335 3498 1389 intercessione
3531 1347 3620 1389 tua
3651 1338 3730 1388 rei
3776 1351 4055 1389 summum

2464 1423 2808 1492 deposuisse,
2840 1427 2933 1492 qui
2967 1437 3021 1480 et
3058 1442 3246 1480 rursus
3295 1437 3402 1480 tua
3449 1443 3550 1482 nos
3592 1427 3960 1497 providentia:
3993 1444 4052 1480 ac

2463 1531 2606 1568 cura:
2631 1526 2912 1584 compotes
2935 1517 3050 1571 fore
3101 1532 3402 1587 speremus.
3436 1515 3560 1570 liae
3585 1528 3706 1571 vota
3730 1534 3861 1572 cum
3882 1519 4053 1570 animi

2464 1623 2689 1676 angore,
2738 1623 2931 1662 omnes
2981 1611 3303 1677 suppliciter
3353 1610 3576 1677 martyri
3618 1622 3791 1664 noctu
3849 1611 4055 1677 diuque

2471 1699 2770 1752 otiereutes
2805 1712 2969 1768 atque
3022 1702 3272 1770 lacrymis
3323 1704 3506 1770 templi
3557 1703 3731 1755 solum
3785 1703 4056 1772 rigantes.

2469 1793 2710 1846 hostium
2765 1796 3180 1862 exspectatione
3239 1795 3495 1863 suspensi
3557 1795 3878 1863 agoliamus,
3932 1811 4052 1849 cum

784 1913 814 1948 a
841 1895 1048 1950 Joanne
1084 1894 1397 1948 Cameniata
1427 1934 1440 1954 ,
1481 1894 1609 1946 dum
1633 1934 1647 1956 ,
1682 1909 1803 1962 quae
1847 1891 2364 1947 Tliessalnniccnses
2399 1870 2438 1924 Β
2470 1897 2754 1950 peccatum
2787 1894 3058 1946 nostrum,
3089 1885 3231 1939 baud
3261 1901 3423 1940 serus
3454 1899 3518 1940 ac
3558 1895 3772 1954 septum
3807 1887 4056 1939 firmissi-

784 1988 1068 2056 aliosque,
1117 2002 1244 2041 cum
1292 1985 1524 2052 Agareni
1572 1999 1718 2036 anno
1764 1983 1867 2037 904
1917 1982 2362 2048 Thessalonicae,

786 2081 949 2150 paulo
985 2089 1108 2148 post
1139 2079 1207 2132 ab
1240 2077 1388 2129 hisce
1441 2076 1606 2128 etiam
1658 2082 1981 2144 expugnata
2027 2076 2365 2142 excisaeque,

784 2171 1152 2234 imminerent,
1191 2169 1406 2230 iecisse,
1440 2167 1492 2220 in
1531 2182 1695 2236 supra
1729 2169 1848 2230 cit.,
1879 2182 2000 2235 qum
2029 2167 2084 2219 in
2118 2165 2367 2222 Historia

785 2261 1092 2332 Bgsantintz
1161 2269 1276 2327 post
1338 2257 1700 2324 Theophanem
1753 2257 2095 2324 scriptoribus
2151 2265 2362 2321 exstat,

785 2352 1190 2414 lucubratione,
1214 2365 1333 2419 pag.
1353 2350 1475 2409 555,
1503 2348 1777 2402 memoria
1804 2347 2365 2417 prodit,suppcditata

788 2444 951 2498 verba
986 2456 1308 2512 argumento
1351 2451 1511 2504 sunt;
1550 2451 1677 2494 sunt
1710 2449 1894 2494 autem
1926 2440 2039 2496 haec
2080 2458 2094 2492 :
2139 2459 2158 2490 ι
2196 2445 2367 2496 Cale-

787 2550 909 2588 rum
951 2533 1112 2588 variis
1150 2532 1572 2601 cogitationibus
1624 2532 1872 2585 distracti
1902 2546 1965 2584 ac
2021 2531 2322 2585 titubantes
2351 2573 2364 2596 ,

789 2643 888 2694 per
922 2625 1158 2694 reliquos
1207 2624 1558 2690 insequentes
1599 2622 1739 2684 dies,
1780 2624 1927 2692 quod
1979 2624 2194 2677 miseris
2246 2625 2368 2678 reli-

789 2734 954 2792 quum
989 2727 1095 2781 est,
1137 2717 1242 2769 boc
1287 2729 1385 2769 nos
1420 2714 1520 2782 ipsi
1559 2715 1669 2781 jam
1707 2715 2011 2778 enitimur;
2039 2725 2099 2767 ut
2133 2715 2367 2776 scilicet,

792 2827 914 2881 qua:
947 2825 1104 2864 nemo
1145 2810 1328 2863 dicere
1374 2807 1585 2866 valeat,
1627 2807 1826 2859 divma:
1873 2806 2250 2860 miserationis
2288 2808 2369 2858 vi-

795 2919 969 2967 scera,
1010 2910 1436 2966 sanctorumque
1471 2897 1794 2966 patrocinia,
1840 2898 1981 2951 votis
2027 2898 2366 2952 invocemus.

795 2996 1010 3065 Quippe
1044 2994 1327 3046 venientes
1375 2992 1441 3045 ad
1494 3007 1658 3059 supra
1710 3000 2068 3045 memoratam
2109 2991 2370 3058 praclaro

794 3089 991 3141 decoro
1022 3083 1528 3152 splendulissimam
1559 3081 1940 3151 gloriosissimi
1983 3083 2236 3152 martyris
2266 3082 2369 3135 De-

796 3179 978 3233 metrii
1009 3177 1200 3239 adem,
1236 3187 1348 3229 tum
1385 3189 1577 3229 omnes
1614 3173 1858 3228 civitatis
1887 3175 2086 3229 πωπω
2110 3216 2125 3234 .
2154 3184 2268 3229 tum
2303 3189 2366 3228 ex

796 3271 961 3324 variis
986 3270 1239 3339 gentibus
1264 3266 1488 3319 advenae
1506 3303 1521 3326 ,
1544 3265 1730 3319 omnis
1759 3264 1997 3334 dignitas
2025 3276 2186 3334 atque
2221 3273 2370 3326 atas,

799 3357 1240 3424 lamentabilique
1276 3357 1446 3409 choro
1473 3354 1804 3423 composito,
1839 3352 2056 3408 sublato
2077 3354 2144 3406 ad
2177 3363 2374 3422 marty-

800 3469 915 3508 rem
965 3452 1222 3506 clamore.
1275 3458 1565 3517 patronum
1609 3448 1772 3503 nobis
1818 3446 1936 3503 fore
1979 3447 2243 3502 adversus
2289 3451 2370 3499 in.

798 3551 1084 3616 gruentem
1125 3542 1480 3594 barbarorum
1505 3540 1705 3593 minaci
1750 3541 1829 3594 ira
1859 3540 2140 3593 interitum
2170 3554 2232 3592 ac
2266 3555 2372 3592 cie-

797 3637 921 3695 dem
947 3674 959 3691 ,
999 3632 1348 3703 rogabamus.
1377 3631 1700 3691 Ostendisti,
1728 3631 2069 3693 dicebamus,
2109 3643 2373 3698 generose

799 3735 1022 3796 martyr,
1047 3722 1384 3777 defensionis
1412 3732 1516 3774 tua:
1536 3733 1846 3791 promptam
1878 3722 2183 3790 ardoreque
2203 3720 2371 3772 animi

799 3817 1235 3888 opitulationem,
1268 3815 1321 3867 in
1360 3814 1544 3868 multis
1571 3813 1716 3867 baud
1765 3828 1892 3866 raro
1935 3813 2216 3881 periculis.
2253 3828 2374 3880 quae

799 3924 947 3968 tuam
977 3909 1259 3979 appetierc
1291 3906 1483 3960 urbem
1511 3946 1524 3968 ,
1556 3906 1882 3974 cunctisque
1932 3904 2370 3958 adversariorum

800 4000 1079 4058 dissolutis
1119 3995 1355 4057 insidiis,
1388 3995 1457 4050 ab
1476 3997 1627 4051 omni
1662 3996 1962 4050 immunem
1995 4009 2148 4047 noxa
2183 4010 2245 4047 ac
2286 3997 2370 4046 in-

803 4095 966 4147 teritu
992 4088 1349 4144 conservasti.
1385 4086 1627 4142 Ostende
1658 4101 1806 4141 nunc
1845 4101 2083 4155 quoque,
2106 4084 2372 4138 miseran-

801 4185 1032 4244 tiss'tme.
1080 4191 1230 4238 tuam
1275 4193 1402 4248 erga
1445 4192 1547 4233 nos
1594 4179 1914 4232 immensam
1967 4191 2184 4239 curam;
2221 4185 2276 4228 et
2305 4191 2373 4228 ne

799 4278 1105 4348 glorientur
1136 4274 1429 4330 adversum
1462 4257 1562 4328 nos
1593 4280 1784 4341 gentes
1817 4271 2064 4325 barbarae
2094 4281 2150 4323 et
2175 4269 2372 4325 alieni-

801 4384 973 4438 genae,
1013 4381 1135 4434 quae
1166 4362 1337 4418 Deum
1369 4364 1640 4432 ignorant.

870 4461 959 4517 86.
1004 4478 1020 4508 ε
1062 4457 1251 4525 Neque
1296 4470 1430 4509 vero
1473 4453 1693 4512 dederis
1738 4453 1958 4506 domum
2011 4455 2174 4516 banc,
2209 4470 2372 4524 quain

2467 1990 2616 2028 nium
2641 1989 2706 2029 ex
2739 1977 2969 2029 adverso
3002 1977 3268 2040 obstaret,
3298 1988 3463 2044 atque
3495 1979 3752 2048 martyris
3785 1979 4052 2032 interces-

2469 2067 2679 2120 sionem
2712 2082 2920 2122 cassam
2954 2069 3229 2128 redderet.
3258 2085 3324 2122 ne
3347 2070 3588 2124 divinam
3620 2072 3782 2125 nobis
3805 2072 4056 2141 benigni-

2469 2166 2631 2212 tatem
2667 2160 2892 2228 proprio
2925 2161 3147 2214 numine
3177 2162 3515 2216 conciliaret.
3547 2181 3565 2211 ι

2538 2251 2622 2304 87.
2666 2251 2836 2304 Porro
2859 2251 3400 2308 Tliessalonirensem
3430 2254 3876 2318 civitatem,eum
3915 2273 4054 2311 anno

2468 2342 2566 2396 90f
2603 2343 2668 2396 ab
2697 2345 2990 2412 Agarenis.
3025 2355 3082 2398 ut
3120 2347 3230 2411 jam
3261 2349 3444 2407 docui.
3479 2347 3673 2404 fuisset
3715 2365 4052 2418 expugnata.

2471 2439 2612 2490 liaud
2642 2438 2733 2489 diu
2783 2423 3074 2490 admodum
3125 2438 3177 2490 in
3216 2452 3480 2505 potestate
3515 2459 3613 2498 sua
3667 2444 3719 2496 hi
3775 2459 4052 2505 tenuere;

2472 2543 2656 2581 lllCISC
2684 2529 2828 2580 enim
2863 2533 3097 2583 nondum
3140 2535 3372 2602 integro,
3415 2537 3487 2587 uti
3540 2550 3569 2588 e
3601 2535 3817 2589 Joanne
3866 2535 4053 2590 Came-

2467 2619 2616 2673 niata
2693 2619 3040 2689 intelligitur,
3107 2625 3340 2685 excidio,
3401 2629 3542 2694 quod
3595 2631 4056 2697 expugnationem

2471 2711 2714 2778 proxime
2759 2713 2996 2777 excepit,
3051 2712 3228 2766 fuerat
3267 2717 3462 2779 deleta,
3517 2733 3642 2770 cum
3687 2721 4056 2773 deserendum

2474 2803 2617 2856 illam
2666 2804 2894 2868 duxere,
2934 2821 3095 2873 reque
3124 2807 3282 2858 etiam
3318 2808 3432 2870 ipsa
3460 2809 3780 2863 deseruere.
3835 2814 3914 2864 Ac
3951 2823 4056 2863 tum

2471 2893 2688 2960 quidem
2721 2897 2903 2950 statim
2939 2898 3226 2949 instaurati
3252 2899 3602 2951 celeberrima
3643 2902 3840 2955 civitas
3871 2912 4056 2971 rapit.

2473 3001 2595 3048 nec,
2646 2987 2776 3053 quin
2810 2998 2919 3040 tum
2975 2991 3176 3058 pariter
3207 2995 3414 3055 statim,
3463 3002 3516 3043 ut
3551 2993 3786 3059 insigne,
3826 2997 3976 3061 quod
4031 3012 4056 3046 a

2473 3070 2729 3130 darbaris
2775 3079 3120 3146 profanatum
3186 3081 3383 3146 fuerat,
3464 3080 3725 3138 Demetrii
3785 3087 4053 3154 templum

2476 3169 2707 3238 pristino
2734 3172 2914 3224 decori
2971 3173 3372 3238 restitueretur,
3430 3173 3738 3229 laboratum
3800 3191 3831 3229 a
3868 3177 4056 3231 Sancti

2481 3261 2791 3317 amantibus
2844 3264 3030 3325 fuerit,
3086 3267 3442 3325 dubitandum
3487 3277 3741 3335 apparrt.
3795 3267 3936 3322 Utnt
3967 3273 4055 3327 sit.

2478 3355 2624 3408 istud
2653 3356 2904 3424 equidem
2959 3357 3244 3410 {editicium
3276 3372 3516 3419 sacrum,
3554 3375 3658 3412 non
3699 3375 3866 3414 seeos
3896 3372 4056 3428 atque

2477 3457 2626 3507 ante.
2667 3461 2695 3498 a
2733 3445 3004 3505 fidelibus.
3049 3451 3114 3500 ad
3155 3447 3338 3500 Sancti
3397 3464 3554 3517 opem
3619 3455 4055 3505 recurrentibus.

2477 3536 2886 3605 frequentatum
2925 3539 3049 3590 fuit.
3100 3539 3153 3591 Id
3187 3555 3216 3592 e
3247 3541 3462 3606 publico
3509 3541 3650 3608 quod
3696 3544 3846 3596 inter
3901 3543 4054 3597 Inno-

2475 3628 2641 3682 ccntii
2699 3629 2847 3681 tertii
2894 3631 3175 3696 epistolas,
3232 3646 3376 3683 anno
3433 3631 3570 3686 1682
3605 3631 3836 3687 Parisiis
3878 3650 3908 3686 a
3939 3635 4056 3687 Ste-

2475 3720 2654 3787 pbauo
2685 3719 2906 3772 Balnzio
2929 3722 3192 3790 vulgatae,
3232 3722 3354 3775 libri
3392 3737 3459 3776 xv
3494 3726 3737 3790 epistola:
3775 3727 3852 3780 86
3887 3738 4059 3780 exstat

2476 3813 2759 3876 insertum,
2791 3815 3158 3867 instrumento
3199 3815 3281 3867 fas
3310 3828 3392 3869 est
3417 3817 3710 3886 colligere;
3740 3822 3893 3886 quod
3935 3837 4054 3890 pro-

2474 3904 2621 3965 inde,
2652 3917 2778 3954 cum
2833 3912 3096 3969 pra-terea
3150 3917 3202 3956 et
3238 3907 3343 3957 alia
3389 3908 3644 3959 nonnulla
3690 3908 3756 3958 ad
3795 3906 4058 3964 Sanctum

2474 3995 3072 4063 Tlieasalonicenseque
3084 3999 3202 4066 ejus
3219 4000 3476 4067 templum
3491 4003 3795 4068 spectantia
3811 4003 4055 4065 edoceat.

2477 4088 2748 4156 integrum
2789 4088 2896 4142 bne
2951 4092 3286 4144 transcribo.
3345 4089 3568 4156 Varum,
3602 4101 3658 4144 ut
3705 4109 3832 4162 qua:
3863 4095 3919 4148 in
3959 4096 4057 4148 hoc

2477 4180 2772 4234 traduntur
2838 4179 3051 4237 facilius
3114 4183 3513 4252 intelligantur,
3596 4201 3770 4254 pauca
3864 4191 4055 4250 adhuc,

2477 4285 2769 4343 antequam
2817 4275 2868 4328 id
2921 4274 3140 4338 faciam,
3203 4277 3584 4344 pra-mittenda
3645 4289 3799 4337 sunt.
3860 4280 4053 4339 Latini.

2478 4366 2662 4418 saeculi
2699 4365 2846 4420 tertii
2884 4367 3079 4420 decimi
3107 4367 3264 4421 initio
3292 4369 3776 4438 Constantinopoli
3807 4373 3864 4426 in
3897 4383 4057 4442 pote-

2478 4470 2675 4511 satem
2724 4472 2876 4512 suam
2933 4460 3178 4522 redacta,
3214 4460 3666 4515 Thessalonicam
3698 4465 3871 4518 etiam
3902 4467 4058 4519 sube-

802 4556 952 4609 στω.
981 4552 1270 4606 universus
1313 4563 1511 4603 novam
1549 4546 1862 4602 morborum
1894 4545 2166 4600 ofﬁcinam
2197 4549 2371 4602 medi-
2410 4551 2449 4604 D
2479 4557 2672 4615 gerunt
2699 4567 2713 4613 ;
2743 4557 2871 4600 tunc
2903 4560 3082 4601 autem
3117 4547 3601 4604 Tliessdunicense
3649 4553 3830 4606 sancti
3867 4553 4053 4608 Deme-

803 4660 921 4700 (ιω
967 4653 1324 4709 paratumque
1359 4639 1626 4710 refugium
1663 4639 1846 4700 habet,
1888 4641 1958 4691 ab
2007 4639 2240 4707 impuris
2271 4641 2371 4701 im-

807 4740 1018 4808 piisque
1044 4732 1365 4788 hominibus
1395 4731 1669 4800 profanari
1693 4770 1708 4794 ,
1738 4732 1829 4798 qui
1873 4739 2114 4785 nostram
2143 4732 2364 4785 subsan-

803 4845 940 4892 nant
987 4833 1166 4892 fidem,
1208 4834 1526 4895 cultumque
1574 4839 1844 4895 spernunt
1897 4841 1962 4880 ac
2015 4826 2370 4896 religionem:

804 4939 967 4996 atque
996 4925 1102 4978 hoc
1133 4936 1304 4976 unum
1331 4920 1486 4974 nobis
1513 4919 1722 4972 crimen
1758 4920 2068 4986 impingunt
2094 4959 2108 4981 ,
2142 4934 2247 4987 qua
2280 4933 2374 4972 su-

807 5034 931 5073 mus
958 5017 1014 5071 in
1046 5015 1237 5078 Deum,
1293 5014 1580 5079 pietatem;
1631 5019 1973 5078 mortemque
2025 5009 2372 5063 immaturam

808 5110 1215 5165 comminantur
1242 5116 1296 5159 et
1327 5106 1571 5158 exitium.
1607 5103 1756 5157 Licet
1781 5103 1926 5155 enim
1957 5102 2266 5156 innumeris
2297 5102 2376 5155 di-

811 5203 904 5272 gni
944 5215 1134 5256 sumus
1170 5198 1473 5268 suppliciis.
1499 5197 1569 5250 ob
1612 5210 1673 5249 ea
1720 5195 1949 5258 scelera,
1982 5210 2102 5263 qua:
2144 5195 2196 5248 in
2233 5202 2376 5250 terra

808 5295 1203 5355 commisimus,
1246 5293 1482 5358 liuicque
1529 5289 1671 5358 ipsi,
1702 5303 1823 5358 qua
1851 5288 2098 5357 ingruit,
2134 5287 2376 5340 vastitati

808 5397 871 5434 ac
895 5381 1036 5434 cladi
1071 5393 1259 5434 sumus
1288 5379 1529 5440 obnoxii,
1558 5393 1663 5431 non
1693 5386 1874 5430 tamen
1916 5376 2083 5430 alium
2119 5378 2377 5431 novimus

812 5473 1006 5533 Deum,
1034 5486 1194 5539 quam
1233 5473 1323 5536 qui
1357 5481 1406 5524 te
1439 5472 1744 5530 coronavit,
1781 5471 1834 5522 iu
1868 5470 2028 5536 cuius
2057 5470 2223 5523 etiam
2259 5485 2380 5537 gra-

811 5566 940 5620 tiam
983 5563 1166 5616 divina
1221 5563 1472 5629 peregisti
1519 5562 1840 5625 certamina,
1887 5575 2049 5630 quem
2096 5569 2152 5615 et
2184 5562 2378 5614 scutula

812 5654 1064 5722 passione
1108 5653 1414 5706 elarilicasti
1451 5668 1463 5702 ε
1496 5654 1650 5720 cujus
1686 5652 1850 5705 etiam
1898 5667 2125 5705 munere
2182 5652 2380 5707 multo-

809 5760 930 5798 rum
960 5744 1340 5798 miraculorum
1375 5744 1604 5813 gratiam
1629 5755 1964 5797 consecutus
1991 5759 2074 5804 es,
2111 5743 2379 5812 nobisque

808 5852 996 5892 tnurus
1035 5839 1219 5889 firmus
1255 5836 1751 5904 inconcussumqne
1782 5835 2161 5890 fulcimentum
2196 5851 2256 5888 ac
2288 5850 2376 5888 co-

2481 4638 2569 4690 trii
2651 4639 2906 4707 templum
2985 4639 3498 4711 llierosolymitauis
3557 4645 3732 4698 sancti
3810 4643 4053 4712 Sepulcri

2477 4733 2760 4786 canonicis
2832 4733 3175 4801 regularibus
3259 4733 3357 4786 fuit
3434 4750 3786 4790 concessum.
3859 4739 4053 4792 Verum

2481 4825 2646 4877 hosce
2681 4825 2825 4878 inter
2853 4836 2904 4878 et
2957 4825 3506 4881 Thessalonicensem
3549 4828 4051 4899 archiepiscopum,

2478 4917 2572 4983 qui
2615 4917 2669 4969 iu
2702 4918 2879 4972 sant-ti
2913 4917 3174 4972 Demetrii
3202 4921 3488 4973 ecclesiam
3530 4921 3783 4990 bonaque
3817 4923 3889 4976 ad
3923 4925 4051 4977 bane

2481 5011 2779 5076 spectantia
2835 5012 2927 5074 lus
2980 5010 3196 5078 aliquod
3232 5013 3338 5066 sibi
3385 5025 3700 5082 competere
3755 5015 4050 5068 contende-

2483 5103 2591 5166 bat,
2630 5104 2694 5156 lis
2733 5103 2881 5156 brevi
2913 5115 3100 5157 exorta
3135 5116 3237 5166 est,
3283 5121 3404 5174 quae
3438 5107 3653 5161 tandem
3690 5111 3976 5175 expressis
4005 5110 4048 5158 in

2482 5195 2844 5249 instrumento
2875 5212 3037 5265 supra
3071 5198 3286 5251 laudato
3327 5201 3758 5261 conditionibus.
3797 5217 3941 5271 quas
3992 5202 4050 5254 ad

2482 5285 2792 5355 pontiﬁcem
2853 5290 3237 5353 approliantlas
3281 5291 3502 5352 misere,
3535 5293 3730 5358 lticque
3762 5297 3865 5346 cit.
3897 5295 4046 5362 epist.

2482 5376 2550 5429 84
2601 5376 2946 5445 approbavit,
3007 5380 3108 5432 fuit
3169 5380 3455 5448 dirempta.
3516 5381 3596 5434 En
3653 5396 3804 5436 nunc
3893 5385 4042 5435 illud:

2488 5487 2507 5518 ι
2544 5469 2905 5523 Sanctissimo
2959 5468 3107 5523 Patri
3167 5479 3220 5524 ct
3297 5472 3520 5526 donino
3584 5473 3908 5530 Innocentio
3965 5477 4044 5528 Dei

2483 5559 2660 5624 gratia
2682 5570 3046 5613 sacrosanctzr
3078 5573 3130 5614 et
3165 5563 3491 5616 unitersalis
3545 5565 3805 5619 Ecclesia:
3848 5584 4045 5621 summo

2484 5647 2730 5702 Pontifici
2762 5648 2825 5703 G.
2861 5651 3102 5718 ejusdem
3137 5655 3399 5720 patientia
3439 5663 3493 5706 et
3545 5665 3724 5708 vestra
3764 5654 4039 5710 Thessalo-

2486 5741 2722 5794 tiicensis
2742 5741 2998 5796 Ecclesia-
3031 5745 3296 5799 minister.
3328 5746 3454 5799 licet
3488 5747 3768 5816 indignus,
3804 5765 3864 5804 se
3886 5751 4041 5819 ipsum

2487 5833 2552 5886 ad
2583 5833 2750 5902 pedes
2786 5849 2910 5888 cum
2950 5835 3262 5890 οὺεόῐιοινιῑει
3295 5837 3461 5891 liliali.
3487 5838 3624 5894 Cum
3661 5855 3892 5912 propter
3916 5841 4034 5896 δίων
