4218 6442
198 396 219 456 1
241 392 340 459 133

1241 388 1281 444 5
1347 378 1725 444 DEMETRII
1771 376 2165 439 MARTYRIS
2223 373 2429 437 ACTA.

3331 368 3469 434 ΗΜ

196 505 488 558 suiaticam
552 500 980 558 inobedientiain
1064 498 1265 553 sumini
1328 496 1474 577 regis
1536 494 1776 548 vindicta
1813 499 1855 552 Α
1890 486 2345 558 injungentquod
2384 482 2697 539 nullatenus
2724 483 2994 552 aliquibus
3041 486 3093 539 in
3134 495 3459 544 testamento

199 605 407 651 terram
433 592 745 647 Grecorum
772 589 1132 645 correctionis
1159 584 1407 643 funiculo
1433 586 1780 658 ﬂagellasset,

199 697 260 743 et
306 689 477 755 ipsam
536 687 605 742 de
642 695 859 741 secreto
912 692 1076 754 atque
1119 681 1493 737 inaestimabili
1556 678 1785 732 consilio

202 796 307 834 suo
327 782 393 833 ad
423 794 620 836 manus
648 778 957 831 reduxisset
982 774 1330 837 Latinorum,
1360 773 1514 826 multi
1548 770 1785 841 religiosi
1822 776 1825 778 ’

201 873 274 927 de
330 872 561 927 diversis
589 872 840 941 partibus
864 868 1193 924 accedentes
1251 866 1466 922 diversa
1525 865 1786 918 benelicia

205 976 319 1018 tam
348 980 447 1035 per
503 965 754 1017 dominos
792 961 1098 1017 cardinales
1163 976 1326 1029 quam
1365 974 1462 1029 per
1512 958 1789 1028 principes

204 1067 261 1110 et
282 1056 521 1109 barones
553 1062 608 1107 et
637 1053 776 1113 alios
806 1051 996 1105 fideles
1024 1050 1209 1121 adepti
1246 1059 1396 1102 sunt.
1433 1066 1451 1097 ι

286 1151 374 1205 88.
410 1167 427 1199 ι
470 1148 621 1203 Inter
668 1161 809 1215 quos
850 1146 1185 1197 sacrosancti
1228 1141 1477 1211 Sepulcri
1538 1138 1790 1193 canonici

207 1239 503 1293 ecclesiam
534 1237 708 1289 sancti
738 1233 1002 1289 Demetrii
1032 1231 1792 1299 Thessalonicensis,quoquo

212 1330 379 1383 modo
430 1327 602 1397 gavisi
634 1336 765 1379 sunt
788 1324 1040 1395 adipisci,
1080 1339 1242 1392 quam
1277 1337 1455 1391 usque
1482 1322 1549 1374 ad
1578 1321 1790 1373 inthro-

210 1421 547 1474 nizationem
604 1433 781 1472 meam
845 1434 967 1472 cum
1008 1416 1192 1469 multis
1253 1413 1538 1468 laboribus
1599 1423 1674 1476 et,
1737 1420 1794 1464 ut

211 1528 401 1565 verum
434 1511 625 1575 fatear,
643 1510 715 1565 illi
746 1518 903 1563 terra:
926 1510 1155 1562 multum
1183 1506 1510 1561 necessariis
1537 1506 1793 1572 possede—

212 1613 367 1657 runt.
400 1600 540 1655 Sane
591 1599 842 1668 quamvis
896 1599 1153 1666 praedicta
1214 1596 1447 1650 ecclesia
1483 1595 1652 1647 sancti
1688 1591 1793 1645 De-

214 1694 396 1751 metrii
421 1695 485 1745 ad
516 1692 957 1761 jurisdictiOuem
991 1705 1174 1743 meam
1207 1689 1484 1758 pertinere
1515 1692 1791 1747 noscatur,

216 1797 403 1839 tamen
448 1785 518 1838 ob
568 1784 934 1838 reverentiam
969 1782 1234 1836 Dominici
1271 1779 1532 1849 sepulcri,
1564 1778 1654 1831 ubi
1706 1792 1792 1830 re-

212 1878 458 1946 demptio
492 1876 715 1930 humani
771 1876 988 1945 generis
1014 1882 1243 1942 operata
1278 1882 1382 1935 est,
1434 1881 1490 1926 et
1542 1873 1608 1925 ad
1641 1871 1798 1939 cujus

214 1972 639 2031 subventionem
689 1972 1203 2038 crucesignatorutn
1260 1965 1537 2020 exercitus
1594 1977 1796 2017 terram

216 2066 502 2121 Romanis:
534 2064 735 2118 dicitur
766 2062 1100 2133 acquisisse.
1136 2076 1204 2115 ne
1236 2061 1404 2115 etiam
1438 2058 1572 2117 dicti
1626 2071 1795 2111 cano-

215 2160 329 2215 nici
355 2175 453 2212 sua
491 2174 587 2228 spe
614 2167 668 2212 et
712 2157 991 2211 laboribus
1036 2154 1255 2225 penitus
1303 2154 1711 2215 fraudarentur,
1747 2158 1800 2203 et

217 2263 279 2306 ut
308 2253 489 2306 omnis
521 2250 750 2319 qumsiio
788 2260 844 2301 et
870 2246 1269 2306 controversia,
1301 2243 1479 2310 qualis
1521 2243 1663 2296 inter
1712 2256 1798 2294 me

214 2356 278 2399 et
313 2346 464 2413 ipsos
513 2358 676 2411 super
709 2342 814 2396 hoc
867 2351 1083 2403 exorta,
1124 2354 1247 2409 qua:
1281 2339 1349 2391 de
1401 2336 1550 2390 facili
1602 2334 1798 2388 ordine

214 2437 513 2505 judiciario
562 2452 671 2490 non
726 2444 941 2503 poterat
996 2443 1241 2502 tempore
1291 2430 1518 2485 instanti
1581 2435 1800 2497 propter

221 2547 403 2587 causa:
436 2530 856 2600 perplexitatem
887 2526 1132 2589 difﬁniri,
1183 2541 1281 2595 per
1310 2539 1502 2594 pacem
1547 2534 1602 2576 et
1630 2521 1800 2590 tequi-

226 2630 392 2673 tatem
452 2618 666 2672 facilius
696 2619 969 2685 sopiatur,
1022 2615 1330 2685 praesertim
1380 2630 1505 2667 cum
1556 2615 1609 2672 in
1656 2627 1799 2680 saepe

225 2713 371 2766 dicta
429 2710 662 2764 ecclesia
716 2709 853 2762 tanti
915 2708 1175 2777 martyris
1227 2722 1461 2775 corpore
1528 2705 1790 2761 decorata

226 2815 340 2857 tam
396 2804 712 2856 favorabilis
744 2802 987 2856 ecclesia:
1018 2801 1268 2855 canoiiiri
1304 2799 1579 2869 regulares
1625 2798 1800 2851 bono-

227 2896 531 2949 riiiccutius
560 2908 721 2962 quam
770 2893 1062 2945 saeculares
1104 2891 1320 2946 valeant
1345 2890 1641 2953 deservire,
1675 2904 1801 2959 pru-

227 2988 456 3041 dentum
534 2987 777 3040 virorum
838 2984 1010 3036 fretus
1082 2983 1331 3045 consilio,
1404 2980 1659 3035 videlicet
1703 2983 1797 3033 Ar.

231 3077 667 3147 Cermopilensis
716 3077 959 3149 episcopi
1015 3076 1299 3129 Sarrensis
1374 3074 1655 3143 postulati,
1705 3071 1796 3125 ιν.

1893 581 1975 634 vel
2000 582 2138 634 alias
2178 582 2607 648 persuadebunt,
2653 588 2708 631 ut
2767 579 2899 647 ipsis
2932 577 3211 635 canonicis
3272 586 3461 654 magis,

1892 691 2053 744 quam
2088 673 2337 727 ecclesia;
2368 674 2417 725 iu
2442 672 2823 741 pnejudicium
2857 684 2913 728 et
2946 677 3210 729 damnum
3247 681 3467 732 archic—

1892 768 2099 836 piscopi
2160 766 2397 818 debeant
2445 782 2693 834 erogare,
2729 769 3009 833 expensis,
3060 780 3324 836 quantum
3399 773 3463 829 ad

1893 870 2037 912 sarta
2061 866 2201 913 tecta
2245 858 2329 910 vel
2372 858 2640 913 luminare
2678 860 2924 913 ecclesiae
2948 871 3001 913 et
3026 863 3225 928 justam
3264 865 3467 917 tumbae

1892 953 2220 1017 custodiam,
2255 952 2322 1005 de
2353 954 2626 1005 communi
2659 968 2755 1021 pro
2779 960 2891 1006 rata
2931 955 3212 1008 faciendis.
3241 955 3469 1009 Prtetcr-

1894 1060 1957 1097 ea
2002 1044 2173 1113 prior,
2224 1044 2318 1112 qui
2351 1045 2406 1098 in
2435 1046 2667 1098 ecclesia
2710 1046 3000 1114 saepedicla
3052 1049 3228 1102 sancti
3277 1048 3469 1105 Dente.

1897 1136 1983 1188 tiii
2015 1152 2111 1205 pro
2148 1150 2392 1206 tempore
2426 1154 2454 1189 a
2492 1141 2807 1205 patriarcha
2867 1140 3365 1211 Hierosolymitano
3414 1156 3470 1197 et

1896 1231 2135 1298 capitulo
2173 1246 2272 1284 suo
2291 1232 2451 1284 fuerit
2487 1232 2940 1301 delegatus,rnihi
2972 1243 3026 1288 et
3057 1238 3471 1291 succeswribus

1901 1321 2036 1374 ItLElS
2070 1321 2335 1374 canonice
2367 1324 2702 1375 intrantibus
2727 1323 3091 1375 obedientiam
3128 1333 3184 1376 et
3216 1308 3469 1380 reveren-

1899 1414 2028 1466 tiam
2066 1414 2343 1467 tenebitur
2375 1415 2631 1471 exhibere
2659 1431 2675 1479 ;
2707 1417 2918 1471 matrici
2953 1417 3177 1486 insuper
3227 1419 3472 1474 ecclesiae

1901 1504 2380 1559 Thessalmiicensi
2441 1516 2493 1561 et
2522 1508 2653 1559 mihi
2686 1509 2934 1575 meisque
2970 1512 3385 1565 successoribus
3416 1512 3470 1571 in

1898 1601 2042 1655 dicta
2078 1604 2311 1659 ecclesia
2373 1603 2519 1655 omni
2548 1604 2670 1670 jure
2721 1612 2775 1656 et
2814 1603 3063 1658 libertate
3100 1609 3476 1669 nostra,sicut

1906 1702 1959 1744 et
1991 1693 2041 1744 in
2079 1693 2203 1745 aliis
2233 1693 2484 1745 ecclesiis
2544 1692 2837 1759 ejusmodi,
2873 1695 3112 1760 plenarie
3147 1696 3473 1753 reservatis:

1901 1785 2049 1838 salva
2102 1785 2305 1837 domini
2342 1784 2666 1851 patriarchae
2715 1783 3190 1853 llierosolymitani
3240 1796 3294 1840 et
3327 1792 3478 1856 capi-

1904 1877 2001 1931 tuli
2037 1877 2123 1929 sui
2194 1875 2245 1927 in
2306 1876 2565 1929 omnibus
2591 1876 2904 1928 obedientia
2948 1877 3001 1929 in
3037 1877 3211 1942 ipsum
3239 1878 3475 1946 priorem

1900 1978 1954 2020 et
2004 1969 2299 2021 canonicos
2339 1976 2394 2019 et
2446 1966 2581 2019 alios
2639 1967 2928 2036 religiosos
2985 1968 3184 2022 ibidem
3228 1985 3474 2026 commo-

1902 2070 2159 2114 rantes.»

1974 2152 2061 2205 90.
2094 2171 2111 2202 ι
2147 2153 2313 2221 Igitur
2343 2168 2462 2205 cum
2506 2153 2881 2208 ordinationes
2926 2155 3314 2223 ecclesiarum,
3356 2174 3478 2227 quas

1903 2261 2000 2315 per
2046 2245 2334 2299 inferiores
2389 2248 2639 2315 prmlatos
2692 2247 2804 2300 fieri
2856 2259 3174 2316 nequeunt,
3219 2249 3478 2305 Ecclesia:

1905 2338 2182 2401 Romanae,
2222 2354 2340 2407 qua:
2378 2340 2704 2407 disponente
2743 2341 2972 2393 Domino
3017 2344 3263 2396 omnium
3298 2345 3476 2399 eccle,

1904 2433 2104 2484 siaruni
2152 2442 2326 2484 mater
2353 2440 2436 2484 est
2467 2440 2519 2483 cl
2552 2432 2807 2500 magistra
2834 2475 2848 2497 ,
2890 2434 3124 2493 debeant
3169 2439 3431 2491 reservari
3460 2481 3475 2501 ,

1903 2524 2103 2577 dictam
2140 2525 2591 2591 compositionem
2645 2525 2757 2578 sive
2805 2526 3221 2594 dispositionem
3252 2568 3265 2591 ,
3312 2548 3475 2597 quam

1905 2627 1999 2681 per
2033 2627 2119 2664 me
2157 2611 2331 2665 facere
2366 2614 2447 2665 vel
2485 2615 2696 2667 tirniarc
2734 2631 2841 2670 non
2893 2621 3228 2689 prtesumpsi,
3276 2624 3481 2677 sancti-

1906 2705 2001 2756 tati
2028 2715 2220 2758 vestrte
2250 2706 2376 2758 duxi
2421 2708 2914 2771 transmittendum,
2954 2712 3333 2778 paternitateni
3382 2729 3477 2768 vc-

1906 2808 2068 2852 stram
2112 2798 2262 2851 [lexis
2316 2800 2545 2867 genibus
2598 2801 2791 2853 mentis
2841 2817 3074 2857 exorans
3120 2806 3385 2858 attentius
3424 2816 3478 2861 e:

1905 2889 2124 2952 obnixe,
2149 2898 2419 2957 quatenus
2446 2904 2605 2942 causa
2642 2890 2732 2948 Dei
2764 2900 2817 2945 et
2843 2892 2911 2944 ob
2940 2893 3199 2948 Dominici
3233 2895 3481 2964 Sepulcri

1908 2983 2269 3035 reverentiam
2303 2992 2600 3051 etprecum
2647 2999 2888 3037 mearum
2919 2985 3248 3050 interventu,
3286 2990 3329 3043 si
3356 3005 3481 3043 san-

1910 3075 2081 3129 ctitati
2127 3085 2317 3129 vestra:
2366 3086 2682 3145 competens
2735 3086 2791 3130 et
2844 3078 3129 3132 honestum
3183 3082 3477 3150 videbitur,

232 3170 630 3225 Nazarocensis
684 3170 843 3223 electi
882 3166 1255 3237 Philippensis
1292 3165 1572 3235 postulati,
1603 3174 1658 3218 et
1685 3179 1803 3217 ma-
1833 3183 1874 3238 ε
1910 3169 2079 3237 ipsam
2105 3172 2430 3225 auctoritate
2468 3181 2645 3225 vestra
2688 3171 2863 3225 facere
2887 3173 2973 3226 vel
3006 3175 3277 3243 inceptam
3318 3181 3479 3245 ρει-η-

233 3264 389 3335 sistri
424 3264 489 3315 li.
530 3261 797 3316 Citrensis
846 3262 1032 3322 electi,
1094 3259 1251 3323 mihi,
1306 3264 1572 3325 quantum
1607 3256 1661 3310 in
1720 3272 1805 3307 me

233 3366 345 3421 cst,
382 3356 556 3407 visum
587 3363 674 3408 est
726 3352 858 3406 utile
895 3351 1100 3421 pariter
1147 3360 1202 3403 et
1232 3352 1545 3413 honestum,
1584 3357 1641 3401 ut
1694 3361 1807 3401 me-

236 3448 433 3502 morati
490 3446 740 3499 canonici
801 3443 1068 3497 Dominici
1132 3441 1381 3508 Sepulcri
1433 3440 1501 3494 de
1538 3440 1810 3493 universis

234 3538 703 3612 possessionibus,
730 3536 1108 3604 proventibus,
1164 3533 1458 3597 fructibus,
1516 3532 1805 3591 reditibus,

235 3631 447 3702 legatis,
486 3639 540 3683 et
571 3626 937 3697 eleemosynis
973 3640 1305 3694 quocunque
1341 3625 1491 3693 justo
1534 3623 1697 3677 modo
1741 3623 1805 3675 ad

234 3726 437 3778 dictam
490 3721 777 3776 ecclesiam
832 3718 1011 3773 sancti
1068 3716 1329 3774 Demetrii
1383 3715 1805 3785 pertinentibus,

236 3818 380 3871 sicut
432 3831 529 3883 per
565 3815 931 3870 instrumenta
967 3812 1049 3865 vel
1103 3826 1199 3879 per
1234 3818 1402 3862 testes
1437 3809 1661 3861 idoneos
1693 3807 1807 3859 sive

236 3909 346 3961 alio
371 3908 520 3975 justo
552 3907 711 3958 modo
757 3904 979 3973 probari
1032 3903 1271 3971 legitime
1300 3901 1527 3974 poterit,
1587 3901 1809 3966 insuper

235 4000 305 4052 de
334 3996 586 4051 omnibus
637 3995 777 4057 illis,
824 4009 944 4062 quze
1000 3994 1181 4060 aliquo
1241 4001 1485 4059 tempore
1540 3988 1808 4054 archiepi-

236 4091 420 4159 scopis
440 4086 871 4141 Thessalonicen
881 4086 1032 4139 sibus
1060 4085 1285 4137 nomine
1302 4082 1550 4137 ecclesiae
1567 4081 1806 4149 praedicti

238 4182 414 4237 sancti
464 4180 727 4235 Demetrii
771 4180 967 4234 collata
1009 4178 1253 4240 fuerunt,
1310 4174 1397 4228 vel
1428 4176 1482 4229 in
1528 4188 1807 4244 posrerum

238 4276 619 4337 conferentur,
656 4272 830 4334 sicut.
866 4281 928 4324 ut
959 4284 1125 4339 supra
1172 4268 1381 4323 dictum
1422 4275 1527 4324 est.
1573 4264 1813 4333 legitime

239 4372 455 4445 probari
508 4369 732 4440 poterit,
790 4368 955 4420 talem
1030 4379 1131 4431 pro
1184 4362 1412 4416 servitio
1446 4374 1591 4429 saepe
1649 4358 1808 4411 dicta:

239 4465 487 4521 ecclesia:
540 4460 844 4531 percipient
891 4457 1222 4527 portionem,
1285 4454 1503 4522 qualem
1556 4450 1808 4506 canonici

1911 3276 2035 3315 cere
2071 3261 2403 3331 dignemini,
2431 3272 2485 3316 et
2512 3274 2569 3314 ut
2603 3262 2860 3332 majorem
2896 3264 3093 3319 habeat
3134 3267 3479 3337 firmitatem,

1910 3351 2152 3404 eamdem
2187 3353 2510 3407 auctoritate
2551 3353 2807 3421 prmdicta
2846 3354 3182 3408 roborantes.
3232 3376 3249 3408 ι
3286 3360 3481 3418 Ιεῑιιεῐνο

1912 3443 2090 3503 modo,
2151 3442 2348 3511 quibus
2407 3444 2612 3498 dictum
2666 3445 3089 3499 instrumentum
3151 3451 3478 3520 concipitur.

1914 3536 2074 3591 verba
2110 3537 2415 3595 c0nsidera,
2456 3538 2775 3605 videbisque
2797 3554 2861 3591 eo
2895 3548 3140 3608 tempore
3172 3558 3267 3596 seu
3295 3548 3480 3603 smculi

1912 3627 2055 3677 tertii
2093 3626 2287 3679 decimi
2325 3626 2501 3687 initio,
2537 3642 2643 3694 quo
2677 3627 2860 3680 datum
2896 3627 2944 3680 id
2978 3628 3099 3690 fuit,
3131 3629 3477 3688 Thessaloni-

1912 3733 2074 3770 cense
2118 3718 2289 3771 sancti
2328 3717 2586 3771 Demetrii
2619 3720 2874 3785 templum
2915 3721 3153 3774 fidelium
3188 3725 3252 3777 ad
3285 3726 3359 3790 id,
3388 3726 3481 3794 qui

1915 3820 1971 3862 et
2006 3811 2269 3863 tumulum
2324 3814 2441 3877 ejus
2491 3812 2689 3863 oblatis
2729 3811 2971 3866 donariis
3015 3812 3353 3878 honorarint,
3388 3833 3479 3871 ac-

1913 3918 2068 3955 cessu
2112 3903 2255 3956 haud
2289 3918 2408 3956 raro
2444 3903 2771 3965 frequentari
2802 3906 3048 3959 soluisse.
3092 3906 3199 3961 Nec
3232 3909 3335 3964 hoc
3366 3922 3480 3965 tan-

1912 4002 2024 4046 tum
2079 4009 2106 4046 a
2140 3994 2320 4047 charta
2375 3994 2459 4046 illa
2506 3995 2704 4058 disces,
2740 4012 2927 4049 verum
2972 3998 3134 4051 etiam
3185 4000 3289 4053 alia
3338 4017 3479 4055 non-

1910 4086 2078 4149 nulla,
2118 4101 2235 4155 qua:
2283 4102 2374 4139 seu
2408 4088 2471 4140 ad
2522 4089 2700 4157 ipsum
2747 4090 3006 4143 Sanctum
3048 4104 3324 4156 nostrum,
3377 4112 3473 4153 seu

1910 4193 2031 4244 quae
2087 4180 2152 4231 ad
2215 4179 2521 4235 deditatum
2582 4183 2630 4235 ei
2677 4182 3171 4241 Thessalonicense
3217 4194 3475 4259 templum

1910 4278 2175 4338 spectant.

1980 4362 2064 4415 9|.
2093 4362 2355 4417 Carterum
2384 4364 2483 4418 hoc
2508 4364 2596 4418 diu
2630 4366 2805 4421 adhuc
2829 4377 2951 4435 post
2974 4370 3233 4425 sneculum
3256 4373 3475 4429 tertium

1911 4453 2179 4508 decimum
2234 4470 2260 4507 a
2318 4457 2553 4519 Grmcis,
2596 4468 2717 4513 utut
2749 4460 3136 4527 schismaticis,
3190 4480 3298 4519 non
3352 4483 3477 4524 raro

237 4568 442 4614 sancta
495 4554 713 4623 Sophia:
785 4546 1292 4604 Thessalonicensis
1363 4544 1686 4614 metropolis
1740 4544 1806 4596 de
1845 4536 1882 4588 ί)
1914 4545 2102 4608 etiam,
2134 4556 2191 4597 ut
2225 4545 2477 4598 Demetrii
2516 4548 2570 4600 in
2600 4549 3015 4603 necessitatibus
3043 4556 3155 4606 suis
3184 4570 3341 4623 opem
3378 4558 3483 4613 ίιη,

238 4639 1432 4722 possessionibusejusdempercipient,cum
1475 4653 1596 4692 eam
1636 4636 1810 4691 conti-

236 4742 382 4814 gerit
416 4736 675 4797 ordinari,
721 4754 739 4784 ι

310 4832 397 4888 89.
436 4850 454 4881 ι
492 4828 686 4881 υοιιιος
704 4825 997 4892 siquidem,
1033 4839 1169 4892 quas
1191 4822 1377 4878 clerici
1415 4822 1590 4875 sancti
1614 4819 1809 4874 Demea-

240 4923 335 4980 trii
372 4932 614 4991 tempore
645 4918 959 4971 Graecorum
996 4917 1136 4969 intra
1170 4912 1617 4968 Thessalonicam
1642 4910 1811 4965 babe-

238 5018 393 5077 bant,
422 5010 673 5066 canonici
710 5007 887 5063 sancti
925 5005 1173 5077 Sepulcri
1200 5014 1352 5060 extra
1385 5012 1596 5074 partem
1628 5003 1808 5071 possi-

239 5110 481 5167 debunt;
514 5102 813 5157 oblationes
842 5114 1061 5169 quoque
1090 5099 1366 5152 manuales
1395 5106 1452 5152 et
1472 5110 1811 5164 quaecunque

238 5201 325 5256 eis
374 5197 549 5268 legata
596 5194 801 5248 fuerint
826 5190 1175 5255 nominatim,
1220 5190 1337 5245 sive
1361 5188 1582 5244 nomine
1632 5187 1809 5243 sancti

241 5288 511 5356 Sepulcri,
546 5284 799 5340 similiter
828 5291 979 5337 extra
1000 5290 1205 5353 partem
1231 5282 1520 5349 recipient.
1550 5278 1620 5333 Ea
1652 5293 1804 5343 vero,

240 5397 363 5451 qua!
386 5393 551 5443 super
576 5376 815 5431 tumbam
837 5374 1017 5429 sancti
1075 5372 1338 5425 Demetrii
1376 5371 1695 5432 oﬂ‘erentur,
1727 5372 1805 5425 vel

238 5470 488 5527 ecclesiae
533 5467 775 5536 ejusdem
806 5464 1132 5518 nominatim
1155 5465 1325 5532 legata
1359 5462 1580 5523 fuerint,
1616 5477 1807 5516 secun-

239 5564 371 5617 dum
403 5559 770 5627 supradictam
803 5556 1129 5610 divisionem
1173 5553 1501 5624 partientur.
1535 5553 1808 5620 Adiuncto

244 5663 477 5713 tantum.
532 5651 678 5720 quod
735 5664 858 5703 cum
920 5647 1049 5702 dicti
1092 5646 1341 5701 canonici
1378 5647 1430 5700 in
1470 5645 1806 5700 ecclesiailla

243 5746 557 5815 capellanos
577 5744 660 5798 vel
690 5744 924 5798 clericos
955 5756 1055 5810 pro
1080 5750 1331 5810 tempore
1356 5739 1668 5800 instituerit.
1703 5740 1808 5791 sub

248 5838 438 5895 eadem
498 5836 622 5890 ﬁdei
664 5835 949 5897 reliaione,
1006 5848 1113 5903 qua
1174 5833 1273 5903 ipsi
1336 5832 1686 5896 tenebuntur,
1730 5830 1807 5883 eis

1914 4636 2209 4704 plorarcnt,
2268 4636 2600 4706 frequentari
2647 4639 2899 4706 soluisse,
2959 4643 3325 4701 indubitatum
3374 4659 3478 4704 est.

1912 4728 1988 4780 Ac
2018 4727 2342 4783 nominatim
2376 4730 2595 4798 quidem
2625 4732 2676 4787 id
2704 4748 2731 4784 a
2764 4731 3349 4794 Ttiessalonicensibus
3378 4758 3481 4794 sa:-

1911 4819 2037 4872 culo
2075 4819 2269 4887 quinto
2305 4821 2519 4874 decimo
2546 4822 2849 4875 factitatum
2879 4824 3056 4877 adhuc
3101 4826 3291 4893 fuisse,
3318 4846 3481 4902 argu-

1912 4921 2098 4964 mento
2136 4922 2265 4964 sunt
2298 4912 2523 4967 minime
2565 4914 2746 4977 dubio,
2778 4930 2897 4982 qua:
2932 4925 3043 4970 tum
3087 4918 3141 4971 in
3173 4935 3265 4973 sua
3295 4924 3360 4975 dc
3385 4940 3479 4977 cx-

1910 5003 2019 5056 cisa
2066 5018 2164 5072 per
2206 5002 2412 5057 Turcas
2444 5020 2590 5059 anno
2623 5005 2760 5059 μεθ
2794 5005 3178 5063 Thessalonica
3226 5012 3477 5069 lucubra-

1911 5095 2081 5158 tione,
2127 5095 2325 5149 Leonis
2374 5095 2555 5149 Allatii
2611 5096 2934 5167 Symmictis,
2988 5101 3229 5157 Coloniae
3282 5106 3478 5173 Agrip-

1909 5186 2051 5253 pinae
2080 5202 2223 5241 anno
2249 5186 2384 5240 1655
2405 5204 2433 5240 a
2462 5188 2752 5242 Bertholdo
2778 5190 3008 5247 Nihusio
3037 5194 3218 5254 editis.
3247 5186 3473 5260 inserta,

1908 5278 2144 5332 Joannes
2168 5281 2496 5348 Anagnosta,
2526 5280 2761 5349 scriptor
2794 5282 3155 5352 syncbrouus,
3186 5299 3479 5356 rerumque

1909 5387 2049 5439 pene
2085 5372 2347 5429 omnium.
2387 5387 2525 5439 quas
2570 5388 2632 5425 ea
2682 5375 2984 5441 describit,
3021 5378 3267 5432 oculatus
3298 5379 3476 5443 testis,

1911 5461 1976 5513 de
2000 5460 2601 5526 Thessalonicensibus,
2639 5463 2703 5516 ad
2755 5465 2930 5521 sancti
2969 5465 3222 5521 Demetrii
3274 5484 3432 5536 opem
3461 5509 3475 5530 ,

1911 5569 2032 5605 cuiu
2089 5553 2295 5606 civitati
2356 5570 2466 5608 suae
2512 5555 2715 5609 Turcas
2761 5557 2870 5625 jam
2923 5558 3475 5625 imminerenossent,

1912 5644 2368 5714 confugientibus,
2430 5662 2581 5699 num.
2642 5647 2708 5700 10
2764 5652 3042 5704 memoria:
3097 5655 3298 5721 prodit,
3361 5666 3473 5710 tum

1910 5739 2105 5797 ctiam,
2160 5752 2315 5807 quae,
2379 5741 2834 5807 quemadmodum
2892 5744 3144 5798 Analecta
3197 5747 3475 5801 miraculis

1914 5830 2135 5883 edendis
2165 5831 2426 5900 subjicien
2454 5834 2496 5884 la
2531 5832 2822 5895 decebunt.
2853 5834 3011 5890 Dcmc
3041 5838 3151 5893 rius
3183 5838 3475 5909 Chrysolov
