  <div class='ocr_page' id='page_1' title='image "/cluster/home/n/w/nwhite01/storage/ocr_20150623/116/nnc1.0046980156/639.png"; bbox 0 0 4218 6442; ppageno 0'>
   <div class='ocr_carea' id='block_1_1' title="bbox 729 327 2395 406">
    <p class='ocr_par' dir='ltr' id='par_1_1' title="bbox 729 337 2383 406">
     <span class='ocr_line' id='line_1_1' title="bbox 729 337 2383 406; baseline -0.007 0"><span class='ocrx_word' id='word_1_1' title='bbox 729 342 874 406; x_wconf 74' lang='grc'><strong>1135</strong></span> <span class='ocrx_word' id='word_1_2' title='bbox 2036 337 2383 400; x_wconf 78' lang='lat' dir='ltr'><strong>SUPPI.EM</strong></span> 
     </span>
    </p>
   </div>
   <div class='ocr_carea' id='block_1_2' title="bbox 2333 327 3999 406">
    <p class='ocr_par' dir='ltr' id='par_1_2' title="bbox 2335 327 3999 398">
     <span class='ocr_line' id='line_1_2' title="bbox 2335 327 3999 398; baseline -0.004 -2"><span class='ocrx_word' id='word_1_3' title='bbox 2335 338 2662 398; x_wconf 70' lang='lat' dir='ltr'><strong>MENTUM</strong></span> <span class='ocrx_word' id='word_1_4' title='bbox 3849 327 3999 392; x_wconf 64' lang='grc' dir='ltr'><strong>1ης</strong></span> 
     </span>
    </p>
   </div>
   <div class='ocr_carea' id='block_1_3' title="bbox 737 447 3972 524">
    <p class='ocr_par' dir='ltr' id='par_1_3' title="bbox 737 447 3972 524">
     <span class='ocr_line' id='line_1_3' title="bbox 737 447 3972 524; baseline -0.005 -14"><span class='ocrx_word' id='word_1_5' title='bbox 737 476 845 522; x_wconf 80' lang='lat' dir='ltr'><strong>ias,</strong></span> <span class='ocrx_word' id='word_1_6' title='bbox 875 456 1051 512; x_wconf 60' lang='lat' dir='ltr'><strong>surculi</strong></span> <span class='ocrx_word' id='word_1_7' title='bbox 1090 465 1141 510; x_wconf 90' lang='lat' dir='ltr'><strong>et</strong></span> <span class='ocrx_word' id='word_1_8' title='bbox 1174 457 1290 524; x_wconf 87' lang='lat' dir='ltr'><strong>ipse</strong></span> <span class='ocrx_word' id='word_1_9' title='bbox 1335 454 1510 523; x_wconf 91' lang='lat' dir='ltr'><strong>quinti</strong></span> <span class='ocrx_word' id='word_1_10' title='bbox 1557 453 1750 508; x_wconf 82' lang='lat' dir='ltr'><strong>decimi</strong></span> <span class='ocrx_word' id='word_1_11' title='bbox 1790 453 2018 520; x_wconf 82' lang='lat' dir='ltr'><strong>scriptor</strong></span> <span class='ocrx_word' id='word_1_12' title='bbox 2063 453 2130 505; x_wconf 90' lang='lat' dir='ltr'><strong>de</strong></span> <span class='ocrx_word' id='word_1_13' title='bbox 2177 455 2297 504; x_wconf 72' lang='lat' dir='ltr'><strong>oleo</strong></span> <span class='ocrx_word' id='word_1_14' title='bbox 2332 462 2368 513; x_wconf 70' lang='grc' dir='ltr'><strong>Α</strong></span> <span class='ocrx_word' id='word_1_15' title='bbox 2405 453 2591 505; x_wconf 67' lang='lat' dir='ltr'><strong>Ionicae</strong></span> <span class='ocrx_word' id='word_1_16' title='bbox 2627 454 2885 520; x_wconf 88' lang='lat' dir='ltr'><strong>templum</strong></span> <span class='ocrx_word' id='word_1_17' title='bbox 2953 467 2982 506; x_wconf 90' lang='lat' dir='ltr'><strong>a</strong></span> <span class='ocrx_word' id='word_1_18' title='bbox 3048 452 3383 507; x_wconf 80' lang='lat' dir='ltr'><strong>Christianis</strong></span> <span class='ocrx_word' id='word_1_19' title='bbox 3448 449 3610 504; x_wconf 84' lang='lat' dir='ltr'><strong>modo</strong></span> <span class='ocrx_word' id='word_1_20' title='bbox 3677 447 3972 500; x_wconf 71' lang='lat' dir='ltr'><strong>visitetur.</strong></span> 
     </span>
    </p>
   </div>
   <div class='ocr_carea' id='block_1_4' title="bbox 736 538 4006 618">
    <p class='ocr_par' dir='ltr' id='par_1_4' title="bbox 736 538 4006 618">
     <span class='ocr_line' id='line_1_4' title="bbox 736 538 4006 618; baseline -0.004 -17"><span class='ocrx_word' id='word_1_21' title='bbox 736 566 835 602; x_wconf 78' lang='lat' dir='ltr'><strong>seu</strong></span> <span class='ocrx_word' id='word_1_22' title='bbox 867 559 1160 618; x_wconf 82' lang='lat' dir='ltr'><strong>unguento,</strong></span> <span class='ocrx_word' id='word_1_23' title='bbox 1217 549 1443 600; x_wconf 86' lang='lat' dir='ltr'><strong>mirillce</strong></span> <span class='ocrx_word' id='word_1_24' title='bbox 1488 546 1663 599; x_wconf 85' lang='lat' dir='ltr'><strong>adhuc</strong></span> <span class='ocrx_word' id='word_1_25' title='bbox 1706 554 1866 598; x_wconf 65' lang='lat' dir='ltr'><strong>aetate</strong></span> <span class='ocrx_word' id='word_1_26' title='bbox 1906 559 2002 598; x_wconf 84' lang='lat' dir='ltr'><strong>sua</strong></span> <span class='ocrx_word' id='word_1_27' title='bbox 2046 559 2077 596; x_wconf 90' lang='lat' dir='ltr'><strong>c</strong></span> <span class='ocrx_word' id='word_1_28' title='bbox 2122 544 2295 597; x_wconf 66' lang='lat' dir='ltr'><strong>santti</strong></span> <span class='ocrx_word' id='word_1_29' title='bbox 2476 546 2564 598; x_wconf 73' lang='lat'><strong>93.</strong></span> <span class='ocrx_word' id='word_1_30' title='bbox 2598 543 2796 598; x_wconf 84' lang='lat' dir='ltr'><strong>Verum</strong></span> <span class='ocrx_word' id='word_1_31' title='bbox 2829 561 2938 599; x_wconf 86' lang='lat' dir='ltr'><strong>non</strong></span> <span class='ocrx_word' id='word_1_32' title='bbox 2964 545 3142 598; x_wconf 89' lang='lat' dir='ltr'><strong>onmis</strong></span> <span class='ocrx_word' id='word_1_33' title='bbox 3187 553 3472 613; x_wconf 89' lang='lat' dir='ltr'><strong>propterea</strong></span> <span class='ocrx_word' id='word_1_34' title='bbox 3503 542 3644 611; x_wconf 91' lang='lat' dir='ltr'><strong>apud</strong></span> <span class='ocrx_word' id='word_1_35' title='bbox 3680 538 4006 593; x_wconf 82' lang='lat' dir='ltr'><strong>Thessalo-</strong></span> 
     </span>
    </p>
   </div>
   <div class='ocr_carea' id='block_1_5' title="bbox 741 633 4000 702">
    <p class='ocr_par' dir='ltr' id='par_1_5' title="bbox 741 633 4000 702">
     <span class='ocr_line' id='line_1_5' title="bbox 741 633 4000 702; baseline -0.005 -9"><span class='ocrx_word' id='word_1_36' title='bbox 741 643 996 696; x_wconf 77' lang='lat' dir='ltr'><strong>llcmetrii</strong></span> <span class='ocrx_word' id='word_1_37' title='bbox 1051 642 1257 694; x_wconf 87' lang='lat' dir='ltr'><strong>tutnulo</strong></span> <span class='ocrx_word' id='word_1_38' title='bbox 1309 640 1681 702; x_wconf 80' lang='lat' dir='ltr'><strong>5i-aturiente,</strong></span> <span class='ocrx_word' id='word_1_39' title='bbox 1737 647 2144 690; x_wconf 74' lang='lat' dir='ltr'><strong>commemorat.</strong></span> <span class='ocrx_word' id='word_1_40' title='bbox 2195 635 2301 687; x_wconf 75' lang='lat' dir='ltr'><strong>Nec</strong></span> <span class='ocrx_word' id='word_1_41' title='bbox 2408 641 2661 689; x_wconf 77' lang='lat' dir='ltr'><strong>niccnses</strong></span> <span class='ocrx_word' id='word_1_42' title='bbox 2691 637 2876 689; x_wconf 90' lang='lat' dir='ltr'><strong>Sancti</strong></span> <span class='ocrx_word' id='word_1_43' title='bbox 2914 635 3189 689; x_wconf 76' lang='lat' dir='ltr'><strong>veneratio</strong></span> <span class='ocrx_word' id='word_1_44' title='bbox 3220 636 3448 698; x_wconf 88' lang='lat' dir='ltr'><strong>interiit,</strong></span> <span class='ocrx_word' id='word_1_45' title='bbox 3490 635 3564 687; x_wconf 87' lang='lat' dir='ltr'><strong>uti</strong></span> <span class='ocrx_word' id='word_1_46' title='bbox 3594 647 3657 685; x_wconf 77' lang='lat' dir='ltr'><strong>ex</strong></span> <span class='ocrx_word' id='word_1_47' title='bbox 3687 633 3803 699; x_wconf 86' lang='lat' dir='ltr'><strong>jam</strong></span> <span class='ocrx_word' id='word_1_48' title='bbox 3839 641 4000 680; x_wconf 85' lang='lat' dir='ltr'><strong>nunc</strong></span> 
     </span>
    </p>
   </div>
   <div class='ocr_carea' id='block_1_6' title="bbox 739 721 4000 802">
    <p class='ocr_par' dir='ltr' id='par_1_6' title="bbox 739 721 4000 802">
     <span class='ocr_line' id='line_1_6' title="bbox 739 721 4000 802; baseline -0.004 -14"><span class='ocrx_word' id='word_1_49' title='bbox 739 749 838 799; x_wconf 83' lang='lat' dir='ltr'><strong>l&#39;Sl,</strong></span> <span class='ocrx_word' id='word_1_50' title='bbox 875 752 971 789; x_wconf 83' lang='lat' dir='ltr'><strong>cur</strong></span> <span class='ocrx_word' id='word_1_51' title='bbox 1003 739 1310 802; x_wconf 79' lang='lat' dir='ltr'><strong>quisquam,</strong></span> <span class='ocrx_word' id='word_1_52' title='bbox 1353 749 1420 785; x_wconf 81' lang='lat' dir='ltr'><strong>an</strong></span> <span class='ocrx_word' id='word_1_53' title='bbox 1475 749 1580 785; x_wconf 86' lang='lat' dir='ltr'><strong>non</strong></span> <span class='ocrx_word' id='word_1_54' title='bbox 1624 731 1811 784; x_wconf 80' lang='lat' dir='ltr'><strong>saltem</strong></span> <span class='ocrx_word' id='word_1_55' title='bbox 1862 730 1929 782; x_wconf 90' lang='lat' dir='ltr'><strong>ab</strong></span> <span class='ocrx_word' id='word_1_56' title='bbox 1980 744 2122 782; x_wconf 89' lang='lat' dir='ltr'><strong>anno</strong></span> <span class='ocrx_word' id='word_1_57' title='bbox 2164 728 2300 781; x_wconf 73' lang='lat'><strong>1429</strong></span> <span class='ocrx_word' id='word_1_58' title='bbox 2406 728 2650 782; x_wconf 78' lang='lat' dir='ltr'><strong>dicendis</strong></span> <span class='ocrx_word' id='word_1_59' title='bbox 2677 739 2934 796; x_wconf 67' lang='lat' dir='ltr'><strong>patescm.</strong></span> <span class='ocrx_word' id='word_1_60' title='bbox 2991 729 3135 782; x_wconf 92' lang='lat' dir='ltr'><strong>Inter</strong></span> <span class='ocrx_word' id='word_1_61' title='bbox 3167 721 3460 789; x_wconf 79' lang='lat' dir='ltr'><strong>ecclesias,</strong></span> <span class='ocrx_word' id='word_1_62' title='bbox 3495 727 3558 778; x_wconf 94' lang='lat' dir='ltr'><strong>iis</strong></span> <span class='ocrx_word' id='word_1_63' title='bbox 3606 741 3702 792; x_wconf 89' lang='lat' dir='ltr'><strong>per</strong></span> <span class='ocrx_word' id='word_1_64' title='bbox 3769 721 4000 774; x_wconf 84' lang='lat' dir='ltr'><strong>Turcos</strong></span> 
     </span>
    </p>
   </div>
   <div class='ocr_carea' id='block_1_7' title="bbox 738 815 4002 890">
    <p class='ocr_par' dir='ltr' id='par_1_7' title="bbox 738 815 4002 890">
     <span class='ocr_line' id='line_1_7' title="bbox 738 815 4002 890; baseline -0.005 -10"><span class='ocrx_word' id='word_1_65' title='bbox 738 830 1152 882; x_wconf 71' lang='lat' dir='ltr'><strong>celeberrimum</strong></span> <span class='ocrx_word' id='word_1_66' title='bbox 1186 825 1320 878; x_wconf 89' lang='lat' dir='ltr'><strong>illud</strong></span> <span class='ocrx_word' id='word_1_67' title='bbox 1342 823 1528 878; x_wconf 81' lang='lat' dir='ltr'><strong>Sancti</strong></span> <span class='ocrx_word' id='word_1_68' title='bbox 1565 823 1735 875; x_wconf 82' lang='lat' dir='ltr'><strong>nostri</strong></span> <span class='ocrx_word' id='word_1_69' title='bbox 1766 822 1818 874; x_wconf 92' lang='lat' dir='ltr'><strong>in</strong></span> <span class='ocrx_word' id='word_1_70' title='bbox 1858 823 1956 874; x_wconf 89' lang='lat' dir='ltr'><strong>hac</strong></span> <span class='ocrx_word' id='word_1_71' title='bbox 1994 825 2125 874; x_wconf 90' lang='lat' dir='ltr'><strong>urbe</strong></span> <span class='ocrx_word' id='word_1_72' title='bbox 2159 831 2301 872; x_wconf 90' lang='lat' dir='ltr'><strong>tem-</strong></span> <span class='ocrx_word' id='word_1_73' title='bbox 2404 832 2641 890; x_wconf 84' lang='lat' dir='ltr'><strong>ereptas,</strong></span> <span class='ocrx_word' id='word_1_74' title='bbox 2679 823 2844 875; x_wconf 91' lang='lat' dir='ltr'><strong>etiam</strong></span> <span class='ocrx_word' id='word_1_75' title='bbox 2876 822 3084 876; x_wconf 81' lang='lat' dir='ltr'><strong>exstitit</strong></span> <span class='ocrx_word' id='word_1_76' title='bbox 3134 821 3550 888; x_wconf 87' lang='lat' dir='ltr'><strong>metropolitana</strong></span> <span class='ocrx_word' id='word_1_77' title='bbox 3590 833 3682 871; x_wconf 91' lang='lat' dir='ltr'><strong>seu</strong></span> <span class='ocrx_word' id='word_1_78' title='bbox 3716 815 4002 882; x_wconf 84' lang='lat' dir='ltr'><strong>primaria</strong></span> 
     </span>
    </p>
   </div>
   <div class='ocr_carea' id='block_1_8' title="bbox 745 902 4002 991">
    <p class='ocr_par' dir='ltr' id='par_1_8' title="bbox 745 902 4002 991">
     <span class='ocr_line' id='line_1_8' title="bbox 745 902 4002 991; baseline -0.006 -17"><span class='ocrx_word' id='word_1_79' title='bbox 745 923 889 991; x_wconf 52' lang='lat' dir='ltr'><strong>plum</strong></span> <span class='ocrx_word' id='word_1_80' title='bbox 941 937 968 974; x_wconf 92' lang='lat' dir='ltr'><strong>a</strong></span> <span class='ocrx_word' id='word_1_81' title='bbox 1015 917 1597 972; x_wconf 81' lang='lat' dir='ltr'><strong>Tltessalonicensihus</strong></span> <span class='ocrx_word' id='word_1_82' title='bbox 1667 914 1974 982; x_wconf 74' lang='lat' dir='ltr'><strong>Grzecisque</strong></span> <span class='ocrx_word' id='word_1_83' title='bbox 2022 912 2143 966; x_wconf 91' lang='lat' dir='ltr'><strong>aliis</strong></span> <span class='ocrx_word' id='word_1_84' title='bbox 2189 909 2299 964; x_wconf 80' lang='lat' dir='ltr'><strong>fre-</strong></span> <span class='ocrx_word' id='word_1_85' title='bbox 2407 912 2652 973; x_wconf 78' lang='lat' dir='ltr'><strong>basdica,</strong></span> <span class='ocrx_word' id='word_1_86' title='bbox 2682 920 2897 965; x_wconf 66' lang='lat' dir='ltr'><strong>attenta</strong></span> <span class='ocrx_word' id='word_1_87' title='bbox 2931 910 3024 967; x_wconf 91' lang='lat' dir='ltr'><strong>Dei</strong></span> <span class='ocrx_word' id='word_1_88' title='bbox 3055 910 3368 980; x_wconf 63' lang='lat' dir='ltr'><strong>Sapientia,</strong></span> <span class='ocrx_word' id='word_1_89' title='bbox 3413 908 3487 961; x_wconf 88' lang='lat' dir='ltr'><strong>uti</strong></span> <span class='ocrx_word' id='word_1_90' title='bbox 3515 923 3578 961; x_wconf 80' lang='lat' dir='ltr'><strong>ex</strong></span> <span class='ocrx_word' id='word_1_91' title='bbox 3614 905 3848 960; x_wconf 83' lang='lat' dir='ltr'><strong>Joannis</strong></span> <span class='ocrx_word' id='word_1_92' title='bbox 3879 902 4002 955; x_wconf 85' lang='lat' dir='ltr'><strong>Ca-</strong></span> 
     </span>
    </p>
   </div>
   <div class='ocr_carea' id='block_1_9' title="bbox 741 1001 4004 1084">
    <p class='ocr_par' dir='ltr' id='par_1_9' title="bbox 741 1001 4004 1084">
     <span class='ocr_line' id='line_1_9' title="bbox 741 1001 4004 1084; baseline -0.005 -16"><span class='ocrx_word' id='word_1_93' title='bbox 741 1016 988 1084; x_wconf 86' lang='lat' dir='ltr'><strong>qucn&#39;ari</strong></span> <span class='ocrx_word' id='word_1_94' title='bbox 1022 1014 1266 1073; x_wconf 86' lang='lat' dir='ltr'><strong>desierit.</strong></span> <span class='ocrx_word' id='word_1_95' title='bbox 1319 1013 1527 1065; x_wconf 84' lang='lat' dir='ltr'><strong>idcirco</strong></span> <span class='ocrx_word' id='word_1_96' title='bbox 1571 1009 1923 1073; x_wconf 73' lang='lat' dir='ltr'><strong>subdubizct,</strong></span> <span class='ocrx_word' id='word_1_97' title='bbox 1974 1010 2116 1077; x_wconf 88' lang='lat' dir='ltr'><strong>quod</strong></span> <span class='ocrx_word' id='word_1_98' title='bbox 2162 1021 2306 1060; x_wconf 86' lang='lat' dir='ltr'><strong>anno</strong></span> <span class='ocrx_word' id='word_1_99' title='bbox 2408 1007 2654 1060; x_wconf 75' lang='lat' dir='ltr'><strong>meniatm</strong></span> <span class='ocrx_word' id='word_1_100' title='bbox 2695 1004 2893 1069; x_wconf 78' lang='lat' dir='ltr'><strong>verbis,</strong></span> <span class='ocrx_word' id='word_1_101' title='bbox 2927 1021 3077 1058; x_wconf 89' lang='lat' dir='ltr'><strong>num.</strong></span> <span class='ocrx_word' id='word_1_102' title='bbox 3124 1005 3193 1059; x_wconf 72' lang='grc'><strong>84</strong></span> <span class='ocrx_word' id='word_1_103' title='bbox 3242 1004 3406 1064; x_wconf 86' lang='lat' dir='ltr'><strong>datis,</strong></span> <span class='ocrx_word' id='word_1_104' title='bbox 3440 1001 3666 1070; x_wconf 86' lang='lat' dir='ltr'><strong>aliisque</strong></span> <span class='ocrx_word' id='word_1_105' title='bbox 3712 1001 3765 1052; x_wconf 90' lang='lat' dir='ltr'><strong>in</strong></span> <span class='ocrx_word' id='word_1_106' title='bbox 3823 1012 4004 1062; x_wconf 77' lang='lat' dir='ltr'><strong>supra</strong></span> 
     </span>
    </p>
   </div>
   <div class='ocr_carea' id='block_1_10' title="bbox 745 1093 4006 1176">
    <p class='ocr_par' dir='ltr' id='par_1_10' title="bbox 745 1093 4006 1176">
     <span class='ocr_line' id='line_1_10' title="bbox 745 1093 4006 1176; baseline -0.006 -16"><span class='ocrx_word' id='word_1_107' title='bbox 745 1109 833 1160; x_wconf 87' lang='lat' dir='ltr'><strong>illo</strong></span> <span class='ocrx_word' id='word_1_108' title='bbox 864 1117 1168 1176; x_wconf 76' lang='lat' dir='ltr'><strong>expugnata</strong></span> <span class='ocrx_word' id='word_1_109' title='bbox 1197 1105 1481 1169; x_wconf 82' lang='lat' dir='ltr'><strong>excisaque</strong></span> <span class='ocrx_word' id='word_1_110' title='bbox 1509 1099 1750 1154; x_wconf 85' lang='lat' dir='ltr'><strong>aTurcis</strong></span> <span class='ocrx_word' id='word_1_111' title='bbox 1770 1099 2157 1154; x_wconf 77' lang='lat' dir='ltr'><strong>Thessalonica</strong></span> <span class='ocrx_word' id='word_1_112' title='bbox 2195 1097 2307 1151; x_wconf 78' lang='lat' dir='ltr'><strong>l’uc-</strong></span> <span class='ocrx_word' id='word_1_113' title='bbox 2409 1095 2515 1149; x_wconf 90' lang='lat' dir='ltr'><strong>huc</strong></span> <span class='ocrx_word' id='word_1_114' title='bbox 2547 1095 2870 1164; x_wconf 78' lang='lat' dir='ltr'><strong>transcripta</strong></span> <span class='ocrx_word' id='word_1_115' title='bbox 2904 1095 3272 1150; x_wconf 84' lang='lat' dir='ltr'><strong>instrumento</strong></span> <span class='ocrx_word' id='word_1_116' title='bbox 3310 1095 3524 1165; x_wconf 87' lang='lat' dir='ltr'><strong>publico</strong></span> <span class='ocrx_word' id='word_1_117' title='bbox 3556 1109 3707 1147; x_wconf 88' lang='lat' dir='ltr'><strong>num.</strong></span> <span class='ocrx_word' id='word_1_118' title='bbox 3752 1093 3822 1145; x_wconf 82' lang='lat'><strong>88</strong></span> <span class='ocrx_word' id='word_1_119' title='bbox 3856 1106 4006 1144; x_wconf 79' lang='lat' dir='ltr'><strong>con-</strong></span> 
     </span>
    </p>
   </div>
   <div class='ocr_carea' id='block_1_11' title="bbox 747 1186 4006 1261">
    <p class='ocr_par' dir='ltr' id='par_1_11' title="bbox 747 1186 4006 1261">
     <span class='ocr_line' id='line_1_11' title="bbox 747 1186 4006 1261; baseline -0.005 -9"><span class='ocrx_word' id='word_1_120' title='bbox 747 1201 838 1253; x_wconf 89' lang='lat' dir='ltr'><strong>rit.</strong></span> <span class='ocrx_word' id='word_1_121' title='bbox 870 1199 1024 1252; x_wconf 91' lang='lat' dir='ltr'><strong>Tunc</strong></span> <span class='ocrx_word' id='word_1_122' title='bbox 1061 1199 1205 1250; x_wconf 88' lang='lat' dir='ltr'><strong>enim</strong></span> <span class='ocrx_word' id='word_1_123' title='bbox 1239 1194 1582 1256; x_wconf 85' lang='lat' dir='ltr'><strong>Christianis,</strong></span> <span class='ocrx_word' id='word_1_124' title='bbox 1613 1204 1670 1246; x_wconf 94' lang='lat' dir='ltr'><strong>ut</strong></span> <span class='ocrx_word' id='word_1_125' title='bbox 1710 1193 1947 1248; x_wconf 84' lang='lat' dir='ltr'><strong>Joannes</strong></span> <span class='ocrx_word' id='word_1_126' title='bbox 1995 1193 2308 1261; x_wconf 73' lang='lat' dir='ltr'><strong>Anagnosta</strong></span> <span class='ocrx_word' id='word_1_127' title='bbox 2410 1189 2572 1242; x_wconf 88' lang='lat' dir='ltr'><strong>tentis</strong></span> <span class='ocrx_word' id='word_1_128' title='bbox 2632 1189 2789 1242; x_wconf 79' lang='lat' dir='ltr'><strong>facile</strong></span> <span class='ocrx_word' id='word_1_129' title='bbox 2839 1189 3129 1258; x_wconf 79' lang='lat' dir='ltr'><strong>intelliges,</strong></span> <span class='ocrx_word' id='word_1_130' title='bbox 3181 1199 3534 1250; x_wconf 81' lang='lat' dir='ltr'><strong>consecrata;</strong></span> <span class='ocrx_word' id='word_1_131' title='bbox 3586 1186 3754 1254; x_wconf 73' lang='lat' dir='ltr'><strong>huius</strong></span> <span class='ocrx_word' id='word_1_132' title='bbox 3804 1195 4006 1236; x_wconf 81' lang='lat' dir='ltr'><strong>autem</strong></span> 
     </span>
    </p>
   </div>
   <div class='ocr_carea' id='block_1_12' title="bbox 746 1279 4012 1346">
    <p class='ocr_par' dir='ltr' id='par_1_12' title="bbox 746 1279 4012 1346">
     <span class='ocr_line' id='line_1_12' title="bbox 746 1279 4012 1346; baseline -0.005 -1"><span class='ocrx_word' id='word_1_133' title='bbox 746 1293 799 1345; x_wconf 93' lang='lat' dir='ltr'><strong>in</strong></span> <span class='ocrx_word' id='word_1_134' title='bbox 835 1291 1212 1344; x_wconf 65' lang='lat' dir='ltr'><strong>lucubratione</strong></span> <span class='ocrx_word' id='word_1_135' title='bbox 1252 1288 1467 1340; x_wconf 88' lang='lat' dir='ltr'><strong>laudata</strong></span> <span class='ocrx_word' id='word_1_136' title='bbox 1503 1303 1652 1339; x_wconf 92' lang='lat' dir='ltr'><strong>num.</strong></span> <span class='ocrx_word' id='word_1_137' title='bbox 1688 1286 1751 1339; x_wconf 81' lang='grc'><strong>18</strong></span> <span class='ocrx_word' id='word_1_138' title='bbox 1776 1295 2027 1346; x_wconf 89' lang='lat' dir='ltr'><strong>testatur,</strong></span> <span class='ocrx_word' id='word_1_139' title='bbox 2049 1283 2156 1338; x_wconf 87' lang='lat' dir='ltr'><strong>duo</strong></span> <span class='ocrx_word' id='word_1_140' title='bbox 2182 1283 2310 1335; x_wconf 87' lang='lat' dir='ltr'><strong>dun-</strong></span> <span class='ocrx_word' id='word_1_141' title='bbox 2413 1280 2537 1335; x_wconf 89' lang='lat' dir='ltr'><strong>loco</strong></span> <span class='ocrx_word' id='word_1_142' title='bbox 2581 1282 3100 1338; x_wconf 82' lang='lat' dir='ltr'><strong>Tltessalonieenses</strong></span> <span class='ocrx_word' id='word_1_143' title='bbox 3127 1321 3142 1346; x_wconf 95' lang='lat'><strong>,</strong></span> <span class='ocrx_word' id='word_1_144' title='bbox 3187 1290 3249 1335; x_wconf 90' lang='lat' dir='ltr'><strong>ut</strong></span> <span class='ocrx_word' id='word_1_145' title='bbox 3279 1282 3518 1342; x_wconf 86' lang='lat' dir='ltr'><strong>videtur,</strong></span> <span class='ocrx_word' id='word_1_146' title='bbox 3553 1279 3847 1333; x_wconf 83' lang='lat' dir='ltr'><strong>ecclesiam</strong></span> <span class='ocrx_word' id='word_1_147' title='bbox 3883 1293 4012 1328; x_wconf 78' lang='lat' dir='ltr'><strong>me-</strong></span> 
     </span>
    </p>
   </div>
   <div class='ocr_carea' id='block_1_13' title="bbox 748 1371 4011 1449">
    <p class='ocr_par' dir='ltr' id='par_1_13' title="bbox 748 1371 4011 1449">
     <span class='ocr_line' id='line_1_13' title="bbox 748 1371 4011 1449; baseline -0.004 -16"><span class='ocrx_word' id='word_1_148' title='bbox 748 1396 897 1436; x_wconf 78' lang='lat' dir='ltr'><strong>taxat</strong></span> <span class='ocrx_word' id='word_1_149' title='bbox 948 1381 1164 1449; x_wconf 84' lang='lat' dir='ltr'><strong>templa,</strong></span> <span class='ocrx_word' id='word_1_150' title='bbox 1219 1395 1449 1448; x_wconf 86' lang='lat' dir='ltr'><strong>quorum</strong></span> <span class='ocrx_word' id='word_1_151' title='bbox 1497 1379 1726 1430; x_wconf 89' lang='lat' dir='ltr'><strong>alterum</strong></span> <span class='ocrx_word' id='word_1_152' title='bbox 1776 1377 2036 1444; x_wconf 75' lang='lat' dir='ltr'><strong>Deiparze,</strong></span> <span class='ocrx_word' id='word_1_153' title='bbox 2081 1376 2310 1428; x_wconf 89' lang='lat' dir='ltr'><strong>alterum</strong></span> <span class='ocrx_word' id='word_1_154' title='bbox 2411 1373 2801 1443; x_wconf 89' lang='lat' dir='ltr'><strong>tropolitanam</strong></span> <span class='ocrx_word' id='word_1_155' title='bbox 2855 1389 2952 1428; x_wconf 88' lang='lat' dir='ltr'><strong>seu</strong></span> <span class='ocrx_word' id='word_1_156' title='bbox 3021 1373 3338 1443; x_wconf 82' lang='lat' dir='ltr'><strong>primariam</strong></span> <span class='ocrx_word' id='word_1_157' title='bbox 3405 1371 3567 1424; x_wconf 87' lang='lat' dir='ltr'><strong>aliam</strong></span> <span class='ocrx_word' id='word_1_158' title='bbox 3627 1379 4011 1424; x_wconf 79' lang='lat' dir='ltr'><strong>cxstruxcre.</strong></span> 
     </span>
    </p>
   </div>
   <div class='ocr_carea' id='block_1_14' title="bbox 750 1465 4014 1537">
    <p class='ocr_par' dir='ltr' id='par_1_14' title="bbox 750 1465 4014 1537">
     <span class='ocr_line' id='line_1_14' title="bbox 750 1465 4014 1537; baseline -0.005 -7"><span class='ocrx_word' id='word_1_159' title='bbox 750 1475 1076 1530; x_wconf 67' lang='lat' dir='ltr'><strong>l&#39;ra-cursori</strong></span> <span class='ocrx_word' id='word_1_160' title='bbox 1123 1471 1333 1525; x_wconf 89' lang='lat' dir='ltr'><strong>Domini</strong></span> <span class='ocrx_word' id='word_1_161' title='bbox 1372 1486 1586 1526; x_wconf 89' lang='lat' dir='ltr'><strong>sacrum</strong></span> <span class='ocrx_word' id='word_1_162' title='bbox 1634 1480 1772 1530; x_wconf 83' lang='lat' dir='ltr'><strong>erat.</strong></span> <span class='ocrx_word' id='word_1_163' title='bbox 1820 1469 1970 1522; x_wconf 78' lang='lat' dir='ltr'><strong>luere</strong></span> <span class='ocrx_word' id='word_1_164' title='bbox 2003 1480 2210 1536; x_wconf 88' lang='lat' dir='ltr'><strong>erepta.</strong></span> <span class='ocrx_word' id='word_1_165' title='bbox 2245 1467 2314 1518; x_wconf 82' lang='lat' dir='ltr'><strong>At</strong></span> <span class='ocrx_word' id='word_1_166' title='bbox 2413 1480 2664 1535; x_wconf 84' lang='lat' dir='ltr'><strong>eamque.</strong></span> <span class='ocrx_word' id='word_1_167' title='bbox 2698 1467 2876 1537; x_wconf 86' lang='lat' dir='ltr'><strong>quod,</strong></span> <span class='ocrx_word' id='word_1_168' title='bbox 2921 1481 3110 1520; x_wconf 89' lang='lat' dir='ltr'><strong>eorum</strong></span> <span class='ocrx_word' id='word_1_169' title='bbox 3145 1481 3270 1535; x_wconf 85' lang='lat' dir='ltr'><strong>erga</strong></span> <span class='ocrx_word' id='word_1_170' title='bbox 3305 1465 3566 1518; x_wconf 77' lang='lat' dir='ltr'><strong>Sanctum</strong></span> <span class='ocrx_word' id='word_1_171' title='bbox 3596 1474 3854 1516; x_wconf 90' lang='lat' dir='ltr'><strong>nostrum</strong></span> <span class='ocrx_word' id='word_1_172' title='bbox 3900 1478 4014 1513; x_wconf 75' lang='lat' dir='ltr'><strong>ve-</strong></span> 
     </span>
    </p>
   </div>
   <div class='ocr_carea' id='block_1_15' title="bbox 754 1558 4014 1628">
    <p class='ocr_par' dir='ltr' id='par_1_15' title="bbox 754 1558 4014 1628">
     <span class='ocr_line' id='line_1_15' title="bbox 754 1558 4014 1628; baseline -0.003 -11"><span class='ocrx_word' id='word_1_173' title='bbox 754 1584 904 1628; x_wconf 70' lang='lat' dir='ltr'><strong>\&#39;€I0,</strong></span> <span class='ocrx_word' id='word_1_174' title='bbox 941 1565 1312 1627; x_wconf 83' lang='lat' dir='ltr'><strong>sciscitahere,</strong></span> <span class='ocrx_word' id='word_1_175' title='bbox 1339 1578 1406 1615; x_wconf 89' lang='lat' dir='ltr'><strong>an</strong></span> <span class='ocrx_word' id='word_1_176' title='bbox 1437 1563 1597 1615; x_wconf 89' lang='lat' dir='ltr'><strong>etiam</strong></span> <span class='ocrx_word' id='word_1_177' title='bbox 1632 1561 1852 1614; x_wconf 88' lang='lat' dir='ltr'><strong>biennio</strong></span> <span class='ocrx_word' id='word_1_178' title='bbox 1882 1561 2101 1612; x_wconf 90' lang='lat' dir='ltr'><strong>circiter</strong></span> <span class='ocrx_word' id='word_1_179' title='bbox 2137 1559 2312 1611; x_wconf 90' lang='lat' dir='ltr'><strong>trien-</strong></span> <span class='ocrx_word' id='word_1_180' title='bbox 2417 1562 2750 1614; x_wconf 88' lang='lat' dir='ltr'><strong>nerationem</strong></span> <span class='ocrx_word' id='word_1_181' title='bbox 2777 1561 2993 1626; x_wconf 87' lang='lat' dir='ltr'><strong>penitus</strong></span> <span class='ocrx_word' id='word_1_182' title='bbox 3018 1560 3160 1613; x_wconf 90' lang='lat' dir='ltr'><strong>haud</strong></span> <span class='ocrx_word' id='word_1_183' title='bbox 3194 1558 3486 1621; x_wconf 85' lang='lat' dir='ltr'><strong>interiisse,</strong></span> <span class='ocrx_word' id='word_1_184' title='bbox 3522 1567 3854 1628; x_wconf 77' lang='lat' dir='ltr'><strong>argumento</strong></span> <span class='ocrx_word' id='word_1_185' title='bbox 3891 1567 4014 1615; x_wconf 82' lang='lat' dir='ltr'><strong>est,</strong></span> 
     </span>
    </p>
   </div>
   <div class='ocr_carea' id='block_1_16' title="bbox 752 1649 4014 1727">
    <p class='ocr_par' dir='ltr' id='par_1_16' title="bbox 752 1649 4014 1727">
     <span class='ocr_line' id='line_1_16' title="bbox 752 1649 4014 1727; baseline -0.004 -16"><span class='ocrx_word' id='word_1_186' title='bbox 752 1662 907 1712; x_wconf 74' lang='grc' dir='ltr'>ιιίοιρ</span> <span class='ocrx_word' id='word_1_187' title='bbox 936 1669 1055 1727; x_wconf 86' lang='lat' dir='ltr'><strong>post</strong></span> <span class='ocrx_word' id='word_1_188' title='bbox 1085 1659 1312 1711; x_wconf 76' lang='lat' dir='ltr'><strong>dicatam</strong></span> <span class='ocrx_word' id='word_1_189' title='bbox 1353 1653 1622 1708; x_wconf 84' lang='lat' dir='ltr'><strong>Demetrio</strong></span> <span class='ocrx_word' id='word_1_190' title='bbox 1651 1653 1818 1705; x_wconf 65' lang='lat' dir='ltr'><strong>sedem</strong></span> <span class='ocrx_word' id='word_1_191' title='bbox 1849 1650 2172 1704; x_wconf 75' lang='lat' dir='ltr'><strong>Christianis</strong></span> <span class='ocrx_word' id='word_1_192' title='bbox 2220 1664 2316 1717; x_wconf 85' lang='lat' dir='ltr'><strong>per</strong></span> <span class='ocrx_word' id='word_1_193' title='bbox 2415 1661 2602 1704; x_wconf 90' lang='lat' dir='ltr'><strong>sancto</strong></span> <span class='ocrx_word' id='word_1_194' title='bbox 2642 1650 2918 1706; x_wconf 85' lang='lat' dir='ltr'><strong>Demetrio</strong></span> <span class='ocrx_word' id='word_1_195' title='bbox 2956 1665 3364 1706; x_wconf 82' lang='lat' dir='ltr'><strong>consecravere.</strong></span> <span class='ocrx_word' id='word_1_196' title='bbox 3417 1650 3576 1704; x_wconf 83' lang='lat' dir='ltr'><strong>Certe</strong></span> <span class='ocrx_word' id='word_1_197' title='bbox 3607 1690 3622 1713; x_wconf 95' lang='lat'><strong>,</strong></span> <span class='ocrx_word' id='word_1_198' title='bbox 3670 1649 4014 1718; x_wconf 81' lang='lat' dir='ltr'><strong>primariam</strong></span> 
     </span>
    </p>
   </div>
   <div class='ocr_carea' id='block_1_17' title="bbox 755 1741 4016 1816">
    <p class='ocr_par' dir='ltr' id='par_1_17' title="bbox 755 1741 4016 1816">
     <span class='ocr_line' id='line_1_17' title="bbox 755 1741 4016 1816; baseline -0.003 -14"><span class='ocrx_word' id='word_1_199' title='bbox 755 1753 964 1803; x_wconf 28' lang='lat' dir='ltr'><strong>&#39;l&#39;ur-‘os</strong></span> <span class='ocrx_word' id='word_1_200' title='bbox 1012 1749 1150 1816; x_wconf 68' lang='lat' dir='ltr'><strong>eripi</strong></span> <span class='ocrx_word' id='word_1_201' title='bbox 1203 1747 1343 1799; x_wconf 84' lang='lat' dir='ltr'><strong>haud</strong></span> <span class='ocrx_word' id='word_1_202' title='bbox 1405 1744 1670 1813; x_wconf 77' lang='lat' dir='ltr'><strong>contigit?</strong></span> <span class='ocrx_word' id='word_1_203' title='bbox 1716 1743 1770 1796; x_wconf 90' lang='lat' dir='ltr'><strong>ld</strong></span> <span class='ocrx_word' id='word_1_204' title='bbox 1815 1758 1945 1795; x_wconf 70' lang='lat' dir='ltr'><strong>Sane</strong></span> <span class='ocrx_word' id='word_1_205' title='bbox 1996 1745 2066 1793; x_wconf 83' lang='lat' dir='ltr'><strong>ita</strong></span> <span class='ocrx_word' id='word_1_206' title='bbox 2112 1741 2313 1793; x_wconf 86' lang='lat' dir='ltr'><strong>habere</strong></span> <span class='ocrx_word' id='word_1_207' title='bbox 2419 1741 2576 1795; x_wconf 87' lang='lat' dir='ltr'><strong>modo</strong></span> <span class='ocrx_word' id='word_1_208' title='bbox 2608 1741 3012 1797; x_wconf 72' lang='lat' dir='ltr'><strong>Thessalonica:</strong></span> <span class='ocrx_word' id='word_1_209' title='bbox 3041 1744 3328 1798; x_wconf 87' lang='lat' dir='ltr'><strong>ecclesiam</strong></span> <span class='ocrx_word' id='word_1_210' title='bbox 3373 1745 3546 1796; x_wconf 91' lang='lat' dir='ltr'><strong>sancti</strong></span> <span class='ocrx_word' id='word_1_211' title='bbox 3600 1742 3862 1796; x_wconf 90' lang='lat' dir='ltr'><strong>Demetrii</strong></span> <span class='ocrx_word' id='word_1_212' title='bbox 3899 1757 4016 1790; x_wconf 80' lang='lat' dir='ltr'><strong>no-</strong></span> 
     </span>
    </p>
   </div>
   <div class='ocr_carea' id='block_1_18' title="bbox 757 1831 4016 1901">
    <p class='ocr_par' dir='ltr' id='par_1_18' title="bbox 757 1831 4016 1901">
     <span class='ocr_line' id='line_1_18' title="bbox 757 1831 4016 1901; baseline -0.007 -7"><span class='ocrx_word' id='word_1_213' title='bbox 757 1843 901 1894; x_wconf 65' lang='lat' dir='ltr'><strong>lutlltl</strong></span> <span class='ocrx_word' id='word_1_214' title='bbox 935 1841 981 1892; x_wconf 75' lang='lat' dir='ltr'><strong>\i</strong></span> <span class='ocrx_word' id='word_1_215' title='bbox 1009 1845 1170 1892; x_wconf 70' lang='grc' dir='ltr'><strong>ξειυτ.</strong></span> <span class='ocrx_word' id='word_1_216' title='bbox 1209 1837 1320 1890; x_wconf 70' lang='grc' dir='ltr'>Ειδὶ</span> <span class='ocrx_word' id='word_1_217' title='bbox 1347 1836 1488 1888; x_wconf 89' lang='lat' dir='ltr'><strong>enim</strong></span> <span class='ocrx_word' id='word_1_218' title='bbox 1516 1846 1642 1888; x_wconf 88' lang='lat' dir='ltr'><strong>tunc</strong></span> <span class='ocrx_word' id='word_1_219' title='bbox 1675 1832 1752 1896; x_wconf 70' lang='lat' dir='ltr'><strong>bl,</strong></span> <span class='ocrx_word' id='word_1_220' title='bbox 1778 1833 2000 1897; x_wconf 83' lang='lat' dir='ltr'><strong>jubcnte</strong></span> <span class='ocrx_word' id='word_1_221' title='bbox 2027 1832 2320 1884; x_wconf 79' lang='lat' dir='ltr'><strong>Anturallte</strong></span> <span class='ocrx_word' id='word_1_222' title='bbox 2351 1831 2393 1886; x_wconf 77' lang='grc' dir='ltr'><strong><em>Β</em></strong></span> <span class='ocrx_word' id='word_1_223' title='bbox 2421 1835 2569 1890; x_wconf 73' lang='lat' dir='ltr'><strong>mine</strong></span> <span class='ocrx_word' id='word_1_224' title='bbox 2597 1845 2967 1890; x_wconf 64' lang='lat' dir='ltr'><strong>consecratum</strong></span> <span class='ocrx_word' id='word_1_225' title='bbox 2997 1851 3140 1898; x_wconf 63' lang='lat' dir='ltr'><strong>esse.</strong></span> <span class='ocrx_word' id='word_1_226' title='bbox 3166 1834 3492 1901; x_wconf 56' lang='lat' dir='ltr'><strong>Lequienus,</strong></span> <span class='ocrx_word' id='word_1_227' title='bbox 3522 1837 3606 1888; x_wconf 72' lang='lat' dir='ltr'><strong>cui</strong></span> <span class='ocrx_word' id='word_1_228' title='bbox 3636 1844 3688 1887; x_wconf 73' lang='grc' dir='ltr'>ει</span> <span class='ocrx_word' id='word_1_229' title='bbox 3860 1833 4016 1886; x_wconf 55' lang='lat' dir='ltr'><strong>scr]-</strong></span> 
     </span>
    </p>
   </div>
   <div class='ocr_carea' id='block_1_19' title="bbox 755 1925 2319 2000">
    <p class='ocr_par' dir='ltr' id='par_1_19' title="bbox 755 1925 2319 2000">
     <span class='ocr_line' id='line_1_19' title="bbox 755 1925 2319 2000; baseline -0.009 -12"><span class='ocrx_word' id='word_1_230' title='bbox 755 1936 819 1995; x_wconf 85' lang='lat' dir='ltr'><strong>ll,</strong></span> <span class='ocrx_word' id='word_1_231' title='bbox 850 1937 1171 2000; x_wconf 89' lang='lat' dir='ltr'><strong>imperatore</strong></span> <span class='ocrx_word' id='word_1_232' title='bbox 1207 1945 1327 1992; x_wconf 89' lang='lat' dir='ltr'><strong>suo,</strong></span> <span class='ocrx_word' id='word_1_233' title='bbox 1362 1929 1541 1981; x_wconf 82' lang='lat' dir='ltr'><strong>omnia</strong></span> <span class='ocrx_word' id='word_1_234' title='bbox 1568 1927 1602 1977; x_wconf 79' lang='grc' dir='ltr'>[ι</span> <span class='ocrx_word' id='word_1_235' title='bbox 1625 1941 1682 1979; x_wconf 91' lang='lat' dir='ltr'><strong>re</strong></span> <span class='ocrx_word' id='word_1_236' title='bbox 1715 1925 2149 1979; x_wconf 81' lang='lat' dir='ltr'><strong>Christianorum</strong></span> <span class='ocrx_word' id='word_1_237' title='bbox 2180 1933 2319 1975; x_wconf 88' lang='lat' dir='ltr'><strong>tem-</strong></span> 
     </span>
    </p>
   </div>
   <div class='ocr_carea' id='block_1_20' title="bbox 758 2018 2318 2094">
    <p class='ocr_par' dir='ltr' id='par_1_20' title="bbox 758 2018 2318 2094">
     <span class='ocr_line' id='line_1_20' title="bbox 758 2018 2318 2094; baseline -0.005 -20"><span class='ocrx_word' id='word_1_238' title='bbox 758 2028 867 2094; x_wconf 76' lang='grc' dir='ltr'>ιιι-ι,</span> <span class='ocrx_word' id='word_1_239' title='bbox 890 2028 964 2078; x_wconf 88' lang='lat' dir='ltr'><strong>uti</strong></span> <span class='ocrx_word' id='word_1_240' title='bbox 1001 2024 1138 2075; x_wconf 91' lang='lat' dir='ltr'><strong>idem</strong></span> <span class='ocrx_word' id='word_1_241' title='bbox 1159 2025 1465 2088; x_wconf 66' lang='lat' dir='ltr'><strong>Anagnosla</strong></span> <span class='ocrx_word' id='word_1_242' title='bbox 1501 2035 1650 2072; x_wconf 90' lang='lat' dir='ltr'><strong>num.</strong></span> <span class='ocrx_word' id='word_1_243' title='bbox 1671 2019 1742 2072; x_wconf 79' lang='lat'><strong>‘20</strong></span> <span class='ocrx_word' id='word_1_244' title='bbox 1771 2019 1952 2079; x_wconf 84' lang='lat' dir='ltr'><strong>docet,</strong></span> <span class='ocrx_word' id='word_1_245' title='bbox 1982 2018 2318 2082; x_wconf 86' lang='lat' dir='ltr'><strong>occuparint,</strong></span> 
     </span>
    </p>
   </div>
   <div class='ocr_carea' id='block_1_21' title="bbox 761 2105 2317 2175">
    <p class='ocr_par' dir='ltr' id='par_1_21' title="bbox 761 2105 2317 2175">
     <span class='ocr_line' id='line_1_21' title="bbox 761 2105 2317 2175; baseline -0.009 -6"><span class='ocrx_word' id='word_1_246' title='bbox 761 2120 952 2169; x_wconf 84' lang='lat' dir='ltr'><strong>horum</strong></span> <span class='ocrx_word' id='word_1_247' title='bbox 1001 2125 1178 2166; x_wconf 88' lang='lat' dir='ltr'><strong>tamen</strong></span> <span class='ocrx_word' id='word_1_248' title='bbox 1225 2121 1456 2175; x_wconf 87' lang='lat' dir='ltr'><strong>quatuor</strong></span> <span class='ocrx_word' id='word_1_249' title='bbox 1505 2109 1609 2161; x_wconf 85' lang='lat' dir='ltr'><strong>illis</strong></span> <span class='ocrx_word' id='word_1_250' title='bbox 1647 2109 1829 2160; x_wconf 80' lang='lat' dir='ltr'><strong>adhuc</strong></span> <span class='ocrx_word' id='word_1_251' title='bbox 1877 2106 2029 2159; x_wconf 84' lang='lat' dir='ltr'><strong>fuere</strong></span> <span class='ocrx_word' id='word_1_252' title='bbox 2081 2105 2317 2168; x_wconf 78' lang='lat' dir='ltr'><strong>reliita;</strong></span> 
     </span>
    </p>
   </div>
   <div class='ocr_carea' id='block_1_22' title="bbox 765 2195 2321 2265">
    <p class='ocr_par' dir='ltr' id='par_1_22' title="bbox 765 2195 2321 2265">
     <span class='ocr_line' id='line_1_22' title="bbox 765 2195 2321 2265; baseline -0.006 -10"><span class='ocrx_word' id='word_1_253' title='bbox 765 2207 875 2256; x_wconf 66' lang='lat' dir='ltr'><strong>ltatc</strong></span> <span class='ocrx_word' id='word_1_254' title='bbox 907 2209 1086 2254; x_wconf 82' lang='lat' dir='ltr'><strong>autem</strong></span> <span class='ocrx_word' id='word_1_255' title='bbox 1118 2201 1254 2252; x_wconf 90' lang='lat' dir='ltr'><strong>inter</strong></span> <span class='ocrx_word' id='word_1_256' title='bbox 1285 2200 1452 2252; x_wconf 80' lang='lat' dir='ltr'><strong>sancti</strong></span> <span class='ocrx_word' id='word_1_257' title='bbox 1474 2197 1727 2250; x_wconf 83' lang='lat' dir='ltr'><strong>Demetrii</strong></span> <span class='ocrx_word' id='word_1_258' title='bbox 1762 2196 2019 2265; x_wconf 87' lang='lat' dir='ltr'><strong>templum</strong></span> <span class='ocrx_word' id='word_1_259' title='bbox 2043 2195 2321 2250; x_wconf 76' lang='lat' dir='ltr'><strong>exstitisse</strong></span> 
     </span>
    </p>
   </div>
   <div class='ocr_carea' id='block_1_23' title="bbox 765 2298 1002 2346">
    <p class='ocr_par' dir='ltr' id='par_1_23' title="bbox 765 2298 1002 2346">
     <span class='ocr_line' id='line_1_23' title="bbox 765 2298 1002 2346; baseline 0.004 -3"><span class='ocrx_word' id='word_1_260' title='bbox 765 2298 1002 2346; x_wconf 57' lang='lat' dir='ltr'><strong>videtur.</strong></span> 
     </span>
    </p>
   </div>
   <div class='ocr_carea' id='block_1_24' title="bbox 832 2377 2319 2448">
    <p class='ocr_par' dir='ltr' id='par_1_24' title="bbox 832 2377 2319 2448">
     <span class='ocr_line' id='line_1_24' title="bbox 832 2377 2319 2448; baseline -0.001 -17"><span class='ocrx_word' id='word_1_261' title='bbox 832 2384 919 2434; x_wconf 68' lang='lat'><strong>92.</strong></span> <span class='ocrx_word' id='word_1_262' title='bbox 957 2383 1129 2435; x_wconf 69' lang='lat' dir='ltr'><strong>Duos</strong></span> <span class='ocrx_word' id='word_1_263' title='bbox 1169 2384 1334 2442; x_wconf 84' lang='lat' dir='ltr'><strong>cnim,</strong></span> <span class='ocrx_word' id='word_1_264' title='bbox 1380 2377 1660 2433; x_wconf 82' lang='lat' dir='ltr'><strong>Michaelis</strong></span> <span class='ocrx_word' id='word_1_265' title='bbox 1698 2379 1856 2433; x_wconf 73' lang='lat' dir='ltr'><strong>Ducaa</strong></span> <span class='ocrx_word' id='word_1_266' title='bbox 1894 2393 2076 2448; x_wconf 84' lang='lat' dir='ltr'><strong>nepos,</strong></span> <span class='ocrx_word' id='word_1_267' title='bbox 2118 2392 2184 2431; x_wconf 78' lang='lat' dir='ltr'><strong>ex</strong></span> <span class='ocrx_word' id='word_1_268' title='bbox 2218 2377 2319 2431; x_wconf 82' lang='lat' dir='ltr'><strong>im-</strong></span> 
     </span>
    </p>
   </div>
   <div class='ocr_carea' id='block_1_25' title="bbox 766 2469 2327 2543">
    <p class='ocr_par' dir='ltr' id='par_1_25' title="bbox 766 2469 2327 2543">
     <span class='ocr_line' id='line_1_25' title="bbox 766 2469 2327 2543; baseline -0.002 -18"><span class='ocrx_word' id='word_1_269' title='bbox 766 2491 889 2543; x_wconf 73' lang='lat' dir='ltr'><strong>pera</strong></span> <span class='ocrx_word' id='word_1_270' title='bbox 921 2475 1034 2526; x_wconf 83' lang='lat' dir='ltr'><strong>oria</strong></span> <span class='ocrx_word' id='word_1_271' title='bbox 1069 2472 1330 2524; x_wconf 78' lang='lat' dir='ltr'><strong>Duc.trum</strong></span> <span class='ocrx_word' id='word_1_272' title='bbox 1390 2471 1589 2524; x_wconf 80' lang='lat' dir='ltr'><strong>fainilia</strong></span> <span class='ocrx_word' id='word_1_273' title='bbox 1637 2471 1926 2534; x_wconf 87' lang='lat' dir='ltr'><strong>oriundus,</strong></span> <span class='ocrx_word' id='word_1_274' title='bbox 1963 2469 2054 2538; x_wconf 86' lang='lat' dir='ltr'><strong>qui</strong></span> <span class='ocrx_word' id='word_1_275' title='bbox 2108 2477 2162 2522; x_wconf 87' lang='lat' dir='ltr'><strong>et</strong></span> <span class='ocrx_word' id='word_1_276' title='bbox 2209 2470 2327 2537; x_wconf 89' lang='lat' dir='ltr'><strong>ipse</strong></span> 
     </span>
    </p>
   </div>
   <div class='ocr_carea' id='block_1_26' title="bbox 767 2558 2328 2629">
    <p class='ocr_par' dir='ltr' id='par_1_26' title="bbox 767 2558 2328 2629">
     <span class='ocr_line' id='line_1_26' title="bbox 767 2558 2328 2629; baseline -0.004 -11"><span class='ocrx_word' id='word_1_277' title='bbox 767 2567 965 2618; x_wconf 67' lang='lat' dir='ltr'><strong>sacculo</strong></span> <span class='ocrx_word' id='word_1_278' title='bbox 1021 2564 1212 2629; x_wconf 88' lang='lat' dir='ltr'><strong>quitth</strong></span> <span class='ocrx_word' id='word_1_279' title='bbox 1276 2561 1486 2613; x_wconf 71' lang='lat' dir='ltr'><strong>decimo</strong></span> <span class='ocrx_word' id='word_1_280' title='bbox 1539 2558 1751 2622; x_wconf 83' lang='lat' dir='ltr'><strong>ﬂoruit,</strong></span> <span class='ocrx_word' id='word_1_281' title='bbox 1817 2573 2039 2628; x_wconf 91' lang='lat' dir='ltr'><strong>remque</strong></span> <span class='ocrx_word' id='word_1_282' title='bbox 2095 2558 2328 2627; x_wconf 88' lang='lat' dir='ltr'><strong>proinde</strong></span> 
     </span>
    </p>
   </div>
   <div class='ocr_carea' id='block_1_27' title="bbox 767 2649 2325 2721">
    <p class='ocr_par' dir='ltr' id='par_1_27' title="bbox 767 2649 2325 2721">
     <span class='ocr_line' id='line_1_27' title="bbox 767 2649 2325 2721; baseline -0.002 -17"><span class='ocrx_word' id='word_1_283' title='bbox 767 2659 968 2721; x_wconf 75' lang='lat' dir='ltr'><strong>optimc</strong></span> <span class='ocrx_word' id='word_1_284' title='bbox 1011 2653 1207 2706; x_wconf 82' lang='lat' dir='ltr'><strong>habere</strong></span> <span class='ocrx_word' id='word_1_285' title='bbox 1252 2661 1590 2718; x_wconf 71' lang='grc' dir='ltr'>ρει-ειιρειίιιιι</span> <span class='ocrx_word' id='word_1_286' title='bbox 1629 2651 1823 2718; x_wconf 89' lang='lat' dir='ltr'><strong>potuit,</strong></span> <span class='ocrx_word' id='word_1_287' title='bbox 1878 2649 1930 2702; x_wconf 92' lang='lat' dir='ltr'><strong>in</strong></span> <span class='ocrx_word' id='word_1_288' title='bbox 1967 2649 2264 2719; x_wconf 78' lang='lat' dir='ltr'><strong>Byzantina</strong></span> <span class='ocrx_word' id='word_1_289' title='bbox 2298 2663 2325 2701; x_wconf 90' lang='lat' dir='ltr'><strong>a</strong></span> 
     </span>
    </p>
   </div>
   <div class='ocr_carea' id='block_1_28' title="bbox 770 2741 2331 2810">
    <p class='ocr_par' dir='ltr' id='par_1_28' title="bbox 770 2741 2331 2810">
     <span class='ocr_line' id='line_1_28' title="bbox 770 2741 2331 2810; baseline -0.006 -7"><span class='ocrx_word' id='word_1_290' title='bbox 770 2769 826 2804; x_wconf 81' lang='lat' dir='ltr'><strong>se</strong></span> <span class='ocrx_word' id='word_1_291' title='bbox 860 2757 1108 2802; x_wconf 69' lang='lat' dir='ltr'><strong>contexta</strong></span> <span class='ocrx_word' id='word_1_292' title='bbox 1147 2742 1381 2796; x_wconf 83' lang='lat' dir='ltr'><strong>Historia</strong></span> <span class='ocrx_word' id='word_1_293' title='bbox 1410 2783 1422 2804; x_wconf 90' lang='lat'><strong>,</strong></span> <span class='ocrx_word' id='word_1_294' title='bbox 1458 2758 1576 2810; x_wconf 91' lang='lat' dir='ltr'><strong>cap.</strong></span> <span class='ocrx_word' id='word_1_295' title='bbox 1605 2744 1695 2805; x_wconf 62' lang='grc' dir='ltr'><strong>ἓξ),</strong></span> <span class='ocrx_word' id='word_1_296' title='bbox 1739 2743 1816 2796; x_wconf 94' lang='lat' dir='ltr'><strong>sic</strong></span> <span class='ocrx_word' id='word_1_297' title='bbox 1849 2745 2040 2796; x_wconf 85' lang='lat' dir='ltr'><strong>scribit</strong></span> <span class='ocrx_word' id='word_1_298' title='bbox 2074 2759 2089 2795; x_wconf 85' lang='lat'><strong>:</strong></span> <span class='ocrx_word' id='word_1_299' title='bbox 2125 2760 2142 2793; x_wconf 82' lang='grc' dir='ltr'><strong>ι</strong></span> <span class='ocrx_word' id='word_1_300' title='bbox 2187 2741 2331 2796; x_wconf 67' lang='lat' dir='ltr'><strong>Prae-</strong></span> 
     </span>
    </p>
   </div>
   <div class='ocr_carea' id='block_1_29' title="bbox 769 2833 2330 2910">
    <p class='ocr_par' dir='ltr' id='par_1_29' title="bbox 769 2833 2330 2910">
     <span class='ocr_line' id='line_1_29' title="bbox 769 2833 2330 2910; baseline -0.002 -20"><span class='ocrx_word' id='word_1_301' title='bbox 769 2845 926 2910; x_wconf 72' lang='grc' dir='ltr'>ςὶμιιτι</span> <span class='ocrx_word' id='word_1_302' title='bbox 978 2837 1323 2898; x_wconf 68' lang='lat' dir='ltr'><strong>monaswria,</strong></span> <span class='ocrx_word' id='word_1_303' title='bbox 1380 2850 1613 2903; x_wconf 87' lang='lat' dir='ltr'><strong>quorum</strong></span> <span class='ocrx_word' id='word_1_304' title='bbox 1661 2833 1802 2887; x_wconf 78' lang='lat' dir='ltr'><strong>fama</strong></span> <span class='ocrx_word' id='word_1_305' title='bbox 1847 2835 2079 2888; x_wconf 87' lang='lat' dir='ltr'><strong>celebris</strong></span> <span class='ocrx_word' id='word_1_306' title='bbox 2129 2835 2330 2902; x_wconf 82' lang='lat' dir='ltr'><strong>ubique</strong></span> 
     </span>
    </p>
   </div>
   <div class='ocr_carea' id='block_1_30' title="bbox 769 2926 2329 3001">
    <p class='ocr_par' dir='ltr' id='par_1_30' title="bbox 769 2926 2329 3001">
     <span class='ocr_line' id='line_1_30' title="bbox 769 2926 2329 3001; baseline -0.004 -17"><span class='ocrx_word' id='word_1_307' title='bbox 769 2945 907 2998; x_wconf 75' lang='lat' dir='ltr'><strong>(‘l&#39;.‘.l.,</strong></span> <span class='ocrx_word' id='word_1_308' title='bbox 935 2947 1051 3001; x_wconf 78' lang='lat' dir='ltr'><strong>quae</strong></span> <span class='ocrx_word' id='word_1_309' title='bbox 1084 2929 1328 2998; x_wconf 74' lang='lat' dir='ltr'><strong>religioni</strong></span> <span class='ocrx_word' id='word_1_310' title='bbox 1365 2927 1780 2995; x_wconf 70' lang='lat' dir='ltr'><strong>(Mahomotanaa</strong></span> <span class='ocrx_word' id='word_1_311' title='bbox 1813 2926 2065 2979; x_wconf 85' lang='lat' dir='ltr'><strong>nimirum</strong></span> <span class='ocrx_word' id='word_1_312' title='bbox 2093 2926 2329 2978; x_wconf 81' lang='lat' dir='ltr'><strong>Amura-</strong></span> 
     </span>
    </p>
   </div>
   <div class='ocr_carea' id='block_1_31' title="bbox 774 3012 2330 3092">
    <p class='ocr_par' dir='ltr' id='par_1_31' title="bbox 774 3012 2330 3092">
     <span class='ocr_line' id='line_1_31' title="bbox 774 3012 2330 3092; baseline -0.007 -16"><span class='ocrx_word' id='word_1_313' title='bbox 774 3023 913 3092; x_wconf 69' lang='lat' dir='ltr'><strong>tlivs)</strong></span> <span class='ocrx_word' id='word_1_314' title='bbox 954 3019 1180 3089; x_wconf 89' lang='lat' dir='ltr'><strong>templa,</strong></span> <span class='ocrx_word' id='word_1_315' title='bbox 1243 3028 1436 3087; x_wconf 67' lang='lat' dir='ltr'><strong>praeter</strong></span> <span class='ocrx_word' id='word_1_316' title='bbox 1497 3016 1725 3084; x_wconf 76' lang='lat' dir='ltr'><strong>insignis</strong></span> <span class='ocrx_word' id='word_1_317' title='bbox 1772 3016 2023 3084; x_wconf 82' lang='lat' dir='ltr'><strong>martyris</strong></span> <span class='ocrx_word' id='word_1_318' title='bbox 2072 3012 2330 3068; x_wconf 80' lang='lat' dir='ltr'><strong>Demetrii</strong></span> 
     </span>
    </p>
   </div>
   <div class='ocr_carea' id='block_1_32' title="bbox 772 3106 2337 3175">
    <p class='ocr_par' dir='ltr' id='par_1_32' title="bbox 772 3106 2337 3175">
     <span class='ocr_line' id='line_1_32' title="bbox 772 3106 2337 3175; baseline -0.008 -5"><span class='ocrx_word' id='word_1_319' title='bbox 772 3117 914 3174; x_wconf 74' lang='lat' dir='ltr'><strong>:cil-s</strong></span> <span class='ocrx_word' id='word_1_320' title='bbox 942 3112 1298 3168; x_wconf 76' lang='lat' dir='ltr'><strong>consecravit.</strong></span> <span class='ocrx_word' id='word_1_321' title='bbox 1332 3108 1590 3173; x_wconf 86' lang='lat' dir='ltr'><strong>Quamvis</strong></span> <span class='ocrx_word' id='word_1_322' title='bbox 1626 3109 1770 3162; x_wconf 87' lang='lat' dir='ltr'><strong>enim</strong></span> <span class='ocrx_word' id='word_1_323' title='bbox 1811 3106 1863 3160; x_wconf 88' lang='lat' dir='ltr'><strong>id</strong></span> <span class='ocrx_word' id='word_1_324' title='bbox 1899 3109 2172 3175; x_wconf 83' lang='lat' dir='ltr'><strong>ingressus</strong></span> <span class='ocrx_word' id='word_1_325' title='bbox 2200 3116 2337 3158; x_wconf 86' lang='lat' dir='ltr'><strong>tem-</strong></span> 
     </span>
    </p>
   </div>
   <div class='ocr_carea' id='block_1_33' title="bbox 777 3197 2339 3276">
    <p class='ocr_par' dir='ltr' id='par_1_33' title="bbox 777 3197 2339 3276">
     <span class='ocr_line' id='line_1_33' title="bbox 777 3197 2339 3276; baseline -0.004 -19"><span class='ocrx_word' id='word_1_326' title='bbox 777 3211 918 3276; x_wconf 70' lang='lat' dir='ltr'><strong>plum</strong></span> <span class='ocrx_word' id='word_1_327' title='bbox 961 3208 1075 3259; x_wconf 81' lang='lat' dir='ltr'><strong>suis</strong></span> <span class='ocrx_word' id='word_1_328' title='bbox 1107 3202 1355 3256; x_wconf 58' lang='lat' dir='ltr'><strong>manibus</strong></span> <span class='ocrx_word' id='word_1_329' title='bbox 1387 3201 1610 3253; x_wconf 86' lang='lat' dir='ltr'><strong>arietem</strong></span> <span class='ocrx_word' id='word_1_330' title='bbox 1664 3197 2028 3262; x_wconf 91' lang='lat' dir='ltr'><strong>immolasset,</strong></span> <span class='ocrx_word' id='word_1_331' title='bbox 2063 3197 2339 3265; x_wconf 87' lang='lat' dir='ltr'><strong>Deumque</strong></span> 
     </span>
    </p>
   </div>
   <div class='ocr_carea' id='block_1_34' title="bbox 778 3289 2341 3365">
    <p class='ocr_par' dir='ltr' id='par_1_34' title="bbox 778 3289 2341 3365">
     <span class='ocr_line' id='line_1_34' title="bbox 778 3289 2341 3365; baseline -0.004 -18"><span class='ocrx_word' id='word_1_332' title='bbox 778 3306 1028 3365; x_wconf 73' lang='lat' dir='ltr'><strong>precatus</strong></span> <span class='ocrx_word' id='word_1_333' title='bbox 1076 3303 1237 3348; x_wconf 73' lang='lat' dir='ltr'><strong>esset.</strong></span> <span class='ocrx_word' id='word_1_334' title='bbox 1288 3290 1619 3346; x_wconf 80' lang='lat' dir='ltr'><strong>Christianis</strong></span> <span class='ocrx_word' id='word_1_335' title='bbox 1661 3300 1838 3342; x_wconf 87' lang='lat' dir='ltr'><strong>tamen</strong></span> <span class='ocrx_word' id='word_1_336' title='bbox 1893 3289 2104 3342; x_wconf 87' lang='lat' dir='ltr'><strong>restitui</strong></span> <span class='ocrx_word' id='word_1_337' title='bbox 2157 3298 2341 3358; x_wconf 88' lang='lat' dir='ltr'><strong>postea</strong></span> 
     </span>
    </p>
   </div>
   <div class='ocr_carea' id='block_1_35' title="bbox 779 3379 2343 3456">
    <p class='ocr_par' dir='ltr' id='par_1_35' title="bbox 779 3379 2343 3456">
     <span class='ocr_line' id='line_1_35' title="bbox 779 3379 2343 3456; baseline -0.004 -19"><span class='ocrx_word' id='word_1_338' title='bbox 779 3389 956 3456; x_wconf 77' lang='lat' dir='ltr'><strong>jnss&#39;t.</strong></span> <span class='ocrx_word' id='word_1_339' title='bbox 1021 3383 1413 3438; x_wconf 76' lang='lat' dir='ltr'><strong>Ornamcntum</strong></span> <span class='ocrx_word' id='word_1_340' title='bbox 1471 3395 1600 3432; x_wconf 81' lang='lat' dir='ltr'><strong>vero</strong></span> <span class='ocrx_word' id='word_1_341' title='bbox 1659 3379 1892 3446; x_wconf 81' lang='lat' dir='ltr'><strong>sepulcri</strong></span> <span class='ocrx_word' id='word_1_342' title='bbox 1955 3389 2008 3432; x_wconf 93' lang='lat' dir='ltr'><strong>et</strong></span> <span class='ocrx_word' id='word_1_343' title='bbox 2066 3380 2343 3432; x_wconf 68' lang='lat' dir='ltr'><strong>memoriae</strong></span> 
     </span>
    </p>
   </div>
   <div class='ocr_carea' id='block_1_36' title="bbox 787 3469 2343 3546">
    <p class='ocr_par' dir='ltr' id='par_1_36' title="bbox 787 3469 2343 3546">
     <span class='ocr_line' id='line_1_36' title="bbox 787 3469 2343 3546; baseline -0.007 -16"><span class='ocrx_word' id='word_1_344' title='bbox 787 3479 1060 3546; x_wconf 68' lang='lat' dir='ltr'><strong>martyris,</strong></span> <span class='ocrx_word' id='word_1_345' title='bbox 1113 3473 1294 3541; x_wconf 88' lang='lat' dir='ltr'><strong>templi</strong></span> <span class='ocrx_word' id='word_1_346' title='bbox 1365 3483 1418 3524; x_wconf 88' lang='lat' dir='ltr'><strong>et</strong></span> <span class='ocrx_word' id='word_1_347' title='bbox 1465 3470 1746 3540; x_wconf 75' lang='lat' dir='ltr'><strong>adytorum</strong></span> <span class='ocrx_word' id='word_1_348' title='bbox 1793 3469 2154 3538; x_wconf 86' lang='lat' dir='ltr'><strong>quodcunque</strong></span> <span class='ocrx_word' id='word_1_349' title='bbox 2189 3479 2343 3530; x_wconf 88' lang='lat' dir='ltr'><strong>erat,</strong></span> 
     </span>
    </p>
   </div>
   <div class='ocr_carea' id='block_1_37' title="bbox 781 3560 2347 3632">
    <p class='ocr_par' dir='ltr' id='par_1_37' title="bbox 781 3560 2347 3632">
     <span class='ocr_line' id='line_1_37' title="bbox 781 3560 2347 3632; baseline -0.005 -10"><span class='ocrx_word' id='word_1_350' title='bbox 781 3571 944 3622; x_wconf 80' lang='lat' dir='ltr'><strong>&#39;l‘nrci</strong></span> <span class='ocrx_word' id='word_1_351' title='bbox 979 3567 1138 3621; x_wconf 87' lang='lat' dir='ltr'><strong>l&#39;urati</strong></span> <span class='ocrx_word' id='word_1_352' title='bbox 1194 3572 1342 3625; x_wconf 90' lang='lat' dir='ltr'><strong>sunt,</strong></span> <span class='ocrx_word' id='word_1_353' title='bbox 1377 3562 1674 3632; x_wconf 81' lang='lat' dir='ltr'><strong>parietibus</strong></span> <span class='ocrx_word' id='word_1_354' title='bbox 1713 3561 1873 3616; x_wconf 90' lang='lat' dir='ltr'><strong>nudis</strong></span> <span class='ocrx_word' id='word_1_355' title='bbox 1901 3560 2235 3615; x_wconf 74' lang='lat' dir='ltr'><strong>solummodo</strong></span> <span class='ocrx_word' id='word_1_356' title='bbox 2263 3574 2347 3614; x_wconf 89' lang='lat' dir='ltr'><strong>re-</strong></span> 
     </span>
    </p>
   </div>
   <div class='ocr_carea' id='block_1_38' title="bbox 785 3651 2340 3723">
    <p class='ocr_par' dir='ltr' id='par_1_38' title="bbox 785 3651 2340 3723">
     <span class='ocr_line' id='line_1_38' title="bbox 785 3651 2340 3723; baseline -0.006 -10"><span class='ocrx_word' id='word_1_357' title='bbox 785 3665 946 3715; x_wconf 79' lang='lat' dir='ltr'><strong>lictis.</strong></span> <span class='ocrx_word' id='word_1_358' title='bbox 990 3679 1006 3710; x_wconf 81' lang='grc' dir='ltr'><strong>ι</strong></span> <span class='ocrx_word' id='word_1_359' title='bbox 1049 3660 1148 3711; x_wconf 83' lang='lat' dir='ltr'><strong>Hic</strong></span> <span class='ocrx_word' id='word_1_360' title='bbox 1177 3667 1359 3710; x_wconf 86' lang='lat' dir='ltr'><strong>autent</strong></span> <span class='ocrx_word' id='word_1_361' title='bbox 1387 3654 1644 3723; x_wconf 86' lang='lat' dir='ltr'><strong>scriptor,</strong></span> <span class='ocrx_word' id='word_1_362' title='bbox 1685 3668 1753 3706; x_wconf 90' lang='lat' dir='ltr'><strong>ne</strong></span> <span class='ocrx_word' id='word_1_363' title='bbox 1782 3669 1904 3707; x_wconf 90' lang='lat' dir='ltr'><strong>cum</strong></span> <span class='ocrx_word' id='word_1_364' title='bbox 1941 3651 2151 3707; x_wconf 79' lang='lat' dir='ltr'><strong>Joanne</strong></span> <span class='ocrx_word' id='word_1_365' title='bbox 2194 3654 2340 3706; x_wconf 83' lang='lat' dir='ltr'><strong>Ana-</strong></span> 
     </span>
    </p>
   </div>
   <div class='ocr_carea' id='block_1_39' title="bbox 785 3744 2350 3826">
    <p class='ocr_par' dir='ltr' id='par_1_39' title="bbox 785 3744 2350 3826">
     <span class='ocr_line' id='line_1_39' title="bbox 785 3744 2350 3826; baseline -0.003 -22"><span class='ocrx_word' id='word_1_366' title='bbox 785 3764 996 3826; x_wconf 65' lang='lat' dir='ltr'><strong>gnosta,</strong></span> <span class='ocrx_word' id='word_1_367' title='bbox 1037 3752 1126 3819; x_wconf 89' lang='lat' dir='ltr'><strong>qui</strong></span> <span class='ocrx_word' id='word_1_368' title='bbox 1157 3750 1261 3802; x_wconf 89' lang='lat' dir='ltr'><strong>duo</strong></span> <span class='ocrx_word' id='word_1_369' title='bbox 1293 3756 1500 3800; x_wconf 90' lang='lat' dir='ltr'><strong>tantum</strong></span> <span class='ocrx_word' id='word_1_370' title='bbox 1528 3786 1543 3810; x_wconf 94' lang='lat'><strong>,</strong></span> <span class='ocrx_word' id='word_1_371' title='bbox 1577 3757 1634 3798; x_wconf 93' lang='lat' dir='ltr'><strong>ut</strong></span> <span class='ocrx_word' id='word_1_372' title='bbox 1669 3746 1777 3813; x_wconf 84' lang='lat' dir='ltr'><strong>iant</strong></span> <span class='ocrx_word' id='word_1_373' title='bbox 1808 3744 1999 3808; x_wconf 90' lang='lat' dir='ltr'><strong>docui,</strong></span> <span class='ocrx_word' id='word_1_374' title='bbox 2025 3744 2350 3799; x_wconf 82' lang='lat' dir='ltr'><strong>Christianis</strong></span> 
     </span>
    </p>
   </div>
   <div class='ocr_carea' id='block_1_40' title="bbox 788 3839 2351 3916">
    <p class='ocr_par' dir='ltr' id='par_1_40' title="bbox 788 3839 2351 3916">
     <span class='ocr_line' id='line_1_40' title="bbox 788 3839 2351 3916; baseline -0.004 -18"><span class='ocrx_word' id='word_1_375' title='bbox 788 3847 983 3916; x_wconf 77' lang='lat' dir='ltr'><strong>templa</strong></span> <span class='ocrx_word' id='word_1_376' title='bbox 1027 3844 1268 3912; x_wconf 80' lang='lat' dir='ltr'><strong>proxime</strong></span> <span class='ocrx_word' id='word_1_377' title='bbox 1316 3843 1384 3895; x_wconf 87' lang='lat' dir='ltr'><strong>ab</strong></span> <span class='ocrx_word' id='word_1_378' title='bbox 1418 3848 1724 3910; x_wconf 81' lang='lat' dir='ltr'><strong>expugnata</strong></span> <span class='ocrx_word' id='word_1_379' title='bbox 1757 3839 2143 3894; x_wconf 84' lang='lat' dir='ltr'><strong>Thessalonica</strong></span> <span class='ocrx_word' id='word_1_380' title='bbox 2182 3839 2351 3893; x_wconf 71' lang='lat' dir='ltr'><strong>fuisse</strong></span> 
     </span>
    </p>
   </div>
   <div class='ocr_carea' id='block_1_41' title="bbox 789 3930 2350 4012">
    <p class='ocr_par' dir='ltr' id='par_1_41' title="bbox 789 3930 2350 4012">
     <span class='ocr_line' id='line_1_41' title="bbox 789 3930 2350 4012; baseline -0.006 -19"><span class='ocrx_word' id='word_1_381' title='bbox 789 3953 997 4012; x_wconf 72' lang='lat' dir='ltr'><strong>ert-pta,</strong></span> <span class='ocrx_word' id='word_1_382' title='bbox 1019 3935 1203 3999; x_wconf 89' lang='lat' dir='ltr'><strong>tradit,</strong></span> <span class='ocrx_word' id='word_1_383' title='bbox 1231 3949 1471 4005; x_wconf 77' lang='lat' dir='ltr'><strong>pugnare</strong></span> <span class='ocrx_word' id='word_1_384' title='bbox 1496 3934 1567 3988; x_wconf 87' lang='lat' dir='ltr'><strong>sit</strong></span> <span class='ocrx_word' id='word_1_385' title='bbox 1594 3932 1880 3991; x_wconf 82' lang='lat' dir='ltr'><strong>dicendus.</strong></span> <span class='ocrx_word' id='word_1_386' title='bbox 1897 3932 1964 3985; x_wconf 90' lang='lat' dir='ltr'><strong>de</strong></span> <span class='ocrx_word' id='word_1_387' title='bbox 1985 3930 2350 3996; x_wconf 81' lang='lat' dir='ltr'><strong>monasteriis,</strong></span> 
     </span>
    </p>
   </div>
   <div class='ocr_carea' id='block_1_42' title="bbox 790 4021 2353 4097">
    <p class='ocr_par' dir='ltr' id='par_1_42' title="bbox 790 4021 2353 4097">
     <span class='ocr_line' id='line_1_42' title="bbox 790 4021 2353 4097; baseline -0.004 -16"><span class='ocrx_word' id='word_1_388' title='bbox 790 4045 908 4097; x_wconf 80' lang='lat' dir='ltr'><strong>quae</strong></span> <span class='ocrx_word' id='word_1_389' title='bbox 940 4038 1134 4093; x_wconf 53' lang='lat' dir='ltr'><strong>praeter</strong></span> <span class='ocrx_word' id='word_1_390' title='bbox 1167 4040 1350 4081; x_wconf 89' lang='lat' dir='ltr'><strong>sacras</strong></span> <span class='ocrx_word' id='word_1_391' title='bbox 1389 4025 1558 4079; x_wconf 87' lang='lat' dir='ltr'><strong>sancti</strong></span> <span class='ocrx_word' id='word_1_392' title='bbox 1610 4024 1867 4081; x_wconf 74' lang='lat' dir='ltr'><strong>Demetrii</strong></span> <span class='ocrx_word' id='word_1_393' title='bbox 1895 4023 2060 4090; x_wconf 65' lang='lat' dir='ltr'><strong>ades,</strong></span> <span class='ocrx_word' id='word_1_394' title='bbox 2108 4021 2353 4092; x_wconf 73' lang='lat' dir='ltr'><strong>religioni</strong></span> 
     </span>
    </p>
   </div>
   <div class='ocr_carea' id='block_1_43' title="bbox 793 4113 2355 4194">
    <p class='ocr_par' dir='ltr' id='par_1_43' title="bbox 793 4113 2355 4194">
     <span class='ocr_line' id='line_1_43' title="bbox 793 4113 2355 4194; baseline -0.004 -21"><span class='ocrx_word' id='word_1_395' title='bbox 793 4137 901 4173; x_wconf 75' lang='lat' dir='ltr'><strong>sua:</strong></span> <span class='ocrx_word' id='word_1_396' title='bbox 931 4119 1124 4194; x_wconf 84' lang='lat' dir='ltr'><strong>templa</strong></span> <span class='ocrx_word' id='word_1_397' title='bbox 1155 4117 1482 4173; x_wconf 79' lang='lat' dir='ltr'><strong>Amuratltes</strong></span> <span class='ocrx_word' id='word_1_398' title='bbox 1512 4115 1732 4170; x_wconf 85' lang='lat' dir='ltr'><strong>biennio</strong></span> <span class='ocrx_word' id='word_1_399' title='bbox 1756 4115 1973 4169; x_wconf 84' lang='lat' dir='ltr'><strong>circiter</strong></span> <span class='ocrx_word' id='word_1_400' title='bbox 1999 4124 2089 4168; x_wconf 94' lang='lat' dir='ltr'><strong>aut</strong></span> <span class='ocrx_word' id='word_1_401' title='bbox 2120 4113 2355 4167; x_wconf 89' lang='lat' dir='ltr'><strong>ttiennio</strong></span> 
     </span>
    </p>
   </div>
   <div class='ocr_carea' id='block_1_44' title="bbox 796 4202 2358 4281">
    <p class='ocr_par' dir='ltr' id='par_1_44' title="bbox 796 4202 2358 4281">
     <span class='ocr_line' id='line_1_44' title="bbox 796 4202 2358 4281; baseline -0.004 -20"><span class='ocrx_word' id='word_1_402' title='bbox 796 4221 917 4281; x_wconf 76' lang='lat' dir='ltr'><strong>post</strong></span> <span class='ocrx_word' id='word_1_403' title='bbox 955 4217 1310 4278; x_wconf 72' lang='lat' dir='ltr'><strong>expugnatam</strong></span> <span class='ocrx_word' id='word_1_404' title='bbox 1343 4203 1782 4258; x_wconf 79' lang='lat' dir='ltr'><strong>Thessdonicam</strong></span> <span class='ocrx_word' id='word_1_405' title='bbox 1813 4205 2170 4265; x_wconf 88' lang='lat' dir='ltr'><strong>consecravit,</strong></span> <span class='ocrx_word' id='word_1_406' title='bbox 2197 4202 2358 4256; x_wconf 87' lang='lat' dir='ltr'><strong>debet</strong></span> 
     </span>
    </p>
   </div>
   <div class='ocr_carea' id='block_1_45' title="bbox 799 4292 2356 4368">
    <p class='ocr_par' dir='ltr' id='par_1_45' title="bbox 799 4292 2356 4368">
     <span class='ocr_line' id='line_1_45' title="bbox 799 4292 2356 4368; baseline -0.006 -13"><span class='ocrx_word' id='word_1_407' title='bbox 799 4300 1049 4368; x_wconf 76' lang='lat' dir='ltr'><strong>intelligi.</strong></span> <span class='ocrx_word' id='word_1_408' title='bbox 1079 4295 1235 4365; x_wconf 83' lang='lat' dir='ltr'><strong>Quod</strong></span> <span class='ocrx_word' id='word_1_409' title='bbox 1268 4310 1390 4349; x_wconf 91' lang='lat' dir='ltr'><strong>cum</strong></span> <span class='ocrx_word' id='word_1_410' title='bbox 1423 4298 1494 4347; x_wconf 92' lang='lat' dir='ltr'><strong>ita</strong></span> <span class='ocrx_word' id='word_1_411' title='bbox 1540 4296 1629 4359; x_wconf 85' lang='lat' dir='ltr'><strong>sit,</strong></span> <span class='ocrx_word' id='word_1_412' title='bbox 1686 4310 1786 4348; x_wconf 90' lang='lat' dir='ltr'><strong>nec</strong></span> <span class='ocrx_word' id='word_1_413' title='bbox 1842 4303 1971 4347; x_wconf 90' lang='lat' dir='ltr'><strong>tunc</strong></span> <span class='ocrx_word' id='word_1_414' title='bbox 2007 4292 2356 4348; x_wconf 78' lang='lat' dir='ltr'><strong>TltCSSulOIIl-</strong></span> 
     </span>
    </p>
   </div>
   <div class='ocr_carea' id='block_1_46' title="bbox 799 4385 2356 4454">
    <p class='ocr_par' dir='ltr' id='par_1_46' title="bbox 799 4385 2356 4454">
     <span class='ocr_line' id='line_1_46' title="bbox 799 4385 2356 4454; baseline -0.006 -9"><span class='ocrx_word' id='word_1_415' title='bbox 799 4406 960 4445; x_wconf 89' lang='lat' dir='ltr'><strong>ccnse</strong></span> <span class='ocrx_word' id='word_1_416' title='bbox 985 4386 1240 4440; x_wconf 85' lang='lat' dir='ltr'><strong>Demetrii</strong></span> <span class='ocrx_word' id='word_1_417' title='bbox 1265 4385 1518 4454; x_wconf 90' lang='lat' dir='ltr'><strong>templum</strong></span> <span class='ocrx_word' id='word_1_418' title='bbox 1545 4385 1874 4442; x_wconf 83' lang='lat' dir='ltr'><strong>Christianis</strong></span> <span class='ocrx_word' id='word_1_419' title='bbox 1898 4385 2062 4438; x_wconf 82' lang='lat' dir='ltr'><strong>fuisse</strong></span> <span class='ocrx_word' id='word_1_420' title='bbox 2088 4395 2356 4454; x_wconf 87' lang='lat' dir='ltr'><strong>ereptum,</strong></span> 
     </span>
    </p>
   </div>
   <div class='ocr_carea' id='block_1_47' title="bbox 2421 1925 4012 1996">
    <p class='ocr_par' dir='ltr' id='par_1_47' title="bbox 2421 1925 4012 1996">
     <span class='ocr_line' id='line_1_47' title="bbox 2421 1925 4012 1996; baseline -0.003 -16"><span class='ocrx_word' id='word_1_421' title='bbox 2421 1935 2609 1996; x_wconf 88' lang='lat' dir='ltr'><strong>ptores</strong></span> <span class='ocrx_word' id='word_1_422' title='bbox 2649 1937 2988 1990; x_wconf 86' lang='lat' dir='ltr'><strong>consonant,</strong></span> <span class='ocrx_word' id='word_1_423' title='bbox 3028 1929 3078 1981; x_wconf 92' lang='lat' dir='ltr'><strong>in</strong></span> <span class='ocrx_word' id='word_1_424' title='bbox 3131 1928 3348 1981; x_wconf 84' lang='lat' dir='ltr'><strong>Oriente</strong></span> <span class='ocrx_word' id='word_1_425' title='bbox 3392 1927 3719 1987; x_wconf 77' lang='lat' dir='ltr'><strong>Christiano,</strong></span> <span class='ocrx_word' id='word_1_426' title='bbox 3755 1938 3894 1978; x_wconf 85' lang='lat' dir='ltr'><strong>tom-</strong></span> <span class='ocrx_word' id='word_1_427' title='bbox 3939 1925 4012 1984; x_wconf 85' lang='grc'><strong>11,</strong></span> 
     </span>
    </p>
   </div>
   <div class='ocr_carea' id='block_1_48' title="bbox 2421 2017 4018 2083">
    <p class='ocr_par' dir='ltr' id='par_1_48' title="bbox 2421 2017 4018 2083">
     <span class='ocr_line' id='line_1_48' title="bbox 2421 2017 4018 2083; baseline -0.003 -11"><span class='ocrx_word' id='word_1_428' title='bbox 2421 2019 2528 2072; x_wconf 89' lang='lat' dir='ltr'><strong>col.</strong></span> <span class='ocrx_word' id='word_1_429' title='bbox 2555 2017 2650 2082; x_wconf 60' lang='grc' dir='ltr'><strong>(Ξῖ,</strong></span> <span class='ocrx_word' id='word_1_430' title='bbox 2671 2018 2935 2083; x_wconf 83' lang='lat' dir='ltr'><strong>alIirmat;</strong></span> <span class='ocrx_word' id='word_1_431' title='bbox 2966 2021 3106 2073; x_wconf 89' lang='lat' dir='ltr'><strong>hanc</strong></span> <span class='ocrx_word' id='word_1_432' title='bbox 3133 2035 3310 2073; x_wconf 90' lang='lat' dir='ltr'><strong>autem</strong></span> <span class='ocrx_word' id='word_1_433' title='bbox 3344 2020 3514 2073; x_wconf 70' lang='lat' dir='ltr'><strong>aedem</strong></span> <span class='ocrx_word' id='word_1_434' title='bbox 3549 2035 3762 2072; x_wconf 84' lang='lat' dir='ltr'><strong>sacram</strong></span> <span class='ocrx_word' id='word_1_435' title='bbox 3797 2020 3870 2070; x_wconf 84' lang='lat' dir='ltr'><strong>ab</strong></span> <span class='ocrx_word' id='word_1_436' title='bbox 3909 2033 4018 2069; x_wconf 84' lang='lat' dir='ltr'><strong>an-</strong></span> 
     </span>
    </p>
   </div>
   <div class='ocr_carea' id='block_1_49' title="bbox 2424 2111 4013 2179">
    <p class='ocr_par' dir='ltr' id='par_1_49' title="bbox 2424 2111 4013 2179">
     <span class='ocr_line' id='line_1_49' title="bbox 2424 2111 4013 2179; baseline -0.002 -15"><span class='ocrx_word' id='word_1_437' title='bbox 2424 2111 2571 2179; x_wconf 85' lang='lat' dir='ltr'><strong>tiqua</strong></span> <span class='ocrx_word' id='word_1_438' title='bbox 2605 2111 2906 2178; x_wconf 66' lang='lat' dir='ltr'><strong>saepissime</strong></span> <span class='ocrx_word' id='word_1_439' title='bbox 2936 2127 3096 2176; x_wconf 86' lang='lat' dir='ltr'><strong>supra</strong></span> <span class='ocrx_word' id='word_1_440' title='bbox 3129 2123 3421 2164; x_wconf 87' lang='lat' dir='ltr'><strong>memorata</strong></span> <span class='ocrx_word' id='word_1_441' title='bbox 3447 2153 3460 2176; x_wconf 93' lang='lat'><strong>,</strong></span> <span class='ocrx_word' id='word_1_442' title='bbox 3507 2126 3629 2164; x_wconf 90' lang='lat' dir='ltr'><strong>cum</strong></span> <span class='ocrx_word' id='word_1_443' title='bbox 3672 2112 3788 2163; x_wconf 73' lang='lat' dir='ltr'><strong>haec</strong></span> <span class='ocrx_word' id='word_1_444' title='bbox 3835 2111 4013 2161; x_wconf 83' lang='lat' dir='ltr'><strong>modo</strong></span> 
     </span>
    </p>
   </div>
   <div class='ocr_carea' id='block_1_50' title="bbox 2421 2198 4014 2260">
    <p class='ocr_par' dir='ltr' id='par_1_50' title="bbox 2421 2198 4014 2260">
     <span class='ocr_line' id='line_1_50' title="bbox 2421 2198 4014 2260; baseline -0.004 -7"><span class='ocrx_word' id='word_1_445' title='bbox 2421 2215 2485 2253; x_wconf 84' lang='lat' dir='ltr'><strong>ex</strong></span> <span class='ocrx_word' id='word_1_446' title='bbox 2514 2201 2673 2254; x_wconf 89' lang='lat' dir='ltr'><strong>dictis</strong></span> <span class='ocrx_word' id='word_1_447' title='bbox 2700 2203 2748 2252; x_wconf 92' lang='lat' dir='ltr'><strong>in</strong></span> <span class='ocrx_word' id='word_1_448' title='bbox 2781 2198 2962 2252; x_wconf 81' lang='lat' dir='ltr'><strong>fanum</strong></span> <span class='ocrx_word' id='word_1_449' title='bbox 2983 2198 3275 2253; x_wconf 82' lang='lat' dir='ltr'><strong>Turcicum</strong></span> <span class='ocrx_word' id='word_1_450' title='bbox 3310 2201 3378 2252; x_wconf 92' lang='lat' dir='ltr'><strong>sit</strong></span> <span class='ocrx_word' id='word_1_451' title='bbox 3409 2214 3691 2260; x_wconf 85' lang='lat' dir='ltr'><strong>conversa,</strong></span> <span class='ocrx_word' id='word_1_452' title='bbox 3720 2214 3842 2251; x_wconf 88' lang='lat' dir='ltr'><strong>esse</strong></span> <span class='ocrx_word' id='word_1_453' title='bbox 3885 2201 4014 2250; x_wconf 91' lang='lat' dir='ltr'><strong>dis-</strong></span> 
     </span>
    </p>
   </div>
   <div class='ocr_carea' id='block_1_51' title="bbox 2427 2290 4015 2356">
    <p class='ocr_par' dir='ltr' id='par_1_51' title="bbox 2427 2290 4015 2356">
     <span class='ocr_line' id='line_1_51' title="bbox 2427 2290 4015 2356; baseline -0.002 -12"><span class='ocrx_word' id='word_1_454' title='bbox 2427 2291 2684 2356; x_wconf 87' lang='lat' dir='ltr'><strong>tinctam,</strong></span> <span class='ocrx_word' id='word_1_455' title='bbox 2735 2291 3092 2344; x_wconf 89' lang='lat' dir='ltr'><strong>dubitandum</strong></span> <span class='ocrx_word' id='word_1_456' title='bbox 3159 2306 3266 2344; x_wconf 91' lang='lat' dir='ltr'><strong>non</strong></span> <span class='ocrx_word' id='word_1_457' title='bbox 3335 2301 3438 2344; x_wconf 89' lang='lat' dir='ltr'><strong>est.</strong></span> <span class='ocrx_word' id='word_1_458' title='bbox 3490 2290 3759 2345; x_wconf 71' lang='lat' dir='ltr'><strong>Caeterum</strong></span> <span class='ocrx_word' id='word_1_459' title='bbox 3808 2301 3874 2342; x_wconf 88' lang='lat' dir='ltr'><strong>ut</strong></span> <span class='ocrx_word' id='word_1_460' title='bbox 3943 2292 4015 2341; x_wconf 77' lang='lat' dir='ltr'><strong>ad</strong></span> 
     </span>
    </p>
   </div>
   <div class='ocr_carea' id='block_1_52' title="bbox 2427 2384 4014 2451">
    <p class='ocr_par' dir='ltr' id='par_1_52' title="bbox 2427 2384 4014 2451">
     <span class='ocr_line' id='line_1_52' title="bbox 2427 2384 4014 2451; baseline -0.004 -14"><span class='ocrx_word' id='word_1_461' title='bbox 2427 2384 2593 2442; x_wconf 79' lang='lat' dir='ltr'><strong>aliud.</strong></span> <span class='ocrx_word' id='word_1_462' title='bbox 2639 2385 2781 2451; x_wconf 85' lang='lat' dir='ltr'><strong>quod</strong></span> <span class='ocrx_word' id='word_1_463' title='bbox 2832 2385 2918 2436; x_wconf 88' lang='lat' dir='ltr'><strong>hic</strong></span> <span class='ocrx_word' id='word_1_464' title='bbox 2975 2384 3149 2435; x_wconf 81' lang='lat' dir='ltr'><strong>adhuc</strong></span> <span class='ocrx_word' id='word_1_465' title='bbox 3200 2384 3609 2435; x_wconf 83' lang='lat' dir='ltr'><strong>memorandum</strong></span> <span class='ocrx_word' id='word_1_466' title='bbox 3663 2393 3859 2442; x_wconf 85' lang='lat' dir='ltr'><strong>restat,</strong></span> <span class='ocrx_word' id='word_1_467' title='bbox 3894 2385 4014 2450; x_wconf 78' lang='lat' dir='ltr'><strong>jam</strong></span> 
     </span>
    </p>
   </div>
   <div class='ocr_carea' id='block_1_53' title="bbox 2430 2471 4014 2542">
    <p class='ocr_par' dir='ltr' id='par_1_53' title="bbox 2430 2471 4014 2542">
     <span class='ocr_line' id='line_1_53' title="bbox 2430 2471 4014 2542; baseline -0.006 -14"><span class='ocrx_word' id='word_1_468' title='bbox 2430 2476 2644 2528; x_wconf 85' lang='lat' dir='ltr'><strong>tandem</strong></span> <span class='ocrx_word' id='word_1_469' title='bbox 2687 2473 3034 2542; x_wconf 79' lang='lat' dir='ltr'><strong>progrediar,</strong></span> <span class='ocrx_word' id='word_1_470' title='bbox 3066 2489 3096 2524; x_wconf 92' lang='lat' dir='ltr'><strong>e</strong></span> <span class='ocrx_word' id='word_1_471' title='bbox 3135 2473 3393 2541; x_wconf 81' lang='lat' dir='ltr'><strong>singulari</strong></span> <span class='ocrx_word' id='word_1_472' title='bbox 3422 2471 4014 2524; x_wconf 84' lang='lat' dir='ltr'><strong>Tltessalonieensium</strong></span> 
     </span>
    </p>
   </div>
   <div class='ocr_carea' id='block_1_54' title="bbox 2434 2563 4017 2624">
    <p class='ocr_par' dir='ltr' id='par_1_54' title="bbox 2434 2563 4017 2624">
     <span class='ocr_line' id='line_1_54' title="bbox 2434 2563 4017 2624; baseline -0.004 -4"><span class='ocrx_word' id='word_1_473' title='bbox 2434 2567 2491 2620; x_wconf 93' lang='lat' dir='ltr'><strong>in</strong></span> <span class='ocrx_word' id='word_1_474' title='bbox 2546 2572 2792 2618; x_wconf 88' lang='lat' dir='ltr'><strong>sanctum</strong></span> <span class='ocrx_word' id='word_1_475' title='bbox 2826 2563 3153 2615; x_wconf 80' lang='lat' dir='ltr'><strong>Denn-trium</strong></span> <span class='ocrx_word' id='word_1_476' title='bbox 3201 2565 3550 2617; x_wconf 77' lang='lat' dir='ltr'><strong>veneratione</strong></span> <span class='ocrx_word' id='word_1_477' title='bbox 3585 2565 3749 2615; x_wconf 89' lang='lat' dir='ltr'><strong>altera</strong></span> <span class='ocrx_word' id='word_1_478' title='bbox 3798 2563 4017 2624; x_wconf 80' lang='lat' dir='ltr'><strong>adhuc,</strong></span> 
     </span>
    </p>
   </div>
   <div class='ocr_carea' id='block_1_55' title="bbox 2431 2654 4020 2722">
    <p class='ocr_par' dir='ltr' id='par_1_55' title="bbox 2431 2654 4020 2722">
     <span class='ocr_line' id='line_1_55' title="bbox 2431 2654 4020 2722; baseline -0.005 -10"><span class='ocrx_word' id='word_1_479' title='bbox 2431 2672 2535 2712; x_wconf 89' lang='lat' dir='ltr'><strong>non</strong></span> <span class='ocrx_word' id='word_1_480' title='bbox 2568 2656 2786 2722; x_wconf 82' lang='lat' dir='ltr'><strong>quidem</strong></span> <span class='ocrx_word' id='word_1_481' title='bbox 2812 2655 3235 2716; x_wconf 58' lang='lat' dir='ltr'><strong>Thessalonice,</strong></span> <span class='ocrx_word' id='word_1_482' title='bbox 3272 2658 3362 2706; x_wconf 77' lang='lat' dir='ltr'><strong>sed</strong></span> <span class='ocrx_word' id='word_1_483' title='bbox 3411 2666 3591 2707; x_wconf 85' lang='lat' dir='ltr'><strong>tamen</strong></span> <span class='ocrx_word' id='word_1_484' title='bbox 3625 2654 3767 2706; x_wconf 88' lang='lat' dir='ltr'><strong>haud</strong></span> <span class='ocrx_word' id='word_1_485' title='bbox 3810 2657 4020 2721; x_wconf 81' lang='lat' dir='ltr'><strong>procul</strong></span> 
     </span>
    </p>
   </div>
   <div class='ocr_carea' id='block_1_56' title="bbox 2431 2748 4022 2805">
    <p class='ocr_par' dir='ltr' id='par_1_56' title="bbox 2431 2748 4022 2805">
     <span class='ocr_line' id='line_1_56' title="bbox 2431 2748 4022 2805; baseline -0.006 0"><span class='ocrx_word' id='word_1_486' title='bbox 2431 2752 2499 2805; x_wconf 78' lang='lat' dir='ltr'><strong>ab</strong></span> <span class='ocrx_word' id='word_1_487' title='bbox 2533 2753 2630 2804; x_wconf 84' lang='lat' dir='ltr'><strong>ltac</strong></span> <span class='ocrx_word' id='word_1_488' title='bbox 2663 2750 2883 2804; x_wconf 81' lang='lat' dir='ltr'><strong>civitate</strong></span> <span class='ocrx_word' id='word_1_489' title='bbox 2921 2749 3064 2801; x_wconf 65' lang='lat' dir='ltr'><strong>mdes</strong></span> <span class='ocrx_word' id='word_1_490' title='bbox 3101 2764 3272 2803; x_wconf 85' lang='lat' dir='ltr'><strong>sacra.</strong></span> <span class='ocrx_word' id='word_1_491' title='bbox 3309 2748 3383 2801; x_wconf 87' lang='lat' dir='ltr'><strong>uti</strong></span> <span class='ocrx_word' id='word_1_492' title='bbox 3421 2748 3804 2798; x_wconf 79' lang='lat' dir='ltr'><strong>Miraculornm</strong></span> <span class='ocrx_word' id='word_1_493' title='bbox 3850 2763 3879 2798; x_wconf 89' lang='lat' dir='ltr'><strong>e</strong></span> <span class='ocrx_word' id='word_1_494' title='bbox 3903 2751 4022 2796; x_wconf 75' lang='lat' dir='ltr'><strong>teu-</strong></span> 
     </span>
    </p>
   </div>
   <div class='ocr_carea' id='block_1_57' title="bbox 2431 2842 4023 2909">
    <p class='ocr_par' dir='ltr' id='par_1_57' title="bbox 2431 2842 4023 2909">
     <span class='ocr_line' id='line_1_57' title="bbox 2431 2842 4023 2909; baseline -0.006 -13"><span class='ocrx_word' id='word_1_495' title='bbox 2431 2844 2618 2896; x_wconf 80' lang='lat' dir='ltr'><strong>dorum</strong></span> <span class='ocrx_word' id='word_1_496' title='bbox 2659 2842 2779 2895; x_wconf 92' lang='lat' dir='ltr'><strong>libri</strong></span> <span class='ocrx_word' id='word_1_497' title='bbox 2809 2843 2951 2895; x_wconf 91' lang='lat' dir='ltr'><strong>tertii</strong></span> <span class='ocrx_word' id='word_1_498' title='bbox 2993 2854 3155 2909; x_wconf 86' lang='lat' dir='ltr'><strong>caput</strong></span> <span class='ocrx_word' id='word_1_499' title='bbox 3197 2852 3472 2908; x_wconf 81' lang='lat' dir='ltr'><strong>quartum,-</strong></span> <span class='ocrx_word' id='word_1_500' title='bbox 3503 2849 3743 2905; x_wconf 83' lang='lat' dir='ltr'><strong>tempore</strong></span> <span class='ocrx_word' id='word_1_501' title='bbox 3783 2847 3978 2890; x_wconf 84' lang='lat' dir='ltr'><strong>tamen</strong></span> <span class='ocrx_word' id='word_1_502' title='bbox 4010 2877 4023 2897; x_wconf 93' lang='lat'><strong>,</strong></span> 
     </span>
    </p>
   </div>
   <div class='ocr_carea' id='block_1_58' title="bbox 2433 2928 4023 3005">
    <p class='ocr_par' dir='ltr' id='par_1_58' title="bbox 2433 2928 4023 3005">
     <span class='ocr_line' id='line_1_58' title="bbox 2433 2928 4023 3005; baseline -0.004 -21"><span class='ocrx_word' id='word_1_503' title='bbox 2433 2949 2540 3005; x_wconf 84' lang='lat' dir='ltr'><strong>quo</strong></span> <span class='ocrx_word' id='word_1_504' title='bbox 2590 2934 2641 2988; x_wconf 92' lang='lat' dir='ltr'><strong>id</strong></span> <span class='ocrx_word' id='word_1_505' title='bbox 2693 2933 2892 2986; x_wconf 77' lang='lat' dir='ltr'><strong>factum</strong></span> <span class='ocrx_word' id='word_1_506' title='bbox 2931 2933 3114 2994; x_wconf 80' lang='lat' dir='ltr'><strong>fuerit,</strong></span> <span class='ocrx_word' id='word_1_507' title='bbox 3167 2948 3271 2984; x_wconf 88' lang='lat' dir='ltr'><strong>non</strong></span> <span class='ocrx_word' id='word_1_508' title='bbox 3321 2945 3601 2997; x_wconf 76' lang='lat' dir='ltr'><strong>expresso,</strong></span> <span class='ocrx_word' id='word_1_509' title='bbox 3641 2928 3800 2981; x_wconf 71' lang='lat' dir='ltr'><strong>ﬁdem</strong></span> <span class='ocrx_word' id='word_1_510' title='bbox 3853 2929 4023 2988; x_wconf 67' lang='lat' dir='ltr'><strong>facit,</strong></span> 
     </span>
    </p>
   </div>
   <div class='ocr_carea' id='block_1_59' title="bbox 2437 3017 4029 3089">
    <p class='ocr_par' dir='ltr' id='par_1_59' title="bbox 2437 3017 4029 3089">
     <span class='ocr_line' id='line_1_59' title="bbox 2437 3017 4029 3089; baseline -0.008 -8"><span class='ocrx_word' id='word_1_511' title='bbox 2437 3025 2565 3081; x_wconf 93' lang='lat' dir='ltr'><strong>olim</strong></span> <span class='ocrx_word' id='word_1_512' title='bbox 2607 3025 2771 3080; x_wconf 84' lang='lat' dir='ltr'><strong>etiam</strong></span> <span class='ocrx_word' id='word_1_513' title='bbox 2803 3025 3070 3076; x_wconf 79' lang='lat' dir='ltr'><strong>exstabat.</strong></span> <span class='ocrx_word' id='word_1_514' title='bbox 3101 3024 3276 3089; x_wconf 82' lang='lat' dir='ltr'><strong>Atque</strong></span> <span class='ocrx_word' id='word_1_515' title='bbox 3297 3022 3410 3072; x_wconf 59' lang='lat' dir='ltr'><strong>ltaic</strong></span> <span class='ocrx_word' id='word_1_516' title='bbox 3440 3021 3654 3087; x_wconf 90' lang='lat' dir='ltr'><strong>quidem</strong></span> <span class='ocrx_word' id='word_1_517' title='bbox 3683 3019 3750 3072; x_wconf 90' lang='lat' dir='ltr'><strong>ad</strong></span> <span class='ocrx_word' id='word_1_518' title='bbox 3782 3017 4029 3078; x_wconf 79' lang='lat' dir='ltr'><strong>fontem,</strong></span> 
     </span>
    </p>
   </div>
   <div class='ocr_carea' id='block_1_60' title="bbox 2437 3111 4024 3183">
    <p class='ocr_par' dir='ltr' id='par_1_60' title="bbox 2437 3111 4024 3183">
     <span class='ocr_line' id='line_1_60' title="bbox 2437 3111 4024 3183; baseline -0.006 -14"><span class='ocrx_word' id='word_1_519' title='bbox 2437 3117 2593 3183; x_wconf 88' lang='lat' dir='ltr'><strong>cujus</strong></span> <span class='ocrx_word' id='word_1_520' title='bbox 2641 3117 2794 3183; x_wconf 89' lang='lat' dir='ltr'><strong>aquis</strong></span> <span class='ocrx_word' id='word_1_521' title='bbox 2837 3115 2928 3182; x_wconf 89' lang='lat' dir='ltr'><strong>qui</strong></span> <span class='ocrx_word' id='word_1_522' title='bbox 2974 3129 3114 3174; x_wconf 88' lang='lat' dir='ltr'><strong>sese,</strong></span> <span class='ocrx_word' id='word_1_523' title='bbox 3166 3122 3356 3165; x_wconf 91' lang='lat' dir='ltr'><strong>sancto</strong></span> <span class='ocrx_word' id='word_1_524' title='bbox 3401 3112 3674 3163; x_wconf 75' lang='lat' dir='ltr'><strong>Demetrio</strong></span> <span class='ocrx_word' id='word_1_525' title='bbox 3725 3111 4024 3168; x_wconf 78' lang='lat' dir='ltr'><strong>invocato,</strong></span> 
     </span>
    </p>
   </div>
   <div class='ocr_carea' id='block_1_61' title="bbox 2441 3197 4028 3266">
    <p class='ocr_par' dir='ltr' id='par_1_61' title="bbox 2441 3197 4028 3266">
     <span class='ocr_line' id='line_1_61' title="bbox 2441 3197 4028 3266; baseline -0.006 -9"><span class='ocrx_word' id='word_1_526' title='bbox 2441 3204 2750 3266; x_wconf 80' lang='lat' dir='ltr'><strong>abluerent,</strong></span> <span class='ocrx_word' id='word_1_527' title='bbox 2780 3205 3068 3256; x_wconf 80' lang='lat' dir='ltr'><strong>sanitatem</strong></span> <span class='ocrx_word' id='word_1_528' title='bbox 3107 3202 3361 3255; x_wconf 82' lang='lat' dir='ltr'><strong>amissam</strong></span> <span class='ocrx_word' id='word_1_529' title='bbox 3411 3201 3516 3266; x_wconf 82' lang='lat' dir='ltr'><strong>(adi</strong></span> <span class='ocrx_word' id='word_1_530' title='bbox 3553 3201 3671 3252; x_wconf 74' lang='lat' dir='ltr'><strong>loro</strong></span> <span class='ocrx_word' id='word_1_531' title='bbox 3707 3201 3802 3251; x_wconf 85' lang='lat' dir='ltr'><strong>cit.</strong></span> <span class='ocrx_word' id='word_1_532' title='bbox 3841 3197 4028 3249; x_wconf 66' lang='lat' dir='ltr'><strong>Mira-</strong></span> 
     </span>
    </p>
   </div>
   <div class='ocr_carea' id='block_1_62' title="bbox 2443 3293 4029 3363">
    <p class='ocr_par' dir='ltr' id='par_1_62' title="bbox 2443 3293 4029 3363">
     <span class='ocr_line' id='line_1_62' title="bbox 2443 3293 4029 3363; baseline -0.004 -15"><span class='ocrx_word' id='word_1_533' title='bbox 2443 3299 2562 3349; x_wconf 83' lang='lat' dir='ltr'><strong>cula</strong></span> <span class='ocrx_word' id='word_1_534' title='bbox 2596 3297 2816 3363; x_wconf 71' lang='lat' dir='ltr'><strong>edenda)</strong></span> <span class='ocrx_word' id='word_1_535' title='bbox 2858 3311 2964 3348; x_wconf 91' lang='lat' dir='ltr'><strong>non</strong></span> <span class='ocrx_word' id='word_1_536' title='bbox 2997 3310 3121 3346; x_wconf 89' lang='lat' dir='ltr'><strong>raro</strong></span> <span class='ocrx_word' id='word_1_537' title='bbox 3157 3293 3546 3359; x_wconf 86' lang='lat' dir='ltr'><strong>recuperabant</strong></span> <span class='ocrx_word' id='word_1_538' title='bbox 3568 3331 3580 3351; x_wconf 90' lang='lat'><strong>,</strong></span> <span class='ocrx_word' id='word_1_539' title='bbox 3609 3300 3767 3343; x_wconf 86' lang='lat' dir='ltr'><strong>erant</strong></span> <span class='ocrx_word' id='word_1_540' title='bbox 3797 3301 4029 3342; x_wconf 82' lang='lat' dir='ltr'><strong>exstru-</strong></span> 
     </span>
    </p>
   </div>
   <div class='ocr_carea' id='block_1_63' title="bbox 2445 3384 4028 3456">
    <p class='ocr_par' dir='ltr' id='par_1_63' title="bbox 2445 3384 4028 3456">
     <span class='ocr_line' id='line_1_63' title="bbox 2445 3384 4028 3456; baseline -0.006 -11"><span class='ocrx_word' id='word_1_541' title='bbox 2445 3401 2559 3451; x_wconf 86' lang='lat' dir='ltr'><strong>cta,</strong></span> <span class='ocrx_word' id='word_1_542' title='bbox 2608 3389 2944 3456; x_wconf 87' lang='lat' dir='ltr'><strong>multumque</strong></span> <span class='ocrx_word' id='word_1_543' title='bbox 2995 3403 3022 3439; x_wconf 90' lang='lat' dir='ltr'><strong>a</strong></span> <span class='ocrx_word' id='word_1_544' title='bbox 3065 3387 3411 3444; x_wconf 86' lang='lat' dir='ltr'><strong>Christianis,</strong></span> <span class='ocrx_word' id='word_1_545' title='bbox 3453 3399 3571 3436; x_wconf 93' lang='lat' dir='ltr'><strong>cum</strong></span> <span class='ocrx_word' id='word_1_546' title='bbox 3615 3397 3800 3434; x_wconf 86' lang='lat' dir='ltr'><strong>rerum</strong></span> <span class='ocrx_word' id='word_1_547' title='bbox 3835 3384 4028 3435; x_wconf 76' lang='lat' dir='ltr'><strong>adhuc</strong></span> 
     </span>
    </p>
   </div>
   <div class='ocr_carea' id='block_1_64' title="bbox 2447 3473 4027 3547">
    <p class='ocr_par' dir='ltr' id='par_1_64' title="bbox 2447 3473 4027 3547">
     <span class='ocr_line' id='line_1_64' title="bbox 2447 3473 4027 3547; baseline -0.004 -15"><span class='ocrx_word' id='word_1_548' title='bbox 2447 3479 2856 3534; x_wconf 69' lang='lat' dir='ltr'><strong>Thessalonicae</strong></span> <span class='ocrx_word' id='word_1_549' title='bbox 2908 3479 2962 3531; x_wconf 90' lang='lat' dir='ltr'><strong>bi</strong></span> <span class='ocrx_word' id='word_1_550' title='bbox 3017 3480 3342 3547; x_wconf 86' lang='lat' dir='ltr'><strong>potirentur,</strong></span> <span class='ocrx_word' id='word_1_551' title='bbox 3388 3475 3596 3529; x_wconf 84' lang='lat' dir='ltr'><strong>solebat</strong></span> <span class='ocrx_word' id='word_1_552' title='bbox 3649 3473 4027 3541; x_wconf 78' lang='lat' dir='ltr'><strong>frequentari;</strong></span> 
     </span>
    </p>
   </div>
   <div class='ocr_carea' id='block_1_65' title="bbox 2446 3564 4027 3638">
    <p class='ocr_par' dir='ltr' id='par_1_65' title="bbox 2446 3564 4027 3638">
     <span class='ocr_line' id='line_1_65' title="bbox 2446 3564 4027 3638; baseline -0.005 -13"><span class='ocrx_word' id='word_1_553' title='bbox 2446 3587 2632 3625; x_wconf 88' lang='lat' dir='ltr'><strong>vermn</strong></span> <span class='ocrx_word' id='word_1_554' title='bbox 2664 3585 2804 3623; x_wconf 88' lang='lat' dir='ltr'><strong>anne</strong></span> <span class='ocrx_word' id='word_1_555' title='bbox 2839 3571 2962 3638; x_wconf 86' lang='lat' dir='ltr'><strong>pius</strong></span> <span class='ocrx_word' id='word_1_556' title='bbox 2991 3585 3207 3638; x_wconf 83' lang='lat' dir='ltr'><strong>quoque</strong></span> <span class='ocrx_word' id='word_1_557' title='bbox 3239 3583 3354 3621; x_wconf 84' lang='lat' dir='ltr'><strong>mos</strong></span> <span class='ocrx_word' id='word_1_558' title='bbox 3387 3569 3495 3629; x_wconf 77' lang='lat' dir='ltr'><strong>hic,</strong></span> <span class='ocrx_word' id='word_1_559' title='bbox 3524 3580 3678 3618; x_wconf 85' lang='lat' dir='ltr'><strong>sacro</strong></span> <span class='ocrx_word' id='word_1_560' title='bbox 3711 3564 3804 3619; x_wconf 86' lang='lat' dir='ltr'><strong>illo</strong></span> <span class='ocrx_word' id='word_1_561' title='bbox 3836 3566 3964 3619; x_wconf 91' lang='lat' dir='ltr'><strong>loco</strong></span> <span class='ocrx_word' id='word_1_562' title='bbox 4001 3582 4027 3617; x_wconf 91' lang='lat' dir='ltr'><strong>a</strong></span> 
     </span>
    </p>
   </div>
   <div class='ocr_carea' id='block_1_66' title="bbox 2449 3661 4028 3732">
    <p class='ocr_par' dir='ltr' id='par_1_66' title="bbox 2449 3661 4028 3732">
     <span class='ocr_line' id='line_1_66' title="bbox 2449 3661 4028 3732; baseline -0.003 -18"><span class='ocrx_word' id='word_1_563' title='bbox 2449 3662 2644 3717; x_wconf 87' lang='lat' dir='ltr'><strong>Turcis</strong></span> <span class='ocrx_word' id='word_1_564' title='bbox 2708 3663 2846 3717; x_wconf 79' lang='lat' dir='ltr'><strong>forte</strong></span> <span class='ocrx_word' id='word_1_565' title='bbox 2906 3665 3111 3732; x_wconf 85' lang='lat' dir='ltr'><strong>pariter</strong></span> <span class='ocrx_word' id='word_1_566' title='bbox 3173 3669 3456 3728; x_wconf 70' lang='grc' dir='ltr'><strong>σιοειιρειιο.</strong></span> <span class='ocrx_word' id='word_1_567' title='bbox 3511 3661 3809 3726; x_wconf 85' lang='lat' dir='ltr'><strong>abrogatns</strong></span> <span class='ocrx_word' id='word_1_568' title='bbox 3861 3662 4028 3711; x_wconf 81' lang='lat' dir='ltr'><strong>modo</strong></span> 
     </span>
    </p>
   </div>
   <div class='ocr_carea' id='block_1_67' title="bbox 2450 3749 3714 3825">
    <p class='ocr_par' dir='ltr' id='par_1_67' title="bbox 2450 3749 3714 3825">
     <span class='ocr_line' id='line_1_67' title="bbox 2450 3749 3714 3825; baseline -0.008 -16"><span class='ocrx_word' id='word_1_569' title='bbox 2450 3756 2671 3825; x_wconf 87' lang='lat' dir='ltr'><strong>penitus</strong></span> <span class='ocrx_word' id='word_1_570' title='bbox 2704 3769 2812 3808; x_wconf 89' lang='lat' dir='ltr'><strong>non</strong></span> <span class='ocrx_word' id='word_1_571' title='bbox 2846 3756 2940 3820; x_wconf 86' lang='lat' dir='ltr'><strong>sit,</strong></span> <span class='ocrx_word' id='word_1_572' title='bbox 2975 3763 3308 3822; x_wconf 87' lang='lat' dir='ltr'><strong>compertum</strong></span> <span class='ocrx_word' id='word_1_573' title='bbox 3348 3750 3489 3804; x_wconf 89' lang='lat' dir='ltr'><strong>haud</strong></span> <span class='ocrx_word' id='word_1_574' title='bbox 3522 3749 3714 3802; x_wconf 85' lang='lat' dir='ltr'><strong>habeo.</strong></span> 
     </span>
    </p>
   </div>
   <div class='ocr_carea' id='block_1_68' title="bbox 2453 3885 4025 3961">
    <p class='ocr_par' dir='ltr' id='par_1_68' title="bbox 2453 3885 4025 3961">
     <span class='ocr_line' id='line_1_68' title="bbox 2453 3885 4025 3961; baseline -0.004 -20"><span class='ocrx_word' id='word_1_575' title='bbox 2453 3888 2481 3961; x_wconf 57' lang='grc' dir='ltr'>ᾗ</span> <span class='ocrx_word' id='word_1_576' title='bbox 2511 3888 2646 3961; x_wconf 64' lang='lat' dir='ltr'><strong>VII].</strong></span> <span class='ocrx_word' id='word_1_577' title='bbox 2680 3888 3026 3961; x_wconf 13' lang='lat' dir='ltr'><strong>Quiandonam</strong></span> <span class='ocrx_word' id='word_1_578' title='bbox 3056 3889 3280 3955; x_wconf 69' lang='lat' dir='ltr'><strong>primum</strong></span> <span class='ocrx_word' id='word_1_579' title='bbox 3311 3885 3661 3961; x_wconf 60' lang='lat' dir='ltr'><strong>prodigiosum</strong></span> <span class='ocrx_word' id='word_1_580' title='bbox 3690 3897 4025 3961; x_wconf 74' lang='lat' dir='ltr'><strong>unguentum</strong></span> 
     </span>
    </p>
   </div>
   <div class='ocr_carea' id='block_1_69' title="bbox 2526 3952 4030 4021">
    <p class='ocr_par' dir='ltr' id='par_1_69' title="bbox 2526 3952 4030 4021">
     <span class='ocr_line' id='line_1_69' title="bbox 2526 3952 4030 4021; baseline -0.005 -10"><span class='ocrx_word' id='word_1_581' title='bbox 2526 3974 2552 4011; x_wconf 74' lang='grc' dir='ltr'><em>ε</em></span> <span class='ocrx_word' id='word_1_582' title='bbox 2586 3958 2767 4013; x_wconf 83' lang='lat' dir='ltr'><strong>Sancti</strong></span> <span class='ocrx_word' id='word_1_583' title='bbox 2791 3975 2880 4010; x_wconf 84' lang='lat' dir='ltr'><strong>seu</strong></span> <span class='ocrx_word' id='word_1_584' title='bbox 2919 3952 3117 4009; x_wconf 63' lang='lat' dir='ltr'><strong>tumulo</strong></span> <span class='ocrx_word' id='word_1_585' title='bbox 3147 3973 3234 4008; x_wconf 85' lang='lat' dir='ltr'><strong>seu</strong></span> <span class='ocrx_word' id='word_1_586' title='bbox 3267 3952 3478 4021; x_wconf 70' lang='lat' dir='ltr'><strong>carpare</strong></span> <span class='ocrx_word' id='word_1_587' title='bbox 3512 3952 3716 4004; x_wconf 76' lang='lat' dir='ltr'><strong>stillare</strong></span> <span class='ocrx_word' id='word_1_588' title='bbox 3746 3957 4030 4021; x_wconf 72' lang='lat' dir='ltr'><strong>inceperit,</strong></span> 
     </span>
    </p>
   </div>
   <div class='ocr_carea' id='block_1_70' title="bbox 2527 4026 4028 4098">
    <p class='ocr_par' dir='ltr' id='par_1_70' title="bbox 2527 4026 4028 4098">
     <span class='ocr_line' id='line_1_70' title="bbox 2527 4026 4028 4098; baseline -0.003 -16"><span class='ocrx_word' id='word_1_589' title='bbox 2527 4042 2575 4084; x_wconf 82' lang='lat' dir='ltr'><strong>et</strong></span> <span class='ocrx_word' id='word_1_590' title='bbox 2605 4029 2728 4098; x_wconf 80' lang='lat' dir='ltr'><strong>quid</strong></span> <span class='ocrx_word' id='word_1_591' title='bbox 2764 4038 3019 4095; x_wconf 71' lang='lat' dir='ltr'><strong>praeterea</strong></span> <span class='ocrx_word' id='word_1_592' title='bbox 3061 4029 3123 4079; x_wconf 81' lang='lat' dir='ltr'><strong>de</strong></span> <span class='ocrx_word' id='word_1_593' title='bbox 3153 4042 3306 4078; x_wconf 82' lang='lat' dir='ltr'><strong>sacro</strong></span> <span class='ocrx_word' id='word_1_594' title='bbox 3337 4030 3429 4078; x_wconf 79' lang='lat' dir='ltr'><strong>hoc</strong></span> <span class='ocrx_word' id='word_1_595' title='bbox 3458 4026 3672 4092; x_wconf 77' lang='lat' dir='ltr'><strong>pignore</strong></span> <span class='ocrx_word' id='word_1_596' title='bbox 3700 4026 3769 4075; x_wconf 84' lang='lat' dir='ltr'><strong>sit</strong></span> <span class='ocrx_word' id='word_1_597' title='bbox 3803 4030 4028 4078; x_wconf 72' lang='lat' dir='ltr'><strong>creden-</strong></span> 
     </span>
    </p>
   </div>
   <div class='ocr_carea' id='block_1_71' title="bbox 2529 4104 2674 4154">
    <p class='ocr_par' dir='ltr' id='par_1_71' title="bbox 2529 4104 2674 4154">
     <span class='ocr_line' id='line_1_71' title="bbox 2529 4104 2674 4154; baseline 0 0"><span class='ocrx_word' id='word_1_598' title='bbox 2529 4104 2674 4154; x_wconf 82' lang='lat' dir='ltr'><strong>dum.</strong></span> 
     </span>
    </p>
   </div>
   <div class='ocr_carea' id='block_1_72' title="bbox 2525 4209 4029 4279">
    <p class='ocr_par' dir='ltr' id='par_1_72' title="bbox 2525 4209 4029 4279">
     <span class='ocr_line' id='line_1_72' title="bbox 2525 4209 4029 4279; baseline -0.001 -14"><span class='ocrx_word' id='word_1_599' title='bbox 2525 4215 2613 4270; x_wconf 75' lang='grc'><strong>94.</strong></span> <span class='ocrx_word' id='word_1_600' title='bbox 2650 4211 2794 4278; x_wconf 83' lang='lat' dir='ltr'><strong>Quin</strong></span> <span class='ocrx_word' id='word_1_601' title='bbox 2826 4209 3191 4279; x_wconf 79' lang='lat' dir='ltr'><strong>prodig&#39;osum</strong></span> <span class='ocrx_word' id='word_1_602' title='bbox 3228 4219 3564 4277; x_wconf 78' lang='lat' dir='ltr'><strong>unguentum</strong></span> <span class='ocrx_word' id='word_1_603' title='bbox 3595 4227 3624 4265; x_wconf 88' lang='lat' dir='ltr'><strong>e</strong></span> <span class='ocrx_word' id='word_1_604' title='bbox 3666 4211 4029 4266; x_wconf 81' lang='lat' dir='ltr'><strong>Thessaloni-</strong></span> 
     </span>
    </p>
   </div>
   <div class='ocr_carea' id='block_1_73' title="bbox 2460 4301 4031 4372">
    <p class='ocr_par' dir='ltr' id='par_1_73' title="bbox 2460 4301 4031 4372">
     <span class='ocr_line' id='line_1_73' title="bbox 2460 4301 4031 4372; baseline -0.003 -12"><span class='ocrx_word' id='word_1_605' title='bbox 2460 4305 2608 4360; x_wconf 87' lang='lat' dir='ltr'><strong>censi</strong></span> <span class='ocrx_word' id='word_1_606' title='bbox 2639 4303 2812 4357; x_wconf 90' lang='lat' dir='ltr'><strong>sancti</strong></span> <span class='ocrx_word' id='word_1_607' title='bbox 2837 4301 3094 4355; x_wconf 86' lang='lat' dir='ltr'><strong>Demetrii</strong></span> <span class='ocrx_word' id='word_1_608' title='bbox 3122 4303 3373 4370; x_wconf 74' lang='lat' dir='ltr'><strong>sepulcro</strong></span> <span class='ocrx_word' id='word_1_609' title='bbox 3405 4303 3726 4372; x_wconf 86' lang='lat' dir='ltr'><strong>antiquitus,</strong></span> <span class='ocrx_word' id='word_1_610' title='bbox 3753 4307 4031 4372; x_wconf 72' lang='lat' dir='ltr'><strong>stupenda</strong></span> 
     </span>
    </p>
   </div>
   <div class='ocr_carea' id='block_1_74' title="bbox 2459 4393 4032 4464">
    <p class='ocr_par' dir='ltr' id='par_1_74' title="bbox 2459 4393 4032 4464">
     <span class='ocr_line' id='line_1_74' title="bbox 2459 4393 4032 4464; baseline -0.003 -13"><span class='ocrx_word' id='word_1_611' title='bbox 2459 4396 2722 4452; x_wconf 86' lang='lat' dir='ltr'><strong>miraculo</strong></span> <span class='ocrx_word' id='word_1_612' title='bbox 2769 4393 2942 4449; x_wconf 88' lang='lat' dir='ltr'><strong>sancti</strong></span> <span class='ocrx_word' id='word_1_613' title='bbox 2992 4393 3248 4447; x_wconf 84' lang='lat' dir='ltr'><strong>Demetrii</strong></span> <span class='ocrx_word' id='word_1_614' title='bbox 3282 4396 3490 4450; x_wconf 87' lang='lat' dir='ltr'><strong>meritis</strong></span> <span class='ocrx_word' id='word_1_615' title='bbox 3537 4396 3809 4464; x_wconf 86' lang='lat' dir='ltr'><strong>aseripto,</strong></span> <span class='ocrx_word' id='word_1_616' title='bbox 3845 4406 4032 4449; x_wconf 78' lang='lat' dir='ltr'><strong>scatu-</strong></span> 
     </span>
    </p>
   </div>
   <div class='ocr_carea' id='block_1_75' title="bbox 800 4476 2466 4551">
    <p class='ocr_par' dir='ltr' id='par_1_75' title="bbox 800 4476 2466 4550">
     <span class='ocr_line' id='line_1_75' title="bbox 800 4476 2466 4550; baseline -0.002 -20"><span class='ocrx_word' id='word_1_617' title='bbox 800 4491 1006 4538; x_wconf 78' lang='lat' dir='ltr'><strong>certum</strong></span> <span class='ocrx_word' id='word_1_618' title='bbox 1047 4486 1308 4550; x_wconf 84' lang='lat' dir='ltr'><strong>apparet;</strong></span> <span class='ocrx_word' id='word_1_619' title='bbox 1357 4488 1410 4529; x_wconf 90' lang='lat' dir='ltr'><strong>ut</strong></span> <span class='ocrx_word' id='word_1_620' title='bbox 1450 4476 1674 4545; x_wconf 84' lang='lat' dir='ltr'><strong>proinde</strong></span> <span class='ocrx_word' id='word_1_621' title='bbox 1721 4491 1934 4531; x_wconf 87' lang='lat' dir='ltr'><strong>sacrum</strong></span> <span class='ocrx_word' id='word_1_622' title='bbox 1983 4478 2129 4530; x_wconf 90' lang='lat' dir='ltr'><strong>illum</strong></span> <span class='ocrx_word' id='word_1_623' title='bbox 2177 4476 2357 4530; x_wconf 89' lang='lat' dir='ltr'><strong>locum</strong></span> <span class='ocrx_word' id='word_1_624' title='bbox 2395 4498 2466 4549; x_wconf 61' lang='grc' dir='ltr'><strong>ος</strong></span> 
     </span>
    </p>
   </div>
   <div class='ocr_carea' id='block_1_76' title="bbox 2363 4476 4029 4551">
    <p class='ocr_par' dir='ltr' id='par_1_76' title="bbox 2395 4487 4029 4551">
     <span class='ocr_line' id='line_1_76' title="bbox 2395 4487 4029 4551; baseline -0.003 -8"><span class='ocrx_word' id='word_1_625' title='bbox 2395 4498 2434 4549; x_wconf 88' lang='lat' dir='ltr'><strong>D</strong></span> <span class='ocrx_word' id='word_1_626' title='bbox 2464 4493 2640 4551; x_wconf 86' lang='lat' dir='ltr'><strong>ricrtt,</strong></span> <span class='ocrx_word' id='word_1_627' title='bbox 2671 4487 3027 4542; x_wconf 72' lang='lat' dir='ltr'><strong>dubitandum</strong></span> <span class='ocrx_word' id='word_1_628' title='bbox 3075 4501 3181 4540; x_wconf 91' lang='lat' dir='ltr'><strong>non</strong></span> <span class='ocrx_word' id='word_1_629' title='bbox 3221 4497 3328 4540; x_wconf 82' lang='lat' dir='ltr'><strong>est.</strong></span> <span class='ocrx_word' id='word_1_630' title='bbox 3358 4489 3413 4539; x_wconf 90' lang='lat' dir='ltr'><strong>ld</strong></span> <span class='ocrx_word' id='word_1_631' title='bbox 3445 4488 3591 4540; x_wconf 89' lang='lat' dir='ltr'><strong>enim</strong></span> <span class='ocrx_word' id='word_1_632' title='bbox 3649 4496 3912 4540; x_wconf 74' lang='lat' dir='ltr'><strong>testatum</strong></span> <span class='ocrx_word' id='word_1_633' title='bbox 3953 4489 4029 4540; x_wconf 81' lang='lat' dir='ltr'><strong>fa-</strong></span> 
     </span>
    </p>
   </div>
   <div class='ocr_carea' id='block_1_77' title="bbox 802 4567 2365 4638">
    <p class='ocr_par' dir='ltr' id='par_1_77' title="bbox 802 4567 2365 4638">
     <span class='ocr_line' id='line_1_77' title="bbox 802 4567 2365 4638; baseline -0.004 -14"><span class='ocrx_word' id='word_1_634' title='bbox 802 4577 1082 4638; x_wconf 83' lang='lat' dir='ltr'><strong>detnceps,</strong></span> <span class='ocrx_word' id='word_1_635' title='bbox 1114 4582 1219 4621; x_wconf 91' lang='lat' dir='ltr'><strong>non</strong></span> <span class='ocrx_word' id='word_1_636' title='bbox 1246 4582 1404 4624; x_wconf 87' lang='lat' dir='ltr'><strong>secus</strong></span> <span class='ocrx_word' id='word_1_637' title='bbox 1434 4583 1497 4620; x_wconf 90' lang='lat' dir='ltr'><strong>ac</strong></span> <span class='ocrx_word' id='word_1_638' title='bbox 1523 4576 1670 4632; x_wconf 87' lang='lat' dir='ltr'><strong>ante,</strong></span> <span class='ocrx_word' id='word_1_639' title='bbox 1698 4567 2220 4623; x_wconf 87' lang='lat' dir='ltr'><strong>Thessalonicenses</strong></span> <span class='ocrx_word' id='word_1_640' title='bbox 2245 4567 2365 4621; x_wconf 88' lang='lat' dir='ltr'><strong>alii-</strong></span> 
     </span>
    </p>
   </div>
   <div class='ocr_carea' id='block_1_78' title="bbox 802 4655 2367 4727">
    <p class='ocr_par' dir='ltr' id='par_1_78' title="bbox 802 4655 2367 4727">
     <span class='ocr_line' id='line_1_78' title="bbox 802 4655 2367 4727; baseline -0.001 -15"><span class='ocrx_word' id='word_1_641' title='bbox 802 4675 907 4727; x_wconf 90' lang='lat' dir='ltr'><strong>que</strong></span> <span class='ocrx_word' id='word_1_642' title='bbox 948 4656 1361 4711; x_wconf 81' lang='lat' dir='ltr'><strong>verosimillime</strong></span> <span class='ocrx_word' id='word_1_643' title='bbox 1396 4655 1818 4726; x_wconf 78' lang='lat' dir='ltr'><strong>frequentarint.</strong></span> <span class='ocrx_word' id='word_1_644' title='bbox 1857 4656 2055 4716; x_wconf 78' lang='lat' dir='ltr'><strong>Verum</strong></span> <span class='ocrx_word' id='word_1_645' title='bbox 2091 4674 2232 4712; x_wconf 88' lang='lat' dir='ltr'><strong>anne</strong></span> <span class='ocrx_word' id='word_1_646' title='bbox 2270 4658 2367 4711; x_wconf 87' lang='lat' dir='ltr'><strong>ho-</strong></span> 
     </span>
    </p>
   </div>
   <div class='ocr_carea' id='block_1_79' title="bbox 804 4751 2367 4821">
    <p class='ocr_par' dir='ltr' id='par_1_79' title="bbox 804 4751 2367 4821">
     <span class='ocr_line' id='line_1_79' title="bbox 804 4751 2367 4821; baseline -0.001 -15"><span class='ocrx_word' id='word_1_647' title='bbox 804 4755 992 4821; x_wconf 89' lang='lat' dir='ltr'><strong>dieque</strong></span> <span class='ocrx_word' id='word_1_648' title='bbox 1023 4751 1201 4806; x_wconf 83' lang='lat' dir='ltr'><strong>lacere</strong></span> <span class='ocrx_word' id='word_1_649' title='bbox 1229 4751 1280 4804; x_wconf 90' lang='lat' dir='ltr'><strong>id</strong></span> <span class='ocrx_word' id='word_1_650' title='bbox 1310 4751 1458 4805; x_wconf 89' lang='lat' dir='ltr'><strong>hisce</strong></span> <span class='ocrx_word' id='word_1_651' title='bbox 1489 4751 1756 4820; x_wconf 80' lang='lat' dir='ltr'><strong>integrum</strong></span> <span class='ocrx_word' id='word_1_652' title='bbox 1798 4753 1926 4809; x_wconf 72' lang='lat' dir='ltr'><strong>est?</strong></span> <span class='ocrx_word' id='word_1_653' title='bbox 1956 4752 2013 4806; x_wconf 91' lang='lat' dir='ltr'><strong>ln</strong></span> <span class='ocrx_word' id='word_1_654' title='bbox 2057 4768 2367 4820; x_wconf 80' lang='lat' dir='ltr'><strong>mosqueam</strong></span> 
     </span>
    </p>
   </div>
   <div class='ocr_carea' id='block_1_80' title="bbox 806 4842 2368 4900">
    <p class='ocr_par' dir='ltr' id='par_1_80' title="bbox 806 4842 2368 4900">
     <span class='ocr_line' id='line_1_80' title="bbox 806 4842 2368 4900; baseline -0.001 0"><span class='ocrx_word' id='word_1_655' title='bbox 806 4862 901 4900; x_wconf 75' lang='lat' dir='ltr'><strong>seu</strong></span> <span class='ocrx_word' id='word_1_656' title='bbox 938 4847 1121 4898; x_wconf 78' lang='lat' dir='ltr'><strong>tamtm</strong></span> <span class='ocrx_word' id='word_1_657' title='bbox 1163 4842 1454 4896; x_wconf 89' lang='lat' dir='ltr'><strong>Turcicum</strong></span> <span class='ocrx_word' id='word_1_658' title='bbox 1489 4843 1647 4899; x_wconf 91' lang='lat' dir='ltr'><strong>modo</strong></span> <span class='ocrx_word' id='word_1_659' title='bbox 1675 4859 1798 4900; x_wconf 86' lang='lat' dir='ltr'><strong>esse</strong></span> <span class='ocrx_word' id='word_1_660' title='bbox 1843 4859 2164 4898; x_wconf 87' lang='lat' dir='ltr'><strong>conversum</strong></span> <span class='ocrx_word' id='word_1_661' title='bbox 2195 4844 2368 4898; x_wconf 87' lang='lat' dir='ltr'><strong>Thes-</strong></span> 
     </span>
    </p>
   </div>
   <div class='ocr_carea' id='block_1_81' title="bbox 807 4934 2370 5004">
    <p class='ocr_par' dir='ltr' id='par_1_81' title="bbox 807 4934 2370 5004">
     <span class='ocr_line' id='line_1_81' title="bbox 807 4934 2370 5004; baseline 0 -14"><span class='ocrx_word' id='word_1_662' title='bbox 807 4938 1143 4991; x_wconf 86' lang='lat' dir='ltr'><strong>salonicense</strong></span> <span class='ocrx_word' id='word_1_663' title='bbox 1177 4934 1355 4988; x_wconf 89' lang='lat' dir='ltr'><strong>sancti</strong></span> <span class='ocrx_word' id='word_1_664' title='bbox 1386 4934 1642 4988; x_wconf 90' lang='lat' dir='ltr'><strong>Demetrii</strong></span> <span class='ocrx_word' id='word_1_665' title='bbox 1678 4935 1963 5004; x_wconf 89' lang='lat' dir='ltr'><strong>templum,</strong></span> <span class='ocrx_word' id='word_1_666' title='bbox 1988 4935 2370 4990; x_wconf 80' lang='lat' dir='ltr'><strong>Martiniereus</strong></span> 
     </span>
    </p>
   </div>
   <div class='ocr_carea' id='block_1_82' title="bbox 809 5024 2370 5096">
    <p class='ocr_par' dir='ltr' id='par_1_82' title="bbox 809 5024 2370 5096">
     <span class='ocr_line' id='line_1_82' title="bbox 809 5024 2370 5096; baseline -0.002 -15"><span class='ocrx_word' id='word_1_667' title='bbox 809 5030 863 5081; x_wconf 92' lang='lat' dir='ltr'><strong>in</strong></span> <span class='ocrx_word' id='word_1_668' title='bbox 912 5027 1240 5080; x_wconf 82' lang='lat' dir='ltr'><strong>Dictiunario</strong></span> <span class='ocrx_word' id='word_1_669' title='bbox 1291 5024 1667 5094; x_wconf 76' lang='lat' dir='ltr'><strong>Grographico,</strong></span> <span class='ocrx_word' id='word_1_670' title='bbox 1712 5028 1898 5094; x_wconf 82' lang='lat' dir='ltr'><strong>paucis</strong></span> <span class='ocrx_word' id='word_1_671' title='bbox 1963 5028 2163 5089; x_wconf 87' lang='lat' dir='ltr'><strong>etiam,</strong></span> <span class='ocrx_word' id='word_1_672' title='bbox 2211 5042 2370 5096; x_wconf 91' lang='lat' dir='ltr'><strong>quam</strong></span> 
     </span>
    </p>
   </div>
   <div class='ocr_carea' id='block_1_83' title="bbox 811 5115 2370 5183">
    <p class='ocr_par' dir='ltr' id='par_1_83' title="bbox 811 5115 2370 5183">
     <span class='ocr_line' id='line_1_83' title="bbox 811 5115 2370 5183; baseline -0.003 -9"><span class='ocrx_word' id='word_1_673' title='bbox 811 5118 1027 5183; x_wconf 75' lang='lat' dir='ltr'><strong>insigne</strong></span> <span class='ocrx_word' id='word_1_674' title='bbox 1060 5117 1189 5170; x_wconf 92' lang='lat' dir='ltr'><strong>illud</strong></span> <span class='ocrx_word' id='word_1_675' title='bbox 1228 5117 1408 5181; x_wconf 83' lang='lat' dir='ltr'><strong>fuerit,</strong></span> <span class='ocrx_word' id='word_1_676' title='bbox 1445 5117 1688 5181; x_wconf 88' lang='lat' dir='ltr'><strong>tradens,</strong></span> <span class='ocrx_word' id='word_1_677' title='bbox 1736 5121 1801 5171; x_wconf 89' lang='lat' dir='ltr'><strong>ad</strong></span> <span class='ocrx_word' id='word_1_678' title='bbox 1835 5131 2036 5170; x_wconf 89' lang='lat' dir='ltr'><strong>nomen</strong></span> <span class='ocrx_word' id='word_1_679' title='bbox 2085 5115 2370 5180; x_wconf 81' lang='lat' dir='ltr'><strong>Saloniclti,</strong></span> 
     </span>
    </p>
   </div>
   <div class='ocr_carea' id='block_1_84' title="bbox 808 5208 2377 5280">
    <p class='ocr_par' dir='ltr' id='par_1_84' title="bbox 808 5208 2377 5280">
     <span class='ocr_line' id='line_1_84' title="bbox 808 5208 2377 5280; baseline 0.001 -18"><span class='ocrx_word' id='word_1_680' title='bbox 808 5227 916 5278; x_wconf 84' lang='lat' dir='ltr'><strong>quo</strong></span> <span class='ocrx_word' id='word_1_681' title='bbox 954 5210 1112 5264; x_wconf 90' lang='lat' dir='ltr'><strong>modo</strong></span> <span class='ocrx_word' id='word_1_682' title='bbox 1141 5208 1532 5263; x_wconf 89' lang='lat' dir='ltr'><strong>Thessalonica</strong></span> <span class='ocrx_word' id='word_1_683' title='bbox 1564 5209 1884 5280; x_wconf 90' lang='lat' dir='ltr'><strong>appellatur,</strong></span> <span class='ocrx_word' id='word_1_684' title='bbox 1917 5225 1947 5264; x_wconf 90' lang='lat' dir='ltr'><strong>e</strong></span> <span class='ocrx_word' id='word_1_685' title='bbox 1979 5210 2266 5264; x_wconf 87' lang='lat' dir='ltr'><strong>Coronellii</strong></span> <span class='ocrx_word' id='word_1_686' title='bbox 2293 5213 2377 5264; x_wconf 85' lang='lat' dir='ltr'><strong>hi-</strong></span> 
     </span>
    </p>
   </div>
   <div class='ocr_carea' id='block_1_85' title="bbox 808 5301 2376 5372">
    <p class='ocr_par' dir='ltr' id='par_1_85' title="bbox 808 5301 2376 5372">
     <span class='ocr_line' id='line_1_85' title="bbox 808 5301 2376 5372; baseline 0.001 -16"><span class='ocrx_word' id='word_1_687' title='bbox 808 5301 1027 5356; x_wconf 66' lang='lat' dir='ltr'><strong>storias</strong></span> <span class='ocrx_word' id='word_1_688' title='bbox 1059 5315 1120 5355; x_wconf 87' lang='lat' dir='ltr'><strong>ac</strong></span> <span class='ocrx_word' id='word_1_689' title='bbox 1165 5301 1543 5371; x_wconf 82' lang='lat' dir='ltr'><strong>geographicis</strong></span> <span class='ocrx_word' id='word_1_690' title='bbox 1585 5303 1968 5364; x_wconf 87' lang='lat' dir='ltr'><strong>monumentis,</strong></span> <span class='ocrx_word' id='word_1_691' title='bbox 2018 5304 2376 5372; x_wconf 89' lang='lat' dir='ltr'><strong>scriptoquea</strong></span> 
     </span>
    </p>
   </div>
   <div class='ocr_carea' id='block_1_86' title="bbox 810 5390 2377 5461">
    <p class='ocr_par' dir='ltr' id='par_1_86' title="bbox 810 5390 2377 5461">
     <span class='ocr_line' id='line_1_86' title="bbox 810 5390 2377 5461; baseline -0.001 -15"><span class='ocrx_word' id='word_1_692' title='bbox 810 5393 972 5446; x_wconf 83' lang='lat' dir='ltr'><strong>Paulo</strong></span> <span class='ocrx_word' id='word_1_693' title='bbox 1014 5391 1155 5445; x_wconf 89' lang='lat' dir='ltr'><strong>Luca</strong></span> <span class='ocrx_word' id='word_1_694' title='bbox 1194 5390 1476 5444; x_wconf 83' lang='lat' dir='ltr'><strong>Itinerario</strong></span> <span class='ocrx_word' id='word_1_695' title='bbox 1522 5392 1701 5455; x_wconf 88' lang='lat' dir='ltr'><strong>docet,</strong></span> <span class='ocrx_word' id='word_1_696' title='bbox 1739 5408 1839 5447; x_wconf 91' lang='lat' dir='ltr'><strong>nec</strong></span> <span class='ocrx_word' id='word_1_697' title='bbox 1877 5392 2194 5461; x_wconf 82' lang='lat' dir='ltr'><strong>quidquam,</strong></span> <span class='ocrx_word' id='word_1_698' title='bbox 2238 5395 2377 5447; x_wconf 82' lang='lat' dir='ltr'><strong>unde</strong></span> 
     </span>
    </p>
   </div>
   <div class='ocr_carea' id='block_1_87' title="bbox 811 5483 2376 5551">
    <p class='ocr_par' dir='ltr' id='par_1_87' title="bbox 811 5483 2376 5551">
     <span class='ocr_line' id='line_1_87' title="bbox 811 5483 2376 5551; baseline 0 -13"><span class='ocrx_word' id='word_1_699' title='bbox 811 5499 897 5539; x_wconf 89' lang='lat' dir='ltr'><strong>res</strong></span> <span class='ocrx_word' id='word_1_700' title='bbox 925 5489 1056 5546; x_wconf 70' lang='lat' dir='ltr'><strong>haec,</strong></span> <span class='ocrx_word' id='word_1_701' title='bbox 1105 5483 1226 5535; x_wconf 88' lang='lat' dir='ltr'><strong>licet</strong></span> <span class='ocrx_word' id='word_1_702' title='bbox 1261 5484 1497 5549; x_wconf 90' lang='lat' dir='ltr'><strong>interim,</strong></span> <span class='ocrx_word' id='word_1_703' title='bbox 1531 5483 1874 5551; x_wconf 85' lang='lat' dir='ltr'><strong>quandonam</strong></span> <span class='ocrx_word' id='word_1_704' title='bbox 1908 5495 2057 5551; x_wconf 79' lang='lat' dir='ltr'><strong>gesta</strong></span> <span class='ocrx_word' id='word_1_705' title='bbox 2090 5486 2199 5544; x_wconf 89' lang='lat' dir='ltr'><strong>sit.</strong></span> <span class='ocrx_word' id='word_1_706' title='bbox 2237 5485 2376 5538; x_wconf 86' lang='lat' dir='ltr'><strong>haud</strong></span> 
     </span>
    </p>
   </div>
   <div class='ocr_carea' id='block_1_88' title="bbox 809 5575 2380 5645">
    <p class='ocr_par' dir='ltr' id='par_1_88' title="bbox 809 5575 2380 5645">
     <span class='ocr_line' id='line_1_88' title="bbox 809 5575 2380 5645; baseline 0.003 -19"><span class='ocrx_word' id='word_1_707' title='bbox 809 5577 1105 5640; x_wconf 79' lang='lat' dir='ltr'><strong>inveniam,</strong></span> <span class='ocrx_word' id='word_1_708' title='bbox 1138 5583 1359 5628; x_wconf 89' lang='lat' dir='ltr'><strong>vocetur</strong></span> <span class='ocrx_word' id='word_1_709' title='bbox 1387 5579 1436 5628; x_wconf 92' lang='lat' dir='ltr'><strong>in</strong></span> <span class='ocrx_word' id='word_1_710' title='bbox 1472 5575 1697 5629; x_wconf 88' lang='lat' dir='ltr'><strong>dnbiurn</strong></span> <span class='ocrx_word' id='word_1_711' title='bbox 1727 5619 1739 5639; x_wconf 84' lang='lat'><strong>,</strong></span> <span class='ocrx_word' id='word_1_712' title='bbox 1766 5579 2043 5640; x_wconf 87' lang='lat' dir='ltr'><strong>occurrit;</strong></span> <span class='ocrx_word' id='word_1_713' title='bbox 2084 5592 2253 5645; x_wconf 87' lang='lat' dir='ltr'><strong>quare</strong></span> <span class='ocrx_word' id='word_1_714' title='bbox 2286 5581 2380 5630; x_wconf 82' lang='lat' dir='ltr'><strong>tlu-</strong></span> 
     </span>
    </p>
   </div>
   <div class='ocr_carea' id='block_1_89' title="bbox 810 5667 2378 5737">
    <p class='ocr_par' dir='ltr' id='par_1_89' title="bbox 810 5667 2378 5737">
     <span class='ocr_line' id='line_1_89' title="bbox 810 5667 2378 5737; baseline -0.001 -14"><span class='ocrx_word' id='word_1_715' title='bbox 810 5669 1094 5723; x_wconf 88' lang='lat' dir='ltr'><strong>bitandum</strong></span> <span class='ocrx_word' id='word_1_716' title='bbox 1126 5682 1233 5721; x_wconf 88' lang='lat' dir='ltr'><strong>non</strong></span> <span class='ocrx_word' id='word_1_717' title='bbox 1267 5676 1369 5732; x_wconf 87' lang='lat' dir='ltr'><strong>cst,</strong></span> <span class='ocrx_word' id='word_1_718' title='bbox 1405 5667 1534 5736; x_wconf 91' lang='lat' dir='ltr'><strong>quin</strong></span> <span class='ocrx_word' id='word_1_719' title='bbox 1586 5683 1717 5721; x_wconf 90' lang='lat' dir='ltr'><strong>sane</strong></span> <span class='ocrx_word' id='word_1_720' title='bbox 1756 5668 1925 5721; x_wconf 92' lang='lat' dir='ltr'><strong>multo</strong></span> <span class='ocrx_word' id='word_1_721' title='bbox 1975 5670 2172 5731; x_wconf 87' lang='lat' dir='ltr'><strong>minus,</strong></span> <span class='ocrx_word' id='word_1_722' title='bbox 2219 5686 2378 5737; x_wconf 85' lang='lat' dir='ltr'><strong>quam</strong></span> 
     </span>
    </p>
   </div>
   <div class='ocr_carea' id='block_1_90' title="bbox 813 5761 2381 5832">
    <p class='ocr_par' dir='ltr' id='par_1_90' title="bbox 813 5761 2381 5832">
     <span class='ocr_line' id='line_1_90' title="bbox 813 5761 2381 5832; baseline 0.001 -16"><span class='ocrx_word' id='word_1_723' title='bbox 813 5765 1081 5832; x_wconf 86' lang='lat' dir='ltr'><strong>quondam</strong></span> <span class='ocrx_word' id='word_1_724' title='bbox 1114 5761 1358 5826; x_wconf 85' lang='lat' dir='ltr'><strong>soluerit,</strong></span> <span class='ocrx_word' id='word_1_725' title='bbox 1390 5772 1720 5816; x_wconf 81' lang='lat' dir='ltr'><strong>exstructum</strong></span> <span class='ocrx_word' id='word_1_726' title='bbox 1767 5762 1893 5816; x_wconf 82' lang='lat' dir='ltr'><strong>oliui</strong></span> <span class='ocrx_word' id='word_1_727' title='bbox 1927 5761 2126 5816; x_wconf 85' lang='lat' dir='ltr'><strong>Sancto</strong></span> <span class='ocrx_word' id='word_1_728' title='bbox 2153 5761 2381 5818; x_wconf 80' lang='lat' dir='ltr'><strong>Thessa-</strong></span> 
     </span>
    </p>
   </div>
   <div class='ocr_carea' id='block_1_91' title="bbox 2466 4577 4033 4647">
    <p class='ocr_par' dir='ltr' id='par_1_91' title="bbox 2466 4577 4033 4647">
     <span class='ocr_line' id='line_1_91' title="bbox 2466 4577 4033 4647; baseline -0.003 -14"><span class='ocrx_word' id='word_1_729' title='bbox 2466 4581 2617 4634; x_wconf 91' lang='lat' dir='ltr'><strong>ciunt</strong></span> <span class='ocrx_word' id='word_1_730' title='bbox 2651 4581 2948 4647; x_wconf 89' lang='lat' dir='ltr'><strong>scriptores</strong></span> <span class='ocrx_word' id='word_1_731' title='bbox 3002 4593 3112 4630; x_wconf 88' lang='lat' dir='ltr'><strong>non</strong></span> <span class='ocrx_word' id='word_1_732' title='bbox 3164 4577 3342 4644; x_wconf 87' lang='lat' dir='ltr'><strong>pauci,</strong></span> <span class='ocrx_word' id='word_1_733' title='bbox 3411 4579 3524 4646; x_wconf 84' lang='lat' dir='ltr'><strong>qui,</strong></span> <span class='ocrx_word' id='word_1_734' title='bbox 3582 4592 3704 4630; x_wconf 89' lang='lat' dir='ltr'><strong>cum</strong></span> <span class='ocrx_word' id='word_1_735' title='bbox 3771 4591 3886 4629; x_wconf 86' lang='lat' dir='ltr'><strong>rem</strong></span> <span class='ocrx_word' id='word_1_736' title='bbox 3942 4587 4033 4628; x_wconf 92' lang='lat' dir='ltr'><strong>aut</strong></span> 
     </span>
    </p>
   </div>
   <div class='ocr_carea' id='block_1_92' title="bbox 2468 4671 4033 4740">
    <p class='ocr_par' dir='ltr' id='par_1_92' title="bbox 2468 4671 4033 4740">
     <span class='ocr_line' id='line_1_92' title="bbox 2468 4671 4033 4740; baseline -0.004 -13"><span class='ocrx_word' id='word_1_737' title='bbox 2468 4675 2697 4728; x_wconf 90' lang='lat' dir='ltr'><strong>suismet</strong></span> <span class='ocrx_word' id='word_1_738' title='bbox 2725 4671 2897 4725; x_wconf 87' lang='lat' dir='ltr'><strong>oculis</strong></span> <span class='ocrx_word' id='word_1_739' title='bbox 2948 4671 3336 4740; x_wconf 78' lang='lat' dir='ltr'><strong>conSpexerint</strong></span> <span class='ocrx_word' id='word_1_740' title='bbox 3369 4678 3462 4722; x_wconf 83' lang='lat' dir='ltr'><strong>aut</strong></span> <span class='ocrx_word' id='word_1_741' title='bbox 3508 4678 3654 4722; x_wconf 84' lang='lat' dir='ltr'><strong>certe</strong></span> <span class='ocrx_word' id='word_1_742' title='bbox 3705 4683 3735 4722; x_wconf 89' lang='lat' dir='ltr'><strong>e</strong></span> <span class='ocrx_word' id='word_1_743' title='bbox 3800 4672 4033 4722; x_wconf 83' lang='lat' dir='ltr'><strong>testibus</strong></span> 
     </span>
    </p>
   </div>
   <div class='ocr_carea' id='block_1_93' title="bbox 2471 4759 4032 4833">
    <p class='ocr_par' dir='ltr' id='par_1_93' title="bbox 2471 4759 4032 4833">
     <span class='ocr_line' id='line_1_93' title="bbox 2471 4759 4032 4833; baseline -0.006 -14"><span class='ocrx_word' id='word_1_744' title='bbox 2471 4766 2575 4819; x_wconf 85' lang='lat' dir='ltr'><strong>lide</strong></span> <span class='ocrx_word' id='word_1_745' title='bbox 2610 4763 2788 4833; x_wconf 80' lang='lat' dir='ltr'><strong>dignis</strong></span> <span class='ocrx_word' id='word_1_746' title='bbox 2816 4762 3106 4826; x_wconf 87' lang='lat' dir='ltr'><strong>audierint,</strong></span> <span class='ocrx_word' id='word_1_747' title='bbox 3143 4760 3385 4829; x_wconf 89' lang='lat' dir='ltr'><strong>suspecti</strong></span> <span class='ocrx_word' id='word_1_748' title='bbox 3414 4759 3573 4813; x_wconf 89' lang='lat' dir='ltr'><strong>nobis</strong></span> <span class='ocrx_word' id='word_1_749' title='bbox 3610 4759 3699 4813; x_wconf 90' lang='lat' dir='ltr'><strong>hic</strong></span> <span class='ocrx_word' id='word_1_750' title='bbox 3735 4772 3862 4812; x_wconf 89' lang='lat' dir='ltr'><strong>esse</strong></span> <span class='ocrx_word' id='word_1_751' title='bbox 3929 4775 4032 4811; x_wconf 80' lang='lat' dir='ltr'><strong>non</strong></span> 
     </span>
    </p>
   </div>
   <div class='ocr_carea' id='block_1_94' title="bbox 2471 4852 4033 4923">
    <p class='ocr_par' dir='ltr' id='par_1_94' title="bbox 2471 4852 4033 4923">
     <span class='ocr_line' id='line_1_94' title="bbox 2471 4852 4033 4923; baseline -0.008 -11"><span class='ocrx_word' id='word_1_752' title='bbox 2471 4857 2692 4912; x_wconf 90' lang='lat' dir='ltr'><strong>debent.</strong></span> <span class='ocrx_word' id='word_1_753' title='bbox 2717 4854 2914 4908; x_wconf 82' lang='lat' dir='ltr'><strong>Verum</strong></span> <span class='ocrx_word' id='word_1_754' title='bbox 2942 4870 2973 4909; x_wconf 91' lang='lat' dir='ltr'><strong>a</strong></span> <span class='ocrx_word' id='word_1_755' title='bbox 3001 4869 3112 4923; x_wconf 90' lang='lat' dir='ltr'><strong>quo</strong></span> <span class='ocrx_word' id='word_1_756' title='bbox 3151 4863 3397 4922; x_wconf 90' lang='lat' dir='ltr'><strong>tempore</strong></span> <span class='ocrx_word' id='word_1_757' title='bbox 3421 4852 3736 4905; x_wconf 89' lang='lat' dir='ltr'><strong>miraculum</strong></span> <span class='ocrx_word' id='word_1_758' title='bbox 3759 4852 3892 4905; x_wconf 62' lang='lat' dir='ltr'><strong>illud</strong></span> <span class='ocrx_word' id='word_1_759' title='bbox 3930 4853 4033 4918; x_wconf 77' lang='lat' dir='ltr'><strong>pri-</strong></span> 
     </span>
    </p>
   </div>
   <div class='ocr_carea' id='block_1_95' title="bbox 2475 4944 4035 5015">
    <p class='ocr_par' dir='ltr' id='par_1_95' title="bbox 2475 4944 4035 5015">
     <span class='ocr_line' id='line_1_95' title="bbox 2475 4944 4035 5015; baseline -0.003 -13"><span class='ocrx_word' id='word_1_760' title='bbox 2475 4964 2617 5002; x_wconf 89' lang='lat' dir='ltr'><strong>mum</strong></span> <span class='ocrx_word' id='word_1_761' title='bbox 2644 4948 2929 5015; x_wconf 83' lang='lat' dir='ltr'><strong>inceperit,</strong></span> <span class='ocrx_word' id='word_1_762' title='bbox 2953 4945 3096 4999; x_wconf 88' lang='lat' dir='ltr'><strong>haud</strong></span> <span class='ocrx_word' id='word_1_763' title='bbox 3119 4959 3271 5012; x_wconf 78' lang='lat' dir='ltr'><strong>teque</strong></span> <span class='ocrx_word' id='word_1_764' title='bbox 3301 4944 3665 4996; x_wconf 85' lang='lat' dir='ltr'><strong>indubitatum</strong></span> <span class='ocrx_word' id='word_1_765' title='bbox 3687 4955 3793 5007; x_wconf 89' lang='lat' dir='ltr'><strong>est,</strong></span> <span class='ocrx_word' id='word_1_766' title='bbox 3833 4947 3912 4997; x_wconf 89' lang='lat' dir='ltr'><strong>uti</strong></span> <span class='ocrx_word' id='word_1_767' title='bbox 3941 4958 4035 4998; x_wconf 84' lang='lat' dir='ltr'><strong>nec</strong></span> 
     </span>
    </p>
   </div>
   <div class='ocr_carea' id='block_1_96' title="bbox 2473 5030 4031 5104">
    <p class='ocr_par' dir='ltr' id='par_1_96' title="bbox 2473 5030 4031 5104">
     <span class='ocr_line' id='line_1_96' title="bbox 2473 5030 4031 5104; baseline -0.004 -15"><span class='ocrx_word' id='word_1_768' title='bbox 2473 5036 2820 5104; x_wconf 87' lang='lat' dir='ltr'><strong>quandonam</strong></span> <span class='ocrx_word' id='word_1_769' title='bbox 2851 5033 3068 5087; x_wconf 85' lang='lat' dir='ltr'><strong>circiter</strong></span> <span class='ocrx_word' id='word_1_770' title='bbox 3099 5030 3286 5084; x_wconf 89' lang='lat' dir='ltr'><strong>Sancti</strong></span> <span class='ocrx_word' id='word_1_771' title='bbox 3319 5033 3488 5084; x_wconf 87' lang='lat' dir='ltr'><strong>nostri</strong></span> <span class='ocrx_word' id='word_1_772' title='bbox 3521 5045 3740 5098; x_wconf 89' lang='lat' dir='ltr'><strong>corpus,</strong></span> <span class='ocrx_word' id='word_1_773' title='bbox 3793 5033 3863 5084; x_wconf 87' lang='lat' dir='ltr'><strong>ad</strong></span> <span class='ocrx_word' id='word_1_774' title='bbox 3898 5035 4031 5100; x_wconf 78' lang='lat' dir='ltr'><strong>quod</strong></span> 
     </span>
    </p>
   </div>
   <div class='ocr_carea' id='block_1_97' title="bbox 2475 5127 4034 5197">
    <p class='ocr_par' dir='ltr' id='par_1_97' title="bbox 2475 5127 4034 5197">
     <span class='ocr_line' id='line_1_97' title="bbox 2475 5127 4034 5197; baseline 0 -18"><span class='ocrx_word' id='word_1_775' title='bbox 2475 5130 2783 5197; x_wconf 75' lang='lat' dir='ltr'><strong>prodigium</strong></span> <span class='ocrx_word' id='word_1_776' title='bbox 2824 5128 2972 5182; x_wconf 87' lang='lat' dir='ltr'><strong>istud</strong></span> <span class='ocrx_word' id='word_1_777' title='bbox 2996 5129 3202 5190; x_wconf 85' lang='lat' dir='ltr'><strong>evenit,</strong></span> <span class='ocrx_word' id='word_1_778' title='bbox 3237 5127 3424 5194; x_wconf 77' lang='lat' dir='ltr'><strong>detegi</strong></span> <span class='ocrx_word' id='word_1_779' title='bbox 3453 5127 3761 5195; x_wconf 75' lang='lat' dir='ltr'><strong>contigerit.</strong></span> <span class='ocrx_word' id='word_1_780' title='bbox 3814 5129 3929 5180; x_wconf 82' lang='lat' dir='ltr'><strong>Duo</strong></span> <span class='ocrx_word' id='word_1_781' title='bbox 3961 5129 4034 5179; x_wconf 87' lang='lat' dir='ltr'><strong>id—</strong></span> 
     </span>
    </p>
   </div>
   <div class='ocr_carea' id='block_1_98' title="bbox 2477 5217 4031 5287">
    <p class='ocr_par' dir='ltr' id='par_1_98' title="bbox 2477 5217 4031 5287">
     <span class='ocr_line' id='line_1_98' title="bbox 2477 5217 4031 5287; baseline -0.003 -15"><span class='ocrx_word' id='word_1_782' title='bbox 2477 5221 2622 5274; x_wconf 92' lang='lat' dir='ltr'><strong>circo</strong></span> <span class='ocrx_word' id='word_1_783' title='bbox 2655 5221 2771 5273; x_wconf 74' lang='lat' dir='ltr'><strong>lucc</strong></span> <span class='ocrx_word' id='word_1_784' title='bbox 2805 5219 2985 5287; x_wconf 89' lang='lat' dir='ltr'><strong>capita</strong></span> <span class='ocrx_word' id='word_1_785' title='bbox 3022 5218 3279 5287; x_wconf 71' lang='lat' dir='ltr'><strong>praesenti</strong></span> <span class='ocrx_word' id='word_1_786' title='bbox 3310 5217 3336 5287; x_wconf 83' lang='lat'>§</span> <span class='ocrx_word' id='word_1_787' title='bbox 3368 5220 3683 5270; x_wconf 79' lang='lat' dir='ltr'><strong>examinare</strong></span> <span class='ocrx_word' id='word_1_788' title='bbox 3734 5221 3929 5280; x_wconf 85' lang='lat' dir='ltr'><strong>statui,</strong></span> <span class='ocrx_word' id='word_1_789' title='bbox 3961 5218 4031 5270; x_wconf 81' lang='lat' dir='ltr'><strong>uti</strong></span> 
     </span>
    </p>
   </div>
   <div class='ocr_carea' id='block_1_99' title="bbox 2478 5309 4034 5378">
    <p class='ocr_par' dir='ltr' id='par_1_99' title="bbox 2478 5309 4034 5378">
     <span class='ocr_line' id='line_1_99' title="bbox 2478 5309 4034 5378; baseline -0.003 -14"><span class='ocrx_word' id='word_1_790' title='bbox 2478 5313 2640 5364; x_wconf 87' lang='lat' dir='ltr'><strong>etiam</strong></span> <span class='ocrx_word' id='word_1_791' title='bbox 2695 5311 2794 5362; x_wconf 82' lang='lat' dir='ltr'><strong>alia</strong></span> <span class='ocrx_word' id='word_1_792' title='bbox 2838 5311 3124 5372; x_wconf 85' lang='lat' dir='ltr'><strong>nonnulla,</strong></span> <span class='ocrx_word' id='word_1_793' title='bbox 3165 5325 3286 5377; x_wconf 67' lang='lat' dir='ltr'><strong>quae</strong></span> <span class='ocrx_word' id='word_1_794' title='bbox 3315 5309 3379 5361; x_wconf 84' lang='lat' dir='ltr'><strong>ad</strong></span> <span class='ocrx_word' id='word_1_795' title='bbox 3405 5323 3620 5362; x_wconf 89' lang='lat' dir='ltr'><strong>sacrum</strong></span> <span class='ocrx_word' id='word_1_796' title='bbox 3662 5309 3799 5361; x_wconf 88' lang='lat' dir='ltr'><strong>illud</strong></span> <span class='ocrx_word' id='word_1_797' title='bbox 3852 5313 4034 5378; x_wconf 75' lang='lat' dir='ltr'><strong>pignus</strong></span> 
     </span>
    </p>
   </div>
   <div class='ocr_carea' id='block_1_100' title="bbox 2483 5401 4031 5473">
    <p class='ocr_par' dir='ltr' id='par_1_100' title="bbox 2483 5401 4031 5473">
     <span class='ocr_line' id='line_1_100' title="bbox 2483 5401 4031 5473; baseline -0.006 -15"><span class='ocrx_word' id='word_1_798' title='bbox 2483 5411 2736 5473; x_wconf 77' lang='lat' dir='ltr'><strong>Spect.tt.t</strong></span> <span class='ocrx_word' id='word_1_799' title='bbox 2797 5402 3164 5468; x_wconf 87' lang='lat' dir='ltr'><strong>lectorentque</strong></span> <span class='ocrx_word' id='word_1_800' title='bbox 3222 5401 3441 5454; x_wconf 82' lang='lat' dir='ltr'><strong>edoceri</strong></span> <span class='ocrx_word' id='word_1_801' title='bbox 3507 5403 3789 5454; x_wconf 85' lang='lat' dir='ltr'><strong>convenit.</strong></span> <span class='ocrx_word' id='word_1_802' title='bbox 3851 5403 4031 5453; x_wconf 72' lang='lat' dir='ltr'><strong>Verum</strong></span> 
     </span>
    </p>
   </div>
   <div class='ocr_carea' id='block_1_101' title="bbox 2481 5492 4034 5561">
    <p class='ocr_par' dir='ltr' id='par_1_101' title="bbox 2481 5492 4034 5561">
     <span class='ocr_line' id='line_1_101' title="bbox 2481 5492 4034 5561; baseline -0.002 -16"><span class='ocrx_word' id='word_1_803' title='bbox 2481 5506 2765 5561; x_wconf 85' lang='lat' dir='ltr'><strong>antequam</strong></span> <span class='ocrx_word' id='word_1_804' title='bbox 2801 5493 2850 5544; x_wconf 92' lang='lat' dir='ltr'><strong>id</strong></span> <span class='ocrx_word' id='word_1_805' title='bbox 2884 5492 3098 5552; x_wconf 76' lang='lat' dir='ltr'><strong>faciam,</strong></span> <span class='ocrx_word' id='word_1_806' title='bbox 3132 5495 3402 5560; x_wconf 65' lang='lat' dir='ltr'><strong>praecipua</strong></span> <span class='ocrx_word' id='word_1_807' title='bbox 3437 5493 3761 5560; x_wconf 90' lang='lat' dir='ltr'><strong>scriptorum</strong></span> <span class='ocrx_word' id='word_1_808' title='bbox 3798 5499 4034 5559; x_wconf 82' lang='lat' dir='ltr'><strong>antiquo-</strong></span> 
     </span>
    </p>
   </div>
   <div class='ocr_carea' id='block_1_102' title="bbox 2486 5584 4031 5653">
    <p class='ocr_par' dir='ltr' id='par_1_102' title="bbox 2486 5584 4031 5653">
     <span class='ocr_line' id='line_1_102' title="bbox 2486 5584 4031 5653; baseline 0.001 -16"><span class='ocrx_word' id='word_1_809' title='bbox 2486 5601 2627 5646; x_wconf 89' lang='lat' dir='ltr'><strong>rum,</strong></span> <span class='ocrx_word' id='word_1_810' title='bbox 2659 5585 2750 5652; x_wconf 86' lang='lat' dir='ltr'><strong>qui</strong></span> <span class='ocrx_word' id='word_1_811' title='bbox 2784 5584 2847 5637; x_wconf 91' lang='lat' dir='ltr'><strong>de</strong></span> <span class='ocrx_word' id='word_1_812' title='bbox 2881 5586 3191 5652; x_wconf 76' lang='lat' dir='ltr'><strong>prodigiosa</strong></span> <span class='ocrx_word' id='word_1_813' title='bbox 3229 5588 3402 5638; x_wconf 81' lang='lat' dir='ltr'><strong>sancti</strong></span> <span class='ocrx_word' id='word_1_814' title='bbox 3434 5584 3692 5637; x_wconf 86' lang='lat' dir='ltr'><strong>Demetrii</strong></span> <span class='ocrx_word' id='word_1_815' title='bbox 3747 5597 4031 5653; x_wconf 78' lang='lat' dir='ltr'><strong>unguento.</strong></span> 
     </span>
    </p>
   </div>
   <div class='ocr_carea' id='block_1_103' title="bbox 2488 5677 4031 5743">
    <p class='ocr_par' dir='ltr' id='par_1_103' title="bbox 2488 5677 4031 5743">
     <span class='ocr_line' id='line_1_103' title="bbox 2488 5677 4031 5743; baseline -0.003 -15"><span class='ocrx_word' id='word_1_816' title='bbox 2488 5677 2692 5730; x_wconf 85' lang='lat' dir='ltr'><strong>morbis</strong></span> <span class='ocrx_word' id='word_1_817' title='bbox 2727 5678 2984 5729; x_wconf 79' lang='lat' dir='ltr'><strong>sanandis</strong></span> <span class='ocrx_word' id='word_1_818' title='bbox 3040 5677 3285 5738; x_wconf 89' lang='lat' dir='ltr'><strong>salutari,</strong></span> <span class='ocrx_word' id='word_1_819' title='bbox 3344 5678 3665 5743; x_wconf 83' lang='lat' dir='ltr'><strong>loquuntur,</strong></span> <span class='ocrx_word' id='word_1_820' title='bbox 3731 5680 3782 5729; x_wconf 87' lang='lat' dir='ltr'><strong>in</strong></span> <span class='ocrx_word' id='word_1_821' title='bbox 3819 5680 4031 5730; x_wconf 66' lang='lat' dir='ltr'><strong>mediuru</strong></span> 
     </span>
    </p>
   </div>
   <div class='ocr_carea' id='block_1_104' title="bbox 2487 5768 4025 5836">
    <p class='ocr_par' dir='ltr' id='par_1_104' title="bbox 2487 5768 4025 5836">
     <span class='ocr_line' id='line_1_104' title="bbox 2487 5768 4025 5836; baseline 0 -16"><span class='ocrx_word' id='word_1_822' title='bbox 2487 5769 2750 5834; x_wconf 74' lang='lat' dir='ltr'><strong>proferre,</strong></span> <span class='ocrx_word' id='word_1_823' title='bbox 2787 5769 2948 5822; x_wconf 80' lang='lat' dir='ltr'><strong>ducto</strong></span> <span class='ocrx_word' id='word_1_824' title='bbox 2977 5770 3042 5821; x_wconf 87' lang='lat' dir='ltr'><strong>ab</strong></span> <span class='ocrx_word' id='word_1_825' title='bbox 3078 5768 3482 5836; x_wconf 78' lang='lat' dir='ltr'><strong>antiquioribus</strong></span> <span class='ocrx_word' id='word_1_826' title='bbox 3544 5768 3724 5832; x_wconf 88' lang='lat' dir='ltr'><strong>initio,</strong></span> <span class='ocrx_word' id='word_1_827' title='bbox 3762 5770 3848 5823; x_wconf 89' lang='lat' dir='ltr'><strong>hic</strong></span> <span class='ocrx_word' id='word_1_828' title='bbox 3884 5771 4025 5822; x_wconf 74' lang='lat' dir='ltr'><strong>lubet.</strong></span> 
     </span>
    </p>
   </div>
  </div>
