4218 6442
238 388 381 453 1137

1273 391 1334 451 S.
1386 389 1762 450 DEMETRII
1808 390 2199 447 MARTYRIS
2244 390 2453 445 ACTA.

3346 386 3480 449 1138

223 505 473 560 Joannes
520 503 863 566 Cameniata,
920 504 1011 571 qui
1072 503 1275 557 saeculo
1338 502 1553 565 decimo
1593 502 1797 566 ﬂoruit,
1833 515 1874 569 Α
1906 502 2047 553 datis
2076 500 2401 566 scriptorem
2441 498 2625 553 alium,
2679 498 2922 549 omnium
2960 494 3234 551 fusissimc
3268 497 3333 549 de
3374 514 3470 548 uu-

225 601 580 670 civitatisque
627 599 1143 655 Thessalonicensis
1202 613 1299 667 per
1332 600 1615 667 Agarcnos
1658 612 1800 648 anno

224 693 337 747 9M
389 694 731 748 obsidionem
789 693 1352 763 expugnationemqoe
1410 706 1472 743 ac
1526 692 1843 763 excidium.

227 784 545 850 descripsit,
578 798 700 851 pag.
763 783 865 837 184
921 782 1183 835 editionis
1241 781 1603 839 Coloniensis,
1660 795 1804 830 anno

233 875 376 930 1655
405 876 577 938 factae,
613 885 865 929 sanctum
896 874 1232 927 Demetrium
1264 873 1501 940 appellat
1538 873 1805 941 myrony-

232 978 369 1029 tam,
404 968 473 1020 ita
503 976 867 1033 unguentum,
895 966 1035 1033 quod
1065 964 1251 1018 Graece
1279 965 1444 1032 μυρθιν
1470 974 1712 1024 vocatur,
1740 979 1804 1015 ex

227 1059 353 1124 ejus
370 1073 467 1111 seu
493 1072 721 1124 corpOre
735 1072 829 1110 seu
857 1056 1067 1109 tumulo
1092 1056 1279 1107 saltem
1306 1054 1595 1117 scaturire,
1620 1052 1805 1107 Graece

234 1146 480 1215 βλύζειν,
508 1164 615 1201 non
648 1149 879 1201 obscure
908 1149 1242 1216 signiﬁcans.

311 1241 400 1295 95.
433 1238 678 1293 Joannes
719 1241 1007 1310 Scylitzes,
1075 1242 1167 1307 qui
1211 1241 1409 1294 smculo
1440 1257 1487 1292 XI
1517 1239 1720 1302 ﬂoruit,
1756 1241 1806 1291 in

234 1331 502 1385 Michaele
525 1332 874 1401 Paphlagone
900 1332 1083 1385 oleum
1110 1346 1207 1384 seu
1234 1340 1615 1399 unguentume
1635 1333 1807 1383 sancti

233 1423 498 1477 Demetrii
534 1425 784 1492 sepulcro
816 1424 1085 1476 scaturire
1117 1424 1317 1477 diserte
1340 1422 1590 1476 aﬂirmat.
1624 1422 1732 1476 Nec
1758 1425 1809 1475 id

237 1515 422 1570 minus
438 1516 583 1570 clare
606 1518 763 1569 Anna
791 1516 1094 1577 Comnena,
1119 1529 1240 1583 quac
1262 1518 1462 1569 saeculo
1483 1516 1811 1570 duodecimo

232 1605 458 1666 claruit,
517 1619 717 1672 resque
775 1621 804 1658 a
862 1615 1015 1673 patre
1078 1621 1201 1665 suo.
1256 1607 1447 1660 Alexio
1505 1606 1808 1671 Comneno,

236 1706 371 1747 tunc
417 1707 619 1763 geStas,
680 1697 1064 1750 lucubratione
1119 1712 1147 1749 a
1201 1712 1259 1751 se
1315 1707 1593 1757 contexta,
1650 1714 1810 1764 quam

234 1788 551 1841 Alexiadem
588 1789 891 1857 inscripsit,
933 1789 999 1841 ad
1050 1792 1432 1857 posreritatem
1489 1793 1809 1853 transmisit,

237 1880 403 1946 hujus
430 1880 513 1932 sui
563 1882 746 1948 Operis
778 1882 871 1934 lib.
918 1897 979 1941 ti.
1027 1897 1152 1950 pag.
1189 1882 1258 1935 60
1289 1884 1567 1936 memoria.I
1612 1882 1808 1951 prodit,

238 1978 317 2029 ita
350 1977 551 2029 ibidem
608 1978 894 2031 scribens:
936 1994 951 2029 i
996 1977 1054 2030 In
1104 1992 1208 2044 qua
1244 1978 1400 2043 (urbe
1460 1977 1812 2031 Thcssalonic

236 2068 397 2120 censi
463 2066 745 2132 nimirum)
798 2070 1121 2133 praeclarum
1174 2068 1435 2135 templum
1486 2069 1541 2120 in
1588 2069 1813 2121 nomine

237 2160 424 2228 magni
458 2160 719 2227 martyris
766 2158 1025 2212 Demetrii
1057 2170 1397 2213 exstructum
1450 2158 1686 2213 visitur:
1721 2160 1813 2214 ubi

236 2266 297 2305 et
327 2262 668 2320 unguentum
703 2268 765 2306 ex
805 2253 1104 2306 venerabili
1149 2254 1272 2322 eius
1293 2253 1475 2307 loculo
1509 2256 1816 2309 scaturiens

238 2345 509 2396 maximas
557 2344 805 2411 quotidie
864 2345 1180 2398 curationes
1232 2354 1496 2413 operatur
1542 2349 1594 2398 in
1626 2347 1695 2400 iis
1722 2346 1815 2414 qui

242 2450 373 2487 cum
408 2436 511 2489 [ide
547 2435 839 2489 accedunt.
875 2455 893 2487 ι
940 2436 1162 2490 Nicetes
1192 2435 1515 2501 Choniates,
1543 2438 1636 2507 qui
1670 2453 1817 2492 anno

240 2527 384 2582 1205
438 2528 601 2582 vitam
635 2543 761 2581 cum
789 2539 966 2583 morte
991 2530 1374 2592 commutavit,
1409 2529 1464 2582 in
1517 2529 1815 2583 Annalibus

236 2634 271 2671 ο
326 2634 387 2672 se
427 2619 752 2685 conscriptis
804 2621 1016 2673 scelera
1047 2636 1077 2673 a
1124 2619 1325 2674 Siculis
1383 2619 1816 2685 Thessalonicae,

237 2725 367 2761 cum
395 2709 672 2762 civitatem
712 2710 851 2763 hanc
883 2725 1028 2763 anno
1053 2709 1188 2763 1185
1216 2718 1627 2779 expugnassent
1667 2724 1819 2763 com-

246 2800 414 2854 missa
437 2802 697 2870 graphice
739 2802 1084 2866 describens,
1114 2818 1180 2855 ea
1213 2803 1376 2855 simul
1407 2802 1607 2871 prodit,
1635 2817 1665 2856 e
1694 2801 1819 2871 qui-

248 2892 355 2945 bus
429 2904 560 2946 tunc
606 2894 772 2946 etiam
819 2907 1162 2963 unguentum
1204 2911 1302 2949 seu
1330 2895 1511 2948 oleum
1578 2909 1607 2948 e
1641 2893 1816 2948 sancti

246 2984 512 3037 Demetrii
544 2987 799 3053 sepulcro
830 2990 1067 3040 maxima
1104 2989 1259 3054 copia
1303 2987 1609 3052 ehulliisse,
1642 2986 1818 3040 mani«

247 3076 450 3130 festum
497 3078 573 3131 tit.
602 3076 675 3131 Ita
695 3080 844 3133 enim
872 3081 1070 3135 ibidem
1102 3080 1155 3133 in
1185 3081 1496 3135 Andronico
1537 3080 1820 3133 Comneno

246 3168 345 3220 lih.
380 3184 418 3230 ι,
458 3186 606 3222 num.
641 3172 696 3233 9,
732 3172 927 3225 habet:
973 3190 991 3222 ‹
1028 3171 1139 3226 Nec
1186 3173 1346 3227 editis
1385 3188 1481 3242 per
1526 3188 1618 3227 eos
1653 3172 1819 3224 mira—
1844 3184 1889 3245 ο

246 3261 389 3313 culis
418 3262 795 3323 movebantur,
815 3264 1016 3330 quibus
1032 3264 1285 3318 Christus
1310 3279 1403 3317 eos
1416 3275 1817 3324 remuneratur,

246 3352 338 3417 qui
372 3351 425 3403 io
471 3354 583 3406 suis
644 3354 905 3407 membris
936 3355 1035 3423 ipsi
1076 3357 1336 3410 honorem
1385 3357 1696 3410 habuerunt
1726 3375 1739 3421 ;
1766 3365 1822 3407 ut

251 3455 613 3513 unguentum,
664 3448 807 3515 quod
851 3463 916 3501 ex
963 3448 1311 3503 celeberrimi
1342 3448 1598 3518 martyris
1632 3447 1824 3501 Deme-

250 3537 343 3588 trii
366 3546 723 3589 monumento
751 3536 967 3597 ebullit.
994 3538 1144 3592 cadis
1166 3552 1223 3592 et
1245 3538 1517 3591 lebetibus
1539 3536 1818 3604 haustum,

252 3629 473 3695 patellis
523 3629 753 3696 piscium
806 3631 1185 3692 infunderent,
1222 3646 1287 3683 eo
1321 3632 1690 3684 calceamenta
1727 3646 1827 3684 un-

252 3729 468 3787 gerent,
499 3729 555 3773 et
578 3722 643 3773 ad
677 3731 871 3775 caetera
897 3722 1226 3785 ministeria,
1256 3723 1458 3791 quibus
1495 3724 1672 3777 oleum
1703 3723 1824 3775 usui

253 3821 362 3868 est.
396 3820 600 3865 temere
629 3821 684 3865 et
711 3818 967 3881 nequiter
994 3815 1371 3868 abuterentur.
1408 3814 1463 3867 ld
1508 3829 1656 3877 vero,
1713 3827 1770 3867 ui
1799 3830 1827 3867 e

256 3903 408 3956 fonte
455 3904 777 3959 inexhausta
822 3907 1100 3973 prodiens,
1150 3917 1243 3959 aut
1296 3922 1360 3959 ex
1403 3907 1597 3975 abysso
1651 3917 1830 3958 scatu-

255 3997 429 4059 ricns,
472 4000 749 4062 copiosius
771 4000 1045 4060 adluebat,
1078 4010 1133 4054 et
1164 4016 1302 4053 nova
1341 4001 1553 4054 ratione
1583 4000 1825 4053 exunda-

256 4090 373 4149 bat,
412 4100 469 4142 ut
499 4101 552 4141 et
590 4091 805 4143 barbari
838 4107 1005 4144 unum
1056 4093 1108 4145 id
1166 4094 1520 4153 mirarentur,
1559 4101 1614 4146 et
1658 4092 1830 4161 gratia

258 4182 486 4249 martyri
516 4182 785 4236 divinitus
823 4198 1085 4237 concessa
1124 4185 1602 4253 obstupescerent.
1641 4202 1658 4235 ι

333 4274 423 4325 96.
457 4272 701 4327 Joannes
737 4274 1177 4339 Cantacuzenus,
1237 4277 1349 4343 qui,
1380 4276 1647 4329 abdicatis
1679 4291 1827 4330 anno

262 4364 405 4417 1555
435 4365 649 4431 imperii
681 4364 941 4425 fascibus,
984 4380 1180 4419 rerum
1213 4380 1239 4416 a
1277 4381 1336 4419 se
1372 4366 1600 4433 aliisque
1652 4375 1833 4435 gesta-

264 4470 388 4507 rum
426 4456 655 4508 historia
711 4455 1113 4509 conscribenda
1164 4465 1502 4510 senectutem
1539 4456 1831 4522 transegit,

264 4547 585 4600 concinnati
622 4563 650 4601 a
678 4562 737 4601 se
776 4548 940 4616 hujus
983 4548 1168 4616 operis
1200 4549 1295 4602 lib.
1334 4565 1371 4609 ι.
1406 4564 1527 4618 cap.
1556 4549 1643 4609 55,
1676 4549 1830 4600 item-

266 4654 376 4705 que
412 4640 505 4693 lib.
545 4656 629 4705 ιιι,
670 4656 793 4710 cap.
823 4640 856 4695 9
886 4642 1250 4711 μυρσΰλύτου.
1291 4641 1483 4695 Latine
1509 4641 1834 4709 myrobtytre,

269 4730 323 4781 id
349 4736 455 4793 est,
488 4730 659 4781 oleum
680 4745 775 4783 seu
807 4743 1131 4801 unguentum
1158 4733 1492 4785 scaturientia
1518 4731 1837 4783 atillantisve

270 4822 434 4874 titulo
486 4832 741 4875 sanctum
796 4821 1159 4888 Demetrium,
1217 4823 1348 4877 dum
1380 4823 1447 4876 de
1486 4820 1839 4877 Thessaloni-

269 4916 423 4968 censi
458 4916 618 4982 hujus
649 4930 743 4969 seu
775 4917 979 4984 templo
1035 4931 1131 4969 seu
1168 4917 1478 4970 conditorio
1502 4916 1838 4969 mentionem

272 5008 424 5065 facit.
500 5007 852 5060 condecorat.
930 5008 1075 5062 Idem
1140 5008 1305 5061 etiam
1362 5009 1573 5060 faciunt
1642 5017 1840 5076 praeter

270 5097 539 5151 Joannem
617 5098 986 5151 Cameniatam
1054 5113 1217 5166 supra
1289 5100 1399 5167 jam
1476 5107 1840 5152 memoratum

272 5187 580 5252 scriptores
635 5185 808 5239 Graeci
871 5188 961 5239 alii
1008 5202 1116 5239 non
1183 5188 1361 5254 pauci,
1397 5188 1469 5239 ita
1518 5198 1723 5248 tamen,
1785 5198 1843 5240 ut

274 5278 442 5329 losce
503 5277 643 5330 inter
671 5279 833 5331 etiam
862 5280 989 5341 sint,
1021 5280 1134 5345 qui,
1157 5280 1410 5347 quamvis
1439 5280 1654 5343 quidem
1700 5278 1839 5331 San-

275 5374 427 5418 ctum
480 5380 588 5416 non
628 5366 963 5434 μυροῆλύτου
1014 5382 1109 5420 seu
1138 5369 1461 5437 myrobtytm,
1500 5368 1842 5435 μυροϐ).ήτου

277 5458 657 5520 nihilominus,
687 5460 831 5527 quod
881 5461 1071 5513 eodem
1107 5462 1323 5524 recidit,
1380 5477 1474 5515 seu
1508 5463 1841 5531 myrohlctze,

281 5554 332 5602 id
374 5564 479 5610 est,
530 5552 708 5603 oleum
762 5567 858 5605 seu
928 5565 1265 5622 unguentum
1304 5557 1606 5608 emittcutis
1666 5556 1842 5617 titulo,

280 5645 723 5695 nouicnclttionc
759 5661 785 5697 a
816 5647 1043 5699 vocibus
1067 5648 1271 5700 Graecis
1314 5648 1509 5715 μυρδν,
1541 5651 1709 5701 oleum
1751 5666 1844 5700 seu

280 5746 628 5797 unguentum,
676 5746 730 5788 et
768 5737 1000 5804 βάλῗιεικ),
1063 5741 1267 5791 mittere
1299 5755 1393 5791 seu
1436 5742 1691 5800 emittere,
1758 5742 1847 5792 dc-

284 5829 470 5889 dutta,
500 5826 750 5882 alliciant.
790 5829 1056 5884 Ceterum
1091 5840 1142 5884 ut
1176 5833 1539 5901 scriptoribus
1578 5835 1685 5902 jam
1734 5836 1843 5886 l..u-

1906 600 2108 658 gucnto
2142 602 2238 639 seu
2272 587 2415 649 oleo,
2463 586 2606 653 quod
2649 601 2677 637 e
2714 585 2889 639 sancti
2926 586 3193 639 Demetrii
3248 601 3473 653 corpore

1908 698 2001 736 seu
2058 682 2267 734 tumulo
2305 682 2615 750 prodigiose
2668 681 2910 744 stillavit,
2967 680 3232 741 locutum,
3286 682 3471 746 adjun-

1908 792 2052 844 gam.
2106 775 2347 827 Joannes
2406 776 2745 843 Anaguosta,
2789 788 2948 841 supra
2992 774 3171 828 adhuc
3228 773 3476 826 laudatus

1910 867 2094 919 sicculi
2163 882 2227 918 xv
2272 866 2508 933 scriptor
2574 866 2818 928 Griecus,
2883 866 2975 933 qui
3048 864 3477 927 Thessalonicen

1909 970 2097 1027 patria-
2120 973 2253 1017 sum,
2288 973 2431 1011 anno
2461 958 2595 1010 1429
2633 975 2660 1009 a
2706 957 2900 1011 Turcis
2929 959 3171 1012 obsessa:
3201 973 3451 1027 expugna

1912 1063 2104 1122 treque.
2133 1054 2403 1107 excidium
2431 1054 2630 1107 litteris
2649 1056 2961 1122 complexus
2982 1062 3085 1115 est,
3108 1054 3164 1106 in
3193 1054 3478 1122 Opusculo,

1908 1149 2050 1215 quod
2070 1146 2135 1198 ad
2158 1148 2464 1199 luctuosum
2488 1146 2638 1199 illum
2680 1154 2957 1210 eventum,
2985 1146 3073 1199 cui
3094 1146 3323 1213 ipsemet
3346 1161 3479 1214 pra:-

1911 1255 2039 1293 sens
2090 1238 2431 1296 interfuerat.
2458 1237 2878 1291 describendum
2914 1238 3281 1300 concinnavit,
3309 1238 3481 1306 quod-

1911 1331 2085 1395 quein
2122 1330 2319 1383 Leonis
2350 1330 2525 1382 Allatii
2575 1330 2979 1397 Symmictorum
3017 1328 3154 1383 libro
3185 1330 3471 1397 posteriori

1912 1422 2051 1491 typis
2082 1422 2358 1491 vulgatum
2395 1430 2596 1482 exstat,
2635 1437 2751 1490 pag.
2789 1424 2892 1474 555
2923 1431 2976 1474 et
3012 1438 3187 1490 seqq.,
3225 1410 3473 1489 cumjaiu

1912 1524 2071 1567 antea
2128 1514 2182 1567 in
2222 1515 2413 1567 eodem
2463 1514 2725 1581 Opusculo
2784 1531 2902 1583 pag.
2956 1515 3060 1568 329
3126 1518 3481 1585 μυροὸὶ.ύτου,

1915 1604 1965 1655 id
2005 1612 2111 1668 est,
2143 1605 2450 1672 myroblgtue
2496 1620 2593 1657 seu
2643 1615 2966 1671 unguentum
3018 1608 3273 1660 stillantis
3326 1610 3484 1662 titulo

1916 1694 2177 1747 Sanctum
2206 1704 2480 1756 ornasset,
2539 1695 2612 1746 ita
2644 1708 2673 1746 e
2702 1693 2901 1748 Leonis
2931 1697 3109 1749 Allatii
3145 1698 3481 1766 interpretes

1919 1787 2066 1839 tione
2118 1786 2397 1838 memoriae
2436 1785 2647 1854 prodit:
2685 1804 2701 1835 ι
2748 1785 2889 1849 Quid
2944 1802 3107 1855 porro
3143 1788 3357 1841 diceres
3407 1789 3475 1843 de

1916 1878 2086 1933 nostri
2140 1879 2411 1946 tropaealis
2467 1888 2521 1932 et
2562 1879 2814 1947 martyris
2860 1881 3143 1947 (Demetrii
3202 1882 3477 1951 videlicet)

1916 1971 2304 2041 myrothecio?
2345 1988 2361 2020 ι

1988 2107 2075 2161 97.
2118 2126 2135 2158 ι
2177 2107 2367 2174 Neque
2400 2107 2533 2160 illud
2560 2106 2847 2161 immotum
2889 2124 3068 2176 neque
3112 2110 3489 2177 imperturba-

1918 2208 2034 2254 tum
2063 2198 2261 2251 furoris
2297 2198 2683 2265 exsuperantia
2716 2208 3139 2261 conservarunt,
3177 2199 3268 2268 qui
3301 2209 3490 2253 contra

1917 2307 2018 2345 nos
2081 2290 2245 2343 veluti
2300 2290 2489 2344 bestia:
2551 2291 2925 2345 immansueta}
2982 2292 3319 2355 satvierant;
3381 2307 3490 2343 non

1917 2384 2165 2437 eamdem
2196 2393 2372 2435 tamen
2405 2383 2474 2435 ob
2507 2398 2751 2445 causam,
2788 2384 2858 2436 ob
2885 2397 3045 2450 quam
3106 2383 3210 2437 alia
3252 2383 3497 2449 antiqui-

1920 2481 2009 2526 tus
2038 2487 2137 2541 per
2167 2488 2267 2525 nos
2303 2472 2556 2539 sepulcra
2615 2482 2893 2527 exstructa
2946 2482 3188 2527 reserata
3250 2484 3386 2529 sunt
3436 2483 3493 2527 et

1920 2563 2173 2632 disiecta,
2209 2574 2264 2617 et
2303 2566 2632 2618 cadaverum
2692 2566 2958 2632 reliquiae,
3002 2566 3054 2617 in
3110 2566 3189 2618 eis
3221 2567 3493 2635 iacentes,

1920 2670 2087 2725 super
2120 2664 2322 2707 terram
2355 2655 2617 2725 dispersa:
2652 2673 2665 2709 :
2703 2655 2756 2709 in
2794 2656 2901 2709 illis
2929 2657 3075 2709 enim
3106 2655 3299 2710 Turca:
3331 2671 3497 2725 pecu-

1920 2747 2039 2801 nias
2088 2762 2117 2800 a
2172 2746 2386 2801 civibus
2436 2749 2728 2817 repositas,
2778 2764 2937 2802 causa
2985 2748 3094 2816 jam
3138 2758 3497 2817 pramarrata.

1922 2855 2208 2909 reperere,
2247 2851 2647 2908 proritereaque
2701 2839 2813 2893 fere
2855 2842 3037 2893 omnia
3080 2850 3136 2894 et
3179 2850 3499 2894 reserarent

1922 2942 1976 2987 et
2003 2932 2428 2995 subverterunt;
2478 2942 2533 2985 at
2564 2932 2652 2984 hic
2684 2931 2887 3000 duplici
2921 2933 2988 2985 de
3016 2947 3181 2985 causa
3219 2942 3332 2985 tum
3376 2948 3499 3000 pro-

1922 3032 2045 3091 pter
2097 3038 2166 3075 ει
2198 3037 2305 3076 non
2360 3038 2530 3091 parvo
2571 3037 2707 3076 auro
2760 3030 3066 3091 etargento
3120 3030 3190 3076 eL
3227 3022 3498 3090 lapidibus

1924 3118 2181 3188 pretiosis
2240 3134 2340 3173 nec
2413 3133 2522 3171 non
2585 3128 2639 3171 et
2693 3118 2920 3187 gemmis
2972 3120 3117 3171 circa
3177 3118 3309 3171 illud
3340 3132 3492 3171 com-

1922 3214 2154 3281 positum
2172 3222 2449 3274 ornatum,
2483 3220 2597 3264 tum
2636 3221 2856 3279 propter
2890 3211 3180 3264 sanitatem
3222 3210 3494 3264 exhibens

1923 3304 2173 3358 divinum
2211 3314 2574 3372 unguentum.
2627 3302 2887 3356 Nonnulli
2926 3302 3070 3356 enim
3100 3311 3329 3355 ornatus
3370 3310 3496 3354 tan-

1925 3408 2039 3450 tum
2075 3396 2245 3465 gratia
2283 3396 2414 3449 illud
2448 3393 2988 3462 despoliarunt;alii,
3022 3393 3178 3448 nobis
3198 3402 3499 3464 unguento-

1925 3504 2045 3543 rum
2075 3488 2409 3543 aﬂluentiam
2430 3488 2759 3551 invidentes,
2794 3496 2866 3546 et,
2895 3500 3015 3553 qua:
3045 3485 3169 3538 inde
3201 3484 3491 3552 subsequi-

1928 3591 2037 3645 tur,
2064 3581 2297 3633 sanitate
2328 3595 2427 3631 nos
2454 3579 2669 3645 privare
2694 3578 2999 3646 cupientes,
3035 3586 3093 3630 ut
3117 3577 3169 3629 in
3218 3585 3497 3644 posterum

1928 3670 2014 3721 illa
2064 3670 2223 3721 nobis
2274 3669 2571 3731 medicina,
2612 3685 2735 3722 cum
2774 3683 2909 3737 Opus
2940 3676 3107 3729 esset,
3132 3666 3279 3720 nulla
3299 3684 3499 3736 suppe-

1932 3772 2090 3816 teret.
2114 3763 2458 3830 QuaprOpter
2479 3760 2837 3829 superstratis
2856 3760 3219 3813 marmoribus
3234 3760 3499 3826 disjectis.

1932 3866 2209 3924 unguenta
2264 3872 2372 3907 non
2438 3857 2538 3907 levi
2574 3856 2696 3907 nisu
2760 3853 3114 3915 exhauriunt,
3170 3863 3227 3907 et
3283 3867 3499 3905 sacrum

1929 3949 2283 4014 divinumque
2316 3947 2568 4015 martyris
2620 3962 2818 4014 corpus
2857 3960 3178 4014 expromere
3211 3956 3499 3998 conantur.

1928 4039 2307 4107 Opinabantur
2325 4039 2590 4105 siquidem
2624 4039 2961 4106 propositum
2984 4037 3265 4105 consequi,
3296 4051 3504 4103 nosque

1932 4130 2807 4200 unguento:uminexhaustorum
2839 4130 2892 4183 in
2920 4129 3209 4182 orbitatem
3234 4128 3502 4195 redigere.

1935 4223 2345 4282 Verumtamen.
2399 4238 2558 4289 quem
2602 4222 2703 4274 sibi
2761 4232 2966 4274 temere
3015 4227 3379 4287 proposuerat
3412 4234 3501 4270 eo-

1935 4328 2056 4366 rum
2099 4312 2291 4374 libido,
2349 4312 2512 4364 ﬁnem
2550 4326 2655 4362 non
2718 4310 2930 4363 habuit.
2966 4309 3067 4363 Per
3103 4310 3289 4377 plures
3318 4309 3503 4376 itaque

1934 4405 2052 4459 dies
2090 4405 2357 4457 ambabus
2388 4403 2638 4456 manibus
2691 4412 3029 4471 unguentum
3056 4400 3503 4461 exhauriebatur,

1862 4516 1913 4575 ι)
1939 4507 1993 4551 et
2027 4497 2351 4565 quibusdam
2407 4498 2564 4564 plane
2612 4494 2898 4548 ridiculum
2944 4493 3228 4547 videbatur
3254 4509 3269 4559 ;
3300 4502 3377 4555 at,
3412 4492 3506 4559 qui

1938 4592 2061 4659 plus
2109 4589 2232 4642 aliis
2290 4588 2600 4656 sapiebant.
2663 4602 2808 4641 cura:
2841 4584 3106 4639 eratillud
3159 4585 3213 4636 in
3268 4584 3503 4652 patriam

1942 4680 2265 4750 perducere,
2328 4688 2383 4733 et
2436 4694 2559 4733 curn
2610 4678 2917 4731 reverentia
2967 4676 3345 4744 religioneque
3372 4690 3507 4729 con—

1941 4782 2193 4829 treetare.
2223 4773 2357 4827 Nam
2398 4772 2465 4825 ab
2497 4770 2737 4837 expertis
2788 4768 3132 4834 audiverant,
3177 4766 3246 4821 ad
3300 4767 3507 4835 quosli-

1944 4865 2035 4917 bet
2074 4863 2292 4916 morbos
2350 4860 2768 4915 medicinalibus
2802 4860 2935 4928 ipsis
2966 4858 3278 4927 pharmacis
3336 4859 3508 4911 multo

1944 4956 2215 5009 eﬂicacius
2274 4971 2415 5009 esse.
2448 4953 2817 5008 Nihilominus
2866 4959 3270 5019 unguentorum
3304 4948 3507 5003 fontem

1948 5066 2051 5102 nou
2109 5059 2341 5117 potuere
2384 5064 2557 5115 neque
2614 5048 2910 5107 exsiccare,
2978 5059 3155 5111 neque
3201 5044 3505 5106 exinanire.

1946 5143 2193 5210 quamvis
2228 5142 2278 5194 id
2330 5139 2730 5194 contentiositts
2771 5137 3108 5203 multumque
3158 5149 3255 5201 per
3294 5143 3509 5201 tempus

1948 5234 2275 5295 niterentur,
2311 5243 2365 5285 et
2400 5232 2659 5283 merito...
2700 5243 2880 5297 neque
2928 5226 3071 5279 enim
3107 5226 3343 5278 humana
3366 5240 3510 5277 cate-

1948 5334 2137 5393 quaut,
2194 5340 2313 5391 quae
2374 5323 2513 5375 Deus
2545 5324 2723 5390 dignis
2755 5319 3034 5388 elargitur,
3073 5317 3233 5371 sicuti
3277 5332 3376 5369 nec
3417 5317 3512 5370 iis-

1949 5420 2069 5471 dem
2110 5418 2359 5471 terminis
2381 5417 2685 5484 subjacent.

2023 5555 2106 5607 98.
2144 5556 2315 5620 Atque
2359 5554 2469 5604 hac
2508 5562 2633 5605 sunt
2675 5551 2965 5619 prticipua,
2993 5564 3111 5617 qua?
3165 5549 3214 5598 iu
3269 5545 3508 5597 medimu

1954 5649 2040 5699 hic
2087 5645 2400 5697 adducenda
2447 5645 2598 5704 duxi,
2645 5643 2969 5707 scripturum
3004 5641 3069 5691 de
3106 5648 3375 5707 unguento
3420 5652 3513 5689 seu

1955 5742 2092 5799 ιιΙιιη,
2133 5738 2271 5805 quod
2299 5754 2325 5788 c
2365 5737 2547 5792 Sancti
2583 5754 2671 5788 seu
2708 5751 2935 5803 corpore
2970 5750 3058 5783 seu
3102 5733 3306 5784 tumulo
3342 5731 3514 5782 stilla-

1958 5832 2049 5892 vit,
2086 5829 2426 5892 tc:~ti:nou’:a;
2463 5843 2615 5881 nemo
2649 5839 2848 5888 autem,
2882 5836 3138 5895 quantum
3169 5822 3383 5891 opinor,
3412 5830 3513 5884 est,
