4218 6442
795 351 931 424 1139

2075 370 2729 434 SUPPLEMENTUM.

3917 369 4054 432 ΠΕ)

796 475 915 542 qui,
949 474 1098 528 hisce
1125 477 1403 544 expensis,
1431 476 1498 530 de
1546 476 1623 530 rei
1663 478 1892 532 veritate
1939 487 2210 548 utcunque
2241 496 2356 533 am-
2387 492 2429 544 Α
2464 486 2700 552 positum
2730 495 3184 554 exsequerentur,
3206 493 3608 551 unguentorum
3642 481 3802 535 illinc
3844 495 3880 534 e
3914 496 4055 533 mar-

796 567 958 636 bigat.
1007 567 1227 633 Verum,
1261 579 1320 624 ut
1355 569 1422 624 ad
1453 585 1538 633 ea,
1571 586 1692 639 qua:
1719 571 1880 625 dubia
1903 571 2352 641 diseutiendaque

795 668 1055 727 przcterea
1088 660 1176 713 hic
1209 670 1354 726 sunt,
1376 661 1484 730 jam
1509 662 1744 726 veniam,
1773 663 2116 732 quandonam
2142 666 2352 733 insigne

796 750 926 804 illud
955 765 1018 806 ac
1050 755 1366 806 continuum
1401 755 1504 810 olei
1538 771 1629 809 seu
1666 757 1952 822 unguenti,
1984 771 2013 810 e
2045 757 2228 811 Sancti
2255 774 2350 811 seu

796 859 1026 914 corpore
1073 860 1170 898 seu
1216 848 1423 901 tumqu
1472 849 1842 912 scaturientis,
1885 849 2186 917 prodigium
2238 850 2351 903 fieri

795 939 1026 1006 primum
1064 937 1300 1006 incepit?
1325 937 1457 993 Cum
1492 938 1728 994 Joannes
1762 941 2069 995 Cameniata
2096 982 2110 1004 ,
2145 951 2204 994 ut
2241 942 2351 1010 jam

795 1028 985 1092 docui,
1012 1031 1210 1083 saculo
1245 1031 1456 1083 decimo
1484 1030 1746 1094 ﬂoruerit,
1782 1032 2149 1102 Sanctamque
2177 1033 2354 1105 Myro-

798 1121 953 1191 blyta:
982 1124 1136 1176 titulo
1154 1123 1364 1188 alliciat,
1399 1127 1526 1193 quin
1554 1127 1663 1192 jam
1689 1125 1815 1179 inde
1843 1128 1910 1179 ab
1940 1126 2130 1180 eodem
2157 1127 2354 1181 saeculo

797 1217 1007 1268 decimo
1051 1227 1381 1286 unguentum
1425 1231 1518 1272 seu
1566 1219 1740 1272 oleum
1795 1234 1824 1272 e
1867 1219 2039 1272 sancti
2095 1220 2350 1273 Demetrii

800 1305 1007 1359 tumulo
1054 1308 1308 1371 stillarit,
1346 1309 1696 1363 dubitandum
1747 1325 1853 1364 non
1904 1323 2018 1374 est;
2075 1313 2182 1363 imo
2227 1327 2354 1364 vero

796 1411 915 1447 cum
949 1397 1130 1450 titulus
1160 1399 1248 1451 ille
1279 1415 1385 1451 non
1419 1411 1544 1452 tunc
1573 1402 1826 1466 primum,
1863 1417 1984 1455 cum
2026 1415 2216 1455 auctor
2265 1404 2354 1454 ille

799 1488 1036 1550 floreret,
1072 1489 1271 1543 Sancto
1306 1493 1538 1544 tributus
1569 1492 1733 1544 fuisse
1756 1493 2022 1552 videatur,
2049 1493 2226 1544 oleum
2255 1509 2350 1546 seu

802 1590 1127 1646 unguentum
1177 1598 1239 1634 ex
1282 1583 1400 1647 ejus
1441 1597 1532 1634 seu
1588 1597 1670 1634 co:
1688 1597 1814 1651 pore
1855 1597 1947 1635 seu
1992 1585 2200 1637 tumulo
2243 1585 2351 1651 jam

799 1668 920 1722 inde
949 1684 977 1720 a
1004 1672 1198 1722 sumulo
1231 1688 1371 1726 nono
1397 1684 1487 1726 aut
1517 1677 1675 1727 etiam
1695 1686 1885 1727 octavo
1907 1676 2208 1744 prodigiose
2240 1676 2356 1728 stil-

799 1763 955 1824 laSsu',
987 1765 1125 1816 baud
1163 1765 1445 1818 difficulter
1481 1769 1826 1820 crediderint.
1870 1767 2063 1819 Verum
2112 1783 2238 1818 nunt
2272 1768 2352 1816 ei-

2462 586 2575 644 tyre
2604 578 2842 631 stillante
2880 576 3034 646 capia
3068 575 3467 639 obruerentur,
3519 573 3863 628 abscindere
3905 581 4055 625 sata-

2458 675 2662 737 gentes.
2697 685 2714 715 ι

2532 760 2652 811 100.
2685 757 2840 822 Quod
2872 757 2915 812 si
2944 771 3075 826 ergo
3102 756 3318 810 Joanne
3347 757 3635 812 Stau'racio
3654 755 3936 810 standum
3963 757 4054 819 sit,

2454 851 2566 918 jam
2608 851 2728 904 inde
2761 866 2790 902 a
2823 849 3116 903 Justiniani
3149 848 3168 903 Ι
3207 851 3569 918 imperatoris,
3605 850 3705 917 qui
3743 850 3818 901 ab
3856 847 4058 916 aliqui-

2460 943 2558 994 bus
2591 939 2766 1009 Magni
2799 939 2957 993 titulo
2989 941 3407 1004 condecoratur,
3442 949 3602 994 atate
3635 955 3706 993 ac
3742 942 3916 1006 proin
3946 940 4058 1004 jam

2460 1032 2586 1087 inde
2627 1047 2655 1085 a
2698 1031 2898 1085 sarculo
2947 1041 3124 1094 sexto,
3177 1031 3334 1099 cujus
3364 1044 3510 1084 anno
3537 1031 3608 1084 65
3658 1033 3708 1085 is
3751 1031 3926 1091 obiit,
3961 1046 4059 1081 un-

2459 1132 2715 1194 guentum
2747 1137 2842 1176 seu
2873 1121 3050 1175 oleum
3079 1136 3108 1175 e
3141 1122 3352 1175 tumulo
3377 1136 3472 1174 seu
3500 1121 3686 1190 potius
3753 1120 4056 1188 spectatis.

2460 1230 2579 1284 qua:
2603 1216 2712 1283 jam
2743 1213 2967 1268 recitata
2997 1222 3148 1276 sunt,
3183 1213 3384 1278 verbis,
3419 1212 3605 1266 Sancti
3638 1227 3895 1280 corpore
3939 1225 4059 1263 sca-

2461 1308 2633 1370 turiit,
2649 1317 2702 1360 et
2720 1308 2962 1375 quidem,
2987 1313 3046 1359 ut
3064 1305 3492 1359 luculentissime
3507 1305 3660 1358 hisce
3681 1303 3959 1364 traditur,
3981 1305 4060 1355 in-

2459 1397 2604 1466 genti
2632 1397 2807 1462 copia.
2835 1393 3031 1448 Verum
3059 1403 3210 1458 sunt,
3241 1408 3383 1463 quae,
3411 1407 3479 1446 an
3502 1394 3614 1463 jam
3645 1399 3769 1446 tum
3795 1408 3827 1445 e
3854 1392 4060 1446 Deme-

2460 1487 2548 1540 trii
2580 1501 2810 1555 corpore
2844 1496 3178 1555 unguentum
3207 1501 3302 1540 seu
3329 1500 3494 1553 parva
3529 1500 3627 1538 seu
3657 1500 3872 1554 magna
3900 1486 4058 1551 copia

2461 1579 2702 1641 stillarit,
2739 1580 2962 1632 dubium
3001 1578 3329 1642 admodum,
3368 1592 3438 1630 ne
3468 1579 3596 1646 quid
3629 1577 3801 1644 pejus
3833 1578 4021 1632 dicam
4043 1617 4057 1636 ,

2461 1671 2719 1724 eﬂiciunt.
2737 1671 2814 1724 Ac
2843 1673 3020 1738 primo
3046 1671 3260 1740 quidem
3283 1669 3547 1734 Joannes,
3576 1671 4058 1724 Thessalonicrn-

2463 1763 2538 1815 sis
2569 1763 3030 1829 archiepiscopus,
3080 1764 3173 1816 lib.
3217 1780 3232 1815 ι
3285 1762 3684 1820 Miraculorum.
3725 1777 3858 1826 cap.
3905 1761 3966 1822 5,
4008 1762 4057 1812 in

800 1858 906 1907 tius
953 1861 1114 1906 etiam
1169 1858 1408 1909 miraculi
1466 1858 1626 1926 huius
1672 1861 1885 1911 initium
1929 1859 2090 1911 statui
2147 1857 2357 1925 possit?
2391 1847 2430 1902 Β
2463 1854 2699 1906 medium
2729 1853 2951 1907 adducit
2995 1855 3308 1921 epistolam,
3341 1855 3406 1906 ad
3442 1853 3766 1907 Mauritiutn
3807 1854 4057 1920 impera-

801 1943 1000 1995 Poterit
1043 1961 1190 2004 sane,
1223 1955 1378 2011 atque
1410 1949 1568 1998 etiam
1603 1948 1838 2009 debebit,
1871 1950 1913 2000 si
1959 1950 2118 2000 tnodo
2159 1946 2352 2000 Joanni

801 2034 1078 2085 Sunt-aiio
1107 2037 1156 2085 itt
1194 2050 1308 2096 sua,
1343 2051 1459 2102 qua:
1493 2037 1667 2103 qualis
1696 2048 1784 2098 s‘t,
1818 2051 1978 2103 supra
2019 2037 2264 2104 exposui,
2291 2038 2356 2090 de

799 2129 1025 2194 patratis
1063 2141 1089 2177 a
1121 2135 1308 2178 sancto
1354 2125 1629 2180 Demetrio
1668 2128 1942 2181 miraculis
1978 2129 2354 2183 lucubratione

797 2221 866 2271 sit
898 2221 1246 2275 credendum.
1294 2219 1505 2274 Etenim
1547 2220 1764 2274 Grmcus
1807 2222 1850 2275 is
1898 2223 2150 2289 scriptor,
2201 2222 2356 2290 cujus

799 2311 1025 2378 proinde
1059 2314 1218 2364 verba
1256 2328 1356 2365 una
1390 2327 1508 2364 cum
1540 2314 1820 2382 adjuncta,
1858 2329 2014 2381 quam
2054 2316 2312 2367 adornavi
2336 2354 2350 2376 ,

797 2404 1048 2456 versione
1081 2403 1244 2456 latina
1288 2405 1389 2456 huc
1425 2405 1718 2466 transfero,
1764 2405 1816 2457 in
1882 2405 2067 2458 codice
2101 2415 2284 2458 nostro
2318 2403 2357 2474 αξ·

797 2508 900 2546 nts.
957 2493 1080 2554 195,
1113 2511 1226 2561 pag.
1259 2495 1344 2556 7'5,
1379 2496 1450 2548 ita
1483 2497 1669 2549 scribit
1704 2513 1715 2549 :
1753 2497 2153 2548 Μετακα).εῖται
2207 2497 2355 2564 ἡμᾶς

796 2587 866 2638 τὰ
915 2589 1042 2656 περὶ
1086 2588 1464 2640 Ἰονστινιανδν
1497 2591 1588 2638 τὸν
1625 2590 1798 2656 μέγαν
1822 2590 2219 2658 αὐτοκράτορα.
2259 2588 2360 2640 υἷι-

795 2687 890 2740 τος
934 2678 1242 2746 ἀφύλακτον
1277 2679 1449 2740 ἄλλως
1483 2679 1626 2746 ἔχειν
1672 2678 1733 2728 τὸ
1785 2678 1882 2745 τῆς
1924 2678 2196 2746 βασιλείας
2230 2679 2362 2747 σκῆο

796 2785 967 2836 πτρον
1001 2769 1370 2835 ὑπελογίζετο,
1408 2773 1454 2821 εξ
1488 2773 1561 2838 μή
1609 2771 1710 2821 πού
1737 2787 1787 2820 τι
1817 2769 1923 2820 τῶν
1957 2768 2358 2837 Δημητριακῶν

796 2864 1064 2932 λειψάνων
1115 2863 1526 2932 συστρατηγῶν
1574 2863 1742 2930 αὐτῷ,
1792 2862 2007 2932 ’μᾶλλον
2053 2863 2109 2914 δὲ
2147 2877 2359 2931 προμα-

805 2956 933 3025 χοῧν
968 2957 1305 3023 ἑπιφὲροιτοι

867 3049 956 3102 99.
1007 3048 1313 3117 Γρὰμμιιτοι
1363 3049 1541 3099 τοίνυν
1592 3045 1756 3099 αὑτοῦ
1813 3045 1904 3098 καὶ
1961 3044 2281 3115 προθέματα
2327 3045 2359 3114 ὴ

800 3141 1239 3194 Θεσσαλονικέων
1286 3137 1430 3209 εἶχεν
1485 3143 1559 3201 εὶς
1599 3142 1856 3208 ἐπήκοον,
1914 3139 2076 3208 μέρος
2112 3154 2215 3190 που
2263 3137 2362 3206 τῆς

807 3233 1150 3303 μαρτυρικῆς
1220 3232 1461 3302 διαρτίας
1525 3231 1619 3283 τοῦ
1674 3233 1923 3301 σώματος
1978 3229 2357 3296 ἐξαιτούμενοι.

803 3323 1250 3393 Γνωσιμαχοῦσιν
1301 3328 1333 3391 ἡ
1383 3325 1536 3384 πόλις
1577 3325 1765 3386 πᾶσα,
1813 3324 1906 3374 καὶ
1959 3321 2035 3389 τῷ
2075 3323 2361 3390 πράγματι

800 3418 1240 3488 δυσιεραίνουσι,
1271 3418 1617 3486 κάμπτονται
1651 3417 1708 3468 δὲ
1741 3418 1891 3484 ὅμως
1927 3418 1991 3484 τῇ
2021 3415 2234 3482 αἰτήσει
2269 3413 2362 3464 τοῦ

804 3509 1204 3578 αὐτοκράτορος
1241 3509 1314 3572 ὡς
1378 3513 1440 3562 ὲκ
1499 3510 1732 3570 πίστεως
1794 3508 2080 3578 {Animo-si;
2137 3509 2365 3575 σιλιχρι-

807 3600 952 3663 νοῦς·
984 3603 1078 3653 καὶ
1123 3601 1186 3671 δὴ
1245 3600 1497 3670 παρῆσαν
1538 3603 1635 3669 μὲν
1665 3601 1711 3651 οἱ
1747 3601 1845 3668 τὴν
1877 3600 2085 3668 ὀρυγὴν
2117 3601 2178 3650 ὲκ
2226 3599 2366 3650 πλα-

805 3687 924 3754 γίου
945 3687 1058 3755 ’τῆς
1114 3691 1454 3758 μαρτυρικῆς
1509 3691 1666 3758 σοροῦ
1725 3691 2136 3759 σκευαζόμενοι·
2191 3691 2366 3751 ἄλλως

803 3779 910 3848 τὰρ
947 3779 1064 3841 πῶς
1093 3782 1156 3848 τῇ
1193 3780 1428 3852 τοσαύτῃ
1451 3781 1559 3832 τῶν
1603 3781 1789 3850 μύρων
1821 3780 2128 3851 πλημμύρᾳ
2162 3783 2188 3832 ὁ
2225 3798 2367 3850 μαρι-

803 3873 1024 3940 τυρικὸς
1054 3872 1327 3940 θησαυρὸς
1371 3875 1743 3944 ἀνηρεὺνητος
1799 3873 1904 3924 Τοῦ
1945 3875 2268 3942 πράγματος
2297 3874 2368 3938 ,δὲ

806 3962 959 4023 ὅλαις
1015 3963 1223 4030 εἴχοντο
1272 3964 1390 4023 ταῖς
1433 3963 1588 4031 χερσὶ
1615 4001 1629 4024 ,
1685 3961 1945 4014 δάκτυλόν
1998 3977 2100 4012 που
2133 3961 2292 4026 τυχὸν
2333 3959 2366 4026 ἢ

807 4053 1087 4124 βραχίονα,
1123 4054 1153 4121 ἢ
1188 4053 1314 4106 ἄλλο
1353 4071 1405 4106 τι
1440 4055 1602 4124 μέρος
1632 4053 1733 4122 τῆς
1785 4054 2128 4123 μαρτυρικῆς
2176 4054 2363 4118 ὁλομε-

806 4143 956 4206 λείας
1008 4143 1126 4212 μεθ’
1173 4145 1299 4197 ὅσου
1357 4145 1449 4196 τοῦ
1500 4147 1699 4212 τάχους
1754 4146 2040 4215 ἁρπαλέως
2082 4145 2370 4214 τεμαχιζό-

813 4250 986 4302 pavet,
1019 4235 1092 4297 ὡς
1131 4235 1205 4303 μὴ
1260 4235 1452 4302 φθάσοι
1514 4236 1735 4296 τούτους
1793 4234 2136 4287 κατακλῦσαι
2194 4237 2226 4301 ὴ
2261 4234 2370 4287 τῶν

816 4328 1006 4398 μύρων
1042 4327 1250 4380 ἐκεῖθεν
1294 4329 1386 4379 τοῦ
1422 4330 1696 4396 μάρτυρος
1731 4328 2076 4395 ὶκπηδάουσα
2114 4326 2370 4389 ἄϐυσσος.

813 4437 834 4470 ι
877 4417 1217 4473 Justinianus
1253 4417 1474 4487 Magnus
1532 4420 1824 4486 imperator
1871 4419 2031 4470 modo
2063 4433 2162 4470 nos
2192 4427 2367 4471 vocat.

2389 3195 2431 3250 C

2463 1957 2657 2009 torem,
2688 1963 2811 2000 cunt
2855 1947 2942 2002 hic
2972 1962 3193 2016 quoque
3224 1947 3577 2016 reliquiarum
3613 1949 3806 1999 sancti
3862 1945 4058 1999 Deme-

2461 2040 2548 2093 trii
2578 2047 2782 2108 partem
2813 2039 3164 2106 postulasset,
3188 2039 3257 2092 ab
3278 2038 3530 2099 Eusebio,
3552 2035 4055 2090 Thessalonicenst

2456 2132 2560 2184 sub
2586 2130 2767 2183 saeculi
2797 2131 2933 2184 sexti
2961 2131 3124 2184 finem
3153 2130 3594 2199 archiepiscopo.
3621 2133 3927 2197 scriptam,
3955 2143 4055 2196 qua

2461 2225 2551 2278 hic
2606 2225 2698 2291 qui
2727 2223 2856 2278 olim
2887 2239 2984 2294 per
3021 2226 3391 2279 Justinianum
3424 2226 3442 2280 1
3481 2228 3887 2294 imperatorem
3929 2229 4058 2279 reii-

2459 2317 2706 2384 quiarum
2739 2317 2907 2368 sancti
2941 2317 3198 2371 Demetrii
3242 2334 3370 2388 pars
3399 2320 3674 2389 postulata
3711 2319 3926 2373 fuisset
3961 2336 4054 2373 nec

2461 2417 2663 2469 tamen,
2684 2409 2945 2462 miraculo
2966 2424 3091 2463 mox
3113 2413 3469 2464 memorando
3493 2411 3778 2474 obstante,
3803 2413 4052 2474 obtenta,

2461 2500 2770 2569 signiﬁcat,
2821 2503 3141 2570 rationeque
3193 2505 3321 2556 inde
3367 2505 3532 2572 petita
3571 2519 3696 2558 sese
3755 2507 3828 2556 ab
3876 2505 4049 2558 adim-

2463 2591 2660 2658 plendo
2684 2590 2914 2645 Mauritii
2944 2593 3213 2660 postulato
3237 2604 3480 2648 excusat.
3505 2595 3734 2656 Verum,
3765 2596 3901 2648 licet
3928 2606 4050 2648 tunc

2462 2677 2686 2730 humum
2721 2677 2848 2741 loci,
2878 2695 2984 2748 quo
3022 2681 3207 2735 Sancti
3246 2696 3446 2751 corpus
3473 2683 3659 2750 jacere
3692 2686 4049 2739 reconditum

2463 2768 2810 2831 credebatur,
2858 2785 2887 2821 a
2921 2771 3050 2823 viris
3086 2772 3384 2831 nonnullis,
3413 2788 3522 2840 quo
3569 2787 3796 2827 sacrum
3852 2775 4050 2842 pignus

2464 2857 2796 2922 invenirent,
2825 2859 2991 2914 fuisse
3019 2861 3308 2925 effossam,
3343 2863 3610 2917 Eusebius
3648 2865 3702 2916 iu
3747 2866 3902 2917 dicta
3937 2866 4054 2932 epi-

2463 2952 2601 3005 stola
2645 2966 3058 3019 commemoret,
3095 2972 3161 3009 ne
3206 2957 3292 3011 vel
3337 2959 3502 3010 verbo
3536 2967 3724 3010 tamen
3775 2960 4052 3026 unguenti

2464 3055 2558 3094 seu
2603 3042 2744 3107 olei,
2775 3045 2918 3112 quod
2962 3060 2991 3098 e
3038 3045 3156 3099 loco
3187 3046 3309 3110 isto,
3354 3046 3612 3100 Sanctive
3643 3062 3888 3116 corpore
3921 3060 4050 3101 tunc

2467 3133 2703 3196 stillarit,
2735 3139 3062 3190 mentionem
3096 3137 3244 3192 facit.
3280 3137 3476 3191 Parum
3514 3149 3697 3193 autem
3732 3142 4057 3194 verositnile

2468 3234 2729 3292 apparet,
2781 3229 3019 3295 prodigii
3065 3231 3394 3294 huiusmodi,
3439 3245 3548 3299 quo
3587 3233 3750 3293 adeo,
3791 3241 3853 3284 ut
3902 3235 4053 3285 nulla

2467 3330 2599 3369 sane
2631 3333 2686 3370 re
2717 3317 2907 3385 magis,
2934 3319 3188 3372 Deme-trii
3219 3322 3525 3387 sepulcrum
3546 3337 3642 3374 seu
3665 3323 4053 3376 conditorium

2466 3407 2659 3462 fuisset
2707 3409 2933 3473 illustre,
2970 3412 3302 3465 mentionem
3332 3414 3543 3481 ipsum,
3583 3416 3627 3466 si
3669 3415 3857 3467 locum
3907 3418 4053 3469 istud

2466 3499 2575 3566 jam
2615 3509 2726 3552 tum
2759 3501 3066 3564 habuisset,
3095 3502 3365 3555 facturum
3397 3519 3504 3557 non
3535 3504 3704 3556 fuisse
3736 3506 3792 3557 itt
3826 3505 4054 3559 huda'a

2467 3592 2720 3659 epistola,
2767 3593 2817 3645 in
2851 3609 2954 3660 qua
2991 3610 3098 3646 non
3128 3611 3298 3663 pauca
3331 3596 3398 3648 de
3429 3596 3738 3649 conditorio
3765 3599 3895 3658 i310,
3931 3613 4055 3662 seu,

2470 3691 2528 3736 ut
2577 3683 2836 3752 loquitur,
2877 3685 2944 3739 de
2989 3685 3129 3748 loco,
3159 3700 3272 3754 quo
3331 3701 3548 3741 sacrum
3589 3686 3780 3742 Sancti
3830 3703 4047 3759 corpus

2466 3774 2653 3843 jacere
2686 3776 3030 3829 reconditum
3056 3779 3402 3842 credebatur,
3433 3779 3488 3830 in
3523 3778 3766 3832 medium
3796 3781 4053 3835 adducit.

2542 3866 2664 3919 101.
2706 3867 2929 3933 Adhaec,
2975 3870 3122 3922 viros
3153 3870 3243 3937 qui
3275 3870 3450 3923 sancti
3480 3884 3679 3939 corpus
3709 3882 4054 3939 querentes,

2472 3959 2696 4013 humum
2734 3960 2972 4014 effudere
3003 3971 3302 4030 coeperant.
3345 3963 3468 4032 igne
3513 3977 3545 4015 e
3597 3974 3738 4015 terra
3790 3963 3844 4015 in
3906 3964 4058 4033 ipsos

2472 4049 2781 4117 prodigiose
2829 4061 3174 4118 erumpente,
3213 4051 3280 4104 ab
3311 4066 3478 4119 Opere
3513 4053 3733 4120 incepto
3777 4053 4057 4106 desistere

2472 4140 2639 4194 fuisse
2664 4142 2993 4208 compulsos,
3017 4141 3156 4196 idem
3184 4141 3449 4197 Eusebius
3478 4143 3532 4196 in
3560 4143 3776 4197 laudata
3815 4147 4054 4213 epistola

2474 4234 2659 4297 refert,
2688 4235 2944 4302 additque
2979 4236 3126 4289 humi
3169 4244 3398 4305 partem,
3437 4252 3557 4304 quae
3589 4252 3656 4290 ex
3698 4239 3825 4307 igne
3854 4255 4053 4292 erum-

2475 4334 2634 4393 pente
2661 4324 3006 4396 fragrantiam
3035 4326 3361 4380 ineffabilem
3396 4328 3721 4381 mirabiliter
3753 4345 3858 4382 con
3871 4342 4053 4384 traxe-

2475 4426 2577 4482 rat,
2614 4418 2680 4471 ad
2716 4417 3105 4480 Justinianum,
3139 4420 3228 4487 qui
3271 4428 3326 4473 et
3353 4421 3520 4483 illam,
3549 4437 3660 4474 non
3691 4435 3854 4474 secus
3889 4436 4057 4492 atque

809 4511 908 4563 llic
946 4524 1066 4564 sese
1097 4511 1308 4579 imperii
1357 4520 1629 4578 sceptrum
1675 4510 1816 4563 haud
1850 4519 2023 4563 tutum
2058 4510 2368 4562 habiturum
2409 4536 2450 4590 ο
2478 4509 2652 4576 ipsum
2685 4509 2870 4562 Sancti
2907 4525 3130 4578 corpus,
3160 4524 3285 4564 cum
3309 4511 3493 4564 laetitia
3523 4513 3817 4580 acceperit,
3863 4525 4032 4581 postu

805 4604 1170 4664 existimabat,
1211 4603 1314 4652 nisi
1360 4602 1484 4669 quid
1534 4603 1881 4669 reliquiarum
1914 4603 2190 4663 Demetrii,
2231 4603 2372 4670 quod

805 4708 989 4746 secum
1028 4693 1116 4746 hic
1163 4694 1457 4746 exercitum
1509 4695 1747 4755 duceret,
1795 4710 1886 4748 seu
1939 4697 2118 4764 [0.ius
2172 4709 2268 4764 pro
2318 4709 2374 4747 se

809 4795 1100 4855 pugnaret,
1152 4793 1596 4852 consequeretur.
1656 4784 1889 4838 Litteras
1946 4800 2097 4854 ergo,
2153 4792 2206 4838 et
2254 4800 2374 4852 qua:

808 4877 997 4929 audire
1029 4885 1232 4944 posset.
1259 4877 1528 4938 mandata,
1561 4888 1765 4945 partem
1795 4878 2102 4944 quampiam
2131 4879 2373 4944 corporis

814 4967 1063 5034 martyris
1095 4966 1380 5035 exigentis,
1415 4961 1912 5020 Thessalonicensis
1958 4967 2148 5020 civitas
2197 4967 2265 5019 ab
2307 4981 2373 5020 eo

809 5058 1025 5125 accipit.
1048 5057 1188 5110 Urbs
1220 5067 1326 5109 tota
1362 5069 1644 5127 repugnat,
1679 5073 1901 5126 remque
1934 5073 2076 5128 aegre
2107 5058 2231 5120 fert;
2266 5060 2368 5112 int-

809 5149 1072 5218 peratoris
1103 5158 1281 5202 tamen
1317 5150 1598 5217 petitione,
1625 5150 1786 5202 veluti
1821 5166 1849 5203 e
1879 5150 2085 5203 sincera
2118 5149 2218 5203 [ide
2245 5167 2368 5217 pro-

808 5239 1055 5300 cedente,
1093 5238 1343 5300 ﬂectitur,
1385 5240 1688 5308 adsuntque
1717 5280 1727 5298 .
1766 5240 1856 5307 qui
1891 5255 1920 5290 a
1954 5238 2175 5291 sinistro
2205 5239 2367 5292 loculi

809 5335 1060 5404 martyris
1107 5335 1274 5388 latere
1330 5335 1514 5388 foiere
1565 5335 1982 5404 aggrediuntur;
2039 5334 2171 5387 alias
2223 5333 2368 5386 enim

807 5425 936 5494 qui,
983 5435 1125 5479 tanta
1173 5436 1566 5494 unguentorqu
1619 5428 1915 5480 exsistente
1966 5426 2262 5487 aﬂluentia,
2316 5426 2369 5478 in

807 5515 1061 5584 martyris
1097 5518 1405 5569 thesaurum
1435 5528 1592 5586 queat
1623 5518 1859 5585 inquiri?
1893 5517 1985 5570 ilci
2023 5525 2203 5571 autem
2241 5516 2370 5569 totis

806 5607 1059 5661 manibus
1090 5609 1384 5670 instabant,
1419 5609 1666 5661 alicunde
1695 5610 1922 5676 digitum
1957 5608 2096 5662 forte
2125 5608 2206 5661 vel
2243 5609 2367 5660 bra-

805 5699 1012 5758 rhiuni,
1042 5696 1126 5750 vel
1152 5697 1307 5752 alzam
1349 5701 1654 5767 quampiam
1692 5700 1935 5768 corporis
1966 5699 2215 5769 martyris
2245 5713 2365 5767 paro

803 5790 910 5844 iam
941 5805 1137 5859 quanta
1177 5799 1443 5860 poterant,
1476 5792 1776 5856 celeiitatv,
1820 5810 1884 5844 ne
1921 5801 2207 5857 antequam
2238 5807 2363 5860 pro-

2479 4600 2708 4654 latarum
2753 4602 3102 4670 reliquiarum
3141 4602 3262 4655 loco
3291 4603 3510 4656 missam
3543 4602 3747 4666 fuisse;
3782 4610 4052 4674 unguenti

2477 4702 2655 4747 autent
2689 4709 2782 4747 seu
2813 4694 2938 4757 olei,
2971 4709 3003 4747 e
3044 4695 3227 4749 Sancti
3273 4710 3371 4750 seu
3418 4711 3650 4765 corpore
3699 4712 3798 4751 seu
3835 4704 4052 4754 tumulo

2478 4786 2783 4856 prodigiose
2807 4786 3083 4847 stillantis,
3115 4786 3260 4856 quod
3306 4787 3372 4840 ad
3417 4786 3788 4841 Justinianum
3844 4795 4050 4858 pariter

2477 4878 2700 4932 missum
2731 4886 2862 4932 tunc
2879 4877 3062 4942 fuerit,
3085 4894 3192 4932 non
3221 4879 3486 4932 meminit.
3517 4877 3583 4931 Et
3611 4888 3814 4939 tamen.
3845 4883 3894 4934 si
3937 4899 4034 4947 pro

2475 4968 2693 5038 digiosae
2720 4970 2808 5024 iSti
2839 4969 3152 5038 scaturigini
3175 4971 3285 5038 jam
3320 4979 3435 5023 tum
3464 4971 3617 5024 locus
3647 4970 3869 5034 fuisset,
3910 4973 4046 5026 futu-

2478 5073 2595 5114 rum
2650 5060 2819 5114 fuisse
2871 5060 3105 5124 videtur,
3147 5070 3204 5113 ut
3270 5074 3423 5128 teque
3483 5070 3578 5113 aut
3639 5061 3806 5114 etiam
3873 5065 4046 5132 potius

2477 5159 2836 5221 unguentum,
2859 5151 3064 5205 morbis
3086 5150 3343 5204 sanandis
3364 5151 3619 5210 salutare,
3635 5167 3802 5219 quam
3827 5155 4042 5212 humus.

2476 5243 2619 5297 bono
2649 5243 2911 5296 duntaxat
2943 5243 3108 5296 odore
3134 5257 3200 5296 ex
3236 5242 3500 5295 miraculo
3527 5242 3745 5304 affecta,
3781 5245 3847 5297 ad
3882 5243 4042 5298 Justi-

2477 5335 2697 5386 nianum
2734 5334 3126 5402 postulaturum
3161 5332 3511 5400 reliquiarum
3555 5332 3672 5386 loco
3711 5334 4039 5388 mitteretur.

2473 5423 2714 5486 Accedit,
2745 5427 2922 5479 locum
2969 5433 3138 5484 certe,
3171 5439 3281 5494 quo
3327 5438 3542 5476 sacrum
3577 5425 3751 5475 sancti
3791 5423 4038 5478 Demetrii

2472 5533 2670 5586 corpus
2702 5518 2754 5570 in
2790 5517 2967 5570 dicata
2997 5517 3045 5568 ei
3068 5514 3466 5569 Thessalonica
3513 5516 3742 5569 ecclesia
3789 5519 4002 5584 jacebat
4024 5561 4036 5581 ,

2470 5624 2580 5662 non
2617 5608 2861 5677 potuisse
2889 5622 3000 5660 non
3033 5621 3151 5660 esse
3183 5605 3553 5665 notissimum,
3603 5605 3647 5658 si
3678 5621 3740 5658 ex
3787 5621 3875 5669 eo,
3922 5617 4030 5662 aut.

2468 5699 2511 5754 si
2545 5698 2734 5761 mavis,
2784 5713 2816 5752 e
2859 5695 3064 5760 Sancti,
3097 5695 3242 5764 quod
3291 5695 3338 5749 is
3385 5694 3872 5762 complectebatur.
3905 5711 4020 5749 cor-

2468 5807 2596 5860 pore
2629 5799 2967 5860 unguentum
3016 5787 3281 5844 continuo
3331 5801 3525 5856 magna
3576 5786 3729 5855 copia
3766 5787 4014 5846 stillabat.
