  <div class='ocr_page' id='page_1' title='image "/cluster/home/n/w/nwhite01/storage/ocr_20150623/116/nnc1.0046980156/642.png"; bbox 0 0 4218 6442; ppageno 0'>
   <div class='ocr_carea' id='block_1_1' title="bbox 198 396 335 465">
    <p class='ocr_par' dir='ltr' id='par_1_1' title="bbox 198 396 335 465">
     <span class='ocr_line' id='line_1_1' title="bbox 198 396 335 465; baseline 0 -2"><span class='ocrx_word' id='word_1_1' title='bbox 198 396 335 465; x_wconf 79' lang='lat' dir='ltr'><strong>illi</strong></span> 
     </span>
    </p>
   </div>
   <div class='ocr_carea' id='block_1_2' title="bbox 1217 406 2387 468">
    <p class='ocr_par' dir='ltr' id='par_1_2' title="bbox 1217 406 2387 468">
     <span class='ocr_line' id='line_1_2' title="bbox 1217 406 2387 468; baseline -0.003 -3"><span class='ocrx_word' id='word_1_2' title='bbox 1217 406 1280 468; x_wconf 86' lang='lat' dir='ltr'><strong>S.</strong></span> <span class='ocrx_word' id='word_1_3' title='bbox 1320 406 1696 466; x_wconf 74' lang='lat' dir='ltr'><strong>DEMEIRH</strong></span> <span class='ocrx_word' id='word_1_4' title='bbox 1745 406 2138 465; x_wconf 78' lang='lat' dir='ltr'><strong>MARTYRIS</strong></span> <span class='ocrx_word' id='word_1_5' title='bbox 2179 406 2387 464; x_wconf 80' lang='lat' dir='ltr'><strong>ACTA.</strong></span> 
     </span>
    </p>
   </div>
   <div class='ocr_carea' id='block_1_3' title="bbox 3313 399 3451 465">
    <p class='ocr_par' dir='ltr' id='par_1_3' title="bbox 3313 399 3451 465">
     <span class='ocr_line' id='line_1_3' title="bbox 3313 399 3451 465; baseline 0.029 -6"><span class='ocrx_word' id='word_1_6' title='bbox 3313 399 3451 465; x_wconf 69' lang='grc'>1142</span> 
     </span>
    </p>
   </div>
   <div class='ocr_carea' id='block_1_4' title="bbox 196 509 3451 593">
    <p class='ocr_par' dir='ltr' id='par_1_4' title="bbox 196 509 3451 593">
     <span class='ocr_line' id='line_1_4' title="bbox 196 509 3451 593; baseline -0.002 -20"><span class='ocrx_word' id='word_1_7' title='bbox 196 518 509 589; x_wconf 74' lang='lat' dir='ltr'><strong>passimque</strong></span> <span class='ocrx_word' id='word_1_8' title='bbox 532 519 639 574; x_wconf 86' lang='lat' dir='ltr'><strong>hoc</strong></span> <span class='ocrx_word' id='word_1_9' title='bbox 673 522 1005 593; x_wconf 87' lang='lat' dir='ltr'><strong>prodigium,</strong></span> <span class='ocrx_word' id='word_1_10' title='bbox 1034 530 1092 576; x_wconf 89' lang='lat' dir='ltr'><strong>ut</strong></span> <span class='ocrx_word' id='word_1_11' title='bbox 1113 536 1279 591; x_wconf 97' lang='lat' dir='ltr'><strong>supra</strong></span> <span class='ocrx_word' id='word_1_12' title='bbox 1311 522 1419 575; x_wconf 90' lang='lat' dir='ltr'><strong>huc</strong></span> <span class='ocrx_word' id='word_1_13' title='bbox 1447 523 1768 587; x_wconf 85' lang='lat' dir='ltr'><strong>transcripta</strong></span> <span class='ocrx_word' id='word_1_14' title='bbox 1804 528 1841 579; x_wconf 83' lang='grc' dir='ltr'><strong>Α</strong></span> <span class='ocrx_word' id='word_1_15' title='bbox 1877 525 2043 575; x_wconf 86' lang='lat' dir='ltr'><strong>nostri</strong></span> <span class='ocrx_word' id='word_1_16' title='bbox 2088 537 2183 576; x_wconf 85' lang='lat' dir='ltr'><strong>seu</strong></span> <span class='ocrx_word' id='word_1_17' title='bbox 2214 520 2424 575; x_wconf 91' lang='lat' dir='ltr'><strong>tumqu</strong></span> <span class='ocrx_word' id='word_1_18' title='bbox 2456 533 2552 572; x_wconf 87' lang='lat' dir='ltr'><strong>seu</strong></span> <span class='ocrx_word' id='word_1_19' title='bbox 2589 531 2820 585; x_wconf 83' lang='lat' dir='ltr'><strong>corpore</strong></span> <span class='ocrx_word' id='word_1_20' title='bbox 2849 514 2930 569; x_wconf 75' lang='lat' dir='ltr'><strong>vel</strong></span> <span class='ocrx_word' id='word_1_21' title='bbox 2963 514 3187 568; x_wconf 83' lang='lat' dir='ltr'><strong>Joannis</strong></span> <span class='ocrx_word' id='word_1_22' title='bbox 3218 509 3451 573; x_wconf 76' lang='lat' dir='ltr'><strong>Thessa-</strong></span> 
     </span>
    </p>
   </div>
   <div class='ocr_carea' id='block_1_5' title="bbox 191 610 1772 677">
    <p class='ocr_par' dir='ltr' id='par_1_5' title="bbox 191 610 1772 677">
     <span class='ocr_line' id='line_1_5' title="bbox 191 610 1772 677; baseline -0.001 -12"><span class='ocrx_word' id='word_1_23' title='bbox 191 612 422 665; x_wconf 88' lang='lat' dir='ltr'><strong>Joannis</strong></span> <span class='ocrx_word' id='word_1_24' title='bbox 463 610 734 668; x_wconf 87' lang='lat' dir='ltr'><strong>Stauracii</strong></span> <span class='ocrx_word' id='word_1_25' title='bbox 788 614 951 667; x_wconf 78' lang='lat' dir='ltr'><strong>verba</strong></span> <span class='ocrx_word' id='word_1_26' title='bbox 983 612 1237 677; x_wconf 75' lang='lat' dir='ltr'><strong>suadent,</strong></span> <span class='ocrx_word' id='word_1_27' title='bbox 1272 612 1577 666; x_wconf 80' lang='lat' dir='ltr'><strong>habebatur</strong></span> <span class='ocrx_word' id='word_1_28' title='bbox 1620 628 1772 665; x_wconf 87' lang='lat' dir='ltr'><strong>com-</strong></span> 
     </span>
    </p>
   </div>
   <div class='ocr_carea' id='block_1_6' title="bbox 197 701 1797 774">
    <p class='ocr_par' dir='ltr' id='par_1_6' title="bbox 197 701 1797 774">
     <span class='ocr_line' id='line_1_6' title="bbox 197 701 1797 774; baseline -0.001 -19"><span class='ocrx_word' id='word_1_29' title='bbox 197 714 435 771; x_wconf 90' lang='lat' dir='ltr'><strong>pertum.</strong></span> <span class='ocrx_word' id='word_1_30' title='bbox 470 701 671 757; x_wconf 82' lang='lat' dir='ltr'><strong>Verum</strong></span> <span class='ocrx_word' id='word_1_31' title='bbox 706 703 910 768; x_wconf 90' lang='lat' dir='ltr'><strong>locum,</strong></span> <span class='ocrx_word' id='word_1_32' title='bbox 941 720 1048 774; x_wconf 86' lang='lat' dir='ltr'><strong>quo</strong></span> <span class='ocrx_word' id='word_1_33' title='bbox 1073 704 1307 759; x_wconf 82' lang='lat' dir='ltr'><strong>Sanctus</strong></span> <span class='ocrx_word' id='word_1_34' title='bbox 1337 704 1393 758; x_wconf 88' lang='lat' dir='ltr'><strong>in</strong></span> <span class='ocrx_word' id='word_1_35' title='bbox 1421 703 1797 759; x_wconf 49' lang='grc' dir='ltr'><strong>Τιιοεςειοηὶν</strong></span> 
     </span>
    </p>
   </div>
   <div class='ocr_carea' id='block_1_7' title="bbox 190 796 1771 867">
    <p class='ocr_par' dir='ltr' id='par_1_7' title="bbox 190 796 1771 867">
     <span class='ocr_line' id='line_1_7' title="bbox 190 796 1771 867; baseline 0.003 -19"><span class='ocrx_word' id='word_1_36' title='bbox 190 796 350 849; x_wconf 83' lang='lat' dir='ltr'><strong>censi</strong></span> <span class='ocrx_word' id='word_1_37' title='bbox 407 810 505 849; x_wconf 88' lang='lat' dir='ltr'><strong>sua</strong></span> <span class='ocrx_word' id='word_1_38' title='bbox 559 796 788 851; x_wconf 80' lang='lat' dir='ltr'><strong>ecclesia</strong></span> <span class='ocrx_word' id='word_1_39' title='bbox 840 800 1049 867; x_wconf 88' lang='lat' dir='ltr'><strong>jaceret</strong></span> <span class='ocrx_word' id='word_1_40' title='bbox 1089 798 1425 861; x_wconf 89' lang='lat' dir='ltr'><strong>reconditus,</strong></span> <span class='ocrx_word' id='word_1_41' title='bbox 1475 800 1771 853; x_wconf 66' lang='lat' dir='ltr'><strong>Justiniuni</strong></span> 
     </span>
    </p>
   </div>
   <div class='ocr_carea' id='block_1_8' title="bbox 189 890 1769 960">
    <p class='ocr_par' dir='ltr' id='par_1_8' title="bbox 189 890 1769 960">
     <span class='ocr_line' id='line_1_8' title="bbox 189 890 1769 960; baseline 0.003 -19"><span class='ocrx_word' id='word_1_42' title='bbox 189 897 378 944; x_wconf 68' lang='lat' dir='ltr'><strong>aetate.</strong></span> <span class='ocrx_word' id='word_1_43' title='bbox 412 903 508 941; x_wconf 82' lang='lat' dir='ltr'><strong>seu</strong></span> <span class='ocrx_word' id='word_1_44' title='bbox 562 904 688 943; x_wconf 91' lang='lat' dir='ltr'><strong>cum</strong></span> <span class='ocrx_word' id='word_1_45' title='bbox 738 890 827 944; x_wconf 91' lang='lat' dir='ltr'><strong>hic</strong></span> <span class='ocrx_word' id='word_1_46' title='bbox 878 890 1229 960; x_wconf 79' lang='lat' dir='ltr'><strong>reliquiarum</strong></span> <span class='ocrx_word' id='word_1_47' title='bbox 1278 893 1451 946; x_wconf 84' lang='lat' dir='ltr'><strong>sancti</strong></span> <span class='ocrx_word' id='word_1_48' title='bbox 1510 892 1769 946; x_wconf 88' lang='lat' dir='ltr'><strong>Demetrii</strong></span> 
     </span>
    </p>
   </div>
   <div class='ocr_carea' id='block_1_9' title="bbox 194 980 1771 1055">
    <p class='ocr_par' dir='ltr' id='par_1_9' title="bbox 194 980 1771 1055">
     <span class='ocr_line' id='line_1_9' title="bbox 194 980 1771 1055; baseline 0.004 -23"><span class='ocrx_word' id='word_1_49' title='bbox 194 989 406 1051; x_wconf 88' lang='lat' dir='ltr'><strong>partem</strong></span> <span class='ocrx_word' id='word_1_50' title='bbox 436 980 538 1035; x_wconf 82' lang='lat' dir='ltr'><strong>sibi</strong></span> <span class='ocrx_word' id='word_1_51' title='bbox 571 982 905 1050; x_wconf 84' lang='lat' dir='ltr'><strong>postulavit,</strong></span> <span class='ocrx_word' id='word_1_52' title='bbox 934 991 1125 1037; x_wconf 82' lang='lat' dir='ltr'><strong>nulum</strong></span> <span class='ocrx_word' id='word_1_53' title='bbox 1168 998 1277 1036; x_wconf 90' lang='lat' dir='ltr'><strong>non</strong></span> <span class='ocrx_word' id='word_1_54' title='bbox 1315 982 1483 1039; x_wconf 77' lang='lat' dir='ltr'><strong>fuisse</strong></span> <span class='ocrx_word' id='word_1_55' title='bbox 1524 992 1771 1055; x_wconf 81' lang='lat' dir='ltr'><strong>apparet.</strong></span> 
     </span>
    </p>
   </div>
   <div class='ocr_carea' id='block_1_10' title="bbox 274 1071 1771 1143">
    <p class='ocr_par' dir='ltr' id='par_1_10' title="bbox 274 1071 1771 1143">
     <span class='ocr_line' id='line_1_10' title="bbox 274 1071 1771 1143; baseline 0.004 -19"><span class='ocrx_word' id='word_1_56' title='bbox 274 1072 393 1125; x_wconf 67' lang='grc' dir='ltr'><strong>ἰοὶ.</strong></span> <span class='ocrx_word' id='word_1_57' title='bbox 424 1071 499 1125; x_wconf 89' lang='lat' dir='ltr'><strong>ita</strong></span> <span class='ocrx_word' id='word_1_58' title='bbox 528 1086 774 1137; x_wconf 87' lang='lat' dir='ltr'><strong>autumo,</strong></span> <span class='ocrx_word' id='word_1_59' title='bbox 811 1076 984 1143; x_wconf 90' lang='lat' dir='ltr'><strong>primo</strong></span> <span class='ocrx_word' id='word_1_60' title='bbox 1015 1076 1259 1143; x_wconf 88' lang='lat' dir='ltr'><strong>quidem.</strong></span> <span class='ocrx_word' id='word_1_61' title='bbox 1299 1076 1447 1143; x_wconf 88' lang='lat' dir='ltr'><strong>quia,</strong></span> <span class='ocrx_word' id='word_1_62' title='bbox 1489 1078 1616 1130; x_wconf 90' lang='lat' dir='ltr'><strong>dum</strong></span> <span class='ocrx_word' id='word_1_63' title='bbox 1660 1077 1771 1130; x_wconf 82' lang='lat' dir='ltr'><strong>Eu-</strong></span> 
     </span>
    </p>
   </div>
   <div class='ocr_carea' id='block_1_11' title="bbox 195 1163 1771 1236">
    <p class='ocr_par' dir='ltr' id='par_1_11' title="bbox 195 1163 1771 1236">
     <span class='ocr_line' id='line_1_11' title="bbox 195 1163 1771 1236; baseline 0.002 -18"><span class='ocrx_word' id='word_1_64' title='bbox 195 1165 406 1225; x_wconf 84' lang='lat' dir='ltr'><strong>sebius,</strong></span> <span class='ocrx_word' id='word_1_65' title='bbox 441 1163 948 1221; x_wconf 70' lang='lat' dir='ltr'><strong>Thessalonicensis</strong></span> <span class='ocrx_word' id='word_1_66' title='bbox 977 1167 1446 1236; x_wconf 87' lang='lat' dir='ltr'><strong>archiepiscopus,</strong></span> <span class='ocrx_word' id='word_1_67' title='bbox 1483 1168 1709 1221; x_wconf 90' lang='lat' dir='ltr'><strong>humum</strong></span> <span class='ocrx_word' id='word_1_68' title='bbox 1742 1180 1771 1221; x_wconf 82' lang='lat' dir='ltr'><strong>a</strong></span> 
     </span>
    </p>
   </div>
   <div class='ocr_carea' id='block_1_12' title="bbox 195 1255 1774 1327">
    <p class='ocr_par' dir='ltr' id='par_1_12' title="bbox 195 1255 1774 1327">
     <span class='ocr_line' id='line_1_12' title="bbox 195 1255 1774 1327; baseline 0.002 -19"><span class='ocrx_word' id='word_1_69' title='bbox 195 1255 528 1325; x_wconf 75' lang='lat' dir='ltr'><strong>quibusdam</strong></span> <span class='ocrx_word' id='word_1_70' title='bbox 569 1257 635 1309; x_wconf 92' lang='lat' dir='ltr'><strong>ad</strong></span> <span class='ocrx_word' id='word_1_71' title='bbox 672 1256 929 1310; x_wconf 75' lang='lat' dir='ltr'><strong>Demetrii</strong></span> <span class='ocrx_word' id='word_1_72' title='bbox 973 1274 1177 1326; x_wconf 88' lang='lat' dir='ltr'><strong>corpus</strong></span> <span class='ocrx_word' id='word_1_73' title='bbox 1209 1260 1563 1327; x_wconf 70' lang='lat' dir='ltr'><strong>quaerendum</strong></span> <span class='ocrx_word' id='word_1_74' title='bbox 1592 1268 1774 1311; x_wconf 83' lang='lat' dir='ltr'><strong>tenta-</strong></span> 
     </span>
    </p>
   </div>
   <div class='ocr_carea' id='block_1_13' title="bbox 197 1348 1774 1419">
    <p class='ocr_par' dir='ltr' id='par_1_13' title="bbox 197 1348 1774 1419">
     <span class='ocr_line' id='line_1_13' title="bbox 197 1348 1774 1419; baseline 0.002 -18"><span class='ocrx_word' id='word_1_75' title='bbox 197 1357 307 1401; x_wconf 82' lang='lat' dir='ltr'><strong>tam</strong></span> <span class='ocrx_word' id='word_1_76' title='bbox 344 1348 535 1410; x_wconf 78' lang='lat' dir='ltr'><strong>fuisse,</strong></span> <span class='ocrx_word' id='word_1_77' title='bbox 567 1349 621 1402; x_wconf 92' lang='lat' dir='ltr'><strong>in</strong></span> <span class='ocrx_word' id='word_1_78' title='bbox 656 1350 882 1418; x_wconf 85' lang='lat' dir='ltr'><strong>epistola</strong></span> <span class='ocrx_word' id='word_1_79' title='bbox 916 1351 1038 1419; x_wconf 86' lang='lat' dir='ltr'><strong>plus</strong></span> <span class='ocrx_word' id='word_1_80' title='bbox 1066 1351 1233 1405; x_wconf 90' lang='lat' dir='ltr'><strong>semel</strong></span> <span class='ocrx_word' id='word_1_81' title='bbox 1263 1353 1373 1419; x_wconf 83' lang='lat' dir='ltr'><strong>jam</strong></span> <span class='ocrx_word' id='word_1_82' title='bbox 1404 1350 1621 1404; x_wconf 88' lang='lat' dir='ltr'><strong>laudata</strong></span> <span class='ocrx_word' id='word_1_83' title='bbox 1652 1368 1774 1404; x_wconf 76' lang='lat' dir='ltr'><strong>nan-</strong></span> 
     </span>
    </p>
   </div>
   <div class='ocr_carea' id='block_1_14' title="bbox 195 1442 1774 1514">
    <p class='ocr_par' dir='ltr' id='par_1_14' title="bbox 195 1442 1774 1514">
     <span class='ocr_line' id='line_1_14' title="bbox 195 1442 1774 1514; baseline 0.003 -19"><span class='ocrx_word' id='word_1_84' title='bbox 195 1452 304 1505; x_wconf 83' lang='lat' dir='ltr'><strong>rat,</strong></span> <span class='ocrx_word' id='word_1_85' title='bbox 351 1442 428 1506; x_wconf 82' lang='lat' dir='ltr'><strong>id,</strong></span> <span class='ocrx_word' id='word_1_86' title='bbox 482 1458 592 1495; x_wconf 90' lang='lat' dir='ltr'><strong>non</strong></span> <span class='ocrx_word' id='word_1_87' title='bbox 632 1458 700 1497; x_wconf 89' lang='lat' dir='ltr'><strong>eo</strong></span> <span class='ocrx_word' id='word_1_88' title='bbox 748 1444 889 1508; x_wconf 90' lang='lat' dir='ltr'><strong>loco,</strong></span> <span class='ocrx_word' id='word_1_89' title='bbox 934 1459 1043 1513; x_wconf 92' lang='lat' dir='ltr'><strong>quo</strong></span> <span class='ocrx_word' id='word_1_90' title='bbox 1080 1460 1295 1498; x_wconf 86' lang='lat' dir='ltr'><strong>sacrum</strong></span> <span class='ocrx_word' id='word_1_91' title='bbox 1333 1445 1519 1498; x_wconf 79' lang='lat' dir='ltr'><strong>Sancti</strong></span> <span class='ocrx_word' id='word_1_92' title='bbox 1570 1461 1774 1514; x_wconf 84' lang='lat' dir='ltr'><strong>corpus</strong></span> 
     </span>
    </p>
   </div>
   <div class='ocr_carea' id='block_1_15' title="bbox 191 1534 1773 1604">
    <p class='ocr_par' dir='ltr' id='par_1_15' title="bbox 191 1534 1773 1604">
     <span class='ocr_line' id='line_1_15' title="bbox 191 1534 1773 1604; baseline 0.003 -19"><span class='ocrx_word' id='word_1_93' title='bbox 191 1535 442 1601; x_wconf 87' lang='lat' dir='ltr'><strong>jacebat,</strong></span> <span class='ocrx_word' id='word_1_94' title='bbox 498 1536 593 1587; x_wconf 85' lang='lat' dir='ltr'><strong>sed</strong></span> <span class='ocrx_word' id='word_1_95' title='bbox 626 1550 735 1603; x_wconf 93' lang='lat' dir='ltr'><strong>quo</strong></span> <span class='ocrx_word' id='word_1_96' title='bbox 768 1536 951 1603; x_wconf 83' lang='lat' dir='ltr'><strong>jacere</strong></span> <span class='ocrx_word' id='word_1_97' title='bbox 992 1537 1301 1604; x_wconf 82' lang='lat' dir='ltr'><strong>putabatur,</strong></span> <span class='ocrx_word' id='word_1_98' title='bbox 1351 1534 1553 1589; x_wconf 81' lang='lat' dir='ltr'><strong>factum</strong></span> <span class='ocrx_word' id='word_1_99' title='bbox 1601 1536 1773 1590; x_wconf 70' lang='lat' dir='ltr'><strong>fuisse</strong></span> 
     </span>
    </p>
   </div>
   <div class='ocr_carea' id='block_1_16' title="bbox 194 1622 1774 1694">
    <p class='ocr_par' dir='ltr' id='par_1_16' title="bbox 194 1622 1774 1694">
     <span class='ocr_line' id='line_1_16' title="bbox 194 1622 1774 1694; baseline 0.004 -19"><span class='ocrx_word' id='word_1_100' title='bbox 194 1622 465 1684; x_wconf 83' lang='lat' dir='ltr'><strong>aﬂirmat;</strong></span> <span class='ocrx_word' id='word_1_101' title='bbox 521 1622 720 1677; x_wconf 90' lang='lat' dir='ltr'><strong>deinde</strong></span> <span class='ocrx_word' id='word_1_102' title='bbox 778 1640 910 1679; x_wconf 89' lang='lat' dir='ltr'><strong>vero</strong></span> <span class='ocrx_word' id='word_1_103' title='bbox 965 1626 1092 1693; x_wconf 90' lang='lat' dir='ltr'><strong>quia</strong></span> <span class='ocrx_word' id='word_1_104' title='bbox 1158 1642 1226 1680; x_wconf 84' lang='lat' dir='ltr'><strong>ne</strong></span> <span class='ocrx_word' id='word_1_105' title='bbox 1284 1627 1506 1694; x_wconf 77' lang='lat' dir='ltr'><strong>quidem</strong></span> <span class='ocrx_word' id='word_1_106' title='bbox 1544 1626 1774 1681; x_wconf 88' lang='lat' dir='ltr'><strong>Joannis</strong></span> 
     </span>
    </p>
   </div>
   <div class='ocr_carea' id='block_1_17' title="bbox 196 1714 1773 1787">
    <p class='ocr_par' dir='ltr' id='par_1_17' title="bbox 196 1714 1773 1787">
     <span class='ocr_line' id='line_1_17' title="bbox 196 1714 1773 1787; baseline 0.003 -19"><span class='ocrx_word' id='word_1_107' title='bbox 196 1714 710 1770; x_wconf 80' lang='lat' dir='ltr'><strong>Thessalonicensis</strong></span> <span class='ocrx_word' id='word_1_108' title='bbox 767 1716 1168 1785; x_wconf 74' lang='lat' dir='ltr'><strong>archiepiscopi</strong></span> <span class='ocrx_word' id='word_1_109' title='bbox 1236 1718 1535 1786; x_wconf 72' lang='lat' dir='ltr'><strong>saepissime</strong></span> <span class='ocrx_word' id='word_1_110' title='bbox 1610 1734 1773 1787; x_wconf 83' lang='lat' dir='ltr'><strong>supra</strong></span> 
     </span>
    </p>
   </div>
   <div class='ocr_carea' id='block_1_18' title="bbox 196 1806 1773 1876">
    <p class='ocr_par' dir='ltr' id='par_1_18' title="bbox 196 1806 1773 1876">
     <span class='ocr_line' id='line_1_18' title="bbox 196 1806 1773 1876; baseline 0.003 -17"><span class='ocrx_word' id='word_1_111' title='bbox 196 1806 427 1868; x_wconf 82' lang='lat' dir='ltr'><strong>laudati,</strong></span> <span class='ocrx_word' id='word_1_112' title='bbox 478 1806 569 1874; x_wconf 92' lang='lat' dir='ltr'><strong>qui</strong></span> <span class='ocrx_word' id='word_1_113' title='bbox 609 1817 787 1860; x_wconf 88' lang='lat' dir='ltr'><strong>tamen</strong></span> <span class='ocrx_word' id='word_1_114' title='bbox 840 1817 961 1876; x_wconf 85' lang='lat' dir='ltr'><strong>post</strong></span> <span class='ocrx_word' id='word_1_115' title='bbox 1012 1808 1306 1861; x_wconf 82' lang='lat' dir='ltr'><strong>Eusebium</strong></span> <span class='ocrx_word' id='word_1_116' title='bbox 1358 1809 1561 1873; x_wconf 80' lang='lat' dir='ltr'><strong>ﬂoruit,</strong></span> <span class='ocrx_word' id='word_1_117' title='bbox 1614 1819 1773 1864; x_wconf 64' lang='lat' dir='ltr'><strong>aetate</strong></span> 
     </span>
    </p>
   </div>
   <div class='ocr_carea' id='block_1_19' title="bbox 1879 607 3445 677">
    <p class='ocr_par' dir='ltr' id='par_1_19' title="bbox 1879 607 3445 677">
     <span class='ocr_line' id='line_1_19' title="bbox 1879 607 3445 677; baseline 0.002 -12"><span class='ocrx_word' id='word_1_118' title='bbox 1879 614 2175 667; x_wconf 82' lang='lat' dir='ltr'><strong>lonicensis</strong></span> <span class='ocrx_word' id='word_1_119' title='bbox 2212 623 2391 677; x_wconf 58' lang='lat' dir='ltr'><strong>state,</strong></span> <span class='ocrx_word' id='word_1_120' title='bbox 2426 611 2511 665; x_wconf 84' lang='lat' dir='ltr'><strong>vel</strong></span> <span class='ocrx_word' id='word_1_121' title='bbox 2563 610 2726 664; x_wconf 88' lang='lat' dir='ltr'><strong>etiam</strong></span> <span class='ocrx_word' id='word_1_122' title='bbox 2780 617 2907 663; x_wconf 86' lang='lat' dir='ltr'><strong>ante</strong></span> <span class='ocrx_word' id='word_1_123' title='bbox 2940 607 3080 662; x_wconf 86' lang='lat' dir='ltr'><strong>hanc</strong></span> <span class='ocrx_word' id='word_1_124' title='bbox 3106 611 3445 669; x_wconf 80' lang='lat' dir='ltr'><strong>scaturiisse.</strong></span> 
     </span>
    </p>
   </div>
   <div class='ocr_carea' id='block_1_20' title="bbox 1880 700 2952 772">
    <p class='ocr_par' dir='ltr' id='par_1_20' title="bbox 1880 700 2952 772">
     <span class='ocr_line' id='line_1_20' title="bbox 1880 700 2952 772; baseline -0.003 -16"><span class='ocrx_word' id='word_1_125' title='bbox 1880 721 1931 757; x_wconf 83' lang='lat' dir='ltr'><strong>In</strong></span> <span class='ocrx_word' id='word_1_126' title='bbox 1970 706 2214 757; x_wconf 87' lang='lat' dir='ltr'><strong>animum</strong></span> <span class='ocrx_word' id='word_1_127' title='bbox 2255 704 2393 757; x_wconf 88' lang='lat' dir='ltr'><strong>haud</strong></span> <span class='ocrx_word' id='word_1_128' title='bbox 2423 717 2646 772; x_wconf 87' lang='lat' dir='ltr'><strong>possum</strong></span> <span class='ocrx_word' id='word_1_129' title='bbox 2676 700 2952 755; x_wconf 82' lang='lat' dir='ltr'><strong>inducere.</strong></span> 
     </span>
    </p>
   </div>
   <div class='ocr_carea' id='block_1_21' title="bbox 1950 790 3449 862">
    <p class='ocr_par' dir='ltr' id='par_1_21' title="bbox 1950 790 3449 862">
     <span class='ocr_line' id='line_1_21' title="bbox 1950 790 3449 862; baseline 0.001 -13"><span class='ocrx_word' id='word_1_130' title='bbox 1950 797 2069 850; x_wconf 71' lang='grc'><strong>104.</strong></span> <span class='ocrx_word' id='word_1_131' title='bbox 2098 797 2166 851; x_wconf 76' lang='lat' dir='ltr'><strong>At</strong></span> <span class='ocrx_word' id='word_1_132' title='bbox 2202 811 2353 859; x_wconf 87' lang='lat' dir='ltr'><strong>vero,</strong></span> <span class='ocrx_word' id='word_1_133' title='bbox 2398 797 2633 862; x_wconf 86' lang='lat' dir='ltr'><strong>inquies.</strong></span> <span class='ocrx_word' id='word_1_134' title='bbox 2669 790 2911 848; x_wconf 75' lang='lat' dir='ltr'><strong>Joannes</strong></span> <span class='ocrx_word' id='word_1_135' title='bbox 2940 790 3449 852; x_wconf 75' lang='lat' dir='ltr'><strong>Thessalonicensis</strong></span> 
     </span>
    </p>
   </div>
   <div class='ocr_carea' id='block_1_22' title="bbox 1878 886 3449 955">
    <p class='ocr_par' dir='ltr' id='par_1_22' title="bbox 1878 886 3449 955">
     <span class='ocr_line' id='line_1_22' title="bbox 1878 886 3449 955; baseline 0.001 -14"><span class='ocrx_word' id='word_1_136' title='bbox 1878 886 2259 941; x_wconf 70' lang='lat' dir='ltr'><strong>Himculorum</strong></span> <span class='ocrx_word' id='word_1_137' title='bbox 2306 890 2625 942; x_wconf 69' lang='lat' dir='ltr'><strong>edendorum</strong></span> <span class='ocrx_word' id='word_1_138' title='bbox 2676 888 2769 942; x_wconf 82' lang='lat' dir='ltr'><strong>lib.</strong></span> <span class='ocrx_word' id='word_1_139' title='bbox 2831 903 2867 947; x_wconf 89' lang='lat' dir='ltr'><strong>l,</strong></span> <span class='ocrx_word' id='word_1_140' title='bbox 2923 902 2985 940; x_wconf 82' lang='lat' dir='ltr'><strong>ea</strong></span> <span class='ocrx_word' id='word_1_141' title='bbox 3032 887 3372 955; x_wconf 78' lang='lat' dir='ltr'><strong>suppeditat,</strong></span> <span class='ocrx_word' id='word_1_142' title='bbox 3417 905 3449 942; x_wconf 75' lang='grc' dir='ltr'><strong>ο</strong></span> 
     </span>
    </p>
   </div>
   <div class='ocr_carea' id='block_1_23' title="bbox 1875 978 3449 1052">
    <p class='ocr_par' dir='ltr' id='par_1_23' title="bbox 1875 978 3449 1052">
     <span class='ocr_line' id='line_1_23' title="bbox 1875 978 3449 1052; baseline 0.002 -18"><span class='ocrx_word' id='word_1_143' title='bbox 1875 983 2072 1050; x_wconf 82' lang='lat' dir='ltr'><strong>quibus</strong></span> <span class='ocrx_word' id='word_1_144' title='bbox 2124 984 2233 1052; x_wconf 87' lang='lat' dir='ltr'><strong>jam</strong></span> <span class='ocrx_word' id='word_1_145' title='bbox 2305 980 2431 1035; x_wconf 91' lang='lat' dir='ltr'><strong>inde</strong></span> <span class='ocrx_word' id='word_1_146' title='bbox 2492 996 2521 1033; x_wconf 88' lang='lat' dir='ltr'><strong>a</strong></span> <span class='ocrx_word' id='word_1_147' title='bbox 2564 981 2848 1050; x_wconf 83' lang='lat' dir='ltr'><strong>scriptoris</strong></span> <span class='ocrx_word' id='word_1_148' title='bbox 2907 978 3071 1048; x_wconf 87' lang='lat' dir='ltr'><strong>hujus</strong></span> <span class='ocrx_word' id='word_1_149' title='bbox 3095 990 3275 1044; x_wconf 73' lang='lat' dir='ltr'><strong>aetate,</strong></span> <span class='ocrx_word' id='word_1_150' title='bbox 3339 982 3449 1037; x_wconf 88' lang='lat' dir='ltr'><strong>imo</strong></span> 
     </span>
    </p>
   </div>
   <div class='ocr_carea' id='block_1_24' title="bbox 1875 1074 3445 1139">
    <p class='ocr_par' dir='ltr' id='par_1_24' title="bbox 1875 1074 3445 1139">
     <span class='ocr_line' id='line_1_24' title="bbox 1875 1074 3445 1139; baseline -0.001 -9"><span class='ocrx_word' id='word_1_151' title='bbox 1875 1078 2040 1130; x_wconf 87' lang='lat' dir='ltr'><strong>etiam</strong></span> <span class='ocrx_word' id='word_1_152' title='bbox 2090 1087 2215 1129; x_wconf 89' lang='lat' dir='ltr'><strong>ante</strong></span> <span class='ocrx_word' id='word_1_153' title='bbox 2258 1076 2398 1128; x_wconf 89' lang='lat' dir='ltr'><strong>hanc</strong></span> <span class='ocrx_word' id='word_1_154' title='bbox 2457 1074 2637 1127; x_wconf 91' lang='lat' dir='ltr'><strong>oleum</strong></span> <span class='ocrx_word' id='word_1_155' title='bbox 2675 1090 2771 1127; x_wconf 85' lang='lat' dir='ltr'><strong>seu</strong></span> <span class='ocrx_word' id='word_1_156' title='bbox 2829 1082 3174 1139; x_wconf 75' lang='lat' dir='ltr'><strong>unguentum</strong></span> <span class='ocrx_word' id='word_1_157' title='bbox 3203 1089 3233 1128; x_wconf 89' lang='lat' dir='ltr'><strong>e</strong></span> <span class='ocrx_word' id='word_1_158' title='bbox 3259 1074 3445 1129; x_wconf 91' lang='lat' dir='ltr'><strong>Sancti</strong></span> 
     </span>
    </p>
   </div>
   <div class='ocr_carea' id='block_1_25' title="bbox 1879 1166 3446 1236">
    <p class='ocr_par' dir='ltr' id='par_1_25' title="bbox 1879 1166 3446 1236">
     <span class='ocr_line' id='line_1_25' title="bbox 1879 1166 3446 1236; baseline -0.001 -15"><span class='ocrx_word' id='word_1_159' title='bbox 1879 1168 2052 1221; x_wconf 89' lang='lat' dir='ltr'><strong>nostri</strong></span> <span class='ocrx_word' id='word_1_160' title='bbox 2084 1183 2318 1236; x_wconf 90' lang='lat' dir='ltr'><strong>corpore</strong></span> <span class='ocrx_word' id='word_1_161' title='bbox 2345 1166 2663 1222; x_wconf 89' lang='lat' dir='ltr'><strong>scaturiisse</strong></span> <span class='ocrx_word' id='word_1_162' title='bbox 2708 1173 2953 1234; x_wconf 86' lang='lat' dir='ltr'><strong>apparet.</strong></span> <span class='ocrx_word' id='word_1_163' title='bbox 2992 1166 3210 1219; x_wconf 80' lang='lat' dir='ltr'><strong>Etenim</strong></span> <span class='ocrx_word' id='word_1_164' title='bbox 3245 1166 3446 1220; x_wconf 89' lang='lat' dir='ltr'><strong>ibidem</strong></span> 
     </span>
    </p>
   </div>
   <div class='ocr_carea' id='block_1_26' title="bbox 1874 1255 3450 1327">
    <p class='ocr_par' dir='ltr' id='par_1_26' title="bbox 1874 1255 3450 1327">
     <span class='ocr_line' id='line_1_26' title="bbox 1874 1255 3450 1327; baseline 0.001 -15"><span class='ocrx_word' id='word_1_165' title='bbox 1874 1274 1995 1327; x_wconf 88' lang='lat' dir='ltr'><strong>cap.</strong></span> <span class='ocrx_word' id='word_1_166' title='bbox 2030 1260 2079 1315; x_wconf 87' lang='lat' dir='ltr'><strong>t.</strong></span> <span class='ocrx_word' id='word_1_167' title='bbox 2110 1257 2212 1311; x_wconf 88' lang='lat' dir='ltr'><strong>sub</strong></span> <span class='ocrx_word' id='word_1_168' title='bbox 2239 1259 2422 1320; x_wconf 82' lang='lat' dir='ltr'><strong>linem,</strong></span> <span class='ocrx_word' id='word_1_169' title='bbox 2458 1256 2759 1310; x_wconf 78' lang='lat' dir='ltr'><strong>Marianum</strong></span> <span class='ocrx_word' id='word_1_170' title='bbox 2788 1255 2903 1321; x_wconf 89' lang='lat' dir='ltr'><strong>qui,</strong></span> <span class='ocrx_word' id='word_1_171' title='bbox 2932 1258 3385 1324; x_wconf 85' lang='lat' dir='ltr'><strong>quemadmodum</strong></span> <span class='ocrx_word' id='word_1_172' title='bbox 3420 1275 3450 1313; x_wconf 81' lang='grc' dir='ltr'><strong>ο</strong></span> 
     </span>
    </p>
   </div>
   <div class='ocr_carea' id='block_1_27' title="bbox 1874 1339 3446 1417">
    <p class='ocr_par' dir='ltr' id='par_1_27' title="bbox 1874 1339 3446 1417">
     <span class='ocr_line' id='line_1_27' title="bbox 1874 1339 3446 1417; baseline 0.001 -13"><span class='ocrx_word' id='word_1_173' title='bbox 1874 1365 2040 1417; x_wconf 87' lang='lat' dir='ltr'><strong>supra</strong></span> <span class='ocrx_word' id='word_1_174' title='bbox 2066 1349 2227 1402; x_wconf 84' lang='lat' dir='ltr'><strong>dictis</strong></span> <span class='ocrx_word' id='word_1_175' title='bbox 2286 1352 2474 1414; x_wconf 83' lang='lat' dir='ltr'><strong>liquet,</strong></span> <span class='ocrx_word' id='word_1_176' title='bbox 2508 1350 2599 1402; x_wconf 91' lang='lat' dir='ltr'><strong>diu</strong></span> <span class='ocrx_word' id='word_1_177' title='bbox 2631 1356 2758 1401; x_wconf 87' lang='lat' dir='ltr'><strong>ante</strong></span> <span class='ocrx_word' id='word_1_178' title='bbox 2788 1347 3057 1402; x_wconf 79' lang='lat' dir='ltr'><strong>Joannem</strong></span> <span class='ocrx_word' id='word_1_179' title='bbox 3091 1339 3446 1405; x_wconf 84' lang='lat' dir='ltr'><strong>Thessaloni-</strong></span> 
     </span>
    </p>
   </div>
   <div class='ocr_carea' id='block_1_28' title="bbox 1874 1440 3448 1508">
    <p class='ocr_par' dir='ltr' id='par_1_28' title="bbox 1874 1440 3448 1508">
     <span class='ocr_line' id='line_1_28' title="bbox 1874 1440 3448 1508; baseline -0.003 -9"><span class='ocrx_word' id='word_1_180' title='bbox 1874 1459 2095 1499; x_wconf 87' lang='lat' dir='ltr'><strong>censem</strong></span> <span class='ocrx_word' id='word_1_181' title='bbox 2136 1441 2341 1505; x_wconf 89' lang='lat' dir='ltr'><strong>ﬂoruit,</strong></span> <span class='ocrx_word' id='word_1_182' title='bbox 2375 1442 2447 1494; x_wconf 88' lang='lat' dir='ltr'><strong>ita</strong></span> <span class='ocrx_word' id='word_1_183' title='bbox 2479 1448 2667 1493; x_wconf 87' lang='lat' dir='ltr'><strong>sancto</strong></span> <span class='ocrx_word' id='word_1_184' title='bbox 2693 1440 2966 1493; x_wconf 83' lang='lat' dir='ltr'><strong>Demetrio</strong></span> <span class='ocrx_word' id='word_1_185' title='bbox 3004 1440 3317 1508; x_wconf 84' lang='lat' dir='ltr'><strong>loquentem</strong></span> <span class='ocrx_word' id='word_1_186' title='bbox 3353 1458 3448 1494; x_wconf 85' lang='lat' dir='ltr'><strong>seu</strong></span> 
     </span>
    </p>
   </div>
   <div class='ocr_carea' id='block_1_29' title="bbox 1874 1532 3448 1605">
    <p class='ocr_par' dir='ltr' id='par_1_29' title="bbox 1874 1532 3448 1605">
     <span class='ocr_line' id='line_1_29' title="bbox 1874 1532 3448 1605; baseline -0.001 -19"><span class='ocrx_word' id='word_1_187' title='bbox 1874 1535 2060 1605; x_wconf 86' lang='lat' dir='ltr'><strong>potius</strong></span> <span class='ocrx_word' id='word_1_188' title='bbox 2093 1534 2254 1603; x_wconf 89' lang='lat' dir='ltr'><strong>hujus</strong></span> <span class='ocrx_word' id='word_1_189' title='bbox 2307 1548 2405 1602; x_wconf 92' lang='lat' dir='ltr'><strong>pro</strong></span> <span class='ocrx_word' id='word_1_190' title='bbox 2463 1533 2701 1585; x_wconf 90' lang='lat' dir='ltr'><strong>sanitate</strong></span> <span class='ocrx_word' id='word_1_191' title='bbox 2754 1533 3126 1600; x_wconf 86' lang='lat' dir='ltr'><strong>recuperanda</strong></span> <span class='ocrx_word' id='word_1_192' title='bbox 3183 1532 3448 1587; x_wconf 77' lang='lat' dir='ltr'><strong>auxilium</strong></span> 
     </span>
    </p>
   </div>
   <div class='ocr_carea' id='block_1_30' title="bbox 1874 1623 3451 1694">
    <p class='ocr_par' dir='ltr' id='par_1_30' title="bbox 1874 1623 3451 1694">
     <span class='ocr_line' id='line_1_30' title="bbox 1874 1623 3451 1694; baseline -0.002 -16"><span class='ocrx_word' id='word_1_193' title='bbox 1874 1624 2259 1693; x_wconf 86' lang='lat' dir='ltr'><strong>implorantem</strong></span> <span class='ocrx_word' id='word_1_194' title='bbox 2298 1624 2546 1677; x_wconf 75' lang='lat' dir='ltr'><strong>inducit:</strong></span> <span class='ocrx_word' id='word_1_195' title='bbox 2582 1623 2692 1689; x_wconf 82' lang='grc' dir='ltr'><strong>Τὴν</strong></span> <span class='ocrx_word' id='word_1_196' title='bbox 2742 1624 3128 1692; x_wconf 77' lang='grc' dir='ltr'><strong>δεδωρημένην</strong></span> <span class='ocrx_word' id='word_1_197' title='bbox 3175 1641 3257 1676; x_wconf 87' lang='grc' dir='ltr'><strong>σοι</strong></span> <span class='ocrx_word' id='word_1_198' title='bbox 3288 1625 3451 1694; x_wconf 77' lang='grc' dir='ltr'><strong>χάριν</strong></span> 
     </span>
    </p>
   </div>
   <div class='ocr_carea' id='block_1_31' title="bbox 1875 1713 3451 1784">
    <p class='ocr_par' dir='ltr' id='par_1_31' title="bbox 1875 1713 3451 1784">
     <span class='ocr_line' id='line_1_31' title="bbox 1875 1713 3451 1784; baseline -0.001 -16"><span class='ocrx_word' id='word_1_199' title='bbox 1875 1716 1967 1769; x_wconf 75' lang='grc' dir='ltr'><strong>ὑπ’</strong></span> <span class='ocrx_word' id='word_1_200' title='bbox 2000 1714 2163 1766; x_wconf 80' lang='grc' dir='ltr'>αὑτοῦ</span> <span class='ocrx_word' id='word_1_201' title='bbox 2190 1714 2297 1765; x_wconf 82' lang='grc' dir='ltr'><strong>τῶν</strong></span> <span class='ocrx_word' id='word_1_202' title='bbox 2328 1715 2576 1781; x_wconf 82' lang='grc' dir='ltr'><strong>ἰαμάτων</strong></span> <span class='ocrx_word' id='word_1_203' title='bbox 2625 1713 2818 1782; x_wconf 71' lang='grc' dir='ltr'><strong>ἔκχεον</strong></span> <span class='ocrx_word' id='word_1_204' title='bbox 2868 1717 2947 1777; x_wconf 74' lang='lat' dir='ltr'><strong>et;</strong></span> <span class='ocrx_word' id='word_1_205' title='bbox 2982 1717 3107 1783; x_wconf 69' lang='grc' dir='ltr'><strong>ἐμὲ·</strong></span> <span class='ocrx_word' id='word_1_206' title='bbox 3172 1730 3236 1769; x_wconf 87' lang='lat' dir='ltr'><strong>ac</strong></span> <span class='ocrx_word' id='word_1_207' title='bbox 3286 1716 3451 1784; x_wconf 89' lang='lat' dir='ltr'><strong>paulo</strong></span> 
     </span>
    </p>
   </div>
   <div class='ocr_carea' id='block_1_32' title="bbox 1873 1803 3452 1874">
    <p class='ocr_par' dir='ltr' id='par_1_32' title="bbox 1873 1803 3452 1874">
     <span class='ocr_line' id='line_1_32' title="bbox 1873 1803 3452 1874; baseline -0.002 -15"><span class='ocrx_word' id='word_1_208' title='bbox 1873 1814 2031 1874; x_wconf 75' lang='lat' dir='ltr'><strong>post:</strong></span> <span class='ocrx_word' id='word_1_209' title='bbox 2060 1805 2251 1873; x_wconf 74' lang='grc' dir='ltr'><strong>ἔκχεον</strong></span> <span class='ocrx_word' id='word_1_210' title='bbox 2282 1805 2369 1854; x_wconf 81' lang='grc' dir='ltr'><strong>ἐπ’</strong></span> <span class='ocrx_word' id='word_1_211' title='bbox 2415 1806 2512 1873; x_wconf 79' lang='grc' dir='ltr'><strong>ἐμὲ</strong></span> <span class='ocrx_word' id='word_1_212' title='bbox 2567 1805 2664 1873; x_wconf 78' lang='grc' dir='ltr'><strong>τὴν</strong></span> <span class='ocrx_word' id='word_1_213' title='bbox 2715 1803 3089 1872; x_wconf 74' lang='grc' dir='ltr'><strong>ἐλεημοσύνην</strong></span> <span class='ocrx_word' id='word_1_214' title='bbox 3118 1822 3211 1857; x_wconf 79' lang='grc' dir='ltr'><strong>σου</strong></span> <span class='ocrx_word' id='word_1_215' title='bbox 3242 1806 3339 1857; x_wconf 76' lang='grc' dir='ltr'><strong>καὶ</strong></span> <span class='ocrx_word' id='word_1_216' title='bbox 3384 1808 3452 1856; x_wconf 80' lang='grc' dir='ltr'><strong>τὰ</strong></span> 
     </span>
    </p>
   </div>
   <div class='ocr_carea' id='block_1_33' title="bbox 200 1876 1808 1970">
    <p class='ocr_par' dir='ltr' id='par_1_33' title="bbox 200 1877 1808 1970">
     <span class='ocr_line' id='line_1_33' title="bbox 200 1877 1808 1970; baseline 0.004 -18"><span class='ocrx_word' id='word_1_217' title='bbox 200 1898 598 1954; x_wconf 84' lang='lat' dir='ltr'><strong>determinatus</strong></span> <span class='ocrx_word' id='word_1_218' title='bbox 629 1899 802 1963; x_wconf 90' lang='lat' dir='ltr'><strong>locus,</strong></span> <span class='ocrx_word' id='word_1_219' title='bbox 836 1917 944 1969; x_wconf 89' lang='lat' dir='ltr'><strong>quo</strong></span> <span class='ocrx_word' id='word_1_220' title='bbox 968 1899 1201 1955; x_wconf 81' lang='lat' dir='ltr'><strong>Sanctus</strong></span> <span class='ocrx_word' id='word_1_221' title='bbox 1222 1902 1451 1970; x_wconf 81' lang='lat' dir='ltr'><strong>jaceret.</strong></span> <span class='ocrx_word' id='word_1_222' title='bbox 1483 1913 1645 1958; x_wconf 84' lang='lat' dir='ltr'><strong>notus</strong></span> <span class='ocrx_word' id='word_1_223' title='bbox 1670 1920 1770 1959; x_wconf 79' lang='lat' dir='ltr'><strong>ex—</strong></span> <span class='ocrx_word' id='word_1_224' title='bbox 1802 1877 1808 1933; x_wconf 30' lang='grc' dir='ltr'>π</span> 
     </span>
    </p>
   </div>
   <div class='ocr_carea' id='block_1_34' title="bbox 1881 1876 3461 1970">
    <p class='ocr_par' dir='ltr' id='par_1_34' title="bbox 1881 1896 3461 1965">
     <span class='ocr_line' id='line_1_34' title="bbox 1881 1896 3461 1965; baseline 0.001 -16"><span class='ocrx_word' id='word_1_225' title='bbox 1881 1897 2225 1965; x_wconf 76' lang='grc' dir='ltr'><strong>οἱκτείρμονά</strong></span> <span class='ocrx_word' id='word_1_226' title='bbox 2251 1912 2345 1948; x_wconf 79' lang='grc' dir='ltr'>σου</span> <span class='ocrx_word' id='word_1_227' title='bbox 2402 1896 2628 1963; x_wconf 81' lang='grc' dir='ltr'><strong>ἰάματα.</strong></span> <span class='ocrx_word' id='word_1_228' title='bbox 2660 1897 2740 1949; x_wconf 81' lang='lat' dir='ltr'><strong>Ad</strong></span> <span class='ocrx_word' id='word_1_229' title='bbox 2777 1896 2894 1951; x_wconf 75' lang='lat' dir='ltr'><strong>haec</strong></span> <span class='ocrx_word' id='word_1_230' title='bbox 2938 1897 3130 1951; x_wconf 88' lang='lat' dir='ltr'><strong>eodem</strong></span> <span class='ocrx_word' id='word_1_231' title='bbox 3159 1898 3461 1951; x_wconf 65' lang='lat' dir='ltr'><strong>Himella-</strong></span> 
     </span>
    </p>
   </div>
   <div class='ocr_carea' id='block_1_35' title="bbox 195 1990 1767 2061">
    <p class='ocr_par' dir='ltr' id='par_1_35' title="bbox 195 1990 1767 2061">
     <span class='ocr_line' id='line_1_35' title="bbox 195 1990 1767 2061; baseline 0.004 -19"><span class='ocrx_word' id='word_1_232' title='bbox 195 1992 345 2043; x_wconf 79' lang='lat' dir='ltr'><strong>stitit</strong></span> <span class='ocrx_word' id='word_1_233' title='bbox 380 1992 435 2044; x_wconf 92' lang='lat' dir='ltr'><strong>in</strong></span> <span class='ocrx_word' id='word_1_234' title='bbox 474 1991 721 2057; x_wconf 75' lang='lat' dir='ltr'><strong>ecclesia,</strong></span> <span class='ocrx_word' id='word_1_235' title='bbox 755 1993 962 2046; x_wconf 87' lang='lat' dir='ltr'><strong>nomini</strong></span> <span class='ocrx_word' id='word_1_236' title='bbox 995 1994 1113 2059; x_wconf 89' lang='lat' dir='ltr'><strong>ejus</strong></span> <span class='ocrx_word' id='word_1_237' title='bbox 1145 1990 1546 2049; x_wconf 63' lang='lat' dir='ltr'><strong>Thessalonica!</strong></span> <span class='ocrx_word' id='word_1_238' title='bbox 1593 2013 1767 2061; x_wconf 85' lang='lat' dir='ltr'><strong>sacra,</strong></span> 
     </span>
    </p>
   </div>
   <div class='ocr_carea' id='block_1_36' title="bbox 200 2082 1768 2157">
    <p class='ocr_par' dir='ltr' id='par_1_36' title="bbox 200 2082 1768 2157">
     <span class='ocr_line' id='line_1_36' title="bbox 200 2082 1768 2157; baseline 0.004 -21"><span class='ocrx_word' id='word_1_239' title='bbox 200 2083 283 2136; x_wconf 89' lang='lat' dir='ltr'><strong>uti</strong></span> <span class='ocrx_word' id='word_1_240' title='bbox 317 2084 547 2151; x_wconf 88' lang='lat' dir='ltr'><strong>ipsemet</strong></span> <span class='ocrx_word' id='word_1_241' title='bbox 578 2084 811 2151; x_wconf 88' lang='lat' dir='ltr'><strong>scriptor</strong></span> <span class='ocrx_word' id='word_1_242' title='bbox 846 2082 935 2138; x_wconf 87' lang='lat' dir='ltr'><strong>ille</strong></span> <span class='ocrx_word' id='word_1_243' title='bbox 965 2085 1060 2139; x_wconf 87' lang='lat' dir='ltr'><strong>lib.</strong></span> <span class='ocrx_word' id='word_1_244' title='bbox 1093 2099 1111 2138; x_wconf 87' lang='lat' dir='ltr'><strong>l</strong></span> <span class='ocrx_word' id='word_1_245' title='bbox 1144 2084 1545 2147; x_wconf 68' lang='lat' dir='ltr'><strong>Nineuitarum.</strong></span> <span class='ocrx_word' id='word_1_246' title='bbox 1570 2104 1691 2157; x_wconf 86' lang='lat' dir='ltr'><strong>cap.</strong></span> <span class='ocrx_word' id='word_1_247' title='bbox 1716 2091 1768 2153; x_wconf 83' lang='lat'><strong>5,</strong></span> 
     </span>
    </p>
   </div>
   <div class='ocr_carea' id='block_1_37' title="bbox 202 2172 1773 2245">
    <p class='ocr_par' dir='ltr' id='par_1_37' title="bbox 202 2172 1773 2245">
     <span class='ocr_line' id='line_1_37' title="bbox 202 2172 1773 2245; baseline 0.005 -19"><span class='ocrx_word' id='word_1_248' title='bbox 202 2172 368 2227; x_wconf 81' lang='lat' dir='ltr'><strong>ﬁdem</strong></span> <span class='ocrx_word' id='word_1_249' title='bbox 425 2172 573 2227; x_wconf 80' lang='lat' dir='ltr'><strong>facit.</strong></span> <span class='ocrx_word' id='word_1_250' title='bbox 619 2172 796 2228; x_wconf 79' lang='lat' dir='ltr'><strong>Verba</strong></span> <span class='ocrx_word' id='word_1_251' title='bbox 852 2177 992 2242; x_wconf 86' lang='lat' dir='ltr'><strong>ejus,</strong></span> <span class='ocrx_word' id='word_1_252' title='bbox 1039 2191 1069 2229; x_wconf 88' lang='lat' dir='ltr'><strong>e</strong></span> <span class='ocrx_word' id='word_1_253' title='bbox 1116 2178 1316 2245; x_wconf 86' lang='lat' dir='ltr'><strong>quibus</strong></span> <span class='ocrx_word' id='word_1_254' title='bbox 1355 2179 1538 2241; x_wconf 89' lang='lat' dir='ltr'><strong>simul,</strong></span> <span class='ocrx_word' id='word_1_255' title='bbox 1586 2180 1773 2234; x_wconf 89' lang='lat' dir='ltr'><strong>Sancti</strong></span> 
     </span>
    </p>
   </div>
   <div class='ocr_carea' id='block_1_38' title="bbox 201 2264 1773 2332">
    <p class='ocr_par' dir='ltr' id='par_1_38' title="bbox 201 2264 1773 2332">
     <span class='ocr_line' id='line_1_38' title="bbox 201 2264 1773 2332; baseline 0.002 -12"><span class='ocrx_word' id='word_1_256' title='bbox 201 2264 570 2320; x_wconf 86' lang='lat' dir='ltr'><strong>conditorium</strong></span> <span class='ocrx_word' id='word_1_257' title='bbox 602 2280 698 2319; x_wconf 82' lang='lat' dir='ltr'><strong>seu</strong></span> <span class='ocrx_word' id='word_1_258' title='bbox 728 2267 927 2330; x_wconf 84' lang='lat' dir='ltr'><strong>locum,</strong></span> <span class='ocrx_word' id='word_1_259' title='bbox 959 2280 1068 2332; x_wconf 91' lang='lat' dir='ltr'><strong>quo</strong></span> <span class='ocrx_word' id='word_1_260' title='bbox 1098 2266 1186 2321; x_wconf 91' lang='lat' dir='ltr'><strong>hic</strong></span> <span class='ocrx_word' id='word_1_261' title='bbox 1213 2268 1266 2320; x_wconf 91' lang='lat' dir='ltr'><strong>in</strong></span> <span class='ocrx_word' id='word_1_262' title='bbox 1300 2266 1773 2323; x_wconf 89' lang='lat' dir='ltr'><strong>Thessalonicensi</strong></span> 
     </span>
    </p>
   </div>
   <div class='ocr_carea' id='block_1_39' title="bbox 203 2358 1774 2431">
    <p class='ocr_par' dir='ltr' id='par_1_39' title="bbox 203 2358 1774 2431">
     <span class='ocr_line' id='line_1_39' title="bbox 203 2358 1774 2431; baseline 0.003 -20"><span class='ocrx_word' id='word_1_263' title='bbox 203 2372 305 2411; x_wconf 80' lang='lat' dir='ltr'><strong>sua</strong></span> <span class='ocrx_word' id='word_1_264' title='bbox 340 2358 566 2411; x_wconf 87' lang='lat' dir='ltr'><strong>ecclesia</strong></span> <span class='ocrx_word' id='word_1_265' title='bbox 606 2359 813 2425; x_wconf 86' lang='lat' dir='ltr'><strong>jaceret</strong></span> <span class='ocrx_word' id='word_1_266' title='bbox 848 2361 1183 2424; x_wconf 89' lang='lat' dir='ltr'><strong>reconditus,</strong></span> <span class='ocrx_word' id='word_1_267' title='bbox 1228 2360 1464 2415; x_wconf 85' lang='lat' dir='ltr'><strong>Eusebio</strong></span> <span class='ocrx_word' id='word_1_268' title='bbox 1498 2363 1774 2431; x_wconf 84' lang='lat' dir='ltr'><strong>archiepi-</strong></span> 
     </span>
    </p>
   </div>
   <div class='ocr_carea' id='block_1_40' title="bbox 203 2447 1774 2522">
    <p class='ocr_par' dir='ltr' id='par_1_40' title="bbox 203 2447 1774 2522">
     <span class='ocr_line' id='line_1_40' title="bbox 203 2447 1774 2522; baseline 0.003 -19"><span class='ocrx_word' id='word_1_269' title='bbox 203 2464 378 2516; x_wconf 77' lang='lat' dir='ltr'><strong>scopo</strong></span> <span class='ocrx_word' id='word_1_270' title='bbox 419 2447 963 2505; x_wconf 81' lang='lat' dir='ltr'><strong>Thessalonicensem</strong></span> <span class='ocrx_word' id='word_1_271' title='bbox 1012 2452 1194 2506; x_wconf 86' lang='lat' dir='ltr'><strong>sedem</strong></span> <span class='ocrx_word' id='word_1_272' title='bbox 1227 2462 1551 2522; x_wconf 90' lang='lat' dir='ltr'><strong>occupante,</strong></span> <span class='ocrx_word' id='word_1_273' title='bbox 1587 2466 1774 2508; x_wconf 89' lang='lat' dir='ltr'><strong>notum</strong></span> 
     </span>
    </p>
   </div>
   <div class='ocr_carea' id='block_1_41' title="bbox 199 2541 1779 2613">
    <p class='ocr_par' dir='ltr' id='par_1_41' title="bbox 199 2541 1779 2613">
     <span class='ocr_line' id='line_1_41' title="bbox 199 2541 1779 2613; baseline 0.004 -21"><span class='ocrx_word' id='word_1_274' title='bbox 199 2541 373 2593; x_wconf 83' lang='lat' dir='ltr'><strong>etiam</strong></span> <span class='ocrx_word' id='word_1_275' title='bbox 404 2556 513 2595; x_wconf 89' lang='lat' dir='ltr'><strong>non</strong></span> <span class='ocrx_word' id='word_1_276' title='bbox 540 2541 729 2602; x_wconf 82' lang='lat' dir='ltr'><strong>fuisse.</strong></span> <span class='ocrx_word' id='word_1_277' title='bbox 745 2544 1083 2598; x_wconf 87' lang='lat' dir='ltr'><strong>luculentius</strong></span> <span class='ocrx_word' id='word_1_278' title='bbox 1104 2553 1367 2613; x_wconf 88' lang='lat' dir='ltr'><strong>patescet.</strong></span> <span class='ocrx_word' id='word_1_279' title='bbox 1397 2545 1503 2598; x_wconf 89' lang='lat' dir='ltr'><strong>huc</strong></span> <span class='ocrx_word' id='word_1_280' title='bbox 1523 2560 1553 2599; x_wconf 92' lang='lat' dir='ltr'><strong>e</strong></span> <span class='ocrx_word' id='word_1_281' title='bbox 1576 2545 1779 2600; x_wconf 75' lang='lat' dir='ltr'><strong>Grazcis</strong></span> 
     </span>
    </p>
   </div>
   <div class='ocr_carea' id='block_1_42' title="bbox 208 2630 1781 2704">
    <p class='ocr_par' dir='ltr' id='par_1_42' title="bbox 208 2630 1781 2704">
     <span class='ocr_line' id='line_1_42' title="bbox 208 2630 1781 2704; baseline 0.005 -18"><span class='ocrx_word' id='word_1_282' title='bbox 208 2634 355 2686; x_wconf 78' lang='lat' dir='ltr'><strong>facta</strong></span> <span class='ocrx_word' id='word_1_283' title='bbox 388 2648 417 2685; x_wconf 86' lang='lat' dir='ltr'><strong>a</strong></span> <span class='ocrx_word' id='word_1_284' title='bbox 448 2649 534 2687; x_wconf 89' lang='lat' dir='ltr'><strong>me</strong></span> <span class='ocrx_word' id='word_1_285' title='bbox 567 2630 757 2687; x_wconf 85' lang='lat' dir='ltr'><strong>Latina</strong></span> <span class='ocrx_word' id='word_1_286' title='bbox 791 2637 1114 2691; x_wconf 84' lang='lat' dir='ltr'><strong>transcribo.</strong></span> <span class='ocrx_word' id='word_1_287' title='bbox 1148 2637 1238 2693; x_wconf 81' lang='lat' dir='ltr'><strong>Sic</strong></span> <span class='ocrx_word' id='word_1_288' title='bbox 1262 2638 1469 2693; x_wconf 88' lang='lat' dir='ltr'><strong>habent</strong></span> <span class='ocrx_word' id='word_1_289' title='bbox 1516 2657 1529 2692; x_wconf 88' lang='lat'><strong>:</strong></span> <span class='ocrx_word' id='word_1_290' title='bbox 1582 2658 1598 2690; x_wconf 76' lang='grc' dir='ltr'>ι</span> <span class='ocrx_word' id='word_1_291' title='bbox 1633 2638 1781 2704; x_wconf 86' lang='lat' dir='ltr'><strong>Quo-</strong></span> 
     </span>
    </p>
   </div>
   <div class='ocr_carea' id='block_1_43' title="bbox 209 2724 1781 2796">
    <p class='ocr_par' dir='ltr' id='par_1_43' title="bbox 209 2724 1781 2796">
     <span class='ocr_line' id='line_1_43' title="bbox 209 2724 1781 2796; baseline 0.006 -20"><span class='ocrx_word' id='word_1_292' title='bbox 209 2724 359 2776; x_wconf 87' lang='lat' dir='ltr'><strong>niam</strong></span> <span class='ocrx_word' id='word_1_293' title='bbox 390 2736 569 2778; x_wconf 88' lang='lat' dir='ltr'><strong>autem</strong></span> <span class='ocrx_word' id='word_1_294' title='bbox 601 2740 819 2794; x_wconf 87' lang='lat' dir='ltr'><strong>semper</strong></span> <span class='ocrx_word' id='word_1_295' title='bbox 851 2727 1093 2796; x_wconf 90' lang='lat' dir='ltr'><strong>quidem,</strong></span> <span class='ocrx_word' id='word_1_296' title='bbox 1130 2728 1362 2782; x_wconf 79' lang='lat' dir='ltr'><strong>maxime</strong></span> <span class='ocrx_word' id='word_1_297' title='bbox 1393 2730 1781 2793; x_wconf 86' lang='lat' dir='ltr'><strong>autemidulo-</strong></span> 
     </span>
    </p>
   </div>
   <div class='ocr_carea' id='block_1_44' title="bbox 209 2815 1780 2889">
    <p class='ocr_par' dir='ltr' id='par_1_44' title="bbox 209 2815 1780 2889">
     <span class='ocr_line' id='line_1_44' title="bbox 209 2815 1780 2889; baseline 0.006 -20"><span class='ocrx_word' id='word_1_298' title='bbox 209 2815 665 2886; x_wconf 63' lang='lat' dir='ltr'><strong>latriatempore.</strong></span> <span class='ocrx_word' id='word_1_299' title='bbox 685 2822 774 2889; x_wconf 93' lang='lat' dir='ltr'><strong>qui</strong></span> <span class='ocrx_word' id='word_1_300' title='bbox 808 2821 1080 2875; x_wconf 80' lang='lat' dir='ltr'><strong>civitatem</strong></span> <span class='ocrx_word' id='word_1_301' title='bbox 1115 2822 1251 2876; x_wconf 88' lang='lat' dir='ltr'><strong>hanc</strong></span> <span class='ocrx_word' id='word_1_302' title='bbox 1279 2822 1387 2877; x_wconf 90' lang='lat' dir='ltr'><strong>Deo</strong></span> <span class='ocrx_word' id='word_1_303' title='bbox 1410 2824 1662 2879; x_wconf 86' lang='lat' dir='ltr'><strong>dilectam</strong></span> <span class='ocrx_word' id='word_1_304' title='bbox 1693 2826 1780 2879; x_wconf 85' lang='lat' dir='ltr'><strong>in-</strong></span> 
     </span>
    </p>
   </div>
   <div class='ocr_carea' id='block_1_45' title="bbox 207 2910 1781 2987">
    <p class='ocr_par' dir='ltr' id='par_1_45' title="bbox 207 2910 1781 2987">
     <span class='ocr_line' id='line_1_45' title="bbox 207 2910 1781 2987; baseline 0.006 -23"><span class='ocrx_word' id='word_1_305' title='bbox 207 2910 538 2977; x_wconf 85' lang='lat' dir='ltr'><strong>coluerunt,</strong></span> <span class='ocrx_word' id='word_1_306' title='bbox 595 2912 893 2966; x_wconf 82' lang='lat' dir='ltr'><strong>Christiani</strong></span> <span class='ocrx_word' id='word_1_307' title='bbox 946 2916 1185 2968; x_wconf 89' lang='lat' dir='ltr'><strong>accurati</strong></span> <span class='ocrx_word' id='word_1_308' title='bbox 1242 2916 1781 2987; x_wconf 83' lang='lat' dir='ltr'><strong>constantissimique</strong></span> 
     </span>
    </p>
   </div>
   <div class='ocr_carea' id='block_1_46' title="bbox 215 3002 1782 3075">
    <p class='ocr_par' dir='ltr' id='par_1_46' title="bbox 215 3002 1782 3075">
     <span class='ocr_line' id='line_1_46' title="bbox 215 3002 1782 3075; baseline 0.006 -22"><span class='ocrx_word' id='word_1_309' title='bbox 215 3010 515 3070; x_wconf 87' lang='lat' dir='ltr'><strong>martyrum</strong></span> <span class='ocrx_word' id='word_1_310' title='bbox 541 3012 812 3058; x_wconf 88' lang='lat' dir='ltr'><strong>amatores</strong></span> <span class='ocrx_word' id='word_1_311' title='bbox 840 3002 1084 3069; x_wconf 81' lang='lat' dir='ltr'><strong>fuerunt,</strong></span> <span class='ocrx_word' id='word_1_312' title='bbox 1116 3021 1229 3075; x_wconf 64' lang='lat' dir='ltr'><strong>pra</strong></span> <span class='ocrx_word' id='word_1_313' title='bbox 1259 3015 1430 3071; x_wconf 87' lang='lat' dir='ltr'><strong>metu,</strong></span> <span class='ocrx_word' id='word_1_314' title='bbox 1470 3022 1537 3062; x_wconf 89' lang='lat' dir='ltr'><strong>ne</strong></span> <span class='ocrx_word' id='word_1_315' title='bbox 1566 3019 1782 3063; x_wconf 88' lang='lat' dir='ltr'><strong>sancto-</strong></span> 
     </span>
    </p>
   </div>
   <div class='ocr_carea' id='block_1_47' title="bbox 214 3094 1779 3167">
    <p class='ocr_par' dir='ltr' id='par_1_47' title="bbox 214 3094 1779 3167">
     <span class='ocr_line' id='line_1_47' title="bbox 214 3094 1779 3167; baseline 0.006 -22"><span class='ocrx_word' id='word_1_316' title='bbox 214 3108 362 3156; x_wconf 85' lang='lat' dir='ltr'><strong>rum,</strong></span> <span class='ocrx_word' id='word_1_317' title='bbox 395 3094 654 3163; x_wconf 78' lang='lat' dir='ltr'><strong>martyrio</strong></span> <span class='ocrx_word' id='word_1_318' title='bbox 675 3107 1082 3161; x_wconf 87' lang='lat' dir='ltr'><strong>coronatorum,</strong></span> <span class='ocrx_word' id='word_1_319' title='bbox 1110 3113 1342 3167; x_wconf 87' lang='lat' dir='ltr'><strong>corpora</strong></span> <span class='ocrx_word' id='word_1_320' title='bbox 1369 3099 1779 3154; x_wconf 87' lang='lat' dir='ltr'><strong>idololatrarum</strong></span> 
     </span>
    </p>
   </div>
   <div class='ocr_carea' id='block_1_48' title="bbox 217 3183 1782 3261">
    <p class='ocr_par' dir='ltr' id='par_1_48' title="bbox 217 3183 1782 3261">
     <span class='ocr_line' id='line_1_48' title="bbox 217 3183 1782 3261; baseline 0.007 -25"><span class='ocrx_word' id='word_1_321' title='bbox 217 3183 391 3237; x_wconf 79' lang='lat' dir='ltr'><strong>furori</strong></span> <span class='ocrx_word' id='word_1_322' title='bbox 424 3186 918 3247; x_wconf 83' lang='lat' dir='ltr'><strong>committerentur,</strong></span> <span class='ocrx_word' id='word_1_323' title='bbox 964 3190 1124 3243; x_wconf 89' lang='lat' dir='ltr'><strong>tacite</strong></span> <span class='ocrx_word' id='word_1_324' title='bbox 1162 3190 1246 3243; x_wconf 88' lang='lat' dir='ltr'><strong>illa</strong></span> <span class='ocrx_word' id='word_1_325' title='bbox 1288 3206 1351 3245; x_wconf 90' lang='lat' dir='ltr'><strong>ac</strong></span> <span class='ocrx_word' id='word_1_326' title='bbox 1384 3193 1701 3261; x_wconf 87' lang='lat' dir='ltr'><strong>mysteriose</strong></span> <span class='ocrx_word' id='word_1_327' title='bbox 1728 3193 1782 3247; x_wconf 92' lang='lat' dir='ltr'><strong>in</strong></span> 
     </span>
    </p>
   </div>
   <div class='ocr_carea' id='block_1_49' title="bbox 217 3275 1785 3349">
    <p class='ocr_par' dir='ltr' id='par_1_49' title="bbox 217 3275 1785 3349">
     <span class='ocr_line' id='line_1_49' title="bbox 217 3275 1785 3349; baseline 0.008 -24"><span class='ocrx_word' id='word_1_328' title='bbox 217 3282 364 3326; x_wconf 80' lang='lat' dir='ltr'><strong>terra</strong></span> <span class='ocrx_word' id='word_1_329' title='bbox 394 3275 817 3339; x_wconf 83' lang='lat' dir='ltr'><strong>absconderunt,</strong></span> <span class='ocrx_word' id='word_1_330' title='bbox 849 3279 985 3332; x_wconf 91' lang='lat' dir='ltr'><strong>adeo</strong></span> <span class='ocrx_word' id='word_1_331' title='bbox 1017 3289 1075 3333; x_wconf 93' lang='lat' dir='ltr'><strong>ut</strong></span> <span class='ocrx_word' id='word_1_332' title='bbox 1105 3295 1275 3349; x_wconf 89' lang='lat' dir='ltr'><strong>usque</strong></span> <span class='ocrx_word' id='word_1_333' title='bbox 1296 3281 1349 3333; x_wconf 89' lang='lat' dir='ltr'><strong>in</strong></span> <span class='ocrx_word' id='word_1_334' title='bbox 1372 3297 1615 3349; x_wconf 68' lang='lat' dir='ltr'><strong>praesens</strong></span> <span class='ocrx_word' id='word_1_335' title='bbox 1646 3292 1785 3338; x_wconf 81' lang='lat' dir='ltr'><strong>tem-</strong></span> 
     </span>
    </p>
   </div>
   <div class='ocr_carea' id='block_1_50' title="bbox 220 3366 1784 3438">
    <p class='ocr_par' dir='ltr' id='par_1_50' title="bbox 220 3366 1784 3438">
     <span class='ocr_line' id='line_1_50' title="bbox 220 3366 1784 3438; baseline 0.012 -27"><span class='ocrx_word' id='word_1_336' title='bbox 220 3378 325 3430; x_wconf 97' lang='lat' dir='ltr'><strong>pus</strong></span> <span class='ocrx_word' id='word_1_337' title='bbox 358 3378 419 3417; x_wconf 78' lang='lat' dir='ltr'><strong>ex</strong></span> <span class='ocrx_word' id='word_1_338' title='bbox 452 3366 515 3419; x_wconf 82' lang='lat' dir='ltr'><strong>iis</strong></span> <span class='ocrx_word' id='word_1_339' title='bbox 550 3368 643 3435; x_wconf 90' lang='lat' dir='ltr'><strong>qui</strong></span> <span class='ocrx_word' id='word_1_340' title='bbox 676 3372 988 3437; x_wconf 85' lang='lat' dir='ltr'><strong>martyrium</strong></span> <span class='ocrx_word' id='word_1_341' title='bbox 1029 3371 1081 3424; x_wconf 93' lang='lat' dir='ltr'><strong>in</strong></span> <span class='ocrx_word' id='word_1_342' title='bbox 1110 3374 1210 3426; x_wconf 88' lang='lat' dir='ltr'><strong>hac</strong></span> <span class='ocrx_word' id='word_1_343' title='bbox 1236 3374 1543 3438; x_wconf 91' lang='lat' dir='ltr'><strong>subierunt,</strong></span> <span class='ocrx_word' id='word_1_344' title='bbox 1578 3376 1784 3430; x_wconf 87' lang='lat' dir='ltr'><strong>nullius</strong></span> 
     </span>
    </p>
   </div>
   <div class='ocr_carea' id='block_1_51' title="bbox 221 3461 1787 3526">
    <p class='ocr_par' dir='ltr' id='par_1_51' title="bbox 221 3461 1787 3526">
     <span class='ocr_line' id='line_1_51' title="bbox 221 3461 1787 3526; baseline 0.01 -23"><span class='ocrx_word' id='word_1_345' title='bbox 221 3468 470 3521; x_wconf 86' lang='lat' dir='ltr'><strong>prorsus,</strong></span> <span class='ocrx_word' id='word_1_346' title='bbox 504 3466 859 3526; x_wconf 65' lang='lat' dir='ltr'><strong>praeterquam</strong></span> <span class='ocrx_word' id='word_1_347' title='bbox 906 3461 1273 3515; x_wconf 72' lang='lat' dir='ltr'><strong>celeberrimae</strong></span> <span class='ocrx_word' id='word_1_348' title='bbox 1314 3478 1376 3516; x_wconf 88' lang='lat' dir='ltr'><strong>ac</strong></span> <span class='ocrx_word' id='word_1_349' title='bbox 1427 3465 1787 3519; x_wconf 78' lang='lat' dir='ltr'><strong>sanctissima:</strong></span> 
     </span>
    </p>
   </div>
   <div class='ocr_carea' id='block_1_52' title="bbox 224 3545 1788 3627">
    <p class='ocr_par' dir='ltr' id='par_1_52' title="bbox 224 3545 1788 3627">
     <span class='ocr_line' id='line_1_52' title="bbox 224 3545 1788 3627; baseline 0.01 -30"><span class='ocrx_word' id='word_1_350' title='bbox 224 3545 455 3615; x_wconf 81' lang='lat' dir='ltr'><strong>virginis</strong></span> <span class='ocrx_word' id='word_1_351' title='bbox 492 3548 771 3613; x_wconf 68' lang='lat' dir='ltr'><strong>Matronae,</strong></span> <span class='ocrx_word' id='word_1_352' title='bbox 807 3568 1022 3607; x_wconf 85' lang='lat' dir='ltr'><strong>sacrum</strong></span> <span class='ocrx_word' id='word_1_353' title='bbox 1053 3556 1442 3620; x_wconf 86' lang='lat' dir='ltr'><strong>conditorium,</strong></span> <span class='ocrx_word' id='word_1_354' title='bbox 1480 3572 1586 3625; x_wconf 78' lang='lat' dir='ltr'><strong>quo</strong></span> <span class='ocrx_word' id='word_1_355' title='bbox 1617 3558 1788 3627; x_wconf 76' lang='lat' dir='ltr'><strong>depo-</strong></span> 
     </span>
    </p>
   </div>
   <div class='ocr_carea' id='block_1_53' title="bbox 219 3639 966 3707">
    <p class='ocr_par' dir='ltr' id='par_1_53' title="bbox 219 3639 966 3707">
     <span class='ocr_line' id='line_1_53' title="bbox 219 3639 966 3707; baseline 0.007 -16"><span class='ocrx_word' id='word_1_356' title='bbox 219 3639 314 3691; x_wconf 70' lang='lat' dir='ltr'><strong>citi</strong></span> <span class='ocrx_word' id='word_1_357' title='bbox 350 3639 590 3707; x_wconf 82' lang='lat' dir='ltr'><strong>luerunt,</strong></span> <span class='ocrx_word' id='word_1_358' title='bbox 619 3656 896 3699; x_wconf 74' lang='lat' dir='ltr'><strong>noscatur.</strong></span> <span class='ocrx_word' id='word_1_359' title='bbox 946 3664 966 3696; x_wconf 73' lang='grc' dir='ltr'><strong>ι</strong></span> 
     </span>
    </p>
   </div>
   <div class='ocr_carea' id='block_1_54' title="bbox 301 3731 1789 3807">
    <p class='ocr_par' dir='ltr' id='par_1_54' title="bbox 301 3731 1789 3807">
     <span class='ocr_line' id='line_1_54' title="bbox 301 3731 1789 3807; baseline 0.012 -24"><span class='ocrx_word' id='word_1_360' title='bbox 301 3731 424 3786; x_wconf 73' lang='grc'><strong>105.</strong></span> <span class='ocrx_word' id='word_1_361' title='bbox 457 3733 573 3788; x_wconf 89' lang='lat' dir='ltr'><strong>Jam</strong></span> <span class='ocrx_word' id='word_1_362' title='bbox 612 3752 763 3799; x_wconf 75' lang='lat' dir='ltr'><strong>vero,</strong></span> <span class='ocrx_word' id='word_1_363' title='bbox 795 3753 917 3791; x_wconf 92' lang='lat' dir='ltr'><strong>cum</strong></span> <span class='ocrx_word' id='word_1_364' title='bbox 946 3754 1116 3807; x_wconf 89' lang='lat' dir='ltr'><strong>usque</strong></span> <span class='ocrx_word' id='word_1_365' title='bbox 1154 3742 1217 3790; x_wconf 83' lang='lat' dir='ltr'><strong>ad</strong></span> <span class='ocrx_word' id='word_1_366' title='bbox 1252 3736 1477 3795; x_wconf 83' lang='lat' dir='ltr'><strong>Joannis</strong></span> <span class='ocrx_word' id='word_1_367' title='bbox 1499 3739 1789 3800; x_wconf 85' lang='lat' dir='ltr'><strong>Thessalo-</strong></span> 
     </span>
    </p>
   </div>
   <div class='ocr_carea' id='block_1_55' title="bbox 224 3819 1790 3895">
    <p class='ocr_par' dir='ltr' id='par_1_55' title="bbox 224 3819 1790 3895">
     <span class='ocr_line' id='line_1_55' title="bbox 224 3819 1790 3895; baseline 0.014 -24"><span class='ocrx_word' id='word_1_368' title='bbox 224 3819 466 3874; x_wconf 83' lang='lat' dir='ltr'><strong>nicensis</strong></span> <span class='ocrx_word' id='word_1_369' title='bbox 525 3833 759 3891; x_wconf 73' lang='lat' dir='ltr'><strong>mtatem,</strong></span> <span class='ocrx_word' id='word_1_370' title='bbox 820 3844 927 3895; x_wconf 90' lang='lat' dir='ltr'><strong>quo</strong></span> <span class='ocrx_word' id='word_1_371' title='bbox 980 3829 1349 3885; x_wconf 87' lang='lat' dir='ltr'><strong>determinato</strong></span> <span class='ocrx_word' id='word_1_372' title='bbox 1399 3834 1643 3889; x_wconf 73' lang='lat' dir='ltr'><strong>ecclesia:</strong></span> <span class='ocrx_word' id='word_1_373' title='bbox 1682 3852 1790 3893; x_wconf 73' lang='lat' dir='ltr'><strong>sua:</strong></span> 
     </span>
    </p>
   </div>
   <div class='ocr_carea' id='block_1_56' title="bbox 225 3911 1793 3989">
    <p class='ocr_par' dir='ltr' id='par_1_56' title="bbox 225 3911 1793 3989">
     <span class='ocr_line' id='line_1_56' title="bbox 225 3911 1793 3989; baseline 0.013 -25"><span class='ocrx_word' id='word_1_374' title='bbox 225 3911 351 3966; x_wconf 88' lang='lat' dir='ltr'><strong>loco</strong></span> <span class='ocrx_word' id='word_1_375' title='bbox 380 3911 615 3971; x_wconf 87' lang='lat' dir='ltr'><strong>Sanctus</strong></span> <span class='ocrx_word' id='word_1_376' title='bbox 653 3929 841 3973; x_wconf 89' lang='lat' dir='ltr'><strong>noster</strong></span> <span class='ocrx_word' id='word_1_377' title='bbox 871 3922 1079 3988; x_wconf 89' lang='lat' dir='ltr'><strong>jaceret</strong></span> <span class='ocrx_word' id='word_1_378' title='bbox 1110 3924 1449 3989; x_wconf 89' lang='lat' dir='ltr'><strong>reconditus,</strong></span> <span class='ocrx_word' id='word_1_379' title='bbox 1483 3926 1793 3983; x_wconf 86' lang='lat' dir='ltr'><strong>Thessalo-</strong></span> 
     </span>
    </p>
   </div>
   <div class='ocr_carea' id='block_1_57' title="bbox 226 4005 1791 4083">
    <p class='ocr_par' dir='ltr' id='par_1_57' title="bbox 226 4005 1791 4083">
     <span class='ocr_line' id='line_1_57' title="bbox 226 4005 1791 4083; baseline 0.01 -27"><span class='ocrx_word' id='word_1_380' title='bbox 226 4005 369 4057; x_wconf 73' lang='lat' dir='ltr'><strong>nica:</strong></span> <span class='ocrx_word' id='word_1_381' title='bbox 422 4008 624 4072; x_wconf 87' lang='lat' dir='ltr'><strong>etiam,</strong></span> <span class='ocrx_word' id='word_1_382' title='bbox 662 4010 738 4062; x_wconf 93' lang='lat' dir='ltr'><strong>uti</strong></span> <span class='ocrx_word' id='word_1_383' title='bbox 800 4012 1025 4065; x_wconf 90' lang='lat' dir='ltr'><strong>recitata</strong></span> <span class='ocrx_word' id='word_1_384' title='bbox 1065 4014 1351 4081; x_wconf 84' lang='lat' dir='ltr'><strong>scriptoris</strong></span> <span class='ocrx_word' id='word_1_385' title='bbox 1414 4017 1575 4083; x_wconf 78' lang='lat' dir='ltr'><strong>hujus</strong></span> <span class='ocrx_word' id='word_1_386' title='bbox 1628 4020 1791 4072; x_wconf 83' lang='lat' dir='ltr'><strong>verba</strong></span> 
     </span>
    </p>
   </div>
   <div class='ocr_carea' id='block_1_58' title="bbox 232 4095 1790 4175">
    <p class='ocr_par' dir='ltr' id='par_1_58' title="bbox 232 4095 1790 4175">
     <span class='ocr_line' id='line_1_58' title="bbox 232 4095 1790 4175; baseline 0.011 -28"><span class='ocrx_word' id='word_1_387' title='bbox 232 4095 395 4150; x_wconf 74' lang='lat' dir='ltr'><strong>{idem</strong></span> <span class='ocrx_word' id='word_1_388' title='bbox 417 4097 638 4164; x_wconf 81' lang='lat' dir='ltr'><strong>faciunt,</strong></span> <span class='ocrx_word' id='word_1_389' title='bbox 662 4101 968 4170; x_wconf 74' lang='lat' dir='ltr'><strong>ignoratum</strong></span> <span class='ocrx_word' id='word_1_390' title='bbox 985 4105 1209 4157; x_wconf 82' lang='lat' dir='ltr'><strong>omnino</strong></span> <span class='ocrx_word' id='word_1_391' title='bbox 1228 4104 1414 4170; x_wconf 78' lang='lat' dir='ltr'><strong>fuerit,</strong></span> <span class='ocrx_word' id='word_1_392' title='bbox 1440 4123 1543 4175; x_wconf 89' lang='lat' dir='ltr'><strong>qua</strong></span> <span class='ocrx_word' id='word_1_393' title='bbox 1562 4112 1790 4175; x_wconf 84' lang='lat' dir='ltr'><strong>ratione,</strong></span> 
     </span>
    </p>
   </div>
   <div class='ocr_carea' id='block_1_59' title="bbox 233 4188 1795 4257">
    <p class='ocr_par' dir='ltr' id='par_1_59' title="bbox 233 4188 1795 4257">
     <span class='ocr_line' id='line_1_59' title="bbox 233 4188 1795 4257; baseline 0.011 -17"><span class='ocrx_word' id='word_1_394' title='bbox 233 4188 450 4256; x_wconf 88' lang='lat' dir='ltr'><strong>veljam</strong></span> <span class='ocrx_word' id='word_1_395' title='bbox 485 4200 619 4255; x_wconf 90' lang='lat' dir='ltr'><strong>tum,</strong></span> <span class='ocrx_word' id='word_1_396' title='bbox 656 4195 739 4247; x_wconf 79' lang='lat' dir='ltr'><strong>vel</strong></span> <span class='ocrx_word' id='word_1_397' title='bbox 775 4197 938 4249; x_wconf 89' lang='lat' dir='ltr'><strong>etiam</strong></span> <span class='ocrx_word' id='word_1_398' title='bbox 968 4206 1125 4251; x_wconf 85' lang='lat' dir='ltr'><strong>antea</strong></span> <span class='ocrx_word' id='word_1_399' title='bbox 1178 4214 1245 4251; x_wconf 76' lang='lat' dir='ltr'><strong>ex</strong></span> <span class='ocrx_word' id='word_1_400' title='bbox 1287 4200 1428 4252; x_wconf 90' lang='lat' dir='ltr'><strong>illius</strong></span> <span class='ocrx_word' id='word_1_401' title='bbox 1460 4216 1553 4255; x_wconf 89' lang='lat' dir='ltr'><strong>seu</strong></span> <span class='ocrx_word' id='word_1_402' title='bbox 1586 4205 1795 4257; x_wconf 91' lang='lat' dir='ltr'><strong>tumulo</strong></span> 
     </span>
    </p>
   </div>
   <div class='ocr_carea' id='block_1_60' title="bbox 232 4289 1796 4356">
    <p class='ocr_par' dir='ltr' id='par_1_60' title="bbox 232 4289 1796 4356">
     <span class='ocr_line' id='line_1_60' title="bbox 232 4289 1796 4356; baseline 0.01 -23"><span class='ocrx_word' id='word_1_403' title='bbox 232 4296 331 4334; x_wconf 83' lang='lat' dir='ltr'><strong>seu</strong></span> <span class='ocrx_word' id='word_1_404' title='bbox 362 4297 590 4352; x_wconf 89' lang='lat' dir='ltr'><strong>corpore</strong></span> <span class='ocrx_word' id='word_1_405' title='bbox 620 4299 958 4356; x_wconf 76' lang='lat' dir='ltr'><strong>unguentum</strong></span> <span class='ocrx_word' id='word_1_406' title='bbox 1004 4304 1098 4343; x_wconf 88' lang='lat' dir='ltr'><strong>seu</strong></span> <span class='ocrx_word' id='word_1_407' title='bbox 1123 4289 1327 4355; x_wconf 89' lang='lat' dir='ltr'><strong>oleum,</strong></span> <span class='ocrx_word' id='word_1_408' title='bbox 1362 4294 1567 4347; x_wconf 89' lang='lat' dir='ltr'><strong>morbis</strong></span> <span class='ocrx_word' id='word_1_409' title='bbox 1598 4310 1796 4348; x_wconf 85' lang='lat' dir='ltr'><strong>sanan-</strong></span> 
     </span>
    </p>
   </div>
   <div class='ocr_carea' id='block_1_61' title="bbox 232 4373 1792 4453">
    <p class='ocr_par' dir='ltr' id='par_1_61' title="bbox 232 4373 1792 4453">
     <span class='ocr_line' id='line_1_61' title="bbox 232 4373 1792 4453; baseline 0.01 -28"><span class='ocrx_word' id='word_1_410' title='bbox 232 4373 319 4426; x_wconf 88' lang='lat' dir='ltr'><strong>dis</strong></span> <span class='ocrx_word' id='word_1_411' title='bbox 354 4375 611 4442; x_wconf 87' lang='lat' dir='ltr'><strong>salutare,</strong></span> <span class='ocrx_word' id='word_1_412' title='bbox 669 4380 1011 4445; x_wconf 72' lang='lat' dir='ltr'><strong>scaturiisée,</strong></span> <span class='ocrx_word' id='word_1_413' title='bbox 1050 4382 1239 4434; x_wconf 85' lang='lat' dir='ltr'><strong>resciri</strong></span> <span class='ocrx_word' id='word_1_414' title='bbox 1272 4393 1421 4436; x_wconf 89' lang='lat' dir='ltr'><strong>certo</strong></span> <span class='ocrx_word' id='word_1_415' title='bbox 1456 4395 1633 4453; x_wconf 81' lang='lat' dir='ltr'><strong>potest</strong></span> <span class='ocrx_word' id='word_1_416' title='bbox 1663 4387 1685 4439; x_wconf 88' lang='lat'><strong>?</strong></span> <span class='ocrx_word' id='word_1_417' title='bbox 1716 4392 1792 4440; x_wconf 80' lang='lat' dir='ltr'><strong>An</strong></span> 
     </span>
    </p>
   </div>
   <div class='ocr_carea' id='block_1_62' title="bbox 233 4462 1798 4540">
    <p class='ocr_par' dir='ltr' id='par_1_62' title="bbox 233 4462 1798 4540">
     <span class='ocr_line' id='line_1_62' title="bbox 233 4462 1798 4540; baseline 0.008 -24"><span class='ocrx_word' id='word_1_418' title='bbox 233 4462 420 4517; x_wconf 76' lang='lat' dir='ltr'><strong>forsan</strong></span> <span class='ocrx_word' id='word_1_419' title='bbox 463 4468 546 4519; x_wconf 84' lang='lat' dir='ltr'><strong>vel</strong></span> <span class='ocrx_word' id='word_1_420' title='bbox 572 4481 602 4520; x_wconf 88' lang='lat' dir='ltr'><strong>e</strong></span> <span class='ocrx_word' id='word_1_421' title='bbox 634 4469 945 4535; x_wconf 73' lang='lat' dir='ltr'><strong>traditione,</strong></span> <span class='ocrx_word' id='word_1_422' title='bbox 980 4471 1048 4523; x_wconf 88' lang='lat' dir='ltr'><strong>ab</strong></span> <span class='ocrx_word' id='word_1_423' title='bbox 1078 4471 1194 4540; x_wconf 89' lang='lat' dir='ltr'><strong>ipsa</strong></span> <span class='ocrx_word' id='word_1_424' title='bbox 1246 4472 1471 4527; x_wconf 83' lang='lat' dir='ltr'><strong>Joannis</strong></span> <span class='ocrx_word' id='word_1_425' title='bbox 1503 4474 1798 4530; x_wconf 80' lang='lat' dir='ltr'><strong>Thessalo-</strong></span> 
     </span>
    </p>
   </div>
   <div class='ocr_carea' id='block_1_63' title="bbox 1879 1988 3451 2057">
    <p class='ocr_par' dir='ltr' id='par_1_63' title="bbox 1879 1988 3451 2057">
     <span class='ocr_line' id='line_1_63' title="bbox 1879 1988 3451 2057; baseline 0.003 -16"><span class='ocrx_word' id='word_1_426' title='bbox 1879 2005 1995 2041; x_wconf 79' lang='lat' dir='ltr'><strong>rum</strong></span> <span class='ocrx_word' id='word_1_427' title='bbox 2064 1988 2199 2042; x_wconf 90' lang='lat' dir='ltr'><strong>libro</strong></span> <span class='ocrx_word' id='word_1_428' title='bbox 2231 2004 2351 2057; x_wconf 87' lang='lat' dir='ltr'><strong>cap.</strong></span> <span class='ocrx_word' id='word_1_429' title='bbox 2383 1991 2416 2042; x_wconf 72' lang='grc'><strong>4</strong></span> <span class='ocrx_word' id='word_1_430' title='bbox 2450 1990 2520 2043; x_wconf 89' lang='lat' dir='ltr'><strong>ita</strong></span> <span class='ocrx_word' id='word_1_431' title='bbox 2578 1990 2645 2045; x_wconf 93' lang='lat' dir='ltr'><strong>de</strong></span> <span class='ocrx_word' id='word_1_432' title='bbox 2698 1990 2976 2045; x_wconf 82' lang='lat' dir='ltr'><strong>Demetrio</strong></span> <span class='ocrx_word' id='word_1_433' title='bbox 3010 1991 3169 2047; x_wconf 89' lang='lat' dir='ltr'><strong>initio</strong></span> <span class='ocrx_word' id='word_1_434' title='bbox 3224 1992 3451 2046; x_wconf 86' lang='lat' dir='ltr'><strong>scribit:</strong></span> 
     </span>
    </p>
   </div>
   <div class='ocr_carea' id='block_1_64' title="bbox 1880 2076 3455 2151">
    <p class='ocr_par' dir='ltr' id='par_1_64' title="bbox 1880 2076 3455 2151">
     <span class='ocr_line' id='line_1_64' title="bbox 1880 2076 3455 2151; baseline 0.002 -17"><span class='ocrx_word' id='word_1_435' title='bbox 1880 2083 1955 2134; x_wconf 84' lang='grc' dir='ltr'>υὺ</span> <span class='ocrx_word' id='word_1_436' title='bbox 2000 2081 2265 2148; x_wconf 73' lang='grc' dir='ltr'><strong>σωμάτων</strong></span> <span class='ocrx_word' id='word_1_437' title='bbox 2317 2082 2370 2133; x_wconf 79' lang='grc' dir='ltr'>δὲ</span> <span class='ocrx_word' id='word_1_438' title='bbox 2424 2081 2582 2149; x_wconf 82' lang='grc' dir='ltr'>μόνον</span> <span class='ocrx_word' id='word_1_439' title='bbox 2624 2084 2854 2151; x_wconf 71' lang='grc' dir='ltr'><strong>ἰάμασιν</strong></span> <span class='ocrx_word' id='word_1_440' title='bbox 2882 2086 2910 2135; x_wconf 78' lang='grc'>6</span> <span class='ocrx_word' id='word_1_441' title='bbox 2960 2083 3270 2145; x_wconf 76' lang='grc' dir='ltr'><strong>καλλίνικος</strong></span> <span class='ocrx_word' id='word_1_442' title='bbox 3300 2076 3455 2145; x_wconf 70' lang='grc' dir='ltr'><strong>οὗτος</strong></span> 
     </span>
    </p>
   </div>
   <div class='ocr_carea' id='block_1_65' title="bbox 1881 2173 3463 2241">
    <p class='ocr_par' dir='ltr' id='par_1_65' title="bbox 1881 2173 3463 2241">
     <span class='ocr_line' id='line_1_65' title="bbox 1881 2173 3463 2241; baseline 0.004 -17"><span class='ocrx_word' id='word_1_443' title='bbox 1881 2173 2273 2240; x_wconf 71' lang='grc' dir='ltr'><strong>ἑναμὸλύνεται</strong></span> <span class='ocrx_word' id='word_1_444' title='bbox 2308 2173 2540 2241; x_wconf 75' lang='grc' dir='ltr'>μάρτυς,</span> <span class='ocrx_word' id='word_1_445' title='bbox 2575 2174 2712 2226; x_wconf 72' lang='grc' dir='ltr'><strong>ἀλλὰ</strong></span> <span class='ocrx_word' id='word_1_446' title='bbox 2735 2175 2849 2239; x_wconf 76' lang='grc' dir='ltr'><strong>καί,</strong></span> <span class='ocrx_word' id='word_1_447' title='bbox 2875 2184 2999 2230; x_wconf 79' lang='lat' dir='ltr'><strong>etc..</strong></span> <span class='ocrx_word' id='word_1_448' title='bbox 3017 2176 3235 2240; x_wconf 82' lang='lat' dir='ltr'><strong>Fateor,</strong></span> <span class='ocrx_word' id='word_1_449' title='bbox 3266 2176 3463 2231; x_wconf 67' lang='lat' dir='ltr'><strong>isthtrc</strong></span> 
     </span>
    </p>
   </div>
   <div class='ocr_carea' id='block_1_66' title="bbox 1882 2264 3456 2325">
    <p class='ocr_par' dir='ltr' id='par_1_66' title="bbox 1882 2264 3456 2325">
     <span class='ocr_line' id='line_1_66' title="bbox 1882 2264 3456 2325; baseline 0.004 -8"><span class='ocrx_word' id='word_1_450' title='bbox 1882 2265 2015 2318; x_wconf 89' lang='lat' dir='ltr'><strong>locis</strong></span> <span class='ocrx_word' id='word_1_451' title='bbox 2053 2266 2236 2321; x_wconf 88' lang='lat' dir='ltr'><strong>citatis</strong></span> <span class='ocrx_word' id='word_1_452' title='bbox 2287 2264 2529 2320; x_wconf 80' lang='lat' dir='ltr'><strong>Joannes</strong></span> <span class='ocrx_word' id='word_1_453' title='bbox 2561 2266 3075 2323; x_wconf 86' lang='lat' dir='ltr'><strong>Thessalonicensis</strong></span> <span class='ocrx_word' id='word_1_454' title='bbox 3116 2285 3456 2325; x_wconf 83' lang='lat' dir='ltr'><strong>commemo-</strong></span> 
     </span>
    </p>
   </div>
   <div class='ocr_carea' id='block_1_67' title="bbox 1883 2359 3459 2431">
    <p class='ocr_par' dir='ltr' id='par_1_67' title="bbox 1883 2359 3459 2431">
     <span class='ocr_line' id='line_1_67' title="bbox 1883 2359 3459 2431; baseline 0.003 -18"><span class='ocrx_word' id='word_1_455' title='bbox 1883 2368 1966 2413; x_wconf 88' lang='lat' dir='ltr'><strong>rat</strong></span> <span class='ocrx_word' id='word_1_456' title='bbox 1990 2378 2003 2424; x_wconf 86' lang='lat'><strong>;</strong></span> <span class='ocrx_word' id='word_1_457' title='bbox 2030 2376 2216 2413; x_wconf 83' lang='lat' dir='ltr'><strong>verum</strong></span> <span class='ocrx_word' id='word_1_458' title='bbox 2250 2376 2279 2412; x_wconf 90' lang='lat' dir='ltr'><strong>e</strong></span> <span class='ocrx_word' id='word_1_459' title='bbox 2312 2360 2552 2414; x_wconf 70' lang='lat' dir='ltr'><strong>testibus</strong></span> <span class='ocrx_word' id='word_1_460' title='bbox 2576 2359 2847 2424; x_wconf 86' lang='lat' dir='ltr'><strong>adductis,</strong></span> <span class='ocrx_word' id='word_1_461' title='bbox 2875 2361 2985 2431; x_wconf 87' lang='lat' dir='ltr'><strong>jam</strong></span> <span class='ocrx_word' id='word_1_462' title='bbox 3014 2362 3142 2416; x_wconf 86' lang='lat' dir='ltr'><strong>inde</strong></span> <span class='ocrx_word' id='word_1_463' title='bbox 3171 2378 3199 2415; x_wconf 93' lang='lat' dir='ltr'><strong>a</strong></span> <span class='ocrx_word' id='word_1_464' title='bbox 3230 2361 3459 2417; x_wconf 80' lang='lat' dir='ltr'><strong>Joannis</strong></span> 
     </span>
    </p>
   </div>
   <div class='ocr_carea' id='block_1_68' title="bbox 1884 2449 3457 2525">
    <p class='ocr_par' dir='ltr' id='par_1_68' title="bbox 1884 2449 3457 2525">
     <span class='ocr_line' id='line_1_68' title="bbox 1884 2449 3457 2525; baseline 0.003 -20"><span class='ocrx_word' id='word_1_465' title='bbox 1884 2449 2389 2506; x_wconf 82' lang='lat' dir='ltr'><strong>Thessalonicensis</strong></span> <span class='ocrx_word' id='word_1_466' title='bbox 2418 2462 2574 2507; x_wconf 67' lang='lat' dir='ltr'><strong>mtate</strong></span> <span class='ocrx_word' id='word_1_467' title='bbox 2600 2454 2872 2507; x_wconf 85' lang='lat' dir='ltr'><strong>autetiam</strong></span> <span class='ocrx_word' id='word_1_468' title='bbox 2897 2464 3023 2508; x_wconf 77' lang='lat' dir='ltr'><strong>ante</strong></span> <span class='ocrx_word' id='word_1_469' title='bbox 3044 2455 3188 2508; x_wconf 88' lang='lat' dir='ltr'><strong>illam</strong></span> <span class='ocrx_word' id='word_1_470' title='bbox 3211 2471 3457 2525; x_wconf 85' lang='lat' dir='ltr'><strong>unguen-</strong></span> 
     </span>
    </p>
   </div>
   <div class='ocr_carea' id='block_1_69' title="bbox 1889 2546 3459 2609">
    <p class='ocr_par' dir='ltr' id='par_1_69' title="bbox 1889 2546 3459 2609">
     <span class='ocr_line' id='line_1_69' title="bbox 1889 2546 3459 2609; baseline 0.003 -10"><span class='ocrx_word' id='word_1_471' title='bbox 1889 2554 2000 2599; x_wconf 91' lang='lat' dir='ltr'><strong>tum</strong></span> <span class='ocrx_word' id='word_1_472' title='bbox 2035 2561 2130 2600; x_wconf 91' lang='lat' dir='ltr'><strong>seu</strong></span> <span class='ocrx_word' id='word_1_473' title='bbox 2158 2546 2362 2609; x_wconf 89' lang='lat' dir='ltr'><strong>oleum,</strong></span> <span class='ocrx_word' id='word_1_474' title='bbox 2394 2546 2654 2601; x_wconf 86' lang='lat' dir='ltr'><strong>sanandis</strong></span> <span class='ocrx_word' id='word_1_475' title='bbox 2691 2546 2899 2601; x_wconf 88' lang='lat' dir='ltr'><strong>morbis</strong></span> <span class='ocrx_word' id='word_1_476' title='bbox 2924 2547 3185 2609; x_wconf 84' lang='lat' dir='ltr'><strong>salutare.</strong></span> <span class='ocrx_word' id='word_1_477' title='bbox 3217 2563 3249 2603; x_wconf 87' lang='lat' dir='ltr'><strong>e</strong></span> <span class='ocrx_word' id='word_1_478' title='bbox 3278 2551 3459 2605; x_wconf 86' lang='lat' dir='ltr'><strong>sancti</strong></span> 
     </span>
    </p>
   </div>
   <div class='ocr_carea' id='block_1_70' title="bbox 1887 2636 3460 2705">
    <p class='ocr_par' dir='ltr' id='par_1_70' title="bbox 1887 2636 3460 2705">
     <span class='ocr_line' id='line_1_70' title="bbox 1887 2636 3460 2705; baseline 0.003 -15"><span class='ocrx_word' id='word_1_479' title='bbox 1887 2636 2146 2691; x_wconf 90' lang='lat' dir='ltr'><strong>Demetrii</strong></span> <span class='ocrx_word' id='word_1_480' title='bbox 2178 2652 2275 2691; x_wconf 90' lang='lat' dir='ltr'><strong>seu</strong></span> <span class='ocrx_word' id='word_1_481' title='bbox 2313 2652 2544 2705; x_wconf 88' lang='lat' dir='ltr'><strong>corpore</strong></span> <span class='ocrx_word' id='word_1_482' title='bbox 2570 2652 2669 2690; x_wconf 81' lang='lat' dir='ltr'><strong>seu</strong></span> <span class='ocrx_word' id='word_1_483' title='bbox 2703 2637 2919 2691; x_wconf 91' lang='lat' dir='ltr'><strong>tumulo</strong></span> <span class='ocrx_word' id='word_1_484' title='bbox 2949 2638 3293 2703; x_wconf 84' lang='lat' dir='ltr'><strong>scaturiisse,</strong></span> <span class='ocrx_word' id='word_1_485' title='bbox 3323 2655 3460 2693; x_wconf 89' lang='lat' dir='ltr'><strong>con-</strong></span> 
     </span>
    </p>
   </div>
   <div class='ocr_carea' id='block_1_71' title="bbox 1887 2727 3457 2784">
    <p class='ocr_par' dir='ltr' id='par_1_71' title="bbox 1887 2727 3457 2784">
     <span class='ocr_line' id='line_1_71' title="bbox 1887 2727 3457 2784; baseline 0.002 -3"><span class='ocrx_word' id='word_1_486' title='bbox 1887 2727 2215 2782; x_wconf 89' lang='lat' dir='ltr'><strong>cludendum</strong></span> <span class='ocrx_word' id='word_1_487' title='bbox 2267 2743 2375 2780; x_wconf 91' lang='lat' dir='ltr'><strong>non</strong></span> <span class='ocrx_word' id='word_1_488' title='bbox 2434 2727 2667 2781; x_wconf 86' lang='lat' dir='ltr'><strong>videtur.</strong></span> <span class='ocrx_word' id='word_1_489' title='bbox 2719 2727 2855 2781; x_wconf 88' lang='lat' dir='ltr'><strong>Cum</strong></span> <span class='ocrx_word' id='word_1_490' title='bbox 2914 2728 3225 2782; x_wconf 73' lang='lat' dir='ltr'><strong>enini&#39;vox</strong></span> <span class='ocrx_word' id='word_1_491' title='bbox 3268 2727 3457 2784; x_wconf 60' lang='lat' dir='ltr'><strong>Greca</strong></span> 
     </span>
    </p>
   </div>
   <div class='ocr_carea' id='block_1_72' title="bbox 1888 2818 3457 2886">
    <p class='ocr_par' dir='ltr' id='par_1_72' title="bbox 1888 2818 3457 2886">
     <span class='ocr_line' id='line_1_72' title="bbox 1888 2818 3457 2886; baseline 0.002 -14"><span class='ocrx_word' id='word_1_492' title='bbox 1888 2819 2025 2886; x_wconf 74' lang='grc' dir='ltr'><strong>[αμα</strong></span> <span class='ocrx_word' id='word_1_493' title='bbox 2084 2834 2192 2872; x_wconf 91' lang='lat' dir='ltr'><strong>non</strong></span> <span class='ocrx_word' id='word_1_494' title='bbox 2260 2828 2473 2872; x_wconf 86' lang='lat' dir='ltr'><strong>tantum</strong></span> <span class='ocrx_word' id='word_1_495' title='bbox 2536 2818 3001 2882; x_wconf 83' lang='lat' dir='ltr'><strong>medicamentum,</strong></span> <span class='ocrx_word' id='word_1_496' title='bbox 3042 2836 3235 2874; x_wconf 85' lang='lat' dir='ltr'><strong>verum</strong></span> <span class='ocrx_word' id='word_1_497' title='bbox 3288 2821 3457 2876; x_wconf 88' lang='lat' dir='ltr'><strong>etiam</strong></span> 
     </span>
    </p>
   </div>
   <div class='ocr_carea' id='block_1_73' title="bbox 1889 2909 3455 2983">
    <p class='ocr_par' dir='ltr' id='par_1_73' title="bbox 1889 2909 3455 2983">
     <span class='ocr_line' id='line_1_73' title="bbox 1889 2909 3455 2983; baseline 0.003 -20"><span class='ocrx_word' id='word_1_498' title='bbox 1889 2909 2276 2963; x_wconf 87' lang='lat' dir='ltr'><strong>medicamenti</strong></span> <span class='ocrx_word' id='word_1_499' title='bbox 2320 2910 2573 2963; x_wconf 67' lang='lat' dir='ltr'><strong>edoctum</strong></span> <span class='ocrx_word' id='word_1_500' title='bbox 2632 2927 2727 2964; x_wconf 89' lang='lat' dir='ltr'><strong>seu</strong></span> <span class='ocrx_word' id='word_1_501' title='bbox 2776 2914 3109 2965; x_wconf 82' lang='lat' dir='ltr'><strong>sanationem</strong></span> <span class='ocrx_word' id='word_1_502' title='bbox 3154 2912 3455 2983; x_wconf 81' lang='lat' dir='ltr'><strong>signiﬁcet,</strong></span> 
     </span>
    </p>
   </div>
   <div class='ocr_carea' id='block_1_74' title="bbox 1893 3002 3460 3068">
    <p class='ocr_par' dir='ltr' id='par_1_74' title="bbox 1893 3002 3460 3068">
     <span class='ocr_line' id='line_1_74' title="bbox 1893 3002 3460 3068; baseline 0.004 -15"><span class='ocrx_word' id='word_1_503' title='bbox 1893 3002 2041 3068; x_wconf 91' lang='lat' dir='ltr'><strong>prior</strong></span> <span class='ocrx_word' id='word_1_504' title='bbox 2064 3016 2128 3054; x_wconf 81' lang='lat' dir='ltr'><strong>ex</strong></span> <span class='ocrx_word' id='word_1_505' title='bbox 2154 3002 2405 3055; x_wconf 85' lang='lat' dir='ltr'><strong>adductis</strong></span> <span class='ocrx_word' id='word_1_506' title='bbox 2438 3002 2615 3055; x_wconf 89' lang='lat' dir='ltr'><strong>tribus</strong></span> <span class='ocrx_word' id='word_1_507' title='bbox 2657 3003 2889 3056; x_wconf 90' lang='lat' dir='ltr'><strong>testibus</strong></span> <span class='ocrx_word' id='word_1_508' title='bbox 2919 3004 3023 3058; x_wconf 90' lang='lat' dir='ltr'><strong>hoc</strong></span> <span class='ocrx_word' id='word_1_509' title='bbox 3051 3004 3235 3067; x_wconf 92' lang='lat' dir='ltr'><strong>modo,</strong></span> <span class='ocrx_word' id='word_1_510' title='bbox 3278 3022 3298 3056; x_wconf 72' lang='grc' dir='ltr'><strong>ε</strong></span> <span class='ocrx_word' id='word_1_511' title='bbox 3359 3006 3460 3059; x_wconf 89' lang='lat' dir='ltr'><strong>Do-</strong></span> 
     </span>
    </p>
   </div>
   <div class='ocr_carea' id='block_1_75' title="bbox 1892 3091 3463 3166">
    <p class='ocr_par' dir='ltr' id='par_1_75' title="bbox 1892 3091 3463 3166">
     <span class='ocr_line' id='line_1_75' title="bbox 1892 3091 3463 3166; baseline 0.004 -23"><span class='ocrx_word' id='word_1_512' title='bbox 1892 3100 2074 3145; x_wconf 88' lang='lat' dir='ltr'><strong>natam</strong></span> <span class='ocrx_word' id='word_1_513' title='bbox 2101 3091 2198 3144; x_wconf 87' lang='lat' dir='ltr'><strong>tibi</strong></span> <span class='ocrx_word' id='word_1_514' title='bbox 2233 3091 2299 3145; x_wconf 89' lang='lat' dir='ltr'><strong>ab</strong></span> <span class='ocrx_word' id='word_1_515' title='bbox 2358 3096 2549 3146; x_wconf 91' lang='lat' dir='ltr'><strong>eodem</strong></span> <span class='ocrx_word' id='word_1_516' title='bbox 2607 3094 2952 3148; x_wconf 90' lang='lat' dir='ltr'><strong>curationum</strong></span> <span class='ocrx_word' id='word_1_517' title='bbox 3010 3098 3238 3166; x_wconf 83' lang='lat' dir='ltr'><strong>gratiam</strong></span> <span class='ocrx_word' id='word_1_518' title='bbox 3296 3113 3463 3166; x_wconf 89' lang='lat' dir='ltr'><strong>super</strong></span> 
     </span>
    </p>
   </div>
   <div class='ocr_carea' id='block_1_76' title="bbox 1895 3181 3459 3257">
    <p class='ocr_par' dir='ltr' id='par_1_76' title="bbox 1895 3181 3459 3257">
     <span class='ocr_line' id='line_1_76' title="bbox 1895 3181 3459 3257; baseline 0.004 -22"><span class='ocrx_word' id='word_1_519' title='bbox 1895 3198 1981 3236; x_wconf 88' lang='lat' dir='ltr'><strong>me</strong></span> <span class='ocrx_word' id='word_1_520' title='bbox 2010 3181 2244 3247; x_wconf 85' lang='lat' dir='ltr'><strong>eﬂ&#39;unde,</strong></span> <span class='ocrx_word' id='word_1_521' title='bbox 2293 3204 2308 3231; x_wconf 75' lang='grc' dir='ltr'><strong>ι</strong></span> <span class='ocrx_word' id='word_1_522' title='bbox 2344 3185 2620 3238; x_wconf 91' lang='lat' dir='ltr'><strong>secundus</strong></span> <span class='ocrx_word' id='word_1_523' title='bbox 2676 3186 2800 3248; x_wconf 92' lang='lat' dir='ltr'><strong>isto,</strong></span> <span class='ocrx_word' id='word_1_524' title='bbox 2840 3204 2859 3237; x_wconf 73' lang='grc' dir='ltr'><strong><em>ι</em></strong></span> <span class='ocrx_word' id='word_1_525' title='bbox 2894 3185 3129 3241; x_wconf 83' lang='lat' dir='ltr'><strong>Eﬂunde</strong></span> <span class='ocrx_word' id='word_1_526' title='bbox 3159 3204 3325 3257; x_wconf 79' lang='lat' dir='ltr'><strong>super</strong></span> <span class='ocrx_word' id='word_1_527' title='bbox 3371 3204 3459 3242; x_wconf 86' lang='lat' dir='ltr'><strong>me</strong></span> 
     </span>
    </p>
   </div>
   <div class='ocr_carea' id='block_1_77' title="bbox 1892 3275 3457 3350">
    <p class='ocr_par' dir='ltr' id='par_1_77' title="bbox 1892 3275 3457 3350">
     <span class='ocr_line' id='line_1_77' title="bbox 1892 3275 3457 3350; baseline 0.005 -23"><span class='ocrx_word' id='word_1_528' title='bbox 1892 3275 2319 3329; x_wconf 90' lang='lat' dir='ltr'><strong>misericordiam</strong></span> <span class='ocrx_word' id='word_1_529' title='bbox 2358 3284 2527 3340; x_wconf 90' lang='lat' dir='ltr'><strong>tuam,</strong></span> <span class='ocrx_word' id='word_1_530' title='bbox 2557 3278 3117 3350; x_wconf 88' lang='lat' dir='ltr'><strong>commiserantcsque</strong></span> <span class='ocrx_word' id='word_1_531' title='bbox 3146 3293 3268 3335; x_wconf 83' lang='lat' dir='ltr'><strong>tuas</strong></span> <span class='ocrx_word' id='word_1_532' title='bbox 3296 3296 3457 3335; x_wconf 84' lang='lat' dir='ltr'><strong>sana-</strong></span> 
     </span>
    </p>
   </div>
   <div class='ocr_carea' id='block_1_78' title="bbox 1889 3367 3458 3440">
    <p class='ocr_par' dir='ltr' id='par_1_78' title="bbox 1889 3367 3458 3440">
     <span class='ocr_line' id='line_1_78' title="bbox 1889 3367 3458 3440; baseline 0.004 -20"><span class='ocrx_word' id='word_1_533' title='bbox 1889 3367 2090 3429; x_wconf 87' lang='lat' dir='ltr'><strong>tiones,</strong></span> <span class='ocrx_word' id='word_1_534' title='bbox 2134 3386 2151 3418; x_wconf 79' lang='lat' dir='ltr'><strong>I</strong></span> <span class='ocrx_word' id='word_1_535' title='bbox 2184 3383 2246 3422; x_wconf 91' lang='lat' dir='ltr'><strong>ac</strong></span> <span class='ocrx_word' id='word_1_536' title='bbox 2278 3370 2474 3422; x_wconf 80' lang='lat' dir='ltr'><strong>tertius</strong></span> <span class='ocrx_word' id='word_1_537' title='bbox 2524 3370 2761 3438; x_wconf 91' lang='lat' dir='ltr'><strong>denique</strong></span> <span class='ocrx_word' id='word_1_538' title='bbox 2816 3375 3092 3440; x_wconf 83' lang='lat' dir='ltr'><strong>sequenti,</strong></span> <span class='ocrx_word' id='word_1_539' title='bbox 3136 3391 3153 3422; x_wconf 73' lang='grc' dir='ltr'>ι</span> <span class='ocrx_word' id='word_1_540' title='bbox 3189 3371 3307 3425; x_wconf 85' lang='lat' dir='ltr'><strong>Non</strong></span> <span class='ocrx_word' id='word_1_541' title='bbox 3366 3390 3458 3427; x_wconf 89' lang='lat' dir='ltr'><strong>so-</strong></span> 
     </span>
    </p>
   </div>
   <div class='ocr_carea' id='block_1_79' title="bbox 1891 3451 3455 3532">
    <p class='ocr_par' dir='ltr' id='par_1_79' title="bbox 1891 3451 3455 3532">
     <span class='ocr_line' id='line_1_79' title="bbox 1891 3451 3455 3532; baseline 0.003 -23"><span class='ocrx_word' id='word_1_542' title='bbox 1891 3455 2000 3509; x_wconf 90' lang='lat' dir='ltr'><strong>lum</strong></span> <span class='ocrx_word' id='word_1_543' title='bbox 2062 3465 2243 3510; x_wconf 87' lang='lat' dir='ltr'><strong>autem</strong></span> <span class='ocrx_word' id='word_1_544' title='bbox 2306 3472 2593 3526; x_wconf 88' lang='lat' dir='ltr'><strong>corporum</strong></span> <span class='ocrx_word' id='word_1_545' title='bbox 2651 3459 3029 3514; x_wconf 87' lang='lat' dir='ltr'><strong>sanationibus</strong></span> <span class='ocrx_word' id='word_1_546' title='bbox 3081 3467 3289 3532; x_wconf 68' lang='lat' dir='ltr'><strong>martyr</strong></span> <span class='ocrx_word' id='word_1_547' title='bbox 3346 3451 3455 3523; x_wconf 69' lang='lat' dir='ltr'><strong>ille,</strong></span> 
     </span>
    </p>
   </div>
   <div class='ocr_carea' id='block_1_80' title="bbox 1890 3547 3449 3616">
    <p class='ocr_par' dir='ltr' id='par_1_80' title="bbox 1890 3547 3449 3616">
     <span class='ocr_line' id='line_1_80' title="bbox 1890 3547 3449 3616; baseline 0.001 -17"><span class='ocrx_word' id='word_1_548' title='bbox 1890 3548 2137 3616; x_wconf 83' lang='lat' dir='ltr'><strong>pulchris</strong></span> <span class='ocrx_word' id='word_1_549' title='bbox 2166 3547 2407 3601; x_wconf 71' lang='lat' dir='ltr'><strong>victoriis</strong></span> <span class='ocrx_word' id='word_1_550' title='bbox 2468 3548 2886 3611; x_wconf 89' lang='lat' dir='ltr'><strong>condecoratus,</strong></span> <span class='ocrx_word' id='word_1_551' title='bbox 2927 3551 3190 3612; x_wconf 89' lang='lat' dir='ltr'><strong>abundat,</strong></span> <span class='ocrx_word' id='word_1_552' title='bbox 3217 3552 3311 3605; x_wconf 87' lang='lat' dir='ltr'><strong>sed</strong></span> <span class='ocrx_word' id='word_1_553' title='bbox 3342 3562 3449 3613; x_wconf 64' lang='lat' dir='ltr'><strong>ct,»</strong></span> 
     </span>
    </p>
   </div>
   <div class='ocr_carea' id='block_1_81' title="bbox 1890 3637 3057 3706">
    <p class='ocr_par' dir='ltr' id='par_1_81' title="bbox 1890 3637 3057 3706">
     <span class='ocr_line' id='line_1_81' title="bbox 1890 3637 3057 3706; baseline 0.004 -15"><span class='ocrx_word' id='word_1_554' title='bbox 1890 3650 2020 3698; x_wconf 89' lang='lat' dir='ltr'><strong>ctc.,</strong></span> <span class='ocrx_word' id='word_1_555' title='bbox 2052 3639 2105 3690; x_wconf 92' lang='lat' dir='ltr'><strong>in</strong></span> <span class='ocrx_word' id='word_1_556' title='bbox 2136 3638 2372 3706; x_wconf 78' lang='lat' dir='ltr'><strong>linguam</strong></span> <span class='ocrx_word' id='word_1_557' title='bbox 2415 3637 2661 3691; x_wconf 86' lang='lat' dir='ltr'><strong>Latinam</strong></span> <span class='ocrx_word' id='word_1_558' title='bbox 2696 3642 3057 3696; x_wconf 81' lang='lat' dir='ltr'><strong>convertitur.</strong></span> 
     </span>
    </p>
   </div>
   <div class='ocr_carea' id='block_1_82' title="bbox 1963 3729 3475 3804">
    <p class='ocr_par' dir='ltr' id='par_1_82' title="bbox 1963 3729 3475 3804">
     <span class='ocr_line' id='line_1_82' title="bbox 1963 3729 3475 3804; baseline 0.005 -21"><span class='ocrx_word' id='word_1_559' title='bbox 1963 3730 2083 3784; x_wconf 78' lang='lat' dir='ltr'><strong>l05.</strong></span> <span class='ocrx_word' id='word_1_560' title='bbox 2124 3729 2256 3791; x_wconf 84' lang='lat' dir='ltr'><strong>Nec,</strong></span> <span class='ocrx_word' id='word_1_561' title='bbox 2306 3731 2407 3783; x_wconf 84' lang='lat' dir='ltr'><strong>etsi</strong></span> <span class='ocrx_word' id='word_1_562' title='bbox 2470 3733 2793 3787; x_wconf 82' lang='lat' dir='ltr'><strong>vocabulum</strong></span> <span class='ocrx_word' id='word_1_563' title='bbox 2841 3734 3088 3789; x_wconf 70' lang='lat' dir='ltr'><strong>Graecum</strong></span> <span class='ocrx_word' id='word_1_564' title='bbox 3147 3735 3281 3804; x_wconf 71' lang='grc' dir='ltr'><strong>ἴαμα</strong></span> <span class='ocrx_word' id='word_1_565' title='bbox 3313 3735 3475 3790; x_wconf 66' lang='grc' dir='ltr'><strong>ἰάθητε</strong></span> 
     </span>
    </p>
   </div>
   <div class='ocr_carea' id='block_1_83' title="bbox 1893 3825 3456 3893">
    <p class='ocr_par' dir='ltr' id='par_1_83' title="bbox 1893 3825 3456 3893">
     <span class='ocr_line' id='line_1_83' title="bbox 1893 3825 3456 3893; baseline 0.004 -18"><span class='ocrx_word' id='word_1_566' title='bbox 1893 3839 2118 3893; x_wconf 70' lang='lat' dir='ltr'><strong>prorsus</strong></span> <span class='ocrx_word' id='word_1_567' title='bbox 2177 3825 2321 3891; x_wconf 89' lang='lat' dir='ltr'><strong>quod</strong></span> <span class='ocrx_word' id='word_1_568' title='bbox 2354 3825 2678 3878; x_wconf 70' lang='lat' dir='ltr'><strong>vocabulum</strong></span> <span class='ocrx_word' id='word_1_569' title='bbox 2707 3826 2957 3880; x_wconf 84' lang='lat' dir='ltr'><strong>Latinum</strong></span> <span class='ocrx_word' id='word_1_570' title='bbox 2991 3830 3312 3881; x_wconf 79' lang='lat' dir='ltr'><strong>medicamen</strong></span> <span class='ocrx_word' id='word_1_571' title='bbox 3360 3842 3456 3882; x_wconf 78' lang='lat' dir='ltr'><strong>seu</strong></span> 
     </span>
    </p>
   </div>
   <div class='ocr_carea' id='block_1_84' title="bbox 1895 3915 3459 3989">
    <p class='ocr_par' dir='ltr' id='par_1_84' title="bbox 1895 3915 3459 3989">
     <span class='ocr_line' id='line_1_84' title="bbox 1895 3915 3459 3989; baseline 0.003 -23"><span class='ocrx_word' id='word_1_572' title='bbox 1895 3915 2115 3976; x_wconf 82' lang='lat' dir='ltr'><strong>medela,</strong></span> <span class='ocrx_word' id='word_1_573' title='bbox 2174 3915 2225 3968; x_wconf 92' lang='lat' dir='ltr'><strong>in</strong></span> <span class='ocrx_word' id='word_1_574' title='bbox 2286 3916 2461 3967; x_wconf 87' lang='lat' dir='ltr'><strong>allatis</strong></span> <span class='ocrx_word' id='word_1_575' title='bbox 2511 3917 2749 3969; x_wconf 82' lang='lat' dir='ltr'><strong>textibus</strong></span> <span class='ocrx_word' id='word_1_576' title='bbox 2797 3919 3131 3985; x_wconf 77' lang='lat' dir='ltr'><strong>significare,</strong></span> <span class='ocrx_word' id='word_1_577' title='bbox 3183 3920 3459 3989; x_wconf 88' lang='lat' dir='ltr'><strong>tantisper</strong></span> 
     </span>
    </p>
   </div>
   <div class='ocr_carea' id='block_1_85' title="bbox 1894 4007 3462 4078">
    <p class='ocr_par' dir='ltr' id='par_1_85' title="bbox 1894 4007 3462 4078">
     <span class='ocr_line' id='line_1_85' title="bbox 1894 4007 3462 4078; baseline 0.003 -18"><span class='ocrx_word' id='word_1_578' title='bbox 1894 4009 2055 4060; x_wconf 83' lang='lat' dir='ltr'><strong>etiam</strong></span> <span class='ocrx_word' id='word_1_579' title='bbox 2090 4007 2421 4067; x_wconf 81' lang='lat' dir='ltr'><strong>dederimus.</strong></span> <span class='ocrx_word' id='word_1_580' title='bbox 2478 4009 2877 4061; x_wconf 81' lang='lat' dir='ltr'><strong>consectarium</strong></span> <span class='ocrx_word' id='word_1_581' title='bbox 2923 4020 3210 4078; x_wconf 85' lang='lat' dir='ltr'><strong>propterea</strong></span> <span class='ocrx_word' id='word_1_582' title='bbox 3243 4011 3370 4071; x_wconf 90' lang='lat' dir='ltr'><strong>erit,</strong></span> <span class='ocrx_word' id='word_1_583' title='bbox 3402 4019 3462 4065; x_wconf 88' lang='lat' dir='ltr'><strong>ut</strong></span> 
     </span>
    </p>
   </div>
   <div class='ocr_carea' id='block_1_86' title="bbox 1893 4098 3459 4169">
    <p class='ocr_par' dir='ltr' id='par_1_86' title="bbox 1893 4098 3459 4169">
     <span class='ocr_line' id='line_1_86' title="bbox 1893 4098 3459 4169; baseline 0.004 -17"><span class='ocrx_word' id='word_1_584' title='bbox 1893 4098 2134 4152; x_wconf 87' lang='lat' dir='ltr'><strong>Joannes</strong></span> <span class='ocrx_word' id='word_1_585' title='bbox 2164 4098 2677 4153; x_wconf 84' lang='lat' dir='ltr'><strong>Thessalonicensis</strong></span> <span class='ocrx_word' id='word_1_586' title='bbox 2706 4102 3030 4155; x_wconf 90' lang='lat' dir='ltr'><strong>miraculum</strong></span> <span class='ocrx_word' id='word_1_587' title='bbox 3064 4103 3331 4169; x_wconf 75' lang='lat' dir='ltr'><strong>unguenti</strong></span> <span class='ocrx_word' id='word_1_588' title='bbox 3363 4119 3459 4157; x_wconf 88' lang='lat' dir='ltr'><strong>seu</strong></span> 
     </span>
    </p>
   </div>
   <div class='ocr_carea' id='block_1_87' title="bbox 1895 4188 3461 4253">
    <p class='ocr_par' dir='ltr' id='par_1_87' title="bbox 1895 4188 3461 4253">
     <span class='ocr_line' id='line_1_87' title="bbox 1895 4188 3461 4253; baseline 0.003 -10"><span class='ocrx_word' id='word_1_589' title='bbox 1895 4191 2022 4244; x_wconf 87' lang='lat' dir='ltr'><strong>olei.</strong></span> <span class='ocrx_word' id='word_1_590' title='bbox 2054 4205 2083 4243; x_wconf 93' lang='lat' dir='ltr'><strong>e</strong></span> <span class='ocrx_word' id='word_1_591' title='bbox 2118 4188 2301 4242; x_wconf 82' lang='lat' dir='ltr'><strong>Sancti</strong></span> <span class='ocrx_word' id='word_1_592' title='bbox 2349 4191 2557 4244; x_wconf 90' lang='lat' dir='ltr'><strong>tumulo</strong></span> <span class='ocrx_word' id='word_1_593' title='bbox 2616 4194 2988 4253; x_wconf 87' lang='lat' dir='ltr'><strong>scaturientis,</strong></span> <span class='ocrx_word' id='word_1_594' title='bbox 3041 4194 3109 4247; x_wconf 92' lang='lat' dir='ltr'><strong>iis</strong></span> <span class='ocrx_word' id='word_1_595' title='bbox 3160 4193 3461 4249; x_wconf 84' lang='lat' dir='ltr'><strong>indicatum</strong></span> 
     </span>
    </p>
   </div>
   <div class='ocr_carea' id='block_1_88' title="bbox 1896 4283 3458 4354">
    <p class='ocr_par' dir='ltr' id='par_1_88' title="bbox 1896 4283 3458 4354">
     <span class='ocr_line' id='line_1_88' title="bbox 1896 4283 3458 4354; baseline 0 -16"><span class='ocrx_word' id='word_1_596' title='bbox 1896 4294 2044 4338; x_wconf 90' lang='lat' dir='ltr'><strong>certo</strong></span> <span class='ocrx_word' id='word_1_597' title='bbox 2074 4284 2325 4336; x_wconf 89' lang='lat' dir='ltr'><strong>voluerit.</strong></span> <span class='ocrx_word' id='word_1_598' title='bbox 2360 4283 2557 4346; x_wconf 86' lang='lat' dir='ltr'><strong>Quidni</strong></span> <span class='ocrx_word' id='word_1_599' title='bbox 2606 4285 2750 4337; x_wconf 90' lang='lat' dir='ltr'><strong>enim</strong></span> <span class='ocrx_word' id='word_1_600' title='bbox 2802 4302 2899 4354; x_wconf 91' lang='lat' dir='ltr'><strong>per</strong></span> <span class='ocrx_word' id='word_1_601' title='bbox 2933 4287 3312 4352; x_wconf 83' lang='lat' dir='ltr'><strong>medicamina,</strong></span> <span class='ocrx_word' id='word_1_602' title='bbox 3346 4296 3458 4340; x_wconf 88' lang='lat' dir='ltr'><strong>tum</strong></span> 
     </span>
    </p>
   </div>
   <div class='ocr_carea' id='block_1_89' title="bbox 1896 4373 3462 4446">
    <p class='ocr_par' dir='ltr' id='par_1_89' title="bbox 1896 4373 3462 4446">
     <span class='ocr_line' id='line_1_89' title="bbox 1896 4373 3462 4446; baseline 0.004 -20"><span class='ocrx_word' id='word_1_603' title='bbox 1896 4375 1951 4427; x_wconf 91' lang='lat' dir='ltr'><strong>in</strong></span> <span class='ocrx_word' id='word_1_604' title='bbox 1989 4375 2199 4427; x_wconf 91' lang='lat' dir='ltr'><strong>duobus</strong></span> <span class='ocrx_word' id='word_1_605' title='bbox 2234 4373 2473 4426; x_wconf 75' lang='lat' dir='ltr'><strong>testibus</strong></span> <span class='ocrx_word' id='word_1_606' title='bbox 2504 4373 2801 4441; x_wconf 85' lang='lat' dir='ltr'><strong>prioribus,</strong></span> <span class='ocrx_word' id='word_1_607' title='bbox 2845 4385 2959 4429; x_wconf 91' lang='lat' dir='ltr'><strong>tum</strong></span> <span class='ocrx_word' id='word_1_608' title='bbox 2986 4378 3151 4430; x_wconf 90' lang='lat' dir='ltr'><strong>etiam</strong></span> <span class='ocrx_word' id='word_1_609' title='bbox 3181 4378 3239 4431; x_wconf 89' lang='lat' dir='ltr'><strong>in</strong></span> <span class='ocrx_word' id='word_1_610' title='bbox 3279 4390 3462 4446; x_wconf 76' lang='lat' dir='ltr'><strong>poste-</strong></span> 
     </span>
    </p>
   </div>
   <div class='ocr_carea' id='block_1_90' title="bbox 1898 4464 3471 4534">
    <p class='ocr_par' dir='ltr' id='par_1_90' title="bbox 1898 4464 3471 4534">
     <span class='ocr_line' id='line_1_90' title="bbox 1898 4464 3471 4534; baseline 0.005 -16"><span class='ocrx_word' id='word_1_611' title='bbox 1898 4466 2048 4528; x_wconf 89' lang='lat' dir='ltr'><strong>riori,</strong></span> <span class='ocrx_word' id='word_1_612' title='bbox 2094 4466 2261 4534; x_wconf 89' lang='lat' dir='ltr'><strong>ipsam</strong></span> <span class='ocrx_word' id='word_1_613' title='bbox 2332 4466 2501 4518; x_wconf 82' lang='lat' dir='ltr'><strong>sancti</strong></span> <span class='ocrx_word' id='word_1_614' title='bbox 2556 4464 2812 4520; x_wconf 88' lang='lat' dir='ltr'><strong>Demetrii</strong></span> <span class='ocrx_word' id='word_1_615' title='bbox 2842 4469 3309 4532; x_wconf 84' lang='lat' dir='ltr'><strong>intercessionem,</strong></span> <span class='ocrx_word' id='word_1_616' title='bbox 3361 4487 3471 4526; x_wconf 62' lang='lat' dir='ltr'><strong>seu</strong></span> 
     </span>
    </p>
   </div>
   <div class='ocr_carea' id='block_1_91' title="bbox 232 4554 1808 4633">
    <p class='ocr_par' dir='ltr' id='par_1_91' title="bbox 232 4559 1792 4633">
     <span class='ocr_line' id='line_1_91' title="bbox 232 4559 1792 4633; baseline 0.008 -24"><span class='ocrx_word' id='word_1_617' title='bbox 232 4559 478 4612; x_wconf 69' lang='lat' dir='ltr'><strong>nit-ensis</strong></span> <span class='ocrx_word' id='word_1_618' title='bbox 498 4566 655 4614; x_wconf 70' lang='lat' dir='ltr'><strong>aetate</strong></span> <span class='ocrx_word' id='word_1_619' title='bbox 677 4570 771 4615; x_wconf 92' lang='lat' dir='ltr'><strong>aut</strong></span> <span class='ocrx_word' id='word_1_620' title='bbox 793 4563 956 4615; x_wconf 91' lang='lat' dir='ltr'><strong>etiam</strong></span> <span class='ocrx_word' id='word_1_621' title='bbox 991 4564 1154 4618; x_wconf 89' lang='lat' dir='ltr'><strong>citius</strong></span> <span class='ocrx_word' id='word_1_622' title='bbox 1180 4564 1416 4633; x_wconf 89' lang='lat' dir='ltr'><strong>incepta,</strong></span> <span class='ocrx_word' id='word_1_623' title='bbox 1444 4567 1527 4620; x_wconf 82' lang='lat' dir='ltr'><strong>vel</strong></span> <span class='ocrx_word' id='word_1_624' title='bbox 1555 4582 1584 4621; x_wconf 88' lang='lat' dir='ltr'><strong>e</strong></span> <span class='ocrx_word' id='word_1_625' title='bbox 1624 4569 1792 4622; x_wconf 87' lang='lat' dir='ltr'><strong>docu-</strong></span> 
     </span>
    </p>
   </div>
   <div class='ocr_carea' id='block_1_92' title="bbox 1881 4554 3462 4633">
    <p class='ocr_par' dir='ltr' id='par_1_92' title="bbox 1901 4554 3462 4625">
     <span class='ocr_line' id='line_1_92' title="bbox 1901 4554 3462 4625; baseline 0.007 -18"><span class='ocrx_word' id='word_1_626' title='bbox 1901 4557 2083 4625; x_wconf 87' lang='lat' dir='ltr'><strong>potius</strong></span> <span class='ocrx_word' id='word_1_627' title='bbox 2138 4556 2436 4623; x_wconf 84' lang='lat' dir='ltr'><strong>suppetias,</strong></span> <span class='ocrx_word' id='word_1_628' title='bbox 2492 4554 2679 4609; x_wconf 87' lang='lat' dir='ltr'><strong>Sancti</strong></span> <span class='ocrx_word' id='word_1_629' title='bbox 2731 4560 3039 4625; x_wconf 84' lang='lat' dir='ltr'><strong>patrocinio</strong></span> <span class='ocrx_word' id='word_1_630' title='bbox 3071 4570 3166 4614; x_wconf 91' lang='lat' dir='ltr'><strong>aut</strong></span> <span class='ocrx_word' id='word_1_631' title='bbox 3204 4562 3462 4618; x_wconf 77' lang='lat' dir='ltr'><strong>ferendas</strong></span> 
     </span>
    </p>
   </div>
   <div class='ocr_carea' id='block_1_93' title="bbox 235 4651 1798 4728">
    <p class='ocr_par' dir='ltr' id='par_1_93' title="bbox 235 4651 1798 4728">
     <span class='ocr_line' id='line_1_93' title="bbox 235 4651 1798 4728; baseline 0.006 -25"><span class='ocrx_word' id='word_1_632' title='bbox 235 4651 438 4704; x_wconf 84' lang='lat' dir='ltr'><strong>tuentis</strong></span> <span class='ocrx_word' id='word_1_633' title='bbox 476 4667 571 4705; x_wconf 88' lang='lat' dir='ltr'><strong>seu</strong></span> <span class='ocrx_word' id='word_1_634' title='bbox 609 4654 814 4722; x_wconf 87' lang='lat' dir='ltr'><strong>scripto</strong></span> <span class='ocrx_word' id='word_1_635' title='bbox 852 4670 946 4709; x_wconf 89' lang='lat' dir='ltr'><strong>seu</strong></span> <span class='ocrx_word' id='word_1_636' title='bbox 987 4655 1145 4710; x_wconf 91' lang='lat' dir='ltr'><strong>aliter</strong></span> <span class='ocrx_word' id='word_1_637' title='bbox 1174 4658 1242 4710; x_wconf 90' lang='lat' dir='ltr'><strong>ab</strong></span> <span class='ocrx_word' id='word_1_638' title='bbox 1294 4657 1378 4721; x_wconf 88' lang='lat' dir='ltr'><strong>iis,</strong></span> <span class='ocrx_word' id='word_1_639' title='bbox 1411 4659 1502 4725; x_wconf 95' lang='lat' dir='ltr'><strong>qui</strong></span> <span class='ocrx_word' id='word_1_640' title='bbox 1552 4659 1633 4710; x_wconf 84' lang='lat' dir='ltr'><strong>vel</strong></span> <span class='ocrx_word' id='word_1_641' title='bbox 1667 4660 1798 4728; x_wconf 85' lang='lat' dir='ltr'><strong>ipsi-</strong></span> 
     </span>
    </p>
   </div>
   <div class='ocr_carea' id='block_1_94' title="bbox 235 4744 1800 4805">
    <p class='ocr_par' dir='ltr' id='par_1_94' title="bbox 235 4744 1800 4805">
     <span class='ocr_line' id='line_1_94' title="bbox 235 4744 1800 4805; baseline 0.006 -10"><span class='ocrx_word' id='word_1_642' title='bbox 235 4754 350 4796; x_wconf 89' lang='lat' dir='ltr'><strong>mct</strong></span> <span class='ocrx_word' id='word_1_643' title='bbox 407 4744 595 4797; x_wconf 85' lang='lat' dir='ltr'><strong>eadem</strong></span> <span class='ocrx_word' id='word_1_644' title='bbox 653 4745 880 4799; x_wconf 88' lang='lat' dir='ltr'><strong>Joannis</strong></span> <span class='ocrx_word' id='word_1_645' title='bbox 942 4746 1447 4803; x_wconf 48' lang='lat' dir='ltr'><strong>Thessalonici&#39;nsis</strong></span> <span class='ocrx_word' id='word_1_646' title='bbox 1500 4761 1656 4804; x_wconf 75' lang='lat' dir='ltr'><strong>aetate</strong></span> <span class='ocrx_word' id='word_1_647' title='bbox 1707 4762 1800 4805; x_wconf 92' lang='lat' dir='ltr'><strong>aut</strong></span> 
     </span>
    </p>
   </div>
   <div class='ocr_carea' id='block_1_95' title="bbox 227 4835 1801 4908">
    <p class='ocr_par' dir='ltr' id='par_1_95' title="bbox 227 4835 1801 4908">
     <span class='ocr_line' id='line_1_95' title="bbox 227 4835 1801 4908; baseline 0.006 -21"><span class='ocrx_word' id='word_1_648' title='bbox 227 4835 404 4890; x_wconf 67' lang='lat' dir='ltr'><strong>vilius</strong></span> <span class='ocrx_word' id='word_1_649' title='bbox 434 4836 597 4890; x_wconf 89' lang='lat' dir='ltr'><strong>etiam</strong></span> <span class='ocrx_word' id='word_1_650' title='bbox 626 4836 963 4903; x_wconf 89' lang='lat' dir='ltr'><strong>ﬂoruissent,</strong></span> <span class='ocrx_word' id='word_1_651' title='bbox 998 4840 1083 4892; x_wconf 86' lang='lat' dir='ltr'><strong>vel</strong></span> <span class='ocrx_word' id='word_1_652' title='bbox 1111 4855 1223 4893; x_wconf 88' lang='lat' dir='ltr'><strong>rem</strong></span> <span class='ocrx_word' id='word_1_653' title='bbox 1259 4855 1289 4893; x_wconf 90' lang='lat' dir='ltr'><strong>a</strong></span> <span class='ocrx_word' id='word_1_654' title='bbox 1322 4841 1621 4908; x_wconf 85' lang='lat' dir='ltr'><strong>majoribus</strong></span> <span class='ocrx_word' id='word_1_655' title='bbox 1646 4844 1801 4896; x_wconf 77' lang='lat' dir='ltr'><strong>audi-</strong></span> 
     </span>
    </p>
   </div>
   <div class='ocr_carea' id='block_1_96' title="bbox 234 4927 1856 5002">
    <p class='ocr_par' dir='ltr' id='par_1_96' title="bbox 234 4927 1856 5002">
     <span class='ocr_line' id='line_1_96' title="bbox 234 4927 1856 5002; baseline 0.006 -25"><span class='ocrx_word' id='word_1_656' title='bbox 234 4930 471 4992; x_wconf 84' lang='lat' dir='ltr'><strong>vissent,</strong></span> <span class='ocrx_word' id='word_1_657' title='bbox 505 4927 572 4981; x_wconf 89' lang='lat' dir='ltr'><strong>ad</strong></span> <span class='ocrx_word' id='word_1_658' title='bbox 604 4930 979 4996; x_wconf 87' lang='lat' dir='ltr'><strong>posteritatem</strong></span> <span class='ocrx_word' id='word_1_659' title='bbox 1042 4931 1426 4986; x_wconf 78' lang='lat' dir='ltr'><strong>transmissis?</strong></span> <span class='ocrx_word' id='word_1_660' title='bbox 1458 4932 1655 4986; x_wconf 85' lang='lat' dir='ltr'><strong>Verum</strong></span> <span class='ocrx_word' id='word_1_661' title='bbox 1708 4934 1801 5002; x_wconf 90' lang='lat' dir='ltr'><strong>qui</strong></span> <span class='ocrx_word' id='word_1_662' title='bbox 1850 4983 1856 4993; x_wconf 81' lang='grc'><strong>,</strong></span> 
     </span>
    </p>
   </div>
   <div class='ocr_carea' id='block_1_97' title="bbox 235 5018 1805 5091">
    <p class='ocr_par' dir='ltr' id='par_1_97' title="bbox 235 5018 1805 5091">
     <span class='ocr_line' id='line_1_97' title="bbox 235 5018 1805 5091; baseline 0.004 -19"><span class='ocrx_word' id='word_1_663' title='bbox 235 5018 327 5073; x_wconf 81' lang='lat' dir='ltr'><strong>vel</strong></span> <span class='ocrx_word' id='word_1_664' title='bbox 359 5020 577 5073; x_wconf 88' lang='lat' dir='ltr'><strong>traditio</strong></span> <span class='ocrx_word' id='word_1_665' title='bbox 632 5021 712 5074; x_wconf 92' lang='lat' dir='ltr'><strong>vel</strong></span> <span class='ocrx_word' id='word_1_666' title='bbox 765 5022 1115 5084; x_wconf 88' lang='lat' dir='ltr'><strong>documenta,</strong></span> <span class='ocrx_word' id='word_1_667' title='bbox 1168 5024 1387 5091; x_wconf 78' lang='lat' dir='ltr'><strong>quibus,</strong></span> <span class='ocrx_word' id='word_1_668' title='bbox 1425 5038 1455 5077; x_wconf 93' lang='lat' dir='ltr'><strong>e</strong></span> <span class='ocrx_word' id='word_1_669' title='bbox 1494 5025 1668 5079; x_wconf 87' lang='lat' dir='ltr'><strong>sancti</strong></span> <span class='ocrx_word' id='word_1_670' title='bbox 1712 5026 1805 5078; x_wconf 89' lang='lat' dir='ltr'><strong>De-</strong></span> 
     </span>
    </p>
   </div>
   <div class='ocr_carea' id='block_1_98' title="bbox 240 5111 1803 5183">
    <p class='ocr_par' dir='ltr' id='par_1_98' title="bbox 240 5111 1803 5183">
     <span class='ocr_line' id='line_1_98' title="bbox 240 5111 1803 5183; baseline 0.002 -18"><span class='ocrx_word' id='word_1_671' title='bbox 240 5111 425 5165; x_wconf 88' lang='lat' dir='ltr'><strong>metrii</strong></span> <span class='ocrx_word' id='word_1_672' title='bbox 462 5126 690 5180; x_wconf 87' lang='lat' dir='ltr'><strong>corpore</strong></span> <span class='ocrx_word' id='word_1_673' title='bbox 743 5124 1077 5183; x_wconf 77' lang='lat' dir='ltr'><strong>unguentum</strong></span> <span class='ocrx_word' id='word_1_674' title='bbox 1133 5113 1245 5183; x_wconf 90' lang='lat' dir='ltr'><strong>jam</strong></span> <span class='ocrx_word' id='word_1_675' title='bbox 1304 5114 1427 5169; x_wconf 86' lang='lat' dir='ltr'><strong>inde</strong></span> <span class='ocrx_word' id='word_1_676' title='bbox 1483 5131 1512 5170; x_wconf 93' lang='lat' dir='ltr'><strong>a</strong></span> <span class='ocrx_word' id='word_1_677' title='bbox 1578 5114 1803 5169; x_wconf 88' lang='lat' dir='ltr'><strong>Joannis</strong></span> 
     </span>
    </p>
   </div>
   <div class='ocr_carea' id='block_1_99' title="bbox 240 5200 1802 5274">
    <p class='ocr_par' dir='ltr' id='par_1_99' title="bbox 240 5200 1802 5274">
     <span class='ocr_line' id='line_1_99' title="bbox 240 5200 1802 5274; baseline 0.003 -19"><span class='ocrx_word' id='word_1_678' title='bbox 240 5200 750 5258; x_wconf 84' lang='lat' dir='ltr'><strong>Thessalonicensis</strong></span> <span class='ocrx_word' id='word_1_679' title='bbox 795 5214 976 5268; x_wconf 67' lang='lat' dir='ltr'><strong>mtate,</strong></span> <span class='ocrx_word' id='word_1_680' title='bbox 1029 5205 1298 5274; x_wconf 87' lang='lat' dir='ltr'><strong>citiusque</strong></span> <span class='ocrx_word' id='word_1_681' title='bbox 1341 5206 1503 5259; x_wconf 83' lang='lat' dir='ltr'><strong>etiam</strong></span> <span class='ocrx_word' id='word_1_682' title='bbox 1544 5207 1802 5270; x_wconf 78' lang='lat' dir='ltr'><strong>stillasse,</strong></span> 
     </span>
    </p>
   </div>
   <div class='ocr_carea' id='block_1_100' title="bbox 240 5292 1806 5365">
    <p class='ocr_par' dir='ltr' id='par_1_100' title="bbox 240 5292 1806 5365">
     <span class='ocr_line' id='line_1_100' title="bbox 240 5292 1806 5365; baseline 0.004 -20"><span class='ocrx_word' id='word_1_683' title='bbox 240 5292 512 5345; x_wconf 90' lang='lat' dir='ltr'><strong>habeatur</strong></span> <span class='ocrx_word' id='word_1_684' title='bbox 562 5303 929 5361; x_wconf 83' lang='lat' dir='ltr'><strong>compertum.</strong></span> <span class='ocrx_word' id='word_1_685' title='bbox 982 5311 1135 5350; x_wconf 88' lang='lat' dir='ltr'><strong>suam</strong></span> <span class='ocrx_word' id='word_1_686' title='bbox 1168 5306 1375 5364; x_wconf 72' lang='lat' dir='ltr'><strong>queant</strong></span> <span class='ocrx_word' id='word_1_687' title='bbox 1400 5306 1648 5365; x_wconf 87' lang='lat' dir='ltr'><strong>tempore</strong></span> <span class='ocrx_word' id='word_1_688' title='bbox 1702 5298 1806 5351; x_wconf 91' lang='lat' dir='ltr'><strong>isto</strong></span> 
     </span>
    </p>
   </div>
   <div class='ocr_carea' id='block_1_101' title="bbox 240 5383 1805 5455">
    <p class='ocr_par' dir='ltr' id='par_1_101' title="bbox 240 5383 1805 5455">
     <span class='ocr_line' id='line_1_101' title="bbox 240 5383 1805 5455; baseline 0.001 -18"><span class='ocrx_word' id='word_1_689' title='bbox 240 5383 473 5437; x_wconf 81' lang='lat' dir='ltr'><strong>traxisse</strong></span> <span class='ocrx_word' id='word_1_690' title='bbox 499 5384 787 5453; x_wconf 75' lang='lat' dir='ltr'><strong>originem,</strong></span> <span class='ocrx_word' id='word_1_691' title='bbox 812 5387 855 5439; x_wconf 88' lang='lat' dir='ltr'><strong>si</strong></span> <span class='ocrx_word' id='word_1_692' title='bbox 884 5396 997 5442; x_wconf 90' lang='lat' dir='ltr'><strong>tum</strong></span> <span class='ocrx_word' id='word_1_693' title='bbox 1025 5387 1445 5449; x_wconf 87' lang='lat' dir='ltr'><strong>determinatus,</strong></span> <span class='ocrx_word' id='word_1_694' title='bbox 1464 5403 1570 5455; x_wconf 92' lang='lat' dir='ltr'><strong>quo</strong></span> <span class='ocrx_word' id='word_1_695' title='bbox 1592 5402 1805 5441; x_wconf 89' lang='lat' dir='ltr'><strong>sacrum</strong></span> 
     </span>
    </p>
   </div>
   <div class='ocr_carea' id='block_1_102' title="bbox 247 5472 1807 5545">
    <p class='ocr_par' dir='ltr' id='par_1_102' title="bbox 247 5472 1807 5545">
     <span class='ocr_line' id='line_1_102' title="bbox 247 5472 1807 5545; baseline -0.001 -16"><span class='ocrx_word' id='word_1_696' title='bbox 247 5472 383 5529; x_wconf 90' lang='lat' dir='ltr'><strong>illud</strong></span> <span class='ocrx_word' id='word_1_697' title='bbox 416 5473 612 5542; x_wconf 83' lang='lat' dir='ltr'><strong>pignus</strong></span> <span class='ocrx_word' id='word_1_698' title='bbox 654 5474 864 5543; x_wconf 89' lang='lat' dir='ltr'><strong>jaceret</strong></span> <span class='ocrx_word' id='word_1_699' title='bbox 923 5475 1289 5545; x_wconf 85' lang='lat' dir='ltr'><strong>reconditum,</strong></span> <span class='ocrx_word' id='word_1_700' title='bbox 1364 5475 1514 5529; x_wconf 90' lang='lat' dir='ltr'><strong>locus</strong></span> <span class='ocrx_word' id='word_1_701' title='bbox 1561 5477 1807 5539; x_wconf 88' lang='lat' dir='ltr'><strong>omnino,</strong></span> 
     </span>
    </p>
   </div>
   <div class='ocr_carea' id='block_1_103' title="bbox 243 5566 1807 5636">
    <p class='ocr_par' dir='ltr' id='par_1_103' title="bbox 243 5566 1807 5636">
     <span class='ocr_line' id='line_1_103' title="bbox 243 5566 1807 5636; baseline 0.001 -17"><span class='ocrx_word' id='word_1_702' title='bbox 243 5566 463 5636; x_wconf 86' lang='lat' dir='ltr'><strong>qualem</strong></span> <span class='ocrx_word' id='word_1_703' title='bbox 532 5566 681 5619; x_wconf 89' lang='lat' dir='ltr'><strong>illum</strong></span> <span class='ocrx_word' id='word_1_704' title='bbox 739 5568 1017 5622; x_wconf 80' lang='lat' dir='ltr'><strong>exstitisse</strong></span> <span class='ocrx_word' id='word_1_705' title='bbox 1056 5566 1294 5622; x_wconf 83' lang='lat' dir='ltr'><strong>Joannes</strong></span> <span class='ocrx_word' id='word_1_706' title='bbox 1349 5566 1807 5621; x_wconf 87' lang='lat' dir='ltr'><strong>Thessalonicen-</strong></span> 
     </span>
    </p>
   </div>
   <div class='ocr_carea' id='block_1_104' title="bbox 247 5658 1807 5727">
    <p class='ocr_par' dir='ltr' id='par_1_104' title="bbox 247 5658 1807 5727">
     <span class='ocr_line' id='line_1_104' title="bbox 247 5658 1807 5727; baseline -0.002 -13"><span class='ocrx_word' id='word_1_707' title='bbox 247 5662 322 5714; x_wconf 74' lang='lat' dir='ltr'><strong>sis</strong></span> <span class='ocrx_word' id='word_1_708' title='bbox 356 5658 559 5725; x_wconf 86' lang='lat' dir='ltr'><strong>prodit,</strong></span> <span class='ocrx_word' id='word_1_709' title='bbox 624 5660 844 5727; x_wconf 80' lang='lat' dir='ltr'><strong>ignotus</strong></span> <span class='ocrx_word' id='word_1_710' title='bbox 879 5659 1197 5715; x_wconf 67' lang='lat' dir='ltr'><strong>exstiterit?</strong></span> <span class='ocrx_word' id='word_1_711' title='bbox 1224 5659 1277 5713; x_wconf 91' lang='lat' dir='ltr'><strong>Id</strong></span> <span class='ocrx_word' id='word_1_712' title='bbox 1334 5660 1615 5713; x_wconf 86' lang='lat' dir='ltr'><strong>enimvero</strong></span> <span class='ocrx_word' id='word_1_713' title='bbox 1649 5668 1807 5727; x_wconf 88' lang='lat' dir='ltr'><strong>captu</strong></span> 
     </span>
    </p>
   </div>
   <div class='ocr_carea' id='block_1_105' title="bbox 248 5748 1811 5820">
    <p class='ocr_par' dir='ltr' id='par_1_105' title="bbox 248 5748 1811 5820">
     <span class='ocr_line' id='line_1_105' title="bbox 248 5748 1811 5820; baseline 0.001 -18"><span class='ocrx_word' id='word_1_714' title='bbox 248 5749 543 5803; x_wconf 70' lang='lat' dir='ltr'><strong>admodum</strong></span> <span class='ocrx_word' id='word_1_715' title='bbox 574 5748 792 5804; x_wconf 84' lang='lat' dir='ltr'><strong>diﬂicile</strong></span> <span class='ocrx_word' id='word_1_716' title='bbox 818 5752 950 5805; x_wconf 82' lang='lat' dir='ltr'><strong>mihi</strong></span> <span class='ocrx_word' id='word_1_717' title='bbox 981 5758 1224 5820; x_wconf 84' lang='lat' dir='ltr'><strong>apparet,</strong></span> <span class='ocrx_word' id='word_1_718' title='bbox 1259 5750 1545 5818; x_wconf 89' lang='lat' dir='ltr'><strong>oleumque</strong></span> <span class='ocrx_word' id='word_1_719' title='bbox 1582 5751 1811 5818; x_wconf 87' lang='lat' dir='ltr'><strong>proinde</strong></span> 
     </span>
    </p>
   </div>
   <div class='ocr_carea' id='block_1_106' title="bbox 253 5842 1806 5911">
    <p class='ocr_par' dir='ltr' id='par_1_106' title="bbox 253 5842 1806 5911">
     <span class='ocr_line' id='line_1_106' title="bbox 253 5842 1806 5911; baseline -0.001 -15"><span class='ocrx_word' id='word_1_720' title='bbox 253 5861 349 5896; x_wconf 81' lang='lat' dir='ltr'><strong>seu</strong></span> <span class='ocrx_word' id='word_1_721' title='bbox 378 5850 736 5911; x_wconf 66' lang='lat' dir='ltr'><strong>unguentum,</strong></span> <span class='ocrx_word' id='word_1_722' title='bbox 769 5846 973 5899; x_wconf 82' lang='lat' dir='ltr'><strong>morbis</strong></span> <span class='ocrx_word' id='word_1_723' title='bbox 992 5844 1247 5900; x_wconf 57' lang='lat' dir='ltr'><strong>sanandis</strong></span> <span class='ocrx_word' id='word_1_724' title='bbox 1275 5844 1411 5899; x_wconf 72' lang='lat' dir='ltr'><strong>salut</strong></span> <span class='ocrx_word' id='word_1_725' title='bbox 1434 5858 1531 5903; x_wconf 77' lang='lat' dir='ltr'><strong>-re,</strong></span> <span class='ocrx_word' id='word_1_726' title='bbox 1566 5858 1592 5895; x_wconf 87' lang='lat' dir='ltr'><strong>e</strong></span> <span class='ocrx_word' id='word_1_727' title='bbox 1622 5842 1806 5897; x_wconf 75' lang='lat' dir='ltr'><strong>Sancti</strong></span> 
     </span>
    </p>
   </div>
   <div class='ocr_carea' id='block_1_107' title="bbox 1904 4646 3465 4716">
    <p class='ocr_par' dir='ltr' id='par_1_107' title="bbox 1904 4646 3465 4716">
     <span class='ocr_line' id='line_1_107' title="bbox 1904 4646 3465 4716; baseline 0.006 -16"><span class='ocrx_word' id='word_1_728' title='bbox 1904 4648 2184 4700; x_wconf 91' lang='lat' dir='ltr'><strong>autetiam</strong></span> <span class='ocrx_word' id='word_1_729' title='bbox 2216 4646 2391 4713; x_wconf 89' lang='lat' dir='ltr'><strong>reipsa</strong></span> <span class='ocrx_word' id='word_1_730' title='bbox 2427 4647 2640 4701; x_wconf 75' lang='lat' dir='ltr'><strong>miseris</strong></span> <span class='ocrx_word' id='word_1_731' title='bbox 2660 4650 2857 4716; x_wconf 63' lang='lat' dir='ltr'><strong>sapius</strong></span> <span class='ocrx_word' id='word_1_732' title='bbox 2884 4652 3095 4714; x_wconf 87' lang='lat' dir='ltr'><strong>allatas,</strong></span> <span class='ocrx_word' id='word_1_733' title='bbox 3132 4653 3465 4710; x_wconf 78' lang='lat' dir='ltr'><strong>intellexisse</strong></span> 
     </span>
    </p>
   </div>
   <div class='ocr_carea' id='block_1_108' title="bbox 1906 4738 3467 4811">
    <p class='ocr_par' dir='ltr' id='par_1_108' title="bbox 1906 4738 3467 4811">
     <span class='ocr_line' id='line_1_108' title="bbox 1906 4738 3467 4811; baseline 0.008 -22"><span class='ocrx_word' id='word_1_734' title='bbox 1906 4739 2117 4807; x_wconf 86' lang='lat' dir='ltr'><strong>possit?</strong></span> <span class='ocrx_word' id='word_1_735' title='bbox 2144 4738 2422 4790; x_wconf 86' lang='lat' dir='ltr'><strong>Alterutro</strong></span> <span class='ocrx_word' id='word_1_736' title='bbox 2456 4755 2586 4792; x_wconf 78' lang='lat' dir='ltr'><strong>sane</strong></span> <span class='ocrx_word' id='word_1_737' title='bbox 2626 4756 2653 4792; x_wconf 92' lang='lat' dir='ltr'><strong>e</strong></span> <span class='ocrx_word' id='word_1_738' title='bbox 2699 4742 2807 4806; x_wconf 88' lang='lat' dir='ltr'><strong>jam</strong></span> <span class='ocrx_word' id='word_1_739' title='bbox 2839 4744 3127 4811; x_wconf 82' lang='lat' dir='ltr'><strong>assignatis</strong></span> <span class='ocrx_word' id='word_1_740' title='bbox 3168 4747 3344 4800; x_wconf 89' lang='lat' dir='ltr'><strong>modis</strong></span> <span class='ocrx_word' id='word_1_741' title='bbox 3373 4760 3467 4801; x_wconf 84' lang='lat' dir='ltr'><strong>aut</strong></span> 
     </span>
    </p>
   </div>
   <div class='ocr_carea' id='block_1_109' title="bbox 1904 4829 3464 4903">
    <p class='ocr_par' dir='ltr' id='par_1_109' title="bbox 1904 4829 3464 4903">
     <span class='ocr_line' id='line_1_109' title="bbox 1904 4829 3464 4903; baseline 0.006 -21"><span class='ocrx_word' id='word_1_742' title='bbox 1904 4831 2096 4882; x_wconf 82' lang='lat' dir='ltr'><strong>saltem</strong></span> <span class='ocrx_word' id='word_1_743' title='bbox 2156 4829 2283 4889; x_wconf 87' lang='lat' dir='ltr'><strong>alio,</strong></span> <span class='ocrx_word' id='word_1_744' title='bbox 2333 4845 2440 4898; x_wconf 86' lang='lat' dir='ltr'><strong>quo</strong></span> <span class='ocrx_word' id='word_1_745' title='bbox 2500 4832 2763 4899; x_wconf 80' lang='lat' dir='ltr'><strong>unguenti</strong></span> <span class='ocrx_word' id='word_1_746' title='bbox 2795 4831 2981 4887; x_wconf 90' lang='lat' dir='ltr'><strong>Sancti</strong></span> <span class='ocrx_word' id='word_1_747' title='bbox 3018 4850 3248 4903; x_wconf 91' lang='lat' dir='ltr'><strong>corpore</strong></span> <span class='ocrx_word' id='word_1_748' title='bbox 3282 4845 3464 4891; x_wconf 84' lang='lat' dir='ltr'><strong>scatu—</strong></span> 
     </span>
    </p>
   </div>
   <div class='ocr_carea' id='block_1_110' title="bbox 1905 4919 3465 4995">
    <p class='ocr_par' dir='ltr' id='par_1_110' title="bbox 1905 4919 3465 4995">
     <span class='ocr_line' id='line_1_110' title="bbox 1905 4919 3465 4995; baseline 0.006 -24"><span class='ocrx_word' id='word_1_749' title='bbox 1905 4919 2098 4972; x_wconf 89' lang='lat' dir='ltr'><strong>rientis</strong></span> <span class='ocrx_word' id='word_1_750' title='bbox 2121 4921 2430 4989; x_wconf 81' lang='lat' dir='ltr'><strong>prodigium</strong></span> <span class='ocrx_word' id='word_1_751' title='bbox 2488 4921 2632 4974; x_wconf 85' lang='lat' dir='ltr'><strong>haud</strong></span> <span class='ocrx_word' id='word_1_752' title='bbox 2689 4922 2975 4989; x_wconf 67' lang='lat' dir='ltr'><strong>asta-uitur,</strong></span> <span class='ocrx_word' id='word_1_753' title='bbox 3022 4934 3132 4979; x_wconf 89' lang='lat' dir='ltr'><strong>tres</strong></span> <span class='ocrx_word' id='word_1_754' title='bbox 3180 4942 3341 4995; x_wconf 87' lang='lat' dir='ltr'><strong>supra</strong></span> <span class='ocrx_word' id='word_1_755' title='bbox 3368 4927 3465 4980; x_wconf 84' lang='lat' dir='ltr'><strong>da-</strong></span> 
     </span>
    </p>
   </div>
   <div class='ocr_carea' id='block_1_111' title="bbox 1907 5010 3469 5086">
    <p class='ocr_par' dir='ltr' id='par_1_111' title="bbox 1907 5010 3469 5086">
     <span class='ocr_line' id='line_1_111' title="bbox 1907 5010 3469 5086; baseline 0.007 -25"><span class='ocrx_word' id='word_1_756' title='bbox 1907 5019 1991 5063; x_wconf 90' lang='lat' dir='ltr'><strong>tos</strong></span> <span class='ocrx_word' id='word_1_757' title='bbox 2037 5010 2271 5065; x_wconf 85' lang='lat' dir='ltr'><strong>Joannis</strong></span> <span class='ocrx_word' id='word_1_758' title='bbox 2324 5012 2838 5069; x_wconf 88' lang='lat' dir='ltr'><strong>Thessalonicensis</strong></span> <span class='ocrx_word' id='word_1_759' title='bbox 2891 5024 3070 5069; x_wconf 80' lang='lat' dir='ltr'><strong>textus</strong></span> <span class='ocrx_word' id='word_1_760' title='bbox 3098 5019 3469 5086; x_wconf 82' lang='lat' dir='ltr'><strong>explanandos</strong></span> 
     </span>
    </p>
   </div>
   <div class='ocr_carea' id='block_1_112' title="bbox 1905 5104 3468 5179">
    <p class='ocr_par' dir='ltr' id='par_1_112' title="bbox 1905 5104 3468 5179">
     <span class='ocr_line' id='line_1_112' title="bbox 1905 5104 3468 5179; baseline 0.006 -24"><span class='ocrx_word' id='word_1_761' title='bbox 1905 5117 2047 5165; x_wconf 88' lang='lat' dir='ltr'><strong>esse,</strong></span> <span class='ocrx_word' id='word_1_762' title='bbox 2084 5104 2163 5157; x_wconf 84' lang='lat' dir='ltr'><strong>vel</strong></span> <span class='ocrx_word' id='word_1_763' title='bbox 2184 5119 2249 5157; x_wconf 82' lang='lat' dir='ltr'><strong>ex</strong></span> <span class='ocrx_word' id='word_1_764' title='bbox 2282 5119 2348 5157; x_wconf 91' lang='lat' dir='ltr'><strong>eo</strong></span> <span class='ocrx_word' id='word_1_765' title='bbox 2380 5104 2573 5173; x_wconf 89' lang='lat' dir='ltr'><strong>liquet,</strong></span> <span class='ocrx_word' id='word_1_766' title='bbox 2603 5106 2767 5174; x_wconf 92' lang='lat' dir='ltr'><strong>quod,</strong></span> <span class='ocrx_word' id='word_1_767' title='bbox 2798 5122 2918 5159; x_wconf 90' lang='lat' dir='ltr'><strong>cum</strong></span> <span class='ocrx_word' id='word_1_768' title='bbox 2953 5106 3041 5161; x_wconf 90' lang='lat' dir='ltr'><strong>hic</strong></span> <span class='ocrx_word' id='word_1_769' title='bbox 3072 5109 3327 5178; x_wconf 88' lang='lat' dir='ltr'><strong>scriptor,</strong></span> <span class='ocrx_word' id='word_1_770' title='bbox 3361 5128 3468 5179; x_wconf 87' lang='lat' dir='ltr'><strong>quo</strong></span> 
     </span>
    </p>
   </div>
   <div class='ocr_carea' id='block_1_113' title="bbox 1904 5192 3469 5256">
    <p class='ocr_par' dir='ltr' id='par_1_113' title="bbox 1904 5192 3469 5256">
     <span class='ocr_line' id='line_1_113' title="bbox 1904 5192 3469 5256; baseline 0.006 -10"><span class='ocrx_word' id='word_1_771' title='bbox 1904 5192 2141 5249; x_wconf 90' lang='lat' dir='ltr'><strong>Sanctus</strong></span> <span class='ocrx_word' id='word_1_772' title='bbox 2173 5206 2360 5253; x_wconf 85' lang='lat' dir='ltr'><strong>noster</strong></span> <span class='ocrx_word' id='word_1_773' title='bbox 2387 5197 2632 5250; x_wconf 72' lang='lat' dir='ltr'><strong>ecclesiae</strong></span> <span class='ocrx_word' id='word_1_774' title='bbox 2658 5212 2770 5251; x_wconf 63' lang='lat' dir='ltr'><strong>sua</strong></span> <span class='ocrx_word' id='word_1_775' title='bbox 2800 5197 3310 5256; x_wconf 86' lang='lat' dir='ltr'><strong>Thessalonicensis</strong></span> <span class='ocrx_word' id='word_1_776' title='bbox 3349 5203 3469 5256; x_wconf 90' lang='lat' dir='ltr'><strong>loco</strong></span> 
     </span>
    </p>
   </div>
   <div class='ocr_carea' id='block_1_114' title="bbox 1907 5291 3469 5363">
    <p class='ocr_par' dir='ltr' id='par_1_114' title="bbox 1907 5291 3469 5363">
     <span class='ocr_line' id='line_1_114' title="bbox 1907 5291 3469 5363; baseline 0.004 -19"><span class='ocrx_word' id='word_1_777' title='bbox 1907 5291 2137 5359; x_wconf 89' lang='lat' dir='ltr'><strong>jacuerit</strong></span> <span class='ocrx_word' id='word_1_778' title='bbox 2171 5292 2507 5355; x_wconf 90' lang='lat' dir='ltr'><strong>reconditus,</strong></span> <span class='ocrx_word' id='word_1_779' title='bbox 2542 5292 2827 5362; x_wconf 83' lang='lat' dir='ltr'><strong>ignorarit,</strong></span> <span class='ocrx_word' id='word_1_780' title='bbox 2877 5305 3210 5363; x_wconf 85' lang='lat' dir='ltr'><strong>unguentum</strong></span> <span class='ocrx_word' id='word_1_781' title='bbox 3239 5311 3303 5348; x_wconf 80' lang='lat' dir='ltr'><strong>ex</strong></span> <span class='ocrx_word' id='word_1_782' title='bbox 3351 5297 3469 5363; x_wconf 82' lang='lat' dir='ltr'><strong>eius</strong></span> 
     </span>
    </p>
   </div>
   <div class='ocr_carea' id='block_1_115' title="bbox 1911 5381 3471 5450">
    <p class='ocr_par' dir='ltr' id='par_1_115' title="bbox 1911 5381 3471 5450">
     <span class='ocr_line' id='line_1_115' title="bbox 1911 5381 3471 5450; baseline 0.003 -15"><span class='ocrx_word' id='word_1_783' title='bbox 1911 5396 2141 5449; x_wconf 91' lang='lat' dir='ltr'><strong>corpore</strong></span> <span class='ocrx_word' id='word_1_784' title='bbox 2165 5381 2498 5441; x_wconf 87' lang='lat' dir='ltr'><strong>scaturiisse,</strong></span> <span class='ocrx_word' id='word_1_785' title='bbox 2531 5384 2871 5450; x_wconf 72' lang='lat' dir='ltr'><strong>exploratum</strong></span> <span class='ocrx_word' id='word_1_786' title='bbox 2906 5384 3071 5438; x_wconf 90' lang='lat' dir='ltr'><strong>etiam</strong></span> <span class='ocrx_word' id='word_1_787' title='bbox 3126 5385 3471 5440; x_wconf 80' lang='lat' dir='ltr'><strong>verosiniilli-</strong></span> 
     </span>
    </p>
   </div>
   <div class='ocr_carea' id='block_1_116' title="bbox 1910 5472 3468 5548">
    <p class='ocr_par' dir='ltr' id='par_1_116' title="bbox 1910 5472 3468 5548">
     <span class='ocr_line' id='line_1_116' title="bbox 1910 5472 3468 5548; baseline 0.003 -22"><span class='ocrx_word' id='word_1_788' title='bbox 1910 5488 1995 5526; x_wconf 93' lang='lat' dir='ltr'><strong>me</strong></span> <span class='ocrx_word' id='word_1_789' title='bbox 2046 5472 2189 5525; x_wconf 86' lang='lat' dir='ltr'><strong>haud</strong></span> <span class='ocrx_word' id='word_1_790' title='bbox 2240 5472 2510 5536; x_wconf 89' lang='lat' dir='ltr'><strong>habuerit,</strong></span> <span class='ocrx_word' id='word_1_791' title='bbox 2550 5474 2819 5544; x_wconf 89' lang='lat' dir='ltr'><strong>hujusque</strong></span> <span class='ocrx_word' id='word_1_792' title='bbox 2848 5476 3079 5545; x_wconf 87' lang='lat' dir='ltr'><strong>proinde</strong></span> <span class='ocrx_word' id='word_1_793' title='bbox 3129 5478 3363 5548; x_wconf 87' lang='lat' dir='ltr'><strong>prodigii</strong></span> <span class='ocrx_word' id='word_1_794' title='bbox 3411 5478 3468 5531; x_wconf 82' lang='lat' dir='ltr'><strong>in</strong></span> 
     </span>
    </p>
   </div>
   <div class='ocr_carea' id='block_1_117' title="bbox 1912 5566 3468 5634">
    <p class='ocr_par' dir='ltr' id='par_1_117' title="bbox 1912 5566 3468 5634">
     <span class='ocr_line' id='line_1_117' title="bbox 1912 5566 3468 5634; baseline 0.003 -15"><span class='ocrx_word' id='word_1_795' title='bbox 1912 5566 2346 5619; x_wconf 84' lang='lat' dir='ltr'><strong>allatistextibus</strong></span> <span class='ocrx_word' id='word_1_796' title='bbox 2377 5568 2715 5621; x_wconf 86' lang='lat' dir='ltr'><strong>mentionem</strong></span> <span class='ocrx_word' id='word_1_797' title='bbox 2747 5570 2889 5624; x_wconf 90' lang='lat' dir='ltr'><strong>haud</strong></span> <span class='ocrx_word' id='word_1_798' title='bbox 2926 5570 3138 5634; x_wconf 81' lang='lat' dir='ltr'><strong>iecerit,</strong></span> <span class='ocrx_word' id='word_1_799' title='bbox 3173 5573 3283 5625; x_wconf 90' lang='lat' dir='ltr'><strong>imo</strong></span> <span class='ocrx_word' id='word_1_800' title='bbox 3303 5572 3468 5625; x_wconf 85' lang='lat' dir='ltr'><strong>etiam</strong></span> 
     </span>
    </p>
   </div>
   <div class='ocr_carea' id='block_1_118' title="bbox 1912 5658 3467 5731">
    <p class='ocr_par' dir='ltr' id='par_1_118' title="bbox 1912 5658 3467 5731">
     <span class='ocr_line' id='line_1_118' title="bbox 1912 5658 3467 5731; baseline 0.004 -20"><span class='ocrx_word' id='word_1_801' title='bbox 1912 5673 1982 5711; x_wconf 85' lang='lat' dir='ltr'><strong>ne</strong></span> <span class='ocrx_word' id='word_1_802' title='bbox 2036 5658 2210 5712; x_wconf 80' lang='lat' dir='ltr'><strong>facere</strong></span> <span class='ocrx_word' id='word_1_803' title='bbox 2256 5658 2470 5723; x_wconf 84' lang='lat' dir='ltr'><strong>quidem</strong></span> <span class='ocrx_word' id='word_1_804' title='bbox 2527 5661 2787 5727; x_wconf 89' lang='lat' dir='ltr'><strong>potuerit.</strong></span> <span class='ocrx_word' id='word_1_805' title='bbox 2833 5664 3008 5731; x_wconf 80' lang='lat' dir='ltr'><strong>Atque</strong></span> <span class='ocrx_word' id='word_1_806' title='bbox 3048 5664 3142 5728; x_wconf 88' lang='lat' dir='ltr'><strong>ita,</strong></span> <span class='ocrx_word' id='word_1_807' title='bbox 3191 5663 3467 5725; x_wconf 83' lang='lat' dir='ltr'><strong>omnibus,</strong></span> 
     </span>
    </p>
   </div>
   <div class='ocr_carea' id='block_1_119' title="bbox 1915 5749 3470 5820">
    <p class='ocr_par' dir='ltr' id='par_1_119' title="bbox 1915 5749 3470 5820">
     <span class='ocr_line' id='line_1_119' title="bbox 1915 5749 3470 5820; baseline 0.005 -19"><span class='ocrx_word' id='word_1_808' title='bbox 1915 5764 2034 5817; x_wconf 69' lang='lat' dir='ltr'><strong>qua:</strong></span> <span class='ocrx_word' id='word_1_809' title='bbox 2085 5749 2193 5816; x_wconf 84' lang='lat' dir='ltr'><strong>jam</strong></span> <span class='ocrx_word' id='word_1_810' title='bbox 2251 5749 2389 5811; x_wconf 78' lang='lat' dir='ltr'><strong>dixi,</strong></span> <span class='ocrx_word' id='word_1_811' title='bbox 2440 5752 2716 5820; x_wconf 78' lang='lat' dir='ltr'><strong>expensis,</strong></span> <span class='ocrx_word' id='word_1_812' title='bbox 2776 5755 3016 5809; x_wconf 91' lang='lat' dir='ltr'><strong>nondum</strong></span> <span class='ocrx_word' id='word_1_813' title='bbox 3065 5770 3198 5810; x_wconf 88' lang='lat' dir='ltr'><strong>sane</strong></span> <span class='ocrx_word' id='word_1_814' title='bbox 3242 5754 3470 5809; x_wconf 82' lang='lat' dir='ltr'><strong>Joannis</strong></span> 
     </span>
    </p>
   </div>
   <div class='ocr_carea' id='block_1_120' title="bbox 1916 5840 3469 5915">
    <p class='ocr_par' dir='ltr' id='par_1_120' title="bbox 1916 5840 3469 5915">
     <span class='ocr_line' id='line_1_120' title="bbox 1916 5840 3469 5915; baseline 0.005 -23"><span class='ocrx_word' id='word_1_815' title='bbox 1916 5840 2418 5895; x_wconf 58' lang='lat' dir='ltr'><strong>Thessalonicensis</strong></span> <span class='ocrx_word' id='word_1_816' title='bbox 2443 5852 2617 5898; x_wconf 68' lang='lat' dir='ltr'><strong>:rtale.</strong></span> <span class='ocrx_word' id='word_1_817' title='bbox 2654 5846 2848 5900; x_wconf 80' lang='lat' dir='ltr'><strong>redum</strong></span> <span class='ocrx_word' id='word_1_818' title='bbox 2882 5857 3001 5902; x_wconf 59' lang='lat' dir='ltr'><strong>ante</strong></span> <span class='ocrx_word' id='word_1_819' title='bbox 3025 5847 3189 5904; x_wconf 66' lang='lat' dir='ltr'><strong>illam.</strong></span> <span class='ocrx_word' id='word_1_820' title='bbox 3232 5863 3469 5915; x_wconf 61' lang='lat' dir='ltr'><strong>unguen»</strong></span> 
     </span>
    </p>
   </div>
  </div>
