4218 6442
802 347 938 414 liii}

2112 362 2759 428 SUPPLEMENTUM.

3919 371 4052 436 1144

801 475 917 520 tum
943 483 1036 522 seu
1067 469 1246 523 oleum
1293 485 1323 525 e
1353 470 1535 526 Sancti
1572 489 1669 528 seu
1719 475 1950 542 tumulo,
1987 491 2084 530 seu
2131 493 2359 546 corpore
2388 485 2434 538 Α
2461 482 2792 553 alteramque
2818 485 2886 539 ab
2913 501 3203 558 anonymo,
3234 491 3325 558 qui
3360 489 3716 559 Metaplirasti
3750 488 4016 559 pernxit
4041 531 4058 548 .

802 559 1055 624 stillasse,
1094 561 1586 628 verosimillimum,
1633 581 1702 621 ne
1753 567 1928 622 dicam
1970 568 2361 635 indubitatum,

804 661 1050 718 apparet.
1089 651 1289 707 Verum
1321 670 1427 722 quo
1461 657 1681 711 tandem
1713 675 1845 728 ergo
1882 669 2128 730 tempore
2178 665 2362 732 prodi-

804 741 950 806 gium
1007 742 1150 796 istud
1186 744 1421 811 primum
1453 747 1686 816 ccepisse
1732 751 2087 805 statuemus?
2129 751 2366 806 Thessa-

806 831 1084 888 lonicense
1135 834 1394 893 Demetrii
1451 838 1709 907 templum
1777 841 1922 897 haud
1984 843 2186 898 dudum
2242 855 2368 913 post

803 920 1030 977 Joannis
1049 923 1550 984 Thessalonicensis
1564 930 1776 986 obitum
1803 949 1900 988 seu
1922 936 2120 990 saeculo
2132 938 2367 1004 septimo

807 1027 1126 1072 senescente
1179 1017 1412 1074 ﬂammis
1460 1021 1630 1077 fuisse
1685 1025 2036 1095 absumptum
2106 1027 2366 1096 aliudque

806 1109 927 1176 ejus
960 1110 1082 1165 Ioco
1120 1110 1288 1166 fuisse
1316 1123 1677 1176 exstructum,
1729 1131 1892 1185 supra
1934 1119 2189 1174 vidimus.
2223 1119 2365 1185 Quid

809 1201 853 1252 si
888 1215 1036 1271 ergo,
1073 1218 1194 1256 cum
1231 1219 1436 1260 novum
1505 1208 1647 1262 istud
1710 1207 2000 1264 editicium
2043 1211 2366 1282 erigeretur,

810 1302 1061 1362 terraque
1093 1294 1239 1350 hunc
1274 1297 1326 1349 iu
1364 1296 1522 1350 linem
1567 1299 1730 1352 variis
1755 1299 1886 1355 locis
1924 1299 2280 1370 eﬂ'oderetur,
2316 1315 2371 1360 et

809 1385 1048 1452 primum
1084 1383 1210 1441 tunc
1248 1403 1462 1443 sacrum
1490 1390 1745 1446 Demetrii
1778 1393 2152 1462 corpusfuerit
2177 1397 2369 1450 inven-

812 1485 924 1540 tum
961 1493 1056 1529 seu
1086 1478 1384 1542 detectum,
1409 1492 1462 1534 et
1502 1482 1679 1536 oleum
1705 1485 1862 1536 simul
1892 1500 1987 1538 seu
2009 1497 2367 1556 unguentum,

812 1569 1072 1624 sanandis
1105 1571 1308 1625 morbis
1344 1572 1606 1640 salutare,
1642 1589 1706 1628 ex
1753 1590 1820 1629 eo
1852 1579 2119 1632 scaturire
2153 1580 2371 1649 lncepe—

814 1660 878 1711 rit
910 1661 932 1711 τ

882 1749 1006 1803 I06.
1043 1751 1098 1805 Id
1132 1767 1265 1805 sane
1318 1753 1450 1806 mihi
1504 1755 1650 1809 haud
1697 1771 1922 1826 prorsus
1972 1776 2104 1815 vero
2144 1770 2371 1830 apparet

813 1839 1084 1904 absimile,
1124 1857 1222 1910 pro
1260 1853 1412 1896 certo
1435 1851 1616 1899 tamen
1647 1846 1730 1900 vei
1779 1847 1984 1903 idcirco
2018 1828 2231 1905 habere
2261 1865 2366 1905 non
2402 1828 2446 1887 Β

815 1933 1010 1992 ausim,
1048 1934 1192 2001 quod
1226 1943 1418 1988 auctor
1451 1952 1772 2006 anonymus,
1808 1942 1900 2009 qui
1934 1938 2161 1997 Joannis
2193 1943 2367 1998 Thes—

813 2023 1174 2078 salonicensis
1210 2026 1275 2078 de
1309 2026 1567 2081 Demetrii
1625 2031 1901 2106 miraculis
1935 2033 2368 2090 Iucubrationem

813 2116 1172 2181 continuavit,
1204 2118 1534 2188 seculoqne,
1569 2131 1621 2172 ut
1650 2137 1813 2191 supra
1843 2124 2027 2190 docui,
2059 2127 2146 2180 vel
2177 2136 2372 2181 octavo

815 2216 1160 2270 senescente,
1225 2209 1308 2262 vel
1339 2225 1487 2264 nono
1524 2213 1748 2268 ineunte
1803 2213 2006 2280 ﬂoruit,
2037 2218 2240 2272 nullam
2280 2234 2371 2274 us-

816 2296 960 2363 piam
1001 2297 1053 2349 in
1113 2297 1416 2366 miraculis,
1447 2299 1629 2355 Sancti
1691 2307 1862 2359 nostri
1917 2309 2219 2376 patrocinio
2275 2325 2372 2379 pa-

815 2389 998 2451 tratis,
1030 2405 1148 2458 qua:
1185 2400 1388 2455 narrat,
1443 2396 1704 2463 unguenti
1764 2411 1828 2450 ex
1864 2398 1984 2468 ejus
2037 2415 2136 2455 seu
2164 2403 2373 2456 tumulo

816 2495 910 2533 seu
967 2497 1196 2550 corpore
1252 2485 1559 2556 prodigiose
1627 2490 1980 2545 scaturientis
2039 2495 2371 2549 mentionem

815 2572 1001 2626 faciat.
1036 2574 1217 2628 Sancti
1269 2577 1486 2645 quidem
1535 2581 1796 2648 templum
1842 2583 2235 2640 lucubrationis
2265 2601 2376 2641 sua:

817 2679 913 2718 seu
948 2665 1322 2720 Hiraculorum
1349 2669 1688 2734 edendorum,
1722 2672 1820 2726 lib.
1855 2688 1915 2736 tt,
1969 2689 2089 2744 cap.
2125 2675 2181 2741 3,
2220 2687 2378 2730 vocat

820 2757 1223 2827 ῐαματοφόρονς
1277 2777 1460 2815 verum
1498 2779 1620 2816 cum
1655 2765 1976 2820 vocabulum
2030 2769 2168 2836 ἴαμα
2214 2783 2373 2822 sana-

816 2850 1023 2902 tionem
1057 2867 1208 2918 :eque
1267 2868 1428 2921 quam
1486 2855 1848 2920 medicamen,
1913 2856 1990 2910 uti
2041 2857 2149 2927 jam
2214 2873 2374 2928 supra

818 2941 1001 3005 docui,
1037 2942 1344 3012 signiticare
1375 2958 1559 3014 queat,
1597 2961 1726 3000 sane
1751 2963 1813 3001 ex
1845 2948 2109 3003 attributo
2137 2965 2234 3015 per
2256 2949 2367 3002 Iau-

820 3037 1005 3088 datum
1041 3053 1045 3056 λ
1087 3039 1408 3107 scriptorem
1491 3055 1819 3111 anonymum
1894 3040 2376 3096 Thessalonicensi

820 3131 995 3180 sancti
1050 3127 1310 3183 Demetrii
1369 3131 1612 3185 ecclesiae
1672 3132 1918 3200 epitheto
1986 3134 2444 3220 ἱαματοφόρος.ο

821 3227 1008 3286 utpote
1040 3222 1180 3286 quod
1209 3233 1315 3274 tatu
1347 3222 1422 3286 id,
1466 3224 1609 3292 quod
1641 3224 2005 3288 sanationem,
2038 3240 2199 3294 quam
2231 3226 2375 3291 quod

821 3313 1158 3366 medicamen
1191 3327 1285 3366 seu
1320 3315 1581 3368 medelam
1614 3315 1791 3379 alI'ert,
1832 3317 2139 3384 signiﬁcare
2191 3328 2375 3371 notum

822 3406 911 3465 sit,
944 3410 1095 3475 argui
1122 3421 1230 3459 non
1249 3417 1444 3475 potest,
1469 3409 1555 3461 vel
1586 3408 1877 3463 obscuram
1913 3411 2089 3478 ipsum
2117 3410 2379 3478 unguenti

821 3510 852 3548 c
884 3493 1069 3548 Sancti
1108 3498 1317 3551 tumulo
1378 3498 1686 3568 prodigiose
1743 3500 2095 3553 scaturientia
2143 3497 2380 3551 mentio-

825 3604 948 3641 nem
1003 3589 1182 3642 facere
1234 3590 1487 3644 voluisse.
1526 3589 1678 3654 Quod
1709 3605 1832 3643 cum
1889 3591 1961 3643 ita
1995 3590 2086 3651 sit,
2138 3590 2318 3643 oleum
2350 3605 2381 3643 e

825 3681 1013 3734 Sancti
1055 3680 1262 3734 tumulo
1289 3681 1400 3748 jam
1436 3681 1561 3735 inde
1596 3697 1624 3734 a
1679 3683 1876 3737 saaculo
1929 3692 2124 3737 octavo
2157 3684 2381 3736 ineunte

828 3786 920 3825 aut
973 3773 1136 3825 etiam
1191 3786 1516 3827 senescente
1554 3775 1787 3842 septimo
1826 3775 2134 3844 prodigiose
2175 3775 2382 3830 stillare

825 3869 1077 3934 caepisse,
1109 3877 1382 3936 utcunque
1431 3867 1648 3935 quidem
1695 3869 2028 3934 verosimile,
2063 3869 2380 3937 neutiquam

827 3971 1004 4012 tamen
1038 3969 1121 4013 est
1163 3969 1372 4012 certum
1431 3970 1592 4028 atque
1633 3959 2020 4012 indubitatum.
2051 3958 2188 4013 Hinc
2218 3975 2382 4028 porro

826 4052 1100 4119 simulque
1136 4067 1201 4104 ex
1239 4051 1381 4117 aliis,
1414 4067 1534 4121 qua:
1575 4067 1603 4104 e
1635 4050 1843 4104 Joanne
1875 4049 2187 4105 Cameuiata
2220 4066 2381 4120 supra

829 4142 1088 4204 disserui,
1117 4143 1224 4212 jam
1279 4142 1417 4205 ﬂuit,
1484 4153 1540 4195 ut
1571 4151 1720 4195 certo
1771 4143 1988 4209 quidem
2019 4143 2130 4212 jam
2165 4142 2289 4196 inde
2352 4159 2382 4195 a

829 4237 1029 4292 smculo
1063 4250 1229 4298 nono,
1261 4234 1507 4287 fortassis
1565 4222 1742 4288 autem
1789 4233 2051 4288 duntaxat
2104 4234 2210 4303 jam
2253 4235 2378 4288 inde

829 4332 990 4384 etiam
1019 4344 1047 4381 a
1085 4328 1282 4382 stcculo
1313 4337 1506 4380 octavo
1539 4335 1631 4378 aut
1665 4326 1898 4394 septimo
1924 4339 2257 4394 unguentum
2288 4341 2385 4379 seu

829 4423 1034 4483 oleum,
1071 4419 1333 4474 sanandis
1388 4419 1592 4471 morbis
1634 4417 1894 4480 salutare,
1933 4432 1962 4470 e
1993 4417 2166 4470 sancti
2195 4416 2385 4470 Deme-

2469 577 2864 646 conscriptani,
2889 577 3171 644 Leontius,
3197 580 3394 652 Illyrici
3421 583 3521 636 sub
3548 582 3730 637 seculi
3757 581 4058 650 quinti,nti

2468 685 2532 723 ea
2561 684 2724 738 supra
2759 669 2920 724 dictis
2967 681 3217 740 apparet,
3250 673 3467 726 initium
3513 673 3829 742 prafectus,
3872 670 4060 726 Thes-

2467 759 2731 824 salonica,
2763 775 2886 814 cum
2920 760 3032 828 jam
3063 762 3118 816 in
3161 763 3260 816 hac
3289 762 3825 818 civitate'ecclesiam
3859 773 4064 818 sancto

2466 852 2744 907 Demetrio
2779 855 3162 919 exstruxisset,
3193 853 3454 908 Sirmium
3490 856 3786 924 petiturus,
3834 866 4060 926 partem

2469 947 2780 1016 quampiam
2811 965 2839 1002 e
2869 949 3203 1002 sacrosancti
3245 941 3522 1020 martyris
3559 964 3796 1018 corpore
3839 957 4064 1004 statue-

2471 1049 2555 1092 rat
2583 1038 2847 1108 accipere,
2877 1037 3085 1108 fuitque
3107 1040 3176 1094 sb
3197 1041 3302 1095 hoc
3329 1041 3607 1110 praposito
3632 1057 3730 1110 per
3759 1040 4063 1103 Sanctum,

2469 1133 2525 1187 in
2559 1133 2768 1187 somnis
2804 1132 2906 1186 sibi
2943 1143 3321 1202 apparentem,
3352 1134 3676 1189 abstractus.
3711 1132 3949 1198 Fateor,
3983 1136 4065 1188 sic

2471 1224 2655 1280 liabet.
2714 1221 2913 1277 Verum
2949 1223 3127 1278 locum
3173 1223 3635 1286 determinatum,
3679 1239 3795 1294 quo
3828 1240 4064 1278 sacrum

2472 1315 2656 1370 Sancti
2717 1317 2894 1372 nostri
2948 1331 3148 1387 corpus
3194 1317 3420 1386 iaceret,
3478 1317 3714 1373 Leontio
3765 1318 4065 1388 cognitum

2470 1410 2658 1474 Iuisse,
2698 1418 2908 1465 certum
2947 1411 3074 1466 inde
3102 1425 3221 1465 esse
3252 1410 3397 1466 haud
3431 1420 3606 1480 potest
3636 1427 3649 1463 :
3677 1420 4067 1480 praterquam

2469 1500 2613 1556 enim
2651 1500 2798 1570 quod
2824 1500 2953 1554 illud
2987 1500 3200 1556 Leontii
3245 1502 3538 1557 consilium
3569 1503 3626 1556 'rn
3667 1502 4069 1555 Anastasianis

2469 1602 2527 1648 et
2560 1591 2844 1648 Pbotianis
2877 1592 3062 1648 Sancti
3106 1593 3262 1648 Actis
3296 1609 3408 1649 non
3454 1604 3822 1656 ntemoretur,
3869 1593 3927 1646 id
3961 1593 4068 1645 sibi

2471 1687 2634 1740 etiam
2669 1685 2965 1749 Leontius,
2997 1697 3121 1742 utut
3165 1686 3368 1752 locum,
3415 1702 3525 1756 quo
3576 1700 3803 1740 sacrum
3857 1686 4070 1754 pignus

2470 1775 2699 1844 jaceret,
2748 1777 2990 1830 nondum
3039 1787 3170 1830 tunc
3199 1785 3406 1839 nosset,
3452 1790 3691 1844 eumque
3724 1775 4010 1829 duntaxat
4037 1789 4066 1825 a

2475 1881 2616 1930 sese,
2659 1865 2899 1922 fossione
2932 1865 3109 1931 facta,
3151 1867 3432 1921 inventum
3469 1867 3554 1929 iri,
3608 1877 3892 1936 speraret,
3939 1881 4071 1934 pro-

2474 1959 2713 2028 positum
2742 1959 2915 2028 potuit
2945 1958 3167 2014 habere.
3201 1959 3334 2014 Utut
3376 1960 3468 2024 sit,
3517 1958 3718 2014 Jo:inni
3753 1957 4066 2012 Thessalo-

2473 2050 2683 2106 nicensi
2721 2051 2922 2120 pctius,
2971 2067 3132 2117 quam
3165 2050 3547 2121 Metaphrastaa
3572 2061 3630 2105 et
3672 2065 3985 2119 anonymo,
4037 2065 4068 2102 e

2472 2157 2583 2211 quo
2617 2141 2707 2196 bic
2737 2157 2836 2196 sua
2884 2142 3209 2210 desumpsit,
3249 2138 3507 2197 Dem'etrii
3540 2140 3876 2211 biograpbo,
3911 2151 4069 2194 stan-

2473 2235 2601 2291 dum
2645 2243 2764 2299 est,
2809 2233 3104 2303 Sanctique
3150 2232 3400 2304 proinde.
3449 2232 3716 2304 quidquid
3767 2231 3946 2286 etiam
4009 2233 4064 2284 hi

2473 2327 2733 2390 scribant,
2765 2342 2964 2396 corpus
3002 2342 3111 2380 non
3143 2327 3316 2395 prius,
3347 2341 3511 2394 quam
3559 2325 3770 2378 saeculo
3819 2327 4069 2392 septimo

2473 2428 2816 2483 senescente,
2866 2429 2962 2473 aut
3009 2418 3290 2486 sequentis
3335 2418 3492 2471 initio
3528 2416 3699 2471 fuisse
3747 2417 4066 2478 detectum,

2474 2511 2530 2566 in
2555 2510 2795 2564 animum
2832 2511 3052 2565 induco.
3086 2511 3262 2579 Atque
3311 2510 3364 2563 id
3397 2520 3528 2564 tunc
3561 2508 3796 2577 quidem
3849 2509 4067 2561 γενοςὶ-

2476 2602 2678 2656 tniliter
2716 2601 2999 2662 duntaxat,
3033 2611 3185 2654 certo
3213 2609 3395 2654 autem
3416 2639 3432 2663 ,
3471 2600 3548 2653 uti
3578 2615 3646 2653 ea
3679 2613 3863 2667 supra
3903 2599 4069 2652 dictis

2475 2707 2709 2763 pronum
2754 2702 2841 2746 est
2886 2691 3161 2761 colligere,
3218 2707 3327 2745 non
3379 2691 3552 2746 serius
3625 2706 3800 2762 quam
3858 2690 4068 2746 saeculo

2475 2800 2626 2839 nono
2658 2782 2859 2838 factum
2901 2782 3024 2838 fuit.

2549 2874 2672 2929 108.
2710 2873 2909 2927 Verum
2955 2887 3116 2938 anne,
3160 2884 3216 2926 ut
3251 2872 3317 2927 ad
3369 2872 3512 2927 aliud
3547 2872 3659 2941 jam
3702 2873 4066 2944 progrediar,

2478 2979 2690 3018 sacrum
2722 2964 2862 3018 istud
2895 2965 3092 3035 pignus
3123 2965 3178 3018 in
3209 2964 3439 3018 ecclesia
3467 2964 3668 3018 Sancto
3693 2979 3862 3018 sacra
3897 2981 4070 3033 penes

2481 3057 2998 3112 Thessalonicenses
3032 3073 3249 3127 semper
3275 3057 3533 3127 deinceps
3567 3059 3812 3112 mansit?
3848 3058 3911 3111 In
3947 3059 4070 3109 Vita

2482 3147 2654 3201 sancti
2681 3147 2958 3211 Lietberti,
2984 3147 3392 3203 Cameracensis
3420 3157 3475 3203 et
3515 3149 3916 3202 Atrebatensis
3946 3149 4065 3213 epi-

2480 3240 2647 3307 sc0pi,
2681 3240 2746 3292 ad
2772 3240 2842 3292 23
2877 3239 3030 3293 Junii
3061 3241 3225 3303 diem,
3258 3256 3365 3308 quo
3394 3239 3482 3293 hic
3513 3240 3738 3302 colitur,
3778 3239 3834 3292 in
3890 3255 4067 3306 opere

2479 3339 2666 3383 nostro
2692 3330 2927 3398 vulgata,
2956 3345 3074 3398 cap.
3104 3330 3158 3391 5,
3197 3346 3306 3398 quo
3351 3328 3542 3382 Sancti
3590 3329 3762 3396 bujus
3807 3331 4068 3396 episcopi

2481 3421 2583 3475 iter
2615 3421 3154 3490 liierosolymitanum
3187 3422 3532 3484 describitur,
3557 3422 4069 3475 lucubratiunculas

2483 3513 2627 3566 illius
2652 3523 2838 3565 auctor
2874 3511 3189 3582 Radulpbus
3213 3514 3283 3566 ita
3313 3513 3592 3566 memoria:
3628 3513 3815 3580 prodit
3850 3531 3866 3563 :
3907 3534 3926 3564 ι
3973 3513 4063 3565 In-

2482 3620 2698 3674 gressus
2747 3604 3083 3667 (Lietbertus
3127 3605 3344 3674 nempe)
3393 3605 3760 3666 Dalmatiam,
3811 3606 4066 3673 locisque

2485 3695 2813 3764 peragratis,
2861 3696 2914 3748 in
2954 3697 3149 3762 quibus
3195 3696 3322 3749 olim
3373 3696 3750 3749 Diocletianus
3805 3697 4066 3748 thermas

2480 3785 2797 3841 aediﬁcando
2816 3788 3027 3840 diversa
3057 3789 3249 3841 mortis
3277 3788 3534 3840 intulerat
3559 3787 3828 3856 supplic'a
3845 3789 4066 3841 Christi

2483 3878 2823 3948 martyribus.
2856 3893 3075 3932 cursum
3123 3880 3286 3932 vertit
3319 3877 3578 3932 Isauriam
3621 3893 3841 3932 versus.
3878 3880 4065 3942 Quam

2486 3970 2799 4037 preteriens
2855 3970 3077 4024 devenit
3123 3969 3472 4034 Corinthum,
3536 3971 3759 4037 illisque
3817 3973 4067 4023 aud2ens

2485 4061 2740 4116 Demetrii
2786 4062 2978 4124 sancti,
3031 4064 3172 4115 inter
3218 4071 3483 4130 martyres
3522 4060 3796 4130 praeclari,
3854 4076 4069 4127 corpus

2484 4153 2786 4222 quiescere.
2819 4152 3124 4221 sepulcrum
3157 4153 3279 4221 ejus
3307 4153 3552 4220 expetiit,
3593 4163 3820 4220 totoque
3855 4159 4068 4206 mentis

2487 4244 2682 4298 aIIectu
2726 4244 2930 4298 meritis
2964 4243 3132 4312 ipsius
3168 4242 3412 4296 divinum
3459 4243 3725 4296 auxilium
3763 4246 3997 4310 qumrit.
4043 4264 4061 4293 ι

2488 4334 2722 4389 Sanctus
2747 4334 3075 4397 Lietbertus.
3104 4335 3512 4390 Cameracensis
3532 4346 3695 4404 atque
3725 4337 4066 4389 Atrebate!)-

2488 4425 2562 4478 sis
2597 4427 2906 4494 episcopus,
2934 4426 3133 4480 sacqu
3157 4426 3470 4489 undecimo,
3495 4437 3684 4497 utpote
3707 4442 3857 4480 anno
3901 4428 4066 4489 5076,

833 4515 920 4566 trii
977 4529 1075 4566 seu
1110 4527 1339 4579 corpore
1394 4526 1489 4564 seu
1552 4511 1762 4564 tumqu
1795 4509 2099 4579 prodigiose
2145 4510 2380 4561 stillarit.
2411 4488 2463 4547 Ῑ)
2491 4517 2567 4569 uti
2603 4517 2743 4585 apud
2781 4531 2881 4568 nos
2917 4517 2982 4570 ad
3032 4517 3233 4570 dictum
3270 4515 3418 4570 Junii
3445 4518 3585 4572 diem
3617 4519 3806 4571 videre
3836 4521 4004 4579 ιιςει,
4039 4537 4068 4572 ε

834 4614 1008 4675 Atque
1042 4607 1152 4660 liazc
1176 4607 1285 4673 jam
1335 4606 1399 4657 de
1437 4619 1634 4673 magno
1689 4604 1796 4656 isto
1830 4603 2200 4669 continuoque
2225 4602 2386 4653 mira-

831 4702 954 4754 culo
989 4697 1311 4753 disseruisse
1348 4695 1614 4761 suﬂiciat;
1653 4711 1816 4757 nunc,
1865 4694 2121 4763 quoniam
2157 4694 2224 4748 de
2286 4693 2386 4746 De-

834 4792 1013 4844 metrii
1041 4804 1269 4858 corpore
1305 4788 1508 4841 mentio
1537 4787 1680 4841 haud
1711 4787 2030 4855 infrequens
2059 4785 2085 4855 §
2133 4786 2383 4855 praesenti

835 4886 976 4938 lat-ta
1036 4891 1136 4943 cst,
1171 4880 1428 4934 nonnulla
1485 4879 1680 4940 adhuc,
1730 4893 1852 4946 quae
1895 4878 1961 4931 de
2020 4879 2123 4931 hoc
2156 4877 2386 4930 dicenda

834 4984 1057 5036 t'cstant,
1097 4974 1183 5026 hic
1213 4973 1398 5034 etiam,
1431 4985 1498 5022 ne
1527 4984 1644 5038 quae
1671 4969 1962 5037 conjuncta
1988 4968 2387 5035 quodammodo

832 5076 980 5126 sunt,
1011 5066 1297 5133 sejunctim
1327 5069 1654 5121 tractentur,
1689 5058 1927 5127 expediri
1950 5069 2028 5111 est
2064 5073 2383 5111 consoaum.

910 5158 1026 5213 107.
1053 5159 1126 5210 Ac
1157 5156 1331 5225 primo
1356 5153 1572 5222 quidem
1607 5164 1819 5204 sacrum
1851 5149 1975 5202 illud
2010 5150 2227 5219 pignus,
2262 5165 2384 5203 cum

833 5250 1261 5311 determinatus,
1319 5260 1425 5313 quo
1473 5245 1523 5296 in
1566 5243 1741 5296 dicata
1786 5240 1984 5295 Sancto
2039 5241 2387 5295 Thessaloni-

833 5345 982 5399 ceusi
1035 5339 1261 5394 ecclesia
1307 5339 1512 5407 jacerct
1560 5334 1935 5394 reconditum,
1991 5336 2144 5388 locus
2181 5335 2385 5387 dudum

833 5439 1027 5491 fuisset
1059 5433 1383 5501 incognitus,
1415 5428 1684 5482 detectum
1729 5443 1837 5480 non
1882 5427 2054 5495 prius.
2087 5440 2121 5493 q
2147 5441 2250 5478 tam
2284 5442 2385 5479 saa-

835 5528 957 5580 culo
993 5523 1221 5593 septimo
1252 5532 1568 5576 senescente
1592 5529 1684 5572 aut
1706 5518 1984 5586 sequentis
2016 5519 2167 5569 initio
2197 5516 2383 5579 fuisse,

839 5617 919 5670 vel
953 5632 981 5670 e
1012 5615 1124 5669 solo
1152 5629 1302 5668 num.
1336 5611 1438 5665 I02
1472 5613 1574 5664 huc
1603 5610 1928 5675 transcripto
1963 5608 2186 5661 Joannis
2218 5607 2388 5660 Thes—

835 5706 1190 5762 salonicensis
1247 5703 1558 5758 testimonio
1612 5705 1785 5769 palam
1821 5710 1925 5751 est.
1986 5703 2049 5750 At
2103 5714 2250 5755 vero.
2306 5698 2387 5748 iti-

835 5803 1009 5871 quics,
1039 5799 1334 5855 secundum
1362 5793 1825 5866 Metaphrasticam
1849 5792 2028 5846 Sancti
2057 5790 2213 5844 I’as‘it
2241 5808 2381 5856 nem,

2488 4608 2623 4662 vivis
2673 4608 2936 4669 sublatus,
2978 4606 3189 4671 ﬂoruit;
3241 4625 3430 4677 quare,
3482 4611 3524 4663 si
3577 4611 3756 4662 verbis
3806 4614 4066 4664 rer-italis

2489 4715 2613 4754 vera
2666 4710 2930 4754 memoret
2963 4701 3300 4769 Radulplius.
3334 4711 3614 4769 totumque
3647 4704 3822 4755 sancti
3863 4705 4066 4757 Demc-

2492 4793 2575 4845 trii
2610 4807 2807 4860 corpus
2837 4793 3172 4846 intellectum
3207 4793 3458 4857 voluerit,
3493 4807 3714 4846 necesse
3758 4805 3866 4857 est,
3912 4808 3974 4849 ut
4016 4799 4063 4849 id

2489 4884 2689 4940 saecqu
2718 4884 3007 4937 undecimo
3055 4899 3161 4937 non
3196 4885 3432 4954 amplius
3461 4882 3870 4940 Thessalonica:
3908 4890 4064 4954 quie-

2488 4978 2647 5037 verit,
2679 4976 2769 5028 sed
2805 4975 2928 5028 inde
2957 4988 3050 5029 aut
3081 4976 3182 5030 hoc
3211 4977 3325 5046 ipso
3345 4977 3541 5030 sa'culo
3569 4987 3662 5029 aut
3696 4979 3867 5030 etiam
3899 4980 4061 5032 citius

2488 5065 2845 5129 Corinthum,
2889 5067 2977 5121 ubi
3037 5067 3087 5121 id
3136 5080 3359 5122 sanctus
3415 5068 3724 5121 Lietbertus
3777 5071 4058 5129 visitarit,

2489 5158 2650 5212 fuerit
2682 5161 3021 5213 translatum.
3062 5158 3255 5212 Verum
3306 5158 3682 5213 Henscbenius
3713 5172 3946 5220 noster,
4005 5163 4055 5213 in

2489 5250 2603 5305 suis
2636 5249 2689 5302 in
2724 5252 2947 5304 recitata
2985 5248 3252 5318 Radulplii
3288 5251 3449 5304 verba
3481 5249 3768 5302 Adnotatis
3813 5252 4054 5319 aliquam

2489 5341 2730 5396 auctoris
2757 5342 2940 5410 hujus.
2975 5343 3063 5409 qui
3103 5351 3359 5409 praeterea
3400 5339 3815 5399 Diocletianum.
3857 5351 4058 5409 marty-

2491 5434 2641 5487 ribus
2695 5434 2880 5488 labore
2928 5433 3260 5494 rnamrandis
3336 5432 3645 5492 intentum,
3694 5431 3948 5484 thermas
4007 5435 4054 5482 in

2493 5525 2752 5579 Dalmatia
2790 5529 3120 5578 exstruxisse
3142 5564 3157 5588 ,
3189 5540 3468 5594 perperam
3495 5538 3626 5576 sane
3663 5527 3867 5586 (neque
3912 5525 4053 5577 enim

2494 5618 2578 5671 ille
2610 5617 2658 5670 id
2692 5618 2786 5678 ibi,
2819 5617 2911 5670 sed
2945 5617 3128 5670 Roma:
3169 5615 3315 5682 fecit)
3353 5615 3626 5669 memoria
3666 5615 3868 5682 prodit.
3912 5617 4047 5667 circa

2495 5707 2606 5759 loca
2654 5706 2705 5759 in
2758 5716 2903 5760 tcxtu
2951 5707 3056 5760 huc
3110 5706 3436 5774 transcripta
3483 5705 3715 5757 indicata
3745 5747 3758 5766 ,
3798 5706 4046 5773 ignorat.-

2497 5799 2624 5852 ti.-nt
2683 5799 3014 5862 Shailititills,
3074 5797 3302 5851 fueritne
3355 5795 3528 5850 sancti
3564 5794 3821 5850 Demetrii
3858 5811 3986 5862 corp
4025 5809 4046 5846 s
