4218 6442
276 352 412 418 1145

1299 355 1361 420 S.
1405 356 1789 421 DEMETRII
1828 364 2225 427 MARTYRIS
2265 367 2477 427 ACTA.

3365 364 3505 430 1146

272 464 685 529 Thessalonica,
715 479 819 534 qua
848 464 905 520 in
931 465 1085 532 urbe,
1114 466 1261 534 quod
1284 480 1353 521 cx
1382 484 1449 534 eo
1492 480 1829 540 unguentum
1860 477 1905 532 Α
1938 486 2213 544 appareat.
2245 475 2467 530 Parisiis
2492 477 2542 529 in
2570 490 2731 543 parva
2762 478 3011 542 ecclesia,
3033 493 3155 547 quae
3188 480 3361 533 sancti
3386 479 3511 537 Dio-

271 555 543 609 medicum
594 554 919 620 scaturiret,
959 571 1156 624 magno
1201 559 1524 626 populorum
1565 576 1832 615 concursu

268 644 660 710 honorabatur,
690 644 1015 700 Corinthum
1068 648 1389 703 translatum
1415 691 1432 715 ,
1485 650 1830 721 diaquisitum

267 735 334 790 iri
369 735 435 789 ad
467 735 613 790 hunc
642 736 675 790 8
702 735 954 791 Octobris
981 738 1144 803 diem,
1176 741 1449 809 promisit.

340 828 461 882 109.
492 827 562 883 Ut
590 829 772 898 itaque
795 829 956 884 ﬁdem
983 831 1051 883 ab
1078 845 1143 885 eo
1173 831 1350 885 datam
1374 832 1621 896 liberem,
1649 834 1835 887 simul-

264 935 372 988 que
406 936 570 989 quam
605 921 830 986 merito,
862 938 929 975 an
980 921 1032 975 in
1079 922 1429 990 assignando.
1474 939 1582 993 quo
1611 938 1834 978 sanctus

265 1009 582 1063 Lietbertus
629 1012 800 1064 sancti
849 1011 1107 1065 Demetrii
1156 1027 1357 1081 corpus
1406 1013 1669 1077 visitavit,
1712 1014 1833 1067 loco

269 1102 588 1171 Radulphus
615 1103 977 1159 hallucinatus
1015 1104 1159 1158 haud
1207 1113 1302 1170 sit,
1334 1106 1386 1157 in
1429 1105 1719 1159 Adnotatis
1743 1122 1834 1159 su-

264 1209 362 1263 pra
399 1194 515 1249 citt.
545 1194 828 1258 dubitarit,
858 1195 1165 1261 ostendam,
1197 1196 1387 1251 lectori
1422 1197 1475 1251 in
1519 1199 1831 1252 memoriam

262 1302 483 1352 revoco,
530 1288 674 1356 quod
726 1304 880 1343 num.
942 1289 1008 1343 87
1052 1297 1108 1343 et
1145 1288 1320 1344 tribas
1362 1305 1515 1361 seqq.
1559 1290 1831 1360 integrum

265 1380 373 1434 huc
427 1382 790 1452 transcripsi,
826 1382 1248 1437 instrumentum
1286 1380 1582 1448 publicum.
1624 1384 1682 1438 In
1732 1383 1835 1437 hoc

263 1474 431 1530 enim.
465 1473 632 1543 quod,
677 1482 736 1528 ut
771 1473 975 1527 ibidem
1026 1474 1210 1538 docui,
1245 1474 1425 1528 saeuit
1460 1474 1604 1529 tertii
1639 1473 1834 1527 decimi

264 1567 420 1620 initio
468 1566 655 1619 datum
689 1565 911 1619 indubie
947 1564 1068 1629 fuit,
1108 1581 1307 1635 corpus
1358 1566 1532 1621 sancti
1576 1566 1834 1621 Demetrii

266 1670 399 1712 tunc
426 1657 627 1720 adhuc,
665 1671 789 1713 cum
830 1657 881 1711 id
910 1657 1152 1721 daretur,
1186 1656 1594 1711 Thessalonicae
1642 1657 1697 1711 in
1740 1671 1833 1711 ec-

264 1750 453 1811 clesia,
486 1748 613 1802 huic
646 1763 822 1810 sacra,
852 1747 1021 1801 fuisse
1052 1756 1410 1811 asservatum,
1451 1762 1560 1801 non
1601 1747 1832 1802 obscure

266 1840 588 1895 indicatur:
622 1838 766 1907 quod
807 1853 930 1891 cum
978 1836 1052 1893 ita
1090 1839 1179 1903 sit,
1222 1854 1325 1893 nec
1361 1840 1678 1909 quidquam,
1725 1858 1832 1911 quo

266 1931 467 1985 laudati
510 1930 856 1987 instrumenti
914 1929 1049 1985 ﬁdes
1095 1932 1363 1995 elevetnr,
1405 1933 1579 1999 possit
1625 1932 1829 1995 all‘erri,

266 2026 538 2094 integrum
565 2024 851 2079 enimvero
878 2038 1096 2079 sacrum
1134 2024 1267 2079 illud
1296 2026 1491 2095 pignus
1515 2026 1622 2095 jam
1652 2026 1776 2079 inde
1802 2041 1828 2077 a

264 2116 463 2169 seculo
496 2115 801 2181 undecimo,
824 2132 934 2186 quo
964 2118 1242 2171 visitatum
1278 2134 1309 2172 a
1341 2128 1535 2172 sancto
1563 2118 1832 2171 Lietberto

265 2209 401 2267 fuit.
452 2205 773 2263 Corinthum
823 2206 1208 2265 Thessalonica
1255 2208 1425 2265 fuisse
1471 2209 1833 2273 translatum,

266 2318 431 2357 nemo
456 2303 672 2363 dixerit.
697 2304 799 2358 nisi
824 2303 964 2358 forte
995 2304 1179 2371 simul,
1204 2307 1347 2375 quod
1381 2315 1561 2360 tamen
1590 2305 1782 2360 futuru-
1804 2325 1832 2357 η

269 2400 414 2452 haud
448 2412 591 2461 reor,
632 2396 800 2451 fuisse
846 2398 1010 2462 illud,
1057 2413 1179 2452 cum
1227 2398 1473 2452 Corinthi
1520 2399 1835 2467 aliquandiu

268 2489 469 2543 sarculo
506 2489 792 2543 undecimo
825 2498 875 2543 et
908 2490 1049 2544 forte
1082 2490 1245 2543 etiam
1279 2489 1525 2558 sequenti
1555 2490 1834 2559 iacuisset,

271 2575 715 2630 Thessalonicam
775 2577 901 2631 inde
960 2579 1157 2632 iterum
1221 2588 1540 2643 revectum,
1606 2580 1840 2633 volui-rit

271 2678 537 2724 astruere.
572 2669 639 2722 At
672 2683 823 2735 vero,
854 2670 1090 2739 inquies,
1122 2670 1170 2724 si
1211 2685 1300 2724 res
1341 2672 1414 2725 ita
1451 2672 1678 2732 habeat,
1728 2687 1838 2723 non

272 2770 506 2824 tantum,
530 2776 659 2814 num
678 2761 1069 2831 Radulphusin
1093 2762 1446 2832 assignando,
1471 2778 1582 2830 quo
1616 2772 1840 2816 sanctus

271 2852 586 2906 Liethertus
620 2869 830 2906 sacrum
864 2854 1038 2908 sancti
1074 2853 1333 2907 Demetrii
1383 2869 1581 2923 corpus
1613 2870 1839 2908 venera-

274 2954 365 3021 tus
391 2951 496 3003 est,
542 2942 661 2996 loco
703 2942 917 3006 errarit,
954 2942 1335 3010 ambigendum
1368 2953 1613 3012 apparet,
1645 2959 1839 2997 verum

273 3036 439 3088 etiam
485 3035 662 3103 reipsa
693 3034 839 3087 illum
872 3036 971 3088 hac
1006 3034 1056 3087 in
1088 3050 1144 3089 re
1168 3049 1288 3089 esse
1319 3034 1732 3098 hallucinatum,
1761 3035 1841 3089 in-

1938 570 2076 638 nysii
2116 569 2189 623 De
2240 569 2408 623 Passu
2435 569 2668 628 dicitur.
2694 578 2923 639 postque
2957 571 3240 625 ecclesiam
3271 575 3508 628 sanctis—

1936 663 2087 715 simae
2129 661 2223 715 Dei
2253 661 2517 715 Genitrici
2551 661 2752 714 ibidem
2788 675 3021 720 saerata.
3056 664 3154 714 sita
3188 672 3290 725 est,
3322 677 3504 720 sacras

1933 755 2217 822 quasdam,
2266 768 2402 822 quas
2452 755 2624 807 sancti
2668 754 2956 817 Demetrii,
3004 754 3202 807 ibidem
3250 772 3314 808 ex
3362 756 3502 811 infra

1934 847 2181 900 dicendis
2209 845 2361 908 culti,
2382 860 2502 899 esse
2533 845 2895 908 contendunt,
2925 847 3182 913 reliquias
3210 850 3500 911 asservari,

1936 936 2210 997 Bailletus.
2247 947 2374 991 tom.
2414 934 2480 991 Ill
2525 935 2761 989 Vitarum
2787 977 2800 1000 ,
2828 937 2935 991 col.
2966 936 3087 998 115,
3120 937 3376 1003 ail'irmat;
3413 956 3503 993 ve-

1936 1040 2055 1080 rum
2080 1042 2202 1081 cum
2233 1026 2320 1081 hic
2340 1027 2572 1094 scriptor
2593 1026 2892 1083 dubitantis
2914 1029 3178 1082 duntaxat
3204 1030 3255 1082 in
3284 1032 3499 1086 modum

1935 1118 2004 1171 de
2051 1134 2109 1171 re
2140 1119 2313 1171 isthac
2365 1118 2562 1172 ibidem
2600 1117 2873 1186 loquatur,
2927 1118 3122 1174 nedum
3170 1123 3503 1191 quidquam,

1934 1223 2042 1278 quo
2066 1222 2181 1261 eam
2208 1209 2468 1273 stabiliat,
2503 1212 2553 1263 in
2604 1210 2865 1272 medium,
2905 1210 2948 1262 si
3001 1212 3238 1267 delatum
3294 1215 3499 1271 ibidem

1936 1298 2211 1353 Demetrio
2241 1298 2448 1353 cultum
2485 1301 2789 1369 exceperis,
2824 1301 3081 1363 adducat.
3125 1305 3230 1356 alio
3262 1305 3412 1366 mihi,
3446 1314 3507 1359 ut

1934 1386 2107 1440 sancti
2132 1386 2385 1441 Demetrii
2420 1386 2680 1456 reliquias
2706 1400 2830 1457 post
2863 1387 3504 1447 smculum-undecinm'm

1935 1487 2025 1531 aut
2054 1479 2220 1532 etiam
2252 1480 2413 1534 citius
2444 1496 2569 1533 cum
2596 1480 2716 1533 aliis
2751 1482 3002 1537 ecclesiis
3057 1484 3226 1539 fuisse
3262 1501 3507 1539 commu-

1935 1572 2180 1634 nicatas,
2213 1571 2521 1625 verosimile
2571 1579 2849 1639 utcunque
2915 1573 3165 1635 eﬂiciam,
3221 1591 3505 1630 recurren-

1934 1661 2061 1715 dum
2093 1671 2199 1715 ost.
2231 1662 2336 1716 Sex
2378 1671 2691 1717 sanctorum
2727 1678 2954 1734 corpora
2986 1708 2999 1727 ,
3039 1666 3291 1722 videlicet
3326 1669 3505 1723 Theo-

1934 1753 2049 1808 dori
2074 1794 2089 1818 ,
2120 1754 2378 1808 Demetrii
2410 1764 2463 1809 et
2488 1755 2705 1825 Georgii
2743 1765 3071 1827 martyrum,
3102 1759 3293 1821 Floris,
3326 1760 3502 1815 Basilii

1932 1854 1988 1898 et
2040 1844 2348 1900 Salomonis
2378 1846 2679 1919 .Hungarim
2728 1847 2870 1916 regis
2937 1848 3349 1910 confessornm,
3406 1852 3505 1904 sub

1934 1937 2248 2007 particulari
2279 1937 2525 1991 ecclesiae
2552 1938 2888 1993 cathedralls
2915 1941 3065 1993 altari
3104 1941 3248 1994 ιθυιω
3274 1943 3324 1994 in
3351 1942 3504 1995 lstria

1934 2045 2075 2083 anno
2105 2030 2242 2083 1635
2277 2030 2444 2083 fuisse
2491 2032 2728 2092 inventa,
2762 2032 2905 2098 apud
2950 2049 3049 2085 nos
3105 2044 3235 2087 tom.
3282 2027 3373 2087 vn
3400 2034 3500 2097 Se-

1936 2117 2200 2186 ptembris
2230 2118 2281 2171 in
2320 2118 2577 2172 historico
2604 2120 2672 2172 de
2700 2120 2762 2172 li.
2797 2122 3105 2185 Salomone,
3134 2139 3162 2176 c
3191 2139 3315 2188 rege
3354 2126 3504 2177 llun-

1936 2210 2094 2281 garim
2116 2209 2363 2273 ere-uita,
2398 2226 2519 2284 pag.
2552 2196 2677 2277 818,
2720 2228 2749 2269 e
2778 2212 3133 2271 documentis
3178 2215 3507 2272 authenticis

1938 2304 2213 2372 probatur.
2253 2308 2613 2375 scqttentique
2644 2322 2769 2377 pag.
2813 2309 3088 2376 profertur
3117 2310 3277 2363 etiam
3310 2313 3508 2363 instru-

1938 2404 2178 2447 mentum
2205 2394 2503 2464 publicum.
2535 2410 2566 2449 e
2598 2412 2726 2465 quo,
2758 2413 2851 2451 sex
2895 2399 2983 2452 illa
3026 2414 3255 2467 corpora
3300 2401 3401 2453 sub
3430 2402 3507 2452 al-

1942 2485 2037 2539 tari
2078 2486 2169 2538 illo
2214 2500 2243 2537 a
2292 2485 2353 2538 D.
2393 2486 2654 2541 Michaele
2701 2486 2924 2551 Ursino,
2954 2490 3212 2557 episcoiio
3254 2490 3488 2555 Polcnsi,

1938 2590 2083 2628 anno
2112 2575 2247 2628 1487
2287 2576 2454 2629 fuisse
2485 2579 2753 2645 deposita,
2791 2580 3149 2634 indubitatum
3180 2582 3270 2635 sit.

2013 2664 2135 2718 111.
2170 2666 2304 2720 Cum
2355 2676 2534 2718 autem
2575 2667 2879 2721 Demetrius
2928 2681 3147 2738 martyr,
3192 2674 3242 2723 in
3303 2687 3501 2724 monu-

1942 2757 2141 2810 mentis
2195 2758 2299 2809 illis
2335 2770 2690 2823 tnetnoratus,
2743 2762 2956 2815 duobus
3007 2764 3127 2816 aliis
3180 2767 3508 2834 martyribus

1944 2848 2345 2911 celeberrimis,
2393 2850 2682 2905 Theodoro
2741 2852 2952 2907 scilicet
3000 2854 3087 2906 die
3142 2857 3169 2908 ’ἱ
3203 2854 3505 2921 Februarii,

1945 2948 1999 2993 et
2032 2940 2261 3010 Georgio
2292 2940 2380 2994 die
2405 2942 2473 2994 9.5
2505 2941 2708 3010 Aprilis
2766 2944 2916 2997 cultu
2954 2944 3323 2999 ecclesiastico
3370 2947 3503 2999 allec

1946 3029 2072 3093 etis,
2126 3029 2409 3099 jungatur,
2472 3031 2638 3098 hique
2673 3032 2855 3097 ambo,
2909 3034 3010 3099 uti,
3045 3051 3164 3104 quae
3211 3038 3278 3090 de
3315 3038 3506 3091 iisdent

274 3126 582 3178 dubitatum
611 3126 841 3180 videtur.
875 3125 1090 3188 Fateor,
1121 3128 1191 3180 ita
1220 3128 1442 3183 omnino
1467 3129 1836 3199 apparet,nisl
1871 3116 2014 3203 cad
2068 3118 2203 3170 duos
2264 3118 2381 3171 dies
2445 3118 2993 3186 il|08.disseruimu5.
3051 3135 3507 3193 commonstrat".

275 3219 420 3274 forte
452 3220 497 3271 is
526 3217 759 3287 scriptor
782 3259 797 3283 ,
826 3233 934 3272 non
985 3221 1053 3272 de
1105 3220 1318 3289 integro
1359 3220 1531 3274 sancti
1584 3220 1837 3274 Demetrii

274 3323 529 3377 corpore,
551 3307 695 3375 quod
719 3306 969 3362 Corinthi
997 3322 1024 3359 a
1053 3319 1243 3361 sancto
1271 3306 1541 3361 Lietberto
1568 3308 1839 3361 visitatum

274 3401 467 3461 fuerit,
503 3401 600 3455 sed
624 3401 691 3455 de
721 3400 865 3453 illius
895 3410 1050 3468 parte
1079 3401 1221 3467 10(ιυὶ
1255 3400 1523 3463 voluerit;
1554 3400 1703 3452 illum
1742 3413 1841 3450 au-

278 3502 391 3544 tem
441 3506 547 3543 non
594 3491 663 3543 de
709 3490 849 3545 sacri
898 3492 1140 3559 corporis
1190 3500 1351 3559 parte
1401 3499 1635 3552 tantum,
1680 3505 1839 3558 quam

275 3582 585 3636 Lietbertus
603 3579 850 3635 Corinthi
878 3592 1168 3636 veneratus
1192 3581 1373 3642 fuerit,
1409 3581 1549 3649 loqui
1582 3581 1838 3639 voluisse.

277 3675 376 3728 sed
421 3674 597 3742 potius
627 3672 951 3726 Corinthum
993 3686 1092 3740 pro
1125 3670 1512 3725 Thessalonica
1554 3686 1647 3740 per
1691 3686 1842 3724 erro-

283 3782 400 3821 rem
434 3764 740 3832 accepissc,
774 3763 1146 3816 verositnilius
1188 3763 1269 3815 vel
1296 3763 1496 3815 idcirco
1519 3777 1661 3822 reor,
1698 3761 1840 3830 quod

282 3858 643 3919 Lietbertum,
680 3854 1114 3925 Hierosolymam
1150 3863 1447 3922 petentem,
1498 3867 1565 3907 ex
1599 3852 1841 3923 Bulgaria

278 3951 336 4004 in
367 3948 707 4009 Dalmatiam,
733 3946 858 4000 inde
884 3946 937 3999 in
969 3945 1256 4010 Isauriam,
1297 3955 1408 3999 tum
1436 3944 1759 4000 Corinthum
1782 3959 1843 3997 ac

279 4042 501 4094 tandem
539 4038 857 4093 Laodiceam
891 4052 1011 4092 esse
1048 4036 1350 4107 profectum
1377 4078 1390 4101 ,
1425 4045 1842 4099 commemoret;

276 4131 565 4187 commode
604 4142 785 4183 autem
838 4132 938 4183 itcr
988 4144 1053 4184 ex
1105 4130 1350 4200 Bulgaria
1402 4129 1841 4183 Thessalonicam

276 4225 537 4291 dirigere,
573 4233 734 4291 atque
776 4223 903 4275 inde
950 4238 979 4277 e
1028 4232 1189 4291 portu
1236 4221 1515 4290 aptissimo
1552 4221 1605 4273 in
1638 4220 1843 4291 Syriam

276 4317 350 4371 ad
390 4318 576 4370 urbem
610 4315 931 4369 maritimam
959 4313 1281 4369 Laodiceam
1314 4315 1567 4383 navigare
1589 4312 1844 4382 potuerit,

280 4408 359 4463 uti
387 4409 496 4476 jam
552 4419 677 4461 ante
724 4422 811 4461 mc
868 4407 922 4460 in
970 4407 1260 4462 Adnmatis
1318 4421 1483 4475 supra
1533 4404 1847 4460 memoratis

276 4501 445 4554 ctiam
478 4499 783 4554 observavit
809 4498 1208 4554 Henscbenius.

352 4590 474 4644 110.
515 4594 688 4659 Atque
718 4589 973 4659 hincjam
1008 4591 1405 4645 consectarium
1431 4599 1538 4654 est,
1561 4599 1620 4644 ut
1645 4588 1847 4643 Radul-

280 4683 375 4751 pbi
408 4681 628 4743 laudati,
655 4680 748 4749 qui
784 4681 955 4735 sancti
988 4680 1249 4736 Lietbcrti
1282 4682 1479 4744 Vitam,
1512 4697 1574 4735 ac
1598 4681 1848 4735 nomina-

284 4775 381 4829 tim
414 4772 516 4826 iter
542 4773 660 4841 ejus
686 4770 1230 4840 Hierosolymitanum
1257 4772 1568 4841 descripsit,
1601 4772 1848 4826 testimo-

280 4872 435 4920 nium
459 4864 773 4933 neutiquam
807 4863 1034 4918 suﬂiciat
1055 4904 1072 4930 ,
1100 4874 1160 4918 ut
1179 4864 1446 4926 Corinthi,
1475 4878 1597 4917 cum
1627 4872 1848 4915 sanctus

282 4960 329 5011 is
381 4957 671 5025 episcopus
728 4954 1152 5025 Hierosolymam
1208 4964 1433 5022 peteret,
1495 4955 1575 5008 vel
1635 4964 1845 5023 partem

281 5051 448 5104 rtiam
480 5049 745 5101 duntaxat
774 5047 1020 5114 corporis
1058 5047 1231 5101 sancti
1280 5046 1536 5101 Demetrii
1571 5045 1847 5099 exstitisse

282 5140 591 5195 credamus.
618 5138 813 5192 Verum
832 5154 963 5191 num
984 5149 1107 5207 post
1131 5139 1323 5191 saltem
1350 5153 1506 5191 sacro
1532 5137 1842 5205 hujustnodi

287 5232 513 5301 pignore
544 5228 737 5283 civitas
772 5229 859 5280 illa
896 5227 996 5282 fuit
1029 5229 1236 5282 ditata?
1269 5228 1320 5282 ld
1346 5244 1464 5299 ego,
1496 5238 1616 5283 utut
1641 5245 1670 5282 e
1700 5228 1847 5281 nullo

284 5335 505 5393 prorsus
522 5320 848 5375 documento
866 5318 1121 5373 aﬂirmari
1151 5330 1332 5388 queat,
1367 5320 1736 5373 indubitanter
1766 5329 1845 5371 ta-

285 5429 413 5468 men
446 5426 645 5482 negare
696 5427 807 5466 non
858 5413 1057 5476 ausim,
1090 5412 1325 5465 maxime
1357 5412 1499 5479 quod
1534 5420 1654 5479 post
1679 5426 1845 5463 secu-

288 5506 397 5559 lum
429 5503 776 5557 undecimum
804 5542 819 5564 ,
846 5518 955 5571 quo
982 5512 1204 5557 sanctus
1255 5501 1561 5556 Lietbertus
1590 5501 1843 5555 Hieroso-

286 5599 483 5664 lymam
518 5595 688 5661 petiit.
719 5603 813 5647 aut
847 5594 985 5648 forte
1009 5597 1172 5648 etiam
1204 5595 1387 5656 citius,
1423 5595 1632 5661 aliquas
1656 5594 1843 5646 saltem

286 5688 459 5741 sancti
494 5685 748 5738 Demetrii
782 5685 1037 5753 reliquias
1077 5685 1243 5739 fuisse
1271 5686 1557 5738 distractas
1594 5699 1686 5736 seu
1719 5699 1842 5736 cum

288 5779 407 5832 aliis
447 5776 691 5832 ccclesiis
722 5777 1166 5845 communicatae,
1200 5793 1259 5831 ex
1288 5777 1389 5847 jam
1427 5792 1570 5831 nunc
1602 5776 1843 5829 dicendis

1893 4966 1901 4975 ·
1950 4950 2150 5003 ibidem
2218 4950 2521 5011 memorati,
2579 4964 2696 5011 seu,
2753 4958 2811 5001 ut
2862 4949 3167 5001 verosimile
3220 4963 3283 5002 ex

1946 3223 2045 3277 pro
2101 3209 2536 3265 Christianorum
2595 3212 2647 3264 in
2682 3213 2824 3267 bello
2856 3216 3105 3282 patronis
3142 3232 3238 3270 seu
3299 3233 3505 3285 propu-

1942 3299 2281 3370 gnatoribus,
2338 3317 2446 3353 non
2484 3316 2643 3355 secus
2690 3317 2754 3356 ac
2784 3316 3006 3358 sanctus
3052 3316 3233 3361 noster
3272 3306 3505 3361 Thessa-

1944 3393 2239 3445 lonicensis
2276 3402 2479 3462 martyr
2514 3392 2842 3458 Demetrius,
2876 3397 3091 3450 soleant
3141 3398 3352 3461 haberi,
3394 3414 3503 3453 non

1947 3488 2016 3541 de
2070 3489 2177 3540 alio
2221 3499 2414 3541 Sancto
2456 3488 2729 3542 Demetrio
2776 3508 3033 3559 martyre,
3088 3509 3251 3561 quam
3289 3494 3356 3548 de
3407 3496 3509 3547 hoc

1944 3587 2161 3640 nostro,
2200 3577 2252 3630 in
2310 3579 2547 3631 laudatis
2594 3583 2971 3635 monumentis
3026 3584 3139 3638 ﬁeri
3175 3600 3504 3648 sermonem,

1943 3679 2027 3722 sat
2085 3670 2395 3724 verosimile
2443 3683 2690 3741 apparet.
2722 3672 2876 3737 Quod
2923 3688 3045 3727 cum
3085 3675 3156 3727 ita
3188 3676 3280 3739 sit,
3324 3690 3507 3729 sacras

1946 3760 2133 3815 Sancti
2174 3765 2346 3817 nostri
2408 3764 2668 3834 reliquias
2722 3765 2864 3819 Pola:
2918 3766 2971 3819 in
3028 3766 3183 3819 lstria
3213 3768 3504 3833 asservari,

1942 3862 2036 3906 aut
2059 3853 2247 3907 saltem
2278 3865 2519 3924 tempore
2557 3858 2611 3911 in
2642 3858 2989 3913 documentis
3040 3859 3280 3927 praefatis
3321 3868 3507 3912 notato

1943 3945 2109 3999 fuisse
2149 3957 2473 4011 asservatas,
2517 3959 2601 4003 sat
2650 3951 2855 4020 pariter
2912 3951 3220 4006 verosimile
3267 3950 3504 4007 videtur:

1944 4035 2144 4090 Verum
2197 4039 2540 4108 intcgrumne
2594 4040 2691 4093 has
2725 4040 2912 4093 Sancti
2955 4055 3177 4108 corpus,
3240 4055 3307 4093 an
3344 4040 3509 4107 hujus

1944 4128 2209 4181 duntaxat
2267 4140 2473 4197 partem
2508 4130 2675 4183 fuisse
2722 4132 3008 4186 dicemus?
3040 4132 3176 4185 Cum
3219 4148 3328 4185 non
3361 4147 3504 4196 raro,

1948 4218 2058 4272 into
2095 4220 2559 4288 frequentissime,
2596 4221 2705 4283 ﬁat,
2740 4230 2797 4275 ut
2830 4222 3094 4291 reliquiaa
3142 4238 3264 4291 quae
3300 4234 3505 4291 partem

1947 4313 2212 4366 duntaxat
2247 4314 2491 4380 corporis
2541 4313 2728 4368 Sancti
2783 4316 3087 4383 cuiuspiam
3143 4321 3505 4379 constituunt,

1949 4405 2198 4473 corporis
2230 4404 2474 4467 nomine,
2499 4404 2663 4458 etiam
2699 4405 2752 4458 in
2787 4406 3133 4459 documentis
3157 4405 3507 4469 authenticis,

1874 4495 2185 4557 Dveniant,
2236 4510 2338 4549 nec
2385 4494 2707 4563 quidquam,
2773 4494 2918 4563 quod
2975 4496 3246 4564 integrum
3318 4492 3504 4547 Sancti

1952 4586 2122 4639 nostri
2169 4599 2367 4654 corpus
2424 4581 2817 4641 Thessalonica
2876 4602 3111 4654 unquam
3179 4586 3284 4639 alio
3340 4585 3507 4639 fuisse

1948 4679 2208 4739 delatum,
2241 4678 2492 4743 suadeat,
2552 4679 2760 4746 uspiam
2798 4678 3045 4732 invenire
3089 4677 3321 4741 licuerit,
3352 4692 3508 4729 vero-

1949 4767 2179 4821 similius
2204 4766 2421 4820 videtur
2464 4781 2558 4820 eos
2595 4766 2687 4834 qui
2741 4766 3067 4820 documenta
3094 4758 3256 4834 supra
3304 4781 3511 4819 memo-

1952 4868 2065 4912 rata
2102 4857 2421 4920 condidere,
2475 4865 2687 4925 partem
2723 4859 2968 4925 corporis
3005 4860 3178 4911 sancti
3227 4857 3503 4919 Demetrii,

3346 4948 3505 5001 diczis

1948 5052 2192 5109 apparet,
2224 5042 2419 5101 n05tri,
2457 5055 2556 5108 pro
2589 5040 2800 5109 integro
2827 5040 3071 5107 ejusdem
3098 5055 3325 5107 corpore
3361 5040 3504 5093 acci-

1950 5148 2103 5200 pere.
2133 5133 2278 5185 ldt-m
2316 5146 2481 5197 porro
2513 5132 2579 5184 de
2609 5129 2858 5193 Gelenio,
2905 5131 2997 5199 qui
3048 5132 3098 5183 in
3132 5132 3349 5183 Colonia
3372 5146 3507 5198 sup-

1950 5222 2110 5290 plice,
2147 5221 2385 5274 Auctarii
2421 5236 2572 5273 num.
2610 5219 2665 5280 4.
2700 5235 2751 5287 p.
2785 5220 3304 5288 164,Sigebergensi
3338 5220 3506 5271 Bene-

1946 5316 2274 5368 dictinorum
2311 5313 2561 5367 cwnobio
2592 5312 2765 5365 sancti
2812 5312 3069 5366 Demetrii
3126 5327 3323 5380 corpus
3353 5310 3505 5364 attri-

1950 5408 2081 5467 buit,
2140 5406 2252 5473 pari
2304 5404 2370 5459 tle
2420 5420 2600 5463 causa.
2654 5405 2719 5457 si'
2762 5405 2899 5457 forte
2957 5404 3153 5457 ibidem
3187 5406 3253 5458 de
3302 5405 3502 5457 Sancto

1946 5512 2134 5555 nostro
2187 5515 2366 5553 sermo
2418 5498 2507 5561 sit,
2569 5499 2857 5552 dicendum
2922 5500 3156 5563 videtur,
3204 5500 3280 5551 uti
3318 5507 3372 5551 et
3433 5498 3501 5549 de

1947 5594 2357 5661 qinbuscunqne
2432 5604 2528 5641 seu
2575 5591 2930 5658 scriptoribus
3005 5607 3095 5645 seu
3158 5589 3499 5642 documentis

1950 5686 2089 5747 aliis,
2127 5686 2178 5736 in
2220 5682 2415 5751 quibus
2450 5680 2631 5733 Sancti
2666 5681 2834 5734 nostri
2889 5699 3082 5751 corpus
3134 5680 3500 5736 tlclcrtninato

1949 5796 1963 5825 ‹
1984 5781 2195 5843 uiquatn
2233 5774 2348 5827 loro
2371 5787 2521 5825 sacro
2549 5772 2858 5825 ast-ribitut'.
