4218 6442
767 343 900 407 1147
2053 344 2147 406 SU
2163 345 2433 404 PPLEMJ

2375 344 2714 404 liENTUM.
3888 352 4041 416 1148

763 452 791 524 ς
820 453 912 527 IX.
947 453 1115 527 Quam
1148 454 1380 527 insignis
1426 452 1620 507 Sancto
1643 455 1816 507 cultus
1846 455 2331 522 Constantinopoli,
2364 463 2404 515 Α
2440 452 2742 518 traparium
2778 455 3055 524 martyris,
3113 457 3257 526 quod
3291 456 3424 521 Leo,
3457 461 3934 527 sapientissimus
3983 473 4045 514 et

832 526 896 620 ab
930 526 1057 592 ipsis
1087 526 1249 578 etiam
1286 525 1514 620 Orientis
1547 527 1974 606 imperatoribus,
2023 527 2184 595 fuerit
2225 527 2319 577 de-
2426 559 2495 611 ορ

2426 545 2666 611 optimus
2704 545 3000 614 imperator
3023 589 3037 612 ,
3067 525 3392 619 composuit,
3461 525 3632 620 usque
3679 553 3746 606 ad
3800 555 4037 606 verba:

837 593 998 658 latus,
1030 605 1075 647 et
1100 611 1259 664 quam
1287 595 1494 664 quidem
1523 596 1770 664 antiquus
1804 597 1848 646 is
1870 605 1959 648 stt.
2024 593 2033 595 7
2427 593 2502 689 El

2608 593 2665 599 _-
2704 593 2988 614 ---τη-η.
3023 593 3037 612 ,
3069 593 3392 619 -.....,,.,......,
3462 593 3631 620 -..νη
3679 593 3746 606 -..
3810 593 3995 605 η.--
4025 593 4038 606 .

2427 635 2622 690 Latens
2677 650 2835 692 natus
2867 653 2955 705 es;
3015 643 3362 710 ingrediente
3417 656 3597 698 autem
3650 647 4041 713 processione

2428 728 2726 782 triclinium
2760 747 3007 796 aureum,
3044 736 3342 802 troparium
3375 738 3766 797 encaniorum,
3796 738 4042 791 scilicet

2427 819 2615 875 Gratia
2645 823 2761 888 tibi,
2792 821 2998 879 Christe
3033 825 3191 894 Deus,
3221 829 3581 898 apostolorum
3614 831 3823 900 gloria,
3871 832 4036 882 reci-

2430 921 2479 965 ta
2489 927 2566 967 re.

2500 1003 2622 1058 Ηι.
2653 1023 2671 1055 t
2714 999 3022 1075 Imperator
3086 1009 3232 1072 inde,
3279 1025 3387 1079 quo
3417 1011 3650 1075 abierat,
3701 1012 4036 1080 digressus,

2428 1113 2525 1166 per
2559 1098 2796 1151 medium
2829 1100 3331 1172 chrysotrieliniutn
3382 1105 3574 1173 pergit,
3618 1113 3672 1156 et
3713 1119 3778 1157 ex
3827 1104 4037 1154 orien-

2430 1192 2627 1245 talibus
2658 1193 2834 1260 portis
2857 1209 2982 1247 cum
3016 1198 3367 1262 processiune
3411 1197 3715 1266 egreditur,
3754 1199 3902 1249 dum
3950 1198 4040 1247 in-

2431 1288 2580 1332 terea
2617 1281 2890 1347 magistri,
2925 1282 3304 1350 proconsules.
3361 1284 3576 1352 patricii
3609 1295 3664 1337 et
3718 1282 4031 1342 ofﬁciales,

2428 1385 2458 1423 e
2490 1372 2710 1439 regione
2737 1374 2926 1440 templi
2955 1375 3130 1428 sancti
3164 1375 3447 1437 Demetrii,
3478 1391 3574 1428 seu
3612 1377 3680 1429 ad
3716 1377 4029 1428 sinistram

2429 1467 2661 1526 partem,
2711 1460 3032 1513 cubicularii
3099 1474 3232 1516 vero
3300 1462 3368 1516 ad
3408 1461 3716 1516 orientales
3775 1463 4028 1524 Solarii,

2429 1551 2634 1603 domini
2676 1567 2802 1604 cum
2859 1553 3167 1621 patriarcha
3215 1553 3269 1606 in
3303 1555 3445 1607 atrio
3475 1555 3663 1622 templi
3725 1563 3912 1617 stant.
3963 1573 4030 1610 ac

2429 1641 2768 1696 solemnibus
2802 1646 3170 1698 encaeniorum
3226 1646 3420 1699 ritibus
3469 1647 3708 1715 peractis
3741 1648 4031 1701 introitus

2431 1733 2513 1788 tlt.
2545 1733 2859 1790 Patriarcha
2914 1739 3214 1792 sacrarium
3251 1737 3446 1803 intrat,
3507 1741 3722 1794 domini
3761 1757 3870 1808 per
3909 1758 4034 1794 nte-

2429 1829 2572 1881 diant
2619 1829 2906 1884 coclesiam
2959 1843 3334 1895 transeuntes,
3394 1833 3786 1903 egrediuntur,
3842 1843 3910 1886 et
3977 1836 4035 1886 in

2431 1928 2718 1984 tetrasero,
2745 1921 2886 1990 quod
2918 1921 2990 1975 ibi
3025 1930 3134 1984 est,
3189 1921 3488 1977 lectionem
3529 1923 3819 1992 Evangelii
3852 1923 4035 1976 audi-

2431 2009 2558 2075 turi,
2590 2020 2792 2066 astant.
2850 2011 3046 2068 Postea
3081 2029 3179 2082 per
3224 2023 3518 2082 argenteas
3559 2013 3870 2078 Hacronis,
3927 2027 4033 2068 seu

2433 2102 2671 2170 porticus
2707 2104 2990 2173 [oblongze,
3047 2103 3246 2171 lanuas
3277 2105 3554 2173 progressi
3619 2108 3846 2158 tunicas
3889 2120 4034 2159 s..as

2433 2191 2689 2253 induunt.
2721 2207 3056 2256 aureumque
3082 2195 3378 2247 triclinium
3411 2192 3665 2263 ingressi,
3703 2209 3805 2262 pro
3863 2209 4033 2246 more

2430 2283 2740 2345 consident,
2763 2294 2818 2337 et
2839 2285 2989 2338 brevi
3009 2294 3126 2354 post
3147 2286 3308 2339 missa
3322 2285 3502 2339 datur.
3526 2283 3799 2340 Convivio
3825 2295 4030 2338 autem

2436 2376 2538 2429 hoc
2561 2375 2651 2430 die
2683 2376 3074 2445 patriarchatn,
3103 2379 3501 2447 metrOpolitas,
3536 2389 3589 2430 et
3642 2394 4032 2446 quoscunque

2435 2467 2647 2531 volunt,
2711 2477 3014 2535 senatores,
3078 2468 3361 2522 adhibent.
3397 2486 3416 2518 ι
3467 2468 3655 2538 Magna
3718 2468 4035 2521 enimvero

2434 2559 2774 2613 solemnitate
2811 2560 2986 2612 sancti
3041 2559 3296 2612 Demetrii
3327 2560 3526 2613 festum
3553 2560 3622 2612 ab
3653 2559 4034 2627 imperatori-

2433 2651 2534 2704 bus
2557 2649 3180 2717 Constantinopolitanis
3209 2664 3508 2718 eorumque
3533 2651 3656 2702 aula
3699 2651 4034 2718 quotannis

2434 2745 2699 2800 celebrari
2735 2745 3210 2813 Constantinopoli
3261 2745 3518 2810 soluisse,
3549 2760 3614 2798 es
3651 2745 3745 2799 hic
3795 2746 4034 2798 deseri-

775 2837 1034 2900 induunt,
1092 2846 1156 2890 et.
1211 2847 1362 2891 extra
1414 2833 1596 2890 velum
1647 2838 1768 2907 ejus
1819 2851 2048 2891 camera:
2101 2837 2330 2908 egressi,
2435 2839 2565 2908 ptis,
2604 2838 2824 2906 quibus,
2857 2848 2989 2892 tunc
3023 2853 3054 2891 e
3087 2837 3326 2891 triclinio
3354 2853 3546 2900 aureo,
3582 2852 3678 2890 seu
3712 2838 4030 2906 imperato-

777 2941 981 2983 astant.
1030 2928 1239 2983 Interea
1288 2929 1568 2999 propositi
1621 2930 1988 3000 patriarcham
2028 2930 2331 2996 adducunt,
2437 2945 2554 2984 rum
2592 2932 2644 2983 in
2682 2929 2883 2999 palatio
2912 2943 3013 2983 suo
3069 2929 3519 2982 commorationis
3545 2930 3665 2981 loco
3696 2929 3765 2982 ad
3831 2931 4030 2982 sancti

774 3039 936 3091 quem
975 3022 1182 3076 domini
1229 3037 1327 3091 pro
1378 3029 1530 3075 more
1573 3022 1913 3087 osculantur,
1953 3031 2008 3076 et
2055 3023 2335 3091 paululum
2441 3020 2696 3075 Demetrii
2731 3019 2992 3091 templum
3025 3021 3373 3091 pergebatur,
3429 3020 3781 3076 caeremoniis
3842 3022 4039 3074 mani-

777 3117 833 3170 in
861 3131 1028 3170 aureo
1053 3116 1293 3170 triclinio
1325 3133 1447 3170 cum
1478 3131 1543 3170 eo
1575 3117 1884 3178 consident,
1916 3117 2184 3184 rebusque
2219 3128 2336 3171 om-
2361 3141 2405 3202 ρ
2440 3113 2638 3167 festum
2675 3115 2754 3165 lit.

779 3209 940 3263 nibus
989 3209 1129 3262 bene
1182 3209 1468 3270 ordinatis,
1511 3208 1782 3276 ωαψοείιί
1837 3207 2064 3270 intrant,
2095 3208 2336 3262 dominis
2511 3202 2630 3256 115.
2666 3203 2863 3258 Verum
2905 3203 3176 3272 quodnam
3218 3202 3348 3258 illud
3389 3202 3487 3284 luit
3521 3203 3695 3257 sancti
3740 3203 4031 3256 Demetrii

786 3301 840 3354 id
871 3300 1197 3362 nuntiaturi,
1229 3303 1318 3368 qui
1354 3301 1642 3355 confestim
1697 3316 1819 3354 cum
1860 3300 2171 3370 patriarcha
2217 3316 2340 3354 sur-
2440 3294 2744 3362 templum?
2775 3294 3034 3360 Codinns,
3075 3295 3148 3349 De
3180 3294 3424 3350 Ecclesia
3447 3306 3496 3348 et
3531 3297 3671 3348 aula
3705 3295 4038 3349 Constanti-

782 3403 936 3462 gunt,
967 3402 1019 3445 et
1051 3393 1158 3444 ritu
1206 3392 1306 3460 ipsi
1341 3391 1567 3444 solemni
1614 3392 1834 3460 egressi,
1862 3408 1956 3460 per
1991 3393 2338 3460 tripetonem,
2441 3387 2757 3453 nopolitante
2776 3388 2988 3455 ofﬁciis,
3013 3403 3128 3456 cap.
3162 3387 3246 3451 15,
3270 3387 3415 3440 hunc
3442 3387 3634 3440 scribit
3663 3387 3715 3438 in
3744 3389 3989 3440 modum
4016 3401 4032 3442 ε

779 3483 1574 3544 Lausiacum,Justinianeum,
1604 3483 1747 3552 scyla
1781 3491 1836 3535 et
1867 3483 2167 3537 exteriores
2199 3481 2340 3535 Mar-
2448 3497 2467 3529 t
2505 3477 2563 3531 In
2594 3479 2853 3532 memoria
2902 3480 3078 3548 magni
3129 3478 3383 3532 Demetrii
3433 3478 3549 3530 abit
3599 3478 3924 3547 imperator
3964 3482 4032 3533 ad

774 3576 922 3629 ciani
959 3577 1200 3642 porticus
1236 3583 1597 3637 transeuntes,
1631 3574 1928 3628 oratorium
1961 3575 2134 3628 sancti
2167 3573 2336 3638 Petri,
2440 3570 2805 3622 venerandum
2839 3570 3228 3622 monasterium
3261 3568 3706 3636 Palaeologorum.
3735 3573 3896 3637 quod
3929 3589 4032 3624 no-

777 3663 923 3732 quod
953 3663 1026 3716 ibi
1061 3663 1224 3715 situm
1257 3671 1359 3727 est,
1397 3674 1604 3730 petunt.
2440 3661 2590 3712 mine
2640 3660 2888 3727 praedicti
2939 3661 3191 3730 martyris
3241 3661 3556 3727 insignitur.
3617 3679 3635 3710 ι
3689 3660 4031 3715 Monasterii

855 3754 974 3808 tis.
1014 3772 1033 3804 ‹
1082 3751 1378 3807 Sciendum
1431 3764 1537 3817 est,
1591 3755 1822 3810 dominis
1874 3770 1996 3809 cum
2037 3757 2338 3824 patriarcha
2442 3749 2906 3819 Paltcologorum.
2940 3751 3009 3804 ad
3041 3751 3186 3820 quod
3235 3752 3596 3819 imperatores
3639 3752 3711 3805 96
3757 3752 4036 3808 Octobris

781 3861 848 3899 es
884 3860 1053 3898 aureo
1086 3843 1324 3898 triclinio
1351 3845 1797 3914 procedentibus,
1832 3857 1958 3900 ante
2009 3857 2192 3915 portas
2222 3849 2341 3915 ejus
2439 3840 2548 3904 die,
2588 3849 2776 3894 sancto
2810 3840 3081 3893 Demetrio
3111 3853 3285 3902 sacra,
3311 3855 3537 3910 pergere
3565 3844 3876 3908 quotannis
3944 3860 4037 3898 so-

781 3946 1069 4005 argenteas
1092 3936 1376 3989 eunuchos
1419 3937 1906 4006 protospatharios,
1939 3938 2339 4006 etlogothetam
2444 3931 2635 3993 lerent,
2685 3931 3041 4001 Pachymeres
3086 3946 3302 4000 quoque
3350 3943 3482 3985 tom.
3522 3929 3602 3994 ll,
3639 3931 3737 3985 lib.
3776 3948 3858 3992 tv.
3903 3949 4030 4004 cap.

779 4043 978 4081 cursus
1011 4027 1372 4097 publici,cum
1401 4028 1872 4096 protoscriniario,
1899 4039 1950 4081 et
1983 4031 2160 4096 primo
2186 4041 2342 4082 nota-
2447 4025 2534 4086 19..
2565 4023 2830 4078 meminit.
2873 4023 2968 4077 Vix
2995 4063 3010 4088 ,
3042 4037 3106 4076 ac
3142 4039 3210 4077 ne
3245 4024 3330 4076 vix
3364 4025 3585 4092 quidem
3629 4023 3853 4086 dubito,
3893 4028 4032 4094 quin

784 4117 1014 4180 riorum,
1071 4117 1350 4170 ministros
1402 4128 1582 4169 autem
1655 4116 1875 4169 triclinii
1941 4117 2115 4177 aurei,
2172 4133 2341 4186 prope
2444 4115 2606 4184 hujus
2637 4113 3059 4185 Palzologorum
3091 4115 3406 4170 monasterii
3438 4116 3698 4183 templum
3742 4132 3928 4170 unum
3961 4121 4036 4172 sit

783 4209 1123 4277 horologium
1155 4219 1349 4263 astare.
1391 4208 1560 4262 Porro
1603 4208 1873 4270 dominos,
1905 4224 1970 4262 ex
2016 4210 2182 4262 :eneis
2214 4226 2338 4277 por-
2444 4217 2606 4274 atque
2637 4206 2776 4259 idem
2811 4221 2935 4260 cum
2969 4207 3192 4274 templo,
3229 4207 3284 4258 in
3326 4205 3464 4258 aula
3494 4205 3808 4274 Byzantina:
3845 4223 4034 4262 caere-

782 4303 855 4356 tis
885 4303 951 4354 ad
987 4301 1310 4355 Lausiacum
1360 4316 1630 4370 egressos,
1664 4302 2004 4355 manclavita:
2036 4309 2090 4355 et
2123 4301 2344 4355 cubicu—
2446 4314 2448 4348 1

2446 4297 2646 4350 moniis
2694 4298 2937 4366 proxime
2979 4305 3298 4360 memorato,
3352 4296 3442 4350 cui
3498 4296 3736 4364 primum
3771 4311 3800 4349 λ
3844 4296 4032 4351 Barda

783 4391 903 4444 larii
935 4407 1125 4444 omnes
1173 4391 1472 4459 excipiunt,
1521 4400 1573 4443 et
1600 4392 1948 4444 comitantur.
1982 4391 2130 4444 intra
2166 4392 2339 4460 scyla,
2443 4385 2658 4440 Cesare
2687 4402 2750 4440 ex
2783 4387 3030 4441 dicendis
3069 4385 3337 4440 aediﬁcato
3386 4386 3779 4439 monasterium
3826 4397 4034 4454 postea

779 4498 879 4538 seu
913 4483 966 4535 in
1001 4494 1240 4536 extrema
1261 4481 1587 4535 Justinianei
1617 4481 1835 4535 triclinii
1862 4492 2038 4551 parte,
2071 4483 2338 4552 magistri,
2375 4477 2415 4530 D
2447 4479 2614 4533 fuerit
2634 4479 2926 4547 adjectum.
2961 4479 3069 4534 Res
3093 4479 3324 4548 amplius
3348 4493 3415 4531 ex
3442 4477 3690 4532 dicendis
3713 4478 4032 4534 elueescet.

785 4575 1146 4646 proconsules
1200 4586 1254 4628 et
1294 4575 1552 4628 oﬂiciales
1604 4573 1822 4636 adsunt,
1878 4581 1931 4628 et
1991 4581 2344 4628 transeuntes
2446 4573 2602 4641 Apud
2637 4573 2982 4636 Bandurum,
3016 4571 3238 4642 Imperii
3283 4570 3575 4626 Orientalis
3614 4578 3751 4622 tom.
3788 4569 3850 4633 ι,
3897 4588 4036 4625 ano-

839 728 961 784 ΗΞ.
987 727 1158 795 Quam
1184 729 1382 800 insigni
1415 729 1646 784 Sanctus
1662 730 1812 784 cultu
1831 728 2322 798 Constantinopoli,

767 820 836 872 ab
867 820 1004 888 ipsis
1061 819 1220 871 etiam
1269 817 1511 872 Orientis
1545 821 1985 888 imperatoribus,
2027 835 2325 888 eorumque

770 910 823 961 in
876 911 996 963 aula
1031 909 1258 965 allectus
1309 913 1437 964 olim
1479 911 1664 976 fuerit,
1700 914 2043 967 manifestum
2070 913 2124 966 tit
2155 913 2238 967 vel
2294 929 2324 969 e

767 1001 899 1054 Solis
931 1002 1080 1054 Aula!
1122 1002 1430 1073 Byzantina
1464 1007 1810 1066 ccremoniis,
1844 1022 1951 1059 non
2011 1007 2208 1068 serius,
2249 1009 2324 1061 uti

769 1093 910 1146 infra
940 1097 1168 1159 docebo,
1198 1113 1358 1164 quam
1398 1099 1577 1153 smeuli
1610 1115 1660 1151 si
1690 1099 1844 1152 initio
1878 1099 2116 1166 scriptis,
2150 1113 2325 1150 anno-

769 1198 874 1250 quc
932 1185 1058 1238 l75l
1112 1186 1306 1252 Lipsiae
1373 1189 1620 1258 vulgitis.
1679 1189 1880 1241 Harum
1933 1190 2074 1241 enim
2129 1189 2224 1244 lib.
2285 1204 2325 1253 t,

769 1290 868 1342 t'ap
929 1273 1020 1337 21.
1079 1282 1395 1344 exponitur,
1427 1283 1517 1348 qui
1553 1281 1855 1347 quotannis
1915 1279 2109 1333 festum
2149 1281 2324 1334 sancti

769 1367 1047 1433 Demetrii,
1082 1370 1309 1422 solemni
1341 1370 1406 1422 ad
1440 1371 1730 1424 ecclesiam
1782 1369 1908 1421 huic
1958 1382 2169 1420 sacram
2203 1383 2328 1433 pro-

768 1464 1012 1516 cessione
1042 1463 1306 1519 instituta.
1369 1461 1725 1528 imperatores
1761 1475 1864 1513 una
1917 1475 2041 1514 cum
2075 1461 2196 1512 aula
2228 1473 2326 1512 sua

771 1555 1040 1607 honorare
1108 1554 1393 1606 soluerint.
1460 1553 1516 1606 ιι]
1586 1552 1817 1619 proinde
1892 1553 2163 1622 integrum
2223 1553 2328 1605 huc

771 1645 1095 1702 transcribo.
1136 1643 1230 1697 Sic
1271 1646 1466 1698 habet:
1510 1662 1528 1693 t
1568 1643 1742 1696 Pridie
1775 1645 1938 1696 unius
1970 1644 2076 1697 diei
2112 1644 2323 1697 Domini

769 1737 1073 1803 praepositis
1113 1736 1376 1796 indicant,
1433 1736 1519 1788 die
1570 1745 1837 1803 sequente
1885 1750 2008 1789 cum
2061 1735 2328 1789 allaximls

767 1841 1016 1881 senatum
1079 1829 1397 1882 universum
1437 1829 1674 1896 prodire,
1743 1843 1902 1882 mane
1942 1840 2121 1880 autem
2180 1827 2327 1882 circa

769 1921 957 1973 horam
1009 1920 1308 1974 secundam
1361 1921 1682 1988 przepositos
1731 1920 1935 1989 ingredi
1975 1920 2187 1987 jnbent,
2219 1932 2328 1988 quo

770 2010 935 2074 facto,
970 2027 1094 2065 cum
1132 2011 1320 2081 paucis
1355 2011 1729 2075 cubiculariis,
1765 2027 1899 2080 papa
1921 2012 2126 2083 (Grece
2159 2012 2331 2066 habe-

774 2114 862 2154 tur
897 2105 1098 2161 παπξα.
1139 2104 1188 2155 id
1245 2112 1328 2156 est
1384 2117 1450 2156 ex
1511 2101 1700 2171 (ἱππεῙί
1754 2104 1820 2157 ad
1874 2119 2060 2158 vocem
2116 2105 2328 2167 παττίας

770 2192 971 2254 Gloss”
1009 2191 1190 2259 palatii
1220 2192 1475 2259 custode)
1533 2201 1590 2244 et
1623 2193 1976 2245 hetzeriarcha
2009 2193 2228 2255 abeunt,
2275 2201 2330 2245 et

770 2283 1132 2352 patriarcham
1165 2298 1287 2336 cum
1323 2283 1687 2350 metropolitis
1719 2292 1771 2337 et
1821 2284 2028 2353 reliquo
2059 2286 2180 2353 ejus
2210 2284 2330 2337 olli-

770 2376 856 2429 cio
880 2375 1174 2428 adducunt.
1220 2376 1320 2438 Qui
1359 2390 1456 2442 per
1497 2375 1764 2441 portictnn
1801 2375 2086 2430 triconchii
2119 2376 2331 2444 ingres-

771 2481 888 2528 sus,
924 2467 977 2520 in
1031 2481 1243 2519 camera
1281 2467 1433 2520 aurei
1471 2466 1715 2531 triclinii,
1754 2482 1873 2536 qua:
1918 2469 2161 2535 proxima
2201 2483 2335 2536 pan-

775 2559 902 2610 thco
955 2568 1059 2618 est,
1101 2558 1366 2612 considet.
1401 2557 1679 2627 Praepositi
1715 2569 1895 2611 autem
1935 2558 2187 2628 ingressi,
2227 2559 2332 2611 im-

771 2649 1112 2718 peratoribus
1142 2652 1261 2718 ejus
1289 2650 1585 2703 adventum
1633 2651 1911 2714 nuntiant,
1944 2652 2036 2719 qui
2074 2658 2330 2720 surgunt,

774 2753 830 2795 ct
861 2759 1130 2796 cameram
1167 2744 1340 2797 sancti
1375 2743 1648 2798 Theodori
1676 2745 1933 2814 ingressi,
1968 2746 2186 2798 tunicas
2207 2760 2335 2799 suas

2361 1797 2400 1848 Β

796 4669 1067 4732 dominos,
1129 4666 1479 4737 procidentes
1537 4665 1590 4718 in
1657 4674 1880 4731 terram,
1940 4667 2195 4720 adorant.
2262 4667 2343 4720 llli

785 4769 994 4821 autem,
1028 4768 1088 4813 ut
1126 4773 1291 4827 supra
1350 4758 1699 4811 observatum
1728 4766 1832 4820 est,
1875 4757 1942 4810 ad
1985 4758 2154 4810 sancti
2197 4757 2342 4810 Petri

788 4853 1021 4913 abeunt,
1085 4850 1177 4904 ubi
1229 4848 1536 4918 patriarcha
1569 4848 1864 4900 sacrariunt
1922 4847 2250 4918 ingreditur,
2292 4859 2348 4903 et

786 4953 911 5010 post
940 4956 1127 5008 preces
1160 4941 1435 4994 solemnes
1481 4948 1756 5008 peractas.
1789 4939 1982 5007 psalta:
2043 4939 2344 5007 troparium

792 5033 1082 5100 incipiunt.
1109 5031 1426 5084 Patriarcha
1467 5029 1666 5083 deinde
1706 5043 1771 5080 ex
1801 5030 2065 5093 sacrario,
2095 5042 2346 5083 sanctum

795 5123 1144 5192 Evangelium
1195 5137 1356 5174 manu
1406 5133 1623 5182 tenens,
1657 5119 1723 5172 ad
1757 5131 1940 5186 portas
1976 5122 2352 5189 imperatorias

796 5217 1038 5286 ejusdem
1063 5215 1287 5269 oratorii
1330 5215 1590 5282 procedit,
1625 5213 1959 5267 subdiacono
1979 5229 2193 5267 crucem
2227 5231 2354 5284 pro-

795 5308 1153 5363 cessionalem
1209 5307 1560 5376 praeferente.
1603 5305 1814 5358 Domini
1847 5320 2037 5359 cereos
2073 5321 2100 5358 a
2139 5322 2353 5374 prmpo-

796 5402 915 5453 sitis
952 5400 1248 5467 accipiunt,
1311 5410 1498 5468 terque
1557 5416 1695 5469 genu
1728 5396 1886 5458 ﬂexo,
1922 5397 1985 5449 ad
2022 5396 2185 5450 Deum
2231 5413 2356 5466 pre-

801 5503 1020 5556 muntur,
1079 5505 1209 5548 tunc
1246 5495 1597 5563 Evangelium
1637 5503 1690 5545 et
1749 5507 1965 5545 crucem
2019 5491 2355 5555 osculantur,

799 5594 858 5636 et
897 5584 1127 5637 diacono
1179 5584 1522 5644 incensante,
1565 5585 1883 5653 imperator,
1916 5581 2235 5649 patriarchae
2273 5581 2355 5634 in-

805 5680 994 5742 nixus,
1025 5693 1055 5731 θ
1113 5679 1313 5748 templo
1346 5677 1641 5748 egreditur.
1701 5675 2108 5730 Observandum
2144 5690 2360 5742 quoque

802 5781 909 5836 est,
956 5784 1152 5840 pompa
1209 5786 1238 5825 a
1294 5771 1464 5825 sancti
1501 5769 1642 5823 Petri
1707 5768 2054 5836 procedente,
2111 5774 2360 5822 cantores

2448 4681 2663 4734 nymus,
2704 4666 3126 4732 Antiquitamm,
3179 4679 3308 4726 seu,
3361 4672 3421 4716 ut
3459 4671 3727 4714 vocantur
3759 4663 3828 4714 ab
3865 4664 3996 4717 aliis
4020 4707 4034 4726 ,

2447 4757 2728 4827 Originum
2801 4755 3503 4822 Constantinopolitanarum
3563 4754 3824 4821 scriptor,
3891 4754 4036 4823 qui.

2449 4849 2910 4918 quemadmodum
2961 4848 3215 4901 laudatus
3262 4845 3548 4900 Bandurus
3587 4845 3642 4898 in
3693 4844 4038 4901 Pra'l’atione

2452 4954 2599 4998 tomo
2630 4943 2738 5002 isti.
2788 4956 2950 5011 opera
2980 4941 3321 5011 potissimum
3353 4948 3513 4993 antea
3550 4939 3752 4992 inedita
3785 4941 4039 5009 comple-

2452 5037 2642 5099 ctenti,
2676 5051 2704 5088 a
2745 5051 2801 5088 se
2827 5034 3126 5103 praemissa,
3157 5034 3337 5094 docet,
3371 5031 3567 5085 mulo
3599 5030 3941 5085 duodecimo
3973 5032 4036 5084 ad

2455 5128 2688 5182 mediam
2719 5127 2936 5180 circiter
2969 5127 3048 5179 sui
3077 5136 3287 5195 partem
3324 5133 3580 5192 pr0vecto
3602 5120 3806 5183 ﬂoruit,
3846 5125 4037 5190 operis

2455 5220 2538 5270 sui
2576 5229 2714 5286 part.
2751 5235 2808 5282 tt,
2838 5233 2988 5272 num.
3016 5217 3085 5270 68
3114 5219 3191 5271 sic
3217 5216 3408 5269 scribit
3441 5230 3455 5266 :
3491 5233 3508 5263 ι
3537 5211 3724 5266 Sancti
3763 5211 4031 5269 Demetrii

2457 5311 2651 5374 aedem,
2680 5327 2799 5380 qua!
2831 5326 2992 5378 supra
3028 5325 3218 5363 muros
3240 5317 3438 5369 exstat.
3467 5307 3668 5360 Bardas
3684 5303 3874 5358 Ca‘sar
3901 5307 4035 5360 eai-

2461 5400 2657 5466 licavit,
2700 5401 3002 5453 avunculus
3039 5399 3335 5458 Michaelis.
3367 5413 3530 5467 quem
3565 5395 3848 5449 interfecit
3883 5395 4032 5448 Basi-

2458 5491 2564 5546 lius
2597 5492 2736 5561 apud
2766 5501 3009 5546 sanctum
3044 5490 3391 5552 Mamantem,
3419 5490 3528 5557 jam
3568 5497 3729 5540 antea
3766 5488 3885 5552 ipso
3914 5488 4031 5539 Cx-

2462 5600 2604 5646 sare,
2640 5585 2767 5638 dum
2809 5600 2915 5636 una
2968 5597 3089 5636 cum
3121 5581 3381 5635 Michaele
3427 5580 3765 5634 Orientalcm
3802 5579 4027 5645 expedi-

2467 5679 2665 5730 tinnent
2694 5678 3009 5744 susciperet,
3036 5656 3374 5727 membratim
3400 5672 3620 5726 conciso
3646 5670 3698 5723 in
3730 5680 4024 5737 conspectu

2467 5766 2743 5822 Michaelis
2777 5783 2842 5822 ex
2870 5781 3056 5821 sorore
3092 5781 3189 5820 sua
3223 5763 3416 5832 geniti.
3452 5762 3642 5817 Frater
3675 5761 3877 5828 quippe
3916 5765 4026 5809 crat
