  <div class='ocr_page' id='page_1' title='image "/cluster/home/n/w/nwhite01/storage/ocr_20150623/116/nnc1.0046980156/646.png"; bbox 0 0 4218 6442; ppageno 0'>
   <div class='ocr_carea' id='block_1_1' title="bbox 214 387 358 455">
    <p class='ocr_par' dir='ltr' id='par_1_1' title="bbox 214 387 358 455">
     <span class='ocr_line' id='line_1_1' title="bbox 214 387 358 455; baseline 0.021 -3"><span class='ocrx_word' id='word_1_1' title='bbox 214 387 358 455; x_wconf 74' lang='grc'><strong>1149</strong></span> 
     </span>
    </p>
   </div>
   <div class='ocr_carea' id='block_1_2' title="bbox 1286 403 2447 473">
    <p class='ocr_par' dir='ltr' id='par_1_2' title="bbox 1286 403 2447 473">
     <span class='ocr_line' id='line_1_2' title="bbox 1286 403 2447 473; baseline 0.009 -10"><span class='ocrx_word' id='word_1_2' title='bbox 1286 404 1342 464; x_wconf 85' lang='lat' dir='ltr'><strong>S.</strong></span> <span class='ocrx_word' id='word_1_3' title='bbox 1376 403 1759 467; x_wconf 72' lang='lat' dir='ltr'><strong>DEMETRII</strong></span> <span class='ocrx_word' id='word_1_4' title='bbox 1802 407 2197 470; x_wconf 77' lang='lat' dir='ltr'><strong>MARTYRIS</strong></span> <span class='ocrx_word' id='word_1_5' title='bbox 2241 413 2447 473; x_wconf 75' lang='lat' dir='ltr'><strong>ACTA.</strong></span> 
     </span>
    </p>
   </div>
   <div class='ocr_carea' id='block_1_3' title="bbox 3344 417 3481 483">
    <p class='ocr_par' dir='ltr' id='par_1_3' title="bbox 3344 417 3481 483">
     <span class='ocr_line' id='line_1_3' title="bbox 3344 417 3481 483; baseline 0.015 -2"><span class='ocrx_word' id='word_1_6' title='bbox 3344 417 3481 483; x_wconf 73' lang='lat'><strong>1150</strong></span> 
     </span>
    </p>
   </div>
   <div class='ocr_carea' id='block_1_4' title="bbox 210 504 3482 592">
    <p class='ocr_par' dir='ltr' id='par_1_4' title="bbox 210 504 3482 592">
     <span class='ocr_line' id='line_1_4' title="bbox 210 504 3482 592; baseline 0.01 -34"><span class='ocrx_word' id='word_1_7' title='bbox 210 504 420 561; x_wconf 83' lang='lat' dir='ltr'><strong>Bardas</strong></span> <span class='ocrx_word' id='word_1_8' title='bbox 441 504 745 563; x_wconf 76' lang='lat' dir='ltr'><strong>Theodone</strong></span> <span class='ocrx_word' id='word_1_9' title='bbox 772 509 1190 581; x_wconf 68' lang='lat' dir='ltr'><strong>Augusta-,quz</strong></span> <span class='ocrx_word' id='word_1_10' title='bbox 1222 518 1796 576; x_wconf 69' lang='lat' dir='ltr'><strong>matereratllitbae-</strong></span> <span class='ocrx_word' id='word_1_11' title='bbox 1829 530 1871 582; x_wconf 75' lang='grc' dir='ltr'><strong>Α</strong></span> <span class='ocrx_word' id='word_1_12' title='bbox 1904 522 2072 581; x_wconf 86' lang='lat' dir='ltr'><strong>luisse</strong></span> <span class='ocrx_word' id='word_1_13' title='bbox 2113 528 2181 581; x_wconf 87' lang='lat' dir='ltr'><strong>ab</strong></span> <span class='ocrx_word' id='word_1_14' title='bbox 2210 534 2314 581; x_wconf 81' lang='lat' dir='ltr'><strong>hoc</strong></span> <span class='ocrx_word' id='word_1_15' title='bbox 2344 532 2541 591; x_wconf 72' lang='lat' dir='ltr'><strong>tndem,</strong></span> <span class='ocrx_word' id='word_1_16' title='bbox 2582 532 2939 587; x_wconf 68' lang='lat' dir='ltr'><strong>sanctissima:</strong></span> <span class='ocrx_word' id='word_1_17' title='bbox 2969 534 3063 589; x_wconf 85' lang='lat' dir='ltr'><strong>Dei</strong></span> <span class='ocrx_word' id='word_1_18' title='bbox 3104 536 3364 592; x_wconf 85' lang='lat' dir='ltr'><strong>Cenitrici</strong></span> <span class='ocrx_word' id='word_1_19' title='bbox 3398 556 3482 592; x_wconf 83' lang='lat' dir='ltr'><strong>sa-</strong></span> 
     </span>
    </p>
   </div>
   <div class='ocr_carea' id='block_1_5' title="bbox 211 599 1795 681">
    <p class='ocr_par' dir='ltr' id='par_1_5' title="bbox 211 599 1795 681">
     <span class='ocr_line' id='line_1_5' title="bbox 211 599 1795 681; baseline 0.008 -28"><span class='ocrx_word' id='word_1_20' title='bbox 211 599 308 654; x_wconf 89' lang='lat' dir='ltr'><strong>lis.</strong></span> <span class='ocrx_word' id='word_1_21' title='bbox 363 618 382 651; x_wconf 72' lang='grc' dir='ltr'><strong><em>ι</em></strong></span> <span class='ocrx_word' id='word_1_22' title='bbox 431 600 632 655; x_wconf 80' lang='lat' dir='ltr'><strong>Bardas</strong></span> <span class='ocrx_word' id='word_1_23' title='bbox 682 602 888 666; x_wconf 70' lang='lat' dir='ltr'><strong>(Sa-sar,</strong></span> <span class='ocrx_word' id='word_1_24' title='bbox 935 603 1203 662; x_wconf 73' lang='lat' dir='ltr'><strong>Michaele</strong></span> <span class='ocrx_word' id='word_1_25' title='bbox 1256 609 1585 678; x_wconf 76' lang='lat' dir='ltr'><strong>imperatore</strong></span> <span class='ocrx_word' id='word_1_26' title='bbox 1635 616 1795 681; x_wconf 79' lang='lat' dir='ltr'><strong>hujus</strong></span> 
     </span>
    </p>
   </div>
   <div class='ocr_carea' id='block_1_6' title="bbox 210 694 1797 764">
    <p class='ocr_par' dir='ltr' id='par_1_6' title="bbox 210 694 1797 764">
     <span class='ocr_line' id='line_1_6' title="bbox 210 694 1797 764; baseline 0.008 -19"><span class='ocrx_word' id='word_1_27' title='bbox 210 694 457 748; x_wconf 78' lang='lat' dir='ltr'><strong>nominis</strong></span> <span class='ocrx_word' id='word_1_28' title='bbox 493 695 656 751; x_wconf 91' lang='lat' dir='ltr'><strong>tertio</strong></span> <span class='ocrx_word' id='word_1_29' title='bbox 683 695 913 764; x_wconf 69' lang='lat' dir='ltr'><strong>lubente</strong></span> <span class='ocrx_word' id='word_1_30' title='bbox 937 737 952 759; x_wconf 88' lang='lat'><strong>,</strong></span> <span class='ocrx_word' id='word_1_31' title='bbox 983 712 1133 753; x_wconf 79' lang='lat' dir='ltr'><strong>anno</strong></span> <span class='ocrx_word' id='word_1_32' title='bbox 1178 698 1281 755; x_wconf 87' lang='lat'><strong>867</strong></span> <span class='ocrx_word' id='word_1_33' title='bbox 1324 700 1425 755; x_wconf 81' lang='lat' dir='ltr'><strong>iuit</strong></span> <span class='ocrx_word' id='word_1_34' title='bbox 1457 704 1696 763; x_wconf 82' lang='lat' dir='ltr'><strong>occisus.</strong></span> <span class='ocrx_word' id='word_1_35' title='bbox 1738 714 1797 757; x_wconf 94' lang='lat' dir='ltr'><strong>ut</strong></span> 
     </span>
    </p>
   </div>
   <div class='ocr_carea' id='block_1_7' title="bbox 212 786 1795 859">
    <p class='ocr_par' dir='ltr' id='par_1_7' title="bbox 212 786 1795 859">
     <span class='ocr_line' id='line_1_7' title="bbox 212 786 1795 859; baseline 0.009 -22"><span class='ocrx_word' id='word_1_36' title='bbox 212 786 448 855; x_wconf 84' lang='lat' dir='ltr'><strong>proinde</strong></span> <span class='ocrx_word' id='word_1_37' title='bbox 480 787 631 844; x_wconf 70' lang='lat' dir='ltr'><strong>aedes</strong></span> <span class='ocrx_word' id='word_1_38' title='bbox 657 804 810 844; x_wconf 85' lang='lat' dir='ltr'><strong>sacra</strong></span> <span class='ocrx_word' id='word_1_39' title='bbox 840 830 859 857; x_wconf 92' lang='lat'><strong>,</strong></span> <span class='ocrx_word' id='word_1_40' title='bbox 907 806 1073 859; x_wconf 87' lang='lat' dir='ltr'><strong>quam</strong></span> <span class='ocrx_word' id='word_1_41' title='bbox 1105 801 1302 849; x_wconf 83' lang='lat' dir='ltr'><strong>sancto</strong></span> <span class='ocrx_word' id='word_1_42' title='bbox 1336 793 1617 851; x_wconf 88' lang='lat' dir='ltr'><strong>Demetrio</strong></span> <span class='ocrx_word' id='word_1_43' title='bbox 1646 799 1795 851; x_wconf 89' lang='lat' dir='ltr'><strong>illum</strong></span> 
     </span>
    </p>
   </div>
   <div class='ocr_carea' id='block_1_8' title="bbox 211 879 1798 961">
    <p class='ocr_par' dir='ltr' id='par_1_8' title="bbox 211 879 1798 961">
     <span class='ocr_line' id='line_1_8' title="bbox 211 879 1798 961; baseline 0.008 -29"><span class='ocrx_word' id='word_1_44' title='bbox 211 879 577 943; x_wconf 76' lang='lat' dir='ltr'><strong>exstruxisse.</strong></span> <span class='ocrx_word' id='word_1_45' title='bbox 610 884 793 938; x_wconf 83' lang='lat' dir='ltr'><strong>verbis</strong></span> <span class='ocrx_word' id='word_1_46' title='bbox 823 886 1065 941; x_wconf 83' lang='lat' dir='ltr'><strong>recitatis</strong></span> <span class='ocrx_word' id='word_1_47' title='bbox 1097 887 1261 941; x_wconf 85' lang='lat' dir='ltr'><strong>docet</strong></span> <span class='ocrx_word' id='word_1_48' title='bbox 1310 889 1546 958; x_wconf 89' lang='lat' dir='ltr'><strong>scriptor</strong></span> <span class='ocrx_word' id='word_1_49' title='bbox 1591 907 1798 961; x_wconf 82' lang='lat' dir='ltr'><strong>anony-</strong></span> 
     </span>
    </p>
   </div>
   <div class='ocr_carea' id='block_1_9' title="bbox 214 971 1799 1053">
    <p class='ocr_par' dir='ltr' id='par_1_9' title="bbox 214 971 1799 1053">
     <span class='ocr_line' id='line_1_9' title="bbox 214 971 1799 1053; baseline 0.011 -33"><span class='ocrx_word' id='word_1_50' title='bbox 214 985 341 1023; x_wconf 89' lang='lat' dir='ltr'><strong>mus</strong></span> <span class='ocrx_word' id='word_1_51' title='bbox 369 971 637 1037; x_wconf 78' lang='lat' dir='ltr'><strong>laudatus,</strong></span> <span class='ocrx_word' id='word_1_52' title='bbox 662 976 865 1030; x_wconf 70' lang='lat' dir='ltr'><strong>mulo</strong></span> <span class='ocrx_word' id='word_1_53' title='bbox 894 992 1065 1041; x_wconf 81' lang='lat' dir='ltr'><strong>nono,</strong></span> <span class='ocrx_word' id='word_1_54' title='bbox 1087 980 1262 1034; x_wconf 89' lang='lat' dir='ltr'><strong>media</strong></span> <span class='ocrx_word' id='word_1_55' title='bbox 1290 981 1509 1037; x_wconf 85' lang='lat' dir='ltr'><strong>circiter</strong></span> <span class='ocrx_word' id='word_1_56' title='bbox 1533 985 1617 1037; x_wconf 88' lang='lat' dir='ltr'><strong>sui</strong></span> <span class='ocrx_word' id='word_1_57' title='bbox 1646 996 1799 1053; x_wconf 90' lang='lat' dir='ltr'><strong>parte</strong></span> 
     </span>
    </p>
   </div>
   <div class='ocr_carea' id='block_1_10' title="bbox 209 1064 1795 1140">
    <p class='ocr_par' dir='ltr' id='par_1_10' title="bbox 209 1064 1795 1140">
     <span class='ocr_line' id='line_1_10' title="bbox 209 1064 1795 1140; baseline 0.008 -24"><span class='ocrx_word' id='word_1_58' title='bbox 209 1064 327 1133; x_wconf 78' lang='lat' dir='ltr'><strong>jam</strong></span> <span class='ocrx_word' id='word_1_59' title='bbox 358 1064 563 1133; x_wconf 88' lang='lat' dir='ltr'><strong>elapso,</strong></span> <span class='ocrx_word' id='word_1_60' title='bbox 602 1067 766 1122; x_wconf 79' lang='lat' dir='ltr'><strong>inerit</strong></span> <span class='ocrx_word' id='word_1_61' title='bbox 799 1070 1089 1125; x_wconf 75' lang='lat' dir='ltr'><strong>:rdiiicata.</strong></span> <span class='ocrx_word' id='word_1_62' title='bbox 1118 1073 1299 1140; x_wconf 79' lang='lat' dir='ltr'><strong>Atque</strong></span> <span class='ocrx_word' id='word_1_63' title='bbox 1345 1073 1397 1127; x_wconf 91' lang='lat' dir='ltr'><strong>id</strong></span> <span class='ocrx_word' id='word_1_64' title='bbox 1454 1075 1679 1139; x_wconf 91' lang='lat' dir='ltr'><strong>quidem</strong></span> <span class='ocrx_word' id='word_1_65' title='bbox 1742 1077 1795 1129; x_wconf 91' lang='lat' dir='ltr'><strong>in</strong></span> 
     </span>
    </p>
   </div>
   <div class='ocr_carea' id='block_1_11' title="bbox 215 1158 1799 1235">
    <p class='ocr_par' dir='ltr' id='par_1_11' title="bbox 215 1158 1799 1235">
     <span class='ocr_line' id='line_1_11' title="bbox 215 1158 1799 1235; baseline 0.007 -24"><span class='ocrx_word' id='word_1_66' title='bbox 215 1158 341 1225; x_wconf 88' lang='lat' dir='ltr'><strong>ipso</strong></span> <span class='ocrx_word' id='word_1_67' title='bbox 388 1161 541 1215; x_wconf 85' lang='lat' dir='ltr'><strong>urbis</strong></span> <span class='ocrx_word' id='word_1_68' title='bbox 588 1160 1213 1233; x_wconf 78' lang='lat' dir='ltr'><strong>ConstantinOpolitanze</strong></span> <span class='ocrx_word' id='word_1_69' title='bbox 1262 1168 1483 1235; x_wconf 85' lang='lat' dir='ltr'><strong>angulo,</strong></span> <span class='ocrx_word' id='word_1_70' title='bbox 1533 1185 1643 1235; x_wconf 92' lang='lat' dir='ltr'><strong>quo</strong></span> <span class='ocrx_word' id='word_1_71' title='bbox 1682 1170 1799 1222; x_wconf 91' lang='lat' dir='ltr'><strong>loco</strong></span> 
     </span>
    </p>
   </div>
   <div class='ocr_carea' id='block_1_12' title="bbox 214 1253 1795 1331">
    <p class='ocr_par' dir='ltr' id='par_1_12' title="bbox 214 1253 1795 1331">
     <span class='ocr_line' id='line_1_12' title="bbox 214 1253 1795 1331; baseline 0.006 -25"><span class='ocrx_word' id='word_1_72' title='bbox 214 1253 523 1321; x_wconf 83' lang='lat' dir='ltr'><strong>Acropolis,</strong></span> <span class='ocrx_word' id='word_1_73' title='bbox 560 1255 627 1309; x_wconf 88' lang='lat' dir='ltr'><strong>ad</strong></span> <span class='ocrx_word' id='word_1_74' title='bbox 676 1256 1000 1310; x_wconf 82' lang='lat' dir='ltr'><strong>orientalem</strong></span> <span class='ocrx_word' id='word_1_75' title='bbox 1050 1258 1293 1324; x_wconf 76' lang='lat' dir='ltr'><strong>ejusdem</strong></span> <span class='ocrx_word' id='word_1_76' title='bbox 1346 1262 1498 1315; x_wconf 85' lang='lat' dir='ltr'><strong>urbis</strong></span> <span class='ocrx_word' id='word_1_77' title='bbox 1546 1262 1795 1331; x_wconf 80' lang='lat' dir='ltr'><strong>plagam,</strong></span> 
     </span>
    </p>
   </div>
   <div class='ocr_carea' id='block_1_13' title="bbox 221 1345 1793 1418">
    <p class='ocr_par' dir='ltr' id='par_1_13' title="bbox 221 1345 1793 1418">
     <span class='ocr_line' id='line_1_13' title="bbox 221 1345 1793 1418; baseline 0.005 -21"><span class='ocrx_word' id='word_1_78' title='bbox 221 1346 301 1397; x_wconf 88' lang='lat' dir='ltr'><strong>uti</strong></span> <span class='ocrx_word' id='word_1_79' title='bbox 334 1361 395 1398; x_wconf 90' lang='lat' dir='ltr'><strong>ex</strong></span> <span class='ocrx_word' id='word_1_80' title='bbox 429 1345 635 1415; x_wconf 85' lang='lat' dir='ltr'><strong>Cangio</strong></span> <span class='ocrx_word' id='word_1_81' title='bbox 661 1348 713 1400; x_wconf 91' lang='lat' dir='ltr'><strong>in</strong></span> <span class='ocrx_word' id='word_1_82' title='bbox 748 1346 1209 1418; x_wconf 79' lang='lat' dir='ltr'><strong>Constantinopoli</strong></span> <span class='ocrx_word' id='word_1_83' title='bbox 1260 1351 1590 1413; x_wconf 79' lang='lat' dir='ltr'><strong>Christiana,</strong></span> <span class='ocrx_word' id='word_1_84' title='bbox 1626 1355 1721 1406; x_wconf 91' lang='lat' dir='ltr'><strong>lib.</strong></span> <span class='ocrx_word' id='word_1_85' title='bbox 1756 1370 1793 1415; x_wconf 80' lang='grc' dir='ltr'><strong>ι,</strong></span> 
     </span>
    </p>
   </div>
   <div class='ocr_carea' id='block_1_14' title="bbox 219 1438 1797 1512">
    <p class='ocr_par' dir='ltr' id='par_1_14' title="bbox 219 1438 1797 1512">
     <span class='ocr_line' id='line_1_14' title="bbox 219 1438 1797 1512; baseline 0.005 -21"><span class='ocrx_word' id='word_1_86' title='bbox 219 1450 345 1507; x_wconf 85' lang='lat' dir='ltr'><strong>pag.</strong></span> <span class='ocrx_word' id='word_1_87' title='bbox 378 1438 448 1491; x_wconf 76' lang='grc' dir='ltr'>Η</span> <span class='ocrx_word' id='word_1_88' title='bbox 480 1450 536 1494; x_wconf 89' lang='lat' dir='ltr'><strong>et</strong></span> <span class='ocrx_word' id='word_1_89' title='bbox 572 1455 690 1510; x_wconf 88' lang='lat' dir='ltr'><strong>seq.</strong></span> <span class='ocrx_word' id='word_1_90' title='bbox 718 1442 1062 1512; x_wconf 87' lang='lat' dir='ltr'><strong>intelligitur,</strong></span> <span class='ocrx_word' id='word_1_91' title='bbox 1105 1445 1231 1507; x_wconf 88' lang='lat' dir='ltr'><strong>sita,</strong></span> <span class='ocrx_word' id='word_1_92' title='bbox 1279 1446 1544 1506; x_wconf 80' lang='lat' dir='ltr'><strong>exstabat,</strong></span> <span class='ocrx_word' id='word_1_93' title='bbox 1595 1444 1797 1499; x_wconf 81' lang='lat' dir='ltr'><strong>factum</strong></span> 
     </span>
    </p>
   </div>
   <div class='ocr_carea' id='block_1_15' title="bbox 218 1532 1800 1607">
    <p class='ocr_par' dir='ltr' id='par_1_15' title="bbox 218 1532 1800 1607">
     <span class='ocr_line' id='line_1_15' title="bbox 218 1532 1800 1607; baseline 0.005 -22"><span class='ocrx_word' id='word_1_94' title='bbox 218 1532 446 1587; x_wconf 90' lang='lat' dir='ltr'><strong>iudubie</strong></span> <span class='ocrx_word' id='word_1_95' title='bbox 479 1533 665 1597; x_wconf 79' lang='lat' dir='ltr'><strong>fuerit,</strong></span> <span class='ocrx_word' id='word_1_96' title='bbox 714 1536 792 1590; x_wconf 90' lang='lat' dir='ltr'><strong>uti</strong></span> <span class='ocrx_word' id='word_1_97' title='bbox 843 1536 927 1590; x_wconf 92' lang='lat' dir='ltr'><strong>vel</strong></span> <span class='ocrx_word' id='word_1_98' title='bbox 972 1552 1038 1591; x_wconf 92' lang='lat' dir='ltr'><strong>ex</strong></span> <span class='ocrx_word' id='word_1_99' title='bbox 1087 1552 1153 1593; x_wconf 87' lang='lat' dir='ltr'><strong>eo</strong></span> <span class='ocrx_word' id='word_1_100' title='bbox 1206 1538 1396 1607; x_wconf 90' lang='lat' dir='ltr'><strong>liquet,</strong></span> <span class='ocrx_word' id='word_1_101' title='bbox 1446 1539 1590 1607; x_wconf 90' lang='lat' dir='ltr'><strong>quod</strong></span> <span class='ocrx_word' id='word_1_102' title='bbox 1624 1538 1800 1593; x_wconf 88' lang='lat' dir='ltr'><strong>Ducas</strong></span> 
     </span>
    </p>
   </div>
   <div class='ocr_carea' id='block_1_16' title="bbox 219 1624 1796 1701">
    <p class='ocr_par' dir='ltr' id='par_1_16' title="bbox 219 1624 1796 1701">
     <span class='ocr_line' id='line_1_16' title="bbox 219 1624 1796 1701; baseline 0.004 -22"><span class='ocrx_word' id='word_1_103' title='bbox 219 1624 398 1679; x_wconf 88' lang='lat' dir='ltr'><strong>locum</strong></span> <span class='ocrx_word' id='word_1_104' title='bbox 435 1626 583 1679; x_wconf 90' lang='lat' dir='ltr'><strong>illum</strong></span> <span class='ocrx_word' id='word_1_105' title='bbox 618 1627 1085 1698; x_wconf 72' lang='grc' dir='ltr'><strong>Μεγαδημήτριον</strong></span> <span class='ocrx_word' id='word_1_106' title='bbox 1133 1632 1435 1699; x_wconf 76' lang='grc' dir='ltr'><strong>ἀκρόπολιν</strong></span> <span class='ocrx_word' id='word_1_107' title='bbox 1487 1646 1584 1685; x_wconf 89' lang='lat' dir='ltr'><strong>seu</strong></span> <span class='ocrx_word' id='word_1_108' title='bbox 1623 1632 1796 1701; x_wconf 74' lang='lat' dir='ltr'><strong>Magni</strong></span> 
     </span>
    </p>
   </div>
   <div class='ocr_carea' id='block_1_17' title="bbox 219 1717 1799 1788">
    <p class='ocr_par' dir='ltr' id='par_1_17' title="bbox 219 1717 1799 1788">
     <span class='ocr_line' id='line_1_17' title="bbox 219 1717 1799 1788; baseline 0.006 -19"><span class='ocrx_word' id='word_1_109' title='bbox 219 1717 480 1772; x_wconf 87' lang='lat' dir='ltr'><strong>Demetrii</strong></span> <span class='ocrx_word' id='word_1_110' title='bbox 507 1720 842 1788; x_wconf 82' lang='lat' dir='ltr'><strong>Acr0polim,</strong></span> <span class='ocrx_word' id='word_1_111' title='bbox 877 1737 904 1773; x_wconf 87' lang='lat' dir='ltr'><strong>a</strong></span> <span class='ocrx_word' id='word_1_112' title='bbox 933 1723 1114 1775; x_wconf 86' lang='lat' dir='ltr'><strong>vicino</strong></span> <span class='ocrx_word' id='word_1_113' title='bbox 1151 1724 1362 1777; x_wconf 72' lang='lat' dir='ltr'><strong>scilicet</strong></span> <span class='ocrx_word' id='word_1_114' title='bbox 1394 1724 1568 1777; x_wconf 81' lang='lat' dir='ltr'><strong>sancti</strong></span> <span class='ocrx_word' id='word_1_115' title='bbox 1603 1723 1799 1778; x_wconf 83' lang='lat' dir='ltr'><strong>Deme-</strong></span> 
     </span>
    </p>
   </div>
   <div class='ocr_carea' id='block_1_18' title="bbox 221 1810 1799 1885">
    <p class='ocr_par' dir='ltr' id='par_1_18' title="bbox 221 1810 1799 1885">
     <span class='ocr_line' id='line_1_18' title="bbox 221 1810 1799 1885; baseline 0.003 -20"><span class='ocrx_word' id='word_1_116' title='bbox 221 1810 312 1865; x_wconf 90' lang='lat' dir='ltr'><strong>trii</strong></span> <span class='ocrx_word' id='word_1_117' title='bbox 348 1813 550 1881; x_wconf 89' lang='lat' dir='ltr'><strong>templo</strong></span> <span class='ocrx_word' id='word_1_118' title='bbox 579 1815 1019 1869; x_wconf 83' lang='lat' dir='ltr'><strong>nomenclatione</strong></span> <span class='ocrx_word' id='word_1_119' title='bbox 1046 1824 1292 1885; x_wconf 50' lang='lat' dir='ltr'><strong>accttpta,</strong></span> <span class='ocrx_word' id='word_1_120' title='bbox 1322 1817 1373 1870; x_wconf 90' lang='lat' dir='ltr'><strong>in</strong></span> <span class='ocrx_word' id='word_1_121' title='bbox 1411 1828 1664 1872; x_wconf 84' lang='lat' dir='ltr'><strong>contexta</strong></span> <span class='ocrx_word' id='word_1_122' title='bbox 1686 1832 1715 1869; x_wconf 91' lang='lat' dir='ltr'><strong>a</strong></span> <span class='ocrx_word' id='word_1_123' title='bbox 1742 1831 1799 1870; x_wconf 82' lang='lat' dir='ltr'><strong>se</strong></span> 
     </span>
    </p>
   </div>
   <div class='ocr_carea' id='block_1_19' title="bbox 219 1901 1215 1977">
    <p class='ocr_par' dir='ltr' id='par_1_19' title="bbox 219 1901 1215 1977">
     <span class='ocr_line' id='line_1_19' title="bbox 219 1901 1215 1977; baseline 0.008 -22"><span class='ocrx_word' id='word_1_124' title='bbox 219 1901 490 1965; x_wconf 74' lang='lat' dir='ltr'><strong>Historia,</strong></span> <span class='ocrx_word' id='word_1_125' title='bbox 526 1919 645 1975; x_wconf 89' lang='lat' dir='ltr'><strong>cap.</strong></span> <span class='ocrx_word' id='word_1_126' title='bbox 676 1905 744 1961; x_wconf 73' lang='lat'><strong>38</strong></span> <span class='ocrx_word' id='word_1_127' title='bbox 773 1916 827 1961; x_wconf 89' lang='lat' dir='ltr'><strong>et</strong></span> <span class='ocrx_word' id='word_1_128' title='bbox 854 1906 923 1961; x_wconf 81' lang='lat'><strong>39</strong></span> <span class='ocrx_word' id='word_1_129' title='bbox 956 1909 1215 1977; x_wconf 75' lang='lat' dir='ltr'><strong>appellet.</strong></span> 
     </span>
    </p>
   </div>
   <div class='ocr_carea' id='block_1_20' title="bbox 294 1998 1800 2071">
    <p class='ocr_par' dir='ltr' id='par_1_20' title="bbox 294 1998 1800 2071">
     <span class='ocr_line' id='line_1_20' title="bbox 294 1998 1800 2071; baseline 0.004 -22"><span class='ocrx_word' id='word_1_130' title='bbox 294 1998 419 2051; x_wconf 75' lang='grc'><strong>116.</strong></span> <span class='ocrx_word' id='word_1_131' title='bbox 450 1998 655 2052; x_wconf 81' lang='lat' dir='ltr'><strong>Verum</strong></span> <span class='ocrx_word' id='word_1_132' title='bbox 705 2000 794 2055; x_wconf 90' lang='lat' dir='ltr'><strong>hic</strong></span> <span class='ocrx_word' id='word_1_133' title='bbox 844 2001 1096 2055; x_wconf 86' lang='lat' dir='ltr'><strong>intricata</strong></span> <span class='ocrx_word' id='word_1_134' title='bbox 1153 2002 1449 2055; x_wconf 78' lang='lat' dir='ltr'><strong>admodum</strong></span> <span class='ocrx_word' id='word_1_135' title='bbox 1508 2003 1800 2071; x_wconf 89' lang='lat' dir='ltr'><strong>solutnque</strong></span> 
     </span>
    </p>
   </div>
   <div class='ocr_carea' id='block_1_21' title="bbox 220 2090 1801 2160">
    <p class='ocr_par' dir='ltr' id='par_1_21' title="bbox 220 2090 1801 2160">
     <span class='ocr_line' id='line_1_21' title="bbox 220 2090 1801 2160; baseline 0.003 -15"><span class='ocrx_word' id='word_1_136' title='bbox 220 2090 459 2146; x_wconf 78' lang='lat' dir='ltr'><strong>diﬂicilis</strong></span> <span class='ocrx_word' id='word_1_137' title='bbox 511 2094 740 2160; x_wconf 63' lang='lat' dir='ltr'><strong>quaestio</strong></span> <span class='ocrx_word' id='word_1_138' title='bbox 793 2094 1062 2149; x_wconf 77' lang='lat' dir='ltr'><strong>exoritur.</strong></span> <span class='ocrx_word' id='word_1_139' title='bbox 1118 2095 1333 2148; x_wconf 89' lang='lat' dir='ltr'><strong>Etenim</strong></span> <span class='ocrx_word' id='word_1_140' title='bbox 1405 2094 1801 2149; x_wconf 86' lang='lat' dir='ltr'><strong>Constantinus</strong></span> 
     </span>
    </p>
   </div>
   <div class='ocr_carea' id='block_1_22' title="bbox 224 2182 1799 2257">
    <p class='ocr_par' dir='ltr' id='par_1_22' title="bbox 224 2182 1799 2257">
     <span class='ocr_line' id='line_1_22' title="bbox 224 2182 1799 2257; baseline 0.003 -19"><span class='ocrx_word' id='word_1_141' title='bbox 224 2182 743 2257; x_wconf 82' lang='lat' dir='ltr'><strong>Porphyrogenitus,</strong></span> <span class='ocrx_word' id='word_1_142' title='bbox 779 2186 832 2239; x_wconf 92' lang='lat' dir='ltr'><strong>in</strong></span> <span class='ocrx_word' id='word_1_143' title='bbox 856 2183 1053 2241; x_wconf 83' lang='lat' dir='ltr'><strong>Basilio</strong></span> <span class='ocrx_word' id='word_1_144' title='bbox 1074 2187 1389 2250; x_wconf 80' lang='lat' dir='ltr'><strong>Macedone,</strong></span> <span class='ocrx_word' id='word_1_145' title='bbox 1415 2204 1536 2256; x_wconf 86' lang='lat' dir='ltr'><strong>cap.</strong></span> <span class='ocrx_word' id='word_1_146' title='bbox 1576 2189 1665 2251; x_wconf 76' lang='grc'><strong>56,</strong></span> <span class='ocrx_word' id='word_1_147' title='bbox 1690 2200 1799 2256; x_wconf 90' lang='lat' dir='ltr'><strong>quo</strong></span> 
     </span>
    </p>
   </div>
   <div class='ocr_carea' id='block_1_23' title="bbox 219 2279 1800 2348">
    <p class='ocr_par' dir='ltr' id='par_1_23' title="bbox 219 2279 1800 2348">
     <span class='ocr_line' id='line_1_23' title="bbox 219 2279 1800 2348; baseline -0.002 -15"><span class='ocrx_word' id='word_1_148' title='bbox 219 2279 370 2334; x_wconf 68' lang='lat' dir='ltr'><strong>cdes</strong></span> <span class='ocrx_word' id='word_1_149' title='bbox 400 2295 584 2333; x_wconf 86' lang='lat' dir='ltr'><strong>sacras</strong></span> <span class='ocrx_word' id='word_1_150' title='bbox 614 2279 904 2333; x_wconf 89' lang='lat' dir='ltr'><strong>nonnullas</strong></span> <span class='ocrx_word' id='word_1_151' title='bbox 926 2319 941 2339; x_wconf 88' lang='lat'><em>.</em></span> <span class='ocrx_word' id='word_1_152' title='bbox 974 2280 1043 2333; x_wconf 91' lang='lat' dir='ltr'><strong>ab</strong></span> <span class='ocrx_word' id='word_1_153' title='bbox 1081 2280 1186 2334; x_wconf 87' lang='lat' dir='ltr'><strong>hoc</strong></span> <span class='ocrx_word' id='word_1_154' title='bbox 1224 2280 1556 2348; x_wconf 90' lang='lat' dir='ltr'><strong>imperatore</strong></span> <span class='ocrx_word' id='word_1_155' title='bbox 1587 2281 1800 2332; x_wconf 84' lang='lat' dir='ltr'><strong>instau-</strong></span> 
     </span>
    </p>
   </div>
   <div class='ocr_carea' id='block_1_24' title="bbox 218 2371 1800 2435">
    <p class='ocr_par' dir='ltr' id='par_1_24' title="bbox 218 2371 1800 2435">
     <span class='ocr_line' id='line_1_24' title="bbox 218 2371 1800 2435; baseline -0.001 -10"><span class='ocrx_word' id='word_1_156' title='bbox 218 2383 391 2435; x_wconf 81' lang='lat' dir='ltr'><strong>ratas,</strong></span> <span class='ocrx_word' id='word_1_157' title='bbox 418 2382 691 2434; x_wconf 80' lang='lat' dir='ltr'><strong>recenset.</strong></span> <span class='ocrx_word' id='word_1_158' title='bbox 718 2373 869 2427; x_wconf 91' lang='lat' dir='ltr'><strong>hisce</strong></span> <span class='ocrx_word' id='word_1_159' title='bbox 896 2373 1061 2426; x_wconf 86' lang='lat' dir='ltr'><strong>etiam</strong></span> <span class='ocrx_word' id='word_1_160' title='bbox 1087 2371 1283 2433; x_wconf 65' lang='lat' dir='ltr'><strong>tndem,</strong></span> <span class='ocrx_word' id='word_1_161' title='bbox 1308 2381 1499 2425; x_wconf 88' lang='lat' dir='ltr'><strong>sancto</strong></span> <span class='ocrx_word' id='word_1_162' title='bbox 1527 2371 1634 2424; x_wconf 80' lang='lat' dir='ltr'><strong>Den</strong></span> <span class='ocrx_word' id='word_1_163' title='bbox 1659 2372 1800 2424; x_wconf 90' lang='lat' dir='ltr'><strong>etrio</strong></span> 
     </span>
    </p>
   </div>
   <div class='ocr_carea' id='block_1_25' title="bbox 217 2463 1799 2537">
    <p class='ocr_par' dir='ltr' id='par_1_25' title="bbox 217 2463 1799 2537">
     <span class='ocr_line' id='line_1_25' title="bbox 217 2463 1799 2537; baseline -0.003 -16"><span class='ocrx_word' id='word_1_164' title='bbox 217 2481 460 2531; x_wconf 83' lang='lat' dir='ltr'><strong>sacram,</strong></span> <span class='ocrx_word' id='word_1_165' title='bbox 498 2468 858 2537; x_wconf 86' lang='lat' dir='ltr'><strong>sequentibus</strong></span> <span class='ocrx_word' id='word_1_166' title='bbox 888 2465 1071 2519; x_wconf 88' lang='lat' dir='ltr'><strong>verbis</strong></span> <span class='ocrx_word' id='word_1_167' title='bbox 1100 2476 1431 2518; x_wconf 86' lang='lat' dir='ltr'><strong>annumerat</strong></span> <span class='ocrx_word' id='word_1_168' title='bbox 1464 2481 1478 2517; x_wconf 88' lang='lat'><strong>:</strong></span> <span class='ocrx_word' id='word_1_169' title='bbox 1520 2483 1537 2516; x_wconf 77' lang='grc' dir='ltr'>ι</span> <span class='ocrx_word' id='word_1_170' title='bbox 1584 2463 1799 2517; x_wconf 76' lang='lat' dir='ltr'><strong>Sancta:</strong></span> 
     </span>
    </p>
   </div>
   <div class='ocr_carea' id='block_1_26' title="bbox 219 2555 1801 2629">
    <p class='ocr_par' dir='ltr' id='par_1_26' title="bbox 219 2555 1801 2629">
     <span class='ocr_line' id='line_1_26' title="bbox 219 2555 1801 2629; baseline -0.003 -16"><span class='ocrx_word' id='word_1_171' title='bbox 219 2561 392 2613; x_wconf 69' lang='lat' dir='ltr'><strong>Anna:</strong></span> <span class='ocrx_word' id='word_1_172' title='bbox 422 2576 641 2629; x_wconf 88' lang='lat' dir='ltr'><strong>quoque</strong></span> <span class='ocrx_word' id='word_1_173' title='bbox 663 2560 717 2613; x_wconf 91' lang='lat' dir='ltr'><strong>in</strong></span> <span class='ocrx_word' id='word_1_174' title='bbox 744 2559 1021 2620; x_wconf 88' lang='lat' dir='ltr'><strong>Deuterio,</strong></span> <span class='ocrx_word' id='word_1_175' title='bbox 1046 2565 1100 2611; x_wconf 88' lang='lat' dir='ltr'><strong>et</strong></span> <span class='ocrx_word' id='word_1_176' title='bbox 1123 2557 1295 2610; x_wconf 89' lang='lat' dir='ltr'><strong>sancti</strong></span> <span class='ocrx_word' id='word_1_177' title='bbox 1324 2555 1524 2611; x_wconf 79' lang='lat' dir='ltr'><strong>Christi</strong></span> <span class='ocrx_word' id='word_1_178' title='bbox 1553 2555 1801 2621; x_wconf 82' lang='lat' dir='ltr'><strong>martyris</strong></span> 
     </span>
    </p>
   </div>
   <div class='ocr_carea' id='block_1_27' title="bbox 222 2650 1801 2714">
    <p class='ocr_par' dir='ltr' id='par_1_27' title="bbox 222 2650 1801 2714">
     <span class='ocr_line' id='line_1_27' title="bbox 222 2650 1801 2714; baseline -0.003 -6"><span class='ocrx_word' id='word_1_179' title='bbox 222 2655 484 2708; x_wconf 86' lang='lat' dir='ltr'><strong>Demetrii</strong></span> <span class='ocrx_word' id='word_1_180' title='bbox 530 2669 716 2709; x_wconf 87' lang='lat' dir='ltr'><strong>sacras</strong></span> <span class='ocrx_word' id='word_1_181' title='bbox 757 2653 922 2714; x_wconf 65' lang='lat' dir='ltr'><strong>mdes,</strong></span> <span class='ocrx_word' id='word_1_182' title='bbox 955 2660 1225 2705; x_wconf 85' lang='lat' dir='ltr'><strong>vetustate</strong></span> <span class='ocrx_word' id='word_1_183' title='bbox 1266 2650 1599 2712; x_wconf 85' lang='lat' dir='ltr'><strong>laborantes,</strong></span> <span class='ocrx_word' id='word_1_184' title='bbox 1633 2665 1801 2704; x_wconf 87' lang='lat' dir='ltr'><strong>novas</strong></span> 
     </span>
    </p>
   </div>
   <div class='ocr_carea' id='block_1_28' title="bbox 219 2744 1799 2819">
    <p class='ocr_par' dir='ltr' id='par_1_28' title="bbox 219 2744 1799 2819">
     <span class='ocr_line' id='line_1_28' title="bbox 219 2744 1799 2819; baseline -0.006 -14"><span class='ocrx_word' id='word_1_185' title='bbox 219 2767 284 2805; x_wconf 85' lang='lat' dir='ltr'><strong>ac</strong></span> <span class='ocrx_word' id='word_1_186' title='bbox 339 2750 614 2819; x_wconf 84' lang='lat' dir='ltr'><strong>elegantes</strong></span> <span class='ocrx_word' id='word_1_187' title='bbox 651 2745 867 2801; x_wconf 82' lang='lat' dir='ltr'><strong>refecit.</strong></span> <span class='ocrx_word' id='word_1_188' title='bbox 903 2764 921 2795; x_wconf 83' lang='grc'><strong>›</strong></span> <span class='ocrx_word' id='word_1_189' title='bbox 968 2744 1206 2812; x_wconf 84' lang='lat' dir='ltr'><strong>Cangius</strong></span> <span class='ocrx_word' id='word_1_190' title='bbox 1233 2756 1438 2807; x_wconf 89' lang='lat' dir='ltr'><strong>autem,</strong></span> <span class='ocrx_word' id='word_1_191' title='bbox 1480 2758 1611 2796; x_wconf 90' lang='lat' dir='ltr'><strong>num</strong></span> <span class='ocrx_word' id='word_1_192' title='bbox 1645 2758 1799 2796; x_wconf 88' lang='lat' dir='ltr'><strong>sacra</strong></span> 
     </span>
    </p>
   </div>
   <div class='ocr_carea' id='block_1_29' title="bbox 220 2834 1797 2911">
    <p class='ocr_par' dir='ltr' id='par_1_29' title="bbox 220 2834 1797 2911">
     <span class='ocr_line' id='line_1_29' title="bbox 220 2834 1797 2911; baseline -0.006 -14"><span class='ocrx_word' id='word_1_193' title='bbox 220 2845 362 2901; x_wconf 71' lang='lat' dir='ltr'><strong>haec,</strong></span> <span class='ocrx_word' id='word_1_194' title='bbox 389 2856 554 2911; x_wconf 90' lang='lat' dir='ltr'><strong>quam</strong></span> <span class='ocrx_word' id='word_1_195' title='bbox 590 2857 619 2893; x_wconf 90' lang='lat' dir='ltr'><strong>a</strong></span> <span class='ocrx_word' id='word_1_196' title='bbox 654 2838 858 2893; x_wconf 89' lang='lat' dir='ltr'><strong>Basilio</strong></span> <span class='ocrx_word' id='word_1_197' title='bbox 886 2836 1181 2890; x_wconf 77' lang='lat' dir='ltr'><strong>Macedone</strong></span> <span class='ocrx_word' id='word_1_198' title='bbox 1218 2837 1576 2889; x_wconf 87' lang='lat' dir='ltr'><strong>instauratam</strong></span> <span class='ocrx_word' id='word_1_199' title='bbox 1607 2834 1797 2897; x_wconf 78' lang='lat' dir='ltr'><strong>fuisse,</strong></span> 
     </span>
    </p>
   </div>
   <div class='ocr_carea' id='block_1_30' title="bbox 222 2929 1798 3006">
    <p class='ocr_par' dir='ltr' id='par_1_30' title="bbox 222 2929 1798 3006">
     <span class='ocr_line' id='line_1_30' title="bbox 222 2929 1798 3006; baseline -0.003 -19"><span class='ocrx_word' id='word_1_200' title='bbox 222 2936 490 3006; x_wconf 75' lang='lat' dir='ltr'><strong>Scylitzes</strong></span> <span class='ocrx_word' id='word_1_201' title='bbox 522 2947 740 3003; x_wconf 90' lang='lat' dir='ltr'><strong>quoque</strong></span> <span class='ocrx_word' id='word_1_202' title='bbox 769 2948 892 3001; x_wconf 85' lang='lat' dir='ltr'><strong>pag.</strong></span> <span class='ocrx_word' id='word_1_203' title='bbox 925 2930 1029 2986; x_wconf 82' lang='lat'><strong>588</strong></span> <span class='ocrx_word' id='word_1_204' title='bbox 1061 2930 1339 2983; x_wconf 73' lang='lat' dir='ltr'><strong>memoriae</strong></span> <span class='ocrx_word' id='word_1_205' title='bbox 1372 2930 1555 2997; x_wconf 84' lang='lat' dir='ltr'><strong>prodit</strong></span> <span class='ocrx_word' id='word_1_206' title='bbox 1576 2966 1589 2992; x_wconf 89' lang='lat'><strong>,</strong></span> <span class='ocrx_word' id='word_1_207' title='bbox 1625 2929 1798 2982; x_wconf 85' lang='lat' dir='ltr'><strong>sancti</strong></span> 
     </span>
    </p>
   </div>
   <div class='ocr_carea' id='block_1_31' title="bbox 224 3022 1799 3092">
    <p class='ocr_par' dir='ltr' id='par_1_31' title="bbox 224 3022 1799 3092">
     <span class='ocr_line' id='line_1_31' title="bbox 224 3022 1799 3092; baseline -0.005 -11"><span class='ocrx_word' id='word_1_208' title='bbox 224 3026 487 3081; x_wconf 90' lang='lat' dir='ltr'><strong>Demetrii</strong></span> <span class='ocrx_word' id='word_1_209' title='bbox 535 3027 681 3080; x_wconf 78' lang='lat' dir='ltr'><strong>:edes</strong></span> <span class='ocrx_word' id='word_1_210' title='bbox 732 3040 840 3077; x_wconf 88' lang='lat' dir='ltr'><strong>una</strong></span> <span class='ocrx_word' id='word_1_211' title='bbox 875 3032 1039 3092; x_wconf 89' lang='lat' dir='ltr'><strong>atque</strong></span> <span class='ocrx_word' id='word_1_212' title='bbox 1076 3022 1266 3076; x_wconf 88' lang='lat' dir='ltr'><strong>eadem</strong></span> <span class='ocrx_word' id='word_1_213' title='bbox 1320 3037 1442 3075; x_wconf 92' lang='lat' dir='ltr'><strong>cum</strong></span> <span class='ocrx_word' id='word_1_214' title='bbox 1499 3037 1583 3086; x_wconf 89' lang='lat' dir='ltr'><strong>ea,</strong></span> <span class='ocrx_word' id='word_1_215' title='bbox 1637 3036 1799 3090; x_wconf 90' lang='lat' dir='ltr'><strong>quam</strong></span> 
     </span>
    </p>
   </div>
   <div class='ocr_carea' id='block_1_32' title="bbox 222 3112 1802 3190">
    <p class='ocr_par' dir='ltr' id='par_1_32' title="bbox 222 3112 1802 3190">
     <span class='ocr_line' id='line_1_32' title="bbox 222 3112 1802 3190; baseline -0.006 -16"><span class='ocrx_word' id='word_1_216' title='bbox 222 3138 387 3190; x_wconf 82' lang='lat' dir='ltr'><strong>supra</strong></span> <span class='ocrx_word' id='word_1_217' title='bbox 418 3137 482 3175; x_wconf 82' lang='lat' dir='ltr'><strong>ex</strong></span> <span class='ocrx_word' id='word_1_218' title='bbox 514 3119 901 3187; x_wconf 80' lang='lat' dir='ltr'><strong>antiquitatum</strong></span> <span class='ocrx_word' id='word_1_219' title='bbox 930 3157 945 3180; x_wconf 88' lang='lat'><strong>,</strong></span> <span class='ocrx_word' id='word_1_220' title='bbox 974 3130 1067 3169; x_wconf 87' lang='lat' dir='ltr'><strong>seu</strong></span> <span class='ocrx_word' id='word_1_221' title='bbox 1104 3113 1381 3183; x_wconf 77' lang='lat' dir='ltr'><strong>Originum</strong></span> <span class='ocrx_word' id='word_1_222' title='bbox 1426 3112 1802 3169; x_wconf 80' lang='lat' dir='ltr'><strong>Constantino-</strong></span> 
     </span>
    </p>
   </div>
   <div class='ocr_carea' id='block_1_33' title="bbox 1902 621 3479 695">
    <p class='ocr_par' dir='ltr' id='par_1_33' title="bbox 1902 621 3479 695">
     <span class='ocr_line' id='line_1_33' title="bbox 1902 621 3479 695; baseline 0.01 -25"><span class='ocrx_word' id='word_1_223' title='bbox 1902 633 2071 683; x_wconf 89' lang='lat' dir='ltr'><strong>cram,</strong></span> <span class='ocrx_word' id='word_1_224' title='bbox 2109 621 2162 673; x_wconf 91' lang='lat' dir='ltr'><strong>in</strong></span> <span class='ocrx_word' id='word_1_225' title='bbox 2214 622 2416 689; x_wconf 87' lang='lat' dir='ltr'><strong>palatio</strong></span> <span class='ocrx_word' id='word_1_226' title='bbox 2460 631 2821 688; x_wconf 81' lang='lat' dir='ltr'><strong>exstructam,</strong></span> <span class='ocrx_word' id='word_1_227' title='bbox 2872 629 3151 681; x_wconf 82' lang='lat' dir='ltr'><strong>memori:e</strong></span> <span class='ocrx_word' id='word_1_228' title='bbox 3201 632 3479 695; x_wconf 83' lang='lat' dir='ltr'><strong>produnt;</strong></span> 
     </span>
    </p>
   </div>
   <div class='ocr_carea' id='block_1_34' title="bbox 1900 714 3480 791">
    <p class='ocr_par' dir='ltr' id='par_1_34' title="bbox 1900 714 3480 791">
     <span class='ocr_line' id='line_1_34' title="bbox 1900 714 3480 791; baseline 0.01 -28"><span class='ocrx_word' id='word_1_229' title='bbox 1900 722 2069 779; x_wconf 87' lang='lat' dir='ltr'><strong>quare</strong></span> <span class='ocrx_word' id='word_1_230' title='bbox 2105 714 2267 777; x_wconf 89' lang='lat' dir='ltr'><strong>hanc,</strong></span> <span class='ocrx_word' id='word_1_231' title='bbox 2303 716 2407 769; x_wconf 84' lang='lat' dir='ltr'><strong>nisi</strong></span> <span class='ocrx_word' id='word_1_232' title='bbox 2442 715 2582 770; x_wconf 79' lang='lat' dir='ltr'><strong>forte</strong></span> <span class='ocrx_word' id='word_1_233' title='bbox 2611 719 2737 785; x_wconf 86' lang='lat' dir='ltr'><strong>quis</strong></span> <span class='ocrx_word' id='word_1_234' title='bbox 2769 717 2904 772; x_wconf 87' lang='lat' dir='ltr'><strong>duas</strong></span> <span class='ocrx_word' id='word_1_235' title='bbox 2929 762 2943 783; x_wconf 93' lang='lat'><strong>,</strong></span> <span class='ocrx_word' id='word_1_236' title='bbox 2971 722 3118 787; x_wconf 93' lang='lat' dir='ltr'><strong>quod</strong></span> <span class='ocrx_word' id='word_1_237' title='bbox 3152 737 3345 791; x_wconf 87' lang='lat' dir='ltr'><strong>parum</strong></span> <span class='ocrx_word' id='word_1_238' title='bbox 3382 741 3480 778; x_wconf 78' lang='lat' dir='ltr'><strong>ve-</strong></span> 
     </span>
    </p>
   </div>
   <div class='ocr_carea' id='block_1_35' title="bbox 1903 802 3471 872">
    <p class='ocr_par' dir='ltr' id='par_1_35' title="bbox 1903 802 3471 872">
     <span class='ocr_line' id='line_1_35' title="bbox 1903 802 3471 872; baseline 0.008 -18"><span class='ocrx_word' id='word_1_239' title='bbox 1903 802 2142 856; x_wconf 81' lang='lat' dir='ltr'><strong>rosimile</strong></span> <span class='ocrx_word' id='word_1_240' title='bbox 2172 814 2423 872; x_wconf 82' lang='lat' dir='ltr'><strong>apparet,</strong></span> <span class='ocrx_word' id='word_1_241' title='bbox 2459 804 2667 859; x_wconf 88' lang='lat' dir='ltr'><strong>dicatas</strong></span> <span class='ocrx_word' id='word_1_242' title='bbox 2700 806 2878 860; x_wconf 92' lang='lat' dir='ltr'><strong>eidem</strong></span> <span class='ocrx_word' id='word_1_243' title='bbox 2910 809 2998 861; x_wconf 89' lang='lat' dir='ltr'><strong>Dei</strong></span> <span class='ocrx_word' id='word_1_244' title='bbox 3025 808 3289 865; x_wconf 87' lang='lat' dir='ltr'><strong>Genitrici</strong></span> <span class='ocrx_word' id='word_1_245' title='bbox 3324 812 3471 867; x_wconf 69' lang='lat' dir='ltr'><strong>aedes</strong></span> 
     </span>
    </p>
   </div>
   <div class='ocr_carea' id='block_1_36' title="bbox 1905 896 3480 962">
    <p class='ocr_par' dir='ltr' id='par_1_36' title="bbox 1905 896 3480 962">
     <span class='ocr_line' id='line_1_36' title="bbox 1905 896 3480 962; baseline 0.008 -16"><span class='ocrx_word' id='word_1_246' title='bbox 1905 896 1960 947; x_wconf 94' lang='lat' dir='ltr'><strong>in</strong></span> <span class='ocrx_word' id='word_1_247' title='bbox 2008 896 2207 962; x_wconf 86' lang='lat' dir='ltr'><strong>palatio</strong></span> <span class='ocrx_word' id='word_1_248' title='bbox 2247 898 2521 950; x_wconf 78' lang='lat' dir='ltr'><strong>exstitisse</strong></span> <span class='ocrx_word' id='word_1_249' title='bbox 2557 899 2723 960; x_wconf 84' lang='lat' dir='ltr'><strong>velit,</strong></span> <span class='ocrx_word' id='word_1_250' title='bbox 2763 914 2886 953; x_wconf 87' lang='lat' dir='ltr'><strong>esse</strong></span> <span class='ocrx_word' id='word_1_251' title='bbox 2934 916 3157 955; x_wconf 85' lang='lat' dir='ltr'><strong>necesse</strong></span> <span class='ocrx_word' id='word_1_252' title='bbox 3198 912 3284 957; x_wconf 90' lang='lat' dir='ltr'><strong>est</strong></span> <span class='ocrx_word' id='word_1_253' title='bbox 3334 905 3480 959; x_wconf 86' lang='lat' dir='ltr'><strong>illam</strong></span> 
     </span>
    </p>
   </div>
   <div class='ocr_carea' id='block_1_37' title="bbox 1903 986 3477 1057">
    <p class='ocr_par' dir='ltr' id='par_1_37' title="bbox 1903 986 3477 1057">
     <span class='ocr_line' id='line_1_37' title="bbox 1903 986 3477 1057; baseline 0.009 -19"><span class='ocrx_word' id='word_1_254' title='bbox 1903 986 2101 1053; x_wconf 87' lang='lat' dir='ltr'><strong>ipsam,</strong></span> <span class='ocrx_word' id='word_1_255' title='bbox 2123 1005 2263 1055; x_wconf 60' lang='lat' dir='ltr'><strong>qua,</strong></span> <span class='ocrx_word' id='word_1_256' title='bbox 2292 991 2543 1057; x_wconf 86' lang='lat' dir='ltr'><strong>quamvis</strong></span> <span class='ocrx_word' id='word_1_257' title='bbox 2573 991 2814 1057; x_wconf 87' lang='lat' dir='ltr'><strong>quidem,</strong></span> <span class='ocrx_word' id='word_1_258' title='bbox 2844 1003 2902 1046; x_wconf 95' lang='lat' dir='ltr'><strong>ut</strong></span> <span class='ocrx_word' id='word_1_259' title='bbox 2931 995 3083 1046; x_wconf 84' lang='lat' dir='ltr'><strong>Anna</strong></span> <span class='ocrx_word' id='word_1_260' title='bbox 3110 993 3387 1050; x_wconf 85' lang='lat' dir='ltr'><strong>Comnena</strong></span> <span class='ocrx_word' id='word_1_261' title='bbox 3414 1015 3477 1052; x_wconf 73' lang='lat' dir='ltr'><strong>ex</strong></span> 
     </span>
    </p>
   </div>
   <div class='ocr_carea' id='block_1_38' title="bbox 1902 1082 3480 1155">
    <p class='ocr_par' dir='ltr' id='par_1_38' title="bbox 1902 1082 3480 1155">
     <span class='ocr_line' id='line_1_38' title="bbox 1902 1082 3480 1155; baseline 0.008 -21"><span class='ocrx_word' id='word_1_262' title='bbox 1902 1082 2062 1134; x_wconf 88' lang='lat' dir='ltr'><strong>dictis</strong></span> <span class='ocrx_word' id='word_1_263' title='bbox 2097 1082 2276 1143; x_wconf 82' lang='lat' dir='ltr'><strong>docet,</strong></span> <span class='ocrx_word' id='word_1_264' title='bbox 2331 1083 2573 1150; x_wconf 74' lang='lat' dir='ltr'><strong>Deipara:</strong></span> <span class='ocrx_word' id='word_1_265' title='bbox 2612 1084 2663 1135; x_wconf 87' lang='lat' dir='ltr'><strong>in</strong></span> <span class='ocrx_word' id='word_1_266' title='bbox 2721 1085 2918 1151; x_wconf 90' lang='lat' dir='ltr'><strong>palatio</strong></span> <span class='ocrx_word' id='word_1_267' title='bbox 2968 1101 3116 1140; x_wconf 85' lang='lat' dir='ltr'><strong>sacra</strong></span> <span class='ocrx_word' id='word_1_268' title='bbox 3167 1090 3480 1155; x_wconf 89' lang='lat' dir='ltr'><strong>exstiterit,</strong></span> 
     </span>
    </p>
   </div>
   <div class='ocr_carea' id='block_1_39' title="bbox 1904 1172 3477 1252">
    <p class='ocr_par' dir='ltr' id='par_1_39' title="bbox 1904 1172 3477 1252">
     <span class='ocr_line' id='line_1_39' title="bbox 1904 1172 3477 1252; baseline 0.008 -26"><span class='ocrx_word' id='word_1_269' title='bbox 1904 1172 2159 1228; x_wconf 86' lang='lat' dir='ltr'><strong>Demetrii</strong></span> <span class='ocrx_word' id='word_1_270' title='bbox 2197 1175 2557 1229; x_wconf 80' lang='lat' dir='ltr'><strong>nihilominus</strong></span> <span class='ocrx_word' id='word_1_271' title='bbox 2582 1179 2803 1231; x_wconf 86' lang='lat' dir='ltr'><strong>nomine</strong></span> <span class='ocrx_word' id='word_1_272' title='bbox 2835 1180 3088 1249; x_wconf 86' lang='lat' dir='ltr'><strong>insignita</strong></span> <span class='ocrx_word' id='word_1_273' title='bbox 3118 1197 3147 1234; x_wconf 89' lang='lat' dir='ltr'><strong>a</strong></span> <span class='ocrx_word' id='word_1_274' title='bbox 3168 1183 3330 1252; x_wconf 91' lang='lat' dir='ltr'><strong>vulgo</strong></span> <span class='ocrx_word' id='word_1_275' title='bbox 3356 1181 3477 1249; x_wconf 77' lang='lat' dir='ltr'><strong>fuit,</strong></span> 
     </span>
    </p>
   </div>
   <div class='ocr_carea' id='block_1_40' title="bbox 1902 1270 3462 1346">
    <p class='ocr_par' dir='ltr' id='par_1_40' title="bbox 1902 1270 3462 1346">
     <span class='ocr_line' id='line_1_40' title="bbox 1902 1270 3462 1346; baseline 0.007 -27"><span class='ocrx_word' id='word_1_276' title='bbox 1902 1284 2149 1337; x_wconf 71' lang='lat' dir='ltr'><strong>quaeque,</strong></span> <span class='ocrx_word' id='word_1_277' title='bbox 2190 1270 2289 1323; x_wconf 86' lang='lat' dir='ltr'><strong>nisi</strong></span> <span class='ocrx_word' id='word_1_278' title='bbox 2326 1271 2463 1324; x_wconf 84' lang='lat' dir='ltr'><strong>forte</strong></span> <span class='ocrx_word' id='word_1_279' title='bbox 2496 1272 2644 1341; x_wconf 86' lang='lat' dir='ltr'><strong>quis.</strong></span> <span class='ocrx_word' id='word_1_280' title='bbox 2673 1282 2863 1327; x_wconf 88' lang='lat' dir='ltr'><strong>contra</strong></span> <span class='ocrx_word' id='word_1_281' title='bbox 2894 1289 2956 1328; x_wconf 89' lang='lat' dir='ltr'><strong>ac</strong></span> <span class='ocrx_word' id='word_1_282' title='bbox 2985 1276 3296 1329; x_wconf 84' lang='lat' dir='ltr'><strong>verosimile</strong></span> <span class='ocrx_word' id='word_1_283' title='bbox 3314 1292 3462 1346; x_wconf 87' lang='lat' dir='ltr'><strong>appa</strong></span> 
     </span>
    </p>
   </div>
   <div class='ocr_carea' id='block_1_41' title="bbox 1903 1363 3477 1433">
    <p class='ocr_par' dir='ltr' id='par_1_41' title="bbox 1903 1363 3477 1433">
     <span class='ocr_line' id='line_1_41' title="bbox 1903 1363 3477 1433; baseline 0.006 -21"><span class='ocrx_word' id='word_1_284' title='bbox 1903 1363 2182 1421; x_wconf 73' lang='lat' dir='ltr'><strong>ret,a3des</strong></span> <span class='ocrx_word' id='word_1_285' title='bbox 2214 1363 2366 1420; x_wconf 88' lang='lat' dir='ltr'><strong>duas.</strong></span> <span class='ocrx_word' id='word_1_286' title='bbox 2402 1368 2572 1417; x_wconf 85' lang='lat' dir='ltr'><strong>sancti</strong></span> <span class='ocrx_word' id='word_1_287' title='bbox 2609 1366 2867 1419; x_wconf 82' lang='lat' dir='ltr'><strong>Demetrii</strong></span> <span class='ocrx_word' id='word_1_288' title='bbox 2906 1367 3129 1420; x_wconf 88' lang='lat' dir='ltr'><strong>nomine</strong></span> <span class='ocrx_word' id='word_1_289' title='bbox 3166 1368 3477 1433; x_wconf 86' lang='lat' dir='ltr'><strong>distinctas,</strong></span> 
     </span>
    </p>
   </div>
   <div class='ocr_carea' id='block_1_42' title="bbox 1904 1443 3480 1526">
    <p class='ocr_par' dir='ltr' id='par_1_42' title="bbox 1904 1443 3480 1526">
     <span class='ocr_line' id='line_1_42' title="bbox 1904 1443 3480 1526; baseline 0.008 -23"><span class='ocrx_word' id='word_1_290' title='bbox 1904 1454 1954 1506; x_wconf 90' lang='lat' dir='ltr'><strong>in</strong></span> <span class='ocrx_word' id='word_1_291' title='bbox 2006 1454 2203 1521; x_wconf 83' lang='lat' dir='ltr'><strong>palatio</strong></span> <span class='ocrx_word' id='word_1_292' title='bbox 2246 1457 2521 1508; x_wconf 75' lang='lat' dir='ltr'><strong>exstitisse</strong></span> <span class='ocrx_word' id='word_1_293' title='bbox 2554 1456 2704 1519; x_wconf 85' lang='lat' dir='ltr'><strong>velit,</strong></span> <span class='ocrx_word' id='word_1_294' title='bbox 2736 1472 2859 1511; x_wconf 90' lang='lat' dir='ltr'><strong>cum</strong></span> <span class='ocrx_word' id='word_1_295' title='bbox 2910 1474 3062 1511; x_wconf 87' lang='lat' dir='ltr'><strong>sacra</strong></span> <span class='ocrx_word' id='word_1_296' title='bbox 3111 1457 3298 1513; x_wconf 87' lang='lat' dir='ltr'><strong>Sancti</strong></span> <span class='ocrx_word' id='word_1_297' title='bbox 3340 1443 3480 1526; x_wconf 69' lang='lat' dir='ltr'><strong>aede,</strong></span> 
     </span>
    </p>
   </div>
   <div class='ocr_carea' id='block_1_43' title="bbox 1902 1546 3481 1615">
    <p class='ocr_par' dir='ltr' id='par_1_43' title="bbox 1902 1546 3481 1615">
     <span class='ocr_line' id='line_1_43' title="bbox 1902 1546 3481 1615; baseline 0.008 -20"><span class='ocrx_word' id='word_1_298' title='bbox 1902 1562 2063 1615; x_wconf 87' lang='lat' dir='ltr'><strong>quam</strong></span> <span class='ocrx_word' id='word_1_299' title='bbox 2097 1547 2150 1598; x_wconf 93' lang='lat' dir='ltr'><strong>in</strong></span> <span class='ocrx_word' id='word_1_300' title='bbox 2188 1548 2391 1614; x_wconf 82' lang='lat' dir='ltr'><strong>palatio</strong></span> <span class='ocrx_word' id='word_1_301' title='bbox 2421 1546 2840 1603; x_wconf 76' lang='lat' dir='ltr'><strong>Cantacuzeuus</strong></span> <span class='ocrx_word' id='word_1_302' title='bbox 2874 1552 3105 1609; x_wconf 88' lang='lat' dir='ltr'><strong>statuit.</strong></span> <span class='ocrx_word' id='word_1_303' title='bbox 3139 1554 3330 1606; x_wconf 86' lang='lat' dir='ltr'><strong>eadem</strong></span> <span class='ocrx_word' id='word_1_304' title='bbox 3359 1570 3481 1608; x_wconf 88' lang='lat' dir='ltr'><strong>esse</strong></span> 
     </span>
    </p>
   </div>
   <div class='ocr_carea' id='block_1_44' title="bbox 1903 1638 3481 1711">
    <p class='ocr_par' dir='ltr' id='par_1_44' title="bbox 1903 1638 3481 1711">
     <span class='ocr_line' id='line_1_44' title="bbox 1903 1638 3481 1711; baseline 0.004 -20"><span class='ocrx_word' id='word_1_305' title='bbox 1903 1640 2082 1692; x_wconf 84' lang='lat' dir='ltr'><strong>debet.</strong></span> <span class='ocrx_word' id='word_1_306' title='bbox 2124 1638 2291 1692; x_wconf 81' lang='lat' dir='ltr'><strong>Porro</strong></span> <span class='ocrx_word' id='word_1_307' title='bbox 2326 1640 2528 1693; x_wconf 86' lang='lat' dir='ltr'><strong>laudati</strong></span> <span class='ocrx_word' id='word_1_308' title='bbox 2558 1641 2821 1711; x_wconf 77' lang='lat' dir='ltr'><strong>Scylitxes</strong></span> <span class='ocrx_word' id='word_1_309' title='bbox 2857 1652 2909 1695; x_wconf 86' lang='lat' dir='ltr'><strong>et</strong></span> <span class='ocrx_word' id='word_1_310' title='bbox 2934 1641 3327 1699; x_wconf 84' lang='lat' dir='ltr'><strong>Constantinus</strong></span> <span class='ocrx_word' id='word_1_311' title='bbox 3357 1645 3481 1700; x_wconf 85' lang='lat' dir='ltr'><strong>Por-</strong></span> 
     </span>
    </p>
   </div>
   <div class='ocr_carea' id='block_1_45' title="bbox 1905 1731 3479 1801">
    <p class='ocr_par' dir='ltr' id='par_1_45' title="bbox 1905 1731 3479 1801">
     <span class='ocr_line' id='line_1_45' title="bbox 1905 1731 3479 1801; baseline 0.004 -17"><span class='ocrx_word' id='word_1_312' title='bbox 1905 1731 2316 1800; x_wconf 82' lang='lat' dir='ltr'><strong>pltyrogenitus,</strong></span> <span class='ocrx_word' id='word_1_313' title='bbox 2351 1733 2465 1799; x_wconf 91' lang='lat' dir='ltr'><strong>qui,</strong></span> <span class='ocrx_word' id='word_1_314' title='bbox 2500 1733 2957 1801; x_wconf 71' lang='lat' dir='ltr'><strong>quemadmodum</strong></span> <span class='ocrx_word' id='word_1_315' title='bbox 2993 1734 3100 1801; x_wconf 82' lang='lat' dir='ltr'><strong>jam</strong></span> <span class='ocrx_word' id='word_1_316' title='bbox 3146 1736 3305 1790; x_wconf 85' lang='lat' dir='ltr'><strong>docui</strong></span> <span class='ocrx_word' id='word_1_317' title='bbox 3328 1779 3341 1797; x_wconf 87' lang='lat'><strong>,</strong></span> <span class='ocrx_word' id='word_1_318' title='bbox 3385 1738 3479 1791; x_wconf 86' lang='lat' dir='ltr'><strong>Dei</strong></span> 
     </span>
    </p>
   </div>
   <div class='ocr_carea' id='block_1_46' title="bbox 1904 1824 3478 1893">
    <p class='ocr_par' dir='ltr' id='par_1_46' title="bbox 1904 1824 3478 1893">
     <span class='ocr_line' id='line_1_46' title="bbox 1904 1824 3478 1893; baseline 0.003 -14"><span class='ocrx_word' id='word_1_319' title='bbox 1904 1824 2165 1879; x_wconf 76' lang='lat' dir='ltr'><strong>Genitrici</strong></span> <span class='ocrx_word' id='word_1_320' title='bbox 2203 1826 2373 1878; x_wconf 71' lang='lat' dir='ltr'><strong>aedem</strong></span> <span class='ocrx_word' id='word_1_321' title='bbox 2411 1825 2466 1878; x_wconf 90' lang='lat' dir='ltr'><strong>in</strong></span> <span class='ocrx_word' id='word_1_322' title='bbox 2503 1827 2703 1893; x_wconf 81' lang='lat' dir='ltr'><strong>palatio</strong></span> <span class='ocrx_word' id='word_1_323' title='bbox 2730 1845 2756 1881; x_wconf 91' lang='lat' dir='ltr'><strong>a</strong></span> <span class='ocrx_word' id='word_1_324' title='bbox 2793 1830 2990 1882; x_wconf 87' lang='lat' dir='ltr'><strong>Basilio</strong></span> <span class='ocrx_word' id='word_1_325' title='bbox 3023 1829 3317 1883; x_wconf 79' lang='lat' dir='ltr'><strong>Mac‘edone</strong></span> <span class='ocrx_word' id='word_1_326' title='bbox 3346 1830 3478 1883; x_wconf 68' lang='lat' dir='ltr'><strong>2di-</strong></span> 
     </span>
    </p>
   </div>
   <div class='ocr_carea' id='block_1_47' title="bbox 1835 1889 3479 1994">
    <p class='ocr_par' dir='ltr' id='par_1_47' title="bbox 1835 1889 3479 1994">
     <span class='ocr_line' id='line_1_47' title="bbox 1835 1889 3479 1994; baseline 0.005 -23"><span class='ocrx_word' id='word_1_327' title='bbox 1835 1889 1873 1941; x_wconf 66' lang='grc' dir='ltr'><strong>Β</strong></span> <span class='ocrx_word' id='word_1_328' title='bbox 1908 1918 2119 1973; x_wconf 80' lang='lat' dir='ltr'><strong>liratam</strong></span> <span class='ocrx_word' id='word_1_329' title='bbox 2178 1919 2342 1973; x_wconf 83' lang='lat' dir='ltr'><strong>luisse</strong></span> <span class='ocrx_word' id='word_1_330' title='bbox 2422 1922 2667 1986; x_wconf 89' lang='lat' dir='ltr'><strong>tradunt,</strong></span> <span class='ocrx_word' id='word_1_331' title='bbox 2721 1925 2789 1978; x_wconf 88' lang='lat' dir='ltr'><strong>ab</strong></span> <span class='ocrx_word' id='word_1_332' title='bbox 2831 1926 2930 1978; x_wconf 87' lang='lat' dir='ltr'><strong>hoc</strong></span> <span class='ocrx_word' id='word_1_333' title='bbox 2980 1926 3143 1978; x_wconf 87' lang='lat' dir='ltr'><strong>etiam</strong></span> <span class='ocrx_word' id='word_1_334' title='bbox 3196 1926 3479 1994; x_wconf 87' lang='lat' dir='ltr'><strong>principe,</strong></span> 
     </span>
    </p>
   </div>
   <div class='ocr_carea' id='block_1_48' title="bbox 1901 2012 3480 2082">
    <p class='ocr_par' dir='ltr' id='par_1_48' title="bbox 1901 2012 3480 2082">
     <span class='ocr_line' id='line_1_48' title="bbox 1901 2012 3480 2082; baseline 0.003 -17"><span class='ocrx_word' id='word_1_335' title='bbox 1901 2012 2061 2082; x_wconf 89' lang='lat' dir='ltr'><strong>paulo</strong></span> <span class='ocrx_word' id='word_1_336' title='bbox 2090 2022 2379 2080; x_wconf 88' lang='lat' dir='ltr'><strong>antequam</strong></span> <span class='ocrx_word' id='word_1_337' title='bbox 2413 2013 2464 2066; x_wconf 91' lang='lat' dir='ltr'><strong>id</strong></span> <span class='ocrx_word' id='word_1_338' title='bbox 2492 2014 2693 2068; x_wconf 81' lang='lat' dir='ltr'><strong>iaciant</strong></span> <span class='ocrx_word' id='word_1_339' title='bbox 2716 2056 2729 2077; x_wconf 89' lang='lat'><strong>,</strong></span> <span class='ocrx_word' id='word_1_340' title='bbox 2762 2017 2933 2069; x_wconf 69' lang='lat' dir='ltr'><strong>aedem</strong></span> <span class='ocrx_word' id='word_1_341' title='bbox 2975 2027 3170 2069; x_wconf 89' lang='lat' dir='ltr'><strong>sancto</strong></span> <span class='ocrx_word' id='word_1_342' title='bbox 3207 2017 3480 2071; x_wconf 85' lang='lat' dir='ltr'><strong>Demetrio</strong></span> 
     </span>
    </p>
   </div>
   <div class='ocr_carea' id='block_1_49' title="bbox 1902 2105 3475 2177">
    <p class='ocr_par' dir='ltr' id='par_1_49' title="bbox 1902 2105 3475 2177">
     <span class='ocr_line' id='line_1_49' title="bbox 1902 2105 3475 2177; baseline 0.003 -19"><span class='ocrx_word' id='word_1_343' title='bbox 1902 2119 2112 2158; x_wconf 84' lang='lat' dir='ltr'><strong>sacram</strong></span> <span class='ocrx_word' id='word_1_344' title='bbox 2164 2105 2520 2158; x_wconf 89' lang='lat' dir='ltr'><strong>instauratam</strong></span> <span class='ocrx_word' id='word_1_345' title='bbox 2575 2106 2786 2171; x_wconf 78' lang='lat' dir='ltr'><strong>fuisse,</strong></span> <span class='ocrx_word' id='word_1_346' title='bbox 2845 2110 3123 2162; x_wconf 77' lang='lat' dir='ltr'><strong>memoria:</strong></span> <span class='ocrx_word' id='word_1_347' title='bbox 3192 2110 3475 2177; x_wconf 78' lang='lat' dir='ltr'><strong>produnt;</strong></span> 
     </span>
    </p>
   </div>
   <div class='ocr_carea' id='block_1_50' title="bbox 1900 2198 3479 2269">
    <p class='ocr_par' dir='ltr' id='par_1_50' title="bbox 1900 2198 3479 2269">
     <span class='ocr_line' id='line_1_50' title="bbox 1900 2198 3479 2269; baseline 0.003 -20"><span class='ocrx_word' id='word_1_348' title='bbox 1900 2210 2090 2267; x_wconf 90' lang='lat' dir='ltr'><strong>quare,</strong></span> <span class='ocrx_word' id='word_1_349' title='bbox 2125 2214 2245 2251; x_wconf 89' lang='lat' dir='ltr'><strong>cum</strong></span> <span class='ocrx_word' id='word_1_350' title='bbox 2288 2198 2427 2252; x_wconf 86' lang='lat' dir='ltr'><strong>hanc</strong></span> <span class='ocrx_word' id='word_1_351' title='bbox 2464 2199 2531 2251; x_wconf 88' lang='lat' dir='ltr'><strong>ab</strong></span> <span class='ocrx_word' id='word_1_352' title='bbox 2576 2200 2662 2251; x_wconf 87' lang='lat' dir='ltr'><strong>illa</strong></span> <span class='ocrx_word' id='word_1_353' title='bbox 2690 2242 2703 2264; x_wconf 94' lang='lat'><strong>,</strong></span> <span class='ocrx_word' id='word_1_354' title='bbox 2742 2215 2770 2252; x_wconf 88' lang='lat' dir='ltr'><strong>a</strong></span> <span class='ocrx_word' id='word_1_355' title='bbox 2813 2200 2975 2269; x_wconf 85' lang='lat' dir='ltr'><strong>vulgo</strong></span> <span class='ocrx_word' id='word_1_356' title='bbox 3029 2200 3192 2253; x_wconf 89' lang='lat' dir='ltr'><strong>etiam</strong></span> <span class='ocrx_word' id='word_1_357' title='bbox 3218 2243 3231 2258; x_wconf 93' lang='lat'><strong>.</strong></span> <span class='ocrx_word' id='word_1_358' title='bbox 3269 2208 3327 2253; x_wconf 95' lang='lat' dir='ltr'><strong>ut</strong></span> <span class='ocrx_word' id='word_1_359' title='bbox 3370 2201 3479 2269; x_wconf 75' lang='lat' dir='ltr'><strong>jam</strong></span> 
     </span>
    </p>
   </div>
   <div class='ocr_carea' id='block_1_51' title="bbox 1901 2290 3484 2361">
    <p class='ocr_par' dir='ltr' id='par_1_51' title="bbox 1901 2290 3484 2361">
     <span class='ocr_line' id='line_1_51' title="bbox 1901 2290 3484 2361; baseline 0 -18"><span class='ocrx_word' id='word_1_360' title='bbox 1901 2292 2084 2355; x_wconf 90' lang='lat' dir='ltr'><strong>docui,</strong></span> <span class='ocrx_word' id='word_1_361' title='bbox 2123 2292 2297 2345; x_wconf 83' lang='lat' dir='ltr'><strong>sancti</strong></span> <span class='ocrx_word' id='word_1_362' title='bbox 2331 2290 2589 2344; x_wconf 87' lang='lat' dir='ltr'><strong>Demetrii</strong></span> <span class='ocrx_word' id='word_1_363' title='bbox 2626 2294 2847 2345; x_wconf 90' lang='lat' dir='ltr'><strong>nomine</strong></span> <span class='ocrx_word' id='word_1_364' title='bbox 2884 2290 3128 2361; x_wconf 80' lang='lat' dir='ltr'><strong>insigniri</strong></span> <span class='ocrx_word' id='word_1_365' title='bbox 3160 2292 3338 2353; x_wconf 90' lang='lat' dir='ltr'><strong>solita,</strong></span> <span class='ocrx_word' id='word_1_366' title='bbox 3369 2305 3484 2343; x_wconf 83' lang='lat' dir='ltr'><strong>ma-</strong></span> 
     </span>
    </p>
   </div>
   <div class='ocr_carea' id='block_1_52' title="bbox 1902 2383 3482 2450">
    <p class='ocr_par' dir='ltr' id='par_1_52' title="bbox 1902 2383 3482 2450">
     <span class='ocr_line' id='line_1_52' title="bbox 1902 2383 3482 2450; baseline -0.002 -12"><span class='ocrx_word' id='word_1_367' title='bbox 1902 2383 2255 2438; x_wconf 77' lang='lat' dir='ltr'><strong>nifestissime</strong></span> <span class='ocrx_word' id='word_1_368' title='bbox 2286 2385 2643 2450; x_wconf 80' lang='lat' dir='ltr'><strong>distinguant,</strong></span> <span class='ocrx_word' id='word_1_369' title='bbox 2679 2386 3078 2437; x_wconf 84' lang='lat' dir='ltr'><strong>consectarium</strong></span> <span class='ocrx_word' id='word_1_370' title='bbox 3123 2398 3187 2436; x_wconf 87' lang='lat' dir='ltr'><strong>ex</strong></span> <span class='ocrx_word' id='word_1_371' title='bbox 3221 2385 3482 2435; x_wconf 79' lang='lat' dir='ltr'><strong>omnibus</strong></span> 
     </span>
    </p>
   </div>
   <div class='ocr_carea' id='block_1_53' title="bbox 1896 2476 3481 2546">
    <p class='ocr_par' dir='ltr' id='par_1_53' title="bbox 1896 2476 3481 2546">
     <span class='ocr_line' id='line_1_53' title="bbox 1896 2476 3481 2546; baseline -0.001 -18"><span class='ocrx_word' id='word_1_372' title='bbox 1896 2478 2007 2546; x_wconf 83' lang='lat' dir='ltr'><strong>jam</strong></span> <span class='ocrx_word' id='word_1_373' title='bbox 2039 2476 2198 2528; x_wconf 88' lang='lat' dir='ltr'><strong>dictis</strong></span> <span class='ocrx_word' id='word_1_374' title='bbox 2222 2486 2325 2536; x_wconf 89' lang='lat' dir='ltr'><strong>est,</strong></span> <span class='ocrx_word' id='word_1_375' title='bbox 2353 2486 2411 2527; x_wconf 93' lang='lat' dir='ltr'><strong>ut</strong></span> <span class='ocrx_word' id='word_1_376' title='bbox 2437 2492 2587 2529; x_wconf 88' lang='lat' dir='ltr'><strong>sacra</strong></span> <span class='ocrx_word' id='word_1_377' title='bbox 2617 2485 2809 2529; x_wconf 87' lang='lat' dir='ltr'><strong>sancto</strong></span> <span class='ocrx_word' id='word_1_378' title='bbox 2836 2476 3109 2531; x_wconf 83' lang='lat' dir='ltr'><strong>Demetrio</strong></span> <span class='ocrx_word' id='word_1_379' title='bbox 3136 2476 3301 2539; x_wconf 65' lang='lat' dir='ltr'><strong>aedes,</strong></span> <span class='ocrx_word' id='word_1_380' title='bbox 3320 2490 3481 2542; x_wconf 89' lang='lat' dir='ltr'><strong>quam</strong></span> 
     </span>
    </p>
   </div>
   <div class='ocr_carea' id='block_1_54' title="bbox 1902 2560 3480 2627">
    <p class='ocr_par' dir='ltr' id='par_1_54' title="bbox 1902 2560 3480 2627">
     <span class='ocr_line' id='line_1_54' title="bbox 1902 2560 3480 2627; baseline 0 -9"><span class='ocrx_word' id='word_1_381' title='bbox 1902 2578 1932 2618; x_wconf 89' lang='lat' dir='ltr'><strong>a</strong></span> <span class='ocrx_word' id='word_1_382' title='bbox 1966 2564 2163 2619; x_wconf 80' lang='lat' dir='ltr'><strong>Basilio</strong></span> <span class='ocrx_word' id='word_1_383' title='bbox 2213 2560 2504 2619; x_wconf 81' lang='lat' dir='ltr'><strong>Macedone</strong></span> <span class='ocrx_word' id='word_1_384' title='bbox 2540 2567 2894 2619; x_wconf 89' lang='lat' dir='ltr'><strong>instauratam</strong></span> <span class='ocrx_word' id='word_1_385' title='bbox 2948 2566 3117 2620; x_wconf 80' lang='lat' dir='ltr'><strong>fuisse</strong></span> <span class='ocrx_word' id='word_1_386' title='bbox 3194 2566 3480 2627; x_wconf 85' lang='lat' dir='ltr'><strong>scribunt,</strong></span> 
     </span>
    </p>
   </div>
   <div class='ocr_carea' id='block_1_55' title="bbox 1902 2657 3484 2727">
    <p class='ocr_par' dir='ltr' id='par_1_55' title="bbox 1902 2657 3484 2727">
     <span class='ocr_line' id='line_1_55' title="bbox 1902 2657 3484 2727; baseline 0.002 -19"><span class='ocrx_word' id='word_1_387' title='bbox 1902 2669 2057 2710; x_wconf 84' lang='lat' dir='ltr'><strong>extra</strong></span> <span class='ocrx_word' id='word_1_388' title='bbox 2091 2657 2354 2726; x_wconf 83' lang='lat' dir='ltr'><strong>palatium</strong></span> <span class='ocrx_word' id='word_1_389' title='bbox 2386 2658 2488 2711; x_wconf 89' lang='lat' dir='ltr'><strong>sita</strong></span> <span class='ocrx_word' id='word_1_390' title='bbox 2524 2658 2687 2710; x_wconf 79' lang='lat' dir='ltr'><strong>fuerit</strong></span> <span class='ocrx_word' id='word_1_391' title='bbox 2713 2700 2725 2721; x_wconf 89' lang='lat'><strong>,</strong></span> <span class='ocrx_word' id='word_1_392' title='bbox 2761 2660 3129 2727; x_wconf 88' lang='lat' dir='ltr'><strong>distinctaque</strong></span> <span class='ocrx_word' id='word_1_393' title='bbox 3158 2658 3390 2727; x_wconf 84' lang='lat' dir='ltr'><strong>proinde</strong></span> <span class='ocrx_word' id='word_1_394' title='bbox 3415 2658 3484 2711; x_wconf 88' lang='lat' dir='ltr'><strong>ab</strong></span> 
     </span>
    </p>
   </div>
   <div class='ocr_carea' id='block_1_56' title="bbox 1902 2748 3485 2819">
    <p class='ocr_par' dir='ltr' id='par_1_56' title="bbox 1902 2748 3485 2819">
     <span class='ocr_line' id='line_1_56' title="bbox 1902 2748 3485 2819; baseline -0.001 -16"><span class='ocrx_word' id='word_1_395' title='bbox 1902 2751 2037 2812; x_wconf 72' lang='lat' dir='ltr'><strong>aede,</strong></span> <span class='ocrx_word' id='word_1_396' title='bbox 2064 2759 2253 2803; x_wconf 88' lang='lat' dir='ltr'><strong>sancto</strong></span> <span class='ocrx_word' id='word_1_397' title='bbox 2281 2748 2552 2803; x_wconf 82' lang='lat' dir='ltr'><strong>Demetrio</strong></span> <span class='ocrx_word' id='word_1_398' title='bbox 2586 2766 2738 2804; x_wconf 87' lang='lat' dir='ltr'><strong>sacra</strong></span> <span class='ocrx_word' id='word_1_399' title='bbox 2764 2792 2777 2808; x_wconf 94' lang='lat'><strong>.</strong></span> <span class='ocrx_word' id='word_1_400' title='bbox 2810 2767 2970 2819; x_wconf 89' lang='lat' dir='ltr'><strong>quam</strong></span> <span class='ocrx_word' id='word_1_401' title='bbox 3024 2751 3077 2802; x_wconf 90' lang='lat' dir='ltr'><strong>in</strong></span> <span class='ocrx_word' id='word_1_402' title='bbox 3111 2750 3312 2819; x_wconf 81' lang='lat' dir='ltr'><strong>palatio</strong></span> <span class='ocrx_word' id='word_1_403' title='bbox 3340 2749 3485 2804; x_wconf 80' lang='lat' dir='ltr'><strong>Can-</strong></span> 
     </span>
    </p>
   </div>
   <div class='ocr_carea' id='block_1_57' title="bbox 1904 2842 3483 2912">
    <p class='ocr_par' dir='ltr' id='par_1_57' title="bbox 1904 2842 3483 2912">
     <span class='ocr_line' id='line_1_57' title="bbox 1904 2842 3483 2912; baseline 0 -16"><span class='ocrx_word' id='word_1_404' title='bbox 1904 2852 2199 2896; x_wconf 82' lang='lat' dir='ltr'><strong>tacuzenus</strong></span> <span class='ocrx_word' id='word_1_405' title='bbox 2232 2842 2402 2910; x_wconf 88' lang='lat' dir='ltr'><strong>ponit.</strong></span> <span class='ocrx_word' id='word_1_406' title='bbox 2452 2844 2517 2896; x_wconf 82' lang='lat' dir='ltr'><strong>At</strong></span> <span class='ocrx_word' id='word_1_407' title='bbox 2566 2860 2715 2905; x_wconf 85' lang='lat' dir='ltr'><strong>vero,</strong></span> <span class='ocrx_word' id='word_1_408' title='bbox 2762 2844 2995 2912; x_wconf 85' lang='lat' dir='ltr'><strong>inquies,</strong></span> <span class='ocrx_word' id='word_1_409' title='bbox 3025 2845 3335 2896; x_wconf 89' lang='lat' dir='ltr'><strong>orationem</strong></span> <span class='ocrx_word' id='word_1_410' title='bbox 3386 2857 3483 2897; x_wconf 83' lang='lat' dir='ltr'><strong>seu</strong></span> 
     </span>
    </p>
   </div>
   <div class='ocr_carea' id='block_1_58' title="bbox 1905 2934 3484 3003">
    <p class='ocr_par' dir='ltr' id='par_1_58' title="bbox 1905 2934 3484 3003">
     <span class='ocr_line' id='line_1_58' title="bbox 1905 2934 3484 3003; baseline 0.001 -17"><span class='ocrx_word' id='word_1_411' title='bbox 1905 2934 2203 2999; x_wconf 90' lang='lat' dir='ltr'><strong>bomiliam,</strong></span> <span class='ocrx_word' id='word_1_412' title='bbox 2251 2950 2411 3003; x_wconf 72' lang='lat' dir='ltr'><strong>supra</strong></span> <span class='ocrx_word' id='word_1_413' title='bbox 2464 2936 2583 3003; x_wconf 91' lang='lat' dir='ltr'><strong>plus</strong></span> <span class='ocrx_word' id='word_1_414' title='bbox 2648 2936 2815 2989; x_wconf 89' lang='lat' dir='ltr'><strong>semel</strong></span> <span class='ocrx_word' id='word_1_415' title='bbox 2866 2946 3246 2995; x_wconf 86' lang='lat' dir='ltr'><strong>memoratam,</strong></span> <span class='ocrx_word' id='word_1_416' title='bbox 3290 2934 3484 3003; x_wconf 85' lang='lat' dir='ltr'><strong>hisque</strong></span> 
     </span>
    </p>
   </div>
   <div class='ocr_carea' id='block_1_59' title="bbox 1903 3022 3483 3092">
    <p class='ocr_par' dir='ltr' id='par_1_59' title="bbox 1903 3022 3483 3092">
     <span class='ocr_line' id='line_1_59' title="bbox 1903 3022 3483 3092; baseline -0.001 -16"><span class='ocrx_word' id='word_1_417' title='bbox 1903 3023 2088 3077; x_wconf 82' lang='lat' dir='ltr'><strong>verbis</strong></span> <span class='ocrx_word' id='word_1_418' title='bbox 2116 3065 2128 3086; x_wconf 92' lang='lat'><strong>,</strong></span> <span class='ocrx_word' id='word_1_419' title='bbox 2176 3024 2365 3091; x_wconf 76' lang='grc' dir='ltr'><strong>Ἐφηὸ</strong></span> <span class='ocrx_word' id='word_1_420' title='bbox 2418 3027 2687 3092; x_wconf 76' lang='grc' dir='ltr'><strong>σωτήριος</strong></span> <span class='ocrx_word' id='word_1_421' title='bbox 2732 3024 2921 3085; x_wconf 79' lang='grc' dir='ltr'><strong>λόγος,</strong></span> <span class='ocrx_word' id='word_1_422' title='bbox 2966 3022 3278 3089; x_wconf 76' lang='lat' dir='ltr'><strong>inceptam,</strong></span> <span class='ocrx_word' id='word_1_423' title='bbox 3322 3037 3483 3090; x_wconf 85' lang='lat' dir='ltr'><strong>quam</strong></span> 
     </span>
    </p>
   </div>
   <div class='ocr_carea' id='block_1_60' title="bbox 1902 3110 3484 3184">
    <p class='ocr_par' dir='ltr' id='par_1_60' title="bbox 1902 3110 3484 3184">
     <span class='ocr_line' id='line_1_60' title="bbox 1902 3110 3484 3184; baseline -0.003 -14"><span class='ocrx_word' id='word_1_424' title='bbox 1902 3115 2287 3170; x_wconf 86' lang='lat' dir='ltr'><strong>Commentarii</strong></span> <span class='ocrx_word' id='word_1_425' title='bbox 2338 3114 2565 3184; x_wconf 80' lang='lat' dir='ltr'><strong>liujus§</strong></span> <span class='ocrx_word' id='word_1_426' title='bbox 2620 3116 2639 3167; x_wconf 93' lang='lat' dir='ltr'><strong>l</strong></span> <span class='ocrx_word' id='word_1_427' title='bbox 2696 3114 2864 3168; x_wconf 87' lang='lat' dir='ltr'><strong>Leoni</strong></span> <span class='ocrx_word' id='word_1_428' title='bbox 2916 3113 3183 3180; x_wconf 88' lang='lat' dir='ltr'><strong>Sapienti,</strong></span> <span class='ocrx_word' id='word_1_429' title='bbox 3236 3110 3484 3166; x_wconf 83' lang='lat' dir='ltr'><strong>Orientis</strong></span> 
     </span>
    </p>
   </div>
   <div class='ocr_carea' id='block_1_61' title="bbox 220 3206 3482 3290">
    <p class='ocr_par' dir='ltr' id='par_1_61' title="bbox 220 3206 3482 3290">
     <span class='ocr_line' id='line_1_61' title="bbox 220 3206 3482 3290; baseline -0.002 -23"><span class='ocrx_word' id='word_1_430' title='bbox 220 3216 585 3283; x_wconf 84' lang='lat' dir='ltr'><strong>potitanarum</strong></span> <span class='ocrx_word' id='word_1_431' title='bbox 618 3211 884 3279; x_wconf 85' lang='lat' dir='ltr'><strong>scriptore</strong></span> <span class='ocrx_word' id='word_1_432' title='bbox 932 3216 1204 3276; x_wconf 82' lang='lat' dir='ltr'><strong>anonymo</strong></span> <span class='ocrx_word' id='word_1_433' title='bbox 1236 3207 1676 3265; x_wconf 80' lang='lat' dir='ltr'><strong>memoravimus,</strong></span> <span class='ocrx_word' id='word_1_434' title='bbox 1710 3206 1800 3269; x_wconf 78' lang='lat' dir='ltr'><strong>sit,</strong></span> <span class='ocrx_word' id='word_1_435' title='bbox 1830 3233 1872 3290; x_wconf 69' lang='grc' dir='ltr'><strong>ο</strong></span> <span class='ocrx_word' id='word_1_436' title='bbox 1908 3210 2245 3279; x_wconf 87' lang='lat' dir='ltr'><strong>imperatori,</strong></span> <span class='ocrx_word' id='word_1_437' title='bbox 2283 3207 2575 3269; x_wconf 85' lang='lat' dir='ltr'><strong>vindicavi,</strong></span> <span class='ocrx_word' id='word_1_438' title='bbox 2607 3208 2806 3261; x_wconf 80' lang='lat' dir='ltr'><strong>diCtam</strong></span> <span class='ocrx_word' id='word_1_439' title='bbox 2856 3206 3024 3260; x_wconf 83' lang='lat' dir='ltr'><strong>fuisse</strong></span> <span class='ocrx_word' id='word_1_440' title='bbox 3055 3206 3122 3258; x_wconf 91' lang='lat' dir='ltr'><strong>ab</strong></span> <span class='ocrx_word' id='word_1_441' title='bbox 3154 3206 3255 3258; x_wconf 89' lang='lat' dir='ltr'><strong>hoc</strong></span> <span class='ocrx_word' id='word_1_442' title='bbox 3311 3216 3441 3258; x_wconf 89' lang='lat' dir='ltr'><strong>tunc</strong></span> <span class='ocrx_word' id='word_1_443' title='bbox 3468 3247 3482 3260; x_wconf 92' lang='lat'><strong>.</strong></span> 
     </span>
    </p>
   </div>
   <div class='ocr_carea' id='block_1_62' title="bbox 220 3296 1796 3372">
    <p class='ocr_par' dir='ltr' id='par_1_62' title="bbox 220 3296 1796 3372">
     <span class='ocr_line' id='line_1_62' title="bbox 220 3296 1796 3372; baseline -0.009 -11"><span class='ocrx_word' id='word_1_444' title='bbox 220 3310 277 3361; x_wconf 88' lang='lat' dir='ltr'><strong>in</strong></span> <span class='ocrx_word' id='word_1_445' title='bbox 308 3302 761 3372; x_wconf 77' lang='lat' dir='ltr'><strong>Constantinopoli</strong></span> <span class='ocrx_word' id='word_1_446' title='bbox 803 3300 1105 3355; x_wconf 81' lang='lat' dir='ltr'><strong>Christiana</strong></span> <span class='ocrx_word' id='word_1_447' title='bbox 1131 3341 1145 3363; x_wconf 92' lang='lat'><strong>,</strong></span> <span class='ocrx_word' id='word_1_448' title='bbox 1187 3298 1281 3351; x_wconf 86' lang='lat' dir='ltr'><strong>lib.</strong></span> <span class='ocrx_word' id='word_1_449' title='bbox 1319 3314 1394 3356; x_wconf 88' lang='lat' dir='ltr'><strong>tv.</strong></span> <span class='ocrx_word' id='word_1_450' title='bbox 1433 3313 1550 3365; x_wconf 82' lang='lat' dir='ltr'><strong>pag.</strong></span> <span class='ocrx_word' id='word_1_451' title='bbox 1591 3296 1691 3350; x_wconf 70' lang='lat'><strong>122</strong></span> <span class='ocrx_word' id='word_1_452' title='bbox 1742 3296 1796 3347; x_wconf 92' lang='lat' dir='ltr'><strong>in</strong></span> 
     </span>
    </p>
   </div>
   <div class='ocr_carea' id='block_1_63' title="bbox 219 3389 1795 3457">
    <p class='ocr_par' dir='ltr' id='par_1_63' title="bbox 219 3389 1795 3457">
     <span class='ocr_line' id='line_1_63' title="bbox 219 3389 1795 3457; baseline -0.009 0"><span class='ocrx_word' id='word_1_453' title='bbox 219 3402 448 3457; x_wconf 85' lang='lat' dir='ltr'><strong>dubium</strong></span> <span class='ocrx_word' id='word_1_454' title='bbox 498 3405 738 3457; x_wconf 90' lang='lat' dir='ltr'><strong>revocat,</strong></span> <span class='ocrx_word' id='word_1_455' title='bbox 776 3403 829 3449; x_wconf 88' lang='lat' dir='ltr'><strong>et</strong></span> <span class='ocrx_word' id='word_1_456' title='bbox 874 3407 1003 3447; x_wconf 88' lang='lat' dir='ltr'><strong>sane</strong></span> <span class='ocrx_word' id='word_1_457' title='bbox 1053 3407 1161 3444; x_wconf 90' lang='lat' dir='ltr'><strong>non</strong></span> <span class='ocrx_word' id='word_1_458' title='bbox 1205 3391 1500 3444; x_wconf 78' lang='lat' dir='ltr'><strong>immerito.</strong></span> <span class='ocrx_word' id='word_1_459' title='bbox 1544 3389 1756 3444; x_wconf 82' lang='lat' dir='ltr'><strong>Etenim</strong></span> <span class='ocrx_word' id='word_1_460' title='bbox 1783 3432 1795 3452; x_wconf 86' lang='lat'><strong>,</strong></span> 
     </span>
    </p>
   </div>
   <div class='ocr_carea' id='block_1_64' title="bbox 220 3483 1793 3563">
    <p class='ocr_par' dir='ltr' id='par_1_64' title="bbox 220 3483 1793 3563">
     <span class='ocr_line' id='line_1_64' title="bbox 220 3483 1793 3563; baseline -0.008 -16"><span class='ocrx_word' id='word_1_461' title='bbox 220 3489 679 3563; x_wconf 88' lang='lat' dir='ltr'><strong>quemadmodum</strong></span> <span class='ocrx_word' id='word_1_462' title='bbox 714 3487 817 3539; x_wconf 89' lang='lat' dir='ltr'><strong>hoc</strong></span> <span class='ocrx_word' id='word_1_463' title='bbox 856 3486 977 3538; x_wconf 94' lang='lat' dir='ltr'><strong>loco</strong></span> <span class='ocrx_word' id='word_1_464' title='bbox 1021 3484 1257 3552; x_wconf 88' lang='lat' dir='ltr'><strong>scriptor</strong></span> <span class='ocrx_word' id='word_1_465' title='bbox 1288 3483 1379 3536; x_wconf 92' lang='lat' dir='ltr'><strong>ille</strong></span> <span class='ocrx_word' id='word_1_466' title='bbox 1412 3492 1559 3537; x_wconf 90' lang='lat' dir='ltr'><strong>recte</strong></span> <span class='ocrx_word' id='word_1_467' title='bbox 1601 3491 1756 3535; x_wconf 84' lang='lat' dir='ltr'><strong>notat</strong></span> <span class='ocrx_word' id='word_1_468' title='bbox 1781 3523 1793 3544; x_wconf 90' lang='lat'><strong>,</strong></span> 
     </span>
    </p>
   </div>
   <div class='ocr_carea' id='block_1_65' title="bbox 221 3574 1796 3663">
    <p class='ocr_par' dir='ltr' id='par_1_65' title="bbox 221 3574 1796 3663">
     <span class='ocr_line' id='line_1_65' title="bbox 221 3574 1796 3663; baseline -0.009 -25"><span class='ocrx_word' id='word_1_469' title='bbox 221 3586 637 3640; x_wconf 80' lang='lat' dir='ltr'><strong>Cantacuzenus</strong></span> <span class='ocrx_word' id='word_1_470' title='bbox 661 3579 714 3632; x_wconf 92' lang='lat' dir='ltr'><strong>in</strong></span> <span class='ocrx_word' id='word_1_471' title='bbox 757 3576 1035 3663; x_wconf 58' lang='lat' dir='ltr'><strong>Historio,‘</strong></span> <span class='ocrx_word' id='word_1_472' title='bbox 1059 3590 1087 3627; x_wconf 88' lang='lat' dir='ltr'><strong>a</strong></span> <span class='ocrx_word' id='word_1_473' title='bbox 1115 3591 1172 3627; x_wconf 91' lang='lat' dir='ltr'><strong>se</strong></span> <span class='ocrx_word' id='word_1_474' title='bbox 1200 3576 1549 3639; x_wconf 83' lang='lat' dir='ltr'><strong>concinnata,</strong></span> <span class='ocrx_word' id='word_1_475' title='bbox 1589 3574 1681 3627; x_wconf 92' lang='lat' dir='ltr'><strong>lib.</strong></span> <span class='ocrx_word' id='word_1_476' title='bbox 1715 3590 1796 3638; x_wconf 83' lang='lat' dir='ltr'><strong>in,</strong></span> 
     </span>
    </p>
   </div>
   <div class='ocr_carea' id='block_1_66' title="bbox 223 3665 1794 3743">
    <p class='ocr_par' dir='ltr' id='par_1_66' title="bbox 223 3665 1794 3743">
     <span class='ocr_line' id='line_1_66' title="bbox 223 3665 1794 3743; baseline -0.008 -14"><span class='ocrx_word' id='word_1_477' title='bbox 223 3690 346 3743; x_wconf 87' lang='lat' dir='ltr'><strong>cap.</strong></span> <span class='ocrx_word' id='word_1_478' title='bbox 377 3672 409 3728; x_wconf 87' lang='lat'><strong>6</strong></span> <span class='ocrx_word' id='word_1_479' title='bbox 437 3682 490 3726; x_wconf 90' lang='lat' dir='ltr'><strong>et</strong></span> <span class='ocrx_word' id='word_1_480' title='bbox 513 3674 566 3735; x_wconf 88' lang='lat'><strong>9,</strong></span> <span class='ocrx_word' id='word_1_481' title='bbox 598 3669 767 3725; x_wconf 63' lang='lat' dir='ltr'><strong>edem</strong></span> <span class='ocrx_word' id='word_1_482' title='bbox 794 3683 1012 3737; x_wconf 85' lang='lat' dir='ltr'><strong>quoque</strong></span> <span class='ocrx_word' id='word_1_483' title='bbox 1042 3672 1236 3721; x_wconf 86' lang='lat' dir='ltr'><strong>sancto</strong></span> <span class='ocrx_word' id='word_1_484' title='bbox 1261 3665 1531 3720; x_wconf 86' lang='lat' dir='ltr'><strong>Demetrio</strong></span> <span class='ocrx_word' id='word_1_485' title='bbox 1558 3682 1794 3727; x_wconf 88' lang='lat' dir='ltr'><strong>sacram,</strong></span> 
     </span>
    </p>
   </div>
   <div class='ocr_carea' id='block_1_67' title="bbox 227 3759 1797 3837">
    <p class='ocr_par' dir='ltr' id='par_1_67' title="bbox 227 3759 1797 3837">
     <span class='ocr_line' id='line_1_67' title="bbox 227 3759 1797 3837; baseline -0.007 -15"><span class='ocrx_word' id='word_1_486' title='bbox 227 3772 281 3822; x_wconf 93' lang='lat' dir='ltr'><strong>in</strong></span> <span class='ocrx_word' id='word_1_487' title='bbox 321 3769 436 3837; x_wconf 88' lang='lat' dir='ltr'><strong>ipso</strong></span> <span class='ocrx_word' id='word_1_488' title='bbox 482 3761 1084 3829; x_wconf 87' lang='lat' dir='ltr'><strong>Constantinopolitano</strong></span> <span class='ocrx_word' id='word_1_489' title='bbox 1131 3759 1520 3827; x_wconf 86' lang='lat' dir='ltr'><strong>imperatorum</strong></span> <span class='ocrx_word' id='word_1_490' title='bbox 1598 3760 1797 3826; x_wconf 89' lang='lat' dir='ltr'><strong>palatio</strong></span> 
     </span>
    </p>
   </div>
   <div class='ocr_carea' id='block_1_68' title="bbox 225 3852 1797 3932">
    <p class='ocr_par' dir='ltr' id='par_1_68' title="bbox 225 3852 1797 3932">
     <span class='ocr_line' id='line_1_68' title="bbox 225 3852 1797 3932; baseline -0.008 -17"><span class='ocrx_word' id='word_1_491' title='bbox 225 3878 323 3915; x_wconf 87' lang='lat' dir='ltr'><strong>seu</strong></span> <span class='ocrx_word' id='word_1_492' title='bbox 361 3860 503 3932; x_wconf 79' lang='lat' dir='ltr'><strong>regia</strong></span> <span class='ocrx_word' id='word_1_493' title='bbox 540 3856 750 3920; x_wconf 86' lang='lat' dir='ltr'><strong>statuit,</strong></span> <span class='ocrx_word' id='word_1_494' title='bbox 790 3853 956 3925; x_wconf 89' lang='lat' dir='ltr'><strong>priori</strong></span> <span class='ocrx_word' id='word_1_495' title='bbox 990 3852 1211 3921; x_wconf 89' lang='lat' dir='ltr'><strong>quidem</strong></span> <span class='ocrx_word' id='word_1_496' title='bbox 1241 3852 1360 3905; x_wconf 83' lang='lat' dir='ltr'><strong>loco</strong></span> <span class='ocrx_word' id='word_1_497' title='bbox 1400 3852 1479 3905; x_wconf 89' lang='lat' dir='ltr'><strong>sic</strong></span> <span class='ocrx_word' id='word_1_498' title='bbox 1505 3852 1751 3905; x_wconf 74' lang='lat' dir='ltr'><strong>scribens</strong></span> <span class='ocrx_word' id='word_1_499' title='bbox 1784 3866 1797 3902; x_wconf 91' lang='lat'>:</span> 
     </span>
    </p>
   </div>
   <div class='ocr_carea' id='block_1_69' title="bbox 226 3944 1800 4021">
    <p class='ocr_par' dir='ltr' id='par_1_69' title="bbox 226 3944 1800 4021">
     <span class='ocr_line' id='line_1_69' title="bbox 226 3944 1800 4021; baseline -0.007 -16"><span class='ocrx_word' id='word_1_500' title='bbox 226 3955 340 4006; x_wconf 78' lang='lat' dir='ltr'><strong>Kal.</strong></span> <span class='ocrx_word' id='word_1_501' title='bbox 373 3952 509 4021; x_wconf 73' lang='grc' dir='ltr'><strong>πρὸς</strong></span> <span class='ocrx_word' id='word_1_502' title='bbox 542 3948 619 4017; x_wconf 81' lang='grc' dir='ltr'><strong>τῷ</strong></span> <span class='ocrx_word' id='word_1_503' title='bbox 664 3946 775 4018; x_wconf 85' lang='grc' dir='ltr'><strong>ναῷ</strong></span> <span class='ocrx_word' id='word_1_504' title='bbox 822 3946 917 3999; x_wconf 81' lang='grc' dir='ltr'><strong>τοῦ</strong></span> <span class='ocrx_word' id='word_1_505' title='bbox 970 3944 1461 4013; x_wconf 75' lang='grc' dir='ltr'><strong>μιγαλομάρτυρος</strong></span> <span class='ocrx_word' id='word_1_506' title='bbox 1506 3944 1800 4011; x_wconf 71' lang='grc' dir='ltr'><strong>γενόμενοι</strong></span> 
     </span>
    </p>
   </div>
   <div class='ocr_carea' id='block_1_70' title="bbox 226 4032 1804 4113">
    <p class='ocr_par' dir='ltr' id='par_1_70' title="bbox 226 4032 1804 4113">
     <span class='ocr_line' id='line_1_70' title="bbox 226 4032 1804 4113; baseline -0.007 -16"><span class='ocrx_word' id='word_1_507' title='bbox 226 4042 567 4113; x_wconf 78' lang='grc' dir='ltr'><strong>Δημητρίου,</strong></span> <span class='ocrx_word' id='word_1_508' title='bbox 598 4040 653 4102; x_wconf 80' lang='grc' dir='ltr'><strong>ὃς</strong></span> <span class='ocrx_word' id='word_1_509' title='bbox 682 4039 788 4091; x_wconf 79' lang='grc' dir='ltr'><strong>τῶν</strong></span> <span class='ocrx_word' id='word_1_510' title='bbox 827 4038 1117 4105; x_wconf 77' lang='grc' dir='ltr'><strong>βασιλείων</strong></span> <span class='ocrx_word' id='word_1_511' title='bbox 1148 4034 1466 4106; x_wconf 74' lang='grc' dir='ltr'><strong>ᾠκοδόμητο</strong></span> <span class='ocrx_word' id='word_1_512' title='bbox 1510 4036 1657 4096; x_wconf 75' lang='grc' dir='ltr'>ἐντός</span> <span class='ocrx_word' id='word_1_513' title='bbox 1692 4052 1708 4083; x_wconf 79' lang='lat' dir='ltr'><strong>t</strong></span> <span class='ocrx_word' id='word_1_514' title='bbox 1740 4032 1804 4086; x_wconf 84' lang='lat' dir='ltr'><strong>Et</strong></span> 
     </span>
    </p>
   </div>
   <div class='ocr_carea' id='block_1_71' title="bbox 227 4127 1800 4202">
    <p class='ocr_par' dir='ltr' id='par_1_71' title="bbox 227 4127 1800 4202">
     <span class='ocr_line' id='line_1_71' title="bbox 227 4127 1800 4202; baseline -0.006 -13"><span class='ocrx_word' id='word_1_515' title='bbox 227 4151 353 4191; x_wconf 87' lang='lat' dir='ltr'><strong>cutn</strong></span> <span class='ocrx_word' id='word_1_516' title='bbox 383 4142 567 4188; x_wconf 88' lang='lat' dir='ltr'><strong>essent</strong></span> <span class='ocrx_word' id='word_1_517' title='bbox 610 4146 779 4202; x_wconf 89' lang='lat' dir='ltr'><strong>prope</strong></span> <span class='ocrx_word' id='word_1_518' title='bbox 813 4129 995 4199; x_wconf 81' lang='lat' dir='ltr'><strong>magni</strong></span> <span class='ocrx_word' id='word_1_519' title='bbox 1044 4130 1300 4197; x_wconf 89' lang='lat' dir='ltr'><strong>martyris</strong></span> <span class='ocrx_word' id='word_1_520' title='bbox 1357 4127 1614 4182; x_wconf 77' lang='lat' dir='ltr'><strong>Demetrii</strong></span> <span class='ocrx_word' id='word_1_521' title='bbox 1664 4138 1800 4179; x_wconf 85' lang='lat' dir='ltr'><strong>tem—</strong></span> 
     </span>
    </p>
   </div>
   <div class='ocr_carea' id='block_1_72' title="bbox 231 4221 1800 4299">
    <p class='ocr_par' dir='ltr' id='par_1_72' title="bbox 231 4221 1800 4299">
     <span class='ocr_line' id='line_1_72' title="bbox 231 4221 1800 4299; baseline -0.006 -18"><span class='ocrx_word' id='word_1_522' title='bbox 231 4228 404 4299; x_wconf 85' lang='lat' dir='ltr'><strong>plum,</strong></span> <span class='ocrx_word' id='word_1_523' title='bbox 428 4225 570 4295; x_wconf 91' lang='lat' dir='ltr'><strong>quod</strong></span> <span class='ocrx_word' id='word_1_524' title='bbox 600 4225 652 4277; x_wconf 92' lang='lat' dir='ltr'><strong>in</strong></span> <span class='ocrx_word' id='word_1_525' title='bbox 682 4222 881 4293; x_wconf 86' lang='lat' dir='ltr'><strong>palatio</strong></span> <span class='ocrx_word' id='word_1_526' title='bbox 909 4221 1233 4275; x_wconf 74' lang='lat' dir='ltr'><strong>aediﬁcatum</strong></span> <span class='ocrx_word' id='word_1_527' title='bbox 1264 4230 1415 4284; x_wconf 85' lang='lat' dir='ltr'><strong>erat;</strong></span> <span class='ocrx_word' id='word_1_528' title='bbox 1456 4238 1473 4268; x_wconf 79' lang='grc' dir='ltr'><strong><em>ι</em></strong></span> <span class='ocrx_word' id='word_1_529' title='bbox 1513 4221 1800 4289; x_wconf 87' lang='lat' dir='ltr'><strong>posteriori</strong></span> 
     </span>
    </p>
   </div>
   <div class='ocr_carea' id='block_1_73' title="bbox 230 4311 1803 4386">
    <p class='ocr_par' dir='ltr' id='par_1_73' title="bbox 230 4311 1803 4386">
     <span class='ocr_line' id='line_1_73' title="bbox 230 4311 1803 4386; baseline -0.008 -12"><span class='ocrx_word' id='word_1_530' title='bbox 230 4332 362 4374; x_wconf 80' lang='lat' dir='ltr'><strong>vero</strong></span> <span class='ocrx_word' id='word_1_531' title='bbox 396 4316 677 4386; x_wconf 88' lang='lat' dir='ltr'><strong>sequentia</strong></span> <span class='ocrx_word' id='word_1_532' title='bbox 710 4314 870 4367; x_wconf 88' lang='lat' dir='ltr'><strong>verba</strong></span> <span class='ocrx_word' id='word_1_533' title='bbox 898 4311 1249 4381; x_wconf 88' lang='lat' dir='ltr'><strong>suppeditans</strong></span> <span class='ocrx_word' id='word_1_534' title='bbox 1286 4312 1432 4364; x_wconf 75' lang='lat' dir='ltr'><strong>:Kai</strong></span> <span class='ocrx_word' id='word_1_535' title='bbox 1464 4314 1597 4381; x_wconf 71' lang='grc' dir='ltr'><strong>πρὸς</strong></span> <span class='ocrx_word' id='word_1_536' title='bbox 1630 4314 1721 4363; x_wconf 79' lang='grc' dir='ltr'><strong>τὸν</strong></span> <span class='ocrx_word' id='word_1_537' title='bbox 1747 4314 1803 4363; x_wconf 79' lang='grc' dir='ltr'><strong>ἐν</strong></span> 
     </span>
    </p>
   </div>
   <div class='ocr_carea' id='block_1_74' title="bbox 230 4402 1804 4482">
    <p class='ocr_par' dir='ltr' id='par_1_74' title="bbox 230 4402 1804 4482">
     <span class='ocr_line' id='line_1_74' title="bbox 230 4402 1804 4482; baseline -0.006 -20"><span class='ocrx_word' id='word_1_538' title='bbox 230 4408 523 4482; x_wconf 70' lang='grc' dir='ltr'><strong>βασιλείοις</strong></span> <span class='ocrx_word' id='word_1_539' title='bbox 553 4406 645 4460; x_wconf 82' lang='grc' dir='ltr'><strong>τοῦ</strong></span> <span class='ocrx_word' id='word_1_540' title='bbox 668 4402 1023 4477; x_wconf 68' lang='grc' dir='ltr'>Μυροσλύτου</span> <span class='ocrx_word' id='word_1_541' title='bbox 1060 4403 1153 4456; x_wconf 66' lang='grc' dir='ltr'><strong>τοῦ</strong></span> <span class='ocrx_word' id='word_1_542' title='bbox 1186 4404 1462 4473; x_wconf 78' lang='grc' dir='ltr'><strong>μάρτυρος</strong></span> <span class='ocrx_word' id='word_1_543' title='bbox 1512 4402 1804 4472; x_wconf 82' lang='grc' dir='ltr'>γενόμενος</span> 
     </span>
    </p>
   </div>
   <div class='ocr_carea' id='block_1_75' title="bbox 228 4499 1799 4573">
    <p class='ocr_par' dir='ltr' id='par_1_75' title="bbox 228 4499 1799 4573">
     <span class='ocr_line' id='line_1_75' title="bbox 228 4499 1799 4573; baseline -0.007 -11"><span class='ocrx_word' id='word_1_544' title='bbox 228 4508 376 4562; x_wconf 74' lang='grc' dir='ltr'><strong>νειόν.</strong></span> <span class='ocrx_word' id='word_1_545' title='bbox 411 4527 429 4558; x_wconf 83' lang='grc'><strong><em>‹</em></strong></span> <span class='ocrx_word' id='word_1_546' title='bbox 475 4505 719 4573; x_wconf 85' lang='lat' dir='ltr'><strong>Cumque</strong></span> <span class='ocrx_word' id='word_1_547' title='bbox 755 4505 819 4556; x_wconf 91' lang='lat' dir='ltr'><strong>ad</strong></span> <span class='ocrx_word' id='word_1_548' title='bbox 851 4500 1164 4572; x_wconf 69' lang='lat' dir='ltr'><strong>Myroblytte</strong></span> <span class='ocrx_word' id='word_1_549' title='bbox 1205 4500 1459 4569; x_wconf 85' lang='lat' dir='ltr'><strong>martyris</strong></span> <span class='ocrx_word' id='word_1_550' title='bbox 1493 4499 1755 4568; x_wconf 89' lang='lat' dir='ltr'><strong>templum</strong></span> <span class='ocrx_word' id='word_1_551' title='bbox 1785 4538 1799 4561; x_wconf 92' lang='lat'><strong>,</strong></span> 
     </span>
    </p>
   </div>
   <div class='ocr_carea' id='block_1_76' title="bbox 1907 3295 3477 3367">
    <p class='ocr_par' dir='ltr' id='par_1_76' title="bbox 1907 3295 3477 3367">
     <span class='ocr_line' id='line_1_76' title="bbox 1907 3295 3477 3367; baseline -0.004 -12"><span class='ocrx_word' id='word_1_552' title='bbox 1907 3317 2028 3355; x_wconf 84' lang='lat' dir='ltr'><strong>cum</strong></span> <span class='ocrx_word' id='word_1_553' title='bbox 2078 3301 2222 3354; x_wconf 74' lang='lat' dir='ltr'><strong>aedes</strong></span> <span class='ocrx_word' id='word_1_554' title='bbox 2270 3310 2458 3353; x_wconf 89' lang='lat' dir='ltr'><strong>sancto</strong></span> <span class='ocrx_word' id='word_1_555' title='bbox 2502 3298 2778 3351; x_wconf 85' lang='lat' dir='ltr'><strong>Demetrio</strong></span> <span class='ocrx_word' id='word_1_556' title='bbox 2816 3299 2867 3350; x_wconf 91' lang='lat' dir='ltr'><strong>in</strong></span> <span class='ocrx_word' id='word_1_557' title='bbox 2922 3298 3066 3367; x_wconf 88' lang='lat' dir='ltr'><strong>regia</strong></span> <span class='ocrx_word' id='word_1_558' title='bbox 3124 3312 3220 3350; x_wconf 89' lang='lat' dir='ltr'><strong>seu</strong></span> <span class='ocrx_word' id='word_1_559' title='bbox 3278 3295 3477 3363; x_wconf 79' lang='lat' dir='ltr'><strong>palatio</strong></span> 
     </span>
    </p>
   </div>
   <div class='ocr_carea' id='block_1_77' title="bbox 1905 3389 3480 3459">
    <p class='ocr_par' dir='ltr' id='par_1_77' title="bbox 1905 3389 3480 3459">
     <span class='ocr_line' id='line_1_77' title="bbox 1905 3389 3480 3459; baseline -0.003 -13"><span class='ocrx_word' id='word_1_560' title='bbox 1905 3403 2339 3453; x_wconf 85' lang='lat' dir='ltr'><strong>consecraretur,</strong></span> <span class='ocrx_word' id='word_1_561' title='bbox 2377 3393 2566 3445; x_wconf 86' lang='lat' dir='ltr'><strong>titulus</strong></span> <span class='ocrx_word' id='word_1_562' title='bbox 2599 3394 2647 3444; x_wconf 91' lang='lat' dir='ltr'><strong>ei</strong></span> <span class='ocrx_word' id='word_1_563' title='bbox 2680 3392 2959 3459; x_wconf 67' lang='lat' dir='ltr'><strong>praelixus,</strong></span> <span class='ocrx_word' id='word_1_564' title='bbox 2996 3400 3182 3458; x_wconf 89' lang='lat' dir='ltr'><strong>utpote</strong></span> <span class='ocrx_word' id='word_1_565' title='bbox 3223 3389 3314 3458; x_wconf 87' lang='lat' dir='ltr'><strong>qui</strong></span> <span class='ocrx_word' id='word_1_566' title='bbox 3359 3404 3480 3442; x_wconf 79' lang='lat' dir='ltr'><strong>ver-</strong></span> 
     </span>
    </p>
   </div>
   <div class='ocr_carea' id='block_1_78' title="bbox 1907 3482 3405 3549">
    <p class='ocr_par' dir='ltr' id='par_1_78' title="bbox 1907 3482 3405 3549">
     <span class='ocr_line' id='line_1_78' title="bbox 1907 3482 3405 3549; baseline -0.002 -9"><span class='ocrx_word' id='word_1_567' title='bbox 1907 3486 2008 3548; x_wconf 88' lang='lat' dir='ltr'><strong>bis,</strong></span> <span class='ocrx_word' id='word_1_568' title='bbox 2043 3500 2196 3536; x_wconf 89' lang='lat' dir='ltr'><strong>num.</strong></span> <span class='ocrx_word' id='word_1_569' title='bbox 2235 3484 2266 3535; x_wconf 89' lang='lat'><strong>5</strong></span> <span class='ocrx_word' id='word_1_570' title='bbox 2299 3485 2559 3543; x_wconf 85' lang='lat' dir='ltr'><strong>recitatis.</strong></span> <span class='ocrx_word' id='word_1_571' title='bbox 2594 3486 2665 3537; x_wconf 89' lang='lat' dir='ltr'><strong>sit</strong></span> <span class='ocrx_word' id='word_1_572' title='bbox 2696 3495 3019 3549; x_wconf 83' lang='lat' dir='ltr'><strong>conceptus,</strong></span> <span class='ocrx_word' id='word_1_573' title='bbox 3057 3484 3215 3535; x_wconf 83' lang='lat' dir='ltr'><strong>ﬁdem</strong></span> <span class='ocrx_word' id='word_1_574' title='bbox 3254 3482 3405 3537; x_wconf 75' lang='lat' dir='ltr'><strong>facit.</strong></span> 
     </span>
    </p>
   </div>
   <div class='ocr_carea' id='block_1_79' title="bbox 1982 3574 3482 3642">
    <p class='ocr_par' dir='ltr' id='par_1_79' title="bbox 1982 3574 3482 3642">
     <span class='ocr_line' id='line_1_79' title="bbox 1982 3574 3482 3642; baseline -0.002 -12"><span class='ocrx_word' id='word_1_575' title='bbox 1982 3578 2102 3632; x_wconf 77' lang='lat'><strong>“8.</strong></span> <span class='ocrx_word' id='word_1_576' title='bbox 2138 3576 2254 3630; x_wconf 79' lang='lat' dir='ltr'><strong>Jam</strong></span> <span class='ocrx_word' id='word_1_577' title='bbox 2294 3592 2441 3634; x_wconf 77' lang='lat' dir='ltr'><strong>vero,</strong></span> <span class='ocrx_word' id='word_1_578' title='bbox 2492 3593 2612 3629; x_wconf 89' lang='lat' dir='ltr'><strong>cum</strong></span> <span class='ocrx_word' id='word_1_579' title='bbox 2664 3574 2772 3629; x_wconf 88' lang='lat' dir='ltr'><strong>Leo</strong></span> <span class='ocrx_word' id='word_1_580' title='bbox 2818 3575 3047 3642; x_wconf 78' lang='lat' dir='ltr'><strong>Sapiens</strong></span> <span class='ocrx_word' id='word_1_581' title='bbox 3085 3574 3265 3627; x_wconf 81' lang='lat' dir='ltr'><strong>Basilii</strong></span> <span class='ocrx_word' id='word_1_582' title='bbox 3302 3574 3482 3629; x_wconf 80' lang='lat' dir='ltr'><strong>Macc-</strong></span> 
     </span>
    </p>
   </div>
   <div class='ocr_carea' id='block_1_80' title="bbox 1909 3668 3483 3735">
    <p class='ocr_par' dir='ltr' id='par_1_80' title="bbox 1909 3668 3483 3735">
     <span class='ocr_line' id='line_1_80' title="bbox 1909 3668 3483 3735; baseline -0.003 -11"><span class='ocrx_word' id='word_1_583' title='bbox 1909 3670 2067 3724; x_wconf 88' lang='lat' dir='ltr'><strong>donis</strong></span> <span class='ocrx_word' id='word_1_584' title='bbox 2126 3670 2264 3723; x_wconf 88' lang='lat' dir='ltr'><strong>lilius</strong></span> <span class='ocrx_word' id='word_1_585' title='bbox 2312 3669 2400 3730; x_wconf 92' lang='lat' dir='ltr'><strong>sit,</strong></span> <span class='ocrx_word' id='word_1_586' title='bbox 2457 3669 2689 3735; x_wconf 81' lang='lat' dir='ltr'><strong>huicquc</strong></span> <span class='ocrx_word' id='word_1_587' title='bbox 2742 3668 2879 3735; x_wconf 90' lang='lat' dir='ltr'><strong>palri</strong></span> <span class='ocrx_word' id='word_1_588' title='bbox 2935 3683 3055 3727; x_wconf 90' lang='lat' dir='ltr'><strong>suo,</strong></span> <span class='ocrx_word' id='word_1_589' title='bbox 3111 3683 3219 3735; x_wconf 90' lang='lat' dir='ltr'><strong>quo</strong></span> <span class='ocrx_word' id='word_1_590' title='bbox 3271 3668 3483 3719; x_wconf 68' lang='lat' dir='ltr'><strong>volente</strong></span> 
     </span>
    </p>
   </div>
   <div class='ocr_carea' id='block_1_81' title="bbox 1910 3758 3480 3830">
    <p class='ocr_par' dir='ltr' id='par_1_81' title="bbox 1910 3758 3480 3830">
     <span class='ocr_line' id='line_1_81' title="bbox 1910 3758 3480 3830; baseline -0.002 -17"><span class='ocrx_word' id='word_1_591' title='bbox 1910 3763 2203 3830; x_wconf 77' lang='lat' dir='ltr'><strong>imperator</strong></span> <span class='ocrx_word' id='word_1_592' title='bbox 2234 3762 2342 3829; x_wconf 86' lang='lat' dir='ltr'><strong>jam</strong></span> <span class='ocrx_word' id='word_1_593' title='bbox 2378 3761 2506 3813; x_wconf 84' lang='lat' dir='ltr'><strong>inde</strong></span> <span class='ocrx_word' id='word_1_594' title='bbox 2539 3762 2604 3811; x_wconf 89' lang='lat' dir='ltr'><strong>ab</strong></span> <span class='ocrx_word' id='word_1_595' title='bbox 2632 3776 2777 3811; x_wconf 85' lang='lat' dir='ltr'><strong>anno</strong></span> <span class='ocrx_word' id='word_1_596' title='bbox 2806 3760 2907 3813; x_wconf 81' lang='lat'><strong>870</strong></span> <span class='ocrx_word' id='word_1_597' title='bbox 2940 3770 3231 3811; x_wconf 85' lang='lat' dir='ltr'><strong>coronatus</strong></span> <span class='ocrx_word' id='word_1_598' title='bbox 3269 3758 3443 3811; x_wconf 80' lang='lat' dir='ltr'><strong>fuerat</strong></span> <span class='ocrx_word' id='word_1_599' title='bbox 3468 3798 3480 3816; x_wconf 91' lang='lat'><strong>.</strong></span> 
     </span>
    </p>
   </div>
   <div class='ocr_carea' id='block_1_82' title="bbox 1910 3850 3479 3914">
    <p class='ocr_par' dir='ltr' id='par_1_82' title="bbox 1910 3850 3479 3914">
     <span class='ocr_line' id='line_1_82' title="bbox 1910 3850 3479 3914; baseline -0.004 -7"><span class='ocrx_word' id='word_1_600' title='bbox 1910 3869 2054 3907; x_wconf 87' lang='lat' dir='ltr'><strong>anno</strong></span> <span class='ocrx_word' id='word_1_601' title='bbox 2084 3852 2186 3906; x_wconf 78' lang='lat'><strong>886</strong></span> <span class='ocrx_word' id='word_1_602' title='bbox 2220 3853 2568 3914; x_wconf 87' lang='lat' dir='ltr'><strong>successerit,</strong></span> <span class='ocrx_word' id='word_1_603' title='bbox 2609 3852 2781 3903; x_wconf 61' lang='lat' dir='ltr'><strong>mdem</strong></span> <span class='ocrx_word' id='word_1_604' title='bbox 2834 3862 3023 3903; x_wconf 83' lang='lat' dir='ltr'><strong>sancto</strong></span> <span class='ocrx_word' id='word_1_605' title='bbox 3076 3850 3347 3901; x_wconf 72' lang='grc' dir='ltr'><strong>υριηι-ιτὶυ</strong></span> <span class='ocrx_word' id='word_1_606' title='bbox 3394 3864 3479 3902; x_wconf 68' lang='lat' dir='ltr'><strong>sa~</strong></span> 
     </span>
    </p>
   </div>
   <div class='ocr_carea' id='block_1_83' title="bbox 1907 3943 3482 4013">
    <p class='ocr_par' dir='ltr' id='par_1_83' title="bbox 1907 3943 3482 4013">
     <span class='ocr_line' id='line_1_83' title="bbox 1907 3943 3482 4013; baseline -0.005 -12"><span class='ocrx_word' id='word_1_607' title='bbox 1907 3965 2081 4007; x_wconf 90' lang='lat' dir='ltr'><strong>cram,</strong></span> <span class='ocrx_word' id='word_1_608' title='bbox 2126 3947 2178 4000; x_wconf 89' lang='lat' dir='ltr'><strong>in</strong></span> <span class='ocrx_word' id='word_1_609' title='bbox 2212 3946 2370 4013; x_wconf 86' lang='lat' dir='ltr'><strong>cujus</strong></span> <span class='ocrx_word' id='word_1_610' title='bbox 2396 3945 2813 3998; x_wconf 85' lang='lat' dir='ltr'><strong>consecratione</strong></span> <span class='ocrx_word' id='word_1_611' title='bbox 2844 3945 3145 3996; x_wconf 88' lang='lat' dir='ltr'><strong>orationem</strong></span> <span class='ocrx_word' id='word_1_612' title='bbox 3176 3959 3271 3995; x_wconf 89' lang='lat' dir='ltr'><strong>seu</strong></span> <span class='ocrx_word' id='word_1_613' title='bbox 3304 3943 3482 3995; x_wconf 82' lang='lat' dir='ltr'><strong>homi-</strong></span> 
     </span>
    </p>
   </div>
   <div class='ocr_carea' id='block_1_84' title="bbox 1909 4036 3478 4103">
    <p class='ocr_par' dir='ltr' id='par_1_84' title="bbox 1909 4036 3478 4103">
     <span class='ocr_line' id='line_1_84' title="bbox 1909 4036 3478 4103; baseline -0.004 -11"><span class='ocrx_word' id='word_1_614' title='bbox 1909 4043 2031 4093; x_wconf 90' lang='lat' dir='ltr'><strong>liam</strong></span> <span class='ocrx_word' id='word_1_615' title='bbox 2065 4050 2412 4093; x_wconf 87' lang='lat' dir='ltr'><strong>memoratam</strong></span> <span class='ocrx_word' id='word_1_616' title='bbox 2451 4037 2495 4090; x_wconf 90' lang='lat' dir='ltr'><strong>is</strong></span> <span class='ocrx_word' id='word_1_617' title='bbox 2524 4038 2677 4097; x_wconf 74' lang='lat' dir='ltr'><strong>dixit,</strong></span> <span class='ocrx_word' id='word_1_618' title='bbox 2715 4050 2837 4089; x_wconf 88' lang='lat' dir='ltr'><strong>esse</strong></span> <span class='ocrx_word' id='word_1_619' title='bbox 2878 4036 3023 4087; x_wconf 89' lang='lat' dir='ltr'><strong>illam</strong></span> <span class='ocrx_word' id='word_1_620' title='bbox 3076 4036 3267 4103; x_wconf 85' lang='lat' dir='ltr'><strong>ipsam,</strong></span> <span class='ocrx_word' id='word_1_621' title='bbox 3316 4051 3478 4102; x_wconf 90' lang='lat' dir='ltr'><strong>quam</strong></span> 
     </span>
    </p>
   </div>
   <div class='ocr_carea' id='block_1_85' title="bbox 1906 4127 3474 4199">
    <p class='ocr_par' dir='ltr' id='par_1_85' title="bbox 1906 4127 3474 4199">
     <span class='ocr_line' id='line_1_85' title="bbox 1906 4127 3474 4199; baseline -0.002 -15"><span class='ocrx_word' id='word_1_622' title='bbox 1906 4136 1975 4184; x_wconf 89' lang='lat' dir='ltr'><strong>ab</strong></span> <span class='ocrx_word' id='word_1_623' title='bbox 1997 4134 2115 4199; x_wconf 81' lang='lat' dir='ltr'><strong>ejus</strong></span> <span class='ocrx_word' id='word_1_624' title='bbox 2141 4142 2315 4199; x_wconf 71' lang='lat' dir='ltr'><strong>patre,</strong></span> <span class='ocrx_word' id='word_1_625' title='bbox 2347 4130 2545 4183; x_wconf 84' lang='lat' dir='ltr'><strong>Basilio</strong></span> <span class='ocrx_word' id='word_1_626' title='bbox 2571 4129 2884 4189; x_wconf 76' lang='lat' dir='ltr'><strong>Macedone,</strong></span> <span class='ocrx_word' id='word_1_627' title='bbox 2914 4129 3273 4180; x_wconf 74' lang='lat' dir='ltr'><strong>instauratum</strong></span> <span class='ocrx_word' id='word_1_628' title='bbox 3302 4127 3474 4181; x_wconf 82' lang='lat' dir='ltr'><strong>fuisse</strong></span> 
     </span>
    </p>
   </div>
   <div class='ocr_carea' id='block_1_86' title="bbox 1905 4222 3476 4293">
    <p class='ocr_par' dir='ltr' id='par_1_86' title="bbox 1905 4222 3476 4293">
     <span class='ocr_line' id='line_1_86' title="bbox 1905 4222 3476 4293; baseline -0.002 -17"><span class='ocrx_word' id='word_1_629' title='bbox 1905 4223 2407 4293; x_wconf 67' lang='lat' dir='ltr'><strong>Porpliyrogcnitus</strong></span> <span class='ocrx_word' id='word_1_630' title='bbox 2440 4238 2491 4276; x_wconf 90' lang='lat' dir='ltr'><strong>et</strong></span> <span class='ocrx_word' id='word_1_631' title='bbox 2520 4224 2781 4291; x_wconf 77' lang='lat' dir='ltr'><strong>Scylitzcs</strong></span> <span class='ocrx_word' id='word_1_632' title='bbox 2826 4222 2958 4275; x_wconf 88' lang='lat' dir='ltr'><strong>locis</strong></span> <span class='ocrx_word' id='word_1_633' title='bbox 2986 4238 3147 4290; x_wconf 80' lang='lat' dir='ltr'><strong>supra</strong></span> <span class='ocrx_word' id='word_1_634' title='bbox 3197 4222 3317 4274; x_wconf 90' lang='lat' dir='ltr'><strong>citt.</strong></span> <span class='ocrx_word' id='word_1_635' title='bbox 3365 4232 3476 4273; x_wconf 88' lang='lat' dir='ltr'><strong>tra-</strong></span> 
     </span>
    </p>
   </div>
   <div class='ocr_carea' id='block_1_87' title="bbox 1905 4311 3473 4381">
    <p class='ocr_par' dir='ltr' id='par_1_87' title="bbox 1905 4311 3473 4381">
     <span class='ocr_line' id='line_1_87' title="bbox 1905 4311 3473 4381; baseline -0.003 -13"><span class='ocrx_word' id='word_1_636' title='bbox 1905 4315 2061 4376; x_wconf 91' lang='lat' dir='ltr'><strong>dunt,</strong></span> <span class='ocrx_word' id='word_1_637' title='bbox 2079 4314 2546 4367; x_wconf 82' lang='lat' dir='ltr'><strong>verosimillimum</strong></span> <span class='ocrx_word' id='word_1_638' title='bbox 2564 4324 2810 4381; x_wconf 85' lang='lat' dir='ltr'><strong>apparet,</strong></span> <span class='ocrx_word' id='word_1_639' title='bbox 2839 4312 3088 4379; x_wconf 82' lang='lat' dir='ltr'><strong>hancque</strong></span> <span class='ocrx_word' id='word_1_640' title='bbox 3112 4311 3339 4380; x_wconf 83' lang='lat' dir='ltr'><strong>proinde</strong></span> <span class='ocrx_word' id='word_1_641' title='bbox 3364 4327 3473 4364; x_wconf 90' lang='lat' dir='ltr'><strong>non</strong></span> 
     </span>
    </p>
   </div>
   <div class='ocr_carea' id='block_1_88' title="bbox 1907 4402 3483 4472">
    <p class='ocr_par' dir='ltr' id='par_1_88' title="bbox 1907 4402 3483 4472">
     <span class='ocr_line' id='line_1_88' title="bbox 1907 4402 3483 4472; baseline -0.002 -13"><span class='ocrx_word' id='word_1_642' title='bbox 1907 4406 2091 4469; x_wconf 84' lang='lat' dir='ltr'><strong>aliam,</strong></span> <span class='ocrx_word' id='word_1_643' title='bbox 2140 4421 2301 4472; x_wconf 78' lang='lat' dir='ltr'><strong>quam</strong></span> <span class='ocrx_word' id='word_1_644' title='bbox 2332 4421 2454 4472; x_wconf 75' lang='lat' dir='ltr'><strong>quze</strong></span> <span class='ocrx_word' id='word_1_645' title='bbox 2503 4421 2529 4456; x_wconf 90' lang='lat' dir='ltr'><strong>a</strong></span> <span class='ocrx_word' id='word_1_646' title='bbox 2584 4405 2973 4459; x_wconf 74' lang='lat' dir='ltr'><strong>Cantacuaenu</strong></span> <span class='ocrx_word' id='word_1_647' title='bbox 3022 4419 3185 4472; x_wconf 88' lang='lat' dir='ltr'><strong>supra</strong></span> <span class='ocrx_word' id='word_1_648' title='bbox 3241 4402 3483 4457; x_wconf 84' lang='lat' dir='ltr'><strong>recitatis</strong></span> 
     </span>
    </p>
   </div>
   <div class='ocr_carea' id='block_1_89' title="bbox 1911 4494 3477 4567">
    <p class='ocr_par' dir='ltr' id='par_1_89' title="bbox 1911 4494 3477 4567">
     <span class='ocr_line' id='line_1_89' title="bbox 1911 4494 3477 4567; baseline -0.001 -17"><span class='ocrx_word' id='word_1_649' title='bbox 1911 4498 2089 4553; x_wconf 86' lang='lat' dir='ltr'><strong>verbis</strong></span> <span class='ocrx_word' id='word_1_650' title='bbox 2120 4497 2174 4551; x_wconf 90' lang='lat' dir='ltr'><strong>in</strong></span> <span class='ocrx_word' id='word_1_651' title='bbox 2201 4498 2399 4567; x_wconf 88' lang='lat' dir='ltr'><strong>palatio</strong></span> <span class='ocrx_word' id='word_1_652' title='bbox 2427 4513 2521 4551; x_wconf 89' lang='lat' dir='ltr'><strong>seu</strong></span> <span class='ocrx_word' id='word_1_653' title='bbox 2558 4499 2701 4567; x_wconf 86' lang='lat' dir='ltr'><strong>regia</strong></span> <span class='ocrx_word' id='word_1_654' title='bbox 2738 4498 3018 4560; x_wconf 89' lang='lat' dir='ltr'><strong>statuitur,</strong></span> <span class='ocrx_word' id='word_1_655' title='bbox 3056 4496 3361 4550; x_wconf 86' lang='lat' dir='ltr'><strong>exstitisse.</strong></span> <span class='ocrx_word' id='word_1_656' title='bbox 3399 4494 3477 4549; x_wconf 87' lang='lat' dir='ltr'><strong>lta</strong></span> 
     </span>
    </p>
   </div>
   <div class='ocr_carea' id='block_1_90' title="bbox 229 4574 3481 4669">
    <p class='ocr_par' dir='ltr' id='par_1_90' title="bbox 229 4574 3481 4669">
     <span class='ocr_line' id='line_1_90' title="bbox 229 4574 3481 4669; baseline -0.003 -14"><span class='ocrx_word' id='word_1_657' title='bbox 229 4602 284 4655; x_wconf 88' lang='lat' dir='ltr'><strong>in</strong></span> <span class='ocrx_word' id='word_1_658' title='bbox 319 4597 519 4669; x_wconf 88' lang='lat' dir='ltr'><strong>palatio</strong></span> <span class='ocrx_word' id='word_1_659' title='bbox 556 4596 717 4648; x_wconf 88' lang='lat' dir='ltr'><strong>situm</strong></span> <span class='ocrx_word' id='word_1_660' title='bbox 744 4636 757 4657; x_wconf 92' lang='lat'><strong>,</strong></span> <span class='ocrx_word' id='word_1_661' title='bbox 800 4593 1058 4647; x_wconf 74' lang='lat' dir='ltr'><strong>vertisset.</strong></span> <span class='ocrx_word' id='word_1_662' title='bbox 1102 4610 1120 4642; x_wconf 73' lang='grc' dir='ltr'><strong><em>ι</em></strong></span> <span class='ocrx_word' id='word_1_663' title='bbox 1165 4588 1283 4645; x_wconf 77' lang='lat' dir='ltr'><strong>Jam</strong></span> <span class='ocrx_word' id='word_1_664' title='bbox 1334 4605 1486 4651; x_wconf 86' lang='lat' dir='ltr'><strong>vero.</strong></span> <span class='ocrx_word' id='word_1_665' title='bbox 1544 4591 1587 4643; x_wconf 89' lang='lat' dir='ltr'><strong>si</strong></span> <span class='ocrx_word' id='word_1_666' title='bbox 1650 4604 1799 4644; x_wconf 90' lang='lat' dir='ltr'><strong>sacra</strong></span> <span class='ocrx_word' id='word_1_667' title='bbox 1834 4574 1875 4630; x_wconf 81' lang='grc' dir='ltr'>ί)</span> <span class='ocrx_word' id='word_1_668' title='bbox 1907 4602 2093 4646; x_wconf 91' lang='lat' dir='ltr'><strong>contra</strong></span> <span class='ocrx_word' id='word_1_669' title='bbox 2129 4591 2467 4656; x_wconf 85' lang='lat' dir='ltr'><strong>opinionem.</strong></span> <span class='ocrx_word' id='word_1_670' title='bbox 2496 4608 2598 4659; x_wconf 78' lang='lat' dir='ltr'><strong>qua</strong></span> <span class='ocrx_word' id='word_1_671' title='bbox 2629 4609 2692 4646; x_wconf 82' lang='lat' dir='ltr'><strong>ex</strong></span> <span class='ocrx_word' id='word_1_672' title='bbox 2723 4593 2833 4659; x_wconf 78' lang='lat' dir='ltr'><strong>iam</strong></span> <span class='ocrx_word' id='word_1_673' title='bbox 2871 4593 3033 4646; x_wconf 86' lang='lat' dir='ltr'><strong>dictis</strong></span> <span class='ocrx_word' id='word_1_674' title='bbox 3061 4609 3271 4647; x_wconf 81' lang='lat' dir='ltr'><strong>sacram</strong></span> <span class='ocrx_word' id='word_1_675' title='bbox 3307 4594 3481 4646; x_wconf 85' lang='lat' dir='ltr'><strong>sancti</strong></span> 
     </span>
    </p>
   </div>
   <div class='ocr_carea' id='block_1_91' title="bbox 227 4682 1796 4751">
    <p class='ocr_par' dir='ltr' id='par_1_91' title="bbox 227 4682 1796 4751">
     <span class='ocr_line' id='line_1_91' title="bbox 227 4682 1796 4751; baseline -0.008 -4"><span class='ocrx_word' id='word_1_676' title='bbox 227 4692 415 4747; x_wconf 88' lang='lat' dir='ltr'><strong>Sancti</strong></span> <span class='ocrx_word' id='word_1_677' title='bbox 447 4689 621 4743; x_wconf 84' lang='lat' dir='ltr'><strong>nostri</strong></span> <span class='ocrx_word' id='word_1_678' title='bbox 654 4687 818 4751; x_wconf 68' lang='lat' dir='ltr'><strong>aedes,</strong></span> <span class='ocrx_word' id='word_1_679' title='bbox 856 4701 884 4738; x_wconf 92' lang='lat' dir='ltr'><strong>a</strong></span> <span class='ocrx_word' id='word_1_680' title='bbox 913 4683 1297 4739; x_wconf 83' lang='lat' dir='ltr'><strong>Cantacuzeno</strong></span> <span class='ocrx_word' id='word_1_681' title='bbox 1326 4682 1416 4736; x_wconf 87' lang='lat' dir='ltr'><strong>hic</strong></span> <span class='ocrx_word' id='word_1_682' title='bbox 1462 4692 1758 4736; x_wconf 90' lang='lat' dir='ltr'><strong>memorata</strong></span> <span class='ocrx_word' id='word_1_683' title='bbox 1782 4723 1796 4746; x_wconf 94' lang='lat'><strong>,</strong></span> 
     </span>
    </p>
   </div>
   <div class='ocr_carea' id='block_1_92' title="bbox 223 4774 1798 4849">
    <p class='ocr_par' dir='ltr' id='par_1_92' title="bbox 223 4774 1798 4849">
     <span class='ocr_line' id='line_1_92' title="bbox 223 4774 1798 4849; baseline -0.008 -10"><span class='ocrx_word' id='word_1_684' title='bbox 223 4783 296 4839; x_wconf 77' lang='lat' dir='ltr'><strong>ab</strong></span> <span class='ocrx_word' id='word_1_685' title='bbox 330 4784 443 4838; x_wconf 64' lang='lat' dir='ltr'><strong>ade</strong></span> <span class='ocrx_word' id='word_1_686' title='bbox 466 4780 707 4849; x_wconf 80' lang='lat' dir='ltr'><strong>ejusdem</strong></span> <span class='ocrx_word' id='word_1_687' title='bbox 734 4794 910 4840; x_wconf 88' lang='lat' dir='ltr'><strong>sacra,</strong></span> <span class='ocrx_word' id='word_1_688' title='bbox 938 4791 1059 4846; x_wconf 74' lang='lat' dir='ltr'><strong>qua:</strong></span> <span class='ocrx_word' id='word_1_689' title='bbox 1090 4791 1155 4830; x_wconf 91' lang='lat' dir='ltr'><strong>eo</strong></span> <span class='ocrx_word' id='word_1_690' title='bbox 1186 4776 1325 4845; x_wconf 89' lang='lat' dir='ltr'><strong>ipso,</strong></span> <span class='ocrx_word' id='word_1_691' title='bbox 1356 4790 1462 4842; x_wconf 92' lang='lat' dir='ltr'><strong>quo</strong></span> <span class='ocrx_word' id='word_1_692' title='bbox 1491 4774 1798 4844; x_wconf 80' lang='lat' dir='ltr'><strong>Acropolis,</strong></span> 
     </span>
    </p>
   </div>
   <div class='ocr_carea' id='block_1_93' title="bbox 224 4864 1797 4935">
    <p class='ocr_par' dir='ltr' id='par_1_93' title="bbox 224 4864 1797 4935">
     <span class='ocr_line' id='line_1_93' title="bbox 224 4864 1797 4935; baseline -0.008 -4"><span class='ocrx_word' id='word_1_693' title='bbox 224 4878 351 4930; x_wconf 93' lang='lat' dir='ltr'><strong>loco</strong></span> <span class='ocrx_word' id='word_1_694' title='bbox 383 4873 610 4935; x_wconf 83' lang='lat' dir='ltr'><strong>exstitit,</strong></span> <span class='ocrx_word' id='word_1_695' title='bbox 644 4869 808 4924; x_wconf 86' lang='lat' dir='ltr'><strong>luerit</strong></span> <span class='ocrx_word' id='word_1_696' title='bbox 835 4868 1073 4929; x_wconf 84' lang='lat' dir='ltr'><strong>diversa,</strong></span> <span class='ocrx_word' id='word_1_697' title='bbox 1100 4865 1201 4919; x_wconf 84' lang='lat' dir='ltr'><strong>luit</strong></span> <span class='ocrx_word' id='word_1_698' title='bbox 1234 4880 1388 4927; x_wconf 87' lang='lat' dir='ltr'><strong>sane,</strong></span> <span class='ocrx_word' id='word_1_699' title='bbox 1414 4879 1512 4918; x_wconf 86' lang='lat' dir='ltr'><strong>cur</strong></span> <span class='ocrx_word' id='word_1_700' title='bbox 1536 4864 1797 4934; x_wconf 83' lang='lat' dir='ltr'><strong>Cangius,</strong></span> 
     </span>
    </p>
   </div>
   <div class='ocr_carea' id='block_1_94' title="bbox 225 4957 1801 5029">
    <p class='ocr_par' dir='ltr' id='par_1_94' title="bbox 225 4957 1801 5029">
     <span class='ocr_line' id='line_1_94' title="bbox 225 4957 1801 5029; baseline -0.01 -4"><span class='ocrx_word' id='word_1_701' title='bbox 225 4972 465 5029; x_wconf 82' lang='lat' dir='ltr'><strong>hancne,</strong></span> <span class='ocrx_word' id='word_1_702' title='bbox 487 4981 555 5018; x_wconf 90' lang='lat' dir='ltr'><strong>an</strong></span> <span class='ocrx_word' id='word_1_703' title='bbox 589 4964 731 5016; x_wconf 82' lang='lat' dir='ltr'><strong>illam</strong></span> <span class='ocrx_word' id='word_1_704' title='bbox 761 4959 993 5013; x_wconf 89' lang='lat' dir='ltr'><strong>Basilius</strong></span> <span class='ocrx_word' id='word_1_705' title='bbox 1022 4957 1246 5012; x_wconf 79' lang='lat' dir='ltr'><strong>Macedo</strong></span> <span class='ocrx_word' id='word_1_706' title='bbox 1276 4958 1612 5023; x_wconf 90' lang='lat' dir='ltr'><strong>instaurarit,</strong></span> <span class='ocrx_word' id='word_1_707' title='bbox 1644 4971 1801 5010; x_wconf 61' lang='lat' dir='ltr'><strong>revoo</strong></span> 
     </span>
    </p>
   </div>
   <div class='ocr_carea' id='block_1_95' title="bbox 223 5056 749 5115">
    <p class='ocr_par' dir='ltr' id='par_1_95' title="bbox 223 5056 749 5115">
     <span class='ocr_line' id='line_1_95' title="bbox 223 5056 749 5115; baseline -0.017 -1"><span class='ocrx_word' id='word_1_708' title='bbox 223 5068 379 5115; x_wconf 88' lang='lat' dir='ltr'><strong>caret</strong></span> <span class='ocrx_word' id='word_1_709' title='bbox 418 5058 473 5111; x_wconf 91' lang='lat' dir='ltr'><strong>in</strong></span> <span class='ocrx_word' id='word_1_710' title='bbox 501 5056 749 5110; x_wconf 90' lang='lat' dir='ltr'><strong>dubium.</strong></span> 
     </span>
    </p>
   </div>
   <div class='ocr_carea' id='block_1_96' title="bbox 300 5140 1800 5205">
    <p class='ocr_par' dir='ltr' id='par_1_96' title="bbox 300 5140 1800 5205">
     <span class='ocr_line' id='line_1_96' title="bbox 300 5140 1800 5205; baseline -0.01 0"><span class='ocrx_word' id='word_1_711' title='bbox 300 5151 421 5205; x_wconf 75' lang='lat' dir='ltr'><strong>il‘l.</strong></span> <span class='ocrx_word' id='word_1_712' title='bbox 464 5149 568 5204; x_wconf 91' lang='lat' dir='ltr'><strong>Sed</strong></span> <span class='ocrx_word' id='word_1_713' title='bbox 596 5163 709 5201; x_wconf 88' lang='lat' dir='ltr'><strong>rem</strong></span> <span class='ocrx_word' id='word_1_714' title='bbox 745 5146 1147 5200; x_wconf 90' lang='lat' dir='ltr'><strong>examinemus.</strong></span> <span class='ocrx_word' id='word_1_715' title='bbox 1174 5142 1328 5195; x_wconf 83' lang='lat' dir='ltr'><strong>Anna</strong></span> <span class='ocrx_word' id='word_1_716' title='bbox 1352 5140 1652 5205; x_wconf 88' lang='lat' dir='ltr'><strong>Comnena,</strong></span> <span class='ocrx_word' id='word_1_717' title='bbox 1682 5140 1800 5192; x_wconf 78' lang='lat' dir='ltr'><strong>Ale-</strong></span> 
     </span>
    </p>
   </div>
   <div class='ocr_carea' id='block_1_97' title="bbox 220 5234 1797 5309">
    <p class='ocr_par' dir='ltr' id='par_1_97' title="bbox 220 5234 1797 5309">
     <span class='ocr_line' id='line_1_97' title="bbox 220 5234 1797 5309; baseline -0.011 -7"><span class='ocrx_word' id='word_1_718' title='bbox 220 5245 418 5302; x_wconf 69' lang='lat' dir='ltr'><strong>xiados</strong></span> <span class='ocrx_word' id='word_1_719' title='bbox 478 5243 575 5297; x_wconf 91' lang='lat' dir='ltr'><strong>lib.</strong></span> <span class='ocrx_word' id='word_1_720' title='bbox 604 5258 713 5305; x_wconf 85' lang='lat' dir='ltr'><strong>xu,</strong></span> <span class='ocrx_word' id='word_1_721' title='bbox 759 5254 877 5309; x_wconf 88' lang='lat' dir='ltr'><strong>pag.</strong></span> <span class='ocrx_word' id='word_1_722' title='bbox 926 5237 1022 5291; x_wconf 76' lang='grc'><strong>361</strong></span> <span class='ocrx_word' id='word_1_723' title='bbox 1056 5234 1302 5288; x_wconf 90' lang='lat' dir='ltr'><strong>meminit</strong></span> <span class='ocrx_word' id='word_1_724' title='bbox 1337 5234 1470 5287; x_wconf 69' lang='lat' dir='ltr'><strong>tedis</strong></span> <span class='ocrx_word' id='word_1_725' title='bbox 1515 5248 1699 5294; x_wconf 69' lang='lat' dir='ltr'><strong>sacrae,</strong></span> <span class='ocrx_word' id='word_1_726' title='bbox 1744 5234 1797 5285; x_wconf 91' lang='lat' dir='ltr'><strong>in</strong></span> 
     </span>
    </p>
   </div>
   <div class='ocr_carea' id='block_1_98' title="bbox 225 5324 1796 5410">
    <p class='ocr_par' dir='ltr' id='par_1_98' title="bbox 225 5324 1796 5410">
     <span class='ocr_line' id='line_1_98' title="bbox 225 5324 1796 5410; baseline -0.01 -18"><span class='ocrx_word' id='word_1_727' title='bbox 225 5337 430 5410; x_wconf 84' lang='lat' dir='ltr'><strong>palatio</strong></span> <span class='ocrx_word' id='word_1_728' title='bbox 481 5332 834 5403; x_wconf 87' lang='lat' dir='ltr'><strong>imperatorio</strong></span> <span class='ocrx_word' id='word_1_729' title='bbox 874 5326 1480 5396; x_wconf 90' lang='lat' dir='ltr'><strong>Constantinopolitano</strong></span> <span class='ocrx_word' id='word_1_730' title='bbox 1507 5324 1796 5389; x_wconf 66' lang='lat' dir='ltr'><strong>esstantis,</strong></span> 
     </span>
    </p>
   </div>
   <div class='ocr_carea' id='block_1_99' title="bbox 221 5419 1798 5504">
    <p class='ocr_par' dir='ltr' id='par_1_99' title="bbox 221 5419 1798 5504">
     <span class='ocr_line' id='line_1_99' title="bbox 221 5419 1798 5504; baseline -0.01 -18"><span class='ocrx_word' id='word_1_731' title='bbox 221 5446 369 5504; x_wconf 75' lang='lat' dir='ltr'><strong>quzc.</strong></span> <span class='ocrx_word' id='word_1_732' title='bbox 388 5429 634 5499; x_wconf 83' lang='lat' dir='ltr'><strong>quamvis</strong></span> <span class='ocrx_word' id='word_1_733' title='bbox 654 5426 871 5493; x_wconf 86' lang='lat' dir='ltr'><strong>quidem</strong></span> <span class='ocrx_word' id='word_1_734' title='bbox 904 5439 931 5477; x_wconf 93' lang='lat' dir='ltr'><strong>a</strong></span> <span class='ocrx_word' id='word_1_735' title='bbox 961 5422 1166 5484; x_wconf 89' lang='lat' dir='ltr'><strong>multis,</strong></span> <span class='ocrx_word' id='word_1_736' title='bbox 1192 5435 1289 5474; x_wconf 91' lang='lat' dir='ltr'><strong>seu</strong></span> <span class='ocrx_word' id='word_1_737' title='bbox 1314 5422 1512 5488; x_wconf 85' lang='lat' dir='ltr'><strong>potius,</strong></span> <span class='ocrx_word' id='word_1_738' title='bbox 1535 5430 1593 5473; x_wconf 92' lang='lat' dir='ltr'><strong>ut</strong></span> <span class='ocrx_word' id='word_1_739' title='bbox 1614 5419 1798 5473; x_wconf 70' lang='lat' dir='ltr'><strong>Graeca</strong></span> 
     </span>
    </p>
   </div>
   <div class='ocr_carea' id='block_1_100' title="bbox 221 5510 1796 5582">
    <p class='ocr_par' dir='ltr' id='par_1_100' title="bbox 221 5510 1796 5582">
     <span class='ocr_line' id='line_1_100' title="bbox 221 5510 1796 5582; baseline -0.006 -10"><span class='ocrx_word' id='word_1_740' title='bbox 221 5519 391 5572; x_wconf 86' lang='lat' dir='ltr'><strong>verba</strong></span> <span class='ocrx_word' id='word_1_741' title='bbox 428 5526 643 5580; x_wconf 88' lang='lat' dir='ltr'><strong>sonant,</strong></span> <span class='ocrx_word' id='word_1_742' title='bbox 671 5531 699 5567; x_wconf 91' lang='lat' dir='ltr'><strong>a</strong></span> <span class='ocrx_word' id='word_1_743' title='bbox 728 5514 888 5582; x_wconf 86' lang='lat' dir='ltr'><strong>vulgo</strong></span> <span class='ocrx_word' id='word_1_744' title='bbox 921 5511 1100 5581; x_wconf 89' lang='lat' dir='ltr'><strong>magni</strong></span> <span class='ocrx_word' id='word_1_745' title='bbox 1134 5512 1385 5579; x_wconf 68' lang='lat' dir='ltr'><strong>martyris</strong></span> <span class='ocrx_word' id='word_1_746' title='bbox 1412 5510 1667 5563; x_wconf 88' lang='lat' dir='ltr'><strong>Demetrii</strong></span> <span class='ocrx_word' id='word_1_747' title='bbox 1700 5526 1796 5563; x_wconf 75' lang='lat' dir='ltr'><strong>no—</strong></span> 
     </span>
    </p>
   </div>
   <div class='ocr_carea' id='block_1_101' title="bbox 222 5600 1799 5679">
    <p class='ocr_par' dir='ltr' id='par_1_101' title="bbox 222 5600 1799 5679">
     <span class='ocr_line' id='line_1_101' title="bbox 222 5600 1799 5679; baseline -0.008 -13"><span class='ocrx_word' id='word_1_748' title='bbox 222 5612 375 5666; x_wconf 87' lang='lat' dir='ltr'><strong>mine</strong></span> <span class='ocrx_word' id='word_1_749' title='bbox 400 5609 774 5679; x_wconf 89' lang='lat' dir='ltr'><strong>insigniretur,</strong></span> <span class='ocrx_word' id='word_1_750' title='bbox 802 5606 855 5658; x_wconf 93' lang='lat' dir='ltr'><strong>in</strong></span> <span class='ocrx_word' id='word_1_751' title='bbox 892 5603 1112 5657; x_wconf 82' lang='lat' dir='ltr'><strong>nomine</strong></span> <span class='ocrx_word' id='word_1_752' title='bbox 1140 5612 1317 5656; x_wconf 89' lang='lat' dir='ltr'><strong>tamen</strong></span> <span class='ocrx_word' id='word_1_753' title='bbox 1356 5602 1445 5654; x_wconf 89' lang='lat' dir='ltr'><strong>Dei</strong></span> <span class='ocrx_word' id='word_1_754' title='bbox 1475 5600 1658 5655; x_wconf 73' lang='lat' dir='ltr'><strong>Matris</strong></span> <span class='ocrx_word' id='word_1_755' title='bbox 1682 5601 1799 5654; x_wconf 81' lang='lat' dir='ltr'><strong>fue-</strong></span> 
     </span>
    </p>
   </div>
   <div class='ocr_carea' id='block_1_102' title="bbox 223 5692 1800 5767">
    <p class='ocr_par' dir='ltr' id='par_1_102' title="bbox 223 5692 1800 5767">
     <span class='ocr_line' id='line_1_102' title="bbox 223 5692 1800 5767; baseline -0.005 -11"><span class='ocrx_word' id='word_1_756' title='bbox 223 5711 312 5758; x_wconf 85' lang='lat' dir='ltr'><strong>rat</strong></span> <span class='ocrx_word' id='word_1_757' title='bbox 336 5710 549 5765; x_wconf 89' lang='lat' dir='ltr'><strong>erecta;</strong></span> <span class='ocrx_word' id='word_1_758' title='bbox 580 5715 700 5753; x_wconf 84' lang='lat' dir='ltr'><strong>mox</strong></span> <span class='ocrx_word' id='word_1_759' title='bbox 731 5709 913 5752; x_wconf 87' lang='lat' dir='ltr'><strong>autem</strong></span> <span class='ocrx_word' id='word_1_760' title='bbox 934 5697 1138 5751; x_wconf 89' lang='lat' dir='ltr'><strong>laudati</strong></span> <span class='ocrx_word' id='word_1_761' title='bbox 1166 5692 1429 5767; x_wconf 74' lang='lat' dir='ltr'><strong>Scyiitzes</strong></span> <span class='ocrx_word' id='word_1_762' title='bbox 1458 5706 1512 5749; x_wconf 93' lang='lat' dir='ltr'><strong>et</strong></span> <span class='ocrx_word' id='word_1_763' title='bbox 1534 5698 1800 5749; x_wconf 78' lang='lat' dir='ltr'><strong>Constan-</strong></span> 
     </span>
    </p>
   </div>
   <div class='ocr_carea' id='block_1_103' title="bbox 225 5791 1797 5864">
    <p class='ocr_par' dir='ltr' id='par_1_103' title="bbox 225 5791 1797 5864">
     <span class='ocr_line' id='line_1_103' title="bbox 225 5791 1797 5864; baseline -0.002 -16"><span class='ocrx_word' id='word_1_764' title='bbox 225 5798 377 5851; x_wconf 77' lang='lat' dir='ltr'><strong>tinus</strong></span> <span class='ocrx_word' id='word_1_765' title='bbox 408 5793 925 5864; x_wconf 78' lang='lat' dir='ltr'><strong>Porphyrogenitus.</strong></span> <span class='ocrx_word' id='word_1_766' title='bbox 958 5792 1102 5859; x_wconf 88' lang='lat' dir='ltr'><strong>prior</strong></span> <span class='ocrx_word' id='word_1_767' title='bbox 1135 5791 1354 5859; x_wconf 75' lang='lat' dir='ltr'><strong>quidem</strong></span> <span class='ocrx_word' id='word_1_768' title='bbox 1406 5805 1522 5859; x_wconf 90' lang='lat' dir='ltr'><strong>pag.</strong></span> <span class='ocrx_word' id='word_1_769' title='bbox 1554 5791 1797 5859; x_wconf 82' lang='lat' dir='ltr'><strong>proxime</strong></span> 
     </span>
    </p>
   </div>
   <div class='ocr_carea' id='block_1_104' title="bbox 225 5882 1791 5959">
    <p class='ocr_par' dir='ltr' id='par_1_104' title="bbox 225 5882 1791 5959">
     <span class='ocr_line' id='line_1_104' title="bbox 225 5882 1791 5959; baseline -0.004 -16"><span class='ocrx_word' id='word_1_770' title='bbox 225 5898 345 5954; x_wconf 61' lang='grc' dir='ltr'><strong>(ιι,</strong></span> <span class='ocrx_word' id='word_1_771' title='bbox 380 5889 645 5959; x_wconf 78' lang='lat' dir='ltr'><strong>posterior</strong></span> <span class='ocrx_word' id='word_1_772' title='bbox 680 5904 806 5943; x_wconf 73' lang='lat' dir='ltr'><strong>veto</strong></span> <span class='ocrx_word' id='word_1_773' title='bbox 858 5885 909 5939; x_wconf 92' lang='lat' dir='ltr'><strong>in</strong></span> <span class='ocrx_word' id='word_1_774' title='bbox 966 5883 1157 5939; x_wconf 74' lang='lat' dir='ltr'><strong>Basilio</strong></span> <span class='ocrx_word' id='word_1_775' title='bbox 1190 5882 1503 5947; x_wconf 56' lang='lat' dir='ltr'><strong>Macedone,</strong></span> <span class='ocrx_word' id='word_1_776' title='bbox 1543 5900 1659 5952; x_wconf 60' lang='grc' dir='ltr'><strong>«τῳ.</strong></span> <span class='ocrx_word' id='word_1_777' title='bbox 1705 5884 1791 5947; x_wconf 70' lang='grc' dir='ltr'><strong>ῗό,</strong></span> 
     </span>
    </p>
   </div>
   <div class='ocr_carea' id='block_1_105' title="bbox 1906 4681 3481 4745">
    <p class='ocr_par' dir='ltr' id='par_1_105' title="bbox 1906 4681 3481 4745">
     <span class='ocr_line' id='line_1_105' title="bbox 1906 4681 3481 4745; baseline 0 -10"><span class='ocrx_word' id='word_1_778' title='bbox 1906 4681 2164 4736; x_wconf 90' lang='lat' dir='ltr'><strong>Demetrii</strong></span> <span class='ocrx_word' id='word_1_779' title='bbox 2193 4683 2364 4735; x_wconf 71' lang='lat' dir='ltr'><strong>aidem</strong></span> <span class='ocrx_word' id='word_1_780' title='bbox 2391 4722 2404 4744; x_wconf 89' lang='lat'><strong>,</strong></span> <span class='ocrx_word' id='word_1_781' title='bbox 2442 4699 2469 4734; x_wconf 89' lang='lat' dir='ltr'><strong>a</strong></span> <span class='ocrx_word' id='word_1_782' title='bbox 2509 4681 2708 4735; x_wconf 82' lang='lat' dir='ltr'><strong>Basilio</strong></span> <span class='ocrx_word' id='word_1_783' title='bbox 2746 4683 3040 4738; x_wconf 76' lang='lat' dir='ltr'><strong>Macedone</strong></span> <span class='ocrx_word' id='word_1_784' title='bbox 3078 4684 3438 4736; x_wconf 79' lang='lat' dir='ltr'><strong>instauratam</strong></span> <span class='ocrx_word' id='word_1_785' title='bbox 3466 4723 3481 4745; x_wconf 90' lang='lat'><strong>,</strong></span> 
     </span>
    </p>
   </div>
   <div class='ocr_carea' id='block_1_106' title="bbox 1904 4774 3481 4844">
    <p class='ocr_par' dir='ltr' id='par_1_106' title="bbox 1904 4774 3481 4844">
     <span class='ocr_line' id='line_1_106' title="bbox 1904 4774 3481 4844; baseline -0.001 -15"><span class='ocrx_word' id='word_1_786' title='bbox 1904 4785 2054 4829; x_wconf 85' lang='lat' dir='ltr'><strong>extra</strong></span> <span class='ocrx_word' id='word_1_787' title='bbox 2115 4774 2374 4842; x_wconf 88' lang='lat' dir='ltr'><strong>palatium</strong></span> <span class='ocrx_word' id='word_1_788' title='bbox 2439 4778 2768 4837; x_wconf 85' lang='lat' dir='ltr'><strong>statuimus,</strong></span> <span class='ocrx_word' id='word_1_789' title='bbox 2825 4788 3003 4844; x_wconf 84' lang='lat' dir='ltr'><strong>potest</strong></span> <span class='ocrx_word' id='word_1_790' title='bbox 3054 4776 3227 4843; x_wconf 70' lang='lat' dir='ltr'><strong>argui.</strong></span> <span class='ocrx_word' id='word_1_791' title='bbox 3286 4774 3481 4828; x_wconf 70' lang='lat' dir='ltr'><strong>Verum</strong></span> 
     </span>
    </p>
   </div>
   <div class='ocr_carea' id='block_1_107' title="bbox 1904 4865 3484 4935">
    <p class='ocr_par' dir='ltr' id='par_1_107' title="bbox 1904 4865 3484 4935">
     <span class='ocr_line' id='line_1_107' title="bbox 1904 4865 3484 4935; baseline -0.001 -15"><span class='ocrx_word' id='word_1_792' title='bbox 1904 4867 2156 4935; x_wconf 87' lang='lat' dir='ltr'><strong>scriptor,</strong></span> <span class='ocrx_word' id='word_1_793' title='bbox 2194 4865 2283 4933; x_wconf 87' lang='lat' dir='ltr'><strong>qui</strong></span> <span class='ocrx_word' id='word_1_794' title='bbox 2325 4866 2484 4918; x_wconf 70' lang='lat' dir='ltr'><strong>dictze</strong></span> <span class='ocrx_word' id='word_1_795' title='bbox 2534 4866 2771 4918; x_wconf 81' lang='lat' dir='ltr'><strong>humilia:</strong></span> <span class='ocrx_word' id='word_1_796' title='bbox 2808 4881 2904 4917; x_wconf 84' lang='lat' dir='ltr'><strong>seu</strong></span> <span class='ocrx_word' id='word_1_797' title='bbox 2940 4867 3174 4918; x_wconf 83' lang='lat' dir='ltr'><strong>orationi</strong></span> <span class='ocrx_word' id='word_1_798' title='bbox 3207 4867 3260 4918; x_wconf 90' lang='lat' dir='ltr'><strong>in</strong></span> <span class='ocrx_word' id='word_1_799' title='bbox 3294 4867 3484 4919; x_wconf 68' lang='lat' dir='ltr'><strong>codice</strong></span> 
     </span>
    </p>
   </div>
   <div class='ocr_carea' id='block_1_108' title="bbox 1904 4957 3482 5025">
    <p class='ocr_par' dir='ltr' id='par_1_108' title="bbox 1904 4957 3482 5025">
     <span class='ocr_line' id='line_1_108' title="bbox 1904 4957 3482 5025; baseline -0.001 -14"><span class='ocrx_word' id='word_1_800' title='bbox 1904 4959 2031 5012; x_wconf 90' lang='lat' dir='ltr'><strong>olim</strong></span> <span class='ocrx_word' id='word_1_801' title='bbox 2080 4957 2421 5017; x_wconf 69' lang='lat' dir='ltr'><strong>Mazarinteo,</strong></span> <span class='ocrx_word' id='word_1_802' title='bbox 2472 4958 2690 5020; x_wconf 77' lang='lat' dir='ltr'><strong>sa-Ctilo,</strong></span> <span class='ocrx_word' id='word_1_803' title='bbox 2744 4966 2801 5009; x_wconf 92' lang='lat' dir='ltr'><strong>ut</strong></span> <span class='ocrx_word' id='word_1_804' title='bbox 2850 4968 3114 5025; x_wconf 79' lang='lat' dir='ltr'><strong>apparet,</strong></span> <span class='ocrx_word' id='word_1_805' title='bbox 3160 4957 3482 5010; x_wconf 78' lang='lat' dir='ltr'><strong>duodecimo</strong></span> 
     </span>
    </p>
   </div>
   <div class='ocr_carea' id='block_1_109' title="bbox 1904 5047 3481 5116">
    <p class='ocr_par' dir='ltr' id='par_1_109' title="bbox 1904 5047 3481 5116">
     <span class='ocr_line' id='line_1_109' title="bbox 1904 5047 3481 5116; baseline -0.001 -13"><span class='ocrx_word' id='word_1_806' title='bbox 1904 5060 2141 5111; x_wconf 67' lang='lat' dir='ltr'><strong>esarato,</strong></span> <span class='ocrx_word' id='word_1_807' title='bbox 2176 5048 2391 5101; x_wconf 91' lang='lat' dir='ltr'><strong>titulum</strong></span> <span class='ocrx_word' id='word_1_808' title='bbox 2429 5047 2685 5116; x_wconf 69' lang='lat' dir='ltr'><strong>prmiixit.</strong></span> <span class='ocrx_word' id='word_1_809' title='bbox 2722 5049 2921 5101; x_wconf 88' lang='lat' dir='ltr'><strong>dictam</strong></span> <span class='ocrx_word' id='word_1_810' title='bbox 2952 5050 3093 5099; x_wconf 89' lang='lat' dir='ltr'><strong>illam</strong></span> <span class='ocrx_word' id='word_1_811' title='bbox 3128 5050 3295 5101; x_wconf 80' lang='lat' dir='ltr'><strong>fuisse</strong></span> <span class='ocrx_word' id='word_1_812' title='bbox 3327 5059 3481 5110; x_wconf 87' lang='lat' dir='ltr'><strong>tunc,</strong></span> 
     </span>
    </p>
   </div>
   <div class='ocr_carea' id='block_1_110' title="bbox 1903 5139 3480 5208">
    <p class='ocr_par' dir='ltr' id='par_1_110' title="bbox 1903 5139 3480 5208">
     <span class='ocr_line' id='line_1_110' title="bbox 1903 5139 3480 5208; baseline -0.003 -12"><span class='ocrx_word' id='word_1_813' title='bbox 1903 5158 2025 5197; x_wconf 89' lang='lat' dir='ltr'><strong>cmn</strong></span> <span class='ocrx_word' id='word_1_814' title='bbox 2056 5142 2198 5193; x_wconf 60' lang='lat' dir='ltr'><strong>aedes</strong></span> <span class='ocrx_word' id='word_1_815' title='bbox 2232 5150 2421 5192; x_wconf 90' lang='lat' dir='ltr'><strong>sancto</strong></span> <span class='ocrx_word' id='word_1_816' title='bbox 2461 5139 2735 5192; x_wconf 82' lang='lat' dir='ltr'><strong>Demetrio</strong></span> <span class='ocrx_word' id='word_1_817' title='bbox 2774 5142 2825 5190; x_wconf 91' lang='lat' dir='ltr'><strong>in</strong></span> <span class='ocrx_word' id='word_1_818' title='bbox 2863 5140 3008 5208; x_wconf 89' lang='lat' dir='ltr'><strong>regia</strong></span> <span class='ocrx_word' id='word_1_819' title='bbox 3039 5151 3480 5203; x_wconf 75' lang='lat' dir='ltr'><strong>consecraretur,</strong></span> 
     </span>
    </p>
   </div>
   <div class='ocr_carea' id='block_1_111' title="bbox 1904 5236 3479 5301">
    <p class='ocr_par' dir='ltr' id='par_1_111' title="bbox 1904 5236 3479 5301">
     <span class='ocr_line' id='line_1_111' title="bbox 1904 5236 3479 5301; baseline -0.004 -10"><span class='ocrx_word' id='word_1_820' title='bbox 1904 5237 2106 5291; x_wconf 87' lang='lat' dir='ltr'><strong>idcirco</strong></span> <span class='ocrx_word' id='word_1_821' title='bbox 2154 5236 2403 5288; x_wconf 76' lang='lat' dir='ltr'><strong>fortassis</strong></span> <span class='ocrx_word' id='word_1_822' title='bbox 2458 5236 2511 5287; x_wconf 91' lang='lat' dir='ltr'><strong>in</strong></span> <span class='ocrx_word' id='word_1_823' title='bbox 2571 5237 2673 5286; x_wconf 91' lang='lat' dir='ltr'><strong>hoc</strong></span> <span class='ocrx_word' id='word_1_824' title='bbox 2726 5236 2949 5296; x_wconf 85' lang='lat' dir='ltr'><strong>notarit,</strong></span> <span class='ocrx_word' id='word_1_825' title='bbox 2983 5236 3127 5301; x_wconf 84' lang='lat' dir='ltr'><strong>quod</strong></span> <span class='ocrx_word' id='word_1_826' title='bbox 3176 5244 3324 5291; x_wconf 89' lang='lat' dir='ltr'><strong>tunc.</strong></span> <span class='ocrx_word' id='word_1_827' title='bbox 3356 5248 3479 5287; x_wconf 85' lang='lat' dir='ltr'><strong>cum</strong></span> 
     </span>
    </p>
   </div>
   <div class='ocr_carea' id='block_1_112' title="bbox 1902 5327 3479 5397">
    <p class='ocr_par' dir='ltr' id='par_1_112' title="bbox 1902 5327 3479 5397">
     <span class='ocr_line' id='line_1_112' title="bbox 1902 5327 3479 5397; baseline -0.003 -16"><span class='ocrx_word' id='word_1_828' title='bbox 1902 5327 2185 5397; x_wconf 75' lang='lat' dir='ltr'><strong>praefatum</strong></span> <span class='ocrx_word' id='word_1_829' title='bbox 2219 5327 2465 5380; x_wconf 87' lang='lat' dir='ltr'><strong>codicem</strong></span> <span class='ocrx_word' id='word_1_830' title='bbox 2498 5337 2769 5389; x_wconf 85' lang='lat' dir='ltr'><strong>exararet,</strong></span> <span class='ocrx_word' id='word_1_831' title='bbox 2805 5342 2901 5380; x_wconf 88' lang='lat' dir='ltr'><strong>seu</strong></span> <span class='ocrx_word' id='word_1_832' title='bbox 2935 5328 3132 5379; x_wconf 67' lang='lat' dir='ltr'><strong>saeculo</strong></span> <span class='ocrx_word' id='word_1_833' title='bbox 3160 5343 3229 5379; x_wconf 71' lang='grc' dir='ltr'><strong>ιιι</strong></span> <span class='ocrx_word' id='word_1_834' title='bbox 3265 5340 3479 5380; x_wconf 86' lang='lat' dir='ltr'><strong>sacrum</strong></span> 
     </span>
    </p>
   </div>
   <div class='ocr_carea' id='block_1_113' title="bbox 1902 5419 3480 5482">
    <p class='ocr_par' dir='ltr' id='par_1_113' title="bbox 1902 5419 3480 5482">
     <span class='ocr_line' id='line_1_113' title="bbox 1902 5419 3480 5482; baseline -0.002 -8"><span class='ocrx_word' id='word_1_835' title='bbox 1902 5421 2045 5474; x_wconf 88' lang='lat' dir='ltr'><strong>istud</strong></span> <span class='ocrx_word' id='word_1_836' title='bbox 2075 5420 2362 5473; x_wconf 65' lang='lat' dir='ltr'><strong>aedilicium</strong></span> <span class='ocrx_word' id='word_1_837' title='bbox 2396 5420 2510 5472; x_wconf 88' lang='lat' dir='ltr'><strong>solo</strong></span> <span class='ocrx_word' id='word_1_838' title='bbox 2554 5420 2726 5482; x_wconf 81' lang='lat' dir='ltr'><strong>sancti</strong></span> <span class='ocrx_word' id='word_1_839' title='bbox 2778 5420 3032 5472; x_wconf 91' lang='lat' dir='ltr'><strong>Demetrii</strong></span> <span class='ocrx_word' id='word_1_840' title='bbox 3078 5420 3300 5471; x_wconf 90' lang='lat' dir='ltr'><strong>nomine</strong></span> <span class='ocrx_word' id='word_1_841' title='bbox 3342 5419 3480 5471; x_wconf 78' lang='lat' dir='ltr'><strong>sole-</strong></span> 
     </span>
    </p>
   </div>
   <div class='ocr_carea' id='block_1_114' title="bbox 1900 5511 3478 5580">
    <p class='ocr_par' dir='ltr' id='par_1_114' title="bbox 1900 5511 3478 5580">
     <span class='ocr_line' id='line_1_114' title="bbox 1900 5511 3478 5580; baseline -0.003 -13"><span class='ocrx_word' id='word_1_842' title='bbox 1900 5525 1979 5567; x_wconf 89' lang='lat' dir='ltr'><strong>rct</strong></span> <span class='ocrx_word' id='word_1_843' title='bbox 2028 5514 2309 5580; x_wconf 77' lang='lat' dir='ltr'><strong>distingui.</strong></span> <span class='ocrx_word' id='word_1_844' title='bbox 2344 5512 2562 5576; x_wconf 75' lang='lat' dir='ltr'><strong>Adltcec,</strong></span> <span class='ocrx_word' id='word_1_845' title='bbox 2601 5523 2659 5564; x_wconf 94' lang='lat' dir='ltr'><strong>ut</strong></span> <span class='ocrx_word' id='word_1_846' title='bbox 2692 5529 2813 5564; x_wconf 92' lang='lat' dir='ltr'><strong>cum</strong></span> <span class='ocrx_word' id='word_1_847' title='bbox 2860 5513 2998 5565; x_wconf 82' lang='lat' dir='ltr'><strong>tituli</strong></span> <span class='ocrx_word' id='word_1_848' title='bbox 3026 5552 3038 5572; x_wconf 90' lang='lat'><strong>,</strong></span> <span class='ocrx_word' id='word_1_849' title='bbox 3095 5512 3160 5565; x_wconf 88' lang='lat' dir='ltr'><strong>dc</strong></span> <span class='ocrx_word' id='word_1_850' title='bbox 3193 5528 3300 5579; x_wconf 84' lang='lat' dir='ltr'><strong>quo</strong></span> <span class='ocrx_word' id='word_1_851' title='bbox 3352 5511 3440 5563; x_wconf 89' lang='lat' dir='ltr'><strong>hic</strong></span> <span class='ocrx_word' id='word_1_852' title='bbox 3467 5546 3478 5568; x_wconf 92' lang='lat'><strong>.</strong></span> 
     </span>
    </p>
   </div>
   <div class='ocr_carea' id='block_1_115' title="bbox 1901 5606 3479 5674">
    <p class='ocr_par' dir='ltr' id='par_1_115' title="bbox 1901 5606 3479 5674">
     <span class='ocr_line' id='line_1_115' title="bbox 1901 5606 3479 5674; baseline -0.003 -15"><span class='ocrx_word' id='word_1_853' title='bbox 1901 5608 2168 5673; x_wconf 87' lang='lat' dir='ltr'><strong>scriptore</strong></span> <span class='ocrx_word' id='word_1_854' title='bbox 2213 5610 2367 5657; x_wconf 81' lang='lat' dir='ltr'><strong>Anna</strong></span> <span class='ocrx_word' id='word_1_855' title='bbox 2418 5606 2715 5665; x_wconf 80' lang='lat' dir='ltr'><strong>Cumncna,</strong></span> <span class='ocrx_word' id='word_1_856' title='bbox 2769 5622 2891 5674; x_wconf 65' lang='lat' dir='ltr'><strong>qua:</strong></span> <span class='ocrx_word' id='word_1_857' title='bbox 2930 5606 3131 5672; x_wconf 88' lang='lat' dir='ltr'><strong>pariter</strong></span> <span class='ocrx_word' id='word_1_858' title='bbox 3170 5606 3370 5656; x_wconf 63' lang='lat' dir='ltr'><strong>seculo</strong></span> <span class='ocrx_word' id='word_1_859' title='bbox 3408 5619 3479 5656; x_wconf 79' lang='lat' dir='ltr'><strong>xu</strong></span> 
     </span>
    </p>
   </div>
   <div class='ocr_carea' id='block_1_116' title="bbox 1901 5697 3477 5765">
    <p class='ocr_par' dir='ltr' id='par_1_116' title="bbox 1901 5697 3477 5765">
     <span class='ocr_line' id='line_1_116' title="bbox 1901 5697 3477 5765; baseline -0.005 -14"><span class='ocrx_word' id='word_1_860' title='bbox 1901 5698 2085 5751; x_wconf 86' lang='lat' dir='ltr'><strong>ﬂoruit</strong></span> <span class='ocrx_word' id='word_1_861' title='bbox 2117 5713 2436 5765; x_wconf 84' lang='lat' dir='ltr'><strong>sacramque</strong></span> <span class='ocrx_word' id='word_1_862' title='bbox 2473 5700 2617 5751; x_wconf 89' lang='lat' dir='ltr'><strong>illam</strong></span> <span class='ocrx_word' id='word_1_863' title='bbox 2652 5698 2822 5751; x_wconf 65' lang='lat' dir='ltr'><strong>aedem</strong></span> <span class='ocrx_word' id='word_1_864' title='bbox 2849 5738 2863 5761; x_wconf 90' lang='lat'><strong>,</strong></span> <span class='ocrx_word' id='word_1_865' title='bbox 2919 5708 3038 5750; x_wconf 84' lang='lat' dir='ltr'><strong>utut</strong></span> <span class='ocrx_word' id='word_1_866' title='bbox 3088 5697 3342 5749; x_wconf 68' lang='lat' dir='ltr'><strong>Demetrii</strong></span> <span class='ocrx_word' id='word_1_867' title='bbox 3383 5713 3477 5748; x_wconf 72' lang='lat' dir='ltr'><strong>nu-</strong></span> 
     </span>
    </p>
   </div>
   <div class='ocr_carea' id='block_1_117' title="bbox 1903 5789 3476 5859">
    <p class='ocr_par' dir='ltr' id='par_1_117' title="bbox 1903 5789 3476 5859">
     <span class='ocr_line' id='line_1_117' title="bbox 1903 5789 3476 5859; baseline -0.004 -14"><span class='ocrx_word' id='word_1_868' title='bbox 1903 5792 2048 5845; x_wconf 88' lang='lat' dir='ltr'><strong>mine</strong></span> <span class='ocrx_word' id='word_1_869' title='bbox 2083 5808 2110 5843; x_wconf 89' lang='lat' dir='ltr'><strong>a</strong></span> <span class='ocrx_word' id='word_1_870' title='bbox 2156 5793 2315 5859; x_wconf 77' lang='lat' dir='ltr'><strong>vulgo</strong></span> <span class='ocrx_word' id='word_1_871' title='bbox 2370 5791 2618 5859; x_wconf 86' lang='lat' dir='ltr'><strong>insigniri</strong></span> <span class='ocrx_word' id='word_1_872' title='bbox 2671 5792 2924 5850; x_wconf 62' lang='lat' dir='ltr'><strong>solium.</strong></span> <span class='ocrx_word' id='word_1_873' title='bbox 2982 5791 3339 5844; x_wconf 73' lang='lat' dir='ltr'><strong>sanctissima:</strong></span> <span class='ocrx_word' id='word_1_874' title='bbox 3388 5789 3476 5841; x_wconf 87' lang='lat' dir='ltr'><strong>Dei</strong></span> 
     </span>
    </p>
   </div>
   <div class='ocr_carea' id='block_1_118' title="bbox 1902 5880 3475 5940">
    <p class='ocr_par' dir='ltr' id='par_1_118' title="bbox 1902 5880 3475 5940">
     <span class='ocr_line' id='line_1_118' title="bbox 1902 5880 3475 5940; baseline -0.003 -1"><span class='ocrx_word' id='word_1_875' title='bbox 1902 5883 2015 5939; x_wconf 77' lang='lat' dir='ltr'><strong>Gcn</strong></span> <span class='ocrx_word' id='word_1_876' title='bbox 2044 5883 2160 5940; x_wconf 62' lang='lat' dir='ltr'><strong>trici</strong></span> <span class='ocrx_word' id='word_1_877' title='bbox 2200 5882 2428 5938; x_wconf 65' lang='lat' dir='ltr'><strong>d&#39;catam</strong></span> <span class='ocrx_word' id='word_1_878' title='bbox 2486 5893 2651 5939; x_wconf 87' lang='lat' dir='ltr'><strong>notat.</strong></span> <span class='ocrx_word' id='word_1_879' title='bbox 2693 5898 2741 5935; x_wconf 81' lang='lat' dir='ltr'><strong>in</strong></span> <span class='ocrx_word' id='word_1_880' title='bbox 2773 5883 3118 5939; x_wconf 79' lang='lat' dir='ltr'><strong>concordiam</strong></span> <span class='ocrx_word' id='word_1_881' title='bbox 3156 5880 3475 5936; x_wconf 84' lang='lat' dir='ltr'><strong>adducatur.</strong></span> 
     </span>
    </p>
   </div>
  </div>
