4218 6442
797 385 932 447 1151

2069 387 2721 454 SUPPLEMENTUM.

3923 379 4057 445 115?.

798 503 916 557 ﬁeri
945 507 1146 573 potest,
1178 511 1238 557 ut
1259 517 1411 560 sacra
1438 501 1527 556 illa
1566 503 1707 558 mdes
1752 511 1808 558 et
1857 501 2220 557 sanctissime
2263 503 2356 556 Dei
2387 540 2432 591 λ
2461 504 2647 558 Sancti
2684 506 2804 559 luce
2833 505 2984 558 adire
3021 504 3380 571 lmperatores
3412 497 3688 561 solebant,
3761 508 4058 550 monaste-

795 593 1056 648 Genitrici
1087 593 1330 648 simulet
1380 603 1572 648 sancto
1629 594 1904 648 Demetrio
1950 593 2349 651 lueritdicata,

801 689 1037 756 hincque
1065 688 1131 744 de
1154 703 1241 746 ea,
1268 687 1433 741 veluti
1471 697 1660 742 sancto
1690 686 1963 741 Demetrio
1997 702 2172 748 sacra,
2221 686 2361 740 tituli

799 779 1051 846 scriptor,
1083 779 1215 832 solis
1241 778 1579 834 concinnatis
1606 777 1674 833 de
1704 779 1806 833 hoc
1835 777 2034 833 Sancto
2058 785 2248 830 nostro
2283 778 2366 830 lu-

799 872 1213 925 cubrationibus
1241 873 1348 938 (adi
1379 887 1530 925 num.
1559 873 1611 939 3)
1643 871 2073 926 transcribendis
2099 871 2362 932 intentus,

803 964 1137 1016 mentionem
1175 963 1366 1017 fecerit
1392 1003 1408 1026 ,
1437 964 1642 1017 omisso
1665 964 1828 1016 etiam
1867 963 2112 1030 Deiparie
2141 962 2366 1015 nomine

804 1070 909 1118 quo
939 1065 1067 1107 tunc
1113 1054 1355 1109 fortassis
1389 1071 1418 1107 a
1460 1055 1650 1123 paucis
1695 1056 1957 1109 duntaxat
2003 1055 2177 1109 locum
2213 1054 2363 1107 illum

803 1159 1023 1198 sacrum
1081 1145 1327 1213 insigniri
1400 1146 1632 1199 habebat
1671 1154 2035 1213 perspectum.
2094 1142 2366 1210 Quidquid

806 1235 988 1295 itaque
1020 1251 1049 1288 c
1080 1236 1254 1298 titulo,
1288 1251 1448 1302 quem
1494 1236 1550 1287 in
1591 1237 1777 1290 codice
1824 1232 2142 1287 Mazar'utteo
2191 1234 2369 1286 oratio

807 1343 899 1379 seu
949 1327 1165 1380 bomilia
1222 1327 1436 1382 laudata
1483 1326 1736 1396 "defert,
1783 1325 1956 1394 possit
2005 1324 2180 1394 argui,
2231 1324 2370 1378 hanc

806 1416 1081 1482 equidem,
1129 1431 1236 1468 non
1289 1431 1411 1470 cum
1469 1431 1621 1469 sacra
1683 1415 1856 1469 sancti
1911 1413 2168 1467 Demetrii
2213 1414 2369 1476 aede,

809 1523 971 1575 quam
1015 1524 1044 1561 a
1096 1507 1288 1560 Basilo
1322 1507 1615 1561 Macedone
1644 1508 2000 1560 instauratam
2032 1505 2198 1559 fuisse
2243 1504 2372 1574 Scy-

812 1600 966 1653 litzes
1003 1609 1056 1652 et
1086 1597 1582 1669 Porphyrogenitus
1615 1600 1853 1659 tradunt,
1881 1597 1975 1652 sed
2008 1612 2132 1652 cum
2165 1596 2331 1650 altera
2355 1636 2369 1659 ,

810 1707 971 1758 quam
1023 1691 1075 1744 in
1113 1693 1311 1760 palatio
1344 1691 1507 1745 fuisse
1551 1692 1642 1745 Dei
1694 1689 1960 1744 Genitrici
2000 1699 2329 1744 exstructam
2355 1727 2371 1754 ,

814 1784 1146 1853 nomineque
1192 1783 1548 1839 nihilominus
1596 1784 1770 1839 sancti
1824 1782 2080 1837 Demetrii
2133 1797 2162 1836 a
2214 1783 2375 1850 vulgo

2469 596 2611 650 rium
2670 606 2956 666 praeterea,
3010 606 3201 650 contra
3265 611 3327 648 ac
3369 593 3471 647 aedi
3502 606 3692 655 sacrm,
3743 589 3802 643 in
3853 589 4061 658 palatio

2469 687 2659 756 ejusve
2689 689 2894 741 ambitu
2930 688 3068 751 sitat,
3101 689 3397 740 convenlre
3442 684 3678 746 videtnr,
3724 682 3832 734 sibi
3867 681 4061 739 etiam,

2468 778 2549 832 uti
2581 795 2609 832 e
2642 779 2834 833 Codinl
2893 779 3073 831 verbis
3119 779 3463 848 intelligitur,
3513 777 3789 830 'babuetlt
3856 775 4062 839 adjun-

2468 881 2641 931 ctttm,
2679 872 2828 926 illum
2886 888 3016 925 sane
3075 873 3255 924 locum
3316 886 3533 924 sacrum
3570 885 3634 923 ac
3681 870 3851 938 proin
3889 868 4059 920 etiam

2469 972 2802 1016 exstructam
2833 977 2860 1015 ι
2923 962 3092 1016 Βιτάει
3126 962 3341 1016 Caesare
3369 962 3686 1020 ecclesiam.
3755 972 3963 1028 utpote
3996 961 4061 1013 ab

2473 1054 2596 1120 hoc,
2624 1061 2682 1107 ιιι
2713 1055 2824 1123 jam
2855 1055 3038 1118 docui,
3074 1071 3180 1110 non
3223 1055 3555 1114 distinctam.
3590 1065 3747 1109 extra
3781 1055 4058 1123 ρειιτιέωιι

2471 1148 2634 1201 situm
2672 1149 2860 1212 fuisse,
2889 1148 3178 1202 dicendum
3213 1159 3315 1202 est.
3357 1148 3473 1201 Jam
3500 1163 3652 1206 vero,
3691 1163 3824 1201 cum
3864 1145 4060 1200 Sancti

2472 1239 2719 1302 ecclesia,
2756 1255 2916 1308 quam
2952 1240 3181 1294 Basilius
3213 1240 3435 1294 Macedo
3489 1241 3846 1300 instauravit,
3909 1249 4062 1290 extra

2473 1334 2734 1401 palatium
2763 1334 2986 1402 pariter,
3023 1343 3084 1386 ut
3113 1348 3275 1403 supra
3316 1334 3554 1396 ostendi,
3581 1334 3684 1386 sita
3714 1333 3920 1392 fuerit,
3953 1347 4060 1381 non

2471 1424 2632 1477 aliam
2672 1424 2931 1477 Demetrii
2967 1424 3138 1478 aedem
3175 1437 3408 1483 sacram,
3442 1439 3604 1488 quam
3654 1438 3784 1488 qua»
3814 1441 3841 1473 a
3885 1420 4061 1472 Barda

2473 1514 2688 1569 C:rsare
2715 1514 2894 1568 fuerat
2932 1523 3230 1578 exstructa,
3260 1529 3290 1567 a
3323 1514 3521 1566 Basilio
3552 1512 3860 1567 Macedone
3893 1513 4063 1564 fuisse

2475 1607 2854 1668 instauratam,
2911 1603 3384 1658 verosimillimum
3446 1613 3690 1670 apparet.
3766 1601 3888 1654 Nec
3958 1612 4061 1656 (ιρι.

2475 1698 2620 1764 quod
2647 1696 3093 1765 reponas,sancti
3123 1695 3382 1748 Demetrii
3421 1696 3566 1747 ardes
3631 1708 3778 1760 quas
3828 1691 4066 1743 Basili!”

2475 1787 2697 1842 Macedo
2721 1787 3066 1847 instauravit,
3093 1787 3146 1839 in
3181 1785 3382 1840 Leonis
3416 1786 3594 1838 Allatii
3653 1785 3914 1838 editione
3955 1786 4063 1832 rai-

813 1877 1040 1930 solnisse
1074 1875 1330 1946 distingui
1386 1875 1542 1930 Anna
1575 1875 1851 1929 (lcumena
1880 1872 2108 1927 alIirmat
2133 1910 2149 1935 ,
2181 1886 2374 1926 conse-
2403 1871 2442 1926 Β
2475 1897 2649 1945 nasus,
2693 1889 2856 1948 atque
2912 1879 2966 1932 in
3022 1879 3214 1942 altera,
3249 1891 3415 1946 quam
3456 1875 3509 1929 in
3562 1874 3896 1944 Byzantinis
3946 1885 4067 1940 post

815 1980 1082 2030 craretur,
1121 1969 1526 2038 pronuntiatam
1564 1967 1752 2032 fuisse,
1797 1967 2167 2020 indubitatum
2204 1979 2375 2035 appa-

815 2068 917 2121 ret,
980 2069 1273 2127 manetque
1323 2058 1571 2126 proinde,
1628 2073 1840 2113 sacram
1891 2056 2067 2112 sancti
2121 2054 2378 2111 Demetrii

819 2150 1011 2208 a'dcm.
1047 2168 1203 2219 quam
1233 2151 1464 2206 Basilius
1501 2150 1721 2205 Macedo
1746 2151 2082 2214 instauravit,
2106 2157 2256 2204 extra
2286 2163 2382 2218 pa-

818 2241 1003 2295 latium
1035 2242 1193 2295 sitam
1217 2240 1404 2307 fuisse,
1431 2253 1592 2311 atque
1619 2244 1740 2296 ideo
1762 2243 1830 2297 ab
1860 2241 1974 2296 :ede
1999 2239 2182 2294 Sancti
2203 2253 2379 2304 sacra,

818 2349 976 2401 quam
1025 2333 1074 2386 in
1124 2335 1322 2401 palatio
1358 2335 1769 2388 Cantacuzenus
1825 2335 2035 2396 statuit,
2087 2331 2378 2400 distingui.

892 2425 1013 2478 ll9.
1067 2424 1261 2477 Verum
1310 2441 1554 2494 qu:cnam
1606 2426 1823 2480 tandem
1869 2434 1952 2480 est
2001 2440 2152 2479 sacra
2204 2422 2380 2478 sancti

825 2517 1078 2570 Demetrii
1118 2518 1282 2577 :edes,
1315 2533 1435 2584 qua:
1462 2528 1516 2571 et
1556 2519 1622 2571 ab
1647 2519 1762 2571 aede
1822 2533 1918 2584 per
1940 2517 2381 2571 Cantacuzenum

825 2621 1119 2662 memorata
1189 2610 1540 2679 (Ιικιὶιιειιίιιιιν
1575 2620 1680 2663 eta
1708 2609 1911 2663 Basilio
1960 2607 2254 2663 Macedone
2281 2606 2386 2660 fuit

828 2701 1160 2755 instaurata?
1195 2703 1311 2754 Non
1371 2703 1498 2759 alia.
1561 2711 1618 2754 ιιι
1665 2711 1907 2770 apparet,
1942 2715 2105 2770 quam
2146 2714 2266 2766 qua:
2321 2712 2386 2753 eo

829 2795 968 2860 ipso.
995 2810 1100 2861 quo
1145 2795 1429 2861 Acropolis
1464 2796 1692 2859 exstitit,
1719 2795 1839 2848 loco
1880 2809 1909 2847 a
1944 2792 2116 2846 Barda
2152 2791 2384 2852 Gestare,

830 2897 888 2940 ut
913 2902 1071 2954 supra
1107 2887 1415 2947 docuimus,
1451 2886 1556 2940 fuit
1580 2895 1878 2940 exstructa.
1917 2885 2042 2939 llaec
2075 2885 2240 2946 enim,
2276 2898 2384 2936 non

833 2995 990 3033 secus
1023 2989 1185 3046 atque
1239 2979 1348 3038 illa.
1406 2989 1555 3032 extra
1592 2976 1853 3046 palatium
1903 2976 2130 3033 exstitit.
2167 2974 2244 3028 ttti
2277 2975 2386 3042 jam

836 3087 978 3124 nunc
1020 3071 1245 3124 dicenda
1296 3071 1603 3124 oSIendent.
1642 3069 1936 3124 Ecclesium
1983 3067 2158 3122 sancti
2198 3066 2392 3120 Deme-

2478 1972 2867 2042 Tbeophauem
2911 1969 3285 2039 Scriptorihus
3319 1969 3684 2022 Combellsius
3713 1965 4064 2034 suppeditat,

2477 2073 2738 2119 vetustate
2786 2063 3092 2117 laborantes
3171 2060 3466 2130 appellari;
3520 2060 3620 2113 bas
3658 2069 3853 2113 autem
3898 2058 4069 2111 denoo

2479 2156 2809 2212 minationes
2862 2153 3157 2210 exstructis
3203 2167 3232 2206 a
3267 2151 3438 2206 Banla
3466 2149 3683 2205 Czesare
3737 2151 3927 2203 sancti
3971 2146 4068 2200 De—

2481 2246 2659 2301 metrii
2695 2245 2922 2309 atdihus,
2956 2254 3145 2312 utpote
3177 2260 3322 2313 qua,
3377 2251 3440 2296 ut
3492 2256 3658 2311 supra
3689 2241 3890 2299 docui.
3925 2255 4067 2292 anno

2481 2338 2746 2391 duntaxat
2795 2337 2899 2391 850
2932 2337 3154 2391 circiter
3185 2336 3422 2390 fuissent
3457 2343 3678 2397 erecta,
3715 2334 3916 2386 Basilii
3956 2332 4066 2384 Ma-

2483 2430 2709 2486 cedonis
2746 2437 3011 2497 tempore,
3042 2427 3186 2495 quod
3243 2427 3334 2481 hic
3367 2427 3771 2495 quinquaginta
3809 2424 4059 2478 nondum

2484 2522 2647 2577 annis
2681 2531 2804 2591 post
2829 2521 2977 2575 aedes
3009 2523 3226 2574 easdem
3266 2519 3560 2574 adificatas
3597 2518 3811 2588 elapsis
3840 2518 4065 2575 obierit,

2485 2612 2780 2665 convenire
2812 2610 2955 2664 haud
2984 2611 3268 2679 potuisse:
3332 2610 3434 2663 etsi
3465 2609 3611 2663 enim
3667 2607 3719 2662 id
3756 2609 3832 2661 ita
3885 2610 3981 2671 sit,
4016 2607 4064 2657 in

2485 2700 2676 2755 Graeco
2706 2713 2890 2755 tamen
2938 2712 3052 2754 tum
3085 2700 3359 2770 Scylitzze,
3418 2709 3534 2754 tum
3595 2699 4068 2769 Porphyrogeniti

2490 2803 2661 2856 textu,
2686 2794 2729 2848 si
2761 2793 2965 2858 Graeca,
2999 2794 3197 2863 quibus
3231 2793 3322 2848 hic
3349 2794 3674 2862 concipitur,
3701 2793 3872 2845 verba
3907 2807 4065 2845 accu-

2489 2897 2608 2942 rate
2641 2896 3007 2956 exponantur,
3031 2886 3297 2940 duntaxat
3331 2886 3584 2948 habetur,
3643 2885 3924 2938 Basilinm
3961 2883 4041 2935 Ma

2491 2977 2754 3031 cedonem
2793 2975 2966 3030 sancti
3015 2975 3289 3029 Demetrii
3351 2975 3498 3028 a‘dcs
3554 2985 3648 3028 aet
3697 2991 3764 3027 ex
3826 2976 4073 3041 antiquis

2492 3081 2664 3120 novas
2693 3066 2912 3130 fecisse,
2953 3076 3048 3119 aut
3082 3068 3432 3135 antiquarum
3485 3067 3604 3121 loco
3665 3082 3843 3120 novas
3881 3069 4073 3121 condi-

836 3161 943 3226 trii,
976 3176 1134 3226 quam
1167 3162 1284 3214 lucc
1336 3161 1462 3214 huic
1497 3177 1645 3214 sacra
1705 3161 2085 3228 imperatores,
2121 3169 2182 3213 ut
2223 3175 2387 3228 supra
2416 3198 2461 3258 ο
2496 3158 2664 3211 disse.
2703 3158 2877 3226 Atque
2924 3158 3039 3212 haec
3067 3167 3216 3222 sunt,
3263 3174 3403 3228 quae,
3463 3169 3522 3212 ut
3563 3158 3749 3223 simul,
3787 3171 3845 3213 et
3910 3176 4070 3226 quam

835 3251 1015 3312 dot-ni,
1063 3255 1352 3318 quotannis
1401 3253 1552 3307 adire
1613 3253 1883 3313 solebant,
1938 3266 2092 3308 extra
2131 3252 2389 3322 palatium

839 3342 996 3394 sitam
1033 3342 1222 3402 fuisse,
1248 3342 1326 3396 ιρι
1360 3359 1388 3397 e
1418 3343 1570 3409 solis,
1602 3345 1799 3411 quibus
1832 3345 1924 3398 hic
1954 3345 2166 3396 illorum
2200 3357 2391 3412 magna

840 3433 1183 3484 solemnitate
1221 3433 1284 3485 ad
1343 3434 1522 3486 locum
1584 3436 1742 3486 istum
1782 3449 1994 3488 sacrum
2037 3434 2152 3486 ﬁeri
2198 3433 2393 3487 solitus

840 3539 1093 3577 accessus
1152 3524 1499 3586 describitur,
1549 3528 1748 3589 verbis,
1788 3542 1949 3594 supra
1990 3529 2094 3579 huc
2143 3543 2205 3580 cx
2243 3527 2395 3580 Aula?

840 3614 1442 3682 Constantinopolitanae
1477 3617 1909 3668 crvremom'arum
1956 3617 2094 3670 libro
2139 3617 2396 3670 transcri-

841 3708 966 3775 ptis.
1017 3708 1215 3775 liquet;
1284 3708 1431 3760 hisce
1459 3707 1602 3760 enim
1656 3708 2033 3774 imperatores,
2089 3722 2201 3774 quo
2255 3706 2388 3759 illud

842 3800 1012 3853 sancti
1077 3798 1332 3852 Demetrii
1389 3797 1647 3866 templum
1705 3799 1942 3859 adirent,
1992 3812 2022 3851 e
2082 3798 2265 3864 palatii
2317 3797 2399 3850 sui

845 3895 1016 3960 portis
1069 3889 1249 3960 egredi
1297 3889 1527 3942 soluisse
1561 3899 1919 3952 asseruntur;
1948 3887 2058 3956 jam
2102 3903 2230 3942 vero
2274 3903 2398 3941 cum

846 3985 952 4043 hre,
1002 3987 1075 4034 uti
1139 3981 1326 4034 eadem
1361 3982 1685 4049 transcripta
1720 3979 1886 4033 verba
1944 3980 2101 4033 ﬁdem
2168 3979 2400 4045 faciunt,

845 4071 911 4123 ad
946 4069 1276 4124 Orientalem
1334 4070 1576 4123 civitatis
1629 4070 1839 4137 plagam
1874 4069 2206 4133 exstiterint,
2239 4080 2404 4137 atque

848 4162 912 4215 ad
955 4161 1095 4214 hanc
1139 4160 1300 4212 etiam
1346 4157 1517 4213 sancti
1563 4157 1821 4212 Demetrii
1869 4159 2123 4225 ecclesia,
2175 4175 2204 4212 a
2233 4159 2404 4215 Barda

847 4252 1060 4307 Cmsare
1084 4259 1382 4314 exstructa,
1418 4251 1518 4304 sita
1553 4249 1736 4312 fuerit,
1803 4266 2013 4304 sacrum
2052 4251 2198 4304 hunc
2228 4254 2406 4306 locum

849 4360 970 4399 cum
1004 4343 1257 4406 ecclesia,
1290 4358 1452 4410 quam
1516 4342 1873 4410 imperatores
1920 4343 2149 4396 solemni
2203 4344 2408 4413 suppli-

849 4436 1088 4490 cantium
1139 4435 1245 4487 ritu
1275 4433 1344 4488 εδ
1372 4431 1622 4487 Octobris
1673 4433 1762 4486 die
1816 4433 2112 4502 quotannis
2160 4434 2404 4500 adibant,

2495 3251 2666 3304 sancti
2715 3250 2969 3304 Demetrii
2997 3251 3282 3306 ecclesiam
3310 3250 3541 3324 Basilius
3572 3250 3802 3304 Macedo
3857 3253 4074 3303 instan-

2497 3345 2650 3408 rarit,
2704 3354 2757 3397 et
2790 3347 2953 3409 hanc,
3008 3346 3303 3413 quotannis
3361 3348 3479 3400 luce
3535 3354 3730 3399 sancto
3793 3345 4076 3398 Demetrio

2497 3453 2651 3491 sacra
2678 3438 2746 3491 ab
2777 3438 3198 3506 imperatoribus
3235 3437 3464 3491 solemni
3493 3439 3597 3491 ritu
3650 3438 3793 3490 adiri
3829 3439 4072 3494 Solitam.

2496 3543 2526 3580 a
2578 3543 2727 3581 sacra
2783 3528 2961 3582 Sancti
3017 3527 3275 3582 Demetrii
3332 3531 3469 3589 aede,
3523 3545 3684 3598 quam
3748 3529 3803 3580 in
3874 3530 4074 3596 panno

2495 3616 2912 3674 Cantacuzenus
2941 3619 3153 3681 statuit,
3183 3614 3304 3673 edse
3337 3620 3635 3683 diversam,
3685 3622 4073 3679 ostenderem,

2498 3705 2553 3758 in
2603 3707 2839 3760 medium
2872 3706 3189 3760 adducenda
3218 3707 3548 3762 existimavi.
3579 3706 3828 3775 Cangius
3889 3724 4076 3776 porro,

2499 3808 2558 3851 ut
2592 3797 2698 3852 alio
2725 3798 2833 3865 jam
2867 3813 3176 3851 sermonem
3205 3808 3616 3856 convertamus.
3654 3799 3706 3851 in
3761 3798 4077 3853 Constanti-

2493 3889 2675 3954 nopali
2703 3888 3026 3952 Christiana,
3083 3887 3180 3942 lib.
3234 3905 3307 3952 tv,
3364 3905 3484 3958 pag.
3527 3889 3649 3952 122,
3683 3905 3753 3943 eo
3805 3892 4076 3943 inclinare

2501 3979 2742 4040 videtur,
2797 3987 2855 4032 ut
2914 3980 3328 4044 monasterium,
3379 3981 3524 4048 quod
3549 3996 3613 4033 ex
3646 3982 3816 4035 dictis
3879 3985 4079 4048 templo

2503 4084 2532 4122 a
2573 4068 2742 4123 Barda
2769 4069 2982 4123 Caesare
3011 4079 3313 4137 exstructo,
3350 4071 3455 4123 fuit
3509 4072 3810 4139 adjectum,
3869 4073 3944 4126 ab
3981 4076 4080 4125 An-

2503 4159 2730 4214 dronico
2759 4159 3006 4227 Juniore,
3042 4160 3467 4231 Palaologotum
3494 4171 3784 4216 stemmate
3815 4167 4078 4228 oriundo,

2507 4267 2670 4320 aquo
2723 4252 3046 4306 tediticatum
3127 4253 3558 4307 instauratumve
3619 4253 3812 4316 fuerit,
3882 4273 4079 4311 nomen

2507 4357 2664 4396 suum
2724 4342 3002 4409 accepisse
3055 4343 3349 4397 existimet.
3409 4344 3484 4397 Ita
3543 4347 3690 4397 enim
3735 4346 3958 4399 ibidem
4018 4350 4079 4400 de

2509 4433 2842 4486 monasterio
2892 4434 3000 4485 isto
3036 4432 3260 4486 scribit:
3293 4451 3311 4483 t
3345 4431 3428 4486 Ab
3476 4433 3801 4487 Andronico
3857 4435 4082 4488 Juniore

850 4544 971 4582 esse
1005 4527 1279 4587 eumdem,
1337 4524 1808 4579 verosimillimum
1859 4535 2104 4595 apparet,
2147 4525 2407 4594 illumque
2441 4543 2483 4598 ο
2515 4521 2656 4575 forte
2693 4521 2779 4574 vel
2840 4520 3168 4574 ezlilicatum
3211 4521 3294 4575 vel
3346 4531 3667 4576 renovatum
3720 4527 4080 4586 crediderim.

854 4619 1106 4688 proinde,
1153 4634 1262 4672 non
1300 4632 1457 4670 secus
1510 4626 1670 4686 atque
1725 4618 1889 4680 hanc,
1944 4628 2095 4671 extra
2150 4619 2405 4686 palatium

855 4709 1018 4764 situm
1055 4708 1241 4761 fuisse.
1265 4709 1342 4761 Ad
1375 4709 1488 4761 lucc
1506 4723 1625 4761 cum
1659 4707 1886 4762 soluisse
1914 4709 2203 4778 quotannis
2220 4709 2410 4763 Orien-

857 4804 927 4856 tis
971 4803 1331 4870 imperatores
1366 4799 1432 4854 ad
1466 4800 1880 4865 monasterium,
1937 4800 2109 4853 sancti
2155 4801 2410 4854 Demetrii

857 4892 1080 4946 nomine
1119 4891 1458 4958 insignitum,
1511 4889 1632 4943 luce
1663 4889 1792 4944 huic
1833 4905 1984 4944 sacra
2019 4905 2114 4943 seu
2143 4891 2212 4943 26
2251 4890 2413 4944 Octo-

857 4986 971 5038 bris
1035 4985 1123 5038 die
1174 4983 1344 5044 abire,
1403 5001 1431 5034 a
1467 4981 1675 5037 Codino
1741 4981 1924 5036 verbis
1979 4999 2140 5052 supra
2173 4983 2414 5036 recitatis

862 5076 1128 5136 tradatur,
1189 5073 1464 5140 iidemque
1522 5070 1905 5140 imperatores,
1968 5080 2029 5124 ut
2088 5088 2250 5140 supra
2310 5073 2415 5124 huc

862 5164 1186 5232 transcripta
1265 5180 1330 5216 ex
1385 5164 1532 5216 Aula:
1609 5160 2204 5230 Constantinopolitanw
2260 5178 2416 5214 ειπε-

865 5257 1048 5307 maniis
1065 5254 1228 5307 verba
1256 5254 1410 5305 lidem
1431 5253 1657 5314 faciunt,
1683 5251 1876 5305 feStiva
1906 5252 2093 5306 eadem
2123 5252 2293 5305 sancti
2320 5253 2419 5304 De-

865 5349 1043 5400 metrii
1075 5348 1139 5399 ad
1171 5348 1374 5401 dictum
1403 5344 1583 5399 Sancti
1607 5347 1766 5413 hujus
1799 5344 2079 5411 templum,
2100 5356 2249 5395 extra
2274 5343 2421 5394 Pala-

868 5441 927 5493 tii
955 5448 1138 5508 portas
1154 5439 1341 5500 situm,
1365 5438 1592 5492 solemni
1619 5435 2033 5505 supplicantium
2051 5434 2154 5487 ritu
2171 5433 2422 5487 incedere

868 5529 1158 5590 soluerint,
1220 5531 1287 5584 de
1321 5531 1514 5583 eodem
1553 5532 1669 5583 loco
1699 5543 1851 5582 sacro
1884 5537 1937 5580 et
1989 5525 2128 5594 apud
2159 5525 2421 5578 Codinum

869 5635 918 5675 et
951 5625 1002 5675 in
1035 5622 1193 5676 dictis
1219 5621 1557 5676 Ctrremom'is
1606 5637 1699 5675 seu
1725 5621 1902 5687 potius
1949 5619 2150 5685 scripto
2180 5618 2242 5670 de
2274 5617 2423 5670 hisce

874 5717 1010 5770 libro
1044 5715 1154 5767 tieri
1191 5729 1517 5775 sermonem,
1545 5716 1628 5765 vix
1655 5730 1759 5766 non
1795 5711 2150 5764 indubitatum
2185 5719 2422 5776 apparet.

953 5807 1070 5866 120.
1106 5805 1259 5872 Quod
1293 5822 1414 5863 cum
1449 5806 1519 5861 ita
1540 5806 1625 5873 sit,
1656 5805 2041 5876 templumque,
2075 5801 2215 5871 quod
2239 5799 2426 5853 festiva

2509 4612 2598 4682 qui
2633 4621 2876 4664 sanctum
2911 4610 3243 4664 Demetrium
3298 4626 3508 4665 summa
3547 4615 3915 4667 veneratione
3957 4626 4010 4668 et
4057 4631 4080 4666 a

2511 4719 2684 4772 puero
2741 4701 2933 4762 coluit,
2963 4701 3032 4753 ob
3095 4701 3387 4766 praestitam
3456 4701 3555 4754 sibi
3598 4701 3854 4768 lﬂpl’illll‘
3895 4721 3925 4757 a
3965 4707 4082 4758 άὶιο

2512 4793 2617 4845 isto
2672 4806 2828 4858 opem
2889 4789 2942 4840 in
3009 4789 3354 4856 expeditione
3424 4788 3938 4852 Tliessalmiieensi,
4011 4793 4080 4846 uti

2513 4893 2698 4937 narrat
2725 4883 3157 4942 Cantacuzenus,
3191 4881 3284 4936 lib.
3311 4897 3348 4942 I.
3381 4896 3499 4950 cap.
3531 4882 3618 4935 55.

2588 4975 2707 5028 121.
2764 4973 2819 5026 ld
2853 4987 3001 5036 sane,
3056 4972 3200 5038 quod
3245 4973 3485 5040 Cangius
3536 4973 3622 5027 hic
3651 4973 3916 5036 affirmat,
3975 4977 4079 5027 loco

2516 5071 2606 5119 cit.
2641 5065 3054 5118 Cantacuzenns
3113 5074 3316 5122 narrat.
3374 5064 3480 5116 imo
3507 5079 3658 5126 vero,
3703 5065 4078 5119 Andronicum

2518 5160 2587 5212 ab
2614 5159 2912 5210 inveterato
2945 5157 3357 5224 periculosaque
3381 5155 3626 5219 vulnere,
3666 5160 3819 5226 quod
3865 5160 3922 5211 in
3957 5159 4078 5228 pede

2521 5257 2827 5315 acceperat,
2881 5246 3207 5314 prodigiose,
3278 5261 3400 5298 cum
3464 5247 3613 5298 hunc
3675 5259 3987 5315 unguento,
4054 5267 4076 5299 ε

2523 5339 2694 5392 sancti
2733 5337 2988 5390 Demetrii
3051 5337 3260 5389 tumulo
3287 5337 3640 5400 scaturiente,
3672 5335 3852 5390 linere
3903 5342 4076 5390 decre-

2523 5433 2710 5492 visset,
2753 5431 2957 5497 alisque
3007 5444 3154 5480 mora
3185 5428 3350 5481 fuisse
3373 5439 3646 5490 sanatum,
3682 5429 3888 5482 ibidem
3930 5432 4074 5482 etiam

2527 5522 2797 5590 adjumit,
2825 5521 2893 5574 ita
2927 5522 2991 5573 de
3024 5519 3358 5580 Andronico.
3414 5533 3536 5572 cum
3565 5521 3673 5587 jam
3733 5519 4075 5574 “tessaloni-

2528 5629 2645 5666 cam
2677 5621 3014 5680 occupasset,
3058 5613 3330 5663 memoria!
3361 5611 3594 5678 prodens
3625 5627 3639 5663 :
3680 5630 3697 5662 t
3737 5611 4070 5664 Constitutit.

2530 5720 2646 5773 anr
2677 5703 2737 5754 ad
2780 5703 2920 5756 arcis
2965 5702 3510 5771 (Thessalonicensis)
3551 5704 3858 5757 custodiam
3919 5715 4072 5769 pert:-

2534 5794 2752 5855 Izchant,
2792 5793 3083 5862 impcrutnr
3125 5794 3189 5847 ad
3232 5802 3474 5860 sanctum
3538 5793 3797 5847 Denirtrzi
3841 5802 4070 5859 marum:
