4218 6442
231 389 370 451 1i53

1241 387 1300 445 S.
1345 381 1725 445 DEMETRH
1771 377 2166 440 MARTYIUS
2224 377 2433 437 ACTA.

3343 372 3475 439 1154

227 522 284 555 ei
342 502 653 573 myroblytze
729 499 1104 556 conditorium
1166 500 1459 569 processit,
1515 498 1674 550 simul
1742 505 1797 547 ut
1832 501 1873 553 Α
1912 494 1989 545 vel
2019 509 2044 543 a
2074 494 2435 545 Con~taniino
2467 488 2931 555 ltorplivrogrnito
2961 504 3106 541 anno
3138 491 3241 545 959
3279 507 3306 544 e
3341 497 3473 547 vivi.~

226 596 481 663 precibus
517 611 639 646 eum
686 603 1041 648 veneraretur
1097 594 1322 662 (quippe
1356 606 1516 660 quem
1558 608 1585 643 a
1630 606 1797 657 put-ro

226 702 340 747 pia:
400 686 523 736 aliis
582 688 913 755 martyribus
973 687 1300 761 honorabat.
1354 694 1403 735 et
1461 684 1581 750 plus
1638 684 1796 732 ineo

225 778 344 845 spei
416 778 735 844 reponebat,
803 794 964 845 quam
1026 779 1079 831 in
1138 777 1376 835 cauet-is.
1444 776 1797 843 iinpeiiseque

227 872 381 922 illum
426 870 707 940 diligebat)
765 870 926 923 simul
960 882 1017 922 ut
1058 868 1233 921 eidem
1272 867 1475 937 gratias
1514 867 1581 918 de
1620 864 1797 916 oblata

228 962 487 1016 felicitate
549 963 627 1028 (iii
685 962 1004 1030 occupanda
1054 961 1313 1014 nimirum
1383 956 1795 1024 Thessalonica)

228 1054 578 1122 rependerat.
618 1054 846 1108 Peracto
906 1064 1160 1123 utroque,
1203 1054 1457 1122 quoniam
1496 1054 1658 1106 etiam
1699 1067 1796 1120 pe—

226 1147 352 1200 dem
391 1146 445 1199 in
488 1147 747 1200 conflictu
778 1163 901 1201 cuni
964 1147 1143 1201 Persis
1177 1149 1499 1200 vulneratus
1535 1153 1794 1212 quatuor-

228 1238 405 1293 decim
434 1241 713 1294 mensibus
751 1240 932 1293 curari
965 1256 1070 1292 non
1097 1249 1330 1307 poterat,
1361 1238 1530 1290 multa
1567 1238 1793 1291 medicis

228 1333 434 1385 auxilia
488 1332 692 1385 frustra
736 1332 1190 1398 experientibus;
1233 1331 1351 1393 sed,
1409 1344 1475 1382 eo
1534 1328 1794 1396 paulatim

232 1423 573 1482 tabesceule.
597 1424 875 1477 doloribus
917 1422 1273 1476 intolerandis
1305 1420 1667 1483 cruciabatur,
1705 1435 1797 1473 so-

228 1517 343 1568 luto
355 1510 563 1579 cal'ceo,
586 1517 768 1569 Sancti
789 1527 1066 1585 unguento
1086 1518 1235 1569 illum
1256 1517 1478 1584 parabat
1498 1516 1793 1583 perlinere,

229 1609 302 1661 ita
347 1624 531 1661 secum
574 1610 819 1672 volveris,
878 1624 996 1675 qua:
1036 1623 1126 1661 ars
1161 1608 1399 1661 humana
1449 1618 1503 1660 et
1553 1606 1794 1660 studium

226 1702 545 1767 nequirent,
580 1715 640 1751 ea
663 1700 829 1753 Deum
863 1700 1066 1753 sanctis
1102 1699 1429 1769 martyribus
1467 1713 1630 1767 posse
1668 1714 1796 1752 con-

225 1794 449 1846 cedere.
489 1792 694 1846 Ablatis
739 1792 924 1846 fasciis
970 1793 1281 1859 nudatoque
1320 1791 1481 1860 pede,
1522 1792 1792 1844 linamen-

228 1895 345 1935 tum
386 1884 517 1938 illiid
550 1896 821 1953 carptum.
846 1885 993 1952 quod
1016 1883 1335 1937 vulneribus
1361 1883 1573 1937 inditur
1594 1888 1650 1946 (ο
1680 1898 1793 1937 ma—

227 1994 393 2045 gnam
444 1977 536 2030 Dei
577 1982 647 2030 ad
685 1986 951 2047 martyres
990 1993 1119 2030 suos
1152 1978 1500 2031 honorandos
1519 1992 1707 2030 curam
1738 1986 1794 2031 et

227 2069 622 2136 providentiam
646 2070 684 2137 ἱ)
717 2078 870 2123 extra
906 2071 1101 2123 vulnus
1131 2069 1420 2136 apparuit;
1453 2084 1551 2136 pes
1608 2078 1790 2121 autem

225 2160 367 2210 adeo
406 2174 591 2221 sanus,
624 2169 682 2211 ut
721 2174 822 2212 nec
862 2159 1126 2221 vulneris,
1164 2174 1267 2211 nec
1298 2158 1569 2213 cicatricis
1623 2159 1790 2211 ullum

227 2262 460 2304 restaret
536 2250 844 2321 vestigium,
930 2262 984 2304 et
1042 2251 1430 2304 vulneratiisne
1500 2250 1793 2316 aliquando

227 2342 446 2403 fuisset,
506 2342 865 2410 ignoraretur.
931 2340 1045 2395 Hoc
1101 2342 1217 2395 viso
1277 2342 1563 2402 miraculo.
1622 2342 1793 2411 magis

227 2450 392 2501 quam
433 2434 497 2486 de
537 2435 802 2500 acquisita
845 2430 1235 2486 Thessalonica
1266 2433 1559 2485 exsultavit
1624 2433 1794 2499 impe-

229 2534 406 2587 rator,
451 2525 930 2591 ferventioresque
970 2534 1025 2578 et
1082 2525 1321 2592 majores
1359 2524 1429 2578 ob
1486 2528 1585 2577 hoc
1628 2526 1794 2577 bene-

231 2619 415 2670 ﬁcium
461 2620 659 2687 gratias
693 2616 843 2685 egit;
907 2632 969 2669 ac
1004 2626 1111 2670 tota
1151 2618 1367 2677 civitas.
1422 2616 1699 2669 intellecto
1739 2620 1791 2669 in

229 2725 360 2763 eum
400 2710 547 2763 edito
599 2718 707 2761 tam
749 2708 1054 2762 admirabili
1097 2721 1283 2775 opere,
1341 2708 1540 2761 multas
1602 2708 1708 2761 Deo
1741 2718 1794 2761 et

232 2803 530 2865 Demetrio,
563 2815 591 2854 a
645 2814 753 2869 quo
811 2807 1035 2854 curatus
1070 2799 1271 2865 fuerat,
1311 2799 1498 2855 laudes
1539 2800 1796 2854 decanta-

234 2893 334 2946 Vii.
366 2912 381 2942 ι

311 2983 434 3035 122.
470 2980 738 3035 llaetenus
768 2981 1204 3035 Cantacuzeuus.
1230 2982 1504 3046 Attamen,
1536 2981 1657 3035 licet
1689 2999 1795 3035 non

235 3084 469 3138 tantum,
501 3074 641 3142 quod
661 3072 898 3142 Cangius
921 3084 1205 3137 memorat,
1238 3075 1580 3137 beneficium,
1609 3091 1795 3128 verum

1903 587 2136 642 sublato.
2174 588 2276 642 vel.
2311 594 2365 635 ut
2400 583 2761 633 γριειιδιιιιιιιυε
2791 594 3035 647 apparet.
3062 598 3089 634 a
3116 584 3474 636 CUIISlillIllli-i

1902 682 2095 741 altero,
2126 681 2568 747 Porphyrogeniti
2607 689 2823 744 iii-pote,
2856 683 2945 740 qui
2976 682 3181 733 delatas
3206 685 3303 735 sibi
3333 702 3475 735 ginno

1904 774 2042 825 1025
2084 774 2296 841 imperii
2338 772 2624 824 Orientalis
2674 773 2913 824 habenas
2945 788 3088 824 anno
3121 777 3255 828 109.3
3299 788 3472 829 morte

1902 866 2139 925 demisit.
2183 866 2379 917 litteris
2409 868 2849 917 couiiiiendatum
2894 866 3097 925 luisse.
3150 883 3469 936 argumenta

1902 957 1954 1010 in
1987 956 2325 1015 Pmi‘atioue.
2360 974 2521 1025 quam
2553 958 2652 1009 sibi
2681 959 2809 1010 illud
2845 960 3118 1025 praefixam
3154 962 3339 1027 habet,
3373 966 3470 1017 ad-

1900 1052 2057 1103 ducta
2098 1052 2397 1104 luculenter
2439 1053 2722 1112 evincunt;
2774 1062 3103 1120 quapropter
3153 1069 3259 1107 non
3298 1058 3474 1109 serius

1900 1157 2066 1209 certe,
2104 1162 2265 1211 quam
2299 1148 2378 1198 vel
2410 1146 2607 1198 saeculo
2633 1145 2845 1197 decimo
2880 1147 2956 1197 vel
2980 1148 3257 1214 sequentis
3288 1148 3470 1211 initio,

1898 1238 2372 1305 Constantinopoli
2432 1254 2675 1298 morem,
2731 1248 2789 1291 ut
2844 1249 3090 1292 sanctum
3144 1244 3470 1293 lienietriuni

1902 1328 2281 1395 imperatores.
2318 1345 2436 1383 sese
2468 1334 2533 1383 ad
2582 1347 2797 1385 sacrum
2830 1335 2956 1386 huic
2991 1334 3046 1385 in
3079 1334 3470 1401 Acropolitano

1902 1422 2051 1473 urbis
2079 1423 2274 1486 angulo
2312 1426 2569 1489 templum
2601 1427 2945 1479 caireiiioniis
2998 1443 3093 1494 per
3124 1428 3284 1480 verba
3320 1426 3469 1479 num.

1906 1510 2006 1562 112
2032 1522 2085 1562 et
2113 1513 2256 1564 binis
2292 1528 2442 1579 seqq.
2480 1528 2545 1566 ex
2594 1530 2756 1580 opere
2787 1516 2880 1569 illo
2931 1520 3151 1570 recitata
3198 1518 3473 1585 expressis

1898 1602 1966 1653 26
1994 1600 2247 1655 Octobiis
2278 1604 2363 1655 die
2411 1608 2777 1664 conferentes.
2803 1610 3097 1671 quotannis
3135 1624 3468 1661 veneraren-

1900 1702 2005 1757 tur,
2040 1695 2290 1748 obtinere
2323 1698 2608 1764 incepisse,
2642 1698 3012 1752 indubitatum
3048 1710 3149 1753 est.

1970 1787 2091 1839 ηδ.
2120 1789 2320 1840 Αόιιειεε
2350 1805 2467 1842 mos
2506 1792 2616 1851 ille,
2642 1807 2764 1843 cum
2796 1793 2905 1859 jam
2938 1793 3061 1845 inde
3086 1808 3114 1844 a
3146 1793 3326 1846 medio
3362 1794 3455 1847 cir-

1897 1879 2033 1932 citer
2076 1884 2274 1935 Baculo
2324 1897 2491 1944 nono,
2544 1883 3023 1946 quemadmodum,
3062 1901 3180 1951 quae
3218 1902 3379 1952 supra
3417 1885 3469 1937 in

1894 1970 2133 2022 medium
2195 1973 2415 2032 adduxi,
2480 1972 2718 2024 dilucide
2780 1974 3121 2037 ostendunt,
3179 1977 3460 2041 prefatuui

1895 2063 2077 2116 Sancti
2117 2068 2372 2132 templum
2401 2065 2559 2119 fuerit
2589 2077 2951 2127 exstructum,
2983 2067 3091 2132 jam
3136 2066 3264 2119 inde
3299 2072 3463 2119 etiam

1894 2152 1962 2205 ab
2005 2154 2193 2206 eodem
2232 2159 2432 2207 saeculo
2480 2170 2626 2206 nono
2662 2156 2907 2207 fortassis
2950 2158 3268 2209 obtinuerit.
3324 2157 3466 2209 Sane

1899 2241 2227 2296 Demetrium
2261 2246 2361 2297 hoc
2402 2246 2521 2311 ipso
2564 2245 2724 2297 etiam
2761 2248 3121 2313 sequentique
3146 2248 3345 2300 saeculo
3381 2260 3466 2298 at-

1895 2352 2000 2403 que
2034 2348 2196 2388 etiam
2235 2340 2395 2390 citius
2432 2353 2621 2404 magna
2659 2341 3029 2401 veneratione,
3087 2344 3343 2407 cultuque
3380 2342 3464 2391 iii-

1895 2442 2058 2495 super
2094 2432 2293 2481 sanctis
2317 2430 2516 2481 deferri
2554 2430 2711 2481 solito
2730 2431 3207 2499 ConstantinOpoli
3232 2437 3299 2483 ab
3330 2436 3461 2499 ip~is

1897 2522 2059 2572 etiam
2113 2520 2349 2572 Orientis
2399 2522 2818 2586 imperatoribus
2876 2524 3198 2575 honoratum
3255 2523 3463 2585 fuisse,

1897 2613 1985 2662 vix
2021 2626 2128 2663 non
2174 2616 2338 2665 etiam
2377 2614 2739 2665 indubitatum
2776 2625 3019 2681 apparet.
3072 2615 3267 2667 Verum
3303 2617 3368 2665 ile
3406 2631 3461 2665 re

1900 2701 1998 2753 hac
2031 2704 2290 2765 tractabo,
2318 2716 2601 2771 postquam
2631 2706 2889 2758 nonnulla
2916 2708 3117 2769 adhuc,
3138 2722 3254 2771 qua:
3280 2706 3467 2758 Sancti

1898 2794 2039 2859 apud
2072 2798 2423 2861 imperatores
2458 2798 2597 2859 illos,
2632 2802 2831 2852 szeculo
2860 2800 3071 2851 decimo
3109 2798 3465 2865 posteriores,

1900 2887 2307 2940 venerationem
2348 2890 2599 2956 probant,
2637 2892 2687 2941 in
2720 2890 2961 2943 medium
3009 2890 3304 2943 adduxero.
3338 2890 3467 2960 Gly-

1899 2994 1989 3032 cas
2028 2986 2079 3031 in
2124 2981 2443 3037 Annalibus.
2480 2996 2624 3034 anno
2668 2981 2805 3034 1572
2833 2981 3054 3035 Basin
3095 2983 3275 3045 editis,
3322 2998 3464 3051 pari.

1902 3084 1974 3131 iv,
2006 3070 2073 3121 de
2104 3068 2361 3121 Mieliaele
2391 3069 2632 3124 Orientis
2654 3072 3000 3137 imperatore.
3032 3071 3194 3138 hujus
3228 3075 3465 3124 nominis-

232 3170 396 3218 etiam
428 3166 591 3224 aliud.
619 3166 669 3217 in
701 3166 1072 3219 Andronicum
1097 3166 1379 3219 Juniorein
1408 3182 1438 3219 a
1469 3178 1659 3221 sancto
1692 3169 1794 3221 De-
1825 3181 1866 3236 ε
1900 3170 2112 3228 quarto,
2144 3176 2267 3212 cum
2294 3162 2394 3214 sub
2418 3163 2540 3215 vitae
2570 3176 2679 3214 sua
2710 3164 2873 3214 ﬁnem
2909 3162 3132 3215 adversa
3159 3164 3467 3217 valetudine

236 3257 432 3309 iiietrio
468 3257 747 3321 collatum,
781 3259 1020 3309 recitatis
1052 3257 1235 3311 verbis
1290 3258 1487 3317 tradat.
1533 3274 1675 3312 anne
1711 3270 1795 3311 ta-

235 3362 385 3409 men,
414 3347 556 3415 quod
591 3347 1008 3413 Palmologorum
1038 3348 1341 3409 dicebatur.
1380 3351 1792 3411 monasterium,

231 3440 412 3492 eidem
445 3440 649 3492 Sancto
677 3448 864 3492 nostro
893 3438 1154 3502 dicatum,
1187 3454 1339 3491 suam
1370 3440 1439 3492 ab
1471 3440 1798 3508 imperatore

236 3530 356 3589 illo.
384 3538 502 3582 utut
530 3544 560 3582 e
593 3528 1009 3598 Palaologorum
1042 3528 1247 3581 familia
1278 3529 1530 3589 oriundo.
1565 3545 1797 3582 nomen-

234 3619 525 3671 clationem
566 3618 861 3686 acceperit,
896 3618 1024 3671 mihi
1060 3618 1347 3672 admodum
1374 3620 1599 3674 dubium
1632 3636 1799 3687 appa-

237 3718 341 3763 ret.
376 3709 511 3763 Cum
542 3709 685 3763 enim
710 3724 740 3762 a
768 3723 962 3777 puero,
991 3710 1067 3761 uti
1094 3709 1415 3777 transcripta
1433 3709 1796 3763 Cantacuzeni

235 3803 402 3857 verba
439 3802 591 3857 fidem
617 3802 843 3864 faciunt,
864 3802 1057 3871 majori
1089 3804 1141 3853 in
1169 3812 1416 3856 sanctum
1440 3802 1797 3864 Demetrium,

234 3912 400 3964 quam
443 3897 495 3947 in
527 3906 795 3962 martyres
824 3892 982 3954 alios.
1015 3893 1365 3947 veneratione
1410 3892 1571 3945 simul
1610 3909 1673 3947 ac
1705 3894 1800 3946 di—

238 3984 471 4039 lectione
507 3983 759 4052 princeps
790 3984 879 4036 ille
925 3982 1213 4046 exstiterit,
1262 3981 1379 4035 fieri
1414 3980 1569 4035 facile
1598 3991 1796 4051 potest,

238 4086 298 4129 ut
329 4076 454 4128 huic
487 4076 570 4128 ille
603 4074 890 4141 peculiaris
923 4087 1050 4142 erga
1090 4072 1352 4127 Sanctum
1384 4073 1611 4126 aﬂ'ectus
1644 4089 1673 4125 a
1709 4090 1800 4141 pa-

238 4167 486 4220 rentibus
535 4168 665 4227 suis,
712 4167 805 4235 qui
855 4175 909 4220 et
957 4167 1107 4218 illum
1160 4165 1407 4219 fortassis
1438 4180 1467 4217 a
1505 4166 1801 4234 majoribus

238 4259 568 4315 hausissent.
606 4256 896 4310 instillatus
931 4257 1115 4310 fuerit.
1142 4255 1298 4321 Quod
1333 4272 1455 4311 cum
1478 4257 1555 4311 ita
1587 4259 1798 4319 habeat,

239 4349 353 4399 fieri
386 4347 545 4399 etiam
591 4346 747 4398 facile
802 4356 1018 4414 potest,
1064 4356 1124 4401 ut
1153 4348 1249 4401 abs
1288 4347 1457 4411 hisce,
1491 4363 1627 4415 quos
1665 4360 1801 4401 inter

239 4438 513 4498 nonnulli,
554 4437 631 4488 uti
673 4438 815 4503 apud
846 4437 1110 4504 Cangium
1160 4439 1214 4490 in
1266 4436 1514 4490 Fami/iis
1563 4442 1800 4508 angustis

1900 3255 2221 3320 gravissime
2263 3254 2553 3315 laboraret,
2599 3256 2667 3306 ita
2699 3255 2891 3307 soi-ibit
2924 3274 2934 3305 :
2973 3271 2993 3304 ι
3030 3255 3345 3316 Michaelus,
3377 3259 3463 3307 ubi

1899 3361 1930 3397 a
1962 3348 2099 3398 malo
2127 3349 2283 3415 genio
2323 3348 2478 3414 pejus
2506 3346 2681 3399 indies
2712 3350 3096 3415 exagitaretur,
3150 3350 3201 3399 in
3249 3354 3465 3415 qnasxis

1901 3440 2151 3506 regiones
2200 3450 2254 3491 et
2312 3439 2515 3490 insulas
2568 3438 2903 3507 presbyteris
2956 3440 3173 3506 quidem
3236 3443 3463 3506 Singulis

1900 3546 2156 3583 nummos
2185 3546 2377 3583 aureos
2398 3532 2555 3584 binos
2578 3572 2590 3591 ,
2628 3531 2911 3583 monachis
2943 3546 3068 3584 vero
3098 3548 3264 3583 unum
3294 3537 3461 3588 llllSll,

1900 3620 2028 3673 licet
2054 3620 2208 3673 irrito
2232 3621 2433 3683 studio,
2464 3621 2603 3688 quod
2636 3622 2834 3673 malum
2861 3635 3197 3689 augesceret,
3228 3638 3286 3675 ac
3314 3639 3454 3673 inor-

1899 3710 2001 3764 bus
2026 3726 2178 3779 aqua:
2205 3712 2490 3764 intercutis
2517 3711 2816 3765 accederet.
2853 3711 3024 3775 Quam
3057 3713 3125 3766 ob
3150 3728 3261 3765 ieui
3290 3714 3464 3765 Thes-

1904 3803 2207 3858 salonieam
2249 3804 2521 3871 profectus
2560 3804 2858 3871 imperator
2886 3804 3082 3856 ibidem
3116 3804 3368 3874 degebat.
3411 3818 3463 3858 et

1900 3896 1969 3948 ad
2000 3895 2201 3964 egregii
2231 3896 2482 3962 martyris
2510 3895 2841 3963 victorisque
2872 3900 3232 3949 certaminum
3268 3896 3461 3949 Deme-

1904 3986 1996 4038 trii
2024 4001 2333 4054 sepucrum
2364 3987 2589 4041 assiduo
2626 3988 2975 4049 versabatur.
3020 4000 3078 4040 ut
3120 4003 3185 4041 eo
3231 3989 3372 4042 malo
3404 3990 3466 4042 li-

1900 4075 2200 4130 beraretur.
2244 4097 2261 4127 ι
2296 4078 2441 4131 Ideni
2473 4080 2638 4132 etiam
2666 4082 2732 4132 ile
2768 4080 2958 4133 eodem
3002 4082 3333 4148 imperatore
3364 4082 3465 4135 Zo—

1902 4188 2062 4227 naras
2091 4178 2148 4224 et
2176 4169 2457 4222 Cedrenus
2497 4172 2770 4223 memoria:
2813 4174 3083 4238 produnt.
3122 4173 3210 4227 hic
3241 4176 3461 4242 quidem

1904 4266 1955 4317 in
2000 4263 2350 4315 Historiarum
2397 4261 2737 4327 (.‘ompendio,
2778 4277 2898 4331 pag.
2943 4263 3069 4324 7M.
3118 4266 3205 4317 ille
3249 4283 3376 4319 vero
3409 4269 3463 4321 in

1905 4356 2211 4414 Anuiibus,
2250 4363 2378 4404 tom.
2418 4352 2456 4403 ll
2482 4390 2495 4411 .
2529 4367 2645 4419 pag.
2676 4352 2815 4416 239;
2842 4368 2963 4404 eum
3008 4364 3186 4405 autem
3224 4354 3269 4407 is
3294 4357 3463 4422 impe-

1904 4457 2071 4507 rator,
2103 4460 2261 4513 quem
2310 4444 2495 4503 etiam,
2526 4458 2620 4496 seu
2652 4444 2829 4510 potius
2860 4459 2925 4497 eo
2958 4446 3171 4512 imperii
3228 4448 3464 4500 habenas

235 4530 571 4597 Byzaniiuis,
603 4544 721 4597 pag.
768 4528 872 4582 9.30
904 4539 960 4582 et
1005 4543 1156 4597 seqq.
1189 4529 1372 4583 videre
1408 4529 1551 4592 licet,
1606 4534 1798 4597 Opibus
1833 4537 1876 4590 ι)
1905 4538 2082 4589 adhuc
2116 4544 2331 4588 tenente
2355 4573 2369 4594 ,
2402 4531 2913 4587 Tliessalonicenses
2945 4535 3207 4603 insignem
3241 4536 3305 4589 de
3343 4536 3464 4587 Bul-

232 4632 400 4687 atqiie
430 4621 758 4673 auctoritate
808 4619 1132 4688 pmstitere,
1165 4620 1399 4674 dicatum
1423 4662 1437 4683 .
1476 4622 1543 4676 de
1572 4640 1677 4691 quo
1709 4625 1795 4676 liic

236 4712 582 4772 disserimus,
616 4710 815 4763 Sancto
857 4721 1044 4763 nostro
1076 4714 1493 4775 monasterium,
1540 4714 1796 4768 Palzolo-

235 4820 427 4875 garum
462 4803 664 4856 idcirco
693 4804 1053 4866 nominatum,
1083 4803 1173 4855 diu
1214 4804 1374 4855 etiam
1418 4818 1542 4857 ante
1583 4807 1793 4859 Andro—

237 4896 346 4947 nici
371 4894 611 4947 Juiiioris
634 4905 847 4946 intatein
872 4909 966 4947 seu
994 4895 1248 4947 szeculuin
1282 4911 1367 4948 xiv
1394 4894 1556 4947 fuerit
1584 4908 1796 4951 exstru-

237 4996 410 5046 ctum,
444 4986 569 5037 licet
617 4986 827 5037 interim
861 4985 960 5037 abs
1009 4984 1112 5037 hoc
1156 4985 1290 5039 illud
1324 4986 1489 5040 fuisse
1521 4988 1795 5040 instaura-

241 5088 379 5135 tum.
451 5076 597 5127 nullo
629 5084 791 5143 queat
857 5074 1211 5128 fundamento
1270 5076 1639 5132 indubitanter
1695 5096 1791 5133 seu

240 5168 447 5237 negari.
499 5184 594 5220 seu
644 5169 806 5220 etiam
836 5168 1111 5221 aﬁirmari.
1146 5169 1278 5223 Utut
1303 5170 1407 5231 sit.
1442 5172 1790 5227 manifestum

239 5262 493 5329 equidem
532 5276 596 5313 ex
626 5259 876 5314 omnibus
901 5259 1007 5327 jam
1038 5258 1196 5313 dictis
1241 5270 1346 5323 est,
1402 5260 1659 5316 Sanctum
1702 5281 1797 5315 no-

240 5365 417 5407 strum
455 5351 681 5403 maxima
715 5350 767 5403 iu
802 5349 1145 5403 veneratione
1176 5353 1315 5417 apud
1341 5352 1579 5407 Orientis
1624 5357 1793 5419 impe-

239 5452 454 5495 ratores
486 5441 779 5501 exstitisse,
811 5440 1066 5505 cultuqiie
1103 5439 1263 5491 etiam
1298 5440 1455 5507 plane
1492 5442 1686 5510 insigni
1727 5446 1794 5495 ab

240 5533 434 5585 iisdem
476 5530 641 5582 fuisse
680 5528 953 5581 affectum.
988 5527 1183 5583 Verum
1217 5546 1379 5597 aquo
1410 5532 1627 5597 quidem
1660 5545 1796 5586 teni-

243 5640 373 5692 porc
405 5622 618 5674 circiter
646 5622 716 5673 ita
757 5621 1019 5673 honorare
1048 5622 1379 5674 Demetrium
1418 5624 1695 5692 principes
1720 5627 1793 5679 illi

245 5714 497 5782 erepere?
530 5713 681 5777 Quod
715 5730 873 5781 supra
909 5713 935 5782 §
972 5715 1129 5781 hujus
1173 5715 1327 5767 initio
1362 5716 1665 5783 deindeqiie
1700 5722 1794 5771 ad-

246 5808 353 5861 huc
382 5806 614 5872 laudavi,
638 5806 703 5861 de
734 5805 806 5859 De
830 5806 967 5858 culte
993 5804 1299 5874 Byzantium
1322 5810 1639 5861 ca'i'rmouii's
1665 5825 1797 5878 opus

1908 4629 2052 4697 garis
2078 4628 2249 4679 sancti
2304 4626 2556 4678 Demetrii
2603 4640 2704 4692 ope
2748 4640 2841 4678 seu
2882 4627 3179 4691 patrocinio
3214 4627 3463 4679 retulisse

1909 4720 2212 4779 victoriam,
2254 4720 2532 4770 Cedrenus
2590 4717 2643 4768 in
2696 4732 2859 4783 opere
2898 4716 2993 4769 cit.
3052 4732 3169 4784 pag.
3226 4719 3325 4771 748
3372 4735 3465 4786 ρυε-

1906 4814 2065 4862 verba
2097 4812 2147 4860 in
2185 4808 2469 4867 Analectis,
2492 4821 2608 4872 qua?
2634 4808 2805 4859 tribus
2836 4808 3058 4860 edendis
3086 4808 3463 4860 miraculorum

1904 4902 2060 4955 libris
2086 4899 2427 4965 subjniigmi,
2448 4896 2725 4949 recitanda
2758 4907 2961 4956 narrat.
2986 4898 3165 4950 smculi
3195 4899 3461 4950 undet-inii

1906 5007 2053 5043 anno
2078 4990 2489 5058 quadragesimo
2527 4988 2699 5055 primo
2736 4988 2898 5039 vitam
2945 5002 3067 5041 cum
3110 4999 3285 5040 morte
3315 5003 3463 5041 coni-

1909 5082 2149 5140 inutarit,
2182 5079 2324 5131 illius
2354 5092 2504 5139 sane,
2542 5078 2608 5129 ad
2651 5076 2822 5129 sancti
2859 5075 3115 5129 Demetrii
3141 5092 3324 5143 opem.
3357 5094 3465 5141 quo

1907 5172 2100 5225 morbo
2126 5169 2445 5237 gravissimo
2473 5168 2815 5226 liberaretur,
2841 5167 3102 5219 continuo
3128 5170 3463 5220 recurrentis

1904 5262 2108 5315 factum
2161 5268 2482 5326 argumento
2526 5257 2923 5309 cst:Sanctum
2976 5268 3216 5308 nostrum
3268 5260 3464 5308 saculo

1907 5355 1999 5406 illo
2047 5367 2234 5418 magna
2269 5350 2319 5401 in
2356 5350 2703 5400 veiivratione
2734 5349 2873 5415 apud
2909 5350 3053 5415 ipsos
3082 5348 3244 5399 etiam
3293 5347 3463 5415 inipe-

1909 5456 2118 5498 ratores
2149 5451 2241 5497 aiit
2271 5454 2419 5493 certe
2465 5440 2604 5506 apud
2656 5440 2992 5501 Micliaeltm,
3027 5440 3260 5491 nominis
3304 5439 3462 5506 hujus

1908 5547 2183 5602 quartum,
2229 5532 2414 5584 fuisse.

1981 5624 2101 5676 12L
2149 5622 2255 5676 Nec
2303 5624 2593 5689 quidquam
2640 5621 2705 5674 de
2752 5623 2839 5673 illa
2897 5622 3067 5675 tribus
3116 5620 3461 5687 sequentibus

1910 5718 2122 5769 sa‘culis
2176 5714 2343 5766 fui~se
2396 5713 2703 5773 remissum,
2739 5713 3043 5765 verosimile
3095 5723 3333 5778 apparet.
3389 5713 3463 5762 Ai:

1911 5808 2086 5876 primo
2121 5806 2333 5874 quidem
2362 5820 2520 5867 quam
2564 5805 2613 5857 id
2644 5814 2901 5871 quantum
2949 5802 3015 5856 ad
3046 5806 3300 5856 saeuiunt
3333 5804 3461 5854 duo-
