4218 6442
803 371 944 436 1155

2107 376 2756 441 SUPPLEMENTUM.

3957 389 4087 456 1156

802 488 1072 541 decimum
1119 501 1304 541 verum
1349 487 1440 554 sit,
1479 486 1564 542 vel
1615 487 1728 543 sola
1774 502 1926 542 num.
1961 486 2025 542 'll
2066 500 2387 552 memorata,
2421 498 2464 550 Α
2498 489 2685 554 fuisse,
2737 491 3047 548 vcrosimile
3079 508 3323 565 apparet.
3380 498 3578 557 Verum
3614 512 3936 573 antequam
3994 507 4094 560 hoc

801 594 907 649 qua
941 579 1252 633 Emmanuel
1279 578 1616 646 Comnenns,
1641 582 1710 635 ab
1734 595 1881 634 anno
1907 580 2044 634 1180
2063 580 2377 648 imperator,

803 684 902 736 per
930 669 1190 725 Demetrii
1221 669 1342 724 festi
1381 682 1589 738 partem
1623 687 1652 724 a
1676 671 1803 741 jure
1833 671 2068 725 dicendo
2100 670 2381 724 abstinen-

802 761 930 814 dum
965 762 1016 814 in
1063 762 1248 816 Sancti
1295 763 1458 829 hujus
1495 765 1906 819 venerationem
1961 763 2173 823 statuit,
2228 777 2378 816 anno

807 850 944 904 1166
975 849 1195 906 Novella
1220 863 1543 923 argumento
1566 862 1672 908 est.
1699 852 1858 920 Quod
1893 864 2074 909 autem
2110 853 2176 907 ad
2209 868 2380 908 saecu-

806 943 913 996 lum
935 955 1188 1011 quartum
1214 946 1484 999 decimum
1517 945 1674 1016 (nihil
1708 947 1876 1010 enim,
1903 948 2046 1017 quod
2069 946 2136 1000 de
2165 947 2377 1001 dccimo

807 1033 966 1086 tertio
997 1036 1319 1090 nominatim
1349 1036 1549 1101 dicam,
1575 1040 1837 1108 occurrit)
1867 1041 1975 1106 jam
1999 1048 2231 1103 spectat,
2267 1038 2373 1091 De-

805 1124 1063 1177 metrium
1098 1134 1228 1180 tunc
1258 1127 1425 1182 etiam
1461 1128 1530 1196 ab
1565 1129 1698 1196 ipsis
1732 1128 1986 1188 Orientis
2026 1128 2376 1198 imperatori-

806 1214 911 1269 bus
943 1217 1267 1272 honoratum
1299 1220 1490 1281 fuisse,
1518 1221 1690 1288 palam
1717 1230 1798 1274 est
1831 1230 1944 1273 tum
1973 1237 2036 1274 ex
2062 1221 2133 1275 iis
2165 1236 2286 1290 quae
2310 1221 2377 1275 de

806 1307 1120 1362 Andronico
1155 1307 1402 1374 Juniorc,
1444 1326 1588 1364 anno
1622 1310 1751 1368 13H
1798 1311 1911 1364 vita
1963 1309 2175 1373 functo,
2211 1319 2376 1364 antea

807 1396 976 1450 relata
1010 1407 1170 1461 sunt,
1222 1409 1331 1451 tum
1362 1415 1392 1453 e
1441 1414 1604 1467 Supra
1641 1399 1744 1454 huc
1787 1398 2130 1467 transcriptis
2159 1395 2375 1465 Georgii

801 1487 991 1542 Codini
1026 1489 1449 1558 verbis,quibus
1479 1491 1566 1544 hic
1597 1490 1780 1544 saeculi
1808 1489 1988 1558 quarti
2018 1489 2214 1543 decimi
2244 1489 2378 1542 scri-

805 1590 927 1648 ptor
957 1582 1138 1642 docet,
1177 1583 1537 1651 imperatores
1569 1591 1728 1635 aetate
1763 1597 1859 1634 sua
1893 1597 1956 1635 ac
1984 1583 2140 1650 proin
2175 1580 2375 1635 seculo

803 1681 1002 1740 quarto
1047 1675 1258 1727 decimo
1305 1674 1372 1726 ad
1420 1674 1596 1729 sancti
1632 1673 1891 1728 Demetrii
1941 1674 2371 1738 monasterium,

802 1779 898 1817 scu
931 1765 1098 1819 edem
1131 1775 1321 1819 sancto
1351 1764 1477 1819 huic
1506 1781 1737 1827 sacram,
1774 1766 1862 1820 cui
1894 1767 2304 1826 monasterium,
2341 1780 2370 1819 a

801 1858 1120 1925 Palmologis
1152 1858 1382 1918 dictum,
1425 1865 1571 1911 esset
1602 1857 1923 1924 adiunctum
1946 1897 1960 1920 ,
1988 1857 2218 1910 solemni
2249 1873 2375 1925 sup-

805 1949 1125 2015 plicantium
1173 1948 1278 2000 ritu
1312 1963 1431 2003 sese
1473 1964 1580 2001 una
1627 1963 1748 2001 cum
1783 1949 1904 2002 aula
1937 1963 2032 2002 sua
2079 1950 2376 2017 quotannis

798 2041 869 2092 26
899 2040 1154 2093 Octobris
1199 2042 1308 2103 die,
1345 2039 1534 2093 Sancti
1571 2039 1742 2098 nostri
1791 2040 1962 2093 cultui
2013 2040 2253 2104 addicta,
2281 2058 2370 2095 so-

800 2129 970 2182 luisse
1023 2129 1299 2182 conferre.
1345 2130 1424 2182 Ad
1472 2144 1536 2182 ea
1587 2131 1771 2191 modo,
1804 2146 1922 2198 qua
1974 2130 2175 2186 Sancto
2207 2135 2373 2186 etiam

798 2231 928 2274 ante
972 2223 1228 2275 saeculum
1280 2221 1630 2274 undecimum
1678 2223 2114 2284 venerationem.
2165 2228 2373 2286 sanctis

798 2314 1005 2368 deferri
1072 2313 1315 2375 solitam,
1359 2313 1528 2367 fuisse
1565 2313 1862 2369 exhibitam
1907 2327 2371 2386 commonstrant,

798 2411 906 2476 iam
938 2406 1274 2476 progredior.
1299 2405 1580 2460 Pelerinus
1601 2406 1655 2458 in
1686 2406 2029 2461 diversorum
2059 2409 2362 2463 numisma-

801 2510 916 2550 turn
970 2496 1352 2556 Misccllaneis.
1406 2511 1552 2549 anno
1609 2497 1751 2550 1765
1795 2495 2019 2552 Parisiis
2075 2499 2128 2552 in
2190 2500 2365 2556 lucem

801 2591 983 2652 editis,
1026 2589 1122 2644 lib.
1161 2604 1200 2652 ι,
1234 2590 1300 2642 ad
1339 2604 1464 2658 pag.
1505 2589 1611 2642 222
1659 2589 1878 2643 exhibet
1914 2591 2185 2656 tabulam,
2228 2593 2373 2648 inter

801 2683 980 2734 varias
1018 2681 1174 2744 alias,
1207 2681 1408 2748 quibus
1435 2682 1578 2734 varia
1602 2680 1987 2748 exprimuntur
2014 2685 2371 2749 nomismata,

801 2772 997 2825 ordine
1030 2771 1430 2835 duodecimam,
1469 2772 1626 2840 cujus
1675 2773 1983 2839 nomisma,
2027 2786 2152 2828 nota
2181 2792 2372 2832 nume-

804 2864 902 2917 rali
936 2865 1001 2918 13
1024 2865 1364 2925 distinctum.
1390 2864 1446 2918 in
1465 2864 1652 2917 antica
1678 2865 1897 2932 quidem
1930 2876 2082 2934 parte
2103 2867 2373 2922 Constan-

803 2957 981 3012 tinum
1016 2956 1420 3024 imperatorem,
1465 2955 1518 3008 in
1555 2956 1759 3025 postica
1799 2972 1928 3011 vero
1973 2968 2222 3012 sanctum
2269 2961 2372 3015 De-

801 3050 1074 3113 metrium,
1105 3051 1327 3103 nomine
1360 3049 1433 3114 ei,
1463 3064 1574 3102 non
1605 3053 1942 3121 Δημήτριος,
1975 3055 2072 3107 sed
2114 3067 2145 3106 e
2190 3069 2366 3119 more,

801 3157 910 3222 quo
941 3140 1042 3194 Eta
1072 3150 1131 3194 ut
1175 3141 1292 3195 Iota
1319 3142 1654 3210 pronuntiari
1698 3144 1928 3206 solebat,
1965 3146 2108 3213 apud
2142 3146 2361 3203 Graecos
2395 3173 2435 3230 ο

803 3242 933 3292 tunc
970 3232 1302 3295 introducto,
1353 3235 1573 3301 Διμιτρι
1625 3235 1883 3304 ascripto,
1909 3236 2192 3306 hastaque,
2223 3243 2367 3308 quod

801 3322 976 3377 hastis
1014 3323 1300 3377 confossus
1334 3328 1655 3392 martyrium
1701 3329 2135 3395 consummarit,
2181 3333 2366 3386 manui

800 3418 1003 3469 dextrae
1027 3415 1252 3481 inserta,
1286 3417 1541 3482 exhibet;
1573 3417 1723 3470 addit
1751 3430 1932 3473 autem
1968 3434 2113 3484 esse,
2139 3435 2239 3475 cur
2269 3438 2369 3489 pu-

801 3515 998 3569 temus,
1033 3507 1439 3578 imperatorem,
1472 3509 1565 3577 qui
1603 3511 1873 3564 nomisma
1902 3511 2033 3565 illud
2059 3513 2368 3567 cadendum

798 3600 1032 3664 curavit,
1068 3600 1231 3653 alium
1263 3615 1375 3654 non
1414 3614 1553 3661 esse,
1599 3615 1759 3669 quam
1798 3601 2225 3657 Constantinum
2268 3605 2366 3668 Vl,

800 3691 893 3760 qui
929 3707 1034 3745 una
1079 3708 1202 3746 cum
1234 3701 1408 3746 matre
1444 3707 1538 3745 sua
1581 3691 1734 3746 lrene
1769 3693 2068 3761 imaginum
2119 3696 2327 3750 cultum
2351 3738 2367 3762 ,

799 3798 830 3834 a
862 3781 1221 3836 Constantino
1259 3781 1601 3852 Copronymo
1631 3791 1687 3836 et
1717 3782 1902 3838 Leone
1929 3784 2141 3849 Isauro,
2173 3787 2368 3843 deces-

799 3874 1017 3928 soribus
1051 3876 1192 3936 suis.
1223 3875 1561 3945 abrogatum,
1595 3875 1852 3931 restituit.

869 3964 990 4019 £25.
1033 3965 1112 4019 ita
1147 3978 1411 4034 quantum
1439 3966 1506 4020 ad
1543 3968 1903 4021 substantiam
1937 3970 2120 4025 verbis
2146 3971 2369 4028 Gallicis

797 4055 1038 4124 scriptor
1077 4056 1198 4123 ille;
1245 4057 1372 4112 licet
1412 4067 1617 4118 autem,
1651 4072 1774 4127 qua
1806 4060 1956 4116 nisce
2003 4062 2368 4132 exprimitur,

798 4147 991 4214 opinio
1018 4155 1190 4210 certa,
1218 4148 1677 4216 quemadmodum
1712 4149 1941 4218 ipsemet
1986 4166 2110 4204 mox
2143 4153 2368 4215 fatetur.

801 4240 1121 4305 neutiquam
1155 4239 1246 4298 sit.
1273 4247 1355 4292 sat
1384 4248 1564 4292 tamen
1592 4239 1916 4294 verosimilis
1945 4250 2188 4308 apparet,
2213 4242 2371 4298 hine-

799 4344 907 4397 que
940 4329 1102 4382 etiam
1153 4329 1281 4382 inde
1315 4345 1345 4383 a
1393 4330 1594 4383 saeculo
1643 4339 1858 4392 octavo,
1903 4346 2013 4398 quo
2055 4332 2164 4398 jam
2211 4348 2369 4388 sene-

801 4427 1017 4480 scente,
1057 4417 1447 4472 Constantinus
1487 4417 1549 4471 Vl
1592 4419 1819 4487 ejusque
1868 4429 2041 4472 mater
2085 4421 2238 4476 lrene
2268 4421 2368 4477 llo-

807 4519 1054 4572 rnerunt,
1091 4511 1230 4575 apud
1262 4509 1614 4578 imperatores
1630 4511 2285 4581 Constantinopolitanos,
2324 4517 2368 4568 si

803 4614 983 4659 tamen
1018 4602 1406 4656 lconomachos
1456 4604 1761 4671 exceperis,
1791 4618 2001 4657 summa
2047 4604 2100 4657 in
2144 4620 2371 4658 venera-

802 4693 953 4744 tione
983 4690 1160 4746 fuisse
1187 4733 1202 4757 ,
1253 4692 1559 4747 verosimile
1600 4703 1874 4761 utcunque
1919 4693 2008 4747 sit.
2045 4695 2222 4763 Atque
2255 4697 2370 4754 hac

791 4791 950 4841 sum.
980 4797 1102 4851 qua
1133 4783 1201 4836 de
1229 4783 1605 4847 veneratione,
1642 4798 1805 4852 quam
1835 4782 2066 4839 Sanctus
2097 4787 2241 4856 apud
2267 4788 2369 4842 im-

801 4882 1087 4938 peratores
1118 4872 1761 4938 Constantinopolitanos
1804 4873 2002 4930 saeculo
2041 4886 2235 4932 octavo
2273 4880 2369 4934 ha-

805 4963 947 5024 buit,
977 4962 1454 5016 commemoranda
1488 4963 1669 5016 inveni
1697 4980 1714 5029 ;
1742 4964 1886 5030 quod
1931 4973 2114 5018 autem
2147 4966 2217 5020 ad
2265 4981 2369 5022 sa:-

803 5052 989 5105 culom
1015 5051 1258 5119 proxime
1281 5062 1529 5106 secutum
1561 5067 1658 5108 seu
1706 5068 1912 5107 nonum
1952 5053 2067 5123 jam
2114 5064 2368 5125 spectat,

807 5155 908 5194 nec
941 5149 1067 5193 tunc
1092 5155 1220 5196 sane
1241 5141 1572 5196 Demetrium
1595 5142 2088 5212 Constantinopoli,
2110 5155 2204 5198 aut
2226 5148 2368 5215 apud

803 5227 955 5292 ipsis
1005 5225 1245 5280 Orientis
1279 5229 1639 5297 imperatores
1669 5232 1864 5299 exigua
1914 5231 1968 5285 in
2021 5235 2370 5288 veneratione

805 5316 998 5381 fuisse,
1038 5320 1122 5372 vel
1147 5321 1322 5376 solum
1353 5323 1402 5375 ei
1429 5323 1628 5377 ibidem
1663 5340 1809 5379 anno
1842 5325 2084 5388 circiter,
2120 5338 2176 5379 ut
2206 5342 2367 5396 supra

803 5408 991 5470 docui,
1022 5410 1126 5463 850
1155 5428 1185 5465 a
1230 5412 1404 5466 Barda
1453 5413 1667 5468 Caesare
1712 5425 2050 5469 exstructum
2107 5420 2367 5487 templum

806 5511 1132 5568 argumento
1179 5512 1262 5555 est
1293 5519 1547 5572 perquam
1578 5505 1777 5559 valido.
1809 5507 1888 5560 Ad
1927 5508 2182 5562 saeculum
2219 5512 2366 5565 decio

807 5602 955 5640 mum
993 5593 1174 5644 venio.
1209 5591 1469 5648 Sanctum
1521 5611 1548 5647 a
1589 5595 1801 5650 Joanne
1845 5596 2112 5656 Zemiscc.
2159 5603 2250 5667 qui
2303 5603 2370 5658 ab

804 5693 952 5730 anno
978 5678 1080 5734 969
1111 5681 1176 5735 ad
1213 5697 1414 5737 annum
1464 5700 1632 5754 usque
1681 5686 1785 5741 975
1826 5688 2056 5755 imperio
2106 5688 2366 5748 Oricntali

808 5769 1058 5841 pra'fuit,
1103 5791 1296 5846 magno
1331 5777 1384 5830 in
1419 5778 1592 5847 pretio
1626 5793 1688 5833 ac
1723 5781 2070 5836 veneratione
2122 5785 2363 5840 habitum

2482 584 2771 650 probatum
2832 585 2978 649 dem,
3037 589 3299 643 nonnulla
3353 593 3556 659 adhuc,
3620 609 3690 650 ne
3748 598 3891 664 quis
3953 597 4094 652 fons

2479 674 2646 728 etiam
2678 689 2939 744 quantum
2972 679 3039 733 ad
3069 684 3509 750 venerationem,
3547 686 3764 743 Sancto
3791 689 3869 742 ab
3915 688 4092 758 impe-

2480 775 2664 820 ratore
2696 767 2789 822 illo
2817 769 3078 833 delatam,
3116 771 3167 825 in
3198 789 3442 832 errorem
3477 779 3802 843 inducatur,
3840 784 4093 850 premit-

2482 857 2642 912 tenda
2671 869 2820 914 sunt.
2861 860 3154 917 Victoriam
3192 865 3258 919 de
3311 866 3506 924 Russis
3536 870 3606 924 ab
3633 874 3845 926 eodem
3910 874 4089 942 inpe-

2480 957 2683 1013 ratore,
2722 963 2912 1008 sancto
2939 955 3230 1010 Theodoro
3273 958 3415 1014 duce
3444 970 3499 1016 et
3529 973 3779 1034 martyre
3811 967 3867 1021 ei
3906 969 4090 1034 cpitu-

2478 1040 2648 1103 lante,
2697 1041 2863 1096 fuisse
2920 1045 3166 1110 relatam,
3217 1046 3504 1105 Cedrenus
3569 1054 3625 1107 in
3687 1053 4089 1108 Historiarum

2479 1132 2794 1197 Compendio
2823 1140 3099 1191 memoria:
3128 1141 3338 1206 prodit;
3369 1145 3557 1204 verba,
3584 1146 3800 1214 quibus
3835 1146 3896 1200 id
3935 1147 4086 1209 facit,

2479 1233 2601 1277 utut
2630 1226 2695 1278 ad
2719 1225 2980 1281 Sanctum
3017 1245 3268 1284 nosuum
3300 1235 3520 1303 proprie
3557 1236 3704 1290 haud
3739 1243 4086 1305 speetantia,

2477 1314 2684 1370 idcirco
2717 1329 2920 1385 tamen,
2971 1323 3115 1390 quod
3139 1324 3203 1376 ad
3237 1330 3312 1378 rei
3365 1327 3454 1380 hic
3483 1327 3885 1390 discutienda,
3918 1341 4087 1399 atque

2476 1408 2542 1460 ad
2573 1412 3006 1474 venerationem,
3039 1429 3143 1480 qua
3172 1431 3300 1484 erga
3332 1417 3589 1474 Sanctum
3627 1420 3935 1476 Zemisces
3967 1423 4088 1477 fue-

2478 1500 2569 1560 rit,
2589 1503 2890 1567 spectantis
2917 1504 3338 1575 intelligentiam
3378 1511 3720 1576 conducant,
3767 1512 3885 1566 hae
3914 1521 4080 1566 tran-

2475 1590 2679 1642 scribo.

2545 1683 2668 1737 126.
2705 1682 2797 1738 Sic
2844 1685 3094 1741 habent:
3134 1706 3152 1739 ι
3189 1688 3394 1742 Ferunt
3443 1705 3506 1745 ea
3558 1709 3743 1762 pugna
3802 1695 4078 1749 divinitus

2475 1788 2690 1842 quoque
2734 1774 2996 1831 Romanis
3029 1780 3196 1831 latum
3225 1781 3492 1835 auxilium
3525 1802 3538 1835 :
3571 1800 3699 1838 nam
3743 1787 3820 1840 ab
3868 1790 4080 1842 Austro

2478 1869 2725 1922 obortam
2756 1870 3044 1936 procellam
3081 1873 3134 1925 in
3175 1873 3343 1928 facies
3392 1877 3721 1945 Scytharum
3759 1879 4075 1948 ingruisse.

2477 1971 2679 2026 eosque
2709 1960 3075 2028 impedivisse,
3106 1980 3173 2016 ne
3201 1979 3304 2018 suo
3324 1968 3591 2022 arbitratu
3611 1985 3731 2021 rem
3757 1982 4033 2038 gererent
4061 1988 4075 2035 ;

2475 2059 2530 2102 et
2564 2050 2633 2104 ab
2665 2053 2814 2104 omni
2843 2052 3213 2108 Romanorum
3237 2058 3476 2111 exercitu
3505 2071 3880 2126 conspectum
3907 2062 4078 2117 fuisse

2476 2142 2653 2196 virum
2685 2144 2808 2198 albo
2839 2160 2979 2213 equo
3021 2147 3332 2214 vehentem,
3360 2151 3462 2219 qui
3501 2153 3769 2221 princeps
3828 2169 4075 2224 pugnam

2478 2233 2678 2294 inierit,
2721 2237 3072 2306 hostiumque
3105 2239 3327 2295 ordines
3356 2244 3805 2306 conturbaverit,
3857 2250 4075 2301 nemini

2474 2342 2654 2395 neque
2679 2339 2808 2383 ante
2852 2345 3032 2397 neque
3078 2336 3368 2400 postmodo
3395 2337 3698 2404 cognitum.
3763 2340 3917 2394 Eum
3959 2343 4074 2395 aie-

2475 2418 2604 2472 bant
2660 2418 2828 2472 fuisse
2881 2419 3233 2476 Theodorum
3293 2441 3462 2478 unum
3520 2431 3585 2481 de
3636 2430 4065 2498 pulcherrimas

2473 2508 2782 2561 consecutis
2820 2509 3077 2563 victorias
3113 2513 3468 2582 martyribus.
3523 2515 3671 2570 Sane
3726 2518 3822 2572 his
3850 2534 4078 2588 semper

2474 2599 2791 2667 auspicibus
2818 2608 2980 2668 atque
3022 2603 3396 2671 antesignanis
3434 2606 3726 2661 adversum
3761 2608 3967 2664 hostes
4001 2613 4072 2663 uti

2475 2690 2683 2744 solebat
2726 2693 3023 2759 imperator
3074 2694 3160 2746 hic
3199 2733 3212 2745 .
3263 2706 3318 2748 et
3349 2712 3456 2764 quo
3487 2698 3576 2753 die
3608 2698 3727 2753 haec
3765 2716 3962 2770 pugna
3997 2713 4076 2756 est

2477 2794 2731 2853 pugnata,
2786 2784 2832 2837 is
2883 2784 3057 2838 festus
3102 2785 3204 2838 fuit
3253 2789 3536 2844 memoria
3589 2791 3746 2846 illius
3781 2790 4074 2849 Theodori

2473 2878 2811 2930 exercituum
2867 2879 3133 2932 ductoris.
3181 2877 3287 2931 Sed
3337 2890 3392 2934 et
3444 2885 3761 2942 veneranda
3815 2889 4072 2954 quaedam

2476 2967 2668 3020 mulier
2697 2968 3172 3037 Constantinopoli
3209 2970 3369 3024 fidem
3405 2971 3554 3037 fecit,
3584 2975 3635 3028 id
3672 2977 3865 3031 visum
3902 2979 4073 3033 fuisse

2475 3056 2740 3111 divinum.
2788 3057 2859 3111 Ea
2895 3062 3041 3116 enim
3079 3063 3251 3130 pridie
3291 3065 3450 3118 istius
3475 3065 3583 3121 diei
3620 3067 3671 3121 in
3702 3073 3936 3127 somnis
3963 3076 4072 3128 visa

2474 3147 2648 3202 fuerat
2689 3160 2867 3204 astare
2928 3153 3190 3229 Deiparae,
3237 3169 3292 3208 ot
3337 3157 3527 3212 audire
3577 3175 3699 3213 eam
3779 3162 4068 3219 dicentem

2470 3239 2685 3293 cuidam
2711 3241 2864 3294 militi
2899 3257 2913 3293 :
2951 3242 3178 3302 Domine
3203 3247 3513 3313 Theodore,
3541 3265 3694 3307 meus
3729 3253 3828 3308 ille
3856 3266 3919 3309 et
3949 3267 4070 3311 tuus

2468 3328 2704 3385 Joannes
2739 3333 2792 3391 in
2817 3337 3061 3404 periculo
3097 3349 3388 3403 versatur;
3418 3332 3616 3396 festina
3669 3344 3743 3398 ad
3802 3360 3973 3414 opem
4021 3351 4068 3402 ei

2471 3417 2790 3484 furendam;
2845 3423 3008 3492 idque
3057 3425 3391 3482 insomnium
3453 3431 3628 3498 prima
3685 3432 3819 3488 luce
3870 3435 4068 3493 vicinis

2470 3522 2808 3570 narraverat.
2843 3513 3132 3570 Enimvero
3166 3517 3381 3588 Scytha:
3411 3536 3477 3575 eo
3506 3523 3695 3591 prelio
3722 3525 4064 3591 funduntur,

2469 3616 2703 3671 cumque
2735 3620 2796 3659 se
2829 3610 3004 3675 portis
3039 3609 3370 3665 interclusos
3396 3629 3424 3665 a
3461 3613 3633 3670 Barda
3663 3622 3975 3678 sentirent.
4014 3626 4064 3676 in

2469 3707 2718 3761 campum
2753 3695 2874 3768 fuga
2907 3698 3321 3769 disperguntur,
3357 3714 3698 3774 pereuntque
3738 3707 4066 3765 innumera-

2470 3781 2628 3846 biles,
2661 3787 2857 3854 partim
2887 3803 2918 3840 a
2949 3803 3008 3841 se
3041 3790 3274 3844 invicem
3302 3795 3629 3860 conculcati,
3656 3802 3868 3866 partim
3899 3815 3934 3854 a
3963 3801 4066 3855 Bo-

2473 3877 2652 3930 manis
2682 3879 3032 3944 obtruncati,
3066 3883 3338 3939 vulnerati
3379 3901 3518 3953 pene
3564 3903 3782 3945 omnes.
3838 3892 4061 3964 Martyri

2470 3966 2758 4021 Theodoro
2793 3972 3018 4038 gratiam
3048 3989 3147 4041 pro
3168 3990 3271 4044 ope
3305 3977 3414 4032 lata
3441 3979 3689 4036 referens
3722 3983 4060 4054 imperator,

2471 4061 2753 4127 templum,
2788 4062 2841 4114 in
2880 4078 2987 4131 quo
3029 4065 3073 4117 is
3103 4066 3355 4122 humatus
3403 4081 3542 4135 erat,
3574 4074 3640 4124 ad
3686 4074 4060 4136 fundamen‘a

2471 4163 2643 4219 usque
2663 4151 2955 4207 demolitus
2983 4193 2997 4218 ,
3026 4155 3173 4211 aliud
3201 4161 3808 4229 magnificentissimum
3834 4180 4061 4223 exstru-

2471 4239 2570 4299 xit,
2603 4253 2666 4292 ac
2697 4242 2913 4308 praliis
2942 4245 3152 4312 amplos
3182 4247 3512 4305 habentibus
3546 4254 3762 4309 reditus
3790 4259 4056 4319 donavit:

2473 4327 2685 4391 urbem,
2714 4332 2768 4384 in
2796 4347 2899 4400 qua
2934 4333 2986 4386 id
3027 4347 3168 4402 erat,
3205 4353 3305 4406 pro
3355 4339 3673 4399 Euchaneia
3713 4346 4057 4406 Theodoro-

2469 4419 2636 4487 polim
2668 4425 2991 4477 nominavit.
3041 4443 3060 4476 υ
3094 4427 3394 4484 Bollandus
3425 4443 3613 4488 nouer
3647 4436 3769 4492 haec
3811 4438 4056 4495 Cedreni

2404 4500 2445 4554 Ι)
2480 4515 2637 4568 verba
2675 4517 2725 4569 in
2755 4516 3186 4586 Commentario,
3210 4523 3371 4578 Actis
3384 4529 3556 4580 sancti
3579 4528 3862 4588 Theodori
3900 4537 4010 4591 duc
4034 4554 4057 4592 s

2471 4615 2527 4658 et
2565 4608 2818 4677 martyris
2871 4611 3091 4678 praevio,
3118 4611 3186 4665 ad
3217 4615 3362 4668 diem
3414 4618 3445 4670 7
3477 4619 3787 4684 Februarii,
3837 4641 3962 4689 quo
4016 4630 4058 4682 is

2472 4695 2691 4758 colitur,
2722 4699 2888 4750 etiam
2921 4699 3114 4754 reeitat
3140 4741 3156 4766 ,
3187 4717 3250 4756 ac
3279 4704 3499 4769 deinde,
3538 4712 3826 4767 nonnullis
3875 4716 4056 4771 inter-

2472 4786 2692 4852 positis,
2718 4801 2870 4842 num.
2897 4790 2988 4854 28,
3018 4793 3302 4863 subiungit
3342 4809 3357 4847 :
3390 4813 3411 4846 ‹
3449 4797 3603 4863 Quod
3637 4817 3804 4870 supra
3849 4811 4051 4864 retuli-

2472 4890 2596 4929 mus
2620 4893 2684 4931 ex
2714 4877 2985 4946 Cedreno,
3015 4897 3232 4952 semper
3256 4892 3609 4945 consuevisss
3639 4891 3940 4954 Zemiscen
3976 4903 4050 4956 uti

2471 4962 2788 5030 auspicibus
2813 4975 2974 5035 atque
2998 4970 3376 5041 antesignanis
3403 4976 3662 5034 adversus
3690 4982 3889 5039 boates
3913 5004 4051 5059 προσ

2476 5054 2671 5152 μάχαις
2729 5073 2824 5109 και
2877 5058 3168 5128 προϐόλοις
3212 5065 3419 5152 sanctis
3473 5071 3804 5140 martyribus
3829 5113 3849 5140 ,
3910 5054 4049 5149 quos

2473 5143 2814 5208 καλλινίκους
2844 5158 3058 5211 vocant.
3088 5152 3330 5219 pulchris
3355 5143 3645 5215 decoratos
3675 5143 3957 5233 victoriis,
3984 5187 4046 5228 es

2473 5426 2560 5470 tus
2593 5429 2742 5474 certe
2763 5421 3159 5492 religiosissimi
3199 5427 3346 5482 illius
3387 5433 3738 5501 imperatoris
3758 5441 3987 5508 pietate.
4022 5464 4036 5493 ι

2546 5509 2668 5563 127.
2706 5530 2726 5562 ‹
2765 5512 2924 5577 Dum,
2963 5514 3141 5584 inquit
3177 5517 3443 5585 Codinus,
3469 5523 3685 5596 liturgia
3738 5535 4037 5602 peragitur.

2469 5609 2566 5654 aut
2597 5601 2726 5655 solae
2753 5605 2915 5657 etiam
2957 5603 3206 5674 Vespera
3239 5607 3480 5667 Sabbato
3509 5615 3592 5668 vel
3633 5601 3920 5676 Dominica
3950 5625 4038 5679 de-

2470 5702 2774 5755 cantantur,
2807 5710 3061 5763 proceres
3088 5697 3124 5752 ii
3153 5700 3245 5768 qui
3285 5701 3434 5756 circu
3447 5710 3756 5764 tnstationis
3783 5716 4033 5770 modera-

2473 5793 2617 5839 tores
2644 5793 2791 5852 sunt,
2823 5796 3037 5854 gestant
3065 5789 3336 5848 ﬂammula
3359 5834 3375 5860 ,
3411 5796 3526 5851 sive
3562 5798 3868 5870 φλάμουλα.
3905 5811 4031 5861 Sunt
