4218 6442
793 407 932 471 1159

2087 405 2740 467 SUPPLEMENTUM.

3915 399 4047 463 1160

796 518 1149 586 st't‘iplorilltls
1191 529 1253 569 ea
1297 515 1352 568 in
1403 530 1483 580 re,
1518 531 1548 569 a
1583 530 1687 584 qua
1725 525 1872 584 gesta
1925 516 2014 569 diu
2070 517 2359 568 admodum
2394 521 2436 575 Α
2467 515 2702 584 Cangius
2752 516 3112 570 nihilominus
3144 531 3197 568 tn
3229 531 3343 569 suis
3377 536 3430 568 ιιι
3460 515 3607 569 hunc
3644 514 4046 579 transcriptum

798 622 905 665 tam
957 623 1113 667 unus,
1145 621 1305 673 quam
1343 606 1479 658 alter
1529 607 1936 660 verosimillitne
1984 605 2177 669 abfuit,
2229 607 2361 661 tidcs

801 713 916 756 tuto
949 700 1195 754 adhiberi
1229 698 1439 768 potest?
1488 697 1749 751 Photiana
1782 698 1998 766 quidem
2029 707 2085 751 et
2126 699 2361 750 Anasta-

797 797 944 849 siuna
993 795 1170 846 Sancti
1198 793 1328 847 Acta
1364 791 1632 851 ecclesim,
1661 800 1821 857 quam
1871 789 2130 843 Leontius
2175 787 2360 844 Sirmii

797 898 988 941 sancto
1032 884 1304 938 Demetrio
1333 882 1666 938 erstruxerit
1691 922 1705 945 ,
1743 883 2069 936 mentionem
2112 885 2358 950 nuspiam

801 978 1033 1040 faciunt;
1069 991 1257 1029 verum
1285 974 1414 1027 nihil
1443 973 1628 1037 etiam,
1661 987 1769 1040 quo
1795 970 2174 1040 Metaphrastis
2232 984 2361 1026 ano-

803 1070 1082 1138 nytnique,
1115 1066 1204 1133 qui
1243 1066 1362 1118 huic
1397 1063 1668 1132 pra-lusit,
1713 1065 1813 1115 ista
1863 1062 1929 1115 de
1983 1076 2040 1115 re
2087 1070 2359 1115 assertum

803 1160 1051 1214 iaisitatis
1081 1169 1349 1226 utcunque
1379 1156 1576 1210 evadat
1607 1163 1945 1223 suspectum,
1989 1154 2357 1222 suppeditant.

800 1255 1000 1317 Quare,
1032 1266 1151 1302 cunt
1183 1265 1281 1302 nec
1313 1248 1634 1318 quidquam,
1667 1245 1811 1313 quod
1850 1245 1992 1298 binis
2026 1246 2145 1298 istis
2177 1244 2360 1298 Sancti

801 1344 972 1396 nostri
1014 1343 1325 1411 biographis
1355 1341 1510 1392 ﬁdem
1563 1340 1650 1391 hic
1699 1337 2069 1406 denegandam
2101 1336 2358 1400 suadeat,

799 1435 1014 1488 aliunde
1049 1443 1334 1497 occurrat,
1370 1433 1533 1486 fuisse
1578 1433 1754 1500 reipsa
1806 1447 1834 1483 a
1873 1430 2120 1490 Le0ntio,
2166 1429 2360 1499 lllyrici

802 1524 1075 1594 prrfecto,
1111 1524 1392 1576 ecclesiam
1440 1522 1640 1576 Sancto
1682 1532 1866 1576 nostro
1911 1521 2092 1574 Sirtnii
2145 1530 2361 1574 exstru-

799 1627 966 1674 ctam.
1003 1616 1058 1668 in
1097 1618 1334 1669 animtnn
1373 1616 1590 1669 induco.

871 1709 995 1764 151.
1027 1710 1206 1779 Atque
1241 1709 1291 1762 id
1322 1709 1542 1777 quidem
1573 1723 1638 1761 es
1670 1721 1736 1760 eo
1766 1707 1930 1761 etiam
1963 1707 2100 1762 facio
2132 1723 2363 1776 propen-

801 1803 941 1865 sius,
986 1814 1095 1870 quo
1142 1799 1344 1854 sa‘culo
1381 1801 1574 1852 saltem
1625 1798 1916 1852 undecimo
1969 1798 2154 1854 Sirtnii
2198 1801 2363 1853 exsti-

805 1895 936 1946 tisse
971 1891 1257 1960 templum,
1296 1901 1489 1944 sancto
1509 1888 1788 1943 Demetrio
1822 1905 2060 1954 sacrutn,
2094 1907 2125 1946 e
2151 1890 2362 1947 Joanne

800 1988 1086 2050 Cinnamo,
1109 1985 1198 2053 qui
1235 1984 1433 2039 saeculo
1466 1984 1570 2037 isto
1625 1983 1826 2045 ﬂoruit,
1857 1999 2054 2051 resque
2091 1998 2120 2037 a
2152 1983 2362 2039 Joanne

801 2089 856 2132 et
912 2079 1181 2142 Manuele,
1222 2078 1439 2148 imperii
1479 2076 2073 2144 ConstantinOpolitani
2123 2077 2363 2133 habenas

807 2181 936 2223 tunc
972 2169 1293 2232 moderatis,
1344 2181 1543 2239 gemas.
1581 2168 1912 2236 conscriptis
1949 2185 1978 2221 a
2025 2183 2170 2233 sese,
2210 2170 2363 2226 Pari-

804 2263 1011 2328 siisque
1044 2274 1288 2330 typorutn
1321 2261 1587 2316 beneﬁcio
1619 2275 1766 2313 anno
1794 2260 1935 2315 1670
1974 2263 2211 2331 vulgatis
2264 2266 2364 2318 Ili-

804 2355 1090 2406 storiarum
1131 2353 1287 2407 libris
1314 2369 1408 2408 sex
1441 2354 1762 2422 complexus
1785 2364 1890 2418 est,
1911 2354 2178 2410 habeatur
2212 2373 2364 2412 com-

806 2456 1042 2514 pertum.
1085 2444 1299 2499 Etenim
1348 2447 1588 2514 scriptor
1630 2445 1721 2500 ille
1773 2446 2087 2502 concinnati
2132 2449 2291 2518 hujus
2331 2465 2362 2505 a

803 2549 862 2588 se
893 2535 1074 2603 operis
1112 2536 1206 2587 lib.
1247 2552 1296 2598 v,
1339 2550 1491 2588 num.
1532 2535 1601 2588 12
1630 2535 1732 2589 sub
1767 2535 1956 2602 linem,
1986 2536 2056 2590 ita
2089 2541 2365 2594 memoriae

808 2624 1020 2692 prodit:
1062 2621 1080 2675 ἀ
1124 2624 1502 2693 liungarorum
1537 2638 1668 2694 gens
1693 2638 1836 2693 saepe
1877 2623 2363 2698 Romanorum(ita

807 2721 1013 2787 passim
1047 2717 1117 2770 ab
1151 2716 1426 2770 historicis
1453 2714 1654 2770 Graecis
1688 2715 1726 2768 ii
1756 2730 1968 2780 omnes,
2003 2719 2096 2786 qui
2125 2719 2366 2774 Orientis

810 2810 1234 2878 imperatoribus
1260 2809 1541 2871 suberant,
1568 2808 1751 2862 solent
1782 2809 1986 2876 vocari)
2015 2808 2150 2863 lines
2176 2809 2363 2864 incur-

807 2903 972 2964 savit,
1012 2910 1066 2953 et
1109 2901 1267 2966 paulo
1305 2911 1595 2966 antequam
1631 2898 1925 2967 imperaret
1949 2898 2170 2954 Alexius
2200 2899 2363 2954 Com-

808 3007 1004 3054 nenus,
1072 2990 1335 3043 Sirmium
1393 2990 1559 3060 cepit,
1619 2991 1913 3059 multisque
1965 2989 2365 3048 Transistranis

811 3089 1042 3140 urbibus
1077 3084 1430 3154 expugnatis,
1470 3082 1685 3137 Nasum
1738 3097 1913 3151 usque
1966 3085 2236 3153 pervenit.
2283 3085 2364 3140 ibi

2467 608 2714 661 Ciunami
2747 608 2923 662 locum
2973 607 3454 670 Adnotationibus,
3498 617 3685 673 utpote
3749 607 3805 658 in
3837 605 4048 673 quibus

2465 700 2532 752 de
2590 698 2805 762 eadem,
2867 700 2935 753 de
2983 715 3089 768 qua
3140 697 3538 767 Melaphrastes
3593 709 4044 766 anonymusque,

2462 791 2553 861 qui
2595 791 2723 846 huic
2769 792 3043 859 praelusit,
3092 790 3385 846 Sirmiensi
3419 790 3606 844 Sancti
3662 787 3932 851 ecclesia,
3967 788 4048 840 uti

2463 900 2527 939 ex
2556 884 2694 938 infra
2729 885 2974 941 dicendis
3004 891 3268 955 patescet.
3306 883 3455 952 loqui
3503 881 3778 942 videatur,
3814 895 3883 934 ea
3918 893 4049 947 snp-

2463 979 2690 1046 peditat,
2724 993 2754 1030 e
2791 979 2991 1048 quibus
3044 993 3186 1032 anne
3223 991 3464 1046 unquam
3497 974 3812 1037 ecclesiam,
3844 979 4049 1026 sancto

2464 1069 2740 1126 Demetrio
2763 1086 2995 1133 sacram,
3029 1070 3294 1124 Leontius
3317 1069 3500 1124 Sirtnii
3536 1069 3902 1127 exstruxerit,
3935 1083 4048 1120 non

2463 1178 2625 1217 nemo
2656 1162 2795 1216 forte
2825 1161 3166 1217 subdubitet.
3212 1161 3428 1216 Etenim
3460 1161 3662 1215 ibidem
3701 1160 3785 1215 sic
3811 1160 4047 1214 scribit:

2471 1275 2488 1308 t
2531 1256 2684 1320 Quod
2719 1254 2805 1308 hic
2837 1254 3070 1307 habetur
3101 1254 3366 1322 templum
3394 1251 3456 1305 D.
3492 1250 3776 1316 Demetrii,
3820 1251 4050 1303 videtur

2465 1347 2575 1410 ille,
2603 1363 2633 1400 a
2664 1363 2772 1414 quo
2801 1345 3064 1414 oppidum
3083 1345 3145 1398 D.
3185 1344 3470 1404 Demetrii,
3493 1343 3558 1396 ad
3580 1343 3785 1398 Savum
3816 1356 4047 1395 amnem

2465 1439 2649 1503 situm,
2683 1452 2885 1491 nomen
2916 1436 3153 1505 accepit,
3210 1435 3373 1489 hodie
3396 1436 3452 1489 S.
3493 1435 3751 1490 Dusrsa
3801 1434 4046 1500 dictum,

2464 1533 2606 1586 haud
2647 1531 2836 1601 procul
2893 1531 2962 1584 ab
2999 1531 3224 1600 antiquo
3253 1529 3474 1583 Sirmio.
3525 1529 3680 1594 Quod
3720 1546 3857 1584 vero
3903 1539 4046 1583 tem-

2464 1625 2613 1692 plum
2641 1625 2774 1678 illud
2799 1625 2853 1677 in
2883 1623 3085 1677 Sirmio
3108 1631 3325 1676 exstare
3355 1622 3434 1676 ait
3453 1620 3778 1682 Cinnamus.
3813 1621 3869 1676 id
3905 1622 4051 1676 acci-

2465 1716 2723 1786 piendum
2779 1726 2911 1784 puto
2960 1729 3059 1783 pro
3091 1712 3379 1767 Sirmiensi
3437 1729 3760 1781 agro;nam
3811 1712 4049 1781 Σίρμιον

2466 1827 2577 1865 non
2613 1809 2780 1864 semel
2812 1808 2859 1864 is
2891 1807 3096 1862 dicitur
3129 1807 3307 1861 eidem
3343 1807 3619 1874 scriptori.
3653 1805 3851 1875 Oppidi
3914 1821 4048 1858 vero

2467 1903 2640 1957 sancti
2672 1900 2927 1955 Demetrii
2965 1898 3215 1953 meminit
3247 1897 3550 1958 Bonlinius.
3589 1898 3716 1951 Dec.
3755 1915 3807 1958 v.
3842 1897 3945 1951 lib.
3993 1914 4048 1950 tv

2465 2007 2730 2050 extremo.
2768 2013 2786 2044 ι
2821 1991 2976 2059 Quod
3013 1993 3056 2045 si
3088 2006 3220 2061 ergo
3245 1991 3455 2061 Cangio
3491 1991 3915 2045 assentiendum
3953 1991 4045 2050 sit.

2464 2089 2636 2142 sancti
2675 2085 2929 2142 Demetrii
2967 2085 3250 2154 templum,
3299 2086 3462 2154 cujus
3513 2084 3817 2138 Cinnamus
3857 2084 4046 2137 verbis

2466 2181 2710 2235 rccitatis
2743 2177 3014 2242 meminit,
3049 2193 3157 2230 non
3187 2178 3242 2229 in
3275 2175 3391 2246 ipsa
3422 2175 3709 2230 Sirmiensi
3744 2178 3913 2238 urbe.
3949 2176 4045 2230 sed

2469 2274 2522 2327 in
2586 2288 2736 2340 agro,
2797 2271 2925 2325 huic
2960 2270 3198 2339 adjecto.
3233 2268 3401 2322 situm
3464 2267 3649 2330 luerit.
3702 2268 4044 2337 oppidoque.

2465 2364 2605 2433 quod
2656 2364 2712 2416 in
2765 2363 2869 2417 hoc
2920 2363 3123 2431 pariter
3174 2375 3270 2415 seu
3305 2359 3450 2413 haud
3505 2361 3692 2429 procul
3749 2375 3779 2412 a
3837 2358 4045 2413 Sirmio

2463 2456 2628 2510 situm
2659 2464 2794 2517 erat,
2825 2465 2987 2521 atque
3014 2451 3174 2506 hodie
3196 2451 3254 2504 S.
3280 2449 3532 2505 Demeter
3555 2461 3801 2514 vocatur,
3834 2466 4043 2506 nomen

2466 2547 2662 2602 deinde
2701 2547 2916 2600 fecerit.
2967 2545 3168 2598 Verum
3220 2545 3337 2598 haec
3366 2544 3496 2598 mihi
3548 2547 3871 2613 neutiquam
3928 2547 4046 2614 pla-

2468 2646 2591 2691 cent
2623 2653 2638 2698 ;
2672 2637 2772 2690 etsi
2803 2638 2949 2689 enim
2976 2637 3297 2698 Cinnamus,
3325 2635 3404 2688 uti
3426 2634 3479 2688 in
3511 2634 3781 2689 dictorum
3811 2651 4041 2688 suorum

2469 2727 2850 2798 probationem
2885 2725 3121 2796 Cangius
3151 2725 3419 2796 adjungit,
3448 2725 3674 2794 Σῖρμιον
3692 2726 3943 2781 subinde
3977 2729 4044 2780 ad

2469 2834 2658 2889 agrum
2692 2819 2978 2882 duntaxat,
3014 2817 3220 2870 civitati
3246 2816 3374 2870 huic
3397 2817 3694 2886 adjectum.
3726 2819 4045 2888 signiﬁcan-

2466 2912 2596 2965 dum
2626 2911 2897 2973 adhibeat,
2932 2910 2986 2962 in
3023 2910 3348 2978 transcripto
3382 2916 3561 2961 tamen
3600 2918 3753 2962 testu
3801 2912 4047 2964 vocabu-

2468 3003 2578 3056 lum
2643 3000 2787 3055 istud
2817 3015 2882 3053 eo
2909 2999 3048 3063 loco,
3075 3012 3183 3068 quo
3228 2998 3295 3051 de
3333 2998 3596 3067 depositis
3635 3000 3702 3052 ab
3743 2998 4041 3069 Hungariz,

2474 3086 2732 3142 Sirmium
2765 3087 3023 3149 reversis,
3055 3086 3108 3139 in
3131 3101 3285 3140 sacra
3309 3085 3510 3140 ibidem
3537 3098 3728 3141 sancto
3761 3089 4043 3143 Demetrio

808 3179 864 3231 in
925 3176 1103 3231 sancti
1151 3176 1401 3246 martyris
1451 3174 1725 3245 (ProcOpii
1778 3177 1999 3245 nempe)
2059 3177 2435 3238 incidentesc
2470 3179 2587 3234 aede
2637 3179 2812 3234 sancti
2865 3177 3115 3246 Procopii
3164 3180 3417 3250 martyris
3476 3180 3721 3248 reliquiis
3773 3181 4038 3249 loquitur.

808 3272 1093 3334 feretrum,
1118 3279 1286 3323 totum
1319 3269 1538 3337 quidem
1571 3269 1696 3322 inde
1724 3283 1932 3338 corpus
1965 3270 2180 3330 auferre
2203 3271 2365 3326 inhu-

805 3373 1033 3426 malum,
1115 3375 1173 3416 ut
1229 3361 1488 3424 arbitror,
1557 3361 1958 3423 existimantes,
2016 3363 2129 3418 sola
2198 3379 2361 3419 manu

806 3457 1006 3519 ablata,
1042 3469 1345 3518 recessere,
1390 3463 1443 3507 et
1471 3452 1730 3507 Sirmium
1778 3454 2008 3519 reversi,
2041 3470 2160 3508 eam
2192 3456 2363 3525 depo-

804 3561 965 3603 suere
1004 3547 1058 3598 in
1098 3546 1299 3614 templo
1347 3542 1603 3599 Demetiii
1657 3546 1934 3615 martyris,
1971 3547 2116 3614 quod
2155 3548 2363 3615 pridem

806 3648 1153 3694 exstruxerat
1179 3638 1225 3690 is
1243 3637 1334 3705 qui
1368 3637 1641 3706 lliyricum
1665 3637 1950 3705 praefectus
1977 3638 2216 3708 regebat.
2234 3639 2362 3693 Eam

806 3732 972 3801 igitur
1027 3732 1141 3784 illic
1187 3730 1396 3798 (Sirmii
1460 3729 1744 3790 nimirum)
1800 3729 2080 3784 inventam
2143 3733 2367 3786 sustulit

807 3819 934 3873 inde
987 3819 1284 3887 imperator
1340 3818 1679 3887 (Emmanuel
1748 3817 2063 3875 Comnenus
2132 3821 2364 3889 scilicet)

808 3921 866 3963 et
919 3912 1150 3978 reliquo,
1202 3923 1259 3964 ut
1297 3911 1552 3974 diximus,
1607 3911 1843 3964 reddidit
1901 3913 2135 3981 corpori.
2177 3932 2195 3964 ι
2228 3915 2364 3970 Cum

807 4000 1125 4054 Emmanuel
1141 4000 1453 4054 Comnenus
1473 3999 1791 4083 imperator,
1815 4000 1907 4069 qui
1931 4016 2172 4067 manum,
2201 4019 2363 4071 quam

807 4093 1105 4160 quondam,
1142 4107 1170 4145 a
1201 4091 1380 4146 sancti
1418 4090 1664 4160 Procopii
1716 4091 1969 4161 martyris
2013 4107 2240 4161 corpore
2271 4096 2364 4149 ab-

805 4197 1089 4247 stractam,
1115 4183 1557 4253 HungariSirmii
1589 4184 1645 4237 in
1676 4183 1851 4237 sancti
1882 4184 2136 4239 Demetrii
2163 4188 2365 4256 templo

806 4279 1193 4345 deposuerant,
1221 4276 1276 4328 in
1310 4275 1534 4328 civitate
1548 4270 1729 4328 'isthac
1748 4275 2024 4329 invenisse
2045 4276 2364 4347 reliquoque

808 4368 992 4421 Sancti
1049 4367 1194 4419 illius
1246 4366 1462 4435 corpori
1514 4366 1817 4420 reddidisse
1883 4381 1913 4419 a
1962 4365 2226 4422 Cinname
2277 4368 2365 4423 hic

805 4472 1076 4521 narratur,
1117 4471 1262 4510 anno
1308 4457 1445 4511 “80
1493 4457 1710 4521 obierit,
1761 4456 1924 4526 eique
1979 4467 2092 4512 tum
2127 4458 2363 4528 primum

803 4551 1024 4604 Alcsius
1051 4549 1386 4611 Comnenus,
1421 4549 1584 4617 hujus
1616 4548 1856 4602 nominis
1895 4548 2189 4614 secundus,
2230 4564 2361 4602 suc-

803 4641 1055 4704 cesserit,
1084 4640 1332 4694 Alesium
1361 4639 1723 4703 Comnenum,
1743 4654 1855 4707 quo
1873 4639 2119 4692 nondum
2145 4639 2362 4708 imperii

803 4732 1096 4787 Orientalis
1143 4731 1373 4785 habenis
1413 4731 1653 4793 admoto,
1688 4730 1927 4800 liungari
1967 4730 2226 4783 Sirmium
2269 4743 2363 4785 ce-

806 4823 970 4892 pisse.
1005 4821 1316 4889 ibidemque
1345 4821 1520 4875 smcti
1568 4819 1820 4889 Procopii
1861 4821 2116 4891 martyris
2143 4835 2362 4874 manum

805 4915 858 4965 in
917 4913 1090 4966 sancti
1148 4912 1407 4966 Demetrii
1441 4911 1671 4966 ecclesia
1703 4911 2023 4980 deposuisse
2051 4912 2120 4965 ab
2172 4911 2364 4965 eodem

804 5005 1071 5057 Cinname
1105 5020 1200 5073 per
1227 5005 1387 5058 verba
1428 5005 1648 5057 recitata
1685 5004 2016 5069 referuntur,
2068 5005 2367 5072 imperato-

804 5111 918 5148 rem
952 5096 1188 5149 nominis
1223 5096 1368 5148 illius
1397 5096 1633 5165 primum
1664 5094 1853 5158 fuisse,
1888 5109 2116 5150 necesse
2152 5105 2255 5149 est.

878 5188 1000 5242 £32.
1053 5186 1418 5252 Quare,rcum
1478 5187 1568 5241 hic
1612 5186 1723 5255 jam
1767 5185 1896 5240 inde
1944 5189 2016 5240 ab
2054 5200 2200 5239 anno
2230 5186 2367 5241 1080

807 5282 1078 5350 imperare
1114 5281 1397 5349 inceperit,
1435 5281 1831 5335 consectarium
1873 5292 1974 5343 cst,
2007 5291 2064 5332 ut
2100 5281 2208 5348 jam
2241 5281 2368 5335 inde

809 5389 836 5425 a
870 5372 1067 5426 sarculo
1096 5373 1386 5425 undecimo
1439 5371 1623 5424 Sirmii
1659 5372 1915 5433 ecclesia,
1949 5382 2140 5425 sancto
2173 5371 2368 5425 Demc-

809 5465 914 5518 trio
946 5478 1119 5527 sacra,
1153 5477 1303 5517 certe
1328 5464 1630 5527 exstiterit;
1667 5464 1810 5531 quod
1847 5479 1997 5523 sane,
2033 5479 2151 5531 qtae
2193 5479 2221 5516 a
2257 5463 2369 5516 Me-

810 5557 1088 5623 taphraste
1119 5570 1524 5624 anonytnoque,
1561 5555 1654 5624 qui
1694 5556 1822 5608 huic
1874 5555 2148 5622 pra-lusit,
2182 5554 2367 5607 Sancti

808 5649 1105 5717 biographo
1137 5649 1203 5701 dc
1236 5656 1511 5702 exstructa
1544 5659 1731 5701 sancto
1759 5647 2032 5700 Demetrio
2062 5664 2090 5698 a
2120 5646 2366 5707 Leontio.

809 5740 1009 5810 Illyrici
1041 5741 1313 5809 prmiecto,
1349 5739 1535 5793 Sirmii
1563 5741 1796 5794 ecclesia
1821 5740 2131 5803 traduntur,
2154 5740 2366 5792 veritati

811 5846 932 5888 esse
976 5848 1236 5903 consona,
1295 5841 1616 5905 argumento
1646 5832 1808 5888 etiam
1847 5833 2212 5902 qualicunque
2261 5841 2366 5886 est.

2471 3274 2545 3328 ita
2579 3273 2647 3327 ab
2687 3273 2777 3325 illo
2807 3273 3003 3338 accipi,
3065 3270 3377 3325 verosimile
3411 3271 3553 3341 haud
3593 3285 3838 3344 apparet.

2543 3366 2666 3420 155.
2716 3363 3000 3432 Bungsros
3051 3367 3222 3426 enim,
3261 3365 3423 3433 paulo
3478 3377 3772 3435 antequam
3813 3369 4043 3423 Alesius

2469 3457 2783 3517 Comnenus
2816 3457 3028 3526 imperii
3055 3457 3353 3510 Orientalis
3391 3457 3632 3512 habenas
3681 3462 4041 3528 suscepisset.

2471 3563 2668 3620 prmter
2697 3550 2892 3603 multas
2920 3548 3339 3602 Transistranas
3367 3551 3556 3615 urbes,
3593 3564 3622 3603 a
3665 3565 3720 3604 se
3752 3554 4042 3616 subactas,

2468 3641 2728 3697 Sirmium
2765 3640 2927 3693 etiam
2967 3641 3198 3709 cepisse,
3256 3640 3309 3693 in
3342 3640 3533 3694 eodem
3592 3649 3742 3695 textu
3796 3644 3898 3707 ait,
3941 3643 4046 3697 ibi-

2467 3748 2574 3802 que
2611 3733 2832 3787 indubie
2873 3731 2973 3786 hoc
3023 3731 3372 3796 vocabulum,
3416 3748 3524 3786 non
3561 3733 3627 3786 ad
3682 3747 3875 3800 agrum
3923 3735 4041 3788 Sir-

2467 3825 2580 3879 mio
2607 3824 2900 3892 adjectum,
2932 3822 3030 3876 sed
3059 3822 3125 3875 ad
3155 3822 3326 3890 ipsam
3365 3823 3506 3876 hanc
3541 3824 3816 3878 civitatem
3865 3827 4042 3895 signi-

2466 3914 2733 3969 ﬁcandam
2763 3922 3035 3982 usurpat;
3071 3926 3184 3982 jam
3221 3926 3371 3975 vero,
3415 3927 3540 3966 cum
3592 3913 3646 3967 id
3685 3915 3758 3966 ita
3789 3916 3883 3977 sit,
3942 3931 4043 3970 nec

2466 4006 2760 4074 scriptores
2799 4019 2960 4057 unam
2989 4004 3348 4071 eamdemque
3369 4016 3553 4057 vocem
3585 4004 3652 4058 ad
3692 4019 3782 4059 rcs
3811 4021 4043 4074 prorsus

2465 4096 2736 4159 diversis,
2767 4096 2924 4149 nullo
2956 4095 3203 4157 omnino,
3235 4110 3345 4164 quo
3395 4095 3450 4149 id
3499 4096 3756 4164 prodant,
3821 4099 4041 4153 submi-

2465 4187 2697 4242 nistrato
2721 4186 2953 4248 indicio.
3009 4186 3398 4255 signiﬁcandas
3430 4187 3483 4239 in
3521 4187 3666 4240 brevi
3698 4189 3839 4242 adeo
3866 4197 4038 4252 textu.

2465 4278 2642 4345 qualis
2702 4284 2788 4330 est
2843 4290 3008 4344 supra
3070 4290 3102 4329 e
3149 4274 3420 4329 Cinname
3476 4276 3587 4330 huc
3640 4279 4036 4348 transcriptus.

2465 4369 2724 4424 adhibere
2751 4367 2896 4423 haud
2929 4368 3161 4430 soleant.
3190 4368 3514 4437 scriptorem
3555 4369 3704 4424 hunc
3757 4371 3931 4424 etis
3976 4386 4042 4425 eo

2470 4461 2609 4526 loco,
2644 4475 2753 4530 quo
2781 4459 2848 4513 de
2877 4457 3050 4514 sancti
3078 4458 3329 4527 Procopii
3361 4458 3624 4526 reliquiis.
3657 4459 3722 4512 ab
3759 4461 4042 4530 [iungaris

2469 4553 2522 4606 in
2552 4552 2725 4606 sancti
2757 4551 3015 4605 Demetrii
3040 4549 3245 4618 templo
3275 4539 3463 4603 Sirmii
3494 4550 3777 4618 depositis,
3825 4567 4041 4607 sermo-

2465 4659 2590 4698 nem
2638 4644 2792 4708 iacit,
2822 4642 3153 4697 vocabulum
3193 4641 3477 4705 Sirmium,
3509 4657 3619 4695 non
3656 4642 3720 4695 ad
3762 4641 4040 4699 Sirmien—

2462 4750 2579 4790 sem
2632 4749 2843 4804 agrum,
2872 4734 2968 4788 sed
2998 4733 3063 4787 ad
3098 4732 3272 4802 ipsam
3306 4733 3450 4787 hanc
3491 4733 3773 4788 civitatem
3822 4735 4042 4805 signiti-

2464 4827 2692 4882 Candarn
2725 4841 3017 4896 usurpare,
3047 4826 3542 4892 verosimiilimum,
3566 4842 3637 4880 ne
3661 4827 3844 4882 dicam
3874 4829 4039 4884 indu-

2467 4921 2718 4984 bitatum,
2741 4926 2982 4991 apparet.
3016 4917 3218 4972 Adhare
3237 4917 3560 4983 Cinnamus,
3586 4919 3824 4974 dicatam
3848 4932 4041 4975 saneto

2469 5010 2745 5065 Demetrio
2767 5010 2967 5074 tndem,
2989 5009 3067 5063 de
3109 5024 3216 5078 qua
3252 5009 3308 5062 in
3340 5017 3493 5063 textu
3518 5026 3684 5079 supra
3710 5012 3824 5066 huc
3860 5022 4040 5066 trans-

2469 5102 2673 5170 scripto
2709 5101 2971 5168 loquitur,
3002 5098 3102 5153 abs
3156 5099 3267 5164 illo,
3299 5100 3391 5168 qui
3425 5098 3695 5170 lllyrieum
3747 5103 4040 5170 prafectus

2471 5190 2720 5259 regebat,
2753 5186 2838 5242 πᾶ
2867 5188 3081 5242 gestam
3131 5189 3320 5249 fuisse.
3354 5189 3558 5243 diserte
3613 5192 3804 5255 tradit,
3841 5208 4040 5247 sermo-

2472 5281 2944 5350 nemqueproinde
2963 5280 3090 5334 facit
3106 5281 3172 5335 de
3194 5281 3383 5335 eadem
3400 5295 3553 5336 sacra
3571 5285 4040 5339 saztctoDernetrio

2471 5373 2606 5436 :ede,
2638 5388 2803 5441 quam
2848 5372 3245 5441 Metaphrastes
3295 5387 3733 5443 anonymusque,
3787 5378 3883 5445 qui
3917 5377 4038 5429 huic

2474 5465 2745 5532 praelusit,
2804 5464 2988 5518 Sancti
3057 5464 3229 5516 nostri
3287 5466 3644 5535 biographus,
3724 5464 4034 5527 Leontium.

2475 5555 2672 5624 illyrit-i
2701 5554 3038 5622 praelectum,
3061 5542 3266 5607 Saneto
3289 5556 3648 5619 exstruxisse,
3676 5557 3834 5610 aiunt
3859 5575 3873 5620 ;
3908 5560 4036 5610 ham-

2478 5656 2657 5698 autem
2690 5644 2797 5696 hirti
2832 5643 2882 5696 hi
2918 5645 3235 5712 scriptores,
3274 5660 3380 5697 non
3412 5644 3465 5697 in
3499 5659 3652 5713 agro,
3701 5647 3798 5713 qui
3846 5647 4034 5698 Sirmio

2475 5737 2706 5806 adjacet,
2734 5735 2829 5789 sed
2859 5736 2912 5787 in
2947 5736 3060 5805 ijst
3099 5737 3199 5790 hac
3249 5735 3475 5790 civitate
3514 5745 3787 5789 statuunt.
3827 5737 4035 5791 Prttero

2477 5845 2638 5900 quam
2674 5830 2840 5895 enim,
2877 5828 3022 5897 quod
3076 5827 3385 5894 Leontium,
3425 5844 3548 5883 cum
3611 5827 3878 5882 Sirmium
3921 5843 4033 5898 per-
