4218 6442
186 443 338 513 1161

1197 446 1258 505 S.
1326 439 1711 505 DEMETRII
1775 436 2176 501 MARTYRIS
2234 440 2446 499 ACTA.

3321 442 3452 507 ηδε

185 562 473 625 venisset,
532 559 794 630 templum
851 558 1050 614 ibidem
1108 569 1303 614 saneto
1333 567 1525 613 nostro
1555 557 1779 629 martyri
1815 564 1853 622 Α
1885 558 2084 612 saeulo
2114 554 2406 611 undecimo
2429 554 2612 608 Sirmii
2632 555 2831 620 adhuc,
2852 564 2910 610 ut
2931 557 3043 627 jam
3063 555 3247 625 docui,
3286 565 3455 617 exsti-

186 654 566 717 exstruxisse,
612 652 849 707 dilucide
894 652 1147 722 prodant,
1190 667 1291 707 nec
1334 652 1521 707 Sirmii
1554 656 1783 706 nomine

189 744 565 799 Sirntiensem
621 761 809 815 agrum
886 761 1127 813 unquam
1192 760 1391 800 vocare
1460 757 1780 810 noscantur,

189 837 470 904 templum
534 836 667 890 illud
734 852 903 905 prope
962 837 1158 903 eadem,
1222 846 1428 892 sanctae
1484 838 1785 893 Anastasize

190 942 442 989 sacram,
480 927 643 981 sit‘um
685 926 857 982 fuiSse
913 928 1131 994 docent,
1185 930 1601 999 verosimileque
1640 931 1785 985 haud

190 1019 447 1082 videtur,
484 1019 539 1073 in
573 1034 704 1088 agro
745 1017 1039 1074 Sirmiensi
1074 1036 1169 1075 seu
1202 1022 1484 1076 rusticano
1527 1021 1782 1091 quapiam

191 1112 330 1167 loco
374 1113 483 1167 duo
512 1113 673 1167 simul
693 1112 927 1179 Leontii,
956 1112 1151 1185 lllyrici
1181 1114 1443 1183 praefecti,
1472 1122 1649 1181 aetate,
1690 1131 1785 1169 seu

194 1206 410 1260 saeulo
439 1206 634 1275 quinto
673 1207 954 1262 exstitisse
1010 1208 1235 1277 templa,
1290 1224 1521 1277 quorum
1556 1209 1783 1262 alterum

117 1314 121 1317 ·
193 1310 398 1353 saneto
436 1299 730 1365 Demetrio,
784 1300 1019 1354 alterum
1053 1310 1258 1355 sancta!
1289 1301 1595 1355 Anastas'ae
1635 1316 1782 1355 mar—

193 1391 310 1461 tyri
346 1399 493 1446 esset
525 1399 823 1445 sacratum.
880 1392 992 1447 Nec
1023 1402 1127 1456 est,
1177 1393 1321 1462 quod
1362 1408 1611 1463 reponas,
1648 1404 1783 1448 tem-

192 1485 377 1553 plum,
410 1484 553 1552 quod
595 1486 898 1539 Anastasize
930 1485 1151 1554 martyri
1175 1497 1391 1540 sacrum
1412 1497 1574 1549 esset,
1598 1486 1781 1539 Sirmii

192 1577 501 1641 exstitisse,
556 1592 584 1630 a
614 1576 985 1646 Metaphraste
1026 1578 1312 1643 duntaxat,
1372 1593 1781 1648 anonymoque,

194 1669 297 1735 qui
327 1668 453 1721 huic
484 1669 752 1737 prceluxit,
789 1669 977 1723 Sancti
1013 1669 1187 1725 neStri
1222 1672 1529 1739 biographo
1561 1684 1782 1725 asseve-

191 1762 351 1825 rari;
385 1762 484 1815 etsi
518 1763 662 1815 enim
698 1761 751 1814 id
797 1763 871 1815 ita
928 1762 1020 1825 sit,
1056 1762 1201 1815 binis
1230 1772 1413 1815 tamen
1446 1762 1598 1817 hisce
1644 1762 1781 1817 scri—

194 1853 459 1919 ptoribus
502 1868 566 1906 ea
606 1852 662 1905 in
698 1868 759 1907 re
804 1868 927 1907 esse
976 1855 1414 1921 assentiendum,
1452 1856 1536 1909 vel
1594 1872 1656 1909 ex
1713 1871 1780 1910 eo

1890 649 2038 715 terit,
2067 663 2296 703 necesse
2325 648 2552 701 omnino
2577 647 2667 707 sit.
2700 647 3058 705 Sirmiensem
3080 649 3264 707 Sancti
3283 657 3457 711 eccle-

1888 742 2050 808 siam,
2085 755 2113 793 a
2142 740 2373 795 Leontio
2424 756 2485 795 ex
2519 740 2681 794 dictis
2709 742 3056 807 aediﬁcatam,
3097 754 3217 813 post
3247 746 3455 801 cladem

1888 833 2036 885 illam
2095 830 2397 885 Hunnieam
2454 830 2624 884 luisse
2687 830 3069 895 instauratam,
3131 834 3455 902 antiquaeve,

1888 924 2109 995 penitus
2143 922 2258 977 fere
2288 938 2355 977 ex
2409 937 2471 976 ea
2510 924 2829 986 destructas,
2884 923 3003 978 loco
3037 939 3235 980 novam
3291 924 3458 981 fuisse

1886 1030 2147 1082 erectam,
2179 1032 2299 1087 qua:
2345 1016 2567 1080 deinde,
2594 1020 2677 1071 vel
2701 1027 2850 1073 certe
2879 1017 3070 1082 altera,
3104 1020 3227 1088 ejus
3258 1022 3456 1075 iterum

1887 1112 2009 1167 loco
2038 1117 2338 1174 exstructa,
2372 1109 2436 1163 ad
2467 1108 2726 1164 saeculum
2758 1125 2931 1179 usque
2961 1111 3310 1167 undecimum
3342 1122 3456 1167 ste-

1888 1209 2038 1263 terit.

1960 1297 2084 1356 l35.
2123 1302 2235 1357 Nec
2262 1310 2473 1356 tantum
2507 1298 2693 1355 Sirmii
2727 1299 2819 1356 diu
2854 1298 3037 1355 Sancti
3081 1302 3256 1356 nostri
3290 1318 3461 1359 vene—

1886 1390 2028 1444 ratio
2060 1392 2452 1459 perseveravit,
2485 1407 2673 1446 verum
2708 1393 2873 1445 etiam
2916 1390 3043 1445 inde
3086 1390 3301 1462 longius
3336 1404 3456 1465 sese

1884 1482 2133 1549 dill‘ndit;
2170 1484 2271 1538 etsi
2305 1484 2473 1549 enim,
2500 1493 2558 1538 ut
2586 1485 2697 1553 jam
2736 1484 2999 1546 indicavi.
3032 1490 3130 1553 per
3157 1500 3320 1540 omne
3348 1486 3457 1540 late

1886 1573 2155 1644 Illyricum
2188 1584 2480 1646 propagata
2532 1574 2670 1630 forte
2713 1575 2859 1631 haud
2909 1574 3096 1641 fuerit,
3146 1588 3245 1647 per
3287 1588 3456 1633 totam

1886 1678 2064 1721 tamen
2100 1667 2452 1737 llungariam,
2487 1666 2754 1722 Slavoniaa
2787 1668 3102 1738 Sirmioque
3130 1670 3183 1723 in
3220 1671 3321 1725 hac
3351 1672 3457 1726 sito

1885 1758 2143 1823 vicinam,
2176 1774 2298 1813 sese
2332 1759 2485 1828 lapsu
2517 1761 2779 1829 temporis
2800 1761 3068 1815 extendit.
3100 1762 3317 1816 Etenim
3352 1763 3458 1817 De-

1886 1854 2109 1907 metrius
2143 1852 2431 1923 Hungariaa
2470 1854 2714 1923 patronis
2744 1869 2773 1908 a
2802 1856 2953 1925 regni
2985 1854 3149 1925 hujus
3186 1854 3457 1926 indigenis

194 1954 454 2014 apparet,
510 1946 658 2014 quod
692 1956 893 2000 sanctae
922 1947 1227 2001 Anastasize
1286 1949 1530 2017 reliqum:
1581 1949 1779 2003 smculo
1816 1940 1854 1995 Β
1882 1944 2293 2009 adnumeratur,
2328 1948 2754 2015 quotannisque,
2786 1956 2845 2000 ut
2878 1948 3019 2013 talis,
3056 1949 3192 2002 ritus
3216 1948 3455 2018 duplicis

194 2038 401 2105 quinto
436 2052 532 2092 seu
568 2034 634 2093 eo
669 2046 936 2108 tempore,
990 2056 1099 2108 quo
1129 2055 1159 2093 ιι
1214 2038 1448 2094 Leontio
1491 2041 1779 2095 ecclesiam

195 2139 399 2184 saneto
446 2128 904 2199 Demetriojuxta
934 2130 1186 2195 alteram,
1220 2147 1343 2200 qua:
1374 2143 1579 2187 sanctae
1632 2133 1781 2185 Ana-

198 2223 566 2278 stasiazsacra
602 2230 772 2287 esset,
810 2223 1002 2276 Sirmii
1038 2222 1208 2277 fuisse
1238 2225 1782 2289 exstructam,iidem

197 2314 319 2369 bini
368 2315 675 2383 scriptores
709 2319 953 2380 tradunt,
1002 2314 1054 2369 in
1091 2316 1313 2370 civitate
1344 2316 1523 2372 isthae
1553 2318 1779 2372 exstite-

201 2407 343 2468 rint,
374 2408 451 2460 uti
479 2423 541 2460 ex
581 2407 650 2462 iis
681 2423 803 2477 qua:
848 2407 1170 2462 Theodorus
1201 2407 1397 2462 Lector
1433 2409 1531 2462 lib.
1563 2425 1624 2473 tr,
1657 2426 1777 2480 pag.

201 2499 314 2553 568
332 2500 613 2564 editionis,
644 2516 673 2553 a
706 2500 923 2554 Valesio
952 2500 1249 2566 adornatae,
1275 2501 1555 2555 memoriae
1577 2503 1780 2572 prodit,

200 2592 573 2645 indubitatum
612 2592 851 2647 videtur.

280 2685 405 2737 154.
450 2682 621 2737 Porro
658 2684 804 2753 quod
845 2684 911 2739 ad
952 2683 1145 2754 Cangii
1172 2684 1240 2740 de
1275 2686 1382 2742 sito
1418 2687 1564 2743 haud
1595 2690 1785 2758 procul

202 2774 275 2828 ab
303 2775 528 2844 antiquo
558 2774 761 2831 Sirmio
803 2776 1025 2846 oppido,
1056 2778 1202 2848 quod
1240 2780 1516 2850 hodieque
1566 2790 1786 2838 sanctus

204 2867 465 2920 Demeter
487 2867 708 2933 dicitur,
745 2884 1058 2939 nomenque
1082 2887 1111 2924 a
1148 2872 1326 2926 sancti
1355 2872 1614 2929 Demetrii
1647 2883 1785 2929 tem-

206 2958 321 3027 plo,
362 2959 565 3013 ibidem
624 2971 926 3023 exstructo,
978 2963 1274 3032 acceperit,
1331 2965 1609 3021 Adnotata
1672 2967 1783 3036 jam

206 3058 443 3119 spectat,
475 3066 581 3106 nec
621 3052 737 3107 hac
776 3055 897 3123 ejus
923 3054 990 3109 de
1028 3056 1275 3111 ecclesia
1314 3060 1491 3113 sancti
1526 3059 1786 3115 Demetrii

205 3159 237 3194 a
288 3143 535 3211 Leontio,
589 3145 787 3215 Illyrici
840 3147 1123 3215 praefecto,
1178 3160 1490 3217 exstrue-tae,
1547 3162 1711 3222 atque
1756 3168 1787 3207 a

204 3230 481 3289 Cinname
510 3252 610 3307 per
656 3240 818 3293 verba
848 3254 1013 3309 supra
1056 3242 1283 3297 recitata
1323 3254 1659 3311 memorata,
1677 3244 1784 3299 situ

204 3327 525 3395 opinionem
574 3329 813 3385 ﬁrmant.
888 3331 1091 3397 Quidni
1134 3334 1304 3399 enim,
1366 3350 1490 3389 cum
1547 3335 1783 3404 primum

203 3418 377 3483 ades,
415 3431 608 3475 sancto
655 3422 931 3477 Demetrio
994 3440 1171 3489 saera,
1222 3424 1410 3481 Sirmii
1469 3443 1501 3483 a
1552 3426 1784 3483 Leontio

204 3523 391 3566 erecta
404 3515 513 3582 jam
532 3513 748 3579 fuisset,
769 3516 938 3570 altera
962 3517 1363 3583 deinde,eidem
1380 3520 1583 3575 Sancto
1596 3530 1785 3577 nostro

204 3617 389 3669 sacra,
430 3621 551 3673 qua:
594 3604 714 3660 loco
745 3603 847 3661 sibi
896 3609 1094 3671 adsito,
1123 3611 1382 3678 paulatim
1432 3612 1486 3665 in
1518 3612 1778 3682 oppidum

202 3695 501 3759 crescenti,
537 3711 738 3749 nomen
771 3697 982 3761 fecerit,
1017 3698 1071 3751 in
1111 3714 1241 3770 agro
1272 3699 1567 3757 Sirmiensi
1615 3703 1783 3758 adiﬁ-

204 3794 333 3837 cata
381 3800 502 3838 esse
536 3783 1018 3854 potUerit‘lSane,
1072 3806 1197 3843 eum
1244 3792 1526 3861 oppidum,
1562 3803 1784 3851 sanctus

205 3876 461 3930 Demeter
512 3876 739 3945 dictum,
801 3882 945 3949 quod
985 3881 1049 3936 ad
1110 3876 1312 3937 Savum
1372 3885 1539 3939 situm
1592 3897 1697 3952 est,
1753 3906 1782 3943 a

202 3965 458 4021 Bonlinio
479 3968 597 4022 loco
622 3984 784 4039 supra
817 3987 915 4040 per
941 3972 1205 4042 Cangium
1241 3974 1340 4029 cit.
1369 3976 1547 4046 reipsa
1578 3995 1784 4035 memo—

203 4066 380 4123 retur,
427 4059 589 4128 idque
638 4062 932 4132 hodieque,
975 4074 1166 4131 utpote
1208 4066 1264 4120 in
1318 4070 1597 4124 modernis
1653 4087 1783 4141 geo-

199 4150 482 4218 grapliicis
539 4145 831 4221 Hungaria
888 4155 1272 4227 Slavonizeque
1327 4160 1525 4215 tabulis
1579 4165 1781 4231 passim

202 4250 481 4304 notatum,
542 4243 767 4299 indubie
828 4246 1011 4302 adhuc
1070 4250 1318 4315 exsistat,
1368 4251 1443 4304 ita
1493 4268 1621 4307 vere
1667 4270 1780 4309 rem

201 4333 478 4399 evenisse,
510 4335 564 4389 in
600 4337 844 4391 animum
878 4338 1096 4395 induco.
1142 4340 1279 4397 llinc
1305 4356 1469 4413 porro
1501 4346 1613 4415 jam
1646 4363 1783 4402 con-

204 4425 475 4493 sequitur,
517 4436 576 4480 ut
602 4426 835 4482 Sanctus
883 4416 1073 4484 noster
1102 4430 1157 4486 in
1206 4433 1439 4503 Illyrico,
1467 4436 1625 4505 cujus
1653 4437 1783 4491 olim

205 4518 485 4578 Slavonia.
506 4518 770 4574 Sirmium
788 4522 1099 4590 antiquum,
1129 4524 1570 4595 oppidumque,a
1596 4539 1783 4584 saneto

1883 2038 2079 2100 oﬂicio,
2114 2038 2187 2092 uti
2214 2054 2246 2091 e
2271 2047 2585 2092 sanctorum
2613 2048 2967 2108 patronorum
2995 2043 3144 2110 regni
3170 2042 3461 2112 llungarite

1883 2128 2074 2183 olIiciis
2106 2130 2360 2198 propriis,
2393 2132 2687 2186 annol703
2706 2132 2925 2186 Vienna:
2956 2132 3191 2187 Austriae
3218 2134 3454 2197 excusis,

1884 2220 2059 2285 disco,
2104 2236 2203 2290 per
2248 2232 2413 2275 totam
2447 2222 2554 2275 late
2593 2221 2926 2292 Hungariam
2962 2222 3031 2276 26
3061 2222 3312 2281 Octobris
3343 2226 3456 2286 die.

1882 2326 2002 2379 quae
2033 2312 2081 2365 ei
2110 2310 2253 2381 apud
2282 2310 2498 2364 Graaeos
2527 2326 2679 2365 sacra
2706 2322 2809 2374 est,
2845 2311 3061 2366 colitur.
3095 2313 3171 2366 Ac
3204 2314 3259 2367 in
3306 2315 3460 2370 horis

1884 2404 2105 2473 quidem
2142 2402 2439 2465 canonicis,
2476 2418 2597 2471 qua:
2635 2403 2703 2457 de
2735 2420 2801 2457 eo
2834 2412 2962 2457 tunc
3006 2384 3299 2459 recitandae
3329 2421 3460 2475 pro-

1883 2506 2185 2567 ponuntur,
2224 2505 2334 2549 tres
2369 2495 2654 2560 lectiones,
2692 2503 2939 2565 quartam
2973 2496 3254 2562 videlicet,
3294 2500 3457 2567 quin-

1888 2600 1994 2643 tam
2024 2596 2077 2642 et
2108 2598 2340 2647 sextam.
2375 2602 2405 2641 e
2458 2588 2893 2657 metapltrastieis
2925 2589 3045 2657 ejus
3085 2590 3236 2643 Actis
3286 2593 3458 2646 maxi-

1885 2697 2027 2736 mam
2071 2690 2281 2751 partem
2322 2690 2644 2745 contextas,
2694 2682 2785 2735 ubi
2829 2682 2930 2735 sibi
2987 2682 3233 2751 proprias
3273 2682 3457 2749 habet,

1887 2776 2300 2843 orationemque
2329 2776 2453 2829 item
2484 2776 2764 2844 prepriam
2792 2814 2807 2839 ,
2850 2774 3000 2828 hisce
3048 2776 3231 2830 verbis
3262 2791 3457 2830 conce-

1886 2875 2076 2935 ptam:
2115 2884 2133 2917 ι
2171 2865 2334 2928 Deus,
2381 2868 2473 2935 qui
2516 2869 2735 2921 beatum
2770 2865 3105 2920 Demetrium
3155 2879 3456 2937 martyrem

1889 2969 2065 3022 tuum,
2098 2960 2366 3012 virtutum
2397 2959 2567 3029 signis
2597 2958 2887 3023 clariﬁcas,
2938 2958 3061 3027 ejus
3102 2975 3201 3012 nos
3244 2976 3462 3028 quasu-

1891 3066 2034 3116 mus,
2062 3052 2375 3106 interventu
2403 3068 2432 3106 a
2469 3053 2685 3106 eunetis
2712 3054 2976 3114 reatibus,
2995 3060 3053 3106 et
3078 3068 3105 3105 a
3140 3053 3313 3117 malis,
3340 3071 3459 3122 qua

1891 3159 1991 3213 pro
2014 3144 2093 3199 eis
2119 3160 2413 3213 meremur,
2438 3144 2656 3199 absolve
2684 3144 2971 3213 propitius,
2993 3160 3089 3213 per
3108 3144 3418 3200 Dominum.
3438 3167 3454 3197 ι

1890 3233 1949 3287 In
1982 3232 2143 3287 Missa
2179 3247 2386 3297 autem.
2417 3250 2538 3305 qua:
2570 3235 2637 3289 de
2657 3250 2721 3289 eo
2755 3242 2886 3288 tunc
2911 3234 3016 3288 diei
3042 3235 3205 3299 solet,
3230 3252 3460 3307 quaeque

1814 3313 1853 3365 Ο
1889 3325 1995 3379 hoc
2031 3325 2258 3381 introitu
2296 3344 2310 3381 :
2356 3345 2373 3378 ι
2432 3326 2487 3379 In
2522 3328 2723 3382 virtute
2757 3337 2869 3389 tua,
2906 3327 3156 3393 Domine,
3188 3329 3461 3385 latabitur

1884 3418 2205 3487 justus,etc.
2240 3438 2257 3469 ο
2285 3420 2350 3472 de
2372 3424 2649 3472 communi
2672 3419 2831 3473 unius
2862 3421 3113 3489 martyris
3138 3429 3242 3486 est,
3263 3432 3461 3491 praeter

1888 3514 2193 3569 orationem
2230 3513 2341 3581 jam
2379 3512 2659 3567 recitatam
2699 3512 2819 3566 duo:
2852 3512 2991 3575 aliae,
3027 3522 3237 3567 secreta
3265 3514 3459 3569 videli-

1886 3615 1974 3661 cet
2004 3605 2313 3673 alteraque,
2342 3618 2460 3671 quae
2488 3604 2926 3673 postcommunio
2948 3605 3172 3668 dicitur,
3200 3604 3269 3659 ab
3295 3607 3460 3675 hujus

1883 3697 2100 3766 generis
2121 3696 2484 3758 orationibus,
2508 3710 2627 3763 quae
2654 3695 2708 3748 in
2737 3696 2861 3749 aliis
2886 3696 2953 3749 de
2976 3697 3254 3751 communi
3286 3699 3453 3752 unius

1886 3790 2197 3858 pluriumve
2250 3798 2549 3858 martyrum
2589 3786 2767 3840 Missis
2820 3787 2926 3841 diei
2978 3788 3181 3855 solent,
3232 3792 3457 3845 omnino

1888 3881 2145 3945 diversas,
2176 3881 2241 3933 de
2270 3890 2459 3933 sancto
2492 3878 2789 3942 Demetrio,
2831 3879 2910 3933 uti
2951 3878 3127 3933 Missae
3162 3881 3228 3935 de
3255 3883 3459 3937 sanctis

1886 3973 2038 4042 regni
2070 3972 2359 4041 llungariz
2392 3972 2662 4041 patronis,
2703 3986 2848 4025 anno
2884 3971 3021 4025 l7'55
3054 3971 3336 4042 Tyrnavia:
3360 3990 3456 4028 ex-

1876 4081 2050 4126 cusas,
2088 4080 2176 4118 me
2205 4066 2423 4127 docent,
2467 4064 2763 4118 recitandae
2805 4064 3152 4119 exhibentur.
3187 4067 3263 4119 Ac
3304 4067 3457 4135 prior

1885 4158 2103 4227 quidem
2142 4157 2228 4211 his
2264 4158 2463 4221 verbis,
2506 4174 2524 4207 ι
2557 4156 2782 4209 Munera
2815 4166 3024 4217 nostra.
3062 4157 3308 4222 Domine,
3345 4174 3458 4212 me-

1888 4249 2008 4303 ritis
2041 4248 2188 4303 beati
2219 4247 2478 4301 Demetrii
2524 4248 2781 4316 martyris
2814 4248 2930 4309 tibi,
2962 4263 3299 4315 quaesumus.
3330 4250 3457 4304 red-

1885 4342 2085 4393 dantur
2117 4349 2373 4408 accepta,
2405 4348 2455 4392 et
2506 4338 2828 4407 nosmetipsi
2862 4348 3072 4407 gratum
3111 4340 3207 4393 tibi
3245 4338 3454 4395 cilicia-

1886 4442 2010 4484 mur
2040 4430 2391 4482 sacriﬁcium.
2431 4447 2449 4479 ι
2482 4426 2761 4481 Posterior
2793 4442 2921 4481 vero
2946 4430 3306 4496 sequentibus
3332 4447 3457 4485 ron-

1884 4531 1991 4575 stat
2023 4535 2038 4575 :
2075 4539 2093 4571 r
2140 4520 2395 4575 Purilicet
2417 4533 2536 4581 nos,
2574 4533 2909 4587 quaesumus,
2933 4516 3182 4593 Domine,
3211 4522 3455 4579 rmlestis

206 4610 483 4662 Demetrio
507 4610 734 4678 dictum,
770 4614 934 4666 modo
966 4614 1361 4683 complectens,
1397 4626 1606 4687 partem
1644 4634 1778 4674 con-
1810 4645 1855 4700 ο
1887 4628 2086 4667 mensa:
2140 4612 2348 4673 libatio,
2396 4620 2447 4664 et
2479 4649 2493 4673 ,
2547 4608 2922 4663 intercedente
2971 4609 3132 4665 beato
3179 4610 3453 4668 Demetrio

202 4699 488 4764 stituebat,
529 4715 639 4754 non
694 4718 855 4755 unam
914 4714 1149 4768 tantum,
1196 4706 1293 4761 sed
1332 4708 1467 4762 duas
1514 4710 1772 4767 ecclesias

199 4791 413 4845 nomini
447 4808 546 4845 suo
589 4805 937 4849 consecratas
972 4796 1251 4859 habuerit,
1306 4798 1776 4871 dubitandumque

199 4879 437 4950 proinde
461 4892 571 4935 non
614 4882 701 4945 sit,
746 4884 875 4953 quin
935 4886 1132 4940 eximia
1194 4888 1378 4957 plane,
1429 4890 1472 4943 si
1516 4906 1624 4945 non
1676 4903 1775 4962 per

200 4986 368 5024 omne
392 4972 497 5025 late
525 4970 822 5043 Illyricum,
853 4973 1038 5029 Sirmii
1062 4976 1277 5043 saltem,
1309 4978 1399 5032 ubi
1422 4981 1584 5035 etiam
1608 4997 1773 5052 supra
1816 5007 1829 5036 ι.

199 5072 538 5130 memorata},
568 5079 701 5132 quas
731 5080 797 5119 eo
827 5066 1086 5123 Leontius
1117 5070 1395 5137 attulerat,
1441 5087 1608 5126 sacrae
1654 5073 1773 5141 ejus

200 5151 453 5221 reliquiae
505 5154 896 5221 servabantur,
958 5157 1235 5228 dictoque,
1268 5161 1356 5214 cul
1388 5176 1589 5216 nomen
1622 5160 1769 5227 fecit,

198 5244 258 5297 in
301 5244 504 5313 oppido
548 5246 899 5300 veneratione
926 5249 1320 5317 ecclesiastica,
1354 5262 1409 5307 et
1438 5252 1623 5308 Sirmii
1652 5254 1771 5323 qui-

196 5337 323 5392 dem
356 5337 425 5391 ob
447 5336 557 5406 jam
578 5338 721 5393 dicta
751 5340 817 5393 de
840 5350 1113 5395 exstructa
1155 5342 1352 5397 ibidem
1400 5345 1451 5398 ei
1481 5361 1511 5399 a
1543 5345 1770 5402 Leontio

198 5430 429 5486 ecclesia
454 5432 563 5500 jam
583 5431 710 5486 inde
743 5433 811 5487 ab
835 5434 996 5502 hujus
1025 5444 1184 5489 :etate
1216 5452 1311 5491 seu
1332 5438 1769 5496 saculoineunte

193 5523 415 5593 quinto,
468 5523 637 5579 fuerit
708 5525 965 5594 gavisus;
1021 5528 1162 5583 hanc
1213 5540 1399 5584 autem
1461 5531 1552 5587 diu
1602 5532 1767 5587 etiam

194 5616 399 5671 ibidem
458 5630 862 5685 perseverasse,
911 5618 996 5671 vel
1026 5634 1091 5673 ex
1116 5634 1183 5675 eo
1208 5620 1397 5692 liquet,
1432 5624 1597 5694 quod,
1644 5642 1768 5680 eum

196 5712 464 5764 Sirmium
498 5726 644 5765 anno
668 5711 888 5764 circiter
927 5712 1050 5779 ut,
1079 5714 1156 5767 uti
1188 5715 1333 5769 inter
1370 5718 1611 5772 eruditos
1638 5734 1766 5772 con-

192 5803 367 5864 venit,
402 5801 469 5855 ab
505 5800 693 5865 Attila,
736 5801 1057 5857 Hunnorum
1114 5820 1262 5874 rege,
1294 5805 1457 5860 fuerit
1489 5823 1764 5871 eversum,

192 5894 542 5962 eeelesiaque
588 5893 970 5959 nihilominus,
1027 5906 1216 5954 sancto
1267 5896 1543 5955 Demetrio
1591 5916 1763 5971 sacra,

436 5992 682 6052 Parnm.
736 5991 850 6051 Gn.
883 5991 1092 6052 CXVI.

1884 4714 2121 4772 martyre
2149 4711 2262 4763 tuo,
2282 4702 2347 4754 ad
2377 4700 2540 4754 vitam
2561 4700 2724 4753 nobis
2750 4700 3004 4768 proltciat
3031 4704 3447 4771 sempiternam.

1950 4790 2069 4847 156.
2102 4796 2277 4861 Atque
2312 4793 2383 4845 ita
2420 4806 2524 4859 quo
2561 4791 2712 4845 cultu
2771 4790 3009 4846 Sanctus
3044 4792 3114 4845 ab
3146 4793 3447 4865 llungaris,

1878 4901 1907 4939 a
1940 4885 2137 4954 quibus
2172 4891 2228 4936 ut
2260 4892 2523 4950 patronus
2557 4883 2775 4947 colitur,
2822 4882 3088 4937 afﬁciatur
3111 4923 3127 4947 ,
3158 4887 3322 4940 modo
3351 4902 3447 4940 ex.

1879 4977 2067 5047 posui;
2100 4992 2247 5030 nunc
2278 4990 2446 5045 pauca
2480 4976 2659 5029 adhuc
2686 4976 2751 5028 de
2784 4985 3030 5043 tempore
3057 5016 3073 5041 ,
3104 4992 3212 5045 quo
3245 4977 3360 5032 ﬁeri
3395 4978 3445 5033 id

1876 5071 1945 5124 ab
1984 5070 2092 5124 illis
2142 5068 2443 5137 inceperit,
2476 5068 2610 5122 libet
2640 5066 2906 5137 proferre.
2952 5067 3010 5121 In
3049 5066 3173 5121 Vita
3208 5068 3271 5124 Β.
3304 5068 3449 5123 Mar-

1877 5170 2093 5231 garetas,
2128 5158 2357 5228 virginis
2408 5157 2765 5227 Hungarica,
2803 5158 2869 5212 ad
2897 5158 3040 5212 diem
3072 5157 3141 5212 ξε
3170 5156 3439 5226 Januarii,

1876 5269 1982 5323 quo
2009 5255 2123 5308 haec
2147 5255 2363 5317 colitur,
2390 5254 2532 5323 apud
2554 5268 2657 5307 nos
2675 5254 2837 5317 edita,
2866 5262 3089 5307 sanctus
3114 5252 3439 5321 Demetrius,

1876 5363 1981 5403 una
2014 5363 2137 5402 cum
2174 5346 2273 5402 SS.
2298 5346 2594 5402 Laurentio
2624 5355 2677 5400 et
2710 5346 3445 5408 Bartholomzo,sanctimo—

1874 5442 2001 5495 niali
2038 5440 2257 5506 cuidam
2284 5482 2298 5506 ,
2348 5447 2508 5494 acuta
2556 5438 2693 5493 febri
2736 5437 3030 5502 laboranti,
3076 5439 3440 5508 spectandum

1874 5548 1994 5589 sese
2026 5533 2077 5587 in
2112 5547 2306 5587 somno
2337 5532 2571 5592 dedisse,
2608 5544 2866 5599 eamque.
2904 5538 2965 5583 ut
2993 5528 3139 5600 apud
3169 5529 3442 5599 archiepi-

1872 5638 2096 5695 scopum
2124 5624 2553 5695 Strigoniensem
2574 5622 2643 5678 de
2667 5620 3002 5676 instituenda
3041 5620 3256 5675 indicta:
3272 5621 3443 5677 beata

1873 5718 2188 5786 Margaretre
2254 5716 2597 5769 sanctitatem
2657 5722 2712 5769 et
2768 5713 3033 5767 miracula
3081 5712 3443 5783 inquisitione

1873 5818 2079 5877 ageret,
2134 5807 2412 5859 monuisse
2461 5815 2753 5868 narratur;
2801 5817 2969 5872 quare
3020 5817 3145 5858 eum
3198 5803 3347 5865 hinc.
3383 5812 3444 5858 ut

1871 5900 2042 5957 beate
2086 5899 2249 5970 hujus
2304 5898 2551 5969 virginis,
2594 5896 2702 5953 vita
2754 5894 2862 5967 jam
2918 5892 3143 5959 functas,
3177 5894 3444 5951 sanctitas

3030 5985 3102 6049 37
