4218 6442
787 380 923 446 1163
2087 379 2453 443 SUPPLEML

2405 383 2734 452 dENTUM.
3925 398 4071 465 1164

789 495 1193 554 innotesceret,
1230 503 1377 545 curas
1411 497 1604 545 sancto
1639 487 1916 544 Demetrio
1962 489 2133 547 fuisse
2165 494 2351 548 videa-
2384 512 2425 567 Α
2459 499 2609 566 parvi
2643 501 2938 568 pendebat,
2975 501 3192 559 tandem
3221 503 3444 562 delet-lt.
3474 503 3808 562 Defectiouis
3838 514 4069 578 μεως.-

784 598 897 654 tnr,
933 588 1076 641 hunc
1104 584 1173 639 ab
1201 583 1314 650 illa,
1344 584 1413 649 in,
1440 584 1488 638 vi
1504 584 1577 638 (τε
1599 584 1777 638 adhuc
1807 585 2125 648 superstite,
2171 588 2358 656 singo-
2462 605 2558 659 pes
2596 591 2859 647 exstite'e
2890 590 3083 649 Petrus
3129 603 3187 650 et
3225 593 3394 660 Asan,
3432 597 3542 650 duo
3582 612 3648 651 ex
3690 600 4069 668 antiquc.-nus

785 681 884 735 lari
923 675 1273 732 veneratione
1306 675 1584 739 aﬁectum,
1615 675 1925 732 verositnile
1954 688 2043 746 pot
2061 687 2133 731 est
2160 678 2355 744 videri,
2462 684 2732 755 Brigaria:
2765 702 2952 756 regum
2985 728 3000 753 ,
3037 689 3117 743 uti
3163 689 3469 744 ιηηηςει..,;·
3513 691 3582 745 ιιι
3630 707 3786 763 μεμε
3834 693 4024 748 δεδι,
4052 737 4069 761 ν

783 772 1105 839 cultumque
1154 768 1385 838 proinde
1431 766 1484 820 in
1529 766 1810 836 Hungaria
1843 783 1873 821 a
1909 770 2123 824 sacculo
2160 771 2358 824 saltem
2460 793 2587 848 pag.
2618 778 2708 843 εγ,
2740 779 2944 834 docent
2967 821 2983 847 ,
3016 783 3288 852 sanguine
3319 784 3587 854 progeniti
3619 783 3840 840 fratres.
3875 788 4070 856 Atque

787 863 950 917 tertio
981 863 1215 924 decimo,
1263 873 1373 930 quo
1401 859 1592 914 eadem
1636 859 1794 914 beata
1836 861 1988 930 virgo
2019 863 2173 927 obiit,
2211 863 2355 918 obti-
2459 872 2514 924 hi
2540 873 2784 942 quidem,
2821 889 2892 928 ne
2919 874 3040 930 sine
3076 891 3236 930 οιιιε,
3267 891 3357 931 ηδ
3385 893 3556 933 mus
3580 877 3756 933 ωοιετί
3788 880 4041 934 ﬁdem“

789 956 992 1009 nuisse.
1022 953 1225 1007 Adliec
1281 967 1406 1006 cum
1465 951 1762 1018 Sirmium,
1803 953 1892 1006 ubi
1934 952 2194 1008 Sanctum
2242 957 2355 1024 jam
2462 969 2566 1021 tur,
2611 962 3000 1032 imperatorem
3047 965 3315 1022 lsaacium
3349 969 3637 1039 Angelum,
3670 984 3699 1023 a
3753 985 3871 1040 quo
3927 971 4066 1033 sibi,

784 1048 911 1102 inde
945 1048 1108 1102 etiam
1150 1061 1179 1100 a
1215 1044 1412 1099 saeculo
1441 1043 1636 1114 quinto
1667 1045 1872 1098 cultunI
1902 1044 2095 1117 fuisse,
2135 1061 2357 1116 esupra
2459 1051 2603 1122 quod
2654 1054 2875 1123 petituri
2915 1067 3124 1123 essent,
3183 1068 3442 1129 negatum
3493 1059 3559 1113 iri
3626 1061 4025 1130 pmvidebant
4050 1098 4066 1122 .

781 1141 942 1195 dictis
991 1141 1199 1207 liquet,
1233 1136 1608 1207 llungarorum
1647 1137 1788 1204 juris
1821 1138 1917 1191 diu
1949 1148 2076 1191 ante
2103 1137 2311 1192 dictum
2340 1179 2355 1201 .
2458 1143 2724 1216 Cypsellis
2761 1159 3010 1219 agentem
3049 1152 3402 1217 conveniunt,
3438 1152 3650 1222 sibique
3679 1153 3870 1223 exigui
3911 1154 4067 1206 rem-

781 1249 890 1302 quo
918 1232 976 1284 Β.
1029 1231 1328 1301 Margareta
1373 1230 1682 1301 Hungarica
1718 1229 1786 1283 ad
1819 1228 2111 1284 Dominum
2142 1231 2353 1300 migra-
2461 1246 2548 1290 tus
2575 1237 2840 1306 priedium
2869 1241 2938 1296 ad
2977 1239 3223 1296 Haemum
3260 1254 3503 1299 montem
3531 1245 3839 1314 assignari,
3885 1256 4066 1314 atque

781 1335 875 1396 vit,
909 1329 1410 1410 seculumtertium
1443 1326 1716 1381 decimum
1747 1326 2035 1389 exstiterit,
2067 1327 2159 1380 diu
2186 1329 2353 1380 etiam
2457 1328 2512 1382 in
2540 1329 2853 1385 Graecorum
2881 1333 3124 1403 legiones
3155 1335 3391 1398 admitti,
3425 1337 3739 1405 postulant;
3765 1340 4064 1405 repulsam

781 1433 908 1478 ante
946 1426 1045 1477 hoc
1070 1430 1317 1476 sanctum
1354 1419 1686 1475 Demetrium
1712 1421 1857 1490 apud
1891 1420 2174 1491 llungaros
2203 1420 2353 1473 cultu
2456 1431 2659 1483 autem,
2696 1431 2754 1477 ut
2785 1425 3167 1493 praeviderant,
3201 1431 3366 1498 passi,
3399 1429 3621 1483 domum
3661 1430 3930 1489 redeunt.
3967 1446 4067 1498 pa-

780 1515 1154 1570 ecclesiastico
1182 1513 1352 1568 fuisse
1384 1513 1640 1567 allectum
1666 1551 1680 1574 .
1717 1515 2030 1583 neutiquam
2063 1511 2193 1566 milii
2223 1526 2353 1566 vero
2459 1510 2564 1564 lam
2597 1526 2626 1564 a
2666 1512 2977 1569 Graecorum
3017 1515 3348 1586 imperatore
3380 1520 3638 1574 deliciunt
3662 1559 3676 1583 ,
3719 1521 4065 1590 populares-

780 1617 1004 1677 apparet
1028 1606 1298 1660 absimile.
1333 1605 1409 1659 lla
1435 1614 1681 1670 autumo,
1704 1607 1846 1674 quod
1871 1621 1980 1660 non
2005 1619 2128 1658 raro
2152 1602 2351 1657 lactant
2459 1619 2587 1673 que.
2623 1615 2681 1659 ut
2711 1606 2854 1660 idem
2885 1607 3109 1674 faciant,
3144 1609 3430 1674 alliciunt;
3474 1612 3613 1682 quod
3667 1629 3776 1680 qua
3834 1615 4059 1665 ratione

779 1701 871 1760 sit,
902 1708 962 1753 ut
991 1699 1172 1752 Sancti
1201 1697 1508 1767 cujuspiam
1543 1696 1743 1763 cultus,
1770 1697 1863 1767 qui
1896 1697 1951 1750 in
1985 1712 2092 1750 una
2127 1697 2354 1751 civitate
2459 1699 2687 1753 omnino
2724 1700 3008 1769 singulari,
3042 1702 3151 1756 imo
3200 1704 3433 1766 exotica,
3478 1721 3603 1758 cum
3651 1707 3757 1758 bos
3810 1706 4061 1760 consilio

781 1792 1014 1859 vigebat,
1037 1792 1100 1844 ad
1131 1790 1266 1844 alias
1288 1792 1439 1858 regni
1474 1790 1716 1858 ejusdem
1746 1791 1995 1842 civitates
2013 1789 2161 1842 brevi
2185 1790 2353 1842 etiam
2459 1803 2583 1850 suo.
2617 1790 2785 1844 cladis
2835 1792 3274 1859 verosimillimc,
3315 1810 3344 1848 a
3389 1795 3687 1864 majoribus
3721 1799 3847 1850 suis
3884 1814 3966 1866 pri
3992 1813 4060 1864 pe

778 1888 1046 1951 temporis
1075 1884 1250 1952 spatio
1281 1883 1448 1938 fuerit
1481 1891 1832 1952 propagatus,
1859 1896 1959 1936 nec
1988 1883 2196 1936 Sirmio
2219 1896 2348 1934 san-
2380 1871 2423 1930 Β
2451 1875 2917 1946 Thessalonicam,
2942 1893 3132 1937 sancto
3154 1884 3431 1938 Demetrio
3457 1901 3616 1953 Opem
3639 1887 3890 1942 obsessa-
3927 1886 4059 1938 huic

775 1980 847 2032 eti
894 1977 1158 2032 Demetrii
1193 1978 1422 2039 cultum,
1469 1979 1572 2030 etsi
1617 1976 1836 2028 interim
1866 1984 2080 2042 tempus
2103 2016 2120 2041 ,
2152 1991 2260 2044 quo
2295 1975 2349 2029 id
2455 1971 2660 2025 civitati
2691 1989 2802 2028 sua
2837 1973 3066 2037 ferente,
3096 1976 3224 2030 olim
3258 1987 3514 2046 accepta,
3541 1979 3723 2032 adhuc
3748 1995 4056 2042 memores,

776 2070 1012 2138 primum
1048 2070 1270 2128 factum,
1308 2078 1392 2121 sat
1423 2081 1592 2135 pr0pe
1631 2065 1851 2120 deliniri
1889 2066 2030 2121 haud
2066 2075 2248 2135 queat,
2282 2063 2348 2119 ad
2452 2063 2596 2120 haud
2637 2076 2720 2120 sat
2769 2084 3062 2137 propenso,
3111 2077 3230 2123 utut
3263 2071 3440 2125 abacti
3495 2088 3592 2141 per
3629 2074 3740 2126 vim
3800 2074 4049 2143 pecoris,

775 2164 906 2216 alias
935 2161 1225 2232 llungarite
1257 2159 1422 2214 nrbes
1453 2158 1620 2213 fuisse
1651 2166 2004 2227 propagatum
2033 2198 2047 2224 ,
2096 2158 2350 2213 dubitan-
2450 2162 2911 2232 exactionuuzque
2943 2165 3306 2233 quarumdam
3338 2167 3625 2221 occasione
3665 2164 3886 2220 (ηεαδ
3921 2183 4051 2237 gra-

774 2255 904 2308 dum
933 2263 1216 2323 appareat.
2449 2252 2672 2305 vissiine
2700 2254 2960 2319 odensos,
2996 2259 3361 2311 assentientes
3387 2257 3719 2322 invenirent,
3756 2260 4050 2312 coasccut':

845 2351 965 2405 157.
1020 2348 1257 2418 llungari
1301 2347 1448 2402 enim
1471 2387 1486 2413 ,
1520 2357 1640 2401 utut
1671 2345 1926 2400 Ecclesiae
1956 2347 2214 2400 Romana:
2248 2361 2346 2400 seu
2449 2350 2630 2396 tamen
2667 2342 2868 2399 fuerint
2891 2385 2904 2409 ,
2941 2346 3074 2401 libet
3107 2347 3240 2414 ipsis
3283 2363 3313 2400 a
3356 2347 3544 2402 Niceta
3583 2349 3867 2403 Choniate
3899 2349 4050 2402 libro

773 2446 979 2500 Latina:
1031 2443 1169 2496 ritus
1213 2439 1747 2508 consuetudinesque
1800 2447 2118 2507 sequantur,
2149 2437 2347 2491 Deme-
2449 2434 2614 2489 citato
2634 2438 2991 2506 suppeditatis
3016 2439 3198 2494 verbis
3230 2454 3524 2510 exponere.

776 2538 936 2591 trium
980 2544 1179 2595 tamen,
1213 2547 1323 2586 non
1358 2531 1392 2586 8
1417 2530 1673 2586 Octobris
1702 2531 1812 2593 die,
1833 2546 1954 2599 quae
1985 2528 2185 2583 Sancto
2220 2529 2346 2582 huic
2524 2526 2643 2579 159..
2681 2525 2771 2580 Sic
2801 2527 2981 2597 itaque
3009 2529 3081 2582 ibi
3112 2545 3262 2582 num.
3297 2529 3330 2583 6
3393 2530 3592 2584 habet:
3627 2547 3645 2579 ε
3677 2527 3825 2582 Cum
3857 2529 4048 2581 Blarbi

774 2631 917 2700 apud
945 2627 1170 2681 Latinos
1201 2640 1354 2679 sacra
1406 2634 1511 2686 est,
1562 2624 1655 2677 sed
1703 2623 1772 2675 26
1817 2622 2027 2676 mensis
2053 2620 2342 2688 ejusdem,
2451 2616 2830 2687 (Bulgarorum
2876 2620 3084 2674 scilicet
3106 2620 3355 2675 foederati
3383 2637 3480 2676 seu
3518 2622 3703 2691 potius
3753 2620 3956 2673 horum
3994 2621 4046 2670 in

774 2737 894 2792 qua
925 2720 1101 2774 eidem
1141 2717 1282 2786 apud
1311 2714 1531 2770 Graecos
1569 2715 1746 2768 dicata
1780 2723 1894 2777 est,
1939 2713 2223 2766 celebrare
2253 2725 2345 2763 so~
2447 2706 2634 2761 Hcesia
2681 2710 2830 2779 pars)
2875 2711 3142 2780 principio
3176 2711 3245 2764 ab
3288 2725 3356 2765 eo
3403 2721 3628 2774 conatu,
3673 2711 3745 2765 ad
3790 2728 3960 2780 quem
4017 2726 4046 2764 a

779 2820 923 2879 lout;
968 2814 1017 2864 iit
1049 2822 1227 2864 autem
1261 2809 1630 2876 (nequeenim
1658 2807 1846 2861 Sancti
1871 2806 2076 2858 cultum
2104 2803 2348 2872 proxime
2448 2798 2612 2852 Petro
2642 2809 2697 2854 et
2733 2800 2914 2855 Asane
2963 2800 3382 2868 inducebantur,
3429 2803 3506 2856 rei
3536 2803 3868 2857 didicullate
3930 2813 4042 2855 ιιτ-

779 2929 806 2963 ς,
842 2909 1044 2963 cmi-is
1087 2900 1364 2971 accepisse
1408 2901 1684 2969 videntur)
1719 2915 1825 2954 non
1874 2898 1978 2952 alia
2034 2895 2231 2965 potiori
2279 2895 2348 2949 de
2445 2891 2560 2956 riti,
2592 2891 2995 2948 abhorrerent:
3023 2893 3244 2960 fratres,
3284 2906 3339 2949 ut
3372 2895 3728 2965 popularibus
3755 2897 3878 2950 suis
3911 2913 4043 2949 eum

775 3014 939 3055 causa
985 2995 1099 3049 licri
1136 2995 1202 3047 ab
1230 2993 1310 3046 eis
1342 3007 1502 3061 posse
1533 2991 1766 3051 videtur,
1800 3003 1964 3058 quam
1989 2985 2134 3055 quod
2163 3000 2191 3037 a
2227 2982 2345 3036 Sir-
2446 2991 2650 3037 metum
2685 2985 3014 3053 adimerent,
3049 2987 3221 3040 aedem
3252 2988 3473 3040 nomine
3496 2988 3743 3056 praclari
3778 2998 3950 3056 inart}
3965 2989 4042 3040 ris

779 3090 1115 3150 miensibus,
1150 3087 1240 3155 qui
1281 3085 1349 3140 ad
1387 3099 1507 3139 sese
1551 3097 1582 3136 a
1627 3082 1831 3137 Graecis
1855 3120 1872 3143 ,
1908 3079 2060 3134 urbis
2097 3092 2211 3132 sua:
2254 3075 2348 3130 diu
2445 3074 2706 3129 Demetrii
2742 3076 3101 3144 aediﬁcarunt,
3143 3079 3200 3131 in
3236 3093 3464 3149 eamque
3503 3081 3709 3132 multos
3737 3079 3962 3133 dienton
3988 3095 4048 3131 a-

776 3188 902 3238 ante
955 3181 1237 3250 llungaros
1284 3175 1518 3230 dominis
1545 3213 1560 3237 ,
1619 3172 2002 3228 Thessalonica
2051 3177 2346 3239 propagato
2371 3221 2412 3278 ϐ
2446 3183 2538 3222 ρος
2577 3171 2860 3240 utriusque
2893 3186 3058 3226 sexus
3082 3181 3402 3243 coegerunt,
3434 3173 3526 3242 qui
3553 3180 3806 3227 cruentis
3834 3181 3890 3225 ct
3915 3187 4044 3241 per-

1134 3273 1155 3278 -
1290 3266 1656 3278 ...-.....
1752 3265 1784 3278 ..
1876 3264 2055 3278 .-.ν
2159 3257 2340 3278 ριγητ
2452 3265 2697 3278 η
3004 3263 3124 3278 η..
3677 3275 3687 3278 -
3993 3266 4002 3275 .

774 3291 946 3338 more,
989 3289 1097 3328 non
1130 3273 1162 3325 8
1208 3270 1303 3324 sed
1341 3268 1412 3322 26
1439 3266 1691 3321 Octobris
1735 3265 1823 3320 die
1874 3264 2126 3318 festivam
2159 3257 2342 3314 Sancti
2371 3257 2412 3278 “
2449 3265 2618 3316 vers‘s
2677 3263 2915 3331 pupillis,
2965 3263 3269 3335 ell‘usisque
3310 3265 3555 3334 crinibus
3592 3275 3795 3319 cetera
3844 3266 4038 3319 omnia

773 3372 949 3422 lucrm
983 3365 1257 3418 celebrare
1303 3359 1569 3420 solebant,
1604 3356 1974 3410 ecclesiastico
2005 3353 2342 3408 Demetrium
2445 3351 2715 3418 exquisite
2746 3355 3140 3421 cxprimebant.
3164 3371 3286 3422 quae
3311 3353 3364 3407 id
3395 3369 3565 3424 genus
3589 3355 3883 3408 hominum
3912 3370 4040 3423 pio-

773 3459 921 3513 cultu
951 3455 1244 3524 quotannis
1273 3450 1574 3506 honorandi
1605 3447 2061 3503 consuetudinem
2113 3461 2341 3514 accepe-

2444 3443 2562 3509 pi-ia
2608 3445 2790 3506 habet,
2831 3460 3036 3513 eosque
3083 3445 3352 3499 docebant
3397 3446 3451 3498 in
3499 3445 3684 3498 lurore
3719 3449 4024 3515 proloqui:

773 3552 900 3605 rint.
949 3548 1076 3602 Utut
1130 3548 1241 3599 lia'c
1262 3584 1278 3608 ,
1307 3559 1426 3612 qua
1467 3542 1659 3595 nescio
1701 3555 1768 3594 an
1819 3550 1900 3593 sat
1933 3549 2084 3592 certo
2128 3535 2341 3590 deﬁniri
2443 3532 2554 3585 Deo
2574 3535 2749 3586 visum
2783 3550 2921 3598 esse,
2955 3544 3013 3587 ut
3041 3551 3176 3604 gens
3204 3535 3556 3605 Bulgarorum
3588 3548 3643 3590 et
3670 3535 4034 3597 Blacliorum.

768 3645 992 3709 queant,
1015 3648 1133 3687 sese
1161 3633 1322 3686 etiam
1358 3631 1614 3689 habeant,
1641 3627 1822 3681 Sancti
1851 3628 2099 3698 equidem
2131 3629 2339 3683 cultum
2441 3623 2698 3678 diuturno
2721 3626 2852 3696 jugo
2880 3641 3126 3685 excusso.
3162 3627 3467 3682 libertatem
3498 3639 3904 3696 consequatur,
3949 3647 4034 3682 ea-

771 3729 836 3783 ad
869 3738 1032 3782 totam
1071 3727 1174 3776 late
1205 3723 1531 3791 llungariam
1569 3736 1690 3774 esse
1731 3729 2083 3789 propagatum
2112 3759 2126 3781 ,
2175 3739 2239 3777 ex
2277 3724 2340 3778 iis
2440 3731 2548 3784 que
2581 3716 2649 3770 de
2677 3733 2840 3771 causa
2873 3719 3075 3771 Christi
3108 3731 3406 3790 martyrem
3435 3721 3801 3782 Demetrium,
3835 3723 4029 3776 relicta

769 3835 887 3888 qum
921 3833 1082 3872 sacra
1112 3813 1384 3874 disserui,
1433 3812 1799 3866 indubitatum
1833 3821 1933 3866 est.
1977 3814 2088 3866 Nec
2117 3828 2238 3867 eum
2269 3816 2338 3869 ad

2440 3809 2729 3876 metropoli
2785 3807 3175 3864 Thessalonica
3228 3821 3284 3864 et
3334 3813 3472 3872 inde.
3524 3810 4031 3882 Reinanoruque

769 3911 1091 3980 Bulgariam,
1129 3906 1416 3974 llungarize
1447 3905 1732 3957 linitimam
1755 3943 1769 3966 ,
1821 3904 2028 3972 pariter
2061 3921 2334 3970 manasse,

2440 3901 2856 3964 consuetudine,
2907 3902 2974 3954 ad
3022 3903 3174 3971 ipsos
3213 3905 3545 3972 pervenisse,
3591 3905 3926 3971 adiuturum
3985 3909 4030 3958 id

769 4006 946 4057 minus
979 3999 1341 4054 indubitatum
1376 3997 1538 4052 debet
1577 3995 1784 4049 haberi.
1813 3993 1868 4048 Id
1901 4009 1932 4047 e
1962 3995 2104 4050 facto
2127 4037 2145 4063 ,
2177 3999 2338 4067 plane
2439 4005 2596 4058 opus.
2629 3989 2795 4059 Igitur
2829 3995 3086 4046 vecordes
3122 3994 3207 4046 isti
3244 3995 3493 4048 homines
3538 3995 3761 4062 paulum
3798 4010 4029 4055 morati.

770 4094 1054 4161 singulari,
1099 4091 1242 4158 quod
1294 4105 1323 4142 a
1358 4088 1540 4141 Nii-cta
1573 4086 1836 4140 Choniate
1872 4084 1928 4138 in
1973 4085 2197 4140 Ιεααεέο
2226 4088 2337 4141 An-
2439 4091 2494 4136 et
2541 4083 2722 4137 subito
2773 4083 2978 4149 majore
3010 4085 3204 4153 spiritu
3230 4085 3479 4148 collecto,
3512 4101 3703 4140 rursus
3745 4088 3981 4141 alienati
4009 4131 4024 4150 ,

768 4187 902 4257 gelo,
938 4187 1030 4237 lib.
1075 4199 1110 4246 I,
1146 4197 1294 4235 num.
1332 4181 1385 4241 4.
1421 4181 1452 4232 5
1485 4179 1598 4252 et6
1629 4179 1881 4241 refertur,
1924 4179 2207 4246 probatum
2243 4182 2334 4234 do.
2438 4173 2874 4240 exagitabantur.
2925 4183 2980 4227 et
3029 4174 3172 4228 clara
3208 4189 3338 4229 voce
3367 4177 3521 4245 quasi
3568 4177 3803 4231 numine
3853 4178 4027 4231 albati

770 4277 980 4346 Bulgari
1018 4289 1161 4327 anno
1192 4271 1314 4324 ιοιι
1338 4269 1803 4330 Thessalonicam,
1825 4269 2183 4338 quadraginta
2213 4270 2333 4321 mil-
2439 4264 2813 4328 clamitabant,
2874 4281 2982 4319 non
3017 4267 3250 4334 amplius
3285 4267 3500 4321 desidia:
3538 4284 3659 4322 esse
3691 4270 3909 4331 locum,
3935 4272 4028 4323 sed

770 4371 896 4419 lium
933 4365 1159 4417 militum
1194 4364 1454 4419 exercitu.
1490 4359 1624 4412 duce
1660 4359 1940 4420 Alusiano,
1977 4360 2180 4412 civitati
2212 4360 2338 4414 huic
2437 4357 2672 4427 arreptis
2709 4358 2873 4412 armis
2900 4358 3534 4415 Romanosinvadendos
3563 4377 3684 4416 esse
3713 4380 3730 4414 :
3758 4366 3939 4432 etqui
3975 4367 4026 4416 in

768 4460 1146 4527 oppugnandae
1184 4452 1424 4508 admoto.
1463 4453 1514 4502 in
1546 4459 1872 4520 potestatem
1902 4465 2056 4504 suam
2091 4451 2336 4522 redigere
2439 4446 2580 4502 bello
2598 4459 2949 4514 caperentur,
2983 4465 3092 4504 non
3118 4453 3519 4506 conservandos
3549 4463 3643 4507 aut
3672 4454 4025 4518 vendendos,

766 4546 1011 4600 meditati
1062 4550 1249 4605 erant;
1303 4554 1491 4592 verum
1537 4553 1566 4591 a
1625 4536 1990 4606 praesidiariis,
2044 4537 2332 4605 improvisa
2367 4554 2409 4610 υ
2438 4540 2536 4594 sed
2579 4541 2930 4596 inclementer
2957 4543 3292 4598 occidendos
3308 4532 3450 4606 esse,
3478 4554 3533 4598 et
3564 4560 3725 4615 prece
3759 4556 3812 4600 et
3835 4552 4024 4617 pretio

771 4642 961 4691 hormn
994 4636 1194 4706 apertis
1225 4631 1461 4686 civitatis
1497 4630 1666 4698 portis
1715 4630 2073 4697 impressione
2118 4641 2328 4697 perter-
2442 4632 2762 4702 repudiatis,
2806 4648 2983 4702 neque
3019 4633 3192 4703 magis
3223 4635 3329 4689 ulla
3371 4635 3740 4692 obtestatione
3804 4641 4022 4693 moveri

767 4730 857 4784 riti
879 4769 894 4792 ,
928 4727 1134 4798 ingenti
1185 4738 1410 4778 suorum
1449 4732 1628 4790 strage
1680 4721 1732 4773 in
1769 4720 1972 4791 fugam,
2006 4731 2194 4776 sancto
2229 4721 2328 4776 De-
2439 4732 2694 4792 oportere
2724 4738 2887 4792 quam
2913 4724 3281 4779 adamantem.
3311 4723 3446 4780 Tota
3479 4727 3639 4795 igitur
3668 4741 3828 4796 gens,
3876 4745 3907 4780 a
3947 4740 4013 4782 ta-

768 4823 966 4876 metrio
1008 4815 1609 4878 Thcssalonicensibus,
1657 4813 1733 4866 uti
1782 4813 1836 4865 in
1883 4812 2180 4879 Analectis,
2210 4829 2330 4883 qua
2439 4814 2585 4869 libus
2622 4816 2842 4871 vatibus
2891 4816 3182 4880 concitata,
3225 4818 3292 4871 ad
3320 4831 3470 4870 arma
3511 4818 3792 4871 concurrit
3817 4857 3833 4880 ,
3867 4827 3927 4873 et
3965 4827 4018 4870 ut

773 4917 1001 4973 edendis
1034 4915 1214 4971 Sancti
1243 4911 1520 4967 miraculis
1547 4912 1940 4980 subjungam,e
1971 4912 2214 4966 Cedreno
2235 4912 2329 4966 do-
2438 4903 2588 4958 initia
2635 4905 2957 4959 defectionis
3002 4907 3281 4976 auspicata
3324 4906 3570 4967 fuerunt.
3624 4909 3804 4977 magis
3852 4910 4016 4963 etiam

768 5015 926 5071 ceno,
955 5011 1146 5079 pmire
1186 5024 1247 5062 ac
1286 5022 1385 5076 pro
1425 5007 1556 5059 urbe
1587 5004 1870 5058 decertare
1903 5005 2076 5073 palam
2101 5020 2328 5074 eonspc-
2441 4995 2744 5061 credidere,
2801 4997 2970 5052 Deum
3003 4999 3242 5053 libertati
3272 5015 3385 5054 sua:
3412 5000 3612 5055 laure.
3645 4999 3762 5055 Nec
3790 5017 3857 5056 ea
3887 5019 4015 5056 eon-

766 5116 872 5166 (ιο,
905 5103 1120 5156 fuerant
1147 5098 1396 5167 conjecti.
2438 5091 2571 5141 tcnti
2607 5089 2662 5143 in
2697 5091 2893 5158 Oppida
2924 5101 2978 5145 et
3004 5091 3208 5161 praedia
3243 5095 3312 5146 ab
3341 5091 3528 5148 Hzmo
3562 5103 3775 5147 remota
3805 5095 4014 5149 didun-

840 5196 960 5249 158.
997 5193 1211 5262 Bulgari
1258 5205 1443 5260 porro,
1501 5191 1597 5241 lac
1645 5196 1866 5256 accepta
1919 5189 2089 5247 clade.
2146 5205 2174 5241 a
2231 5188 2328 5241 Mi-
2435 5183 2653 5237 duntur.
2695 5203 2712 5236 ι

767 5287 948 5342 chaele
971 5326 985 5349 ,
1014 5285 1252 5340 Orientis
1284 5283 1611 5350 imperatore
1649 5280 1808 5348 hujus
1840 5283 2078 5334 nominis
2106 5293 2322 5350 quarto,
2508 5275 2630 5329 140.
2667 5275 2961 5330 Ειιίῐηνοτο
2982 5276 3258 5346 singulare
3293 5293 3541 5345 prorsus,
3572 5279 3759 5348 utjatn
3793 5281 4007 5341 momli.

766 5384 982 5451 penitus
1009 5382 1154 5432 fuere
1180 5378 1410 5438 subacti,
1436 5375 1853 5441 Griecorumque
1884 5372 2112 5442 imperio
2134 5373 2325 5427 exinde
2434 5382 2463 5420 a
2495 5365 2679 5422 Niceta
2705 5367 2793 5423 hic
2823 5370 3079 5434 relatum,
3111 5369 3460 5440 Bulgarorum
3492 5371 3802 5438 principum
3859 5370 4002 5424 Petri

767 5489 933 5545 usque
961 5472 1026 5526 ad
1065 5482 1276 5538 tempus
1305 5468 1489 5521 lsaacii
1529 5466 1739 5535 Angeli,
1770 5466 1861 5534 qui
1889 5479 2032 5518 anno
2064 5463 2198 5518 H85
2229 5464 2327 5516 iin-
2434 5471 2487 5516 et
2527 5462 2720 5515 Asanis
2765 5462 2960 5516 factum
2987 5465 3000 5515 l
3030 5463 3207 5537 Atque
3253 5463 3306 5516 id
3343 5463 3586 5532 quidem,
3629 5472 3753 5516 utut
3780 5463 4000 5517 minime

766 5581 954 5633 perare
1001 5562 1226 5630 incepit,
1275 5559 1518 5628 Bulgaria
1575 5558 1798 5627 paciﬁce
1846 5557 2042 5610 mansit
2092 5567 2320 5608 annexa.
2434 5557 2794 5624 probandum,
2823 5555 3178 5625 Bulgarorum
3216 5567 3420 5618 tamen,
3461 5566 3646 5626 utpote
3677 5558 3768 5625 qui
3801 5572 3867 5611 eo
3903 5558 4001 5609 im-

769 5658 966 5710 V'crum
1018 5670 1148 5724 gens
1188 5655 1309 5720 ista,
1340 5652 1626 5720 angustiis.
1661 5649 2001 5718 castellisque
2056 5648 2319 5717 plurimis,
2433 5648 2570 5716 pulsi
2602 5648 2654 5702 in
2693 5648 2833 5702 Petri
2863 5657 2918 5702 et
2945 5649 3143 5702 Asanis
3173 5648 3398 5702 consilia
3451 5651 3853 5709 concesserint,
3885 5648 3999 5700 esi-

765 5762 881 5816 qna:
937 5746 1222 5816 praeruptis
1287 5744 1430 5798 saxis
1485 5743 1802 5797 inaediﬁcata
1859 5741 2126 5800 habebat.
2196 5749 2321 5793 tune
2433 5738 2591 5792 nti-am
2642 5753 2768 5808 erga
2798 5752 3044 5794 sanetum
3093 5738 3424 5793 Demetrium
3458 5738 3868 5792 veneratio-tem
3905 5753 3988 5790 os-

769 5843 923 5906 lrcta,
964 5849 1148 5909 aperte
1190 5855 1215 5892 a
1262 5837 1482 5901 Grzccis,
1541 5850 1766 5904 quorum
1812 5834 1971 5889 ctiam
2025 5833 2319 5903 potentiam
2436 5829 2629 5896 tendit,
2679 5829 2754 5884 uti
2782 5830 2946 5886 etiam
3004 5839 3212 5900 quanto
3272 5829 3324 5885 in
3373 5829 3555 5901 pretio
3581 5829 3772 5886 Sancti
3811 5830 3991 5898 hujus,
