4218 6442
205 415 345 484 1165

1136 412 1193 471 5.
1239 407 1607 470 ῺΕΜΕΤΓΗΙ
1660 407 2047 467 MARTYRIS
2090 407 2300 465 ACTA.

3265 408 3407 474 1166

214 529 512 600 majoribus
529 526 638 580 suis
658 524 1206 594 olim,utiamdocui.
1229 522 1458 574 maxime
1476 520 1762 579 adversati,
1794 520 1842 575 Α
1871 520 1948 571 \ir
1982 518 2122 573 haud
2174 516 2322 568 rudis
2373 516 2658 580 exstiterit,
2714 528 2883 585 eaque
2936 530 3055 584 qua
3111 517 3165 571 in
3199 518 3407 575 litteras

215 622 576 691 patrocinium
606 619 889 673 habuerint
918 636 931 680 ',
969 626 1025 669 ut
1055 632 1204 678 sane,
1246 614 1373 681 qttitt
1408 614 1462 671 ii,
1503 626 1753 679 prospera

218 715 413 766 deinde
460 716 717 765 adversus
745 710 980 765 Gra'eos.
1008 721 1237 776 quorum
1272 706 1454 773 iugum
1496 717 1753 755 excusse-

215 815 356 865 rant,
402 805 611 857 fortuna
663 802 769 861 usi,
823 810 1008 853 sancto
1060 809 1241 850 nostro
1298 796 1541 864 martyri,
1591 808 1748 860 quem

212 894 353 948 Petri
379 904 432 947 et
466 894 659 946 Asanis
687 892 892 945 artibus
923 890 1096 943 delusi
1125 889 1176 941 in
1210 888 1532 952 uulgariam.
1573 885 1754 936 relicta

214 985 594 1039 Thessalonica
611 983 1026 1050 ercorumque
1050 982 1232 1044 tutela,
1256 981 1533 1047 migrasse,
1549 978 1760 1043 sibique

214 1075 706 1145 patrocinaturum,
739 1074 1025 1135 rebantur,
1054 1072 1255 1125 cultum
1303 1070 1491 1129 etiam,
1529 1067 1757 1120 maxime

212 1164 263 1216 in
315 1164 565 1221 ecclesia,
620 1176 780 1230 quam
833 1164 883 1215 ei
928 1160 1122 1213 Petrus
1154 1169 1209 1213 et
1256 1160 1399 1212 Asan
1446 1163 1754 1219 erexerant,

212 1254 467 1321 deinceps
524 1253 838 1315 detulerint,
894 1250 1253 1305 dubitandum
1303 1262 1412 1300 non
1464 1253 1756 1314 appareat;

212 1346 327 1396 imo
353 1360 501 1407 vero,
536 1358 655 1397 eum
687 1341 959 1394 Petruset
983 1341 1143 1402 Asan,
1178 1355 1286 1406 quo
1320 1339 1372 1389 in
1406 1344 1587 1404 partes
1626 1350 1755 1386 suas

217 1436 497 1506 Dulgaros.
544 1436 831 1504 populares
881 1447 1029 1493 suos,
1079 1431 1433 1490 attrahercnt,
1480 1426 1762 1485 auxilium.

213 1544 325 1583 non
356 1528 578 1582 alterius
606 1526 978 1593 cujuscunque
1012 1522 1215 1582 Sancti,
1249 1522 1339 1575 sed
1392 1519 1641 1573 Demetrii
1686 1517 1767 1569 cis

214 1621 527 1673 adfuturum
582 1617 683 1670 sibi
705 1614 1244 1669 comminiscendum
1305 1611 1579 1671 duxerint,
1625 1608 1766 1661 hunc

217 1726 380 1763 etiam
400 1711 548 1776 apud
572 1708 858 1774 .Bulgaros,
883 1721 1004 1757 cum
1034 1706 1295 1763 nondum,
1319 1702 1480 1754 Petro
1510 1710 1561 1755 et
1589 1702 1764 1752 Asatte

214 1799 597 1856 suadentibus,
631 1811 777 1848 arma
810 1795 862 1846 in
901 1794 1138 1856 Graecos,
1168 1806 1273 1859 quo
1302 1805 1418 1844 sese
1466 1791 1516 1842 in
1545 1790 1763 1842 liberta—

222 1900 327 1940 tem
376 1896 702 1946 assi‘rceent,
761 1885 1134 1952 arripuisscnt,
1168 1884 1395 1934 maxima
1436 1881 1488 1932 in
1539 1894 1762 1932 venera-

222 1978 369 2027 tione
438 1976 635 2036 fuissc,
693 1975 1004 2039 cultumque
1063 1972 1380 2029 olitiattiSse,
1457 1967 1762 2019 verosimilc

213 2069 380 2120 etiam
409 2075 645 2135 apparet.
683 2067 815 2120 Utut
836 2065 920 2127 sit,
942 2080 1063 2117 cum
1092 2063 1358 2130 equidem,
1384 2061 1503 2127 quis
1525 2058 1765 2127 qualisve

225 2162 273 2214 is
307 2161 490 2219 fuerit.
524 2169 865 2227 perspectum
917 2157 1057 2208 haud
1112 2156 1354 2210 Italicam,
1394 2152 1577 2218 sicque
1632 2149 1767 2202 nihil

222 2250 475 2315 amplius,
506 2264 612 2316 quo
639 2264 697 2301 ea
729 2249 795 2300 de
830 2261 883 2298 re
910 2246 1163 2299 lectorem
1194 2244 1466 2300 edoceam.
1496 2246 1764 2301 occurrat,

223 2342 290 2394 ad
324 2342 523 2393 Cttltum
556 2340 1000 2399 ecclesiasticum,
1032 2338 1227 2389 Sancto
1262 2346 1442 2387 nostro
1475 2332 1599 2385 alibi
1636 2347 1769 2398 prie-

224 2441 372 2485 terea
407 2432 661 2490 delatum,
694 2443 996 2481 sermonem
1029 2428 1133 2492 jam
1175 2435 1451 2478 converto.

298 2522 416 2574 Hi.
474 2519 786 2572 Anastasius
839 2515 1281 2569 Bibliotliecarius
1332 2513 1383 2563 in
1430 2509 1766 2571 Praefatione,

223 2631 385 2681 quam
419 2613 598 2665 Sancti
634 2614 797 2663 nostri
828 2607 1088 2669 Passieni,
1120 2620 1148 2657 a
1198 2619 1253 2655 se
1287 2614 1549 2656 contexta:
1580 2602 1770 2654 Carolo

223 2704 390 2756 Calto
454 2704 560 2761 (adi
608 2717 755 2752 num.
798 2699 883 2765 Η)
943 2712 1093 2750 suam
1152 2695 1288 2747 lianc
1344 2693 1770 2745 lucubrationem

229 2797 553 2852 inscribens,
584 2790 859 2858 przemieit.
897 2790 965 2840 ita
1006 2788 1106 2839 sub
1138 2785 1345 2837 initium
1380 2782 1607 2850 principi
1649 2780 1771 2832 huic

226 2888 503 2954 loquitur:
551 2901 567 2932 ‹
607 2882 750 2934 lleati
790 2879 1061 2937 Demetrii,
1098 2872 1586 2928 'l‘liessalunieensis
1630 2884 1775 2921 mar-

226 2976 385 3044 tyris,
414 2974 723 3026 l’assioncm
766 2985 922 3038 atque
957 2969 1235 3026 ntiracula,
1287 2964 1624 3016 hortantibus
1662 2960 1774 3013 fra-

230 3069 426 3125 tribus,
457 3074 509 3115 et
545 3064 772 3114 maxime
805 3061 917 3111 viro
955 3057 1277 3125 peritissimo
1300 3052 1507 3104 Joanne
1526 3051 1772 3111 diacono,

233 3168 423 3209 vestrm
446 3156 562 3205 fidei
591 3155 817 3219 puritate
847 3166 904 3201 ac
924 3153 1159 3201 si-ientia:
1192 3146 1432 3198 claritate
1473 3141 1773 3199 notissimo,

228 3258 409 3307 nuper
441 3243 505 3292 de
538 3240 719 3291 Caco
768 3239 819 3289 in
860 3238 1105 3289 Latinum
1150 3234 1394 3287 transtuli
1431 3244 1773 3290 sermonem;

232 3333 327 3398 qui
360 3330 613 3397 pta-fatus
639 3327 871 3380 Joannes
908 3327 1064 3391 hujus
1096 3324 1339 3390 martyris
1371 3326 1420 3373 in
1453 3322 1611 3372 domo
1659 3318 1776 3386 qui-

229 3427 357 3475 dem
389 3437 481 3473 sua
520 3420 669 3471 mira:
719 3419 1060 3484 antiquitatis
1101 3426 1153 3468 ct
1205 3413 1621 3481 pulchritudinis
1660 3424 1780 3460 ora-

232 3513 434 3563 torium
468 3510 718 3566 habebat,
751 3518 925 3559 tamen
956 3505 1129 3569 qualis
1186 3503 1283 3554 iste
1343 3510 1545 3569 martyr
1576 3497 1778 3550 Christi

236 3613 403 3661 esset,
429 3600 719 3667 ignorabat.
759 3596 867 3663 Ego
898 3611 1044 3656 vero,
1069 3596 1468 3659 sicutexpertns
1498 3606 1613 3641 sutn
1638 3589 1778 3655 apud

234 3692 696 3744 Thessalonicam,
735 3688 818 3737 tibi
856 3684 1141 3760 pretiosum
1178 3698 1371 3749 corpus
1401 3682 1517 3746 ijus
1550 3679 1775 3741 redolet,

234 3795 287 3834 γι
326 3781 604 3849 splendore
647 3778 1027 3828 tnttarnlorunt
1068 3791 1106 3825 ri
1130 3775 1313 3840 fulget,
1344 3770 1548 3822 innotui
1607 3768 1655 3821 ei
1690 3784 1780 3836 per

230 3876 505 3926 ordinem.
548 3890 562 3919 i
601 3870 856 3927 Joannes,
890 3869 974 3918 hie
1016 3867 1081 3917 ali
1108 3864 1394 3915 Anastasio
1426 3861 1779 3913 Bibliotheca-

239 3981 321 4016 tzo
349 3970 693 4017 memoratus,
728 3962 782 4009 S.
816 3958 879 4008 li.
923 3956 979 4005 E.
1012 3956 1043 4006 d
1069 3970 1270 4005 acrinus
1308 3962 1440 4010 erat.
1491 3952 1779 4015 limumque

238 4053 490 4123 proinde.
525 4062 577 4101 ut
608 4048 958 4100 dubitandum
988 4061 1091 4096 non
1126 4051 1366 4111 apparet,
1414 4043 1781 4093 commoraba-

234 4158 328 4197 tur
357 4162 369 4205 ;
412 4157 594 4209 quare,
635 4140 677 4190 si
717 4142 864 4190 mirae
896 4137 1226 4201 antiquitats
1258 4134 1782 4203 pulchritudinisque

237 4234 560 4291 oratorium,
586 4229 727 4297 quod
763 4230 869 4288 hic,
908 4227 1194 4277 Anastasio
1228 4240 1321 4291 per
1370 4225 1529 4276 verba
1562 4225 1780 4275 recitata

238 4334 495 4382 te.~tante,
526 4323 576 4372 itt
612 4323 772 4372 domo
807 4334 902 4371 sua
930 4318 1138 4392 habuit,
1175 4314 1335 4367 fuerit
1367 4315 1561 4381 reipsa,
1597 4314 1669 4365 uti
1699 4313 1783 4364 hic

240 4425 476 4482 scriptor
529 4427 646 4465 sese
724 4411 1023 4463 :estimassc
1080 4405 1305 4466 indicat,
1362 4414 1543 4457 sancto
1599 4411 1783 4456 nostro

240 4506 471 4575 martyri
532 4512 935 4562 consecratum,
993 4497 1389 4550 consectarium
1459 4510 1489 4547 e
1548 4495 1784 4547 recitat’s

240 4597 510 4651 Anastasii
542 4595 720 4647 verbis
740 4595 864 4654 erit,
887 4601 942 4644 ut
982 4591 1027 4643 is
1056 4590 1213 4641 etiam
1244 4588 1446 4648 lioruae,
1478 4596 1531 4638 et
1569 4586 1781 4653 quidem

237 4699 369 4742 ante
400 4687 651 4741 sreculum
690 4697 910 4744 nonum,
947 4696 1052 4746 quo
1076 4681 1216 4731 idem
1249 4678 1561 4730 Anastasius
1584 4679 1784 4738 lloruit,

238 4783 605 4850 qualicunque
636 4780 823 4831 saltem
854 4774 999 4828 cultu
1051 4772 1415 4825 ecclesiastico
1470 4770 1629 4823 fuerit
1691 4784 1813 4837 καί

241 4876 411 4926 visus.
466 4874 659 4923 Verum
730 4882 853 4921 cum
909 4868 1018 4918 duo
1078 4866 1237 4915 etiam
1275 4863 1439 4916 Italia:
1497 4872 1782 4929 martyres,

242 4963 500 5018 Demetrii
523 4962 740 5014 nomine
762 4958 1025 5020 distincti,
1042 4957 1175 5009 alter
1196 4956 1429 5017 Verulis,
1453 4955 1584 5007 alter
1600 4954 1783 5017 Ostiaz,
1834 4974 1848 5005 ·.

240 5058 298 5107 in
338 5052 579 5105 Romano
612 5050 991 5118 martyrologio
1036 5048 1398 5107 ascribantur,
1434 5060 1533 5097 nec
1559 5047 1787 5097 Anasta-

241 5148 359 5197 sius
393 5144 705 5210 quidquam,
747 5156 775 5189 e
815 5155 921 5206 quo
977 5152 1034 5190 se
1088 5136 1437 5194 Demetrium,
1494 5136 1785 5188 oratorium

243 5242 299 5287 in
334 5234 555 5286 Joannis
604 5231 815 5283 diaconi
852 5230 1012 5281 domo
1054 5228 1364 5290 habentem,
1404 5227 1786 5294 homonymum

241 5342 364 5378 e-sc
425 5322 961 5375 Thessalonicensem
1032 5326 1344 5384 martyrem.
1382 5316 1674 5385 collegerit,
1734 5316 1787 5368 in

244 5416 485 5469 medium
518 5414 767 5474 adducat,
821 5410 1056 5464 lueritne
1114 5407 1413 5461 Demetrius
1470 5418 1675 5467 noster,
1721 5421 1787 5458 an

245 5508 391 5560 alius
431 5516 651 5557 sanctus
708 5504 1104 5571 homonymus,.
1151 5499 1325 5566 reipsa
1360 5497 1540 5551 Roma:
1594 5498 1790 5550 saeculo

248 5612 397 5649 nono
425 5612 487 5649 ac
520 5596 653 5648 forte.
680 5595 839 5646 etiam
887 5592 1048 5644 citius
1070 5590 1270 5648 cultus,
1304 5587 1433 5640 solis
1493 5586 1596 5639 huc
1644 5596 1789 5639 tran-

248 5687 467 5754 scriptis
503 5685 769 5737 Anastasii
799 5683 975 5735 verbis
1006 5680 1222 5733 innixus
1256 5694 1351 5746 pro
1386 5688 1532 5730 certo
1574 5692 1786 5730 assete-

252 5794 372 5829 rare
404 5792 507 5829 non
568 5780 761 5839 ausint,
803 5775 922 5827 licet
960 5772 1196 5829 interim,
1235 5768 1374 5838 quod
1434 5767 1517 5820 hic
1562 5769 1790 5835 scriptor

1862 614 2026 675 misit,
2060 620 2141 663 sat
2174 609 2459 677 diligenter
2510 608 2844 662 examinasse
2896 608 3162 673 videatur,
3191 627 3277 665 res
3322 622 3408 665 ut—

1860 722 2071 774 cunque
2106 702 2407 756 vcrosimile
2434 710 2596 770 queat
2621 701 2826 755 haberi.

1933 798 2053 851 liti.
2086 796 2212 849 Pari
2253 794 2363 847 fere
2386 794 2451 848 de
2487 810 2673 858 causa,
2704 802 2961 849 nostrone
2990 796 3055 850 de
3084 796 3302 863 Sancto,
3338 815 3402 852 an

1860 894 1926 946 de
1965 892 2068 944 alio
2103 890 2427 957 homonymo
2456 888 2700 947 Carolus.
2728 887 3072 942 Novariensis
3096 893 3406 959 episcopus,

1864 986 1990 1038 dum
2023 980 2413 1035 lucubrationis
2439 996 2469 1032 a
2492 996 2548 1034 se
2582 982 2875 1043 adornatae,
2924 996 3085 1049 quam
3118 983 3407 1035 Not-ariam

1866 1072 2167 1141 inscripsit,
2231 1071 2321 1123 lib.
2366 1087 2401 1135 ι,
2444 1085 2564 1139 pag.
2600 1070 2699 1123 184
2746 1070 2820 1123 ita
2874 1071 3103 1126 scribit:
3142 1089 3161 1122 ι
3203 1070 3410 1125 Colitur

1864 1164 2129 1231 (κω-πίει·
2162 1163 2443 1230 nimirum)
2477 1161 2530 1213 in
2566 1160 2750 1214 eadem
2785 1160 3015 1215 ecclesia
3073 1162 3244 1216 sancti
3279 1162 3411 1216 Julii

1865 1256 2023 1308 etiam
2057 1255 2359 1306 Demetrius
2392 1262 2593 1321 martyr
2627 1253 2804 1306 die‘H
2842 1251 2984 1309 Maii;
3019 1252 3227 1319 fuitque
3263 1254 3314 1306 iu
3346 1274 3409 1305 ia

1864 1346 2031 1398 altare
2068 1346 2117 1398 ei
2166 1345 2446 1406 dicatum;
2495 1345 2561 1396 de
2615 1343 2776 1410 cujus
2825 1352 3007 1395 tamen
3056 1342 3412 1396 translatione

1868 1436 2002 1488 nihil
2029 1434 2222 1494 habeo,
2278 1434 2420 1499 quod
2442 1434 2696 1496 referam,
2736 1451 2755 1485 ι
2788 1448 3103 1487 sermonem
3142 1419 3414 1494 instituat,

1867 1525 2222 1578 dubitandum
2274 1524 2545 1586 existimo,
2592 1533 2847 1591 certeque
2903 1524 2969 1577 de
3005 1522 3114 1577 alio
3142 1522 3415 1577 Demetrio

1869 1627 2122 1685 martyre,
2159 1631 2319 1682 quam
2373 1616 2439 1668 de
2495 1626 2699 1676 nostro.
2736 1616 2879 1681 loqui
2937 1617 3109 1682 ipsum
3164 1618 3416 1669 credide-

1874 1708 1998 1769 rim,
2032 1707 2073 1758 si
2105 1706 2470 1759 Novaricuses
2504 1706 2784 1771 Demetrii,
2812 1720 2971 1773 quem
3016 1704 3070 1757 ll
3108 1704 3251 1769 Maii,
3278 1705 3417 1759 forte

1869 1799 2009 1865 quod
2036 1799 2137 1851 hoc
2169 1798 2253 1850 die
2281 1812 2491 1850 sacrum
2527 1796 2668 1848 illius
2697 1796 3042 1863 corpus-olim
3076 1797 3412 1864 acceperint.

1871 1891 1923 1942 iu
1963 1888 2141 1943 Sancti
2200 1888 2327 1941 Julii
2368 1888 2593 1940 ecclesia
2644 1887 2848 1948 colunt,
2905 1888 3171 1954 integrum
3234 1890 3298 1941 ad
3357 1905 3415 1943 se

1872 1993 2067 2044 corpus
2120 1979 2410 2044 aliquando
2444 1978 2609 2029 luisse
2673 1976 3013 2038 translatum,
3064 1977 3414 2032 contendant.

1874 2086 1966 2122 seu
2030 2071 2205 2135 potius
2262 2069 2526 2135 hodieque
2583 2076 2673 2120 aut
2730 2069 2918 2121 Saltem
2968 2068 3095 2121 olim
3150 2070 3414 2138 integrum

1876 2160 2234 2227 possederint.
2290 2158 2591 2217 Rationem,
2637 2156 2709 2210 ob
2757 2171 2917 2225 quam
2974 2158 3040 2210 ita
3088 2159 3414 2227 existimem,

1873 2251 2104 2318 quisque
2162 2266 2219 2300 ev
2264 2249 2349 2306 iis.
2412 2264 2529 2316 qua:
2588 2263 2739 2301 num.
2798 2250 2955 2303 ntde
3011 2223 3423 2307 sacris'Sancti‘

1875 2341 2038 2393 nostri
2072 2340 2316 2407 reliquiis
2345 2354 2660 2407 eorporeve,
2714 2339 3101 2392 Thessalonica
3134 2356 3415 2408 nunquam

1876 2431 1981 2483 alio
2009 2431 2302 2483 secundum
2353 2445 2542 2484 omnes
2572 2430 2652 2483 sui
2697 2440 2875 2496 partes
2929 2440 3137 2494 avecto,
3165 2433 3418 2494 disserui,

1878 2521 2033 2574 facile
2080 2522 2358 2589 intelliget.
2413 2520 2581 2573 Porro
2645 2536 2743 2574 nec
2801 2523 3015 2585 melius,
3077 2521 3423 2577 Demetrione

1876 2622 2084 2672 nostro,
2146 2627 2211 2663 an
2301 2612 2455 2663 alti-ri
2520 2612 2737 2679 martyri
2798 2613 3122 2681 homonyma
3196 2615 3421 2668 ecclesia

1880 2700 2145 2765 parmene,
2214 2700 2397 2751 Sancti
2460 2699 2717 2752 Demetrii
2770 2702 2989 2752 nomine
3044 2702 3098 2753 in
3148 2701 3423 2757 Britannia

1881 2790 2185 2842 Aremorica
2225 2788 2513 2854 insignitae,
2567 2804 2686 2856 quae
2740 2789 2796 2842 in
2854 2788 2971 2841 Vita
3010 2800 3209 2843 sancta:
3256 2791 3426 2846 Gildas

1880 2880 2108 2941 abbatis,
2148 2880 2212 2932 ad
2239 2878 2307 2933 9.9
2337 2879 2580 2932 Januarii
2617 2881 2783 2942 diem,
2813 2895 2921 2947 quo
2956 2881 3001 2934 is
3032 2881 3251 2945 colitur,
3282 2883 3424 2950 apud

1882 2986 1981 3025 nos
2011 2972 2173 3033 edita,
2230 2987 2380 3027 nutu.
2433 2972 2500 3023 27
2552 2981 2904 3033 memoratur,
2960 2982 3273 3026 consecrata
3331 2974 3422 3037 sit,

1884 3066 2057 3120 habeo
2095 3072 2460 3133 perspectum.
2491 3062 2687 3115 Verum
2725 3064 2827 3115 alia
2880 3071 3141 3131 praeterea
3175 3065 3424 3128 ecclesia.

1805 3189 1844 3243 ϐ
1884 3172 2042 3225 quam
2074 3167 2261 3208 saneto
2301 3165 2486 3207 nostro
2538 3154 2809 3207 Demetrio
2857 3164 3183 3207 exstruCtam
3236 3172 3427 3212 conse-

1880 3258 2188 3311 cratamque
2218 3242 2405 3305 fuisse,
2439 3242 2798 3295 indubitatum
2827 3253 2929 3309 est,
2955 3243 3042 3298 hic
3074 3245 3233 3298 modo
3263 3246 3425 3300 etiam

1882 3336 2222 3389 memoranda
2252 3335 2507 3387 occurrit.

1952 3426 2070 3479 HS.
2098 3427 2393 3493 Cyprianus
2422 3424 2637 3491 quidam
2670 3425 2723 3478 in
2748 3424 2924 3478 Africa
2954 3427 3260 3495 episcopus,
3286 3428 3428 3482 infe-

1882 3515 2072 3576 lieitcr,
2102 3516 2174 3567 uti
2223 3514 2600 3566 Miraculurum
2645 3516 2962 3567 edendorum
3000 3517 3092 3570 lib.
3121 3533 3180 3580 tt,
3210 3532 3328 3585 cap.
3362 3520 3421 3580 6,

1881 3604 2005 3657 sedc
2034 3614 2228 3663 tamen,
2260 3618 2417 3669 quam
2440 3603 2524 3655 hic
2560 3604 2861 3670 occuparit,
2886 3606 3130 3672 nuspiam
3170 3607 3425 3665 indicata.

1881 3702 2229 3751 memoratur.
2265 3709 2293 3745 a
2335 3692 2531 3757 Slavis,
2564 3710 2685 3746 cum
2723 3694 3071 3763 Iiyzantinum
3103 3699 3299 3764 negotii
3330 3712 3427 3749 cu-

1879 3784 2109 3849 iuspiam
2138 3798 2293 3833 causa
2327 3792 2556 3849 peteret.
2586 3792 2794 3850 captus,
2823 3790 3119 3853 duramque.
3141 3784 3213 3836 ita
3242 3787 3293 3835 in
3316 3801 3429 3839 scr-

1882 3888 1910 3922 v
1941 3880 2103 3923 tutem
2144 3870 2387 3937 delapsus
2426 3870 2494 3921 ab
2532 3879 2822 3937 apparente
2851 3872 2951 3924 sibi
2990 3880 3179 3925 sancto
3235 3874 3425 3926 Demc-

1884 3965 1986 4014 trio
2018 3978 2178 4031 seque
2210 3965 2324 4020 vim,
2355 3977 2458 4031 qua
2482 3960 2919 4017 Thessalonicam
2969 3965 3275 4031 aufugeret,
3323 3967 3424 4019 du-

1883 4067 1997 4106 cem
2032 4055 2301 4121 prrcbente
2336 4054 2387 4105 in
2419 4052 2723 4107 libertatem
2760 4055 2862 4106 fuit
2904 4063 3161 4109 assertus.
3200 4055 3337 4110 llinc
3368 4059 3420 4109 in

1883 4143 2116 4195 Africmn
2164 4160 2430 4205 reversus,
2470 4160 2573 4209 quo
2608 4158 2728 4197 sese
2756 4154 2944 4197 sancto
2977 4144 3297 4212 Sospitatori
3326 4162 3428 4199 suo

1882 4242 2085 4301 gratum
2114 4234 2410 4293 exhiberet,
2435 4234 2694 4299 templum
2719 4233 2947 4301 insigne,
2970 4248 3126 4301 opem
3155 4234 3202 4286 ei
3232 4233 3427 4287 iterum

1884 4324 2201 4377 mirabiliter
2237 4324 2441 4376 ferente
2487 4333 2674 4376 sancto
2713 4332 2983 4391 martyre,
3017 4323 3309 4387 exstruxit,
3349 4326 3430 4378 ei-

1885 4414 2113 4479 demque
2144 4413 2426 4465 dedicavit.
2454 4411 2619 4464 Porro
2649 4426 2770 4463 eum
2802 4412 3120 4463 miraculum
3142 4451 3157 4475 ,
3201 4412 3342 4479 quod
3375 4414 3427 4463 in

1822 4518 1861 4570 ι)
1889 4504 2082 4556 laudati
2117 4502 2353 4570 episcopi
2394 4504 2618 4569 gratiam
2652 4500 2881 4554 Sanctus
2926 4502 3181 4570 patravit,
3233 4504 3430 4556 saeclo

1886 4610 2030 4648 nono
2060 4604 2152 4647 aut
2184 4593 2320 4646 forte
2353 4594 2512 4645 etiam
2560 4593 2720 4659 paulo
2746 4593 2925 4655 citius,
2960 4593 3036 4645 uti
3066 4594 3117 4645 in
3146 4592 3429 4646 Adnotatis

1885 4686 2054 4738 eidem
2090 4684 2378 4738 subdcndis
2403 4682 2627 4741 docebo,
2657 4684 2929 4746 evenerit,
2971 4695 3175 4735 certum
3206 4686 3429 4737 omnino

1886 4785 1985 4836 est,
2021 4777 2073 4827 in
2117 4776 2351 4828 Africam
2385 4784 2496 4828 tum
2527 4776 2685 4827 etiam
2720 4785 3067 4844 propagatum
3122 4777 3287 4830 fuisse
3330 4779 3431 4829 De-

1889 4868 2061 4917 metrii
2086 4866 2251 4917 nostri
2276 4866 2495 4927 cultum,
2519 4878 2677 4931 quem
2706 4864 2900 4916 ibidem
2920 4866 3079 4917 etiam
3106 4866 3430 4919 incrementa

1892 4956 2151 5022 temporis
2201 4954 2350 5021 lapsu
2397 4954 2714 5021 sumpsisse,
2764 4952 2845 5006 fas
2874 4960 2962 5007 est
3009 4955 3256 5023 colligere
3291 4957 3371 5009 vel
3401 4972 3433 5008 e

1891 5046 2042 5110 Solis,
2075 5047 2271 5113 quibus
2298 5045 2540 5099 miraculi
2571 5046 2728 5098 istius
2756 5047 3018 5105 narratio.
3051 5047 3119 5099 ab
3154 5047 3434 5111 Anastasio

1892 5138 2304 5190 Bibliothecario
2336 5136 2390 5188 in
2418 5135 2797 5202 compendium
2829 5145 3124 5199 contracta,
3156 5138 3295 5205 apud
3326 5138 3435 5190 Ila-

1892 5227 2169 5279 billonium
2200 5236 2331 5277 tom.
2369 5226 2383 5277 I
2417 5224 2649 5276 Veterum
2679 5223 3047 5275 Analertorum
3078 5239 3199 5293 pag.
3224 5227 3293 5279 95
3323 5236 3435 5279 ter-

1892 5318 2147 5378 minatur,
2181 5314 2529 5383 sequentibus
2562 5314 2710 5365 hisce
2735 5313 2911 5365 verbis
2944 5329 2958 5365 :
2994 5330 3011 5363 ι
3044 5311 3146 5366 Per
3164 5316 3437 5368 orationes

1892 5409 2007 5473 eius
2046 5406 2239 5472 (sancti
2282 5404 2534 5456 Demetrii
2571 5402 2841 5469 videlicet)
2871 5403 2915 5455 si
2947 5404 3069 5471 quis
3106 5404 3355 5458 inﬁrmus
3381 5406 3435 5461 in

1893 5498 2076 5549 eodem
2105 5495 2301 5564 templo
2323 5510 2417 5563 per
2442 5493 2771 5561 Cyprianum
2795 5508 2990 5563 nempe
3008 5496 3315 5564 episcopum
3342 5510 3437 5550 ex—

1894 5595 2117 5646 struetol
2162 5587 2387 5639 devotus
2417 5584 2714 5645 advenerit,
2766 5584 2809 5635 si
2844 5594 3138 5651 perunctus
3174 5587 3335 5641 fuerit
3367 5587 3437 5642 de

1894 5681 2012 5731 oleo
2034 5677 2295 5745 lampadis
2324 5675 2458 5741 ejus,
2490 5676 2632 5729 illico
2659 5676 2955 5728 sanabitur.
2999 5692 3017 5724 ι

1969 5770 2085 5824 lli.
2127 5768 2258 5820 lluic
2293 5780 2452 5835 porro
2494 5766 2753 5830 ecclesia,
2782 5779 2964 5833 quam,
2995 5768 3200 5822 nomini
3225 5783 3322 5824 suo
3347 5784 3435 5824 ως
