4218 6442
795 403 925 468 1167

2083 398 2732 458 SUPPLEMENTUM.

3897 398 4036 462 1158

790 530 963 578 erant,
999 511 1232 567 Sanctus
1263 512 1316 564 in
1350 510 1528 564 Africa
1552 510 1761 573 habuit,
1793 511 1959 563 altera
1991 511 2188 574 adhuc,
2226 526 2347 577 pro-
2379 513 2422 567 Α
2451 510 2569 574 siis,
2599 507 2695 562 sed
2714 519 2769 562 et
2797 507 3038 577 pluribus
3075 510 3196 562 aliis
3227 507 3478 564 Ecclesia
3503 509 3864 566 occidentalis
3899 511 4034 565 locis

792 607 878 662 cul
911 608 978 661 ab
1016 621 1077 660 ea
1107 612 1333 664 remota.
1374 619 1534 673 qua-tt
1571 603 1870 658 dedicatam
1913 601 2013 656 sibi
2043 602 2352 656 Demetrius

796 703 848 752 in
885 697 1223 765 Cappadocia
1257 696 1384 749 olim
1423 695 1641 757 habuit,
1676 695 2017 764 adiungenda
2047 703 2152 747 est.
2195 693 2268 746 Ita
2305 705 2355 745 te

793 791 1176 844 Miraculoruut
1225 788 1539 840 edendorum
1574 786 1694 840 libri
1737 786 1906 850 lenii,
1952 801 2073 854 cap.
2107 786 2350 852 quintum

793 893 847 937 et
885 884 1132 937 ultimum
1160 881 1396 944 docebit,
1424 894 1453 934 e
1495 894 1602 948 quo
1636 879 1821 942 etiam,
1866 879 2045 932 locum
2077 878 2223 930 illum
2262 889 2351 928 sa-

794 991 941 1028 crum
983 973 1252 1042 frequenti
1292 972 1357 1026 ad
1387 972 1533 1025 hunc
1566 969 1803 1024 fidelium
1827 1011 1842 1034 ,
1885 969 2057 1025 sancti
2095 968 2350 1023 Demetrii

793 1082 950 1136 opem
984 1063 1407 1135 implorantium,
1429 1077 1719 1126 concursu,
1748 1063 2084 1132 patratisque
2109 1062 2349 1131 ejusdem

794 1159 1098 1232 patrocinio
1137 1156 1413 1211 miraculis
1442 1149 1769 1210 illustratum
1813 1155 2012 1220 fuisse,
2049 1154 2348 1221 intelliges;

796 1266 855 1306 ut
899 1265 1051 1315 sane,
1083 1249 1188 1304 nisi
1220 1248 1365 1302 citati
1411 1247 1790 1301 Miraculoramt
1831 1247 1954 1300 libri
1992 1255 2181 1301 auctor
2217 1260 2352 1299 ano-

795 1355 991 1412 nytnus
1021 1355 1049 1392 a
1073 1354 1220 1401 vero,
1237 1337 1379 1405 quod
1397 1345 1576 1390 autem
1608 1337 1753 1390 haud
1780 1335 1953 1389 ausim
1971 1349 2238 1397 asserere,
2262 1334 2350 1387 hic

795 1434 1045 1494 aberret,
1103 1441 1350 1484 sanetum
1409 1439 1650 1483 nostrum
1699 1429 1752 1483 in
1806 1428 2146 1498 Cappadocia
2189 1428 2350 1481 etiam

795 1524 1168 1586 veneratione,
1202 1521 1417 1574 Sanctis
1442 1520 1640 1574 deferri
1671 1521 1848 1583 solita,
1890 1519 2056 1573 fuisse
2079 1518 2349 1588 gavisum,

797 1615 1154 1669 dubitandum
1203 1612 1350 1668 haud
1381 1621 1657 1680 appareat.
1707 1611 1814 1665 Nec
1861 1611 1962 1665 hac
2012 1611 2160 1663 illum
2213 1610 2352 1678 apud

799 1705 1029 1768 Itussos,
1063 1703 1248 1773 Syros,
1287 1703 1634 1771 Coptitasque
1667 1700 1832 1754 fu‘sse
1871 1700 2191 1753 destitutum
2218 1740 2233 1762 ,
2266 1699 2352 1752 vel

797 1815 861 1854 es
893 1813 958 1852 eo
981 1808 1186 1851 certum
1216 1805 1454 1863 apparet,
1479 1793 1618 1861 quod
1650 1791 1840 1845 horum
1868 1793 2136 1853 omnium,
2167 1799 2226 1844 ut
2261 1806 2354 1843 su-

2455 601 2599 655 cultu
2637 599 3007 654 ecclesiastico
3054 599 3436 663 honoraretur,
3483 602 3706 656 deberet
3751 603 4031 656 accidere.

2525 690 2644 744 M5.
2676 693 2746 744 At
2775 707 2901 747 vero
2926 693 3070 746 aliud
3097 693 3295 755 adhuc,
3318 693 3458 762 quod
3483 695 3860 761 unus1uisque
3890 693 4032 744 atand

2452 781 2726 837 imttterito
2772 785 3015 844 miretur.
3067 787 3601 839 commemorandum
3663 787 3754 837 hic
3832 795 4032 838 restat.

2454 874 2606 942 Apud
2631 876 2775 942 ipsos
2799 876 2964 929 etiam
2987 875 3192 927 Turcas
3215 875 3446 929 Sanctus
3474 877 3526 929 in
3545 876 3906 928 veneratione
3931 886 4031 928 est.

2454 966 2530 1021 ita
2561 982 2626 1021 ea
2659 967 2820 1027 libro,
2849 968 2943 1035 qui
2966 969 3067 1019 Ara
3101 970 3357 1035 factorum
3385 967 3780 1026 historicorum,
3809 970 4034 1018 Chal“!-

2453 1075 2601 1124 rttm,
2635 1068 2765 1118 etc.,
2798 1068 2953 1110 notos
2986 1059 3256 1112 chronica:
3296 1061 3636 1111 examinandi
3681 1060 4034 1119 inscribitur,

2453 1151 2716 1220 intelligo.
2765 1151 2842 1206 En
2887 1153 3070 1215 verba,
3104 1153 3208 1205 huc
3233 1151 3564 1218 spectantia.
3596 1165 3715 1220 quae
3751 1162 3882 1218 pag.
3933 1150 4034 1201 151

2455 1247 2509 1300 in
2537 1261 2604 1300 eo
2628 1252 2936 1310 occurrunt,
2971 1257 3005 1298 e
3029 1243 3254 1298 Gallicis
3289 1242 3477 1296 Latina
3507 1259 3537 1294 a
3564 1258 3653 1297 me
3679 1241 3846 1296 facta.
3884 1262 3904 1292 ε
3936 1242 4036 1294 llic

2454 1351 2670 1394 sanctus
2717 1339 3044 1406 (Demetrius
3092 1336 3370 1405 nimirum)
3422 1336 3490 1389 ab
3527 1335 3673 1388 Italis
3707 1336 3896 1388 sant-ti
3949 1336 4036 1387 Di-

2455 1433 2604 1486 mitri
2644 1433 2961 1500 appellatur.
2999 1429 3187 1484 Turca:
3230 1431 3448 1484 nomine
3489 1428 3852 1484 Casin-Giuni
3905 1443 4032 1480 eum

2453 1526 2752 1594 designant.
2779 1522 3072 1577 Fabulosas
3101 1535 3246 1582 suas,
3278 1523 3353 1574 ait
3374 1523 3627 1590 princeps
3654 1521 4024 1574 Cantitnirns.

2453 1614 2520 1668 de
2547 1629 2613 1666 eo
2640 1613 2839 1666 habent
2874 1611 3146 1679 legendas,
3176 1611 3674 1678 Musultnanutnque
3702 1612 3878 1663 fuisse
3905 1627 4031 1664 eum

2454 1717 2789 1771 asseverant;
2828 1708 2967 1776 quod
2993 1716 3046 1761 et
3069 1708 3136 1761 de
3157 1719 3344 1762 saneto
3366 1705 3618 1770 Georgio,
3647 1708 3740 1775 qui
3769 1707 3915 1773 apud
3939 1720 4032 1758 eos

2456 1799 2723 1869 llydyrlez
2765 1810 3008 1862 vocatur,
3049 1799 3337 1851 afﬁrmant.
3386 1799 3539 1852 Festa
3596 1799 3889 1850 ambrum
3937 1799 4032 1847 Ιιο-

798 1901 892 1956 lira
925 1886 1103 1946 dOCIIi.
1138 1882 1321 1937 F0815!
1351 1885 1515 1935 ιαενὶε
1545 1883 1609 1935 ad
1640 1882 1729 1944 96,
1762 1896 1868 1946 quo
1899 1881 2061 1933 ειίυῐη
2089 1897 2117 1932 ³
2151 1880 2355 1934 Gratiis
2387 1880 2426 1902 "
2461 1907 2580 1944 rum
2607 1899 2912 1945 sanctorum
2945 1892 3135 1945 iisdem
3161 1931 3174 1951 .
3211 1892 3410 1959 quibus
3437 1889 3735 1943 Christiani
3783 1889 4032 1942 orienta-

799 1978 1012 2037 colitur.
1048 1975 1296 2030 Octobris
1322 1975 1462 2028 diem
1493 1975 1561 2026 sit
1597 1975 1849 2025 inscitus.
1880 1972 2046 2025 P0rro
2073 1971 2350 2036 Bailletus,

801 2081 932 2125 totn.
973 2067 1042 2120 lll
1087 2065 1356 2128 Vitarum,
1390 2065 1492 2119 col.
1531 2065 1628 2117 115
1665 2065 1763 2117 sub
1812 2068 1972 2116 tinem
2011 2064 2192 2117 verbis
2227 2063 2354 2116 Gal-

800 2162 942 2224 licis,
977 2161 1169 2214 Latine
1201 2175 1228 2212 a
1262 2175 1348 2212 me
1379 2159 1626 2220 redditis,
1665 2159 1741 2210 sic
1780 2157 1972 2210 scribit
2003 2173 2016 2208 :
2059 2175 2076 2206 ι
2111 2156 2226 2209 Νυη
2256 2157 2356 2210 du-

799 2254 1023 2314 bitatur,
1059 2253 1184 2319 quin
1223 2250 1476 2304 Demetrii
1510 2249 2012 2302 Thessalonicensis
2079 2250 2149 2302 sit
2181 2250 2358 2302 cultus

800 2346 1021 2399 Parisiis
1051 2342 1318 2397 stabilitus
1349 2343 1402 2394 in
1433 2356 1594 2410 parva
1648 2342 1820 2395 sancti
1868 2339 2106 2408 Dionysii
2157 2342 2355 2395 Passus

800 2449 922 2508 pOSl
974 2437 1218 2504 Dciparte
1270 2435 1528 2501 templum
1583 2435 1831 2498 ecclesia,
1878 2433 1969 2486 ubi
2011 2434 2264 2486 sacellum
2301 2434 2354 2486 in

800 2532 918 2599 ejus
950 2531 1207 2583 honorem
1251 2535 1628 2581 consecratum
1659 2535 1775 2588 est,
1810 2526 2157 2593 reliquimquc
2179 2565 2194 2586 ,
2225 2540 2357 2594 quas

802 2623 943 2676 illius
986 2636 1111 2675 esse
1156 2619 1532 2680 contendunt,
1585 2625 1889 2670 servantur.
1933 2635 1951 2668 ι
1995 2616 2071 2669 lta
2105 2616 2191 2669 ille
2234 2618 2359 2671 :Ac

801 2711 998 2765 merito
1045 2724 1195 2771 sane,
1235 2710 1364 2777 quiti
1395 2708 1565 2761 sancti
1611 2706 1862 2760 Demetrii
1897 2708 2094 2768 cultus,
2141 2705 2358 2759 l'arisiis

803 2805 856 2856 in
887 2816 1048 2871 parva
1086 2801 1267 2853 verbis
1334 2800 1417 2852 his
1481 2809 1773 2850 memorata
1810 2797 2037 2851 ecclesia
2069 2797 2356 2860 stabilitas,

803 2892 870 2945 ad
904 2901 1151 2946 sanctum
1181 2900 1428 2943 nostrum
1461 2899 1690 2957 spectet,
1724 2905 1833 2942 non
1860 2888 2116 2951 dubitari,
2151 2886 2360 2942 facilius

804 2983 888 3037 vel
930 2983 1134 3036 idcirco
1159 2982 1432 3045 existimo,
1477 2983 1648 3049 quod,
1683 2997 1802 3035 cum
1845 2982 2145 3034 Demetrius
2183 2997 2361 3036 sacrae

805 3089 924 3127 rum
953 3074 1005 3126 in
1031 3073 1253 3126 Terram
1295 3082 1535 3128 sanctam
1558 3074 1958 3142 expeditionum
1984 3084 2224 3144 tempore
2252 3091 2358 3130 non

2457 1985 2551 2040 les.
2587 1985 2797 2038 scilicet
2842 1983 2913 2036 94
2939 1984 3163 2047 Aprilis,
3208 1995 3260 2036 et
3297 1982 3366 2035 26
3405 1980 3671 2040 Octobris,
3723 1981 4028 2033 celebrant.

2454 2076 2532 2128 Ad
2573 2077 2687 2130 dies
2726 2078 2888 2129 hosce
2930 2075 3115 2128 Turctn
3163 2074 3533 2141 expeditiones
3573 2089 3698 2126 suas
3745 2073 4029 2125 ordinant.

2457 2167 2583 2221 Post
2627 2168 2696 2220 ‘23
2745 2167 2939 2235 Aprilis
2970 2168 3112 2218 diem
3143 2167 3197 2218 in
3227 2181 3472 2232 campum
3521 2166 3708 2231 capias
3742 2168 3989 2218 edumn:
4015 2206 4026 2222 .

2460 2260 2784 2327 servitioque
2815 2259 3033 2311 militari
3061 2258 3130 2311 26
3159 2258 3408 2312 Octobris
3453 2259 3609 2312 linem
3645 2261 3958 2326 imponunt.
4004 2276 4022 2306 ι

2457 2353 2725 2420 Principis
2755 2351 3034 2405 Cantimiri
3058 2365 3213 2420 opus,
3247 2355 3386 2419 quod
3415 2353 3590 2406 verbis
3621 2353 3774 2405 hisce
3797 2355 3901 2405 abs
3934 2354 4032 2403 Ar-

2461 2447 2525 2497 tis
2568 2445 2662 2497 cit.
2708 2454 2927 2498 auctore
2969 2445 3236 2505 laudatur,
3279 2443 3346 2496 ad
3392 2459 3605 2496 ntanu-n
3654 2461 3764 2497 non
3819 2444 4027 2500 Itatu-n;

2458 2546 2781 2603 quapropter
2805 2550 2968 2602 penes
2998 2536 3137 2587 hunc.
3163 2547 3422 2603 quantum
3463 2534 3526 2585 ad
3552 2549 3613 2586 ea
3645 2550 3770 2600 qua:
3799 2535 3892 2586 hic
3923 2545 4027 2586 tva-

2457 2626 2555 2688 dit,
2611 2625 2768 2678 fidem
2819 2635 2963 2679 stare
3010 2627 3166 2685 νυιο.
3212 2625 3538 2691 Turcasque,
3571 2628 3684 2694 qui,
3712 2629 3860 2692 quod
3904 2642 4030 2679 sane

2459 2719 2654 2770 mirum
2699 2726 2802 2780 est,
2849 2727 3008 2770 secta
3053 2731 3158 2768 sum
3209 2715 3535 2768 Demetrium
3563 2756 3575 2776 ,
3620 2727 3738 2768 utttt
3777 2718 3869 2767 ditt
3907 2727 4030 2767 ante

2461 2809 2598 2862 hanc
2643 2819 2882 2860 exortam
2915 2807 3192 2867 ﬂoruerit,
3234 2807 3530 2859 ascribunt.
3573 2807 3626 2857 in
3676 2807 4034 2858 veneratione

2461 2915 2582 2952 cum
2622 2900 2841 2958 habere,
2885 2898 3026 2951 haud
3057 2896 3344 2950 ditTn-ulter
3373 2897 3566 2968 credo,
3598 2912 3664 2948 eo
3707 2897 3876 2948 etiam
3914 2911 4034 2960 pro-

2461 2988 2722 3055 pr‘ndens,
2753 2995 2812 3040 ut
2837 3003 2867 3040 e
2897 2987 3261 3046 veneratione,
3295 3001 3400 3051 qua
3450 2987 3500 3035 in
3551 2985 3698 3037 illum
3753 2983 4026 3040 feruntur.

2468 3080 2711 3133 fortassis
2758 3078 2951 3132 factum
2999 3089 3214 3148 putem,
3259 3089 3318 3130 ut
3353 3077 3566 3130 tandem
3613 3078 4031 3129 celeberrimum

805 3164 973 3219 semel
1017 3179 1158 3226 sese,
1187 3164 1265 3216 uti
1313 3165 1366 3216 in
1401 3165 1662 3218 Analectia
1685 3202 1699 3226 ,
1729 3180 1845 3232 qua:
1873 3166 2041 3221 tribus
2071 3169 2359 3221 Miraculo-
2387 3160 2430 3221 C
2464 3169 2948 3223 Thessalonicense
2993 3168 3178 3222 Sancti
3239 3169 3494 3237 templum
3564 3165 3669 3232 (adi
3727 3181 3884 3217 num.
3944 3166 4031 3228 9'2)

804 3273 922 3309 rem
953 3257 1265 3309 edendorum
1294 3256 1443 3309 libris
1474 3257 1814 3326 sabjungam,
1843 3259 2067 3319 docebo,
2091 3259 2356 3312 Christia-

804 3349 890 3402 nis
939 3346 1361 3401 occidentalibus
1395 3347 1768 3401 attxiliatoretn
1807 3349 2063 3402 adversus
2106 3349 2354 3402 infideles

804 3435 1084 3506 praebuerit
1111 3475 1124 3491 .
1158 3435 1351 3490 mirum
1378 3436 1686 3506 neutiquam
1711 3477 1726 3502 ,
1759 3437 1803 3490 si
1836 3453 1941 3492 non
1969 3448 2172 3491 tantum
2205 3439 2353 3492 Pari-

2460 3260 2783 3313 Cltristianis
2817 3260 3134 3328 eripuerint,
3182 3270 3342 3327 atque
3384 3260 3451 3311 in-
3491 3268 3651 3312 secta
3690 3271 3804 3310 suc
3845 3260 4029 3307 fanum

2461 3351 2843 3405 converterint.

1901 3714 2392 3832 PASSIO
2471 3718 2915 3831 PRIMA

942 3936 1043 3994 ΑΒ
1085 3935 1454 4000 AUCTORE
1482 3938 1883 3999 ΔΝΟΝΥΜΟ
1915 3936 2238 3998 SCRIPTA
2277 3940 2548 4012 ATQUE
2583 3941 2685 4000 AB
2718 3941 3167 4002 ANASTASIO
3212 3938 3898 4000 BIBLIOTHECARIO

1551 4061 1602 4122 E
1647 4061 1937 4123 LINGUA
1975 4062 2264 4124 GRIECA
2305 4064 2384 4124 IN
2419 4063 2778 4123 LATINAM
2813 4062 3262 4124 CONVERSA.

1211 4229 1316 4288 Ea:
1349 4227 1615 4288 editione
1639 4226 1996 4289 Mabt'llortt't'
2025 4247 2162 4288 cum
2192 4231 2388 4290 variis
2420 4248 2562 4289 mss.
2611 4239 2665 4289 el
2695 4230 3004 4290 Photiana
3039 4230 3341 4290 Passion
3372 4227 3622 4289 collata.

2205 4518 2633 4581 PROLOGUS.

890 4655 941 4708 1.
975 4651 1199 4706 Domino
1237 4651 1477 4720 piissimo
1500 4651 1814 4719 imperatori
1839 4651 2031 4707 Karolo
2052 4654 2125 4723 (l)
2157 4669 2370 4725 semper
2397 4661 2448 4718 ι)
2479 4657 2608 4728 tyris
2637 4659 2943 4725 passionem
2971 4667 3132 4727 atque
3172 4657 3432 4712 miracula
3466 4656 3812 4715 hortantian
3845 4654 4033 4717 fratri.

820 4742 1405 4814 augusto,Anastasius
1436 4741 1509 4810 (2)
1538 4746 1762 4811 exiguus
1784 4757 2039 4796 coronam
2065 4753 2119 4798 et
2147 4761 2366 4815 regnum

821 4852 947 4890 cum
975 4835 1209 4890 Christo.
1241 4833 1387 4888 Beati
1417 4832 1667 4888 Demetrii
1697 4833 2196 4892 Thessalonicensis
2230 4853 2370 4892 mar.

894 4994 969 5062 (l)
1032 4993 1090 5046 Ei
1126 4991 1362 5062 scilicet,
1389 4993 1476 5060 qui
1521 4993 1930 5062 cognominatus
1968 4992 2069 5047 fuit
2132 4995 2351 5061 Calvus,

822 5060 1072 5134 annoque
1122 5062 1255 5134 _877_
1283 5060 1432 5126 obiit,
1492 5063 1569 5115 uti
1627 5063 1682 5114 itt
1711 5061 2116 5118 Commentario
2158 5060 2359 5134 prmvio

823 5147 975 5185 num.
1009 5133 1075 5184 l5
1103 5130 1281 5184 docui.

898 5202 971 5268 (2)
1008 5200 1102 5254 llic
1153 5215 1260 5252 non
1299 5199 1485 5260 alium,
1539 5213 1700 5268 quam
1729 5200 1876 5266 quia
1915 5201 1972 5254 S.
2030 5200 2093 5254 lt.
2145 5202 2203 5255 Ε.
2243 5217 2362 5256 mu-

823 5267 972 5330 nere.
1001 5285 1104 5336 quo
1133 5269 1348 5323 functus
1399 5279 1503 5335 εει,
1555 5267 1991 5322 bibliothecarius
2018 5273 2365 5336 cognomina-

826 5352 936 5400 tur,
959 5340 1236 5404 Vitamque
1252 5339 1420 5391 sancti
1441 5338 1669 5404 Dionysii
1691 5337 2045 5406 Areopagitae.
2078 5337 2368 5394 Latinitate

826 5424 854 5461 a
890 5426 946 5462 se
973 5408 1246 5469 donatam,
1301 5409 1366 5460 ad
1416 5407 1669 5459 Carolum
1704 5405 1932 5476 Calvum
1987 5409 2364 5476 imperatorem

825 5493 972 5529 anno
1001 5477 1102 5530 876
1129 5478 1294 5537 misit.
1317 5477 1655 5530 Anastasium
1685 5475 1977 5544 designari,
2010 5475 2365 5541 indubitatum

827 5559 1086 5614 apparet;
1130 5547 1397 5613 quodnam
1438 5557 1615 5597 autem
1657 5555 1777 5596 ante
1802 5557 2013 5610 tempus
2049 5551 2367 5603 Anastasius

827 5619 916 5668 hic
973 5616 1146 5668 sancti
1205 5615 1482 5670 lit-tziett'ii.
1539 5615 2040 5668 Til93~:tltiltlt't‘ltsis
2098 5619 2364 5676 tnatttris,

825 5700 985 5808 Euam
1037 5689 1121 5738 hic
1169 5687 1379 5740 damus.
1439 5685 1744 5737 Passionem
1785 5698 1813 5734 e
1851 5684 2025 5754 lingua
2075 5685 2251 5739 Greca
2311 5690 2360 5738 in

871 5766 1068 5808 attnam
1105 5757 1449 5808 converterit.
1510 5753 1895 5808 Commentarti
1952 5771 2136 5808 nrzvn
2207 5771 2356 5808 num.

871 5766 1068 5810 attnam
1105 5757 1449 5821 converterit,
1510 5753 1895 5809 Commentarti
1935 5753 2136 5821 prem
2207 5771 2356 5809 num.

2477 4751 2594 4811 bus.
2615 4759 2668 4803 et
2691 4750 2928 4803 maxime
2947 4749 3063 4803 viro
3088 4749 3419 4816 peritissimo
3435 4746 3640 4803 Joanne
3665 4749 3913 4805 Diacono
3939 4753 4032 4820 (3),

2475 4849 2668 4894 vestrae
2697 4838 2819 4893 fidei
2853 4839 3090 4909 puritate
3110 4853 3173 4893 ac
3195 4838 3433 4894 scienti-.2
3451 4839 3693 4893 claritate
3717 4841 4032 4901 nctissirtm.

2464 4997 2531 5051 15
2564 4996 2686 5050 vide
2716 4997 3048 5066 expositum,
3103 4995 3476 5063 intelligesque
3506 4995 3670 5048 etiam
3728 4995 4030 5066 exibjdent

2467 5067 2627 5122 dictis
2655 5063 3088 5120 Iucuhrationem
3117 5066 3333 5118 isthanc
3352 5065 3419 5118 ab
3443 5067 3730 5118 Anastasio
3763 5065 3830 5117 ad
3865 5063 4028 5118 Caro-

2467 5137 2576 5190 lum
2607 5133 2830 5188 Calvum
2891 5137 3274 5201 imperatorem
3326 5149 3470 5187 anno
3521 5134 3626 5186 875
3653 5143 3749 5186 aut
3800 5133 4032 5185 alterno

2470 5207 2610 5260 binis
2654 5205 3006 5272 sequentibus
3023 5204 3243 5256 missam
3276 5204 3467 5272 fuisse.

2544 5276 2619 5341 (5)
2656 5269 2809 5327 Hunc
2864 5287 2982 5326 esse
3031 5272 3180 5326 illum
3218 5273 3395 5340 ipsum
3423 5270 3709 5329 Joannem.
3752 5271 3812 5341 S.
3859 5269 3929 5322 ll.
3964 5271 4020 5324 Ε.

2475 5340 2788 5400 diaconum.
2820 5344 2875 5394 in
2919 5343 3074 5406 cujus
3113 5344 3335 5410 gratiam
3390 5342 3717 5410 Collectunea
3762 5340 3971 5400 Greca,
4000 5354 4024 5390 a

2473 5412 2760 5465 Strmmtdo
2791 5413 2954 5470 edita.
2987 5409 3298 5469 Latinitate.
3327 5419 3384 5464 ut
3407 5411 3581 5464 eidem
3609 5409 3831 5471 Jonnni,
3857 5411 4028 5461 eccle-

2474 5483 2747 5534 siasticam
2785 5481 3074 5533 llistoriatn
3108 5481 3413 5541 meditanti,
3473 5481 3792 5544 adiumento
3821 5487 4022 5536 essent,

2477 5553 2798 5602 Alias-asins
2853 5551 3094 5606 donavit,
3160 5551 3494 5600 stabillomus
3556 5561 3744 5600 t0tn.t
3796 5545 4024 5596 i'rterall

2475 5624 2862 5671 Analo't'lnru'n.
2894 5633 3008 5686 pag.
3047 5618 3113 5667 flii
3145 5617 3394 5670 afﬁrmat.
3451 5634 3564 5680 nec,
3602 5627 3868 5684 quantum
3918 5629 4021 5670 00t-

2476 5705 2591 5748 nor.
2625 5706 2650 5742 a
2691 5695 2915 5745 veritate
2938 5693 2995 5744 in
3032 5691 3131 5742 hac
3166 5703 3260 5739 sua
3294 5692 3602 5742 assertione
3629 5688 3828 5738 deviat.
