4218 6442
263 367 404 437 1169

1310 373 1364 432 S.
1412 371 1791 431 DEME'I'RH
1836 375 2228 437 MAllTYRlS
2272 381 2477 440 ACTA.

3370 386 3505 452 1170

257 495 433 551 nuper
457 478 526 534 de
546 478 733 534 Graeco
763 479 817 533 in
837 478 1087 533 Latinum
1119 479 1702 535 transtuli.sermonem
1725 482 1823 549 (4).
1858 489 1900 544 Α
1931 490 2062 539 tanti
2110 490 2378 558 Agonistm
2417 490 2650 545 fraudari
2684 495 2876 547 notitia
2917 496 3064 560 novi,
3097 497 3249 551 vobis
3278 512 3497 567 quoque

258 574 350 641 qui
384 572 633 641 prazfatus
661 572 896 628 Joannes
927 571 1089 641 hujus
1115 572 1394 641 martyris,
1428 571 1482 624 in
1522 572 1682 626 dumo
1706 573 1827 640 qui-

253 664 381 717 dem
412 680 531 724 sua.
564 664 714 717 mirae
743 666 1081 731 antiquitatis
1109 674 1161 718 et
1201 665 1617 731 pulchritudinis
1646 678 1829 722 orato-

255 755 399 810 rium
433 756 685 817 habebat.
712 766 917 815 tamen.
948 757 1126 827 qualis
1156 759 1255 810 iste
1288 770 1489 829 martyr
1515 758 1714 813 Gisristi
1746 774 1832 812 es-

255 862 364 907 set,
396 850 691 917 ignorabat.

327 944 383 997 9.
420 944 530 1011 Ego
563 960 714 1009 vero,
743 946 886 1000 sicut
931 955 1186 1015 expertus
1215 962 1332 1001 sum
1366 947 1503 1016 apud
1534 945 1827 1001 Thessalo~

256 1040 459 1099 nicam.
492 1040 583 1093 ubi
621 1042 914 1108 pretiosum
966 1057 1163 1110 corpus
1202 1044 1323 1109 ejus
1352 1042 1631 1097 conditum
1666 1043 1821 1099 redo-

256 1130 333 1182 let
372 1130 471 1195 (5),
503 1139 557 1183 et
586 1132 872 1200 splendore
900 1133 1280 1187 miraculorum
1307 1135 1567 1205 refulget,
1614 1135 1827 1189 innotui

255 1220 309 1274 ei
356 1236 453 1291 per
491 1222 737 1278 ordinem
783 1224 878 1293 (6).
930 1223 1034 1279 Sed
1078 1226 1204 1293 quia
1245 1226 1530 1296 imperium
1574 1237 1815 1281 vestrum

1932 580 1984 633 id
2036 580 2211 647 ipsum
2260 591 2560 648 opportune
2620 585 2834 639 mittere
2878 589 3183 655 procuravi,
3233 600 3503 656 quatenus

1934 683 2112 726 vestra
2153 674 2465 741 magnitudo
2493 690 2615 729 cum
2666 676 3151 735 intercessionibus
3185 691 3502 735 sanctorum

1933 772 1987 816 et
2014 765 2309 818 amicorum
2359 766 2469 828 Dei.
2512 767 2669 821 istius
2699 783 2913 836 quoque
2954 786 3112 835 prece
3155 772 3293 840 apud
3330 772 3500 825 Deum

1933 855 2183 909 obtinere
2210 857 2436 925 gratiam
2464 858 2659 925 valeat,
2693 867 2746 912 et
2786 859 2987 927 perfrui
3013 872 3287 916 mereatur
3332 862 3503 930 gloria

1935 946 2282 1014 sempiterna.
2325 948 2436 1003 Rex
2484 966 2670 1020 regum
2720 960 2777 1005 et
2810 950 3071 1006 Dominus
3101 952 3503 1007 dominantium

1933 1054 2155 1108 regnum
2182 1050 2422 1095 vestrum
2448 1043 2670 1098 dextera
2699 1060 2795 1098 sua
2827 1053 3094 1115 protegat,
3118 1053 3173 1100 et
3200 1046 3268 1101 de
3295 1055 3503 1115 tenipo-

1934 1132 2032 1185 rali
2063 1133 2129 1187 ad
2160 1142 2423 1189 aeternum
2458 1134 2751 1190 transferat
2776 1151 3020 1207 regnum.

1599 1363 1826 1420 CAPUT
1876 1361 2168 1418 UMCUM.

256 1471 493 1525 Sanctus
530 1474 685 1541 ﬁdem
728 1478 1006 1545 pradicet,
1044 1476 1372 1530 Maximiano
1419 1478 1752 1543 imperatori,
1791 1478 1860 1530 ad
1887 1478 2251 1546 gladiatorum
2299 1476 2655 1542 spectaculum
2685 1478 2992 1543 properanti
3016 1478 3250 1544 captiuus
3273 1480 3499 1532 sistitur'

787 1547 1033 1615 illiusque
1058 1548 1218 1615 jussu
1246 1549 1497 1602 custodia:
1563 1549 1794 1616 primum
1820 1550 2182 1616 mancipatur,
2226 1563 2288 1599 ac
2303 1547 2492 1599 deinde
2511 1547 2670 1599 etiam
2695 1548 2972 1600 occiditur.

327 1656 463 1711 Cum
505 1658 796 1725 imperator
841 1662 1198 1717 Maximianus
1252 1664 1309 1717 in
1356 1663 1818 1718 Thessalonicen-

253 1750 398 1803 sium
429 1750 648 1820 degere:
674 1753 892 1809 civitate
917 1756 1013 1823 (7),
1050 1756 1212 1809 homo
1243 1757 1663 1825 superstitiosus
1714 1756 1816 1825 piae

1925 1665 2035 1718 illic
2085 1664 2234 1717 enim
2296 1662 2590 1731 parabatur
2665 1678 2763 1731 per
2828 1662 3089 1732 quasdam
3142 1663 3353 1718 tabulas
3397 1666 3503 1719 cir-

1927 1755 2081 1811 culus
2135 1754 2560 1821 circumseptus.
2596 1754 2690 1808 ubi
2729 1764 3088 1823 suspecturus
3120 1765 3239 1808 erat
3288 1771 3382 1809 eos
3407 1758 3501 1824 qui

253 1842 477 1910 religion
504 1857 532 1897 s
593 1848 867 1901 auditores
918 1850 1363 1916 persequebatur,
1414 1860 1466 1903 et
1525 1849 1821 1903 interfieie-
1863 1888 1905 1944 Β
1933 1862 1999 1901 ex
2026 1847 2253 1901 adverso
2283 1847 2514 1900 invicem
2541 1846 2802 1900 tbeatrice
2842 1861 2901 1900 se
2928 1847 3315 1915 impugnarent
3364 1848 3499 1918 (l0).

251 1934 451 1987 bantur
484 1938 552 1991 ab
617 1952 683 1997 eo
731 1940 826 2005 (8).
891 1940 1037 1992 Inter
1090 1956 1225 2007 quos
1284 1950 1404 1994 erat
1461 1940 1655 1995 beatus
1719 1941 1823 1995 Dc-

252 2028 503 2088 metrius.
559 2031 908 2085 manifestum
979 2032 1185 2087 faciens
1238 2035 1593 2103 semetipsum
1622 2034 1825 2103 absque

252 2120 364 2174 ullo
392 2121 603 2182 timore.
631 2125 722 2191 qui
755 2139 783 2177 a
817 2126 1099 2191 iuventute
1132 2140 1183 2181 et
1222 2130 1363 2181 bona
1422 2140 1607 2196 egerat
1634 2143 1821 2197 opera,

250 2224 310 2269 et
349 2216 485 2269 alios
526 2218 801 2271 docuerat.
839 2220 1075 2272 Docebat
1128 2220 1295 2279 enim.
1357 2220 1590 2288 qualiter
1630 2219 1816 2274 divina

254 2305 534 2374 Sapientia
567 2308 919 2362 descenderat
946 2310 1010 2362 ad
1037 2318 1239 2363 terrain
1268 2309 1337 2364 de
1365 2310 1523 2371 cmlo.
1556 2319 1614 2363 ut
1642 2310 1819 2363 homi-

253 2416 404 2463 nem,
437 2402 529 2469 qui
570 2412 817 2456 mortuus
846 2404 1024 2457 fuerat
1080 2415 1327 2474 peccato,
1364 2405 1668 2460 vivificaret
1696 2421 1825 2459 san-

250 2494 420 2562 guine
464 2499 683 2563 proprio
711 2498 807 2563 (9).

331 2587 384 2639 4.
418 2587 551 2639 Cum
592 2589 707 2640 haec
744 2599 801 2641 et
837 2588 940 2641 alia
985 2590 1151 2642 multa
1201 2590 1543 2656 praedicaret.
1604 2590 1826 2657 quidam

253 2680 495 2733 ministri
525 2681 889 2747 imperatoris.
918 2681 1008 2739 qui
1038 2681 1102 2734 ad
1158 2682 1453 2750 capiendos
1483 2682 1827 2736 Christianos

255 2772 479 2827 fuerant
538 2773 804 2841 deputati.
859 2782 1108 2826 tenentes
1184 2782 1434 2826 sanctum
1488 2771 1826 2825 Demetrium

257 2865 576 2931 imperatori
658 2866 975 2919 obtulerunt
1060 2864 1405 2918 Maximiano.
1516 2864 1829 2930 Contigerat

256 2958 407 3011 enim
438 2959 517 3011 ire
546 2959 927 3025 imperatorem
962 2959 1026 3010 ad
1066 2958 1299 3011 stadium
1333 2957 1570 3009 civitatis
1605 2964 1828 3024 propter

256 3065 355 3106 eos
382 3052 474 3120 qui
501 3051 565 3105 ad
596 3052 868 3122 singulare
892 3061 1167 3106 certamen
1202 3052 1419 3105 fuerant
1447 3047 1825 3118 congressuri;

1934 1940 2070 2005 Quia
2099 1940 2387 1993 delectatio
2408 1949 2527 1993 erat
2557 1939 2606 1992 ei
2636 1938 2882 2008 aspicere
2932 1940 3157 1993 humani
3217 1939 3501 2008 sanguinis

1934 2032 2227 2087 fusionem.

2002 2127 2053 2180 5.
2088 2128 2476 2180 Verumtamen
2532 2141 2643 2180 non
2689 2125 2808 2179 sine
2843 2141 2973 2179 cura
3031 2134 3087 2179 et
3136 2124 3501 2180 sollicitudine

1931 2220 2166 2275 habebat
2226 2219 2369 2288 quod
2423 2233 2543 2273 esse
2604 2218 2708 2272 sibi
2767 2217 3085 2272 delectabile
3148 2217 3495 2271 cernebatur.

1929 2312 2211 2381 Flagrabat
2238 2311 2459 2365 nomine
2512 2309 2955 2372 monomachum,
2992 2309 3084 2377 qui
3140 2309 3251 2377 jam
3297 2309 3500 2361 multos

1932 2405 2137 2459 virtute
2158 2419 2219 2455 ac
2244 2405 2386 2456 mole
2423 2402 2668 2471 corporis
2694 2402 2923 2461 abusus.
2953 2400 3310 2462 exstinxerat.
3349 2400 3500 2453 occi-

1934 2496 2097 2551 dendi
2127 2495 2559 2563 experimentum
2587 2509 2684 2561 per
2711 2492 3117 2546 meditationem
3174 2500 3231 2545 et
3262 2506 3498 2545 consue-

1938 2588 2178 2642 tudinem
2214 2586 2516 2653 possidens.
2545 2584 2702 2638 Hunc
2735 2599 2799 2637 eo
2830 2583 2970 2652 quod
3001 2598 3193 2637 omnes
3241 2581 3499 2637 formida-

1934 2685 2075 2740 rent,
2109 2686 2164 2729 et
2188 2677 2393 2734 nullus.
2444 2676 2493 2728 ei
2530 2674 2622 2743 qui
2678 2675 2982 2739 resisteret,
3022 2677 3321 2734 videretur.
3349 2673 3495 2726 inter

1930 2771 2137 2839 primos
2162 2768 2521 2822 Maximianus
2545 2768 2863 2834 habebat,et
2888 2768 3166 2837 diligebat.
3192 2767 3499 2821 etlibenter

1932 2863 1988 2915 in
2019 2878 2143 2915 eum
2177 2861 2527 2928 respiciebat.

2003 2955 2054 3009 6.
2095 2954 2371 3008 Laudabat
2398 2968 2579 3007 autem
2610 2962 2664 3006 et
2688 2953 3009 3017 mirabatur,
3062 2963 3117 3007 et
3143 2953 3297 3020 quasi
3329 2968 3493 3021 super

1933 3060 2124 3116 magna
2153 3061 2209 3099 re
2242 3046 2297 3098 itt
2328 3045 2581 3111 superbia
2623 3044 2725 3098 viri
2758 3044 3091 3115 gloriabatur
3129 3045 3263 3116 (Η).
3321 3046 3494 3099 Porro

335 3254 410 3318 (ι)
435 3254 480 3306 Ε
533 3271 665 3308 voce
718 3272 903 3319 luper,
933 3270 1039 3323 qua
1095 3256 1207 3309 haec
1260 3253 1535 3325 Anastasii,
1578 3250 1807 3306 assertio
1835 3254 1876 3312 C
1912 3253 2111 3325 tionem
2152 3260 2208 3305 et
2241 3253 2690 3319 significationem
2721 3253 3054 3317 admittenti.
3081 3265 3299 3325 tempus
3324 3272 3485 3310 vero-

257 3324 509 3381 af'ticitur.
562 3326 826 3386 simulque
860 3342 922 3378 ex
955 3341 1039 3386 eti,
1093 3326 1233 3391 quod
1292 3324 1609 3375 Anastasius
1656 3335 1807 3391 anno

258 3396 367 3449 875'
399 3405 487 3447 aut
523 3395 691 3447 altero
720 3412 749 3448 e
775 3396 913 3447 binis
950 3410 1091 3461 seq.
1126 3394 1285 3446 utiad
1319 3394 1395 3444 lit.
1430 3393 1457 3444 ὁ
1510 3390 1707 3461 ἀοριρὶζ
1744 3390 1811 3442 ad

254 3464 511 3519 Carolutn
542 3463 763 3516 Calvum
819 3457 1201 3528 intpe-atoi'rm
1228 3462 1411 3515 Sancti
1470 3460 1641 3514 nostri
1681 3457 1809 3509 Pas-

260 3536 474 3587 sionetn
528 3535 753 3592 miserit.
814 3538 1208 3585 consmdarium
1240 3542 1341 3592 est.
1398 3541 1454 3583 ut
1493 3532 1563 3584 hu
1593 3550 1635 3585 uc
1668 3538 1812 3580 ct‘l'fe

257 3605 353 3657 diu
377 3614 501 3654 ante
519 3620 718 3655 annum
742 3605 845 3657 875
873 3620 904 3656 θ
931 3602 1118 3656 Graeco
1146 3604 1198 3655 iit
1221 3602 1473 3655 Latinum
1504 3612 1810 3655 sermonem

261 3674 625 3726 transtuli-rit.

333 3744 407 3808 (5)
446 3744 722 3795 Alludatnc
746 3742 834 3795 hic
855 3735 1172 3793 Anastasius
1188 3742 1249 3792 atl
1267 3749 1625 3809 unguentum,
1646 3744 1811 3810 quod.

259 3829 386 3867 cum
420 3813 817 3864 Thessalonici?
870 3825 1181 3863 versaretur
1231 3826 1292 3862 ac
1347 3812 1500 3878 proin
1534 3822 1687 3865 aetate
1723 3829 1817 3867 seu

258 3884 461 3937 sa-culo
516 3898 655 3935 nono
706 3898 735 3933 e
776 3882 947 3935 sancti
980 3884 1147 3933 nostri
1172 3879 1571 3933 Thessalonicae
1610 3884 1816 3935 tumulo

258 3953 567 4020 protluiose
619 3952 940 4007 scaturiorit.
1002 3966 1094 4011 pro
1145 3960 1292 4003 cterto
1342 3966 1651 4003 asseverare
1706 3969 1809 4003 non

260 4024 463 4082 ausim,
501 4023 627 4073 licet
666 4023 877 4071 interim
909 4021 1017 4083 jam
1047 4021 1166 4069 inde
1198 4021 1263 4071 ab
1287 4036 1352 4071 eo
1390 4030 1627 4087 tempore
1656 4022 1814 4072 init-a-

260 4096 443 4147 culum
472 4092 610 4142 istud
631 4093 882 4143 habuisse
913 4089 1509 4159 locum[indubitatum
1537 4100 1814 4159 appareat.

261 4165 339 4216 uti
376 4163 425 4212 iu
457 4160 858 4214 Commentario
883 4159 1078 4221 ιιτιννὶο
1118 4156 1143 4226 §
1182 4162 1213 4210 8
1248 4160 1430 4209 videre
1460 4158 1603 4211 licet.

336 4231 412 4296 (6)
444 4230 654 4283 Utinam
711 4231 1129 4284 Anastasinsut.
1162 4241 1269 4293 quo
1314 4228 1380 4280 de
1430 4228 1597 4293 cultu,
1654 4246 1814 4296 quem

266 4303 499 4355 Sanctus
538 4310 719 4353 noster
777 4298 1059 4360 seriptoris
1110 4298 1254 4349 illius
1292 4305 1447 4350 aetate
1476 4314 1570 4351 seu
1617 4304 1814 4353 saeculo

263 4386 410 4426 nono
450 4371 629 4421 limine
690 4369 962 4429 habuerit,
1018 4378 1167 4419 certo
1199 4376 1487 4420 constaret.
1524 4370 1815 4436 quidquam

265 4444 353 4495 hic.
412 4440 742 4505 protulisset.
802 4439 945 4489 untle
994 4437 1115 4495 sibi.
1171 4448 1415 4489 sanctum
1465 4438 1814 4502 Dctnetriutn,

262 4512 351 4566 cui
392 4510 629 4562 Joannes
659 4510 918 4561 diaconus
952 4506 1003 4558 in
1042 4510 1203 4558 domo
1234 4523 1325 4558 sua
1372 4509 1667 4561 oratorium
1691 4526 1819 4562 con-

1922 3322 2197 3375 simillime
2250 3325 2648 3390 complectitur.
2680 3325 3023 3378 conformior
3078 3322 3340 3388 exsistat.
3393 3341 3493 3394 pro

1918 3405 2068 3445 certo
2100 3408 2308 3460 nequeo
2340 3395 2574 3455 edicere,
2631 3410 2753 3447 cum
2795 3394 3038 3448 Grzrcam
3097 3398 3271 3449 sancti
3318 3399 3489 3452 nostri

1923 3462 2119 3520 Vitam,
2150 3478 2309 3521 oua-ii
2344 3461 2588 3516 Latinam
2618 3466 2936 3517 Anastasius
2968 3465 3094 3519 fecit
3120 3507 3131 3523 .
3166 3467 3229 3518 ad
3268 3464 3484 3521 man‘um

1919 3548 2025 3586 non
2096 3534 2321 3602 habeam
2404 3534 2671 3592 Ιιιιοιτίιιι,
2724 3550 2847 3587 cum
2910 3536 3254 3588 Mnmbritius
3308 3538 3477 3602 legam

1920 3620 1940 3653 ι
1975 3603 2105 3653 (lunt
2142 3601 2433 3665 imperator
2459 3604 2886 3656 Mavimiannsin
2915 3601 3481 3660 ThessalonicenSium

1918 3673 2135 3735 degeret
2169 3673 2403 3728 civitate.
2448 3675 2547 3739 piae
2600 3675 2877 3735 religionis
2908 3676 3181 3728 auditores
3227 3692 3483 3743 persecu«

1920 3743 2123 3792 tionem
2160 3743 2501 3809 patiebantur
2538 3755 2585 3794 et
2628 3745 3092 3798 into-rliciebantitr
3119 3746 3184 3796 ab
3214 3762 3296 3805 eo.
3333 3766 3348 3795 ι
3387 3762 3485 3799 ne-

1922 3812 2055 3872 scio,
2101 3826 2165 3862 an
2222 3811 2402 3865 forsan
2461 3816 2746 3881 primrevus
2793 3824 2973 3867 textus
3018 3814 3237 3868 Grazcus
3295 3815 3483 3872 Latine

1922 3882 2064 3953 haud
2092 3882 2271 3941 aptius
2290 3884 2728 3953 conforminsqtte
2756 3886 2819 3936 ad
2846 3885 3082 3938 auctoris
3111 3900 3328 3938 sensum
3361 3890 3484 3941 red-

1920 3952 2141 4021 deretur
2182 3953 2281 4003 hoc
2313 3955 2509 4006 modo:
2555 3973 2571 4003 ι
2610 3954 2743 4008 Cum
2777 3955 3072 4021 imperator
3108 3955 3483 4017 Maximianus.

1909 4020 2082 4093 hci-no
2122 4024 2550 4093 superstitiosus.
2581 4025 2635 4076 in
2669 4024 3234 4078 Tliessaloniccnsinm
3267 4028 3487 4093 degeret

1920 4091 2161 4165 civitate.
2191 4090 2291 4157 piae
2320 4092 2604 4165 religionis
2624 4093 2902 4147 auditores
2930 4090 3367 4161 persecutionem
3392 4112 3491 4165 pa-

1922 4160 2198 4213 tiebantur
2230 4168 2285 4211 et
2319 4161 2788 4215 interficiebantur
2817 4164 2886 4216 ab
2917 4160 3000 4215 eo.
3043 4182 3060 4213 ι

1993 4229 2068 4297 (9)
2104 4228 2214 4282 Non
2251 4238 2453 4300 tantum
2483 4233 2803 4299 praedicasse
2830 4233 3073 4300 aliosque
3101 4234 3369 4291 docuisse.
3391 4236 3488 4291 sed

1923 4310 1977 4352 et
2014 4300 2282 4351 civitati-tn
2316 4299 2861 4354 Thessalonicensem
2905 4299 3285 4357 ad’Cltristum
3318 4307 3486 4359 addu-

1921 4370 2063 4441 rtisse
2097 4378 2339 4422 sanctum
2376 4370 2725 4431 Demetrium.
2761 4370 2945 4425 Passio
2974 4374 3113 4441 ejus.
3146 4389 3175 4425 a
3208 4372 3400 4428 Photio
3429 4377 3483 4431 in

1922 4439 2251 4493 Bibliotheca
2293 4456 2463 4507 suppe
2488 4441 2655 4502 litata.
2692 4440 2883 4500 docet:
2920 4452 2973 4495 et
3002 4439 3134 4495 sane
3179 4444 3436 4499 Sanctum
3470 4488 3483 4511 ,

1928 4512 1973 4565 si
2006 4526 2111 4562 non
2152 4518 2315 4562 totam
2351 4512 2622 4564 civitatem
2665 4511 3211 4565 Thessztlonicensem
3249 4514 3368 4568 litlei
3404 4518 3489 4570 lu-

263 4592 535 4650 secratum
566 4580 813 4650 habebat.
848 4593 1009 4650 unum
1065 4576 1423 4650 eamdemque
1457 4595 1576 4630 cum
1642 4591 1827 4633 sancto
1862 4578 1903 4631 D
1936 4580 2080 4633 mine
2128 4580 2453 4644 illustravit,
2506 4580 2730 4632 multum
2767 4591 2945 4633 tamen
2989 4583 3039 4634 in
3094 4598 3154 4635 ea
3199 4586 3493 4650 protulisse

264 4666 451 4706 nosro
498 4647 968 4701 Tbessalonicensi
1022 4658 1251 4713 martyre
1320 4648 1643 4713 lminonvmo
1704 4666 1825 4703 esse

262 4722 601 4785 exploratum
650 4717 948 4772 exstiterit!
1011 4713 1145 4767 Vide
1192 4714 1579 4771 Commentarii
1639 4721 1821 4786 praevii

262 4808 394 4845 nunt
447 4790 563 4843 141.

337 4862 413 4925 (7)
449 4862 578 4911 "nm
605 4859 672 4911 de
713 4856 1036 4910 Maximiano
1063 4856 1405 4921 imperatore.
1436 4858 1535 4910 sub
1567 4872 1673 4925 quo
1698 4874 1821 4912 san-

264 4940 386 4983 ctus
414 4931 709 4983 Demetrius
737 4929 1048 4993 martyrium
1082 4926 1264 4981 subiit.
1286 4942 1463 4979 sermo
1491 4929 1574 4979 hic
1597 4932 1684 4990 sit,
1712 4947 1819 4983 non

264 5002 449 5058 alium.
478 5016 636 5066 quam
673 4996 1046 5050 llaxitniannm
1077 4995 1347 5067 Galerium
1410 4997 1497 5050 hic
1526 4998 1818 5067 designari,

265 5064 628 5123 llt'Cl‘Sse‘csl.
658 5069 754 5121 Adi
786 5064 1245 5119 Uouttnetttarium
1278 5070 1536 5134 prtnviutn
1569 5064 1719 5122 nuin.
1752 5070 1820 5123 57

264 5147 319 5195 et
342 5156 450 5209 seq.

337 5204 504 5277 (8)'ln
537 5209 723 5262 codice
755 5215 940 5257 nostro
968 5204 1175 5277 signato
1285 5220 1388 5257 ms.
1417 5205 1505 5267 84.
1564 5209 1640 5260 uti
1679 5220 1730 5260 et
1762 5210 1816 5262 in

271 5296 368 5332 ηις.
398 5275 789 5333 “ubere-vallis
822 5275 1112 5334 exemplari
1148 5275 1371 5326 habetur
1399 5293 1410 5325 :
1448 5277 1612 5329 «Cum
1646 5280 1815 5344 impc-

271 5359 415 5401 rator
449 5350 795 5400 Maximianus
822 5347 870 5397 in
906 5344 1466 5397 TItessalonici-nsiunt
1499 5346 1715 5413 degeret
1741 5349 1817 5401 ci—

271 5422 454 5481 vitatu,
491 5422 649 5470 homo
685 5415 1217 5485 superstitiosus.pi:e
1246 5416 1516 5483 religionis
1543 5419 1818 5471 auditores

269 5502 733 5554 persequetautnr
758 5497 810 5539 et
839 5485 1317 5537 intcrticicbantnr.
1358 5504 1373 5533 ι
1408 5486 1601 5539 Verum
1636 5498 1819 5542 nostra

270 5560 451 5617 lectio.
481 5559 664 5611 Latina
695 5556 1094 5610 constructione
1130 5564 1364 5619 Spl't'litlil
1386 5596 1400 5616 ,
1436 5556 1652 5609 indnbic
1686 5574 1817 5623 prte-

271 5640 405 5693 stat;
442 5638 564 5681 utru
592 5654 616 5677 ,ι
652 5638 827 5681 autem
854 5634 905 5677 et
934 5624 1100 5677 textui
1131 5624 1337 5685 (inero,
1372 5628 1457 5691 qui
1486 5632 1819 5692 respondi-tas

270 5699 590 5765 imperfecto
647 5696 1102 5767 persequebantur,
1144 5708 1377 5767 scnsnnr
1407 5698 1675 5760 passiium
1734 5699 1819 5751 hic

272 5764 491 5821 habenti
530 5764 795 5835 huiusque
844 5764 1191 5818 nihilominus
1240 5765 1382 5817 haud
1413 5770 1616 5833 capaci,
1652 5768 1819 5820 duili-

268 5848 415 5892 ctum
450 5856 477 5891 a
522 5841 683 5893 verbo
714 5834 949 5900 διώκειν,
1012 5834 1272 5901 passivazit
1306 5836 1458 5889 simul
1485 5847 1530 5890 et
1563 5839 1819 5893 termina—

1935 4652 2167 4702 fructum
2194 4689 2207 4708 .
2244 4661 2325 4703 sat
2368 4662 2574 4703 curtum
2608 4660 2846 4717 apparet.
2885 4651 2985 4705 Adi
3026 4651 3487 4711 Coinmeutarium

1932 4723 2188 4788 pra-vium
2223 4737 2370 4773 num.
2403 4720 2470 4772 57
2510 4730 2563 4775 et
2594 4723 2761 4773 tribus
2794 4736 2944 4789 seqq.

2004 4792 2110 4852 (10)
2144 4790 2197 4841 ln
2234 4806 2359 4843 mss.
2392 4796 2587 4843 nostris
2627 4790 2936 4843 Trevirensi
2978 4794 3148 4848 smcti
3217 4793 3487 4849 Maximini

1927 4871 1980 4915 et
2013 4860 2385 4913 Rubriae-villis
2416 4862 2828 4928 exemplar'luts,
2872 4863 3066 4928 quibus
3112 4864 3269 4916 etiam
3325 4868 3491 4921 codex

1928 4941 2109 4985 nostvr
2143 4932 2377 4989 simalus
2421 4929 2459 4997 -ξ-
2508 4947 2608 4984 ms.
2655 4931 2739 4990 δι,
2804 4942 3082 4990 consonat.
3146 4934 3214 4986 ita
3261 4936 3485 4996 legitur:

1934 5021 1950 5051 ι
1989 5002 2083 5054 Hic
2106 5002 2244 5051 enim
2280 5002 2567 5065 parabatur
2601 5016 2693 5068 per
2725 5002 2977 5067 quasdam
3008 5003 3214 5057 tabulas
3249 5006 3485 5061 circulus

1924 5072 2337 5142 circumseptus,
2371 5070 2459 5142 ubi
2491 5080 2838 5142 suscepturus
2873 5081 2988 5124 erat
3013 5088 3126 5135 eos.
3156 5076 3244 5142 qui
3292 5088 3355 5127 ex
3389 5076 3487 5129 ad-

1924 5156 2080 5194 verso
2113 5139 2344 5192 invicem
2399 5140 2660 5209 theatrice
2683 5141 3148 5209 itnpugnaverant.
3174 5139 3221 5194 ⁷»
3260 5143 3481 5197 -Verum

1924 5226 2022 5280 nec
2050 5210 2179 5268 huic,
2201 5224 2299 5261 nec
2326 5220 2507 5280 nostra
2535 5208 2710 5280 lectio,
2738 5208 2857 5262 utut.
2881 5210 2979 5263 ista
3006 5213 3167 5265 etiam
3199 5214 3485 5280 aliquando

1922 5279 2055 5333 forte
2083 5281 2289 5337 melior.
2332 5279 2656 5333 admittenda
2686 5280 2910 5331 videtur.
2952 5280 3226 5335 [.ectorein
3271 5279 3368 5337 cur
3416 5286 3485 5337 ita

1922 5349 2462 5421 C‘lSlitllemillOthbo
2494 5350 2543 5399 in
2577 5348 2885 5421 Agdnotatis.
2918 5366 3035 5416 quae
3086 5351 3223 5405 infra
3244 5355 3483 5421 subjun—

1923 5435 2038 5486 gain
2077 5420 2264 5481 textui.
2290 5419 2378 5486 qui
2408 5419 2743 5485 transcriptis
2771 5420 2915 5471 bisce
2950 5421 3217 5475 Passionis
3262 5419 3485 5475 Anasta-

1922 5492 2085 5541 s‘an:e
2125 5488 2302 5541 verbis
2356 5489 2407 5539 in
2463 5487 2714 5540 Passionc
2770 5487 2948 5541 Sancti
3007 5491 3195 5555 altera,
3240 5494 3481 5558 proxime

1926 5559 2073 5616 huic.
2097 5573 2125 5609 ρ
2146 5574 2246 5624 qua
2278 5558 2463 5621 etiam,
2493 5558 2567 5609 uti
2599 5558 2653 5609 in
2678 5558 3082 5612 Commentario
3106 5563 3300 5627 praevio
3328 5577 3478 5616 num.

1926 5630 1987 5679 15
2019 5638 2070 5680 et
2108 5642 2219 5701 s‘jq.
2248 5628 2426 5693 docui,
2458 5642 2804 5695 promanasse
2832 5629 3066 5693 videtur.
3126 5632 3477 5701 sohjicienda.

1930 5699 2240 5762 TCSDI'lldPl.

2002 5769 2111 5834 (11)
2148 5766 2408 5840 Pbotiana
2435 5767 2617 5840 Sancti
2654 5765 2769 5819 Vita
2800 5767 2867 5820 dc
2896 5768 3070 5840 μείξει),
3102 5772 3191 5840 qui
3214 5772 3349 5825 alias
3381 5771 3453 5840 Ly

1933 5854 2026 5893 cus
2060 5847 2148 5893 aut
2188 5838 2347 5891 etiim
2390 5837 2586 5892 Libens
2632 5847 2874 5905 vocatur,
2906 5839 3008 5895 hoc
3054 5837 3171 5897 loco
3222 5837 3483 5897 duntax'tt
