4218 6442
738 318 867 383 1171

2034 311 2693 379 SUi‘PLEMENTUM.

3861 310 4004 374 11Ἰῖ

735 449 859 487 eum
889 442 1062 501 prope
1087 428 1322 485 stadium
1355 426 1718 498 pervenisset,
1747 432 1880 480 tunc
1916 423 2198 480 adducunt
2224 425 2300 490 ei,
2334 436 2379 490 Α
2409 424 2744 499 congressio,
2773 429 3060 485 mortalem
3082 429 3278 500 Ligus
3302 427 3543 498 suscepi],
3569 426 3764 490 ictum,
3792 435 3852 478 et
3875 440 4000 492 pro-

734 523 827 593 qui
869 527 1148 591 ceperant,
1185 519 1406 573 beatum
1439 516 1799 573 Demetrium.
1826 515 2070 570 Audiens
2119 524 2302 569 autem

737 616 1056 683 imperator,
1089 609 1236 682 quod
1290 609 1638 665 Christianus
1685 615 1854 673 esset,
1883 607 2010 677 quia
2042 621 2102 662 se
2130 617 2303 661 totum

735 707 803 761 ad
885 704 1233 776 praesentiam
1315 701 1616 773 spectaculi
1692 701 2022 765 contulerat,
2083 702 2301 756 beatum

742 797 1079 853 Demetrium
1106 797 1270 866 jussit
1317 794 1521 849 ibidem
1547 794 1701 862 juxta
1752 792 1991 846 stadium
2033 792 2303 847 exsistere

737 900 792 948 et
814 907 986 963 penes
1034 890 1312 961 publicum
1371 889 1620 943 balneum
1673 886 1960 940 custodiri.
2008 885 2126 956 Ipse
2175 899 2308 939 vero

737 988 1032 1053 imperator
1061 980 1332 1045 residens,
1356 979 1512 1050 Lyaeo
1539 977 1877 1042 introducto,
1901 975 2299 1045 interrogabat,

735 1077 860 1143 quis
888 1075 1166 1144 singulare
1194 1089 1320 1129 cum
1346 1087 1413 1128 eo
1438 1072 1602 1126 vellet
1638 1071 1778 1125 inire
1806 1080 2110 1132 certamen,
2163 1067 2306 1122 dona

737 1166 1067 1235 promittens
1086 1172 1140 1218 et
1168 1176 1484 1233 proponens
1516 1161 1647 1234 (ίὲ).

813 1259 866 1312 7.
898 1258 964 1311 Et
990 1257 1214 1328 quidam
1249 1258 1572 1311 adolescens
1618 1255 1838 1309 nomine
1895 1252 2090 1307 Nestor
2118 1251 2253 1321 (15).
2278 1267 2307 1306 a

738 1352 1116 1421 superioribus
1135 1345 1402 1405 ~exsilieus
1462 1349 1741 1419 gradibus,
1794 1347 2056 1402 adversus
2092 1344 2307 1416 Lymum

737 1443 937 1505 stabat.
974 1440 1304 1510 singularem
1363 1438 1681 1493 conﬂictum
1732 1439 1979 1506 arripere
2044 1436 2305 1504 cupiens:

737 1537 816 1590 ita
843 1545 906 1590 ut
936 1535 1330 1604 obstupescens
1362 1532 1726 1586 Maximianus
1753 1536 1974 1585 vocaret
2024 1528 2090 1582 ad
2113 1544 2170 1582 se
2200 1526 2309 1581 Ne-

743 1638 972 1690 storem,
1000 1625 1093 1696 qui
1122 1625 1189 1681 ad
1226 1625 1332 1680 boc
1364 1624 1663 1686 exsilierat,
1707 1622 1893 1690 illique
1938 1621 2094 1674 daret
2123 1620 2308 1673 consi-

737 1722 870 1774 lium
909 1719 1098 1775 dicens
1128 1737 1142 1773 :
1173 1718 1332 1783 Novi,
1360 1715 1507 1788 quod
1540 1725 1590 1770 te
1619 1715 1970 1785 pecuniarum
1994 1722 2206 1781 egestas
2241 1711 2307 1765 ad

2416 525 2560 579 tinus
2606 532 2857 581 mortuus
2898 534 3005 589 est,
3043 533 3099 580 et
3140 533 3440 580 extremam
3493 519 3624 576 fecit
3671 519 4000 590 imperatori

2410 616 2807 673 confusionem.

2479 709 2534 764 9.
2567 708 2721 764 Unde
2748 725 2852 763 nec
2883 709 3009 764 ullis
3038 710 3215 780 pactis
3243 717 3301 762 et
3344 705 3693 777 repromissis
3742 702 4000 774 pecuniis

2411 797 2627 850 Nestori
2659 812 3081 866 recompensans
3117 797 3251 867 (16),
3285 799 3380 852 sed
3423 812 3547 852 mox
3591 796 3648 850 in
3701 809 3811 849 suo
3860 793 4000 847 solio

2409 889 2663 953 resilivit.
2690 902 2747 946 et
2798 892 2969 946 tristis
3001 891 3071 947 ad
3111 893 3372 962 pa'atium
3411 904 3669 945 reversus
3714 895 3826 942 est.
3863 885 3999 940 Cum

2409 993 2593 1038 autem
2626 985 2675 1039 ei
2709 986 2927 1054 quidam
2947 989 3012 1041 de
3047 985 3319 1041 Demetrio
3353 984 3774 1056 suggessissent.
3808 979 3999 1034 statim

2412 1077 2464 1130 in
2507 1077 2584 1131 ira
2619 1086 2900 1147 permotus
2931 1081 2984 1132 in
3027 1079 3149 1147 ipso
3187 1078 3328 1142 loco,
3356 1078 3410 1131 in
3451 1092 3561 1147 quo
3592 1075 3695 1130 fuit
3725 1083 4002 1135 retentus,

2410 1167 2571 1236 jussit
2601 1182 2725 1222 eum
2775 1167 2979 1223 lanceis
3015 1169 3310 1238 perforari.
3350 1167 3423 1223 lta
3447 1168 3638 1222 beatus
3684 1163 4002 1218 Demetrius

2409 1259 2564 1314 bona:
2595 1259 2956 1315 confessionis
2985 1263 3304 1332 martyrium
3338 1258 3760 1315 consummavit.
3786 1257 4001 1324 Corpus

2412 1366 2539 1404 vero
2565 1349 2681 1416 ejus
2722 1351 2789 1405 ab
2837 1351 3278 1406 interfectoribus
3309 1351 3690 1421 parvipensum
3737 1355 3825 1401 est
3859 1363 3872 1396 :
3905 1343 4001 1398 sed

2409 1441 2626 1512 quidam
2677 1443 2908 1511 religiosi
2950 1444 3049 1496 viri
3097 1453 3260 1497 noctu
3313 1444 3547 1497 latenter
3590 1446 3897 1498 venerunt,
3946 1449 3997 1488 et

2409 1543 2685 1588 sumentes
2718 1533 2848 1588 illud
2889 1549 2951 1588 ex
2985 1534 3140 1603 ipsis,
3176 1535 3228 1587 in
3252 1536 3447 1602 quibus
3481 1532 3787 1602 projectum
3821 1528 4000 1580 fuerat

2409 1625 2748 1696 pulveribus,
2784 1634 2838 1680 et
2881 1633 3220 1693 compOrtata
3269 1635 3410 1679 terra
3439 1665 3452 1689 ,
3498 1631 3768 1692 quantum
3801 1627 3998 1687 potue-

2413 1727 2559 1780 runt,
2591 1718 2926 1773 abacondere
2969 1727 3324 1777 curaverunt.
3393 1733 3461 1771 ne
3485 1716 3763 1769 lasionem
3796 1712 3867 1763 ab
3901 1710 4000 1762 aii-

737 1823 948 1869 tantttm
981 1813 1280 1883 phantasia!
1300 1810 1493 1866 fecerit
1521 1808 1742 1870 elevari.
1801 1817 1860 1861 υι
1898 1813 1992 1859 θυι
2043 1817 2307 1873 superans
2339 1796 2378 1850 Β
2410 1826 2518 1880 quo
2543 1809 2611 1864 de
2640 1811 2883 1864 trucibus
2922 1822 2975 1864 et
3022 1811 3266 1864 cruentis
3311 1809 3641 1862 animalibus
3691 1804 4000 1860 sustineret

737 1907 962 1963 divitias
1015 1905 1330 1975 repentinas
1364 1901 1640 1971 acquiras,
1694 1909 1789 1954 aut
1847 1906 1976 1953 voto
2006 1897 2303 1959 fraudatus,

737 2015 862 2056 cum
895 1999 1003 2053 vita
1034 1998 1357 2052 tnolestante
1393 2009 1582 2049 careas
1631 2001 1895 2063 egestate.
1959 1989 2070 2061 Ego
2122 1999 2305 2043 autem

738 2089 834 2145 tibi
875 2089 947 2144 ob
989 2087 1396 2143 miseratiOnem
1434 2099 1538 2153 qua
1596 2082 1882 2137 adornaris
1917 2080 2113 2143 etatis,
2167 2079 2306 2134 dabo

736 2181 902 2236 etiam
931 2196 1031 2251 pro
1058 2179 1174 2235 solo
1203 2195 1342 2233 ausu
1377 2177 1644 2246 condigna
1685 2185 1740 2230 et
1771 2175 2098 2230 sufﬁcientia
2138 2174 2303 2238 dona,

737 2284 794 2330 et
812 2273 970 2338 vade,
1002 2272 1206 2327 habeas
1235 2285 1358 2326 cum
1409 2268 1520 2325 vita
1561 2268 1728 2322 etiam
1788 2268 1949 2322 dona.
1987 2263 2144 2334 Lyaeo
2176 2280 2306 2319 vero

734 2367 1090 2436 temetipsum
1125 2379 1197 2418 ne
1227 2362 1476 2434 objicias,
1502 2361 1759 2431 quoniam
1791 2359 1992 2414 multos
2024 2369 2075 2414 te
2109 2367 2304 2429 poten-

737 2463 904 2517 tiores
937 2460 1160 2515 devicit.

805 2553 859 2610 8.
893 2551 989 2608 His
1019 2551 1211 2608 Nestor
1241 2551 1461 2615 auditis,
1483 2564 1582 2605 nec
1616 2548 1805 2615 recipit
1837 2548 2036 2602 monita
2067 2547 2302 2615 impera-

733 2647 890 2704 toris.
919 2661 1097 2716 neque
1126 2645 1435 2700 formidavit
1464 2644 1530 2698 de
1557 2644 1757 2697 virtute
1787 2641 1954 2710 Lyaei,
1987 2637 2301 2708 imperatori

733 2745 914 2794 autem
946 2736 1223 2806 rettpondit
1254 2754 1267 2790 :
1298 2734 1407 2790 Nec
1441 2734 1707 2806 pecuniis,
1739 2743 1800 2786 ut
1847 2731 2183 2794 asseruistis,
2234 2729 2303 2783 ad

734 2829 876 2884 hunc
905 2843 1135 2900 agonem
1160 2828 1285 2883 veni
1311 2869 1324 2890 ,
1357 2827 1449 2881 sed
1486 2836 1547 2882 ut
1579 2826 1856 2880 meliorem
1892 2824 2049 2894 Lyaeo
2073 2832 2302 2876 memet-

733 2923 910 2990 ipsum
967 2919 1188 2974 reddam
1211 2919 1344 2989 (lui).
1366 2917 1481 2971 Mox
1510 2931 1637 2987 ergo
1667 2925 1773 2969 tam
1801 2917 2114 2985 imperator,
2137 2927 2301 2982 quam

733 3015 788 3067 hi
816 3013 906 3082 qui
938 3014 1082 3066 circa
1115 3021 1286 3075 erant,
1326 3010 1481 3080 Lyreo
1530 3009 1804 3072 faventes,
1847 3010 1903 3062 in
1955 3009 2089 3064 iram
2140 3007 2300 3062 dictis

732 3103 978 3157 Nestoris
1005 3111 1337 3171 consurgunt
1365 3101 1499 3169 (15).
1544 3100 1860 3168 iactantiam
1891 3099 2012 3167 ejus
2060 3113 2168 3153 non
2217 3099 2295 3150 fe-
2328 3133 2370 3191 ε

730 3203 912 3249 rentes
948 3212 962 3247 :
998 3195 1292 3262 imperator
1329 3208 1459 3247 vero
1493 3191 1835 3246 confortabat
1870 3190 2120 3260 Lyaeum,
2155 3201 2208 3244 et
2241 3190 2302 3244 ii-

728 3288 859 3343 dum
889 3303 1014 3342 eutn
1052 3287 1327 3342 reddebat.
1370 3285 1437 3340 At
1471 3285 1559 3339 ille
1600 3283 1820 3354 dignum
1855 3298 1914 3337 se
1950 3282 2298 3350 imperatorio

727 3377 936 3448 judicio
972 3377 1264 3434 festinabat
1290 3375 1598 3432 ostendere.
1639 3373 1884 3443 Cumque
1917 3371 2058 3429 facta
2105 3371 2299 3428 fuisset

731 3557 939 3612 habet:
991 3573 1009 3606 t
1062 3552 1193 3608 Erat
1219 3563 1398 3607 autem
1447 3553 1803 3622 gladiatorum
1836 3552 1974 3622 alter
2028 3552 2296 3606 maximus

733 3626 948 3698 tyranni
982 3625 1338 3698 amicus,_qui
1376 3621 1618 3677 omnium
1648 3624 1851 3692 optime
1879 3621 2164 3677 videbatur
2191 3638 2294 3691 pu-

734 3694 923 3769 gnare,
957 3694 1180 3769 pomine
1215 3695 1419 3764 Lymus.
1451 3711 1480 3769 ὀ

804 3763 1103 3837 (12)-Αυιμρε
1131 3761 1667 3837 όυηῐοξριηιλγωυῐη
1708 3761 1958 3837 videlicet
1998 3769 2052 3816 et
2098 3761 2298 3816 Nesto-

731 3832 869 3896 rem,
900 3832 989 3888 die
1018 3835 1131 3898 illo,
1167 3848 1273 3901 quo
1307 3832 1649 3896 Maximiano,
1686 3834 1750 3902 ad
1781 3832 2138 3902 gladiatorum
2171 3848 2298 3900 spe-

730 3904 1000 3961 ctaculum
1032 3905 1367 3973 pr0peranti,
1400 3911 1654 3956 sanctum
1704 3901 2032 3955 Demetrium
2077 3915 2296 3973 captum

731 3971 1320 4042 stiteruntfsingulari
1350 3976 1647 4027 certamine
1681 3973 2056 4025 decertaturos
2105 3971 2293 4042 fuisse,

730 4045 994 4098 I‘hotiana
1041 4041 1205 4109 illius,
1259 4055 1419 4113 prout
1453 4043 1823 4113 Latiueversa
1873 4050 2076 4113 exstat.
2111 4041 2295 4095 Passio

731 4115 976 4167 iudicare
1016 4110 1365 4170 videturfuti
1406 4114 1564 4166 etiam
1614 4110 1897 4165 Nestorem
1942 4111 2292 4179 gladiatorem

730 4184 919 4238 fuisse.
955 4181 1146 4237 Verbis
1174 4183 1339 4245 enim,
1374 4187 1437 4235 ad
1465 4181 1702 4235 litteram
1731 4181 2124 4250 praecedentem
2155 4181 2292 4234 reci.

730 4253 879 4319 tatis,
926 4255 1171 4320 proxime
1215 4254 1331 4307 haec
1362 4251 1524 4306 habet
1564 4260 1806 4305 subnexa
1847 4269 1859 4304 :
1911 4271 1928 4303 t
1975 4252 2076 4315 Qui
2108 4260 2290 4304 autem

730 4339 852 4377 cum
887 4321 980 4377 illo
1012 4321 1194 4391 (Lyaeo
1223 4322 1508 4391 nimirum)
1539 4336 1604 4374 eo
1640 4323 1724 4373 die
1753 4320 2164 4391 depugnaturus
2197 4334 2288 4372 ve-

733 4403 909 4460 nerat,
941 4390 1188 4461 plebeius
1209 4399 1343 4454 erat,
1364 4390 1577 4458 juvenis
1598 4400 1775 4447 atate.
1804 4391 2025 4443 nomine
2043 4390 2254 4444 Nestor.
2272 4408 2292 4440 ι

2411 1905 2546 1973 (17).
2574 1904 2715 1958 Nulli
2748 1913 2928 1958 autem
2958 1915 3076 1974 post
3109 1906 3220 1959 haec
3248 1919 3390 1958 curae
3422 1903 3525 1957 fuit
3551 1899 3858 1954 transferre
3881 1910 3999 1949 cer-

2407 1998 2693 2067 pusculum
2725 1996 2930 2059 Santti,
2958 1999 3053 2052 sed
3096 1998 3352 2051 manebat
3386 1997 3488 2050 sub
3518 1995 3675 2064 signo
3711 1991 3852 2061 (18).

2480 2085 2566 2152 10,
2597 2087 2766 2143 Porro
2798 2101 2857 2142 ut
2898 2089 3173 2142 modicum
3201 2087 3599 2149 celebraretur,
3656 2097 3772 2136 non
3821 2093 3997 2149 pauca

2406 2180 2461 2235 in
2490 2181 2680 2236 eodem
2706 2180 2826 2236 loco
2867 2181 3004 2236 facta
3029 2192 3155 2237 sunt
3176 2182 3437 2236 virtutum
3468 2195 3530 2235 ac
3567 2177 3872 2233 sanitatum
3910 2174 3995 2226 in-

2403 2270 2572 2342 signia
2607 2272 2711 2338 bis,
2748 2277 2836 2341 qui
2863 2273 2968 2328 fide
3002 2290 3128 2329 eum
3158 2274 3505 2328 invocabant.
3541 2273 3676 2327 Cum
3711 2271 3826 2336 jam
3856 2267 3995 2320 fuis-

2404 2373 2488 2416 set
2519 2363 2768 2416 meritum
2802 2365 3055 2434 martyris
3082 2365 3440 2434 divulgatum,
3471 2361 3740 2418 Leontius
3768 2359 3993 2426 quidam

2406 2451 2516 2522 (19)
2547 2453 2658 2507 Deo
2699 2454 2970 2519 amabilis,
3002 2457 3085 2508 vir
3112 2457 3384 2510 adoznatts
3429 2456 3692 2510 thronum
3746 2452 3992 2522 Illyrico-

2405 2557 2524 2595 rum
2557 2544 2914 2614 praefectura,
2945 2547 3191 2611 domum,
3230 2563 3350 2618 quas
3382 2547 3791 2601 sanctissimum
3814 2543 3994 2598 conti-

2403 2643 2565 2697 nebat
2594 2646 2846 2715 martyris
2876 2659 3090 2715 corpus,
3125 2661 3245 2700 cum
3279 2647 3578 2700 humillima
3607 2653 3776 2708 esset,
3807 2651 3866 2696 et
3889 2657 3994 2695 un-

2405 2735 2569 2804 dique
2591 2735 2783 2791 obruta
2801 2747 2852 2791 et
2871 2748 3162 2807 coangusta
3189 2752 3223 2794 a
3245 2739 3544 2808 porticibus
3571 2735 3777 2806 publici
3804 2732 3994 2788 balnei

2405 2843 2468 2880 ac
2508 2828 2688 2890 stadii,
2726 2831 2983 2883 universa
3018 2832 3273 2884 nocentia
3309 2829 3593 2890 mundavit
3621 2835 3678 2882 et
3715 2837 3993 2894 expurgac

2406 2919 2513 2982 vit,
2546 2919 2842 2988 ptediisque
2881 2920 3238 2988 ampliaribus
3283 2920 3534 2974 dilatavit
3579 2933 3698 2973 eam
3735 2916 3878 2984 (ΞΟ),
3938 2926 3994 2970 et

2403 3012 2579 3067 erexit
2606 3012 2678 3066 ibi
2709 3007 3155 3078 oratoriumﬁi)
3189 3013 3242 3064 in
3278 3015 3482 3066 honore
3514 3010 3685 3064 sancti
3730 3009 3997 3079 martyris

2405 3102 2695 3167 Demetrii,
2732 3104 2798 3157 ad
2843 3105 3056 3158 laudem
3103 3105 3315 3158 Domini
3351 3105 3520 3158 nostri
3565 3103 3695 3157 Jesu
3737 3101 3991 3164 Christi,

2408 3213 2529 3252 cum
2557 3213 2665 3266 quo
2694 3209 2774 3253 est
2805 3198 2950 3252 Patri
2995 3208 3049 3252 et
3079 3199 3308 3267 Spiritui
3359 3209 3547 3262 sancto
3579 3197 3775 3268 gloria,
3812 3197 3990 3252 bono:

2405 3300 2459 3343 et
2489 3291 2781 3361 imperium
2817 3294 2872 3344 in
2913 3291 3102 3346 saecula
3137 3291 3481 3345 sreculorum.

2405 3554 2536 3621 (adi.
2572 3569 2692 3623 quae
2714 3571 2778 3609 ex
2811 3556 2913 3609 hac
2956 3557 3019 3611 ad
3070 3556 3176 3608 litt.
3222 3556 3452 3625 przeced.
3495 3558 3643 3621 dedi,
3673 3554 3872 3623 verba)
3911 3555 3998 3611 di-

2403 3633 2547 3702 serte
2581 3634 2665 3702 tra
2689 3626 2771 3702 lit,
2798 3628 2971 3702 i_t_l_que_
2999 3628 3185 3702 et_i_am,
3225 3626 3464 3702 qu:e_b_ic
3505 3645 3628 3681 tuox
3655 3628 3993 3702 in‘Anasta-

2401 3695 2551 3816 aiam:
2586 3695 2772 3750 Sancti
2798 3695 2917 3752 Vita
2942 3697 3008 3752 de
3038 3696 3266 3751 Nestore
3287 3697 3614 3762 subdantur,
3640 3697 3779 3752 satis
3800 3707 3991 3752 osten-

2441 3779 2509 3816 un
2543 3805 2556 3816 .

2441 3774 2556 3818 uni.

2473 3835 2585 3901 (14)
2634 3834 2733 3889 Ms.
2781 3836 3104 3889 Trevirense
3169 3837 3340 3891 sancti
3415 3836 3692 3890 Maximini
3757 3837 3930 3891 habet
3975 3855 3989 3890 :

2408 3921 2426 3955 ι
2467 3904 2572 3975 Sed
2607 3914 2666 3975 ut
2700 3905 2979 3959 meliorem
3044 3907 3196 3974 Lya-o
3229 3908 3608 3975 memetipsum
3638 3907 3985 3961 ostendam.-

2476 3974 2692 4048 (l_5)__ln
2744 3991 2845 4029 ms.
2899 3975 3293 4031 [iubete-vallis
3334 3978 3578 4048 legitur:
3625 3996 3641 4028 t
3681 3977 3812 4031 lrati
3863 3989 3994 4030 sunt

2401 4043 2562 4099 diczis
2599 4044 2862 4099 Nestoris.
2906 4065 2922 4096 ι

2440 4114 2588 4196 ,(16)
2636 4116 2693 4168 in
2746 4131 2850 4169 ms.
2886 4113 3196 4170 Trevircnsi
3240 4117 3409 4170 sancti
3445 4115 3726 4171 Maximini
3771 4117 3994 4174 additur

2400 4193 2676 4238 victoriam
2689 4225 2700 4236 .

2474 4254 2585 4322 (l7)
2615 4255 2716 4319 Qui
2746 4253 2925 4308 Sancti
2957 4270 3153 4322 corpus
3177 4271 3204 4309 a
3227 4256 3472 4310 fidelibus
3496 4255 3657 4310 fuerit
3681 4258 3988 4323 sepultum,

2404 4323 2455 4376 in
2489 4323 2750 4378 Phoiiana
2779 4339 2900 4387 ejus
2931 4323 3188 4379 Passione
3219 4326 3291 4378 ita
3323 4327 3652 4394 exponitur:
3683 4345 3700 4376 ι
3737 4328 3820 4380 Pii
3854 4343 3988 4382 vero

2406 4409 2605 4466 corpus
2655 4395 2907 4464 martyris
2946 4397 3085 4449 clam
3127 4399 3194 4449 de
3242 4404 3424 4465 nocte.
3476 4397 3700 4466 quando
3731 4398 3848 4451 illis
3882 4398 3989 4450 im-

736 4463 933 4536 i’erum
968 4462 1152 4526 verba,
1185 4465 1250 4516 ad
1283 4461 1648 4536 litt._pr:_r_ced_.
1677 4463 1929 4525 recitata,
1950 4474 1984 4536 e_
2010 4461 2210 4529 quibus
2239 4461 2298 4513 il-
2327 4469 2378 4528 1)
2407 4461 2614 4536 piorum
2646 4461 2822 4518 terror
2858 4466 3228 4536 permittebat,
3259 4461 3319 4518 in'
3351 4461 3656 4530 ruderibus,
3693 4467 3746 4520 in
3783 4467 3990 4536 quibus

731 4534 842 4595 lud,
880 4534 924 4588 si
961 4547 1065 4586 una
1098 4547 1222 4586 cum
1250 4532 1455 4597 verbis,
1489 4530 1577 4586 hic
1612 4533 1722 4599 jam
1759 4531 2125 4599 transcriptis,
2160 4547 2294 4582 ron-

731 4602 1062 4665 siderentur,
1102 4609 1349 4672 apparet,
1376 4600 1565 4672 (ἓξ-,ςεεο
1610 4600 1788 4672 Pbotii
1827 4600 1996 4672 textui
2044 4602 2184 4672 haud
2212 4609 2293 4672 sat

730 4681 985 4728 accurate
1041 4665 1365 4728 consonant.
1420 4669 1517 4726 Hic
1569 4672 1714 4726 enim
1749 4671 1827 4724 sic
1858 4671 2020 4724 habet
2057 4687 2069 4723 :
2100 4665 2206 4722 'Hv
2237 4671 2291 4721 δὲ

730 4746 840 4795 τῶν
882 4743 1218 4822 μονομάχωῖ
1251 4743 1278 4794 ὁ
1325 4729 1562 4822 ρίάλιστᾳ
1591 4742 1667 4811 τῷ
1714 4742 1965 4822 ῖυρὰννῳ
1993 4745 2084 4792 καὶ
2107 4740 2294 4822 590.26-

735 4761 840 4795 των
882 4761 1206 4865 μνομαέοων
1251 4761 1278 4794 ο
1325 4761 1562 4811 μαλιστα
1591 4761 1667 4811 τῳ
1714 4761 1965 4822 τυραννφ
1993 4761 2084 4792 και
2112 4761 2294 4805 φιλου-

735 4829 895 4879 μενος
941 4811 1036 4862 καὶ
1153 4809 1260 4863 κῶν
1305 4815 1446 4864 κατὰ
1482 4813 1701 4863 πάντων
1729 4811 2063 4878 ἀριστευειν,
2094 4812 2295 4872 Λυαῖος

730 4884 924 4952 ὅνομα.
978 4879 1103 4935 11ωο
1142 4889 1322 4952 autem
1366 4880 1553 4952 Graeca
1578 4881 1763 4952 verba,
1807 4879 2085 4952 strictiori_
2122 4880 2294 4932 iutur-

730 4949 1038 5019 pretatione
1069 4951 1336 5015 adhibita,
1363 4951 1434 5005 ita
1483 4960 1678 5004 sonant
1706 4949 1899 5005 Latine
1942 4966 1957 5004 :
1999 4967 2016 4999 ‹
2050 4949 2296 5002 Eratau-

730 5032 842 5074 sem
874 5021 1233 5093 gladiatorum
1272 5020 1360 5076 ille
1395 5023 1523 5089 (non
1557 5021 1713 5084 alter,
1742 5020 1883 5143 quod
1925 5019 2062 5073 bene
2105 5030 2296 5072 notan-

730 5095 882 5143 dumi
913 5091 1006 5143 oui
1039 5106 1068 5143 a
1103 5101 1327 5143 tvranno
1356 5100 1410 5143 et
1439 5090 1672 5143 maxime
1702 5090 1752 5143 di
1778 5089 2022 5143 izebatur
2037 5097 2092 5143 et
2114 5100 2296 5143 contra

729 5089 1006 5162 dum)'qui
1039 5106 1068 5143 a
1103 5101 1327 5160 tyranno
1356 5100 1410 5146 et
1439 5090 1672 5146 maxime
1702 5089 2022 5162 diligebatur
2037 5097 2092 5144 et
2114 5100 2298 5162 contra

728 5178 917 5286 ἱιηιιεε
945 5164 1231 5231 pugnando
1251 5162 1536 5232 praevalere
1565 5174 1724 5231 posse
1749 5161 2048 5227 videbatur,
2073 5161 2294 5214 nomine

777 5247 939 5286 vanus.

773 5247 939 5301 fmus.

804 5301 914 5372 (13)
945 5299 1220 5362 Plebeium
1255 5305 1400 5361 hunc
1441 5302 1631 5372 fuisse,
1675 5299 1937 5360 Photiana
1966 5299 2148 5356 Sancti
2176 5300 2295 5355 Vita

2404 4535 2726 4589 interfet-tus
2750 4546 2886 4598 erat,
2937 4534 3128 4589 eﬂ‘ossa
3162 4547 3327 4597 terra,
3355 4537 3649 4604 sepeliunt.
3691 4556 3710 4588 ι

2471 4605 2583 4673 (18)
2608 4605 2738 4660 Voci
2764 4606 2891 4659 huic
2913 4607 3347 4660 substituendum
3378 4615 3507 4674 puto
3530 4616 3674 4658 terra
3696 4609 3779 4662 vel
3800 4611 3871 4660 In:
3883 4624 3990 4664 me.

2401 4677 2799 4754 rationemque.
2833 4692 2930 4729 cur
2965 4675 3035 4754 ita
3065 4677 3393 4740 existinmm,
3421 4675 3824 4733 Comtnentarii
3856 4693 3993 4747 prae-

2401 4746 2470 4797 vii
2501 4761 2650 4798 num.
2681 4747 2747 4800 78
2772 4747 3019 4813 exposui.

2474 4817 2583 4884 (l9)
2623 4815 2720 4870 ll.c
2746 4817 3132 4870 verosimiliter
3162 4817 3364 4871 strculo
3403 4817 3599 4886 quinto
3631 4817 3866 4872 ineunte
3897 4815 3989 4870 ﬂo-

2401 4887 2527 4938 ruit.
2567 4887 2667 4938 Adi
2704 4887 3166 4940 Commentariun:
3198 4888 3457 4952 pra-vium
3488 4901 3639 4941 nunt.
3670 4887 3761 4943 τι.

2474 4954 2582 5025 (9.0)
2623 4957 2718 5025 Ms.
2754 4957 3134 5010 Ilubew-wllis
3167 4956 3324 5011 habet
3352 4958 3559 5010 ditarit.

2473 5024 2583 5095 (‘21)
2619 5024 2695 5080 Ne
2725 5026 2850 5080 hinc
2881 5027 3286 5097 inferasjrdem
3338 5041 3570 5092 sacram,
3605 5042 3769 5097 quam
3803 5027 3983 5084 Leon-

2399 5095 2508 5148 tius
2546 5107 2732 5150 sam'to
2785 5098 3055 5151 Demetrio
3085 5095 3490 5151 Thessalonica:
3537 5095 3830 5162 exstruxit,
3865 5099 3980 5152 exi-

2401 5181 2518 5240 gum
2551 5171 2809 5240 duntaxat
2838 5168 3004 5240 molis
3039 5167 3322 5240 sublicium
3371 5169 3558 5222 fuisse.
3591 5166 3829 5234 Videsis,
3862 5183 3988 5240 qu:

2398 5238 2788 5292 Commentarii
2822 5238 3007 5309 prwvii
3040 5235 3067 5307 §
3102 5237 3132 5288 7
3161 5238 3434 5309 disputata
3467 5247 3615 5294 sunt.
