4218 6442
742 364 878 430 1183

2056 367 2714 430 SUPPLEMENTUM.

3890 355 4022 422 1186

739 491 853 536 met
882 489 937 533 et
968 478 1065 543 illi,
1115 478 1207 548 qui
1260 480 1311 533 ei
1378 477 1630 543 aderant,
1668 476 2014 533 celerrimam
2056 477 2312 547 martyris
2343 483 2383 536 Δ

2345 483 2383 536 Δ
2415 477 2702 547 ἐπέτυχεν,
2731 474 2872 530 ὥστε
2920 472 3226 546 θαυμάζειν
3269 472 3436 527 αὐτόν
3480 489 3537 526 τε
3588 471 3682 525 καὶ
3716 471 3850 533 τοὺς
3883 470 4011 538 περὶ

739 571 1112 628 visitationem
1143 570 1503 638 mirarentur,
1529 573 1842 644 gratiasque
1868 572 1979 626 Deo
2012 579 2068 626 et
2111 571 2318 640 glorio-

741 663 958 718 sissimo
990 663 1209 734 martyri
1243 664 1516 719 Demetrio
1546 675 1804 732 agerent;
1827 663 1918 733 qui
1947 663 2158 730 statim,
2189 678 2317 719 cum

741 761 1092 806 arcuatorum
1128 767 1356 820 operum
1394 753 1636 808 fornices
1690 769 1799 808 una
1860 769 1986 809 cum
2043 769 2314 824 aquarum

743 842 1047 895 calidarum
1108 842 1272 896 domo
1306 844 1671 913 publicisque,
1727 862 1846 916 qua:
1903 844 2102 902 ibidem
2137 857 2318 913 crant,

744 936 993 1004 portibus
1031 935 1397 991 destruxisset
1429 952 1493 992 ac
1515 948 1903 1010 espurgasset,
1940 944 2313 995 venerandum

748 1037 938 1080 sant-to
966 1031 1188 1099 martyri
1221 1031 1479 1099 templum
1513 1032 1658 1086 inter
1690 1034 1969 1103 public-um
2034 1033 2316 1088 lavacrum

742 1131 794 1172 et
847 1121 1082 1173 stadium
1137 1121 1428 1188 exstruxit,
1482 1125 1780 1177 'munerum
1839 1123 1996 1192 copia
2048 1121 2101 1176 id
2160 1136 2316 1177 exor-

743 1227 905 1269 nans.

814 1394 900 1447 16.
934 1394 1068 1448 Cum
1122 1405 1303 1449 autem
1339 1395 1396 1450 in
1445 1395 1720 1468 Illyricum
1751 1399 1863 1469 (‘20)
1897 1409 2045 1454 esset
2108 1403 2317 1456 disces-

746 1504 934 1548 surus,
963 1499 1172 1557 partem
1204 1490 1497 1559 quamdam
1532 1490 1889 1558 reliquiarum
1946 1494 2222 1562 martyris,
2261 1502 2319 1548 ut

744 1593 798 1635 et
836 1582 906 1634 ibi
933 1583 1193 1650 templum
1226 1584 1329 1635 sub
1357 1584 1476 1651 ejus
1502 1586 1726 1637 nomine
1762 1586 2019 1656 erigeret,
2068 1588 2320 1656 accipere

742 1673 912 1725 voluit
942 1690 954 1736 ;
1005 1689 1164 1740 quem
1197 1675 1627 1743 gloriosissimus
1660 1687 1883 1738 martyr,
1917 1688 2079 1731 noctu
2109 1687 2318 1743 astans,

743 1766 797 1818 id
858 1767 1085 1834 exsequi
1142 1767 1442 1836 prohibuit.
1500 1770 1738 1838 Accepta
1795 1769 1958 1837 igitur
2005 1771 2316 1841 chlamyde,

743 1862 1010 1926 sanguine
1044 1860 1212 1929 Ipsius
1248 1860 1440 1924 tincta,
1473 1869 1739 1930 parteque
1789 1862 1979 1926 orarii,
2039 1863 2094 1917 in
2145 1864 2316 1934 lipsa~

742 1955 974 2005 nollieca
1008 1963 1284 2023 argentea,
1316 1969 1440 2007 eum
1476 1954 1528 2007 in
1557 1955 1718 2009 linem
1747 1955 2018 2019 confecta,
2053 1973 2116 2011 ea
2144 1957 2316 2027 depo-

742 2044 891 2108 suit;
925 2060 1049 2097 cum
1103 2057 1287 2097 autem
1341 2045 1444 2097 iter
1490 2045 1718 2108 faceret,
1771 2047 2059 2117 hiemsque
2119 2064 2317 2119 aspera

742 2145 908 2192 esset.
944 2151 1305 2207 egressusque
1329 2137 1486 2191 alveo
1513 2137 1792 2194 Danubius
1831 2141 2024 2196 diebus
2039 2142 2318 2198 suﬂicien—

745 2227 892 2281 tibus
922 2228 1088 2281 etiam
1119 2230 1356 2282 navibus
1391 2230 1493 2284 iter
1546 2231 1692 2284 haud
1730 2233 2084 2300 relinqueret,
2111 2235 2311 2309 “viam-

742 2333 848 2386 que
893 2334 1218 2387 promovere
1267 2320 1580 2392 impediret,
1615 2324 1800 2382 animo
1846 2325 2138 2396 despondit
2171 2343 2313 2398 prze-

744 2409 944 2469 fectus.

818 2688 904 2741 Π.
947 2699 1128 2756 ipsum
1157 2696 1340 2741 autem
1366 2687 1499 2743 vidit
1535 2689 1984 2759 gloriosissimum
2018 2703 2313 2763 martyrem

745 2781 1100 2842 Demetrium,
1131 2780 1231 2850 ipsi
1265 2781 1555 2846 dicentem,
1586 2781 1884 2839 DilIidentia
1913 2787 2062 2841 omni
2089 2788 2316 2858 pusilla-

742 2877 1101 2942 nimitateque
1144 2873 1417 2945 deposita,
1439 2876 1738 2945 accipiens,
1758 2878 1902 2945 quod
1925 2881 2054 2942 fers,
2086 2877 2312 2934 ﬂuvium

743 2969 954 3035 absque
986 2969 1338 3023 cunctatione
1371 2967 1678 3038 ingredere.
1731 2967 1886 3025 Mane
1918 2971 2108 3040 igitur,
2143 2986 2313 3028 curru

743 3075 1071 3126 cunscenso,
1128 3061 1471 3116 veni-.randas
1543 3061 1806 3130 reliquias
1872 3078 2037 3117 manu
2093 3074 2312 3135 gestans

742 3150 964 3202 ﬂuvium
994 3151 1252 3206 innoxius
1289 3152 1544 3206 transivit
1575 3152 1716 3223 (2i),
1752 3153 1937 3223 itaque
1969 3165 2312 3213 transvectus

2422 561 2586 615 αὐτὸν
2622 563 2722 633 τὴν
2749 562 3015 634 ταχίστην
3052 562 3148 615 τοῦ
3191 561 3475 632 μάρτυρος
3528 562 3871 630 ἐπισκοπὴν,
3920 563 4013 612 καὶ

2421 653 2650 724 χάριτας
2671 654 2956 724 ὁμολογεῖν
2985 653 3062 724 τῷ
3083 653 3226 723 Θεῷ,
3253 654 3351 707 καὶ
3372 653 3453 721 τῷ
3499 643 3814 721 πανενδόξῳ
3867 651 4013 720 μάρο

2419 764 2545 818 τυρι
2569 746 2901 818 Δημητρίῳο
2937 744 2997 808 ὃς
3026 746 3229 800 αὐτίκα
3283 744 3429 800 κατὰ
3473 742 3574 807 τᾶς
3613 744 3725 796 τῶν
3756 743 4013 812 καμίνων

2421 840 2702 908 καμάρας,
2761 839 2878 910 ἁμα
2917 838 3010 892 καὶ
3040 840 3138 891 τοῦ
3169 839 3278 892 τῶν
3328 837 3551 908 θερμῶν
3597 836 3810 890 ὑδάτων
3859 837 4010 888 sinu

2421 932 2668 988 καθελὼν
2695 934 2790 987 καὶ
2822 932 3204 1004 περικαθάρας
3247 935 3388 1002 μετὰ
3440 931 3536 986 καὶ
3569 932 3676 984 τῶν
3713 932 3901 983 ἐκεῖσε
3931 929 4013 980 διο

2421 1046 2528 1083 των
2579 1028 2854 1098 δημοσίων
2901 1027 3146 1097 ἰμὸόλων
3195 1027 3292 1078 καὶ
3351 1024 3654 1090 προπινῶν,
3710 1023 4012 1091 ἀνήγηρεν

2423 1123 2728 1176 πάνσεπτον
2753 1115 2901 1173 οἷκον
2931 1119 3009 1189 τῷ
3044 1119 3305 1190 μάρτυρι,
3340 1118 3592 1187 δαψιλείᾳ
3650 1114 4014 1182 κατακοσμή-

2424 1233 2523 1278 σας
2552 1213 2780 1288 χερειῶν
2804 1214 2966 1284 μέσον
2981 1212 3076 1266 τοῦ
3103 1213 3365 1284 δημοσίου
3389 1210 3616 1280 λουτροῦ
3635 1213 3730 1263 καί
3763 1209 3864 1261 τοῦ
3891 1225 4017 1260 στα-

2421 1309 2555 1362 δίου.

2494 1403 2578 1458 ις’.
2646 1396 2874 1449 Μέλλων
2931 1397 2990 1449 δὲ
3056 1396 3405 1465 ἀπέρχεσθαι
3459 1397 3519 1447 ὲν
3572 1393 3648 1462 τῷ
3723 1389 4016 1458 Ἰλλυρικῷ

2422 1487 2699 1557 ἠϐουλήθη
2733 1488 2857 1542 τινὰ
2881 1488 2989 1542 τῶν
3023 1487 3297 1556 λειψάνων
3350 1487 3539 1539 λαεείν
3593 1486 3691 1538 τοῦ
3729 1486 4016 1553 μάρτυρος

2424 1581 2560 1650 πρὸς
2582 1580 2645 1632 τὸ
2669 1582 2897 1633 κάκεῖσε
2924 1580 3054 1634 ναὸν
3083 1580 3234 1646 αὖτῷ
3267 1578 3632 1647 οἰκοδομῆσαι
3691 1580 3773 1638 είς
3840 1577 4017 1642 ὄνομα

2421 1670 2518 1724 τοῦ
2546 1671 2704 1738 ἁγίου
2730 1688 2744 1702 ·
2777 1667 2935 1738 ᾧτινι
2965 1674 2994 1724 ὀ
3021 1671 3344 1734 πανίνδοξος
3369 1670 3670 1741 ἀθλοφόρος
3719 1668 3823 1720 τοῦ
3882 1669 4017 1734 Χρι-

2425 1761 2551 1815 στοῦ
2589 1764 2902 1834 Δημήτριος
2950 1764 3145 1824 νυκτὸς
3203 1763 3438 1825 ἐπιστὰς
3496 1762 3689 1814 τοῦτον
3722 1758 4016 1827 προελθεῖν

2421 1855 2774 1911 διεκώλυσεν.
2822 1855 3031 1910 ’Λαϐὼν
3060 1850 3155 1910 οὖν
3183 1855 3283 1926 τήν
3317 1853 3567 1924 χλαμύδα
3607 1851 3779 1905 αὑτοῦ
3814 1853 3917 1920 τὴν
3952 1853 4016 1903 ὲκ

2417 1949 2527 2002 τῶν
2585 1950 2761 2017 ἁγίων
2819 1950 3072 2018 αίμάτων
3140 1949 3500 2017 πεφυρμένην
3557 1947 3651 2000 καὶ
3694 1948 3868 2016 μέρος
3920 1945 4014 1997 τοῦ

2418 2041 2665 2111 ὀραρίου,
2721 2041 2818 2094 καὶ
2855 2041 3088 2112 ποιήσας
3150 2042 3541 2108 γλωσσόκομον
3597 2039 3905 2107 ἀργύρεον,
3953 2040 4013 2089 ὲν

2417 2134 2571 2205 αὑτῷ
2603 2134 2862 2188 ἀπέθετο.
2924 2123 3376 2204 Ὀδοιποροῦντοῖς
3425 2132 3483 2184 δὲ
3512 2132 3705 2192 αὑτοῦ,
3741 2132 3841 2182 καὶ
3876 2147 4010 2198 σφο-

2417 2227 2544 2297 δροῦ
2573 2229 2842 2297 χειμῶνος
2855 2229 3164 2295 γεγονότος,
3199 2225 3403 2280 καὶτοῦ
3427 2225 3726 2279 Λανουϐίου
3754 2223 4012 2291 ποταμοῦ

2416 2319 2778 2388 καχλάζοντος
2808 2321 2886 2390 τῷ
2917 2321 3180 2391 ῥεύματι,
3203 2321 3281 2384 ὡς
3314 2320 3450 2389 μηδὲ
3480 2326 3640 2371 ναυσὶ
3672 2320 3850 2385 πόρον
3886 2317 4012 2370 τοῦς

2414 2428 2505 2463 τον
2545 2413 2812 2480 ὑπάρχειν
2845 2414 2934 2464 ἐπὶ
2970 2413 3163 2475 ἱκανάς
3212 2429 3272 2464 τε
3302 2412 3516 2482 ἡμέρας
3559 2397 3645 2480 μή
3676 2411 4010 2463 ὑπολείπον-

2413 2519 2503 2565 τος
2535 2503 2725 2566 αὑτοῦ,
2755 2501 2870 2557 ἀλλ’
2899 2503 3180 2574 εἴργοντος
3210 2502 3309 2572 τὴν
3333 2503 3426 2554 επὶ
3451 2502 3511 2554 τὸ
3545 2501 4001 2564 προσωπορείαν,

2416 2595 2474 2648 ἂν
2507 2595 2715 2666 ἀθυμίᾳ
2737 2595 3034 2666 ιτύγχανεν
3065 2597 3094 2647 ὸ
3124 2594 3391 2665 ἔπαρχος.

2488 2688 2574 2752 ιζ’.
2599 2691 2712 2743 Καὶ
2746 2689 2812 2759 δὴ
2853 2689 3000 2758 ἑώρα
3048 2690 3142 2742 τὸν
3190 2689 3512 2755 πανένδοξον
3553 2691 3885 2760 Δημήτριον
3917 2690 4008 2742 λέ-

2414 2797 2578 2848 γοντα
2613 2780 2782 2848 αὐτῷ.
2816 2784 3003 2835 Πᾶσαν
3036 2782 3304 2836 ἀπιστίαν
3335 2783 3435 2836 καὶ
3483 2782 3726 2852 ἀθυμίαν
3767 2782 4010 2835 ἀπωσά-

2418 2892 2601 2945 μενος,
2639 2873 2818 2928 λαϐὼν
2850 2877 2987 2944 ὅπερ
3020 2878 3330 2945 ὲπιφέρεις,
3359 2876 3597 2946 πάρελθε
3628 2878 3720 2928 τὸν
3752 2876 4010 2944 ποταμὸν

2414 2970 2775 3030 ἀδιστάκτως.
2806 2967 3015 3021 Ἕωθεν
3043 2968 3134 3022 οὖν
3166 2970 3362 3032 mea;
3393 2970 3472 3038 τῷ
3493 2970 3738 3039 ὀχήματι
3780 2969 3931 3037 ἔχων
3955 2971 4014 3020 ἓν

2414 3061 2575 3133 χερσὶ
2611 3063 2712 3132 τὴν
2744 3061 2935 3130 τιμίαν
2961 3061 3141 3130 σορὸν,
3182 3062 3403 3132 διῆλθεν
3436 3061 3681 3132 ἀϐλαϐὴς
3709 3063 3808 3115 τὸν
3844 3080 4014 3116 ποτα·

2422 3156 2546 3224 μὸν,
2565 3157 2659 3210 καὶ
2684 3152 2862 3218 οὕτως
2891 3153 3167 3220 ἀπελθὼν,
3192 3155 3251 3207 ιν
3281 3153 3359 3224 τῷ
3386 3155 3605 3225 Σερμίῳ
3629 3155 3879 3207 ἀπέθετο
3909 3156 4012 3223 τὴν

744 3245 928 3299 Sirmii
962 3244 1072 3313 (ἥ)
1112 3260 1321 3298 sacram
1372 3244 1806 3314 lipsanothecam
1847 3263 1971 3301 cum
2022 3250 2308 3315 thesauro,
2338 3238 2386 3302 C

2345 3238 2386 3302 Β
2416 3249 2579 3316 ἁγίαν
2645 3249 2804 3319 σορὸν
2854 3251 2996 3319 μετὰ
3037 3247 3133 3301 τοῦ
3202 3248 3260 3300 ιν
3314 3247 3455 3316 αὐτῇ
3507 3246 3796 3316 θησαυροῦ
3838 3248 3899 3299 ιν
3931 3247 4011 3311 τῷ

742 3337 798 3389 in
833 3338 933 3389 liae
962 3344 1245 3398 contento,
1275 3335 1328 3388 in
1371 3336 1544 3389 sancti
1579 3337 1830 3392 Demetrii
1865 3338 2116 3404 ecclesia,
2141 3357 2312 3412 prope

743 3429 1118 3483 venerandum
1166 3427 1413 3496 pulchris
1442 3429 1688 3482 victoriis
1720 3430 1992 3485 decorate
2051 3435 2311 3503 martyris

749 3521 1048 3574 Anastasius
1103 3521 1367 3588 templum
1415 3530 1713 3584 exstructa,
1781 3524 2058 3593 deposuit.
2143 3526 2310 3582 Multa

742 3622 924 3667 autem
964 3622 1017 3666 et
1053 3613 1315 3667 miracula
1371 3624 1427 3668 et
1476 3616 1796 3671 sanationes
1832 3619 1887 3671 in
1933 3620 2038 3682 via,
2071 3636 2196 3674 cum
2254 3629 2310 3675 et

744 3721 942 3758 currus
993 3713 1049 3758 et
1116 3704 1370 3758 animalia
1429 3708 1800 3774 quiescerent,
1847 3709 2064 3763 Domini
2131 3711 2306 3765 nostri

741 3794 869 3848 Jesu
895 3793 1100 3848 Christi
1128 3806 1183 3850 et
1233 3797 1406 3866 gratia
1441 3807 1494 3850 et
1545 3798 1966 3865 longanimitate
1998 3810 2054 3853 et
2094 3801 2304 3854 miseri.

741 3886 926 3940 cordia
955 3886 1099 3941 Deus
1126 3889 1363 3955 patravit
1395 3903 1410 3951 ;
1440 3886 1525 3940 cui
1559 3887 1729 3957 gloria
1764 3899 1820 3942 et
1875 3890 2049 3945 virtus
2082 3907 2229 3946 nunc
2254 3902 2309 3947 et

739 3992 959 4046 semper
993 3987 1047 4031 et
1077 3981 1130 4032 in
1163 3978 1359 4032 szecula
1392 3981 1735 4033 saeculorum.
1769 3981 1960 4037 Amen.

806 4241 1307 4316 (20i_0cc_identale
1336 4243 1633 4316 nimirum;
1679 4245 2087 4302 Thessalonicae
2117 4249 2264 4304 enim
2287 4288 2304 4316 ,

736 4329 856 4384 quae
878 4313 1081 4384 illlyrici
1120 4314 1401 4384 orientalis
1433 4316 1624 4367 civitas
1654 4326 1788 4372 erat.
1826 4321 2161 4373 versabatur.

807 4383 921 4459 (ἓξ)
956 4381 1067 4432 l‘ec
1103 4383 1566 4459 liujiis_iniraculi.
1603 4401 1703 4439 nec
1733 4387 1980 4459 alterius.
2012 4405 2176 4459 supra
2207 4390 2297 4445 hic

738 4454 920 4512 relati,
951 4467 1058 4520 quo
1103 4453 1386 4525 Leontius,
1433 4453 1635 4509 Sancto
1668 4465 1764 4525 pat
1793 4453 2310 4520 ocinante,'sanitao

739 4535 847 4578 teni
879 4522 1236 4590 recuperarit,
1280 4527 1327 4574 in
1359 4521 1620 4578 Pliutiaua
1650 4521 1703 4578 et
1733 4530 2092 4583 Anastasiana
2117 4531 2304 4586 Sancti

738 4595 907 4647 nostri
935 4591 1048 4644 Vila
1081 4593 1278 4646 mentio
1310 4593 1387 4646 lii,

808 4661 920 4730 (ἳὲ)
977 4662 1234 4715 Sirmium
1280 4662 1823 4738 rrgoTliessalonica
1875 4667 2137 4721 Leontius
2181 4686 2307 4738 per-

737 4738 915 4805 rexit;
943 4748 1149 4805 verum,
1180 4749 1299 4805 cum
1339 4736 1462 4787 inde
1495 4736 1620 4790 illuc
1651 4740 2000 4805 pergentibus
2027 4736 2304 4795 Danubius

742 4801 1091 4871 trajiciendus
1120 4802 1260 4856 haud
1302 4805 1392 4856 sit.
1425 4801 1660 4861 rectene
1678 4801 1769 4861 hic
1789 4810 1989 4863 ﬂumen
2024 4810 2167 4864 istud
2204 4811 2302 4865 Le-

2418 3343 2548 3410 παρ’
2577 3341 2739 3394 αὑτοῦ
2795 3341 3070 3394 κτισθέντι
3121 3343 3302 3392 ἐκεῖσε
3365 3342 3660 3407 πανσέπτῳ
3728 3341 3850 3409 ναῷ
3911 3340 4009 3392 τοῦ

2416 3433 2574 3499 ἁγίου
2607 3432 2884 3502 μάρτυρος⁹
2927 3431 3240 3500 Δημητρίου
3301 3431 3532 3500 πλησίον
3560 3430 3656 3482 τοῦ
3691 3433 4008 3500 σεϐασμίου

2415 3523 2566 3576 οἴκου
2600 3523 2701 3592 τῆς
2735 3522 3361 3592 καλλινίκου-μάρτυρος
3401 3523 3794 3584 Ἀναστασίας.
3828 3524 4011 3576 Πολλά

2414 3633 2476 3667 τε
2506 3615 2785 3684 θαύματα,
2814 3616 2907 3666 καὶ
2934 3615 3104 3675 ἰάσεις
3137 3617 3164 3668 ὀ
3188 3614 3388 3684 Κύριος
3428 3615 3708 3678 εποίησεν,
3735 3616 3878 3668 hac.
3919 3618 4010 3668 διὰ

2413 3709 2510 3777 τῆς
2535 3706 2655 3759 ὁδοῦ
2702 3707 2764 3758 τὸ
2788 3704 2972 3775 ὄχημα
3005 3705 3096 3757 καὶ
3126 3706 3192 3758 τά
3231 3705 3347 3768 ζῶα
3378 3705 3782 3768 ἀνεπαύσαντο,
3813 3709 4008 3777 χάριτι

2416 3803 2512 3853 καὶ
2548 3800 2880 3867 οίκτειρμοίς
2907 3797 3004 3849 καὶ
3027 3797 3410 3869 φιλανθρωπία
3453 3796 3550 3850 τοῦ
3598 3799 3813 3869 Κυρίου
3847 3799 4008 3868 ήμῶν

2428 3892 2602 3961 Ἰησοῦ
2661 3891 2920 3961 Χριστοῦ,
2966 3886 3010 3959 ᾧ
3036 3894 3069 3962 ή
3122 3893 3270 3956 δόξα,
3321 3894 3416 3946 καὶ
3452 3895 3512 3946 τὸ
3541 3894 3740 3962 κράτος
3775 3893 3880 3946 νῦν
3910 3892 4008 3946 καὶ

2413 3986 2524 4048 ἀεὶ,
2556 3985 2649 4036 καὶ
2678 3985 2759 4047 εἰς
2791 3984 2916 4046 τοὺς
2945 3985 3146 4048 αιῶνας
3173 3985 3285 4037 τῶν
3309 3988 3540 4039 αἰώνων.
3589 3985 3795 4055 Ἀμήν.

2410 4252 2596 4306 ontius
2623 4251 2908 4318 traiecisse
2934 4251 3250 4306 indicatur?
3284 4251 3338 4304 ln
3389 4250 3629 4310 Daciam.
3678 4266 3806 4320 quae
3835 4252 3983 4310 Thes

2410 4323 2678 4384 salonica,
2711 4323 2816 4374 nisi
2862 4323 3090 4390 trajectu
3121 4321 3260 4374 Istro
3289 4337 3385 4375 seu
3411 4320 3684 4379 Danubio,
3721 4324 3867 4376 adiri
3898 4340 4006 4377 non

2410 4401 2617 4462 potest,
2650 4390 2935 4460 profectus
2970 4393 3158 4462 fuisse.
3198 4407 3371 4462 supra
3403 4396 3705 4453 ass-eritur;
3734 4406 3869 4445 cum
3907 4410 3990 4447 au-

2413 4460 2520 4517 tem
2554 4464 2670 4516 lieri
2699 4473 2891 4529 possm,
2927 4473 2986 4514 ut
3016 4460 3280 4514 Leontius
3323 4464 3374 4514 in
3415 4462 3656 4522 Daciam,
3687 4477 3719 4515 e
3745 4478 3856 4529 qua
3896 4463 4001 4516 Sir-

2412 4533 2603 4594 mium,
2631 4532 2736 4585 nisi
2769 4535 2907 4584 Istro
2939 4533 3140 4596 pariter
3166 4548 3260 4584 seu
3291 4531 3536 4584 Dauubiu
3569 4533 3825 4593 traierto.
3860 4535 4005 4586 adiri

2414 4617 2522 4655 non
2549 4613 2745 4670 potest,
2779 4601 3015 4669 primum
3049 4616 3167 4655 sese
3199 4603 3512 4662 contulerit,
3545 4618 3606 4654 ac
3648 4601 3716 4655 de
3743 4608 3854 4654 nde
3884 4612 3999 4655 tan-

2413 4682 2525 4726 tum
2559 4673 2812 4727 Sirmium
2843 4671 3057 4732 adierit,
3091 4672 3295 4743 erro‘is
3330 4672 3419 4724 hic
3465 4673 3619 4741 argui
3669 4686 3782 4726 non
3820 4683 4005 4743 potest

2413 4757 2710 4814 anonymus
2755 4743 2941 4797 Sancti
2977 4740 3147 4795 nostri
3177 4742 3539 4812 biograpbus.
