4218 6442
773 393 901 458 1191
2065 379 2706 443 SUPPLEMENTUM.
3905 376 3926 438 1
3949 374 4044 441 192

772 508 936 564 simul
992 503 1277 559 laitabatur
1311 512 1368 556 et
1415 499 1752 554 adiciebatur
1782 496 2007 550 dolore:
2045 495 2330 549 laetabatur
2363 505 2403 555 Α
2431 497 2438 523 έ

2377 505 2403 555 ι
2431 493 2592 563 ἥδετό
2623 509 2684 544 τε
2720 488 2856 560 ὁμοῦ
2889 490 2983 544 καὶ
3010 489 3256 557 άνιαρῶς
3287 483 3524 543 διέκειτο
3547 507 3560 523 ·
3588 492 3754 561 ἥδετο
3791 491 3924 560 μιν,
3961 495 4043 543 δτι

773 600 1017 671 quidem.
1052 593 1191 662 quod
1217 589 1533 660 martyrium
1561 602 1685 641 mox
1715 595 1864 640 esset
1894 593 2332 649 consecuturus;

2445 584 2641 654 μικρὸν
2705 587 2830 638 ὅσον
2880 581 3034 636 οὔπω
3098 582 3194 635 τοῦ
3259 583 3565 654 μαρτυρίου
3617 584 4041 654 ἁξιωθήσεττιαι

771 707 911 762 aegre
949 687 1158 742 ferebat
1194 695 1398 744 autem,
1430 680 1578 750 quod
1610 694 1720 732 non
1757 678 1969 731 videret
2002 685 2243 729 tortores
2267 676 2333 728 ad

2440 679 2696 748 ἔμελλενο
2750 679 2942 747 ἠνιᾶτο
2985 678 3066 739 δὲ,
3127 679 3211 730 ὅτι
3277 679 3352 749 μὴ
3397 678 3492 730 καὶ
3519 676 3720 731 θᾶττον
3771 679 4039 736 ἐπιόντας

770 800 830 841 ξε
860 783 1024 836 citius
1073 779 1358 838 accedere,
1423 787 1480 830 et
1519 791 1626 829 non
1659 775 1766 839 jam
1825 773 1891 826 ad
1949 781 2219 826 tormenta
2282 781 2338 824 et

2439 771 2586 838 αᾶτῷ
2611 772 2738 828 τοὺς
2766 769 3035 832 κολαστάς
3063 769 3274 830 ἐθεᾶτο,
3326 771 3422 822 καὶ
3450 770 3587 838 πρδς
3609 769 3894 837 βασάνους
3933 766 4035 838 ἤδη

771 887 1004 933 mortem
1058 873 1454 937 corriperetur.
1489 869 1720 922 Tantum
1770 867 1917 920 enim
1970 863 2338 918 contendebat

2440 863 2536 914 καὶ
2565 861 2657 914 τὸν
2680 861 2910 914 θάνατον
2935 861 3348 930 συνηρπάζετο.
3387 861 3660 923 Τοσοῦτος
3685 862 3802 929 γὰρ
3842 865 4035 930 Argyr,-

2438 953 2572 1024 τρίῳ
2603 953 2699 1004 τοῦ
2725 953 2813 1005 διὰ
2845 953 3088 1021 Χριστὸν
3118 951 3599 1019 ἀποθανεῖν’άγὼν
3630 948 3721 1022 ἦν,
3750 953 3860 1019 ὅση
3914 953 4037 1004 Μαι

2441 1046 2677 1115 ξιμιανῷ
2705 1045 2865 1098 πάλιν
2890 1045 2983 1098 τοῦ
3009 1046 3102 1098 τὸν
3121 1045 3298 1114 ἄνδρα
3331 1045 3482 1097 ἑλεῖν
3514 1033 3603 1098 sia
3643 1045 3756 1096 τῶν
3792 1057 4035 1111 χρηστο-

2439 1139 2615 1205 τέρων
2651 1137 2886 1206 σπουδή.
2922 1138 3035 1206 Τὴν
3069 1138 3297 1206 εἱρκτὴν
3325 1137 3508 1190 τοίνυν
3529 1137 3558 1187 ό
3589 1136 3807 1204 μάρτυς
3843 1149 4037 1184 κατει-

2442 1229 2649 1298 ληφὼς,
2715 1247 2733 1280 ι
2782 1229 2841 1284 '0
2899 1224 3056 1294 Θεὸς,
3111 1229 3322 1297 ελεγεν.
3360 1231 3441 1290 είς
3493 1227 3594 1296 τὴν
3626 1226 3900 1296 βοήθειάν
3935 1240 4038 1290 μου

775 967 1080 1023 Demetrius
1119 964 1257 1016 niori
1290 971 1511 1031 propter
1541 959 1842 1020 Christum,
1901 967 2166 1026 quantum
2212 962 2338 1008 stu-

772 1061 937 1114 debat
969 1054 1324 1108 Maximianus
1353 1067 1477 1104 eum
1506 1049 1869 1103 amelioribus
1898 1060 2173 1101 revocare.
2201 1044 2338 1098 Cum

775 1166 903 1220 ergo
937 1161 1136 1214 martyr
1158 1152 1397 1196 venisset
1431 1143 1494 1197 in.
1517 1155 1815 1205 carcerem,
1847 1137 2096 1192 dicebat:
2141 1155 2159 1187 ε
2195 1136 2339 1191 Deus

775 1245 828 1297 in
865 1239 1190 1309 adjutorium
1251 1251 1432 1290 meum
1491 1234 1731 1296 intende,
1794 1231 2047 1292 Domine,
2085 1230 2152 1283 ad
2182 1229 2341 1296 adju-

775 1337 1009 1388 vandnm
1068 1346 1153 1383 me
1207 1329 1428 1382 festina.
1467 1327 1788 1390 sQuoniam
1829 1333 1887 1377 tu
1945 1338 2006 1377 es
2071 1322 2336 1391 patientia

775 1442 915 1485 mea,
949 1424 1197 1484 Domine,
1252 1435 1376 1487 spes
1435 1432 1551 1471 mea
1611 1433 1639 1469 a
1673 1417 1962 1485 iuventute
1995 1428 2136 1465 mea.
2193 1413 2252 1464 In
2287 1421 2339 1464 te

773 1516 1128 1570 contirniatus
1181 1526 1298 1563 sum
1336 1509 1402 1562 ab
1433 1518 1626 1561 utero:
1661 1523 1690 1560 a
1735 1520 1928 1559 ventre
1979 1505 2173 1557 matris
2207 1514 2340 1554 mea:

775 1619 829 1662 tu
863 1622 921 1659 es
950 1612 1225 1674 protector
1258 1615 1432 1654 niens.
1484 1599 1539 1652 ln
1573 1607 1623 1652 te
1661 1599 1900 1651 laudatio
1940 1610 2061 1648 mea
2099 1609 2335 1660 semper.

774 1698 1004 1752 Psallam
1042 1695 1151 1747 Deo
1184 1707 1327 1754 meo,
1360 1691 1601 1760 quandiu
1635 1689 1809 1741 fuero.
1842 1688 2138 1754 Propterea
2161 1683 2340 1736 exsul-

2445 1321 2755 1390 πρόσσχεςο
2813 1321 3013 1389 Κύριε,
3071 1321 3151 1382 είς
3181 1319 3242 1370 τδ
3278 1318 3546 1387 βοηθῆσαί
3614 1333 3710 1385 μοι
3772 1315 4039 1367 σπεῦσον.

2445 1412 2569 1464 Ὀτι
2593 1413 2656 1465 σὺ
2697 1413 2728 1482 ἡ
2762 1411 3010 1479 ὑπομονὴ
3056 1429 3183 1479 μου,
3219 1411 3416 1478 Κύριε,
3445 1408 3654 1478 ἡὲλπίς
3690 1425 3800 1476 μου
3831 1408 3899 1458 εκ
3924 1406 4043 1457 v16-

2444 1501 2604 1568 τητός
2649 1517 2776 1569 μου.
2818 1498 2942 1551 Ἐπὶ
2977 1500 3034 1552 σὲ
3065 1499 3476 1568 ἑπεστηρίχθην
3505 1497 3614 1550 tith
3653 1495 3906 1564 γαστρός
3932 1513 3944 1524 ·
3977 1496 4042 1546 ἐκ

2446 1592 2652 1653 κοιλίας
2680 1592 2891 1662 μητρός
2935 1609 3036 1661 μου
3072 1591 3137 1644 σύ
3178 1608 3279 1660 μου
3310 1587 3360 1642 εἷ
3388 1591 3727 1659 σκεπαστής.
3773 1589 3867 1639 Ἐν
3901 1588 4042 1652 σοὶὴ

2447 1682 2680 1750 ὗμνησίς
2725 1701 2827 1752 μου
2889 1683 3200 1744 διαπαντός.
3241 1681 3412 1734 Ψαλῶ
3446 1682 3524 1749 τῷ
3580 1681 3699 1749 Θεῷ
3749 1697 3883 1748 μου,
3938 1679 4042 1738 ἓως

775 1792 973 1844 tabunt
998 1787 1138 1840 labia
1195 1799 1335 1844 mea.
1368 1796 1492 1836 cum
1550 1791 1841 1833 cantavero
1902 1778 2022 1840 tibi,
2058 1786 2113 1827 et
2160 1775 2340 1842 lingua
2375 1830 2414 1844 _

2375 1830 2414 1844 η
2448 1774 2700 1844 ὑπάρχω,
2767 1774 2870 1826 Διὰ
2916 1776 3077 1827 τοῦτο
3126 1775 3523 1842 άγαλλιάσεται
3569 1775 3636 1825 τά
3673 1773 3834 1841 χείλη
3894 1788 4038 1838 μου.

773 1897 890 1934 mea
929 1889 1036 1933 tota
1071 1879 1157 1930 die
1179 1874 1532 1930 meditabitur
1558 1872 1826 1943 justitiam
1861 1880 2010 1924 tuam
2049 1867 2152 1938 (8).

851 2056 936 2110 i0.
995 2055 1240 2108 Peractis
1293 2061 1477 2105 autem
1539 2048 1812 2119 precibus,
1867 2045 2017 2101 videt
2044 2046 2341 2114 scorpium,

778 2164 875 2217 per
905 2156 1102 2200 terrain
1137 2154 1570 2214 proserpentem,
1608 2141 1701 2210 qui
1736 2149 1791 2193 et
1826 2139 2075 2192 aculeum
2108 2137 2346 2192 sostule-

781 2249 886 2299 rat,
919 2249 974 2291 et
1005 2239 1124 2305 ejus
1153 2235 1344 2305 pedem
1365 2247 1479 2287 erat
1513 2241 1839 2301 puncturus.
1861 2230 1952 2282 llle
1981 2241 2159 2282 autent
2185 2243 2347 2282 eruce

777 2330 1042 2391 munitus,
1103 2342 1223 2380 cum
1281 2340 1404 2378 eum
1451 2323 1786 2384 invocasset,
1812 2321 1903 2389 qui
1935 2319 2085 2373 dedit
2117 2335 2215 2373 suo
2251 2319 2347 2390 (ig-

780 2431 963 2476 mento
1008 2419 1220 2472 calcare
1278 2432 1439 2486 posse
1475 2423 1760 2483 serpentes
1790 2422 1845 2466 et
1895 2413 2160 2482 scorpios,
2197 2413 2345 2465 illum

781 2513 958 2565 reddit
991 2520 1288 2569 mortuum,
1343 2508 1426 2562 vel
1463 2506 1643 2575 potius
1699 2520 1822 2558 eum
1857 2504 1947 2572 qui
1992 2503 2346 2571 intelligentia

782 2604 1106 2673 percipitur,
1140 2602 1443 2669 scorpium,
1501 2597 1592 2666 qui
1646 2597 1698 2650 in
1756 2610 1822 2649 eo
1871 2594 2094 2648 latebat.
2151 2593 2346 2648 Statim

784 2703 972 2747 autem
1007 2691 1224 2745 divinus
1249 2690 1581 2758 eiapparens
1610 2686 1832 2756 angelus
1855 2686 1974 2755 ejus
2002 2686 2159 2754 capiti
2193 2700 2351 2738 coro-

781 2801 906 2838 nam
940 2784 1193 2852 imponit,
1249 2783 1473 2835 dicens:
1535 2778 1646 2832 Pax
1703 2778 1820 2842 tibi,
1855 2778 2062 2831 Christi
2122 2777 2347 2831 athleta.

787 2876 915 2930 Εδῑο
962 2876 1143 2942 fortis,
1174 2883 1228 2928 et
1269 2884 1318 2926 te
1354 2874 1527 2925 virum
1564 2871 1744 2940 praebe
1770 2871 1868 2940 (9).
1906 2869 1994 2922 Sic
2044 2869 2138 2938 qui
2193 2870 2350 2923 velox

785 2970 954 3025 estad
1038 2967 1470 3021 consolationem
1532 2978 1722 3018 eorum
1783 2962 1874 3030 qui
1931 2961 2106 3029 ipsum
2139 2962 2347 3026 timent,

790 3061 1066 3122 Dominus,
1102 3059 1263 3112 simul
1296 3068 1459 3126 atque
1507 3054 1609 3108 l'nit
1646 3054 1895 3108 inclusus
1926 3054 1982 3108 in
2018 3069 2263 3116 carcere,
2299 3060 2354 3108 et

2373 1830 2417 1888 B

2445 1869 2574 1918 ὅταν
2596 1866 2786 1935 ψάλλω
2813 1883 2920 1929 σοι,
2955 1868 3050 1920 καὶ
3080 1872 3112 1934 η
3145 1867 3372 1932 γλῶσσά
3405 1883 3504 1928 μου
3526 1866 3656 1934 ὃλην
3687 1865 3790 1932 τὴν
3822 1861 4042 1930 ἡμέραν

2450 1958 2737 2028 μελετήσει
2770 1958 2868 2028 τὴν
2893 1957 3244 2026 δικαιοσύνην
3272 1975 3422 2012 σου.»
3727 2001 3729 2003 .

2528 2047 2582 2101 ι’.
2620 2050 2729 2100 Καὶ
2759 2049 2853 2116 τῆς
2887 2048 3054 2118 εὐχῆς
3093 2051 3245 2125 αὐτῷ
3272 2050 3648 2117 τελεσθείσης,
3709 2047 3817 2114 ὁρᾷ
3877 2059 4042 2112 σκορ-

2449 2139 2571 2192 πίον
2603 2140 2844 2210 ἓρποντα
2870 2141 3015 2195 κατὰ
3041 2140 3148 2210 γῆς
3184 2142 3244 2194 τὸ
3285 2142 3514 2211 κέντρον
3564 2157 3623 2193 τε
3651 2140 3895 2209 ἡρκότα,
3945 2138 4039 2190 καὶ

2448 2233 2615 2284 αὑτοῦ
2645 2235 2741 2284 τὸν
2772 2233 2909 2285 πόδα
2957 2232 3143 2302 βαλεῖν
3183 2232 3472 2301 μέλλοντα.
3511 2232 3572 2284 Ὀ
3610 2231 3669 2283 δὲ
3700 2228 3782 2297 τῷ
3815 2227 4038 2295 σταυρῷ

2453 2325 2925 2396 σφραγισάμενος,
2949 2326 3045 2378 καὶ
3067 2325 3158 2376 τὸν
3181 2325 3370 2378 ἐπάνω
3405 2326 3585 2390 ὄφεων
3620 2323 3718 2374 καὶ
3749 2323 4037 2390 σκορπίων

2449 2419 2526 2486 τῷ
2553 2420 2738 2488 οἰκείῳ
2766 2418 3048 2486 πλάσματι
3077 2418 3240 2470 δόντα
3277 2421 3472 2469 πατεῖν
3530 2416 4033 2484 ἐπικαλεσάμενος.

2451 2511 2644 2580 νεκρὸν
2664 2511 2872 2562 ἐκεῖνον
2903 2509 3133 2570 εὐθέως,
3170 2508 3375 2576 μᾶλλον
3399 2507 3458 2559 δὲ
3497 2507 3590 2559 τὸν
3622 2509 3684 2558 ὲν
3714 2506 3870 2574 αὐτῷ
3912 2523 4036 2570 νοη-

2451 2599 2543 2652 τδν
2584 2599 2847 2668 σκορπίον
2902 2599 3415 2669 ὑποκρυπτόμενον,
3467 2597 3870 2668 ἀπεργάζεται.
3931 2599 4035 2649 Καὶ

2454 2691 2795 2758 παραχρῆμα
2827 2689 2970 2752 Hoc
2998 2689 3229 2756 ἄγγελος
3281 2689 3592 2756 ιπιψανεὶς.
3648 2689 3924 2751 στέφανον
3944 2688 4036 2741 ss-

2452 2782 2544 2834 τοῦ
2589 2786 2653 2852 τῇ
2694 2786 2906 2852 κορυφῇ
2971 2780 3274 2848 ἐπιτίθησι,
3317 2779 3662 2851 προσειπὼν.
3686 2780 3899 2848 Εἰρήνη
3934 2795 4033 2838 σοι.

2455 2875 2668 2944 ἀθλητά
2710 2875 2803 2928 τοῦ
2848 2877 3108 2945 Χριστοῦ,
3145 2878 3302 2946 ίσχυε
3360 2873 3759 2942 καὶεάνδρίζου.
3788 2871 3984 2932 Οὕτως
4010 2872 4036 2923 6

2455 2966 2622 3035 ταχὺς
2645 2969 2724 3024 είς
2769 2967 3119 3037 παράκλησιν
3154 2968 3264 3020 τῶν
3318 2967 3675 3036 φοὸουμὲνων
3732 2965 3902 3018 αὐτὸν
3927 2965 4035 3017 Κύ-

2461 3075 2574 3126 ριος
2633 3059 2747 3142 ἅμα
2778 3063 2843 3127 τῇ
2877 3059 2978 3126 τῆς
3005 3060 3231 3128 εἱρκτῆς
3269 3059 3620 3112 κατακλείσει
3673 3057 3772 3109 καὶ
3805 3057 3946 3126 πρὸς
3980 3055 4036 3107 τὸ

789 3153 1240 3225 ίηοργωεεηιίὺυε
1272 3150 1484 3220 placide
1520 3148 1811 3202 admodum
1847 3147 2348 3201 consolatnratlile-
2379 3169 2426 3232 ρ

2379 3169 2426 3232 C
2460 3151 2634 3217 παρὸν
2659 3150 2881 3218 ἡμέρως
2911 3151 3053 3218 άγαν
3082 3151 3496 3222 παραμυθεῖται
3529 3151 3623 3202 τὸν
3656 3147 3926 3219 ἀθλητὴν,
3948 3146 4033 3199 καὶ

789 3258 921 3307 tam,
947 3255 1000 3296 et
1029 3246 1095 3296 ad
1123 3242 1305 3295 futura
1336 3241 1525 3310 implet
1571 3240 1734 3292 animi
1766 3238 2067 3294 alacritate.
2106 3236 2214 3292 Sed
2253 3236 2358 3292 De-

790 3337 1018 3392 metrius
1047 3335 1268 3404 quidem
1305 3333 1384 3388 sic
1411 3340 1528 3386 erat
1560 3333 1614 3384 in
1651 3329 1926 3386 custodis.

2464 3242 2599 3311 πρὸς
2620 3243 2680 3294 τὸ
2701 3243 2892 3312 μέλλον
2925 3242 3234 3313 προθυμίας
3257 3243 3621 3312 ὲμπίπλησιν.
3654 3241 3825 3297 Ἀλλά
3851 3240 4036 3308 Am“)-

2465 3345 2616 3402 τριον
2657 3334 2756 3401 μὲν
2787 3333 2960 3395 οὕτως
3002 3334 3035 3402 ἡ
3059 3333 3274 3402 φρουρὰ
3308 3323 3446 3402 εῐχεζ

2249 3468 2480 3526 CAPUT
2524 3471 2592 3525 11.

795 3591 980 3661 Lgeus
1019 3606 1052 3642 ο
1090 3586 1314 3642 Nestore
1341 3586 1624 3651 occiditur,
1654 3583 2064 3664 Ησεξίηιίαῃιιεη
2088 3585 2211 3638 hinc
2243 3587 2439 3648 iratus,
2477 3586 2756 3641 Nestorem
2799 3599 2847 3664 et
2884 3587 3211 3643 Demetrium
3255 3585 3402 3658 iubet
3456 3587 3722 3656 interﬁci,
3778 3590 3968 3658 liicqse
3993 3599 4037 3640 ει

1698 3656 1974 3708 miraculis
2015 3654 2180 3708 claret
2219 3668 2267 3708 et
2305 3665 2558 3724 tamquam
2579 3669 2796 3711 sanctus
2825 3659 3139 3713 honoratur.

874 3774 1244 3831 Maximianus
1280 3783 1462 3827 autem
1497 3772 1787 3826 exhibebat
1830 3773 2196 3841 spectaculum
2249 3773 2360 3842 gla-

797 3870 1096 3929 diatorum.
1132 3877 1186 3921 et
1230 3865 1641 3934 complebantur
1683 3881 1873 3918 omnes
1903 3866 2166 3934 pentatlili
2223 3867 2358 3920 ludi.

796 3962 930 4030 (10).
975 3961 1064 4014 Ille
1102 3975 1230 4013 vero
1260 3960 1482 4012 sedebat
1530 3959 1582 4011 in
1619 3958 1838 4011 sublimi
1873 3959 2117 4026 specula,
2165 3960 2359 4026 jucun-

796 4055 1078 4109 dissiinum
1117 4065 1241 4105 esse
1276 4060 1522 4103 statuens
1567 4048 1773 4102 versari
1823 4050 1875 4100 in
1913 4050 2210 4119 spectando
2240 4065 2360 4103 ccr-

795 4147 1018 4199 tamine.
1057 4143 1366 4196 La-tabatur
1405 4141 1576 4205 enim,
1611 4149 1672 4193 ut
1711 4139 1944 4204 videtur,
1981 4140 2201 4193 humani
2233 4156 2363 4194 san-

796 4239 974 4309 guinis
1006 4237 1192 4290 videns
1229 4235 1574 4288 effusionem.
1632 4233 1762 4286 Erat
1795 4243 1980 4286 autem
2032 4234 2249 4301 quidam
2281 4235 2363 4288 vir

796 4332 1060 4386 barbarus
1098 4344 1160 4382 ex
1216 4325 1528 4381 Maximiani
1582 4323 1936 4389 necessariis,
1973 4340 2135 4378 manu
2185 4325 2362 4390 furtis,

798 4435 854 4478 et
882 4423 1089 4476 validus
1119 4421 1185 4475 ad
1222 4421 1448 4481 luctain,
1479 4428 1534 4470 et
1569 4418 1963 4488 magnitudine,
1991 4433 2110 4488 qua:
2143 4420 2363 4473 modum

801 4515 1095 4584 superabat
1130 4527 1145 4565 :
1171 4521 1225 4565 et
1255 4511 1376 4565 ideo
1406 4519 1521 4562 erat
1546 4509 1596 4562 ei
1620 4508 1777 4561 valde
1807 4519 2012 4578 gratus,
2038 4518 2093 4563 et
2123 4511 2366 4564 habeba-

801 4621 889 4661 tur
918 4608 972 4660 in
1003 4621 1193 4675 magna
1218 4603 1648 4656 existimatione.
1677 4600 1884 4655 Nomen
1916 4610 2031 4656 erat
2050 4602 2099 4655 ei
2135 4601 2324 4674 Lyaeus
2350 4619 2363 4655 :

802 4698 976 4770 patria
1011 4712 1138 4749 vero
1174 4704 1291 4749 erat
1321 4693 1623 4747 Wandalus
1649 4692 1781 4763 (ll).

874 4787 1044 4842 12.13
1076 4786 1373 4840 insolenter
1414 4785 1627 4852 jactans
1675 4797 1735 4836 se
1779 4797 1970 4836 omnes
2011 4782 2229 4836 vincere
2281 4797 2372 4835 ro-

805 4880 936 4934 bore
985 4875 1248 4944 corporis,
1297 4884 1558 4940 stansque
1607 4873 1661 4925 in
1711 4872 1940 4941 pulpito,
1973 4882 2032 4926 ut
2088 4871 2184 4925 toti
2229 4881 2372 4925 esset

806 4972 1020 5023 theatro
1056 4965 1399 5029 manifestus,
1425 4973 1649 5018 ceteros
1682 4963 2008 5032 gladiatores
2039 4964 2372 5031 provocabat

877 5111 952 5177 (8)
985 5107 1138 5162 lianc
1169 5107 1234 5160 ad
1270 5107 1432 5159 Deum
1458 5106 1780 5177 orationem.
1807 5119 1925 5172 qua:
1948 5117 1976 5154 a
2013 5103 2197 5156 Sancti
2229 5102 2359 5158 Pas-

807 5175 958 5233 sione
1011 5177 1253 5246 proxime
1300 5175 1660 5237 antecedenti,
1709 5175 1776 5227 ab
1821 5183 2040 5227 auctore
2069 5189 2354 5246 anonymo.

810 5251 899 5316 qui
951 5245 1299 5314 Metaphrasi
1340 5247 1605 5316 pr.eluxit,
1659 5248 1990 5316 conscripta,
2049 5245 2204 5316 abest
2263 5259 2361 5311 pro

806 5313 1034 5370 arbitrio
1081 5313 1179 5368 suo
1221 5318 1481 5383 posterior
1514 5315 1601 5366 liic
1651 5314 1880 5381 scriptor
1921 5313 2210 5383 Demetrio,
2263 5329 2353 5366 cu-

807 5388 998 5440 stodit
1027 5387 1134 5452 jam
1177 5381 1498 5452 mancipata.
1539 5383 1942 5437 verosiniillime
1970 5381 2252 5434 atlinxerit.
2289 5383 2361 5434 Ita

807 5466 1051 5517 autmno,
1085 5456 1224 5520 quod
1266 5451 1468 5507 sini.les
1503 5463 1704 5506 Sanctis
1750 5451 2026 5504 orationes
2065 5452 2363 5505 attribuere

809 5525 855 5577 is
880 5527 1050 5578 soleat
1097 5525 1147 5575 in
1194 5527 1441 5576 omnibus
1483 5525 1593 5575 l'ere
1631 5523 1822 5575 liorutn
1862 5521 2034 5584 Actis,
2078 5537 2194 5589 qua:
2226 5523 2364 5590 stylo

809 5608 909 5648 suo
934 5595 1256 5662 expolivisse
1292 5594 1549 5646 noscizur.

881 5667 956 5732 (9i
998 5660 1065 5716 I'te
1095 5663 1333 5731 angelica
1363 5664 1555 5722 istliac,
1591 5677 1711 5731 qua:
1745 5661 1944 5732 Sancto
1974 5660 2132 5714 fuerit
2160 5661 2360 5719 oblata.

809 5736 1165 5808 apparitione,
1193 5733 1542 5808 Iniraculiqne
1574 5731 1789 5799 scorpii,
1821 5750 1847 5808 a
1891 5731 2160 5808 Demetrio
2190 5733 2362 5808 prodi-

812 5801 957 5879 giose
988 5807 1186 5865 necati,
1211 5805 1350 5872 quod
1384 5816 1500 5854 eam
1534 5807 1871 5870 [irreesserit
1891 5841 1907 5867 ,
1939 5802 2236 5871 patratione
2266 5801 2364 5853 du-

2547 3775 2638 3829 ια’.
2673 3774 3002 3846 Μαξιμιανῷ
3056 3777 3112 3828 δὲ
3164 3775 3223 3829 τὸ
3271 3776 3380 3829 τῶν
3421 3775 3745 3845 μονομάχων
3785 3790 4042 3844 συνεκροο

2461 3869 2607 3918 τεῖτο
2635 3866 2883 3938 θέατρον,
2913 3869 3008 3920 καὶ
3041 3867 3206 3921 τᾶλλα
3229 3868 3329 3920 ὅσα
3354 3869 3421 3920 τὰ
3441 3867 3532 3920 τοῦ
3572 3868 3884 3920 πεντάθλου
3922 3884 4042 3919 συνο

2463 3959 2712 4027 επὶήρου
2746 3958 3022 4028 θεάματα.
3058 3959 3119 4011 Ὀ
3148 3959 3201 4011 δὲ
3235 3963 3296 4010 ἐκ
3319 3958 3607 4028 περιωπῆς
3635 3960 3903 4025 καθῆστο,
3930 3959 4042 4010 δια-

2464 4048 2657 4119 τριϐὴν
2693 4049 2918 4120 ἡδίστην
2945 4050 3037 4102 τδν
3067 4051 3257 4117 άγῶνα
3300 4050 3643 4120 ποιούμενος.
3680 4051 3883 4104 Ἥδετο
3914 4054 4040 4120 γὰρ,

2465 4140 2540 4202 ὡς
2563 4141 2762 4203 ἔοικεν,
2798 4140 3049 4208 αίμάτων
3079 4140 3442 4211 ἀνθρωπίνων
3481 4141 3621 4210 ὁρῶν
3655 4141 3904 4211 ἔκχυσιν.
3938 4139 4041 4196 Ἦν

2465 4232 2522 4286 δέ
2546 4249 2632 4295 τις
2677 4233 2816 4303 ἀνὴρ
2845 4233 3119 4302 βάρῦαρος
3150 4235 3258 4286 τῶν
3304 4234 3629 4302 ἐπιτηδείων
3684 4232 4037 4304 Μαξιμιανῷ.

2469 4326 2606 4395 πρός
2633 4343 2694 4378 τε
2728 4329 2888 4397 χεῖρα
2915 4329 3182 4393 γενναῖος,
3204 4328 3298 4378 καὶ
3330 4327 3467 4394 πρὸς
3496 4327 3673 4393 πάλην
3709 4328 3810 4397 οὐχ
3842 4330 4038 4396 ἥκιστα

2468 4419 2698 4488 ἀγαθὸς.
2737 4419 2970 4488 μέγεθός
3001 4436 3062 4472 τε
3091 4419 3189 4472 τοῦ
3221 4419 3443 4489 μετρίου
3489 4421 3714 4488 μείζων,
3768 4423 3862 4472 καὶ
3889 4423 4035 4489 παρὰ

2468 4511 2628 4565 τοῦτο
2651 4511 2857 4581 σφόδρα
2881 4513 3281 4582 κεχαρισμένος
3302 4511 3473 4580 αὐτῷ,
3520 4513 3614 4564 καὶ
3643 4512 3807 4579 λόγου
3842 4514 4036 4581 κομιδῆ

2400 4583 2444 4638 θ
2473 4602 2670 4656 πολλοῦ
2701 4603 3025 4673 ἀξιούμενος
3051 4620 3066 4636 ο
3092 4606 3291 4664 Λυαῖος
3315 4603 3490 4675 ὄνομα
3511 4604 3588 4674 τῷ
3633 4605 3813 4674 ἀνδρὶ,
3846 4607 4034 4676 πατρὶς

2473 4693 2776 4748 Οὺάνδαλα.

2558 4783 2647 4853 ιβ’.
2676 4776 2843 4846 Οὗτος
2871 4783 2942 4836 τά
2963 4799 3027 4851 γε
3049 4785 3129 4846 είς
3157 4782 3350 4854 ῥώμην
3382 4783 3633 4852 σώματος
3661 4786 3887 4839 πάντων
3910 4805 4036 4856 κραο

2469 4875 2584 4926 τείν
2613 4873 3095 4941 ἀλαζονευόμενος,
3130 4872 3216 4924 ἐπ’
3264 4873 3579 4941 όκρίσαντος
3609 4878 3731 4927 τότε
3786 4879 3938 4938 στὰς,
3969 4877 4035 4934 ὡς

2474 4967 2724 5036 ἐπίδηλος
2754 4965 2838 5034 εῐη
2898 4965 2976 5033 τῷ
3010 4965 3228 5037 θεάτρῳ
3257 4968 3439 5025 παντὶ.
3486 4967 3578 5018 τὸν
3613 4965 3941 5036 βουλόμενον
3967 4970 4035 5030 είς

2466 5103 2625 5156 bitari
2657 5103 2792 5156 liand
2833 5103 3104 5175 immerito
3147 5103 3229 5175 vel
3284 5104 3490 5157 idcirco
3522 5116 3724 5175 poti-st,
3761 5112 3908 5175 quod
3939 5121 4034 5162 tam

2468 5176 2600 5247 haec,
2630 5189 2790 5247 qnam
2824 5174 2911 5247 illa
2955 5189 2983 5247 ᾳ
3025 5175 3140 5247 solo
3175 5174 3536 5247 hietapliraste
3560 5216 3574 5237 ,
3635 5174 4033 5247 anonymoque,

2467 5243 2556 5317 qui
2588 5244 3026 5317 liuicuprzeluxit,
3063 5243 3245 5296 Sancti
3280 5243 3800 5317 naslribiograpbo,
3836 5243 4034 5303 metuo-

2471 5315 2562 5366 t'ia:
2595 5313 2803 5380 prodita
2836 5314 3160 5367 inveniatur.

2545 5383 2651 5449 (l0)
2689 5382 2790 5458 Ad_i
2825 5384 3116 5458 Adnotaia,
3147 5381 3249 5436 Pas
3281 5383 3432 5438 tonis
3462 5385 3826 5452 praecedentis
3857 5406 3971 5458 cap.
4012 5391 4028 5440 t

2475 5453 2542 5505 ad
2577 5467 2727 5504 num.
2762 5453 2790 5503 7
2827 5456 3090 5506 subnexa.

2547 5522 2655 5590 (ii)
2711 5519 3033 5576 Fueritnee
3080 5522 3437 5587 Wandaliea,
3484 5539 3552 5576 an
3607 5525 3775 5577 allc:.i
3835 5529 4033 5579 natione

2472 5591 2682 5665 Lyzeus,
2707 5592 3040 5665 antiquiores
3070 5594 3190 5648 duae
3221 5596 3416 5665 Sancti
3460 5595 3751 5648 PaSsiones
3778 5637 3793 5657 ,
3826 5614 4030 5665 quarum

2471 5663 2638 5714 altera
2663 5665 2804 5727 apud
2836 5664 3087 5716 l’liotiuin
3124 5681 3175 5717 in
3209 5662 3533 5716 Bibliotheca
3569 5676 3769 5727 exSIat,
3822 5662 3979 5720 altera
4007 5683 4032 5718 e

2470 5730 2652 5800 lingua
2695 5733 2879 5786 Gueia
2936 5735 2986 5784 in
3036 5733 3288 5788 Latinam
3329 5735 3398 5786 ab
3431 5735 3725 5790 Anastasio
3767 5740 3871 5791 fuit
3918 5753 4030 5791 con-

2474 5816 2649 5867 νει-δυ,
2685 5804 2826 5858 baud
2852 5803 3094 5857 edicunt.
