4218 6442
282 390 420 451 1197

273 601 334 650 ὲν
363 599 510 667 χειρὶ
546 599 789 668 κραταιᾷ
826 601 921 651 καὶ
962 602 1019 652 ὲν
1057 600 1302 671 βραχίονι
1366 604 1556 671 ὑψηλῷ
1584 609 1677 657 καὶ
1706 607 1857 672 Σηὼν

275 693 371 745 καὶ
404 694 503 744 Ὢκ
544 693 639 745 καὶ
670 695 900 762 μυρίους
939 695 1131 758 ἄλλους
1164 699 1342 765 πολλῷ
1374 702 1574 767 μᾶλλον
1605 703 1857 771 ἢΛυαῖον

277 784 371 854 τὴν
402 785 594 855 ῥώμην
624 787 911 855 ἐπιφανεῖς
944 789 1187 857 εὐχερῶς
1213 790 1444 856 ἀνεῖλεν,
1488 797 1548 845 οὗ
1606 796 1729 847 καθ’
1764 786 1879 848 ἕνα

276 875 459 943 μόνον,
486 875 623 928 ἀλλὰ
656 878 750 928 καὶ
785 877 927 931 κατὰ
959 878 1164 945 πλῆθος
1198 882 1753 952 συναθροισαμένους.
1793 887 1857 937 Τί

278 965 353 1035 μὴ
378 965 522 1031 λέγω
555 966 623 1018 τὰ
674 970 885 1021 ἐκείνου
922 969 1083 1036 μόνου
1131 970 1348 1040 ἀληθῶς
1376 972 1537 1039 ἄξια,
1608 971 1669 1029 οὗ
1698 976 1859 1044 ἔργον

271 1058 501 1127 οὐρανὸς
522 1059 615 1111 καὶ
646 1060 715 1128 γῆ
742 1061 837 1114 καὶ
856 1062 924 1115 τὰ
955 1064 1012 1113 ὲν
1036 1064 1220 1126 αὐτοῖς
1244 1064 1482 1131 ἅπαντας
1517 1066 1632 1121 Οὐκ
1660 1069 1857 1139 ἤνεγκε

272 1151 343 1201 τὰ
380 1152 591 1219 μεγάλα
626 1152 799 1204 ταῦτα
833 1155 865 1223 ἡ
896 1154 1077 1224 φαύλη
1109 1157 1460 1225 Μαξιμιανοῦ
1513 1161 1673 1229 ἀκοὴ,
1722 1164 1860 1215 ἀλλὰ

189 1315 192 1319 ι
272 1242 383 1294 τῶν
414 1242 593 1296 καλῶν
622 1246 798 1312 λόγων
832 1247 1080 1315 μισθους,
1111 1250 1205 1301 καὶ
1235 1255 1336 1320 τῆς
1369 1254 1526 1321 νίκης
1553 1255 1701 1322 αὐτῷ
1728 1255 1858 1323 βρα-

273 1336 394 1386 ῦετα
421 1336 513 1387 τὸν
537 1337 623 1388 διὰ
656 1339 845 1405 ξίφους
873 1340 1069 1407 ἐπάγει
1103 1342 1357 1396 θάνατον.
1385 1345 1615 1413 Νέστωρ
1644 1348 1741 1414 μὲν
1765 1347 1856 1398 οὖν

272 1426 417 1479 οὕτω
442 1430 536 1480 τοῦ
571 1430 659 1481 διὰ
697 1433 934 1497 Χριστθιν
959 1437 1232 1503 μακαρίου
1270 1438 1457 1499 τέὶους
1482 1440 1857 1507 ἐπιτυγχάνει,

274 1523 369 1571 καὶ
400 1520 479 1588 τῷ
512 1522 625 1591 ἰδίῳ
660 1524 1044 1593 ξίφειδέχετσι
1077 1530 1176 1595 τὴν
1201 1530 1394 1597 τομὴν,
1434 1530 1577 1581 οὕτω
1612 1530 1711 1597 μὲν
1736 1531 1858 1583 Μα-

276 1611 531 1679 ξιμιανοῧ
567 1615 950 1679 κελεύσαντος,
986 1618 1073 1670 ἵνα
1110 1620 1336 1671 κάκεῖνο
1362 1621 1501 1687 τάχα
1534 1620 1859 1689 μαρτυρικῷ

274 1703 469 1771 αἵματι
531 1706 901 1779 καθαγιασθῇ,
964 1711 1331 1763 Μινουκιανοῦ
1394 1712 1447 1764 δὲ
1480 1712 1858 1780 προτίκτωρος

274 1795 409 1861 πρὸς
444 1796 539 1864 τὴν
598 1800 813 1869 σφαγὴν
874 1802 1347 1873 ὑπουργήσαντος.
1417 1805 1526 1857 Καὶ
1548 1804 1856 1871 οὗτωπρὸς

276 1887 526 1953 Χριστὸν,
554 1888 611 1940 ὃν
637 1892 884 1961 ἐφίλησε,
912 1896 1366 1964 παραπέμπεται,
1391 1895 1523 1965 παρ’
1551 1889 1611 1949 οὗ
1646 1897 1737 1949 καὶ
1760 1897 1857 1965 τῆς

272 1981 467 2048 διπλῆς
498 1982 653 2049 νίκης
680 1985 1026 2053 ἀπολήψεται
1053 1990 1179 2052 τοὺς
1217 1992 1541 2057 στεφάνους.

345 2072 431 2125 ιο’.
481 2074 766 2128 Ἐντεῦθεν
820 2078 1087 2131 ὑποδολαὶ
1140 2080 1282 2133 κατὰ
1333 2084 1653 2153 Δημητρίου
1689 2086 1856 2138 πάλιν

274 2168 369 2216 καὶ
407 2167 653 2219 διαϐολαὶ
679 2168 1073 2239 πιθανώτεραι,
1105 2172 1178 2234 ὼς
1207 2176 1371 2237 αὐτὸς
1403 2177 1488 2244 εἴη
1520 2175 1613 2227 τοῦ
1652 2178 1855 2229 Λυαίου

275 2258 494 2326 σφαγῆς
557 2261 749 2321 αἴτιος.
815 2261 1024 2314 Αὐτίκα
1060 2264 1190 2330 γοῦν
1231 2266 1581 2336 Μαξιμιανδς
1620 2269 1855 2334 ὀξύτατα

272 2350 556 2416 χολωθεὶς,
576 2352 671 2402 καὶ
694 2351 811 2420 ἆμα
843 2355 1228 2422 οἰωνισάμενος
1247 2357 1317 2419 ὡς
1350 2361 1450 2411 οὐκ
1473 2361 1678 2426 ἀγαθὸν
1702 2363 1853 2433 αὐτῷ

273 2441 593 2510 συναντημα
670 2445 981 2515 Δημήτριος
1057 2448 1269 2514 γένοιτο
1329 2453 1466 2520 προς
1524 2454 1585 2505 τὸ
1637 2456 1852 2507 στάδιον

271 2533 499 2593 ἀνιόντι,
528 2533 743 2587 κελεύει
774 2538 868 2589 τὸν
894 2539 1146 2609 μάρτυρα
1176 2542 1231 2592 ἑν
1274 2542 1467 2605 αὐταῖς
1496 2539 1589 2606 αἷς
1652 2548 1853 2613 ἐφρου-

274 2627 422 2692 ρεῖτο
441 2627 690 2692 καμίνοις
720 2626 945 2697 λόγχαις
984 2631 1359 2701 ἁναιρεθῆναεέ
1397 2636 1462 2686 ⁸0
1494 2635 1556 2704 δὴ
1584 2637 1677 2688 καὶ
1704 2638 1852 2704 γίνε-

270 2735 382 2770 ται.
421 2720 529 2770 Καὶ
554 2721 768 2783 ὁκαλὸς
803 2725 865 2773 σὺ
913 2723 982 2775 τὰ
1016 2725 1215 2783 πάντα.
1262 2728 1596 2797 Δημήτριος,
1657 2731 1683 2781 ὁ
1733 2730 1854 2784 λίαν

272 2810 370 2862 τοῦ
404 2813 675 2864 Δεσπότου
704 2816 1115 2885 περιεχόμενος,
1147 2818 1345 2885 ὁμοίως
1371 2820 1520 2887 αὐτῷ
1549 2822 1649 2889 τὴν
1680 2823 1818 2874 πλευ
1842 2854 1851 2862 ·

274 2903 379 2972 ραν
401 2903 668 2972 >.ογχεὺει,
695 2908 789 2958 καὶ
823 2907 983 2959 τοῦτο
1018 2910 1276 2977 ἀφορμὴν
1305 2913 1399 2962 καὶ
1428 2911 1546 2963 ὁδὸν
1576 2914 1853 2982 εὑρίσκεις

272 2994 375 3061 τῆς
414 2997 547 3064 πρὸς
576 3000 785 3048 ἐκεῖνον
826 2998 1096 3064 ἀφίξεωςο
1145 3001 1418 3069 μακάριος
1464 3004 1562 3071 μὲν
1588 3004 1678 3055 τοῦ
1714 3004 1851 3073 βίου,

277 3090 694 3158 μακαριώτερος
722 3090 778 3142 δὲ
808 3092 902 3143 τοῦ
927 3093 1115 3155 τέλους
1142 3094 1238 3146 καὶ
1262 3095 1370 3146 τῶν
1395 3097 1675 3164 στεφάνων
1700 3099 1853 3163 γενό-

1312 398 1365 457 S.
1417 398 1799 458 DEMETRII
1843 402 2237 462 MARTYRIS
2279 404 2492 463 ACTA.

349 504 439 574 ιη’.
475 504 677 557 Τούτου
728 504 962 575 φανερὸς
992 502 1150 571 ἆθλος
1190 510 1219 561 ὁ
1249 510 1470 585 ξΛυαξου
1506 512 1754 576 θάνατος,
1794 514 1852 574 ὃς
1887 517 1927 573 Α

3400 398 3536 463 il98

2030 516 2114 567 18.
2152 514 2495 567 Manifestum
2536 514 2656 583 ejus
2689 521 2967 568 certamen
3023 510 3125 565 fuit
3167 525 3319 565 mors
3368 512 3536 579 Lyaei,

1962 610 2050 676 qui
2086 610 2136 660 in
2172 625 2329 660 illanll
2361 609 2488 661 forti
2527 616 2581 660 et
2616 608 2835 661 brachio
2862 605 3084 660 excelso
3120 604 3302 658 Sebon
3333 616 3384 657 et
3417 604 3493 674 Og
3521 647 3534 668 ,

1963 710 2014 751 et
2042 701 2176 752 alios
2208 699 2653 760 innumerabiles,
2688 699 2844 767 longe
2880 698 3053 767 magis
3077 739 3089 758 ,
3122 712 3285 765 quam
3323 696 3536 764 Lymus,

1965 792 2161 844 virtute
2191 791 2434 860 insignes
2464 791 2620 845 facile
2645 792 2710 843 de
2746 790 2927 843 medio
2953 790 3195 851 sustulit,
3226 804 3333 843 non
3364 788 3536 839 solum

1962 884 2227 953 singulos,
2255 886 2346 937 sed
2366 886 2529 937 etiam
2564 900 2754 952 magna
2781 882 3147 937 circumdatos
3170 879 3534 934 multitudine.

1964 972 2069 1027 Sed
2101 988 2199 1027 cur
2228 988 2335 1026 non
2372 973 2496 1026 dico
2528 988 2591 1025 ea
2616 988 2735 1039 qua:
2761 981 2890 1026 sunt
2926 971 3021 1025 illo
3046 970 3163 1023 solo
3196 984 3320 1022 vere
3350 968 3535 1037 digna,

1962 1068 2115 1134 cujus
2140 1082 2278 1135 opus
2312 1077 2395 1122 est
2426 1068 2625 1121 coelum
2664 1076 2718 1120 et
2750 1076 2915 1129 terra,
2951 1075 3005 1118 et
3035 1080 3155 1134 qua:
3200 1074 3327 1117 sunt
3370 1062 3422 1114 in
3458 1062 3539 1115 eis

1960 1158 2185 1210 omnia?
2217 1157 2333 1211 Non
2368 1160 2612 1212 tulerunt
2644 1157 2759 1211 haac
2790 1172 2981 1226 magna
3017 1170 3176 1209 aures
3207 1154 3344 1207 viles
3373 1152 3540 1205 Maxi-

1965 1251 2153 1312 miani,
2188 1252 2281 1304 sed
2309 1251 2664 1318 pulchrorum
2698 1251 2986 1303 verborum
3022 1246 3330 1301 mercedem
3366 1254 3421 1298 et
3458 1243 3538 1295 vi-

1962 1345 2144 1396 ctoria:
2196 1344 2507 1413 praemium,
2559 1344 2608 1396 ei
2648 1354 2876 1395 mortem
2908 1341 3066 1394 all‘ert
3097 1338 3292 1409 gladio.
3347 1324 3411 1389 Et
3456 1335 3537 1393 sic

1962 1436 2181 1502 quidem
2218 1435 2412 1489 Nestor
2443 1438 2660 1491 beatum
2694 1437 2855 1489 finem
2895 1442 3117 1503 propter
3143 1431 3423 1485 Christum
3453 1437 3535 1481 est

1962 1536 2323 1579 consecutus:
2346 1535 2399 1580 et
2431 1543 2530 1579 suo
2556 1542 2687 1579 ense
2719 1527 2924 1595 plagam
2950 1523 3179 1592 accepit,
3206 1521 3284 1575 sic
3311 1520 3539 1589 iubente

1962 1617 2310 1679 Maximiano,
2338 1618 2477 1671 forte
2505 1628 2560 1670 ut
2585 1618 2672 1670 ille
2706 1632 2922 1685 quoque
2948 1615 3239 1684 martyrico
3271 1611 3539 1679 sanguine

1961 1709 2415 1764 sanctiﬁraretnr.
2464 1710 2600 1765 Cum
2648 1710 2809 1778 igitur
2860 1708 3195 1761 Minutianus
3257 1714 3536 1775 protector

1963 1803 2126 1855 czrdis
2164 1802 2355 1856 luisset
2403 1802 2745 1863 administer,
2796 1801 2874 1853 sic
2908 1802 3103 1854 Nestor
3147 1798 3537 1852 transmittitur

1964 1894 2027 1947 ad
2062 1894 2370 1955 Christum,
2405 1910 2567 1962 quem
2600 1894 2806 1957 dilexit,
2838 1903 2890 1947 et
2933 1910 2961 1946 a
2991 1910 3098 1961 quo
3132 1903 3249 1947 erat
3279 1899 3539 1961 acceptu-

1962 2001 2055 2038 rus
2084 2000 2314 2038 coronas
2344 1985 2577 2054 duplicis
2609 1986 2846 2038 victoria!
2872 1985 3007 2054 (l5).

2034 2077 2112 2128 19.
2153 2077 2290 2129 llinc
2321 2076 2540 2131 fraudes
2574 2077 2625 2130 in
2664 2076 2998 2130 Demetrium
3029 2092 3240 2139 rursus,
3276 2074 3539 2130 crimina-

1961 2167 2140 2221 tiones
2190 2169 2548 2221 iutendnntur
2597 2168 3012 2236 probabiliores,
3049 2168 3193 2235 quod
3228 2169 3339 2236 ipse
3389 2177 3537 2222 esset

1957 2272 2120 2312 causa
2154 2260 2315 2312 credis
2344 2259 2504 2329 Lyaei.
2529 2258 2797 2313 Continuo
2830 2259 2991 2327 igitur
3031 2260 3396 2312 vehementer
3430 2260 3534 2314 ira—

1961 2358 2047 2403 tus
2075 2350 2457 2416 Maximianus,
2480 2360 2532 2405 et
2552 2351 2711 2405 simul
2736 2361 3033 2421 auguratus
3062 2365 3170 2404 non
3196 2350 3310 2405 fore
3336 2351 3535 2404 bonum

1956 2456 2140 2505 omen,
2171 2442 2215 2496 si
2240 2442 2287 2495 ei
2315 2451 2628 2495 occurreret
2655 2441 2961 2496 Demetrius
2987 2442 3043 2495 in
3073 2443 3307 2495 stadium
3343 2456 3537 2496 ascen-

1954 2531 2128 2595 denti,
2158 2533 2227 2586 ad
2259 2534 2399 2602 quod
2438 2549 2535 2601 per
2580 2533 2855 2587 lavacrum
2907 2541 3023 2589 erat
3074 2533 3533 2602 accessus,jubet

1955 2634 2246 2696 martyrem
2283 2626 2512 2680 interfici
2540 2627 2743 2681 lanceis
2777 2627 2831 2679 in
2873 2626 2940 2680 iis
2977 2626 3111 2695 ipsis
3158 2626 3413 2690 caminis,
3464 2626 3524 2679 in

1956 2715 2157 2784 quibus
2188 2716 2619 2772 custodiebatur.
2653 2715 2808 2782 Quod
2845 2718 2903 2770 tit
2935 2718 3118 2771 etiam.
3160 2717 3225 2771 Et
3258 2716 3354 2770 tibi
3403 2717 3532 2787 qui-

1955 2808 2104 2869 dem,
2135 2807 2225 2876 qui
2268 2822 2331 2861 ex
2362 2808 2513 2861 omni
2560 2824 2623 2861 ex
2664 2818 2817 2877 parte
2853 2808 3081 2877 pulcher
3131 2817 3187 2861 et
3238 2809 3525 2871 honestus.

1961 2898 2219 2961 Demetri,
2249 2898 2339 2966 qui
2365 2898 2662 2951 Dominum
2686 2898 2977 2967 diligenter
3001 2898 3249 2962 sectaris,
3278 2908 3333 2952 et
3356 2899 3541 2953 omnia

1957 2992 2105 3045 illius
2137 2991 2342 3059 diligis.
2375 2990 2629 3045 similiter
2652 2999 2817 3060 atque
2846 2991 2945 3060 ipsi
2981 2992 3167 3045 lancea
3205 2991 3345 3044 latus
3376 2989 3541 3044 conli-

1961 3084 2122 3153 gitur,
2163 3084 2412 3151 hancque
2448 3084 2662 3137 invenis
2708 3084 3056 3138 occasionem
3102 3092 3156 3136 ct
3189 3082 3332 3137 viam
3365 3083 3440 3137 tui
3470 3083 3538 3137 ad

278 3196 461 3247 μενος,
489 3182 581 3233 καὶ
612 3183 709 3250 τῆς
738 3186 816 3246 εἰς
848 3184 1051 3247 αἰῶνας
1083 3186 1232 3254 αὐτῷ
1262 3187 1342 3254 τῷ
1375 3188 1699 3258 ποθουμένῳ
1724 3208 1851 3255 συγ·

1960 3190 2083 3229 eum
2118 3175 2414 3235 adventus;
2451 3174 2640 3227 beatus
2680 3175 2898 3241 quidem
2938 3184 3161 3243 propter
3188 3174 3374 3236 vitam,
3414 3174 3541 3227 bea-

277 3274 682 3339 κατοικήσεως.

352 3544 418 3590 κ’.
460 3534 585 3607 Εἶχε
641 3540 737 3607 μὲν
777 3535 869 3591 οὖν
897 3540 1038 3593 οὕτω
1074 3542 1269 3608 ταῦτα,
1327 3546 1422 3596 καὶ
1454 3547 1481 3597 ὁ
1533 3548 1726 3613 νεκρὸς
1759 3550 1852 3601 105

280 3636 561 3701 μάρτυρος
589 3631 732 3683 κατὰ
765 3632 867 3699 γῆς
899 3634 1145 3702 ἒρῤιπτο.
1182 3638 1274 3687 καὶ
1306 3636 1475 3697 οὐδεὶς
1498 3638 1663 3689 αὖτοῦ
1702 3640 1852 3705 λόγος

281 3726 444 3792 μέχρι
481 3724 645 3785 τινός.
684 3723 910 3783 Πάντως
952 3724 1008 3775 δὲ
1063 3724 1193 3777 οὔτε
1226 3729 1370 3778 ὅσιον
1426 3723 1515 3795 ἦν,
1555 3728 1678 3781 οὒτε
1717 3730 1852 3781 Θ;οὖ

275 3817 416 3876 ὅλως
444 3815 614 3879 ἄξιον,
639 3815 776 3883 ὑπὲρ
800 3808 860 3867 οὗ
891 3816 1163 3873 πέπονθεν
1185 3819 1373 3875 ,ἐκεῖνο
1397 3818 1455 3870 τὸ
1494 3820 1641 3888 ἱερὸν
1674 3820 1852 3889 σῶμα,

274 3907 448 3967 οὕτως
473 3908 604 3957 αὐτὸ
632 3907 902 3974 παριδεῖν.
952 3905 1168 3959 Οΰκουν
1202 3909 1322 3960 οὑδὲ
1372 3912 1648 3979 παρεῖδεν.
1694 3914 1853 3965 Ἀλλὰ

276 3999 386 4051 τῶν
437 3998 801 4066 φιλοχρίστων
852 3999 993 4061 τινὲς
1037 3998 1327 4061 ὑποϐολαῖς
1349 4002 1597 4068 ι,ἐκείνου
1662 4007 1856 4067 νυκτὸς

277 4089 694 4158 πρ7σελθόντες,
728 4089 821 4141 καὶ
847 4089 1060 4157 ἀτίμως
1094 4090 1349 4158 κείμενον
1378 4094 1437 4144 τὸ
1459 4094 1656 4163 κομιδῆ
1676 4097 1855 4161 τίμιον

274 4184 595 4250 ἀνελόμενοι
636 4182 880 4244 εὐλαϐῶς
908 4182 1371 4252 περιστέλλουσιν.
1423 4182 1557 4237 Εἶτα
1588 4192 1682 4238 καὶ
1709 4187 1855 4239 κόνιν

275 4274 636 4336 ἐπιϐαλόντες
687 4277 744 4325 ὲν
799 4274 949 4343 αὐτῷ
991 4275 1069 4345 τῷ
1102 4278 1254 4345 τόπῳ
1282 4275 1411 4328 ἔνθα
1457 4278 1521 4346 δὴ
1575 4279 1669 4329 καὶ
1706 4295 1855 4330 τετε-

275 4370 469 4421 λείωτο
493 4367 755 4434 Θεοφιλῶς
785 4367 1108 4420 θάπτουσιν.
1143 4362 1233 4429 Εἷς
1265 4368 1319 4419 δέ
1354 4386 1439 4430 τις
1494 4370 1602 4421 τῶν
1630 4371 1857 4423 οἰκετῶν

276 4461 371 4514 τοῦ
400 4460 554 4526 ἁγεου
581 4459 866 4527 παραστὰς
888 4458 1039 4528 αὐτῷ
1062 4460 1160 4528 τὴν
1190 4459 1467 4529 μακαρίαν
1495 4461 1856 4532 ὑφιστιμένῳ

1963 3266 2065 3317 tior
2104 3274 2282 3318 autem
2320 3275 2539 3333 propter
2563 3266 2848 3319 decessum
2879 3275 2934 3318 et
2962 3276 3286 3331 coronas,et
3318 3272 3539 3334 propter

1957 3364 2217 3409 :eternam
2262 3368 2411 3408 tuam
2444 3356 2903 3411 cobabitationem
2940 3372 3066 3411 cum
3098 3373 3162 3411 eo
3198 3372 3361 3426 quem
3394 3355 3540 3411 desi-

1960 3445 2187 3499 derabas
2228 3446 2363 3515 (l6).

2027 3536 2113 3591 20.
2158 3536 2281 3591 Hrec
2315 3539 2534 3606 quidem
2578 3539 2658 3593 sic
2695 3554 2754 3592 se
2784 3538 3082 3603 habebant,
3112 3548 3168 3592 et
3206 3539 3355 3593 humi
3382 3538 3535 3606 jace-

1958 3630 2048 3683 bat
2084 3646 2283 3700 corpus
2336 3632 2611 3702 martyris,
2663 3648 2840 3700 neque
2894 3632 3219 3701 aliquandiu
3268 3634 3375 3686 ulla
3415 3635 3537 3701 ejus

1959 3722 2259 3776 habebatur
2294 3724 2452 3778 ratio.
2484 3724 2723 3777 Omnino
2759 3733 2941 3777 autem
2974 3739 3074 3777 nec
3106 3733 3223 3778 erat
3252 3736 3531 3787 sanctum,

1958 3830 2062 3868 nec.
2093 3816 2199 3869 Deo
2231 3817 2387 3885 plane
2418 3817 2668 3887 dignum,
2704 3833 2799 3886 pro
2830 3832 2938 3886 quo
2964 3834 3182 3886 passum
3214 3827 3332 3874 erat
3355 3834 3538 3874 sacro-

1960 3917 2213 3960 sanctum
2251 3906 2380 3960 illud
2414 3922 2634 3975 corpus,
2665 3908 2743 3959 sic
2786 3908 2963 3975 ipsum
3013 3908 3314 3978 despicere.
3348 3908 3536 3976 Neque

1958 4014 2087 4069 ergo
2124 4000 2369 4067 despexit
2412 4016 2425 4051 :
2473 3999 2569 4052 sed
2603 3999 2824 4066 quidam
2872 4016 2935 4052 ex
2998 4000 3062 4052 iis
3115 4002 3207 4068 qui
3257 4002 3536 4056 Christum

1942 4093 2233 4154 'amahant,
2280 4095 2398 4159 ejus
2455 4093 2741 4153 instinctu,
2796 4102 2956 4145 nocte
3014 4094 3357 4157 accedentes,
3410 4108 3535 4148 cum

1960 4182 2115 4234 valde
2148 4182 2375 4250 turpiter
2398 4183 2585 4249 jacens
2616 4197 2813 4250 corpus
2842 4183 3139 4251 pretiosum
3166 4187 3536 4248 sustulissent,

1963 4274 2012 4328 id
2051 4275 2137 4343 pie
2171 4284 2527 4343 componunt.
2579 4275 2784 4328 Deinde
2818 4276 2981 4327 etiam
3032 4276 3235 4343 injecto
3287 4278 3535 4347 pulvere,

1965 4366 2019 4418 in
2055 4382 2120 4419 eo
2164 4367 2279 4434 ipso
2317 4368 2457 4427 loco,
2486 4366 2541 4418 in
2579 4382 2687 4435 quo
2716 4366 2890 4419 fuerat
2917 4378 3347 4428 consummatus,
3378 4384 3539 4437 sepe-

1961 4458 2100 4510 liunt
2131 4459 2215 4525 pie
2252 4472 2314 4509 ac
2347 4458 2620 4527 religiose.
2646 4458 2879 4522 Quidam
2914 4469 3092 4513 autem
3139 4474 3207 4513 ex
3240 4460 3422 4514 Sancti
3458 4460 3539 4513 fa-

278 4556 519 4624 σφαγὴν,
558 4554 647 4605 καὶ
676 4554 751 4616 ὡς
777 4549 888 4605 οἷόν
920 4571 977 4605 τε
1012 4549 1100 4623 ἦν,
1126 4554 1186 4604 τὸ
1216 4553 1359 4606 θεῖον
1393 4555 1571 4607 ἐκεῖνο
1600 4550 1737 4623 αἷμα
1769 4558 1850 4618 εἰς

1959 4550 2141 4611 mulis,
2176 4560 2326 4603 stans
2354 4566 2522 4618 prope
2548 4565 2693 4607 eum.
2728 4551 2946 4618 quando
2978 4552 3190 4605 beatam
3222 4552 3367 4606 illam
3403 4552 3534 4606 sub—

274 4648 339 4703 τδ
384 4649 528 4717 ἱερὸν
575 4646 667 4699 τοῦ
711 4646 987 4715 μάρτυρος
1026 4646 1353 4715 ἀνελόμενος
1390 4646 1658 4715 ἑπώμιον,
1712 4648 1849 4699 ἀλλὰ

277 4741 373 4790 καὶ
404 4738 461 4789 ὃν
492 4739 677 4806 ἐφόρει
712 4737 851 4789 κατὰ
890 4739 1045 4805 χεῖρα
1074 4735 1381 4801 δακτύλιον,
1408 4739 1500 4789 καὶ
1528 4738 1689 4789 αὑτὸν
1719 4739 1846 4790 συλ-

274 4828 457 4881 λαϐὼν
485 4828 577 4879 καὶ
608 4826 683 4895 τῷ
721 4825 1043 4895 μαρτυρικῷ
1081 4826 1274 4894 αἵματι
1333 4828 1681 4897 περιχρίσας,
1713 4829 1847 4881 πολύ

275 4938 329 4972 τι
363 4924 549 4990 χρῆμα
579 4919 877 4988 τεραστίων
907 4918 1191 4985 εἰργάξετο
1214 4918 1281 4969 δι’
1311 4918 1496 4971 αὑτοῦ.

347 5098 454 5150 κα⁹.
490 5097 594 5148 Καὶ
621 5096 774 5148 οὖδὲν
806 5093 873 5163 ἧν
916 5094 1039 5146 οὔτε
1072 5096 1181 5147 τῶν
1206 5096 1553 5164 νοσημάτων,
1588 5094 1708 5148 οὔτε
1741 5096 1848 5146 τῶν

276 5192 531 5260 rainy/63v
567 5190 889 5257 πνευμάτων
937 5188 1109 5249 οὕτως
1144 5188 1385 5258 ἰσχυρὸν,
1419 5188 1558 5240 ὥστε
1591 5191 1667 5251 εἰς
1706 5189 1845 5240 ἑκεί-

353 5418 463 5485 (l5)
497 5419 662 5471 Multa
690 5419 801 5480 hic,
828 5433 891 5471 ex
922 5432 1190 5487 anonymo
1220 5416 1400 5487 Sancti
1437 5419 1607 5472 nostri
1642 5418 1857 5485 biogra-

278 5490 387 5556 pho
431 5489 713 5541 maximam
748 5498 954 5555 partem
1006 5491 1193 5541 hausta
1226 5529 1239 5547 .
1270 5504 1299 5540 a
1328 5486 1689 5555 Metaphraste
1724 5504 1853 5541 nar-

282 5569 510 5615 rantur,
557 5574 673 5625 qua:
727 5574 751 5609 ιι
805 5558 1057 5610 Demetrii
1105 5558 1363 5610 Passionc
1402 5566 1509 5609 tum
1564 5558 1850 5620 l’hotiana,

280 5636 393 5679 tum
431 5627 779 5681 Anastasiana
812 5626 1040 5687 absunt;
1077 5644 1260 5679 verum
1293 5642 1352 5679 ea
1400 5644 1459 5678 ειν
1508 5628 1849 5680 nominatum

280 5695 583 5755 Nestorem.
604 5699 693 5764 qui
714 5697 924 5763 Lyzeutn
951 5697 1207 5757 singulari
1234 5698 1531 5749 certamine
1554 5696 1850 5761 interfecit,

279 5766 532 5835 elTet-tum
565 5782 684 5820 esse
708 5765 908 5835 Christi
941 5779 1255 5835 martyrem,
1285 5766 1620 5832 duplicisque
1654 5768 1718 5817 ah
1748 5769 1846 5821 hoc

281 5834 537 5899 victorize',
600 5836 675 5887 uti
731 5835 819 5890 hic
863 5834 1252 5903 Metaphrastcs
1299 5836 1571 5899 loquitur.
1624 5852 1851 5890 euronas

1960 4641 2020 4693 iit
2064 4642 2264 4695 caedem
2287 4680 2302 4705 ,
2349 4658 2505 4703 cum.
2539 4653 2597 4695 ut
2628 4644 2823 4711 potuit,
2852 4643 3097 4696 divinum
3135 4644 3288 4698 illum
3313 4646 3538 4716 sangui-

1958 4749 2080 4786 nem
2104 4735 2409 4805 collegisset
2445 4736 2495 4788 in
2526 4751 2683 4789 sacro
2710 4738 2961 4805 martyris
2988 4738 3449 4805 superhumerali,
3480 4748 3537 4794 et

1956 4840 2118 4893 quem
2154 4842 2313 4880 manu
2358 4828 2623 4895 gestabat,
2656 4828 2914 4881 annulum
2949 4830 3273 4897 accepisset,
3311 4838 3365 4883 et
3396 4847 3534 4885 mar-

1960 4916 2092 4985 tyris
2124 4917 2385 4987 sanguine
2416 4917 2689 4982 tinxisset,
2727 4934 2819 4987 per
2865 4921 2981 4988 ipsa
3028 4919 3263 4975 faciebat
3297 4921 3534 4990 plurima

1885 5000 1899 5030 ’·
1954 5008 2245 5076 miracula.

2031 5098 2122 5151 21.
2156 5099 2343 5167 Neque
2374 5108 2493 5154 erat
2530 5099 2673 5153 ullus
2720 5099 2964 5165 morbus,
3010 5116 3187 5169 neque
3218 5102 3392 5154 malus
3428 5102 3537 5155 dan-

1961 5206 2085 5244 mon
2119 5201 2225 5243 tam
2260 5191 2440 5253 fortis,
2476 5192 2605 5260 quin
2641 5193 2848 5255 statim,
2887 5192 2932 5245 si
2965 5193 3108 5245 illius
3134 5193 3357 5248 fecisset
3393 5194 3539 5263 peri-

1957 5420 2251 5486 accepisse,
2283 5418 2529 5488 exiguam
2575 5419 2864 5471 admodum
2919 5418 3075 5472 iidem
3125 5428 3423 5483 merentur,
3457 5418 3536 5471 uti

1958 5493 2089 5542 satis
2122 5494 2369 5555 probant,
2408 5505 2527 5557 quae
2571 5489 2959 5543 Conttueutarii
2995 5490 3180 5558 pnevii
3212 5489 3237 5558 ς
3269 5491 3300 5543 4
3332 5492 3382 5541 in
3424 5504 3537 5543 me-

1956 5560 2105 5612 dium
2143 5560 2363 5611 adduxi.

2029 5630 2140 5695 (I6)
2183 5629 2324 5686 lla'c.
2358 5642 2474 5694 qum
2500 5625 2562 5677 ad
2598 5627 2928 5679 Demetrium
2962 5628 3047 5680 hic
3086 5626 3441 5688 ﬁt,allocutio
3469 5628 3537 5681 ab

1958 5700 2076 5777 ipso
2113 5699 2472 5777 Mutaphraste
2501 5696 2911 5777 verosimillime
2944 5699 3296 5777 estcotiiicta
3320 5715 3333 5759 ;
3360 5712 3537 5777 neque

1956 5765 2100 5820 enim
2138 5769 2219 5820 vel
2264 5769 2314 5820 in
2364 5781 2653 5834 anonymo,
2679 5765 2769 5833 qui
2804 5766 3058 5833 scriptori
3089 5768 3215 5820 huic
3245 5765 3494 5834 prmluxit
3518 5810 3531 5829 ,

1956 5838 2138 5893 Sancti
2176 5837 2344 5893 nostri
2374 5837 2695 5906 biographo,
2731 5836 2814 5889 vel
2842 5836 2975 5891 alibi
3005 5837 3211 5906 uspiam
3246 5837 3531 5908 reperitur.
