  <div class='ocr_page' id='page_1' title='image "/cluster/home/n/w/nwhite01/storage/ocr_20150623/116/nnc1.0046980156/672.png"; bbox 0 0 4218 6442; ppageno 0'>
   <div class='ocr_carea' id='block_1_1' title="bbox 266 387 406 451">
    <p class='ocr_par' dir='ltr' id='par_1_1' title="bbox 266 387 406 451">
     <span class='ocr_line' id='line_1_1' title="bbox 266 387 406 451; baseline -0.007 -2"><span class='ocrx_word' id='word_1_1' title='bbox 266 387 406 451; x_wconf 70' lang='lat'><strong>1201</strong></span> 
     </span>
    </p>
   </div>
   <div class='ocr_carea' id='block_1_2' title="bbox 1303 388 2477 455">
    <p class='ocr_par' dir='ltr' id='par_1_2' title="bbox 1303 388 2477 455">
     <span class='ocr_line' id='line_1_2' title="bbox 1303 388 2477 455; baseline 0.007 -8"><span class='ocrx_word' id='word_1_2' title='bbox 1303 388 1360 447; x_wconf 88' lang='lat' dir='ltr'><strong>S.</strong></span> <span class='ocrx_word' id='word_1_3' title='bbox 1408 390 1781 450; x_wconf 77' lang='lat' dir='ltr'><strong>DEMETRJI</strong></span> <span class='ocrx_word' id='word_1_4' title='bbox 1830 390 2222 451; x_wconf 70' lang='lat' dir='ltr'><strong>MAR&#39;FYRIS</strong></span> <span class='ocrx_word' id='word_1_5' title='bbox 2262 392 2477 455; x_wconf 77' lang='lat' dir='ltr'><strong>ACTA.</strong></span> 
     </span>
    </p>
   </div>
   <div class='ocr_carea' id='block_1_3' title="bbox 3379 386 3513 448">
    <p class='ocr_par' dir='ltr' id='par_1_3' title="bbox 3379 386 3513 448">
     <span class='ocr_line' id='line_1_3' title="bbox 3379 386 3513 448; baseline -0.007 -1"><span class='ocrx_word' id='word_1_6' title='bbox 3379 386 3513 448; x_wconf 68' lang='grc'><strong>1⁵202</strong></span> 
     </span>
    </p>
   </div>
   <div class='ocr_carea' id='block_1_4' title="bbox 263 498 1929 572">
    <p class='ocr_par' dir='ltr' id='par_1_4' title="bbox 263 501 1919 571">
     <span class='ocr_line' id='line_1_4' title="bbox 263 501 1919 571; baseline -0.002 -16"><span class='ocrx_word' id='word_1_7' title='bbox 263 504 358 564; x_wconf 66' lang='grc' dir='ltr'><strong>νὸς</strong></span> <span class='ocrx_word' id='word_1_8' title='bbox 392 503 499 556; x_wconf 86' lang='grc' dir='ltr'><strong>τῶν</strong></span> <span class='ocrx_word' id='word_1_9' title='bbox 528 502 702 556; x_wconf 73' lang='grc' dir='ltr'>ἄλλων</span> <span class='ocrx_word' id='word_1_10' title='bbox 754 502 867 555; x_wconf 84' lang='grc' dir='ltr'>δσοι</span> <span class='ocrx_word' id='word_1_11' title='bbox 904 502 1038 571; x_wconf 83' lang='grc' dir='ltr'>πρὸς</span> <span class='ocrx_word' id='word_1_12' title='bbox 1073 502 1257 569; x_wconf 83' lang='grc' dir='ltr'>θαῦμα</span> <span class='ocrx_word' id='word_1_13' title='bbox 1290 502 1614 569; x_wconf 47' lang='grc' dir='ltr'>καλεὴδονὴν</span> <span class='ocrx_word' id='word_1_14' title='bbox 1645 501 1842 567; x_wconf 72' lang='grc' dir='ltr'>ὀφθαλ-</span> <span class='ocrx_word' id='word_1_15' title='bbox 1870 504 1919 559; x_wconf 77' lang='grc' dir='ltr'><strong>Α</strong></span> 
     </span>
    </p>
   </div>
   <div class='ocr_carea' id='block_1_5' title="bbox 1848 498 3514 572">
    <p class='ocr_par' dir='ltr' id='par_1_5' title="bbox 1870 498 3514 572">
     <span class='ocr_line' id='line_1_5' title="bbox 1870 498 3514 572; baseline -0.005 -13"><span class='ocrx_word' id='word_1_16' title='bbox 1870 504 1919 559; x_wconf 78' lang='grc' dir='ltr'><strong>Α</strong></span> <span class='ocrx_word' id='word_1_17' title='bbox 1950 504 2359 572; x_wconf 73' lang='lat' dir='ltr'><strong>pulchritudine</strong></span> <span class='ocrx_word' id='word_1_18' title='bbox 2389 504 2534 556; x_wconf 90' lang='lat' dir='ltr'><strong>enim</strong></span> <span class='ocrx_word' id='word_1_19' title='bbox 2569 510 2621 553; x_wconf 82' lang='lat' dir='ltr'><strong>et</strong></span> <span class='ocrx_word' id='word_1_20' title='bbox 2650 501 3022 570; x_wconf 74' lang='lat' dir='ltr'><strong>magnitudine</strong></span> <span class='ocrx_word' id='word_1_21' title='bbox 3063 500 3195 551; x_wconf 83' lang='lat' dir='ltr'><strong>nulli</strong></span> <span class='ocrx_word' id='word_1_22' title='bbox 3247 498 3335 550; x_wconf 89' lang='lat' dir='ltr'><strong>alii</strong></span> <span class='ocrx_word' id='word_1_23' title='bbox 3371 500 3514 551; x_wconf 83' lang='lat' dir='ltr'><strong>cedit</strong></span> 
     </span>
    </p>
   </div>
   <div class='ocr_carea' id='block_1_6' title="bbox 264 592 1835 663">
    <p class='ocr_par' dir='ltr' id='par_1_6' title="bbox 264 592 1835 663">
     <span class='ocr_line' id='line_1_6' title="bbox 264 592 1835 663; baseline -0.001 -19"><span class='ocrx_word' id='word_1_24' title='bbox 264 598 403 663; x_wconf 62' lang='lat' dir='ltr'><strong>pob;</strong></span> <span class='ocrx_word' id='word_1_25' title='bbox 446 596 656 647; x_wconf 74' lang='grc' dir='ltr'>κινοῦσι</span> <span class='ocrx_word' id='word_1_26' title='bbox 693 594 923 655; x_wconf 81' lang='grc' dir='ltr'><strong>κάλλους</strong></span> <span class='ocrx_word' id='word_1_27' title='bbox 970 594 1002 662; x_wconf 80' lang='grc' dir='ltr'>ἢ</span> <span class='ocrx_word' id='word_1_28' title='bbox 1039 593 1327 661; x_wconf 84' lang='grc' dir='ltr'>μεγέθους,</span> <span class='ocrx_word' id='word_1_29' title='bbox 1387 592 1835 659; x_wconf 73' lang='grc' dir='ltr'>ἀπολειπόμενος.</span> 
     </span>
    </p>
   </div>
   <div class='ocr_carea' id='block_1_7' title="bbox 260 676 1848 757">
    <p class='ocr_par' dir='ltr' id='par_1_7' title="bbox 260 676 1848 757">
     <span class='ocr_line' id='line_1_7' title="bbox 260 676 1848 757; baseline -0.003 -19"><span class='ocrx_word' id='word_1_30' title='bbox 260 688 490 738; x_wconf 70' lang='grc' dir='ltr'><strong>⁴Μέλλων</strong></span> <span class='ocrx_word' id='word_1_31' title='bbox 522 686 578 738; x_wconf 71' lang='grc' dir='ltr'>δὲ</span> <span class='ocrx_word' id='word_1_32' title='bbox 625 690 650 737; x_wconf 76' lang='grc' dir='ltr'>ὁ</span> <span class='ocrx_word' id='word_1_33' title='bbox 674 685 999 753; x_wconf 76' lang='grc' dir='ltr'>φιλευσεϐὴς</span> <span class='ocrx_word' id='word_1_34' title='bbox 1024 676 1176 746; x_wconf 77' lang='grc' dir='ltr'>οὗτος</span> <span class='ocrx_word' id='word_1_35' title='bbox 1203 682 1445 751; x_wconf 74' lang='grc' dir='ltr'>καὶπρὸς</span> <span class='ocrx_word' id='word_1_36' title='bbox 1469 683 1528 734; x_wconf 66' lang='grc' dir='ltr'>τὸ</span> <span class='ocrx_word' id='word_1_37' title='bbox 1544 682 1848 757; x_wconf 74' lang='grc' dir='ltr'>Ἰλλυρικὸν</span> 
     </span>
    </p>
   </div>
   <div class='ocr_carea' id='block_1_8' title="bbox 260 772 1841 845">
    <p class='ocr_par' dir='ltr' id='par_1_8' title="bbox 260 772 1841 845">
     <span class='ocr_line' id='line_1_8' title="bbox 260 772 1841 845; baseline -0.003 -17"><span class='ocrx_word' id='word_1_38' title='bbox 260 778 504 839; x_wconf 77' lang='grc' dir='ltr'><strong>ἀπιέναι,</strong></span> <span class='ocrx_word' id='word_1_39' title='bbox 538 777 630 828; x_wconf 83' lang='grc' dir='ltr'>καί</span> <span class='ocrx_word' id='word_1_40' title='bbox 658 793 782 829; x_wconf 84' lang='grc' dir='ltr'>τινα</span> <span class='ocrx_word' id='word_1_41' title='bbox 809 775 915 827; x_wconf 71' lang='grc' dir='ltr'><strong>τῶν</strong></span> <span class='ocrx_word' id='word_1_42' title='bbox 959 777 1138 845; x_wconf 81' lang='grc' dir='ltr'>μερῶν</span> <span class='ocrx_word' id='word_1_43' title='bbox 1164 774 1258 825; x_wconf 80' lang='grc' dir='ltr'>τοῦ</span> <span class='ocrx_word' id='word_1_44' title='bbox 1294 772 1443 842; x_wconf 76' lang='grc' dir='ltr'>ἱεροῦ</span> <span class='ocrx_word' id='word_1_45' title='bbox 1478 773 1725 841; x_wconf 82' lang='grc' dir='ltr'>σώματος</span> <span class='ocrx_word' id='word_1_46' title='bbox 1749 774 1841 824; x_wconf 83' lang='grc' dir='ltr'>λα-</span> 
     </span>
    </p>
   </div>
   <div class='ocr_carea' id='block_1_9' title="bbox 262 864 1841 935">
    <p class='ocr_par' dir='ltr' id='par_1_9' title="bbox 262 864 1841 935">
     <span class='ocr_line' id='line_1_9' title="bbox 262 864 1841 935; baseline -0.004 -17"><span class='ocrx_word' id='word_1_47' title='bbox 262 867 385 918; x_wconf 77' lang='grc' dir='ltr'>ϐεῖν</span> <span class='ocrx_word' id='word_1_48' title='bbox 412 866 718 935; x_wconf 81' lang='grc' dir='ltr'>βουληθεὶς,</span> <span class='ocrx_word' id='word_1_49' title='bbox 759 865 899 920; x_wconf 84' lang='grc' dir='ltr'>ὥστε</span> <span class='ocrx_word' id='word_1_50' title='bbox 942 867 1164 918; x_wconf 79' lang='grc' dir='ltr'>κάκεῖσε</span> <span class='ocrx_word' id='word_1_51' title='bbox 1203 864 1329 916; x_wconf 67' lang='grc' dir='ltr'>ναὸν</span> <span class='ocrx_word' id='word_1_52' title='bbox 1362 864 1440 931; x_wconf 85' lang='grc' dir='ltr'><strong>τῷ</strong></span> <span class='ocrx_word' id='word_1_53' title='bbox 1462 864 1673 916; x_wconf 79' lang='grc' dir='ltr'>εὐκλεεῖ</span> <span class='ocrx_word' id='word_1_54' title='bbox 1704 866 1841 932; x_wconf 62' lang='grc' dir='ltr'>μίτρ-</span> 
     </span>
    </p>
   </div>
   <div class='ocr_carea' id='block_1_10' title="bbox 261 955 1836 1027">
    <p class='ocr_par' dir='ltr' id='par_1_10' title="bbox 261 955 1836 1027">
     <span class='ocr_line' id='line_1_10' title="bbox 261 955 1836 1027; baseline -0.006 -16"><span class='ocrx_word' id='word_1_55' title='bbox 261 976 389 1025; x_wconf 79' lang='grc' dir='ltr'>τυρι</span> <span class='ocrx_word' id='word_1_56' title='bbox 423 960 742 1027; x_wconf 83' lang='grc' dir='ltr'>ἀναστῆσαι,</span> <span class='ocrx_word' id='word_1_57' title='bbox 783 959 880 1010; x_wconf 80' lang='grc' dir='ltr'><strong>οὐκ</strong></span> <span class='ocrx_word' id='word_1_58' title='bbox 930 959 1053 1026; x_wconf 75' lang='grc' dir='ltr'>ἔσχε</span> <span class='ocrx_word' id='word_1_59' title='bbox 1084 957 1504 1010; x_wconf 68' lang='grc' dir='ltr'><strong>συνευδοκοῦντα</strong></span> <span class='ocrx_word' id='word_1_60' title='bbox 1540 955 1631 1007; x_wconf 80' lang='grc' dir='ltr'>τὸν</span> <span class='ocrx_word' id='word_1_61' title='bbox 1661 956 1836 1019; x_wconf 76' lang='grc' dir='ltr'>ἅγιον,</span> 
     </span>
    </p>
   </div>
   <div class='ocr_carea' id='block_1_11' title="bbox 263 1046 1840 1119">
    <p class='ocr_par' dir='ltr' id='par_1_11' title="bbox 263 1046 1840 1119">
     <span class='ocr_line' id='line_1_11' title="bbox 263 1046 1840 1119; baseline -0.005 -16"><span class='ocrx_word' id='word_1_62' title='bbox 263 1051 405 1103; x_wconf 77' lang='grc' dir='ltr'>ἀλλὰ</span> <span class='ocrx_word' id='word_1_63' title='bbox 430 1053 770 1119; x_wconf 80' lang='grc' dir='ltr'>νυκτεριναῖς</span> <span class='ocrx_word' id='word_1_64' title='bbox 806 1051 967 1103; x_wconf 67' lang='grc' dir='ltr'>αὐτὸν</span> <span class='ocrx_word' id='word_1_65' title='bbox 1008 1049 1354 1115; x_wconf 70' lang='grc' dir='ltr'><strong>ἐπιφανείαις</strong></span> <span class='ocrx_word' id='word_1_66' title='bbox 1381 1048 1554 1117; x_wconf 76' lang='grc' dir='ltr'>εἴργει</span> <span class='ocrx_word' id='word_1_67' title='bbox 1601 1046 1694 1098; x_wconf 76' lang='grc' dir='ltr'>τοῦ</span> <span class='ocrx_word' id='word_1_68' title='bbox 1722 1048 1840 1097; x_wconf 77' lang='grc' dir='ltr'>ἑπι-</span> 
     </span>
    </p>
   </div>
   <div class='ocr_carea' id='block_1_12' title="bbox 265 1138 1835 1211">
    <p class='ocr_par' dir='ltr' id='par_1_12' title="bbox 265 1138 1835 1211">
     <span class='ocr_line' id='line_1_12' title="bbox 265 1138 1835 1211; baseline -0.005 -18"><span class='ocrx_word' id='word_1_69' title='bbox 265 1143 624 1211; x_wconf 82' lang='grc' dir='ltr'>χειρήματος.</span> <span class='ocrx_word' id='word_1_70' title='bbox 643 1143 740 1194; x_wconf 87' lang='grc' dir='ltr'>Διά</span> <span class='ocrx_word' id='word_1_71' title='bbox 762 1141 932 1193; x_wconf 83' lang='grc' dir='ltr'>ταῦτα</span> <span class='ocrx_word' id='word_1_72' title='bbox 949 1144 1043 1193; x_wconf 75' lang='grc' dir='ltr'><strong>καὶ</strong></span> <span class='ocrx_word' id='word_1_73' title='bbox 1063 1141 1315 1208; x_wconf 82' lang='grc' dir='ltr'>δεύτερον</span> <span class='ocrx_word' id='word_1_74' title='bbox 1338 1138 1526 1199; x_wconf 76' lang='grc' dir='ltr'>πλοῦν,</span> <span class='ocrx_word' id='word_1_75' title='bbox 1555 1138 1581 1188; x_wconf 86' lang='grc' dir='ltr'>ὃ</span> <span class='ocrx_word' id='word_1_76' title='bbox 1600 1139 1835 1202; x_wconf 79' lang='grc' dir='ltr'>λέγεται,</span> 
     </span>
    </p>
   </div>
   <div class='ocr_carea' id='block_1_13' title="bbox 266 1228 1840 1303">
    <p class='ocr_par' dir='ltr' id='par_1_13' title="bbox 266 1228 1840 1303">
     <span class='ocr_line' id='line_1_13' title="bbox 266 1228 1840 1303; baseline -0.005 -19"><span class='ocrx_word' id='word_1_77' title='bbox 266 1237 367 1300; x_wconf 76' lang='grc' dir='ltr'>τὴν</span> <span class='ocrx_word' id='word_1_78' title='bbox 398 1232 641 1302; x_wconf 80' lang='grc' dir='ltr'>χλαμύδα</span> <span class='ocrx_word' id='word_1_79' title='bbox 662 1231 753 1284; x_wconf 81' lang='grc' dir='ltr'><strong>τοῦ</strong></span> <span class='ocrx_word' id='word_1_80' title='bbox 782 1231 1057 1303; x_wconf 81' lang='grc' dir='ltr'>μάρτυρος</span> <span class='ocrx_word' id='word_1_81' title='bbox 1087 1234 1301 1292; x_wconf 86' lang='grc' dir='ltr'>σεπτοίς</span> <span class='ocrx_word' id='word_1_82' title='bbox 1333 1232 1529 1299; x_wconf 79' lang='grc' dir='ltr'><strong>αἵμασι</strong></span> <span class='ocrx_word' id='word_1_83' title='bbox 1560 1229 1670 1288; x_wconf 85' lang='grc' dir='ltr'>τοῖς</span> <span class='ocrx_word' id='word_1_84' title='bbox 1698 1228 1840 1278; x_wconf 82' lang='grc' dir='ltr'>ὲκεί-</span> 
     </span>
    </p>
   </div>
   <div class='ocr_carea' id='block_1_14' title="bbox 270 1319 1841 1391">
    <p class='ocr_par' dir='ltr' id='par_1_14' title="bbox 270 1319 1841 1391">
     <span class='ocr_line' id='line_1_14' title="bbox 270 1319 1841 1391; baseline -0.005 -16"><span class='ocrx_word' id='word_1_85' title='bbox 270 1342 365 1375; x_wconf 65' lang='grc' dir='ltr'>ειου</span> <span class='ocrx_word' id='word_1_86' title='bbox 389 1324 839 1391; x_wconf 80' lang='grc' dir='ltr'>πεφοινιγμένην,</span> <span class='ocrx_word' id='word_1_87' title='bbox 858 1322 950 1374; x_wconf 76' lang='grc' dir='ltr'>καί</span> <span class='ocrx_word' id='word_1_88' title='bbox 969 1339 1019 1373; x_wconf 90' lang='grc' dir='ltr'><strong>τι</strong></span> <span class='ocrx_word' id='word_1_89' title='bbox 1039 1320 1132 1371; x_wconf 75' lang='grc' dir='ltr'>τοῦ</span> <span class='ocrx_word' id='word_1_90' title='bbox 1157 1322 1401 1388; x_wconf 75' lang='grc' dir='ltr'>ὲπωμίου</span> <span class='ocrx_word' id='word_1_91' title='bbox 1418 1319 1619 1382; x_wconf 85' lang='grc' dir='ltr'>λαϐὼν,</span> <span class='ocrx_word' id='word_1_92' title='bbox 1639 1320 1665 1369; x_wconf 72' lang='grc' dir='ltr'><strong>ὃ</strong></span> <span class='ocrx_word' id='word_1_93' title='bbox 1686 1319 1841 1385; x_wconf 84' lang='grc' dir='ltr'>σύνη-</span> 
     </span>
    </p>
   </div>
   <div class='ocr_carea' id='block_1_15' title="bbox 272 1410 1841 1484">
    <p class='ocr_par' dir='ltr' id='par_1_15' title="bbox 272 1410 1841 1484">
     <span class='ocr_line' id='line_1_15' title="bbox 272 1410 1841 1484; baseline -0.004 -19"><span class='ocrx_word' id='word_1_94' title='bbox 272 1418 361 1472; x_wconf 79' lang='grc' dir='ltr'><strong>θες</strong></span> <span class='ocrx_word' id='word_1_95' title='bbox 380 1417 602 1484; x_wconf 74' lang='grc' dir='ltr'>ὸράριον</span> <span class='ocrx_word' id='word_1_96' title='bbox 619 1414 921 1481; x_wconf 74' lang='grc' dir='ltr'>ὀνομάζειν,</span> <span class='ocrx_word' id='word_1_97' title='bbox 942 1414 1035 1465; x_wconf 72' lang='grc' dir='ltr'><strong>καὶ</strong></span> <span class='ocrx_word' id='word_1_98' title='bbox 1055 1411 1268 1478; x_wconf 82' lang='grc' dir='ltr'>κιϐωτῷ</span> <span class='ocrx_word' id='word_1_99' title='bbox 1285 1413 1441 1479; x_wconf 79' lang='grc' dir='ltr'>τιμία</span> <span class='ocrx_word' id='word_1_100' title='bbox 1460 1412 1519 1462; x_wconf 80' lang='grc' dir='ltr'>τὸ</span> <span class='ocrx_word' id='word_1_101' title='bbox 1535 1410 1745 1475; x_wconf 74' lang='grc' dir='ltr'>ἀληθῶς</span> <span class='ocrx_word' id='word_1_102' title='bbox 1763 1410 1841 1459; x_wconf 79' lang='grc' dir='ltr'>τί-</span> 
     </span>
    </p>
   </div>
   <div class='ocr_carea' id='block_1_16' title="bbox 275 1502 1840 1574">
    <p class='ocr_par' dir='ltr' id='par_1_16' title="bbox 275 1502 1840 1574">
     <span class='ocr_line' id='line_1_16' title="bbox 275 1502 1840 1574; baseline -0.003 -17"><span class='ocrx_word' id='word_1_103' title='bbox 275 1526 396 1574; x_wconf 71' lang='grc' dir='ltr'>μιον</span> <span class='ocrx_word' id='word_1_104' title='bbox 431 1507 819 1572; x_wconf 75' lang='grc' dir='ltr'><strong>καταθέμενος,</strong></span> <span class='ocrx_word' id='word_1_105' title='bbox 848 1505 991 1557; x_wconf 71' lang='grc' dir='ltr'>οὕτω</span> <span class='ocrx_word' id='word_1_106' title='bbox 1014 1506 1091 1572; x_wconf 80' lang='grc' dir='ltr'>τῷ</span> <span class='ocrx_word' id='word_1_107' title='bbox 1125 1505 1360 1572; x_wconf 77' lang='grc' dir='ltr'><strong>μάρτυρι</strong></span> <span class='ocrx_word' id='word_1_108' title='bbox 1389 1505 1485 1572; x_wconf 84' lang='grc' dir='ltr'>μὲν</span> <span class='ocrx_word' id='word_1_109' title='bbox 1511 1505 1721 1568; x_wconf 71' lang='grc' dir='ltr'>ἀφοσιοῖ</span> <span class='ocrx_word' id='word_1_110' title='bbox 1751 1502 1840 1552; x_wconf 77' lang='grc' dir='ltr'>τὸν</span> 
     </span>
    </p>
   </div>
   <div class='ocr_carea' id='block_1_17' title="bbox 273 1591 1838 1665">
    <p class='ocr_par' dir='ltr' id='par_1_17' title="bbox 273 1591 1838 1665">
     <span class='ocr_line' id='line_1_17' title="bbox 273 1591 1838 1665; baseline -0.005 -17"><span class='ocrx_word' id='word_1_111' title='bbox 273 1598 455 1661; x_wconf 68' lang='grc' dir='ltr'>πόθον,</span> <span class='ocrx_word' id='word_1_112' title='bbox 473 1596 648 1665; x_wconf 83' lang='grc' dir='ltr'>ἑαυτῷ</span> <span class='ocrx_word' id='word_1_113' title='bbox 667 1596 833 1663; x_wconf 80' lang='grc' dir='ltr'>δὲτὴν</span> <span class='ocrx_word' id='word_1_114' title='bbox 856 1597 1121 1664; x_wconf 79' lang='grc' dir='ltr'><strong>μεγίστην</strong></span> <span class='ocrx_word' id='word_1_115' title='bbox 1138 1595 1497 1661; x_wconf 70' lang='grc' dir='ltr'>περιποιεῖται</span> <span class='ocrx_word' id='word_1_116' title='bbox 1522 1595 1628 1657; x_wconf 79' lang='grc' dir='ltr'>ἀσφ</span> <span class='ocrx_word' id='word_1_117' title='bbox 1642 1591 1838 1641; x_wconf 74' lang='grc' dir='ltr'>άλειαν.</span> 
     </span>
    </p>
   </div>
   <div class='ocr_carea' id='block_1_18' title="bbox 343 1678 1841 1753">
    <p class='ocr_par' dir='ltr' id='par_1_18' title="bbox 343 1678 1841 1753">
     <span class='ocr_line' id='line_1_18' title="bbox 343 1678 1841 1753; baseline -0.007 -15"><span class='ocrx_word' id='word_1_118' title='bbox 343 1687 437 1747; x_wconf 80' lang='grc' dir='ltr'>κδ’,</span> <span class='ocrx_word' id='word_1_119' title='bbox 486 1686 701 1752; x_wconf 79' lang='grc' dir='ltr'>Ἀμέλει</span> <span class='ocrx_word' id='word_1_120' title='bbox 737 1686 832 1737; x_wconf 59' lang='grc' dir='ltr'><strong>καὶ¹</strong></span> <span class='ocrx_word' id='word_1_121' title='bbox 873 1685 974 1753; x_wconf 77' lang='grc' dir='ltr'>τὴν</span> <span class='ocrx_word' id='word_1_122' title='bbox 1009 1686 1105 1735; x_wconf 71' lang='grc' dir='ltr'><strong>ἐπὶ</strong></span> <span class='ocrx_word' id='word_1_123' title='bbox 1129 1684 1186 1734; x_wconf 83' lang='grc' dir='ltr'>τὸ</span> <span class='ocrx_word' id='word_1_124' title='bbox 1215 1684 1435 1750; x_wconf 78' lang='grc' dir='ltr'>Σίρμιον</span> <span class='ocrx_word' id='word_1_125' title='bbox 1484 1680 1600 1748; x_wconf 71' lang='grc' dir='ltr'>ὥρα</span> <span class='ocrx_word' id='word_1_126' title='bbox 1640 1678 1841 1747; x_wconf 80' lang='grc' dir='ltr'>χειμῶ-</span> 
     </span>
    </p>
   </div>
   <div class='ocr_carea' id='block_1_19' title="bbox 271 1769 1839 1845">
    <p class='ocr_par' dir='ltr' id='par_1_19' title="bbox 271 1769 1839 1845">
     <span class='ocr_line' id='line_1_19' title="bbox 271 1769 1839 1845; baseline -0.006 -15"><span class='ocrx_word' id='word_1_127' title='bbox 271 1798 360 1840; x_wconf 69' lang='grc' dir='ltr'><strong>νος</strong></span> <span class='ocrx_word' id='word_1_128' title='bbox 398 1779 692 1830; x_wconf 86' lang='grc' dir='ltr'>διαϐαίνειν</span> <span class='ocrx_word' id='word_1_129' title='bbox 746 1777 975 1845; x_wconf 80' lang='grc' dir='ltr'>μέλλων,</span> <span class='ocrx_word' id='word_1_130' title='bbox 1033 1776 1131 1845; x_wconf 64' lang='grc' dir='ltr'>ἤδη</span> <span class='ocrx_word' id='word_1_131' title='bbox 1162 1776 1311 1841; x_wconf 68' lang='grc' dir='ltr'>παρὰ</span> <span class='ocrx_word' id='word_1_132' title='bbox 1360 1778 1479 1834; x_wconf 86' lang='grc' dir='ltr'>ταῖς</span> <span class='ocrx_word' id='word_1_133' title='bbox 1529 1771 1714 1840; x_wconf 73' lang='grc' dir='ltr'>ὄχθαις</span> <span class='ocrx_word' id='word_1_134' title='bbox 1748 1769 1839 1821; x_wconf 77' lang='grc' dir='ltr'>τοῦ</span> 
     </span>
    </p>
   </div>
   <div class='ocr_carea' id='block_1_20' title="bbox 275 1860 1841 1938">
    <p class='ocr_par' dir='ltr' id='par_1_20' title="bbox 275 1860 1841 1938">
     <span class='ocr_line' id='line_1_20' title="bbox 275 1860 1841 1938; baseline -0.008 -17"><span class='ocrx_word' id='word_1_135' title='bbox 275 1872 490 1938; x_wconf 85' lang='grc' dir='ltr'>Ἴστρου</span> <span class='ocrx_word' id='word_1_136' title='bbox 517 1870 829 1935; x_wconf 84' lang='grc' dir='ltr'>γενόμενος,</span> <span class='ocrx_word' id='word_1_137' title='bbox 879 1866 1000 1917; x_wconf 76' lang='grc' dir='ltr'>ἐπεὶ</span> <span class='ocrx_word' id='word_1_138' title='bbox 1031 1866 1194 1925; x_wconf 72' lang='grc' dir='ltr'>πολὺς</span> <span class='ocrx_word' id='word_1_139' title='bbox 1246 1860 1313 1933; x_wconf 81' lang='grc' dir='ltr'>ἦν</span> <span class='ocrx_word' id='word_1_140' title='bbox 1350 1864 1576 1924; x_wconf 74' lang='grc' dir='ltr'>ἐκεῖνος,</span> <span class='ocrx_word' id='word_1_141' title='bbox 1625 1863 1715 1912; x_wconf 74' lang='grc' dir='ltr'><strong>καὶ</strong></span> <span class='ocrx_word' id='word_1_142' title='bbox 1753 1860 1841 1910; x_wconf 66' lang='grc' dir='ltr'><strong>ἐπὶ</strong></span> 
     </span>
    </p>
   </div>
   <div class='ocr_carea' id='block_1_21' title="bbox 278 1953 1844 2029">
    <p class='ocr_par' dir='ltr' id='par_1_21' title="bbox 278 1953 1844 2029">
     <span class='ocr_line' id='line_1_21' title="bbox 278 1953 1844 2029; baseline -0.006 -17"><span class='ocrx_word' id='word_1_143' title='bbox 278 1964 420 2027; x_wconf 73' lang='grc' dir='ltr'>μέγα</span> <span class='ocrx_word' id='word_1_144' title='bbox 479 1960 541 2012; x_wconf 84' lang='grc' dir='ltr'>τὸ</span> <span class='ocrx_word' id='word_1_145' title='bbox 590 1959 805 2029; x_wconf 74' lang='grc' dir='ltr'>ῥεῖθρον</span> <span class='ocrx_word' id='word_1_146' title='bbox 858 1956 1091 2025; x_wconf 75' lang='grc' dir='ltr'>ἐξαίρων</span> <span class='ocrx_word' id='word_1_147' title='bbox 1150 1956 1401 2008; x_wconf 73' lang='grc' dir='ltr'>ἐντεῦθέν</span> <span class='ocrx_word' id='word_1_148' title='bbox 1452 1972 1508 2006; x_wconf 86' lang='grc' dir='ltr'><strong>τε</strong></span> <span class='ocrx_word' id='word_1_149' title='bbox 1537 1954 1713 2005; x_wconf 67' lang='grc' dir='ltr'>οὐδενὶ</span> <span class='ocrx_word' id='word_1_150' title='bbox 1738 1953 1844 2003; x_wconf 74' lang='grc' dir='ltr'>τῶν</span> 
     </span>
    </p>
   </div>
   <div class='ocr_carea' id='block_1_22' title="bbox 273 2046 1843 2117">
    <p class='ocr_par' dir='ltr' id='par_1_22' title="bbox 273 2046 1843 2117">
     <span class='ocr_line' id='line_1_22' title="bbox 273 2046 1843 2117; baseline -0.004 -15"><span class='ocrx_word' id='word_1_151' title='bbox 273 2054 492 2104; x_wconf 79' lang='grc' dir='ltr'>πάντων</span> <span class='ocrx_word' id='word_1_152' title='bbox 527 2050 777 2111; x_wconf 84' lang='grc' dir='ltr'>διαϐατὸς</span> <span class='ocrx_word' id='word_1_153' title='bbox 800 2050 1083 2117; x_wconf 73' lang='grc' dir='ltr'>γινόμενος</span> <span class='ocrx_word' id='word_1_154' title='bbox 1109 2065 1121 2077; x_wconf 87' lang='grc'>·</span> <span class='ocrx_word' id='word_1_155' title='bbox 1157 2048 1249 2100; x_wconf 75' lang='grc' dir='ltr'><strong>καὶ</strong></span> <span class='ocrx_word' id='word_1_156' title='bbox 1278 2049 1304 2099; x_wconf 81' lang='grc' dir='ltr'>ὁ</span> <span class='ocrx_word' id='word_1_157' title='bbox 1344 2048 1441 2115; x_wconf 82' lang='grc' dir='ltr'>μὲν</span> <span class='ocrx_word' id='word_1_158' title='bbox 1464 2048 1653 2116; x_wconf 70' lang='grc' dir='ltr'>χρόνος</span> <span class='ocrx_word' id='word_1_159' title='bbox 1682 2046 1843 2107; x_wconf 60' lang='grc' dir='ltr'>πολζις</span> 
     </span>
    </p>
   </div>
   <div class='ocr_carea' id='block_1_23' title="bbox 274 2137 1845 2212">
    <p class='ocr_par' dir='ltr' id='par_1_23' title="bbox 274 2137 1845 2212">
     <span class='ocr_line' id='line_1_23' title="bbox 274 2137 1845 2212; baseline -0.006 -16"><span class='ocrx_word' id='word_1_160' title='bbox 274 2146 479 2212; x_wconf 77' lang='grc' dir='ltr'>μεταξὺ</span> <span class='ocrx_word' id='word_1_161' title='bbox 512 2141 599 2212; x_wconf 79' lang='grc' dir='ltr'>ἦν,</span> <span class='ocrx_word' id='word_1_162' title='bbox 648 2145 806 2211; x_wconf 74' lang='grc' dir='ltr'>ἔληγε</span> <span class='ocrx_word' id='word_1_163' title='bbox 838 2144 892 2194; x_wconf 83' lang='grc' dir='ltr'>δὲ</span> <span class='ocrx_word' id='word_1_164' title='bbox 933 2142 1180 2208; x_wconf 73' lang='grc' dir='ltr'>οὐδαμῶς</span> <span class='ocrx_word' id='word_1_165' title='bbox 1235 2141 1293 2191; x_wconf 81' lang='grc' dir='ltr'>τὸ</span> <span class='ocrx_word' id='word_1_166' title='bbox 1316 2139 1550 2208; x_wconf 70' lang='grc' dir='ltr'>ῥεῖθρον,</span> <span class='ocrx_word' id='word_1_167' title='bbox 1590 2138 1721 2190; x_wconf 86' lang='grc' dir='ltr'><strong>ἀλλά</strong></span> <span class='ocrx_word' id='word_1_168' title='bbox 1752 2137 1845 2188; x_wconf 77' lang='grc' dir='ltr'><strong>καὶ</strong></span> 
     </span>
    </p>
   </div>
   <div class='ocr_carea' id='block_1_24' title="bbox 268 2229 1844 2303">
    <p class='ocr_par' dir='ltr' id='par_1_24' title="bbox 268 2229 1844 2303">
     <span class='ocr_line' id='line_1_24' title="bbox 268 2229 1844 2303; baseline -0.003 -19"><span class='ocrx_word' id='word_1_169' title='bbox 268 2238 351 2286; x_wconf 61' lang='grc' dir='ltr'>ἔτι</span> <span class='ocrx_word' id='word_1_170' title='bbox 384 2238 498 2296; x_wconf 86' lang='grc' dir='ltr'>τοῖς</span> <span class='ocrx_word' id='word_1_171' title='bbox 550 2234 895 2303; x_wconf 73' lang='grc' dir='ltr'>βουλομένοις</span> <span class='ocrx_word' id='word_1_172' title='bbox 947 2232 1257 2302; x_wconf 84' lang='grc' dir='ltr'>ἀπηγόρευε</span> <span class='ocrx_word' id='word_1_173' title='bbox 1324 2235 1423 2300; x_wconf 83' lang='grc' dir='ltr'>τὴν</span> <span class='ocrx_word' id='word_1_174' title='bbox 1480 2230 1751 2289; x_wconf 80' lang='grc' dir='ltr'>διάϐασιν,</span> <span class='ocrx_word' id='word_1_175' title='bbox 1787 2229 1844 2281; x_wconf 85' lang='grc' dir='ltr'>ἐν</span> 
     </span>
    </p>
   </div>
   <div class='ocr_carea' id='block_1_25' title="bbox 268 2322 1842 2395">
    <p class='ocr_par' dir='ltr' id='par_1_25' title="bbox 268 2322 1842 2395">
     <span class='ocr_line' id='line_1_25' title="bbox 268 2322 1842 2395; baseline -0.005 -16"><span class='ocrx_word' id='word_1_176' title='bbox 268 2328 531 2394; x_wconf 72' lang='grc' dir='ltr'>ἀθυμίαις</span> <span class='ocrx_word' id='word_1_177' title='bbox 562 2327 589 2377; x_wconf 89' lang='grc' dir='ltr'>ὁ</span> <span class='ocrx_word' id='word_1_178' title='bbox 615 2326 751 2395; x_wconf 83' lang='grc' dir='ltr'>ἀνὴρ</span> <span class='ocrx_word' id='word_1_179' title='bbox 782 2323 850 2395; x_wconf 77' lang='grc' dir='ltr'>ἧν</span> <span class='ocrx_word' id='word_1_180' title='bbox 879 2325 1163 2391; x_wconf 80' lang='grc' dir='ltr'>λογισμοῖς</span> <span class='ocrx_word' id='word_1_181' title='bbox 1199 2340 1257 2374; x_wconf 87' lang='grc' dir='ltr'><strong>τε</strong></span> <span class='ocrx_word' id='word_1_182' title='bbox 1293 2322 1547 2375; x_wconf 77' lang='grc' dir='ltr'>ἐϐάλλετο</span> <span class='ocrx_word' id='word_1_183' title='bbox 1584 2323 1675 2374; x_wconf 74' lang='grc' dir='ltr'><strong>καὶ</strong></span> <span class='ocrx_word' id='word_1_184' title='bbox 1707 2322 1842 2372; x_wconf 74' lang='grc' dir='ltr'>ἀπο·</span> 
     </span>
    </p>
   </div>
   <div class='ocr_carea' id='block_1_26' title="bbox 270 2410 1843 2489">
    <p class='ocr_par' dir='ltr' id='par_1_26' title="bbox 270 2410 1843 2489">
     <span class='ocr_line' id='line_1_26' title="bbox 270 2410 1843 2489; baseline -0.004 -20"><span class='ocrx_word' id='word_1_185' title='bbox 270 2422 364 2489; x_wconf 68' lang='grc' dir='ltr'><strong>ρίᾳ</strong></span> <span class='ocrx_word' id='word_1_186' title='bbox 393 2419 687 2487; x_wconf 82' lang='grc' dir='ltr'>συνείχετο,</span> <span class='ocrx_word' id='word_1_187' title='bbox 740 2416 1052 2483; x_wconf 76' lang='grc' dir='ltr'>Ἐπιφανεὶς</span> <span class='ocrx_word' id='word_1_188' title='bbox 1087 2414 1180 2467; x_wconf 74' lang='grc' dir='ltr'>οὖν</span> <span class='ocrx_word' id='word_1_189' title='bbox 1218 2416 1245 2465; x_wconf 87' lang='grc' dir='ltr'>ὀ</span> <span class='ocrx_word' id='word_1_190' title='bbox 1296 2414 1435 2475; x_wconf 82' lang='grc' dir='ltr'>θεῖος</span> <span class='ocrx_word' id='word_1_191' title='bbox 1466 2410 1611 2482; x_wconf 70' lang='grc' dir='ltr'>αὐτῷ</span> <span class='ocrx_word' id='word_1_192' title='bbox 1660 2412 1843 2481; x_wconf 80' lang='grc' dir='ltr'>Δημήο</span> 
     </span>
    </p>
   </div>
   <div class='ocr_carea' id='block_1_27' title="bbox 270 2505 1843 2578">
    <p class='ocr_par' dir='ltr' id='par_1_27' title="bbox 270 2505 1843 2578">
     <span class='ocr_line' id='line_1_27' title="bbox 270 2505 1843 2578; baseline -0.004 -17"><span class='ocrx_word' id='word_1_193' title='bbox 270 2529 447 2578; x_wconf 77' lang='grc' dir='ltr'>τριος,</span> <span class='ocrx_word' id='word_1_194' title='bbox 477 2512 664 2563; x_wconf 78' lang='grc' dir='ltr'>Πάσαν</span> <span class='ocrx_word' id='word_1_195' title='bbox 691 2509 950 2575; x_wconf 81' lang='grc' dir='ltr'>ἀθυμίαν,</span> <span class='ocrx_word' id='word_1_196' title='bbox 989 2508 1111 2573; x_wconf 70' lang='grc' dir='ltr'>ἔφη,</span> <span class='ocrx_word' id='word_1_197' title='bbox 1140 2509 1233 2559; x_wconf 70' lang='grc' dir='ltr'>καὶ</span> <span class='ocrx_word' id='word_1_198' title='bbox 1263 2505 1519 2558; x_wconf 78' lang='grc' dir='ltr'><strong>ἀπιστίαν</strong></span> <span class='ocrx_word' id='word_1_199' title='bbox 1546 2506 1627 2557; x_wconf 85' lang='grc' dir='ltr'>ὅτι</span> <span class='ocrx_word' id='word_1_200' title='bbox 1654 2505 1843 2572; x_wconf 70' lang='grc' dir='ltr'>πόρρω</span> 
     </span>
    </p>
   </div>
   <div class='ocr_carea' id='block_1_28' title="bbox 272 2596 1843 2668">
    <p class='ocr_par' dir='ltr' id='par_1_28' title="bbox 272 2596 1843 2668">
     <span class='ocr_line' id='line_1_28' title="bbox 272 2596 1843 2668; baseline -0.004 -17"><span class='ocrx_word' id='word_1_201' title='bbox 272 2604 498 2667; x_wconf 76' lang='grc' dir='ltr'>θέμενος</span> <span class='ocrx_word' id='word_1_202' title='bbox 529 2600 635 2652; x_wconf 82' lang='grc' dir='ltr'>ἀπὸ</span> <span class='ocrx_word' id='word_1_203' title='bbox 662 2601 758 2668; x_wconf 78' lang='grc' dir='ltr'>τῆς</span> <span class='ocrx_word' id='word_1_204' title='bbox 783 2598 1029 2667; x_wconf 69' lang='grc' dir='ltr'>ψυχῆς,ὃ</span> <span class='ocrx_word' id='word_1_205' title='bbox 1057 2598 1291 2667; x_wconf 77' lang='grc' dir='ltr'><strong>ἐπιφέρῃ</strong></span> <span class='ocrx_word' id='word_1_206' title='bbox 1324 2598 1462 2665; x_wconf 77' lang='grc' dir='ltr'>μετὰ</span> <span class='ocrx_word' id='word_1_207' title='bbox 1496 2596 1843 2667; x_wconf 71' lang='grc' dir='ltr'>χεῖραςιέχων</span> 
     </span>
    </p>
   </div>
   <div class='ocr_carea' id='block_1_29' title="bbox 269 2690 1265 2761">
    <p class='ocr_par' dir='ltr' id='par_1_29' title="bbox 269 2690 1265 2761">
     <span class='ocr_line' id='line_1_29' title="bbox 269 2690 1265 2761; baseline 0.001 -20"><span class='ocrx_word' id='word_1_208' title='bbox 269 2691 491 2759; x_wconf 79' lang='grc' dir='ltr'>διάϐηθι</span> <span class='ocrx_word' id='word_1_209' title='bbox 522 2690 609 2743; x_wconf 79' lang='grc' dir='ltr'>τὸν</span> <span class='ocrx_word' id='word_1_210' title='bbox 633 2690 875 2759; x_wconf 82' lang='grc' dir='ltr'>ποταμὸν</span> <span class='ocrx_word' id='word_1_211' title='bbox 909 2690 1265 2761; x_wconf 61' lang='grc' dir='ltr'>έδιστάκτως.</span> 
     </span>
    </p>
   </div>
   <div class='ocr_carea' id='block_1_30' title="bbox 349 2958 1845 3028">
    <p class='ocr_par' dir='ltr' id='par_1_30' title="bbox 349 2958 1845 3028">
     <span class='ocr_line' id='line_1_30' title="bbox 349 2958 1845 3028; baseline -0.001 -18"><span class='ocrx_word' id='word_1_212' title='bbox 349 2966 445 3012; x_wconf 78' lang='grc' dir='ltr'><strong>κε’.</strong></span> <span class='ocrx_word' id='word_1_213' title='bbox 508 2959 760 3011; x_wconf 73' lang='grc' dir='ltr'>Πείθεται</span> <span class='ocrx_word' id='word_1_214' title='bbox 800 2959 877 3028; x_wconf 79' lang='grc' dir='ltr'>τῷ</span> <span class='ocrx_word' id='word_1_215' title='bbox 936 2960 1153 3025; x_wconf 69' lang='grc' dir='ltr'>φανέντι</span> <span class='ocrx_word' id='word_1_216' title='bbox 1191 2960 1219 3010; x_wconf 83' lang='grc' dir='ltr'><strong>δ</strong></span> <span class='ocrx_word' id='word_1_217' title='bbox 1251 2958 1511 3027; x_wconf 73' lang='grc' dir='ltr'>ἔπαρχος,</span> <span class='ocrx_word' id='word_1_218' title='bbox 1551 2958 1640 3009; x_wconf 66' lang='grc' dir='ltr'><strong>καὶ</strong></span> <span class='ocrx_word' id='word_1_219' title='bbox 1679 2958 1845 3010; x_wconf 74' lang='grc' dir='ltr'>ἕωθεν</span> 
     </span>
    </p>
   </div>
   <div class='ocr_carea' id='block_1_31' title="bbox 272 3048 1846 3120">
    <p class='ocr_par' dir='ltr' id='par_1_31' title="bbox 272 3048 1846 3120">
     <span class='ocr_line' id='line_1_31' title="bbox 272 3048 1846 3120; baseline 0.001 -20"><span class='ocrx_word' id='word_1_220' title='bbox 272 3048 369 3101; x_wconf 76' lang='grc' dir='ltr'>τοῦ</span> <span class='ocrx_word' id='word_1_221' title='bbox 398 3050 674 3119; x_wconf 83' lang='grc' dir='ltr'>ὀχήματος</span> <span class='ocrx_word' id='word_1_222' title='bbox 728 3051 923 3112; x_wconf 79' lang='grc' dir='ltr'>ἐπιϐὰς</span> <span class='ocrx_word' id='word_1_223' title='bbox 955 3051 1152 3119; x_wconf 74' lang='grc' dir='ltr'>ἐχώρει</span> <span class='ocrx_word' id='word_1_224' title='bbox 1204 3051 1291 3103; x_wconf 76' lang='grc' dir='ltr'><strong>διὰ</strong></span> <span class='ocrx_word' id='word_1_225' title='bbox 1317 3050 1407 3102; x_wconf 72' lang='grc' dir='ltr'>τοῦ</span> <span class='ocrx_word' id='word_1_226' title='bbox 1442 3051 1663 3120; x_wconf 77' lang='grc' dir='ltr'>ῥείθρου</span> <span class='ocrx_word' id='word_1_227' title='bbox 1707 3051 1846 3117; x_wconf 81' lang='grc' dir='ltr'><strong>μετά</strong></span> 
     </span>
    </p>
   </div>
   <div class='ocr_carea' id='block_1_32' title="bbox 1944 593 3519 663">
    <p class='ocr_par' dir='ltr' id='par_1_32' title="bbox 1944 593 3519 663">
     <span class='ocr_line' id='line_1_32' title="bbox 1944 593 3519 663; baseline -0.004 -15"><span class='ocrx_word' id='word_1_228' title='bbox 1944 612 2007 649; x_wconf 77' lang='lat' dir='ltr'><strong>ex</strong></span> <span class='ocrx_word' id='word_1_229' title='bbox 2041 597 2105 648; x_wconf 89' lang='lat' dir='ltr'><strong>iis</strong></span> <span class='ocrx_word' id='word_1_230' title='bbox 2127 611 2247 663; x_wconf 72' lang='lat' dir='ltr'><strong>qua:</strong></span> <span class='ocrx_word' id='word_1_231' title='bbox 2279 605 2500 647; x_wconf 85' lang='lat' dir='ltr'><strong>movent</strong></span> <span class='ocrx_word' id='word_1_232' title='bbox 2532 594 2717 646; x_wconf 84' lang='lat' dir='ltr'><strong>oculos</strong></span> <span class='ocrx_word' id='word_1_233' title='bbox 2745 593 2809 644; x_wconf 88' lang='lat' dir='ltr'><strong>ad</strong></span> <span class='ocrx_word' id='word_1_234' title='bbox 2840 594 3253 645; x_wconf 87' lang='lat' dir='ltr'><strong>admirationem</strong></span> <span class='ocrx_word' id='word_1_235' title='bbox 3284 602 3336 643; x_wconf 84' lang='lat' dir='ltr'><strong>et</strong></span> <span class='ocrx_word' id='word_1_236' title='bbox 3368 593 3519 642; x_wconf 88' lang='lat' dir='ltr'><strong>voln-</strong></span> 
     </span>
    </p>
   </div>
   <div class='ocr_carea' id='block_1_33' title="bbox 1944 681 3514 755">
    <p class='ocr_par' dir='ltr' id='par_1_33' title="bbox 1944 681 3514 755">
     <span class='ocr_line' id='line_1_33' title="bbox 1944 681 3514 755; baseline -0.006 -16"><span class='ocrx_word' id='word_1_237' title='bbox 1944 696 2171 755; x_wconf 88' lang='lat' dir='ltr'><strong>ptatem.</strong></span> <span class='ocrx_word' id='word_1_238' title='bbox 2208 686 2469 739; x_wconf 78' lang='lat' dir='ltr'><strong>Abiturus</strong></span> <span class='ocrx_word' id='word_1_239' title='bbox 2502 696 2682 737; x_wconf 89' lang='lat' dir='ltr'><strong>autem</strong></span> <span class='ocrx_word' id='word_1_240' title='bbox 2717 684 2807 735; x_wconf 78' lang='lat' dir='ltr'><strong>hic</strong></span> <span class='ocrx_word' id='word_1_241' title='bbox 2840 682 2919 733; x_wconf 92' lang='lat' dir='ltr'><strong>vir</strong></span> <span class='ocrx_word' id='word_1_242' title='bbox 2951 682 3071 749; x_wconf 84' lang='lat' dir='ltr'><strong>pius</strong></span> <span class='ocrx_word' id='word_1_243' title='bbox 3108 682 3158 733; x_wconf 90' lang='lat' dir='ltr'><strong>in</strong></span> <span class='ocrx_word' id='word_1_244' title='bbox 3197 681 3469 747; x_wconf 78' lang='lat' dir='ltr'><strong>Illyricum</strong></span> <span class='ocrx_word' id='word_1_245' title='bbox 3498 718 3514 740; x_wconf 92' lang='lat'><strong>,</strong></span> 
     </span>
    </p>
   </div>
   <div class='ocr_carea' id='block_1_34' title="bbox 1941 772 3509 843">
    <p class='ocr_par' dir='ltr' id='par_1_34' title="bbox 1941 772 3509 843">
     <span class='ocr_line' id='line_1_34' title="bbox 1941 772 3509 843; baseline -0.004 -14"><span class='ocrx_word' id='word_1_246' title='bbox 1941 792 2063 829; x_wconf 90' lang='lat' dir='ltr'><strong>cum</strong></span> <span class='ocrx_word' id='word_1_247' title='bbox 2096 776 2258 829; x_wconf 76' lang='lat' dir='ltr'><strong>vellet</strong></span> <span class='ocrx_word' id='word_1_248' title='bbox 2287 777 2521 843; x_wconf 84' lang='lat' dir='ltr'><strong>aliquam</strong></span> <span class='ocrx_word' id='word_1_249' title='bbox 2554 787 2756 842; x_wconf 83' lang='lat' dir='ltr'><strong>partem</strong></span> <span class='ocrx_word' id='word_1_250' title='bbox 2788 774 2928 824; x_wconf 75' lang='lat' dir='ltr'><strong>sacri</strong></span> <span class='ocrx_word' id='word_1_251' title='bbox 2961 773 3213 838; x_wconf 90' lang='lat' dir='ltr'><strong>corporis</strong></span> <span class='ocrx_word' id='word_1_252' title='bbox 3237 772 3509 834; x_wconf 86' lang='lat' dir='ltr'><strong>accipere.</strong></span> 
     </span>
    </p>
   </div>
   <div class='ocr_carea' id='block_1_35' title="bbox 1945 862 3510 935">
    <p class='ocr_par' dir='ltr' id='par_1_35' title="bbox 1945 862 3510 935">
     <span class='ocr_line' id='line_1_35' title="bbox 1945 862 3510 935; baseline -0.006 -13"><span class='ocrx_word' id='word_1_253' title='bbox 1945 881 2002 922; x_wconf 86' lang='lat' dir='ltr'><strong>ut</strong></span> <span class='ocrx_word' id='word_1_254' title='bbox 2036 870 2144 921; x_wconf 82' lang='lat' dir='ltr'><strong>illic</strong></span> <span class='ocrx_word' id='word_1_255' title='bbox 2169 883 2385 935; x_wconf 86' lang='lat' dir='ltr'><strong>quoque</strong></span> <span class='ocrx_word' id='word_1_256' title='bbox 2417 868 2676 921; x_wconf 77' lang='lat' dir='ltr'><strong>excitaret</strong></span> <span class='ocrx_word' id='word_1_257' title='bbox 2710 865 2969 933; x_wconf 86' lang='lat' dir='ltr'><strong>templum</strong></span> <span class='ocrx_word' id='word_1_258' title='bbox 2999 862 3234 932; x_wconf 81' lang='lat' dir='ltr'><strong>glorioso</strong></span> <span class='ocrx_word' id='word_1_259' title='bbox 3266 862 3510 929; x_wconf 78' lang='lat' dir='ltr'><strong>martyri.</strong></span> 
     </span>
    </p>
   </div>
   <div class='ocr_carea' id='block_1_36' title="bbox 1944 955 3509 1022">
    <p class='ocr_par' dir='ltr' id='par_1_36' title="bbox 1944 955 3509 1022">
     <span class='ocr_line' id='line_1_36' title="bbox 1944 955 3509 1022; baseline -0.006 -7"><span class='ocrx_word' id='word_1_260' title='bbox 1944 963 2175 1015; x_wconf 79' lang='lat' dir='ltr'><strong>Sanctus</strong></span> <span class='ocrx_word' id='word_1_261' title='bbox 2208 976 2317 1012; x_wconf 93' lang='lat' dir='ltr'><strong>non</strong></span> <span class='ocrx_word' id='word_1_262' title='bbox 2350 970 2433 1012; x_wconf 87' lang='lat' dir='ltr'><strong>est</strong></span> <span class='ocrx_word' id='word_1_263' title='bbox 2481 960 2528 1011; x_wconf 92' lang='lat' dir='ltr'><strong>ei</strong></span> <span class='ocrx_word' id='word_1_264' title='bbox 2574 974 2856 1019; x_wconf 85' lang='lat' dir='ltr'><strong>assensus,</strong></span> <span class='ocrx_word' id='word_1_265' title='bbox 2888 957 2981 1010; x_wconf 88' lang='lat' dir='ltr'><strong>sed</strong></span> <span class='ocrx_word' id='word_1_266' title='bbox 3016 955 3300 1008; x_wconf 75' lang='lat' dir='ltr'><strong>nocturnis</strong></span> <span class='ocrx_word' id='word_1_267' title='bbox 3346 970 3509 1022; x_wconf 88' lang='lat' dir='ltr'><strong>appa-</strong></span> 
     </span>
    </p>
   </div>
   <div class='ocr_carea' id='block_1_37' title="bbox 1944 1047 3510 1116">
    <p class='ocr_par' dir='ltr' id='par_1_37' title="bbox 1944 1047 3510 1116">
     <span class='ocr_line' id='line_1_37' title="bbox 1944 1047 3510 1116; baseline -0.002 -10"><span class='ocrx_word' id='word_1_268' title='bbox 1944 1053 2237 1106; x_wconf 88' lang='lat' dir='ltr'><strong>ritionibus</strong></span> <span class='ocrx_word' id='word_1_269' title='bbox 2264 1066 2387 1104; x_wconf 92' lang='lat' dir='ltr'><strong>eum</strong></span> <span class='ocrx_word' id='word_1_270' title='bbox 2421 1060 2569 1102; x_wconf 85' lang='lat' dir='ltr'><strong>arcet</strong></span> <span class='ocrx_word' id='word_1_271' title='bbox 2602 1066 2628 1101; x_wconf 92' lang='lat' dir='ltr'><strong>a</strong></span> <span class='ocrx_word' id='word_1_272' title='bbox 2663 1058 2863 1116; x_wconf 71' lang='lat' dir='ltr'><strong>empto.</strong></span> <span class='ocrx_word' id='word_1_273' title='bbox 2909 1048 3204 1115; x_wconf 85' lang='lat' dir='ltr'><strong>Propterea</strong></span> <span class='ocrx_word' id='word_1_274' title='bbox 3244 1047 3510 1103; x_wconf 89' lang='lat' dir='ltr'><strong>secunda.</strong></span> 
     </span>
    </p>
   </div>
   <div class='ocr_carea' id='block_1_38' title="bbox 1944 1138 3514 1210">
    <p class='ocr_par' dir='ltr' id='par_1_38' title="bbox 1944 1138 3514 1210">
     <span class='ocr_line' id='line_1_38' title="bbox 1944 1138 3514 1210; baseline -0.004 -15"><span class='ocrx_word' id='word_1_275' title='bbox 1944 1153 2002 1196; x_wconf 91' lang='lat' dir='ltr'><strong>nt</strong></span> <span class='ocrx_word' id='word_1_276' title='bbox 2044 1143 2261 1200; x_wconf 86' lang='lat' dir='ltr'><strong>dicitur,</strong></span> <span class='ocrx_word' id='word_1_277' title='bbox 2301 1141 2647 1210; x_wconf 82' lang='lat' dir='ltr'><strong>navigatione</strong></span> <span class='ocrx_word' id='word_1_278' title='bbox 2684 1156 2806 1192; x_wconf 89' lang='lat' dir='ltr'><strong>cum</strong></span> <span class='ocrx_word' id='word_1_279' title='bbox 2863 1139 3204 1207; x_wconf 80' lang='lat' dir='ltr'><strong>chlamydem</strong></span> <span class='ocrx_word' id='word_1_280' title='bbox 3240 1138 3514 1207; x_wconf 77' lang='lat' dir='ltr'><strong>martyris,</strong></span> 
     </span>
    </p>
   </div>
   <div class='ocr_carea' id='block_1_39' title="bbox 1942 1229 3513 1300">
    <p class='ocr_par' dir='ltr' id='par_1_39' title="bbox 1942 1229 3513 1300">
     <span class='ocr_line' id='line_1_39' title="bbox 1942 1229 3513 1300; baseline -0.004 -15"><span class='ocrx_word' id='word_1_281' title='bbox 1942 1248 2060 1300; x_wconf 66' lang='lat' dir='ltr'><strong>quae</strong></span> <span class='ocrx_word' id='word_1_282' title='bbox 2094 1233 2238 1285; x_wconf 88' lang='lat' dir='ltr'><strong>illius</strong></span> <span class='ocrx_word' id='word_1_283' title='bbox 2272 1231 2586 1283; x_wconf 85' lang='lat' dir='ltr'><strong>venerando</strong></span> <span class='ocrx_word' id='word_1_284' title='bbox 2617 1229 2877 1299; x_wconf 78' lang='lat' dir='ltr'><strong>sanguine</strong></span> <span class='ocrx_word' id='word_1_285' title='bbox 2912 1229 3014 1281; x_wconf 82' lang='lat' dir='ltr'><strong>fuit</strong></span> <span class='ocrx_word' id='word_1_286' title='bbox 3046 1236 3354 1295; x_wconf 81' lang='lat' dir='ltr'><strong>cruentata,</strong></span> <span class='ocrx_word' id='word_1_287' title='bbox 3377 1238 3513 1279; x_wconf 85' lang='lat' dir='ltr'><strong>etex</strong></span> 
     </span>
    </p>
   </div>
   <div class='ocr_carea' id='block_1_40' title="bbox 1943 1320 3517 1393">
    <p class='ocr_par' dir='ltr' id='par_1_40' title="bbox 1943 1320 3517 1393">
     <span class='ocr_line' id='line_1_40' title="bbox 1943 1320 3517 1393; baseline -0.006 -14"><span class='ocrx_word' id='word_1_288' title='bbox 1943 1325 2063 1393; x_wconf 75' lang='lat' dir='ltr'><strong>ejus</strong></span> <span class='ocrx_word' id='word_1_289' title='bbox 2090 1323 2525 1393; x_wconf 87' lang='lat' dir='ltr'><strong>superhumerali</strong></span> <span class='ocrx_word' id='word_1_290' title='bbox 2560 1323 2766 1390; x_wconf 90' lang='lat' dir='ltr'><strong>aliquid</strong></span> <span class='ocrx_word' id='word_1_291' title='bbox 2802 1322 3123 1390; x_wconf 81' lang='lat' dir='ltr'><strong>accepisset,</strong></span> <span class='ocrx_word' id='word_1_292' title='bbox 3161 1320 3303 1387; x_wconf 86' lang='lat' dir='ltr'><strong>quod</strong></span> <span class='ocrx_word' id='word_1_293' title='bbox 3338 1320 3517 1373; x_wconf 84' lang='lat' dir='ltr'><strong>solent</strong></span> 
     </span>
    </p>
   </div>
   <div class='ocr_carea' id='block_1_41' title="bbox 1942 1407 3519 1481">
    <p class='ocr_par' dir='ltr' id='par_1_41' title="bbox 1942 1407 3519 1481">
     <span class='ocr_line' id='line_1_41' title="bbox 1942 1407 3519 1481; baseline -0.007 -15"><span class='ocrx_word' id='word_1_294' title='bbox 1942 1415 2211 1481; x_wconf 78' lang='lat' dir='ltr'><strong>appellare</strong></span> <span class='ocrx_word' id='word_1_295' title='bbox 2231 1412 2494 1472; x_wconf 88' lang='lat' dir='ltr'><strong>orarium,</strong></span> <span class='ocrx_word' id='word_1_296' title='bbox 2514 1421 2565 1465; x_wconf 90' lang='lat' dir='ltr'><strong>et</strong></span> <span class='ocrx_word' id='word_1_297' title='bbox 2590 1412 2643 1463; x_wconf 92' lang='lat' dir='ltr'><strong>in</strong></span> <span class='ocrx_word' id='word_1_298' title='bbox 2670 1410 2909 1476; x_wconf 87' lang='lat' dir='ltr'><strong>pretiosa</strong></span> <span class='ocrx_word' id='word_1_299' title='bbox 2932 1424 3076 1469; x_wconf 84' lang='lat' dir='ltr'><strong>arca,</strong></span> <span class='ocrx_word' id='word_1_300' title='bbox 3093 1407 3234 1473; x_wconf 89' lang='lat' dir='ltr'><strong>quod</strong></span> <span class='ocrx_word' id='word_1_301' title='bbox 3256 1418 3384 1457; x_wconf 85' lang='lat' dir='ltr'><strong>vere</strong></span> <span class='ocrx_word' id='word_1_302' title='bbox 3403 1414 3449 1456; x_wconf 73' lang='lat' dir='ltr'><strong>ei</strong></span> <span class='ocrx_word' id='word_1_303' title='bbox 3467 1414 3519 1455; x_wconf 91' lang='lat' dir='ltr'><strong>at</strong></span> 
     </span>
    </p>
   </div>
   <div class='ocr_carea' id='block_1_42' title="bbox 1943 1498 3517 1575">
    <p class='ocr_par' dir='ltr' id='par_1_42' title="bbox 1943 1498 3517 1575">
     <span class='ocr_line' id='line_1_42' title="bbox 1943 1498 3517 1575; baseline -0.007 -16"><span class='ocrx_word' id='word_1_304' title='bbox 1943 1505 2630 1575; x_wconf 82' lang='lat' dir='ltr'><strong>pretiosum,deposuisset,</strong></span> <span class='ocrx_word' id='word_1_305' title='bbox 2647 1504 2725 1555; x_wconf 90' lang='lat' dir='ltr'><strong>sic</strong></span> <span class='ocrx_word' id='word_1_306' title='bbox 2748 1502 2999 1571; x_wconf 80' lang='lat' dir='ltr'><strong>martyris</strong></span> <span class='ocrx_word' id='word_1_307' title='bbox 3016 1499 3236 1568; x_wconf 76' lang='lat' dir='ltr'><strong>quidem</strong></span> <span class='ocrx_word' id='word_1_308' title='bbox 3253 1498 3517 1550; x_wconf 68' lang='lat' dir='ltr'><strong>satisfecit</strong></span> 
     </span>
    </p>
   </div>
   <div class='ocr_carea' id='block_1_43' title="bbox 1943 1590 3513 1659">
    <p class='ocr_par' dir='ltr' id='par_1_43' title="bbox 1943 1590 3513 1659">
     <span class='ocr_line' id='line_1_43' title="bbox 1943 1590 3513 1659; baseline -0.008 -8"><span class='ocrx_word' id='word_1_309' title='bbox 1943 1597 2235 1659; x_wconf 84' lang='lat' dir='ltr'><strong>desiderio,</strong></span> <span class='ocrx_word' id='word_1_310' title='bbox 2264 1607 2317 1649; x_wconf 91' lang='lat' dir='ltr'><strong>et</strong></span> <span class='ocrx_word' id='word_1_311' title='bbox 2354 1596 2455 1649; x_wconf 85' lang='lat' dir='ltr'><strong>sibi</strong></span> <span class='ocrx_word' id='word_1_312' title='bbox 2490 1594 2782 1646; x_wconf 76' lang='lat' dir='ltr'><strong>maximam</strong></span> <span class='ocrx_word' id='word_1_313' title='bbox 2812 1592 3106 1659; x_wconf 89' lang='lat' dir='ltr'><strong>acquisivit</strong></span> <span class='ocrx_word' id='word_1_314' title='bbox 3137 1590 3513 1643; x_wconf 86' lang='lat' dir='ltr'><strong>securitatem.</strong></span> 
     </span>
    </p>
   </div>
   <div class='ocr_carea' id='block_1_44' title="bbox 2012 1681 3518 1751">
    <p class='ocr_par' dir='ltr' id='par_1_44' title="bbox 2012 1681 3518 1751">
     <span class='ocr_line' id='line_1_44' title="bbox 2012 1681 3518 1751; baseline -0.007 -10"><span class='ocrx_word' id='word_1_315' title='bbox 2012 1688 2101 1741; x_wconf 61' lang='lat'><strong>‘24.</strong></span> <span class='ocrx_word' id='word_1_316' title='bbox 2140 1690 2295 1741; x_wconf 75' lang='lat' dir='ltr'><strong>Certe</strong></span> <span class='ocrx_word' id='word_1_317' title='bbox 2320 1704 2441 1739; x_wconf 84' lang='lat' dir='ltr'><strong>cum</strong></span> <span class='ocrx_word' id='word_1_318' title='bbox 2480 1687 2677 1739; x_wconf 85' lang='lat' dir='ltr'><strong>hiemis</strong></span> <span class='ocrx_word' id='word_1_319' title='bbox 2712 1695 2956 1751; x_wconf 89' lang='lat' dir='ltr'><strong>tempore</strong></span> <span class='ocrx_word' id='word_1_320' title='bbox 2990 1698 3313 1737; x_wconf 84' lang='lat' dir='ltr'><strong>reversurus</strong></span> <span class='ocrx_word' id='word_1_321' title='bbox 3358 1682 3412 1733; x_wconf 87' lang='lat' dir='ltr'><strong>in</strong></span> <span class='ocrx_word' id='word_1_322' title='bbox 3455 1681 3518 1731; x_wconf 88' lang='lat' dir='ltr'><strong>ll-</strong></span> 
     </span>
    </p>
   </div>
   <div class='ocr_carea' id='block_1_45' title="bbox 1944 1771 3515 1851">
    <p class='ocr_par' dir='ltr' id='par_1_45' title="bbox 1944 1771 3515 1851">
     <span class='ocr_line' id='line_1_45' title="bbox 1944 1771 3515 1851; baseline -0.008 -18"><span class='ocrx_word' id='word_1_323' title='bbox 1944 1782 2167 1851; x_wconf 86' lang='lat' dir='ltr'><strong>lyricum</strong></span> <span class='ocrx_word' id='word_1_324' title='bbox 2218 1780 2352 1848; x_wconf 71' lang='lat' dir='ltr'><strong>(2i),</strong></span> <span class='ocrx_word' id='word_1_325' title='bbox 2403 1779 2473 1831; x_wconf 95' lang='lat' dir='ltr'><strong>ob</strong></span> <span class='ocrx_word' id='word_1_326' title='bbox 2527 1779 2666 1830; x_wconf 87' lang='lat' dir='ltr'><strong>seria</strong></span> <span class='ocrx_word' id='word_1_327' title='bbox 2701 1776 2944 1844; x_wconf 68' lang='lat' dir='ltr'><strong>quaedam</strong></span> <span class='ocrx_word' id='word_1_328' title='bbox 2983 1774 3199 1842; x_wconf 81' lang='lat' dir='ltr'><strong>negotia</strong></span> <span class='ocrx_word' id='word_1_329' title='bbox 3253 1771 3515 1824; x_wconf 86' lang='lat' dir='ltr'><strong>Sirmium</strong></span> 
     </span>
    </p>
   </div>
   <div class='ocr_carea' id='block_1_46' title="bbox 1948 1861 3516 1936">
    <p class='ocr_par' dir='ltr' id='par_1_46' title="bbox 1948 1861 3516 1936">
     <span class='ocr_line' id='line_1_46' title="bbox 1948 1861 3516 1936; baseline -0.002 -20"><span class='ocrx_word' id='word_1_330' title='bbox 1948 1877 2285 1936; x_wconf 85' lang='lat' dir='ltr'><strong>properaret,</strong></span> <span class='ocrx_word' id='word_1_331' title='bbox 2319 1876 2371 1919; x_wconf 90' lang='lat' dir='ltr'><strong>et</strong></span> <span class='ocrx_word' id='word_1_332' title='bbox 2398 1865 2507 1933; x_wconf 88' lang='lat' dir='ltr'><strong>jam</strong></span> <span class='ocrx_word' id='word_1_333' title='bbox 2550 1867 2885 1932; x_wconf 62' lang='lat' dir='ltr'><strong>pervenisset</strong></span> <span class='ocrx_word' id='word_1_334' title='bbox 2922 1864 2986 1917; x_wconf 89' lang='lat' dir='ltr'><strong>ad</strong></span> <span class='ocrx_word' id='word_1_335' title='bbox 3020 1865 3165 1929; x_wconf 82' lang='lat' dir='ltr'><strong>ripas</strong></span> <span class='ocrx_word' id='word_1_336' title='bbox 3202 1861 3347 1926; x_wconf 86' lang='lat' dir='ltr'><strong>lstri,</strong></span> <span class='ocrx_word' id='word_1_337' title='bbox 3379 1876 3516 1929; x_wconf 91' lang='lat' dir='ltr'><strong>quo-</strong></span> 
     </span>
    </p>
   </div>
   <div class='ocr_carea' id='block_1_47' title="bbox 1949 1953 3513 2025">
    <p class='ocr_par' dir='ltr' id='par_1_47' title="bbox 1949 1953 3513 2025">
     <span class='ocr_line' id='line_1_47' title="bbox 1949 1953 3513 2025; baseline -0.004 -16"><span class='ocrx_word' id='word_1_338' title='bbox 1949 1958 2091 2010; x_wconf 85' lang='lat' dir='ltr'><strong>niam</strong></span> <span class='ocrx_word' id='word_1_339' title='bbox 2120 1958 2164 2012; x_wconf 92' lang='lat' dir='ltr'><strong>is</strong></span> <span class='ocrx_word' id='word_1_340' title='bbox 2186 1968 2520 2012; x_wconf 84' lang='lat' dir='ltr'><strong>excreverat.</strong></span> <span class='ocrx_word' id='word_1_341' title='bbox 2551 1966 2604 2010; x_wconf 76' lang='lat' dir='ltr'><strong>et</strong></span> <span class='ocrx_word' id='word_1_342' title='bbox 2636 1972 2889 2025; x_wconf 78' lang='lat' dir='ltr'><strong>magnum</strong></span> <span class='ocrx_word' id='word_1_343' title='bbox 2919 1957 3197 2008; x_wconf 73' lang='lat' dir='ltr'><strong>attollebat</strong></span> <span class='ocrx_word' id='word_1_344' title='bbox 3225 1953 3513 2013; x_wconf 90' lang='lat' dir='ltr'><strong>ﬂuentum,</strong></span> 
     </span>
    </p>
   </div>
   <div class='ocr_carea' id='block_1_48' title="bbox 1946 2045 3519 2117">
    <p class='ocr_par' dir='ltr' id='par_1_48' title="bbox 1946 2045 3519 2117">
     <span class='ocr_line' id='line_1_48' title="bbox 1946 2045 3519 2117; baseline -0.003 -16"><span class='ocrx_word' id='word_1_345' title='bbox 1946 2058 1998 2101; x_wconf 86' lang='lat' dir='ltr'><strong>et</strong></span> <span class='ocrx_word' id='word_1_346' title='bbox 2032 2058 2313 2117; x_wconf 80' lang='lat' dir='ltr'><strong>propterea</strong></span> <span class='ocrx_word' id='word_1_347' title='bbox 2348 2066 2375 2101; x_wconf 92' lang='lat' dir='ltr'><strong>a</strong></span> <span class='ocrx_word' id='word_1_348' title='bbox 2421 2050 2572 2101; x_wconf 93' lang='lat' dir='ltr'><strong>nullo</strong></span> <span class='ocrx_word' id='word_1_349' title='bbox 2607 2059 2820 2116; x_wconf 81' lang='lat' dir='ltr'><strong>poterat</strong></span> <span class='ocrx_word' id='word_1_350' title='bbox 2851 2048 3077 2100; x_wconf 86' lang='lat' dir='ltr'><strong>omnino</strong></span> <span class='ocrx_word' id='word_1_351' title='bbox 3116 2045 3433 2103; x_wconf 85' lang='lat' dir='ltr'><strong>transmitti,</strong></span> <span class='ocrx_word' id='word_1_352' title='bbox 3465 2055 3519 2097; x_wconf 90' lang='lat' dir='ltr'><strong>et</strong></span> 
     </span>
    </p>
   </div>
   <div class='ocr_carea' id='block_1_49' title="bbox 1947 2136 3514 2208">
    <p class='ocr_par' dir='ltr' id='par_1_49' title="bbox 1947 2136 3514 2208">
     <span class='ocr_line' id='line_1_49' title="bbox 1947 2136 3514 2208; baseline -0.003 -15"><span class='ocrx_word' id='word_1_353' title='bbox 1947 2142 2175 2193; x_wconf 89' lang='lat' dir='ltr'><strong>multum</strong></span> <span class='ocrx_word' id='word_1_354' title='bbox 2218 2141 2435 2208; x_wconf 87' lang='lat' dir='ltr'><strong>quidem</strong></span> <span class='ocrx_word' id='word_1_355' title='bbox 2495 2141 2752 2208; x_wconf 87' lang='lat' dir='ltr'><strong>temporis</strong></span> <span class='ocrx_word' id='word_1_356' title='bbox 2802 2141 3207 2201; x_wconf 84' lang='lat' dir='ltr'><strong>intercesserat,</strong></span> <span class='ocrx_word' id='word_1_357' title='bbox 3258 2136 3514 2189; x_wconf 89' lang='lat' dir='ltr'><strong>ﬂuentem</strong></span> 
     </span>
    </p>
   </div>
   <div class='ocr_carea' id='block_1_50' title="bbox 1947 2230 3516 2299">
    <p class='ocr_par' dir='ltr' id='par_1_50' title="bbox 1947 2230 3516 2299">
     <span class='ocr_line' id='line_1_50' title="bbox 1947 2230 3516 2299; baseline -0.003 -14"><span class='ocrx_word' id='word_1_358' title='bbox 1947 2243 2124 2285; x_wconf 74' lang='lat' dir='ltr'><strong>autem</strong></span> <span class='ocrx_word' id='word_1_359' title='bbox 2176 2233 2397 2285; x_wconf 87' lang='lat' dir='ltr'><strong>minime</strong></span> <span class='ocrx_word' id='word_1_360' title='bbox 2436 2234 2699 2291; x_wconf 83' lang='lat' dir='ltr'><strong>eesSabat.</strong></span> <span class='ocrx_word' id='word_1_361' title='bbox 2739 2233 2830 2284; x_wconf 87' lang='lat' dir='ltr'><strong>sed</strong></span> <span class='ocrx_word' id='word_1_362' title='bbox 2868 2232 2935 2285; x_wconf 93' lang='lat' dir='ltr'><strong>iis</strong></span> <span class='ocrx_word' id='word_1_363' title='bbox 2987 2232 3077 2299; x_wconf 90' lang='lat' dir='ltr'><strong>qui</strong></span> <span class='ocrx_word' id='word_1_364' title='bbox 3138 2230 3516 2283; x_wconf 85' lang='lat' dir='ltr'><strong>transmittere</strong></span> 
     </span>
    </p>
   </div>
   <div class='ocr_carea' id='block_1_51' title="bbox 1947 2321 3515 2391">
    <p class='ocr_par' dir='ltr' id='par_1_51' title="bbox 1947 2321 3515 2391">
     <span class='ocr_line' id='line_1_51' title="bbox 1947 2321 3515 2391; baseline -0.001 -16"><span class='ocrx_word' id='word_1_365' title='bbox 1947 2324 2215 2384; x_wconf 87' lang='lat' dir='ltr'><strong>volebant,</strong></span> <span class='ocrx_word' id='word_1_366' title='bbox 2244 2323 2565 2391; x_wconf 83' lang='lat' dir='ltr'><strong>prohibebat</strong></span> <span class='ocrx_word' id='word_1_367' title='bbox 2592 2324 2878 2375; x_wconf 80' lang='lat' dir='ltr'><strong>transitum</strong></span> <span class='ocrx_word' id='word_1_368' title='bbox 2909 2323 3019 2385; x_wconf 62' lang='grc' dir='ltr'><strong>(Ἡ)</strong></span> <span class='ocrx_word' id='word_1_369' title='bbox 3047 2339 3060 2384; x_wconf 87' lang='grc'>;</span> <span class='ocrx_word' id='word_1_370' title='bbox 3098 2323 3143 2375; x_wconf 91' lang='lat' dir='ltr'><strong>is</strong></span> <span class='ocrx_word' id='word_1_371' title='bbox 3173 2321 3515 2374; x_wconf 80' lang='lat' dir='ltr'><strong>afﬁciebatur</strong></span> 
     </span>
    </p>
   </div>
   <div class='ocr_carea' id='block_1_52' title="bbox 1946 2415 3512 2487">
    <p class='ocr_par' dir='ltr' id='par_1_52' title="bbox 1946 2415 3512 2487">
     <span class='ocr_line' id='line_1_52' title="bbox 1946 2415 3512 2487; baseline -0.003 -17"><span class='ocrx_word' id='word_1_372' title='bbox 1946 2434 2137 2487; x_wconf 80' lang='lat' dir='ltr'><strong>magna</strong></span> <span class='ocrx_word' id='word_1_373' title='bbox 2168 2418 2334 2469; x_wconf 88' lang='lat' dir='ltr'><strong>animi</strong></span> <span class='ocrx_word' id='word_1_374' title='bbox 2372 2416 2715 2485; x_wconf 70' lang='lat' dir='ltr'><strong>:egritudine,</strong></span> <span class='ocrx_word' id='word_1_375' title='bbox 2758 2426 2811 2469; x_wconf 88' lang='lat' dir='ltr'><strong>et</strong></span> <span class='ocrx_word' id='word_1_376' title='bbox 2842 2426 2959 2469; x_wconf 87' lang='lat' dir='ltr'><strong>erat</strong></span> <span class='ocrx_word' id='word_1_377' title='bbox 2992 2415 3141 2467; x_wconf 76' lang='lat' dir='ltr'><strong>valde</strong></span> <span class='ocrx_word' id='word_1_378' title='bbox 3190 2415 3512 2484; x_wconf 78' lang='lat' dir='ltr'><strong>cogitabun-</strong></span> 
     </span>
    </p>
   </div>
   <div class='ocr_carea' id='block_1_53' title="bbox 1945 2505 3518 2575">
    <p class='ocr_par' dir='ltr' id='par_1_53' title="bbox 1945 2505 3518 2575">
     <span class='ocr_line' id='line_1_53' title="bbox 1945 2505 3518 2575; baseline -0.004 -11"><span class='ocrx_word' id='word_1_379' title='bbox 1945 2511 2068 2571; x_wconf 87' lang='lat' dir='ltr'><strong>dus,</strong></span> <span class='ocrx_word' id='word_1_380' title='bbox 2102 2524 2153 2562; x_wconf 91' lang='lat' dir='ltr'><strong>et</strong></span> <span class='ocrx_word' id='word_1_381' title='bbox 2188 2510 2507 2561; x_wconf 74' lang='lat' dir='ltr'><strong>versabatur</strong></span> <span class='ocrx_word' id='word_1_382' title='bbox 2535 2510 2587 2560; x_wconf 93' lang='lat' dir='ltr'><strong>in</strong></span> <span class='ocrx_word' id='word_1_383' title='bbox 2618 2508 2869 2575; x_wconf 76' lang='lat' dir='ltr'><strong>perplexa</strong></span> <span class='ocrx_word' id='word_1_384' title='bbox 2903 2508 3262 2561; x_wconf 87' lang='lat' dir='ltr'><strong>dubitatione.</strong></span> <span class='ocrx_word' id='word_1_385' title='bbox 3300 2505 3360 2558; x_wconf 85' lang='lat' dir='ltr'><strong>Ei</strong></span> <span class='ocrx_word' id='word_1_386' title='bbox 3391 2520 3518 2558; x_wconf 87' lang='lat' dir='ltr'><strong>vero</strong></span> 
     </span>
    </p>
   </div>
   <div class='ocr_carea' id='block_1_54' title="bbox 1946 2597 3513 2673">
    <p class='ocr_par' dir='ltr' id='par_1_54' title="bbox 1946 2597 3513 2673">
     <span class='ocr_line' id='line_1_54' title="bbox 1946 2597 3513 2673; baseline -0.005 -17"><span class='ocrx_word' id='word_1_387' title='bbox 1946 2619 2218 2673; x_wconf 83' lang='lat' dir='ltr'><strong>apparens</strong></span> <span class='ocrx_word' id='word_1_388' title='bbox 2257 2602 2475 2655; x_wconf 80' lang='lat' dir='ltr'><strong>divinus</strong></span> <span class='ocrx_word' id='word_1_389' title='bbox 2508 2601 2813 2653; x_wconf 70' lang='lat' dir='ltr'><strong>lletnetrius</strong></span> <span class='ocrx_word' id='word_1_390' title='bbox 2847 2617 2857 2648; x_wconf 95' lang='lat'>:</span> <span class='ocrx_word' id='word_1_391' title='bbox 2892 2599 3075 2658; x_wconf 83' lang='lat' dir='ltr'><strong>Omni,</strong></span> <span class='ocrx_word' id='word_1_392' title='bbox 3117 2598 3313 2664; x_wconf 88' lang='lat' dir='ltr'><strong>inquit,</strong></span> <span class='ocrx_word' id='word_1_393' title='bbox 3348 2597 3513 2649; x_wconf 91' lang='lat' dir='ltr'><strong>aninti</strong></span> 
     </span>
    </p>
   </div>
   <div class='ocr_carea' id='block_1_55' title="bbox 1946 2691 3512 2766">
    <p class='ocr_par' dir='ltr' id='par_1_55' title="bbox 1946 2691 3512 2766">
     <span class='ocr_line' id='line_1_55' title="bbox 1946 2691 3512 2766; baseline -0.005 -16"><span class='ocrx_word' id='word_1_394' title='bbox 1946 2696 2262 2766; x_wconf 67' lang='lat' dir='ltr'><strong>mgritudine</strong></span> <span class='ocrx_word' id='word_1_395' title='bbox 2288 2704 2342 2748; x_wconf 77' lang='lat' dir='ltr'><strong>et</strong></span> <span class='ocrx_word' id='word_1_396' title='bbox 2374 2693 2755 2747; x_wconf 73' lang='lat' dir='ltr'><strong>incredulitate</strong></span> <span class='ocrx_word' id='word_1_397' title='bbox 2781 2693 2968 2761; x_wconf 89' lang='lat' dir='ltr'><strong>procul</strong></span> <span class='ocrx_word' id='word_1_398' title='bbox 2996 2692 3169 2760; x_wconf 86' lang='lat' dir='ltr'><strong>ejecta</strong></span> <span class='ocrx_word' id='word_1_399' title='bbox 3204 2691 3271 2744; x_wconf 90' lang='lat' dir='ltr'><strong>ab</strong></span> <span class='ocrx_word' id='word_1_400' title='bbox 3302 2691 3512 2753; x_wconf 85' lang='lat' dir='ltr'><strong>animo,</strong></span> 
     </span>
    </p>
   </div>
   <div class='ocr_carea' id='block_1_56' title="bbox 1946 2781 3515 2857">
    <p class='ocr_par' dir='ltr' id='par_1_56' title="bbox 1946 2781 3515 2857">
     <span class='ocr_line' id='line_1_56' title="bbox 1946 2781 3515 2857; baseline -0.003 -18"><span class='ocrx_word' id='word_1_401' title='bbox 1946 2788 2089 2857; x_wconf 85' lang='lat' dir='ltr'><strong>quod</strong></span> <span class='ocrx_word' id='word_1_402' title='bbox 2125 2797 2302 2840; x_wconf 78' lang='lat' dir='ltr'><strong>tecum</strong></span> <span class='ocrx_word' id='word_1_403' title='bbox 2341 2787 2469 2850; x_wconf 80' lang='lat' dir='ltr'><strong>fers,</strong></span> <span class='ocrx_word' id='word_1_404' title='bbox 2514 2794 2733 2857; x_wconf 78' lang='lat' dir='ltr'><strong>gestans</strong></span> <span class='ocrx_word' id='word_1_405' title='bbox 2765 2786 3052 2850; x_wconf 72' lang='lat' dir='ltr'><strong>manibus,</strong></span> <span class='ocrx_word' id='word_1_406' title='bbox 3092 2783 3262 2838; x_wconf 91' lang='lat' dir='ltr'><strong>transi</strong></span> <span class='ocrx_word' id='word_1_407' title='bbox 3292 2781 3515 2836; x_wconf 85' lang='lat' dir='ltr'><strong>ﬂuvium</strong></span> 
     </span>
    </p>
   </div>
   <div class='ocr_carea' id='block_1_57' title="bbox 1947 2880 2533 2933">
    <p class='ocr_par' dir='ltr' id='par_1_57' title="bbox 1947 2880 2533 2933">
     <span class='ocr_line' id='line_1_57' title="bbox 1947 2880 2533 2933; baseline 0 -2"><span class='ocrx_word' id='word_1_408' title='bbox 1947 2882 2083 2932; x_wconf 88' lang='lat' dir='ltr'><strong>citra</strong></span> <span class='ocrx_word' id='word_1_409' title='bbox 2120 2880 2533 2933; x_wconf 90' lang='lat' dir='ltr'><strong>dubitationem.</strong></span> 
     </span>
    </p>
   </div>
   <div class='ocr_carea' id='block_1_58' title="bbox 2017 2971 3515 3041">
    <p class='ocr_par' dir='ltr' id='par_1_58' title="bbox 2017 2971 3515 3041">
     <span class='ocr_line' id='line_1_58' title="bbox 2017 2971 3515 3041; baseline -0.001 -18"><span class='ocrx_word' id='word_1_410' title='bbox 2017 2971 2107 3026; x_wconf 73' lang='grc'><strong>25,</strong></span> <span class='ocrx_word' id='word_1_411' title='bbox 2146 2973 2303 3025; x_wconf 83' lang='lat' dir='ltr'><strong>Paret</strong></span> <span class='ocrx_word' id='word_1_412' title='bbox 2332 2974 2619 3040; x_wconf 75' lang='lat' dir='ltr'><strong>pra-fectus</strong></span> <span class='ocrx_word' id='word_1_413' title='bbox 2659 2973 2706 3026; x_wconf 89' lang='lat' dir='ltr'><strong>ei</strong></span> <span class='ocrx_word' id='word_1_414' title='bbox 2760 2974 2848 3041; x_wconf 87' lang='lat' dir='ltr'><strong>qui</strong></span> <span class='ocrx_word' id='word_1_415' title='bbox 2903 2978 3229 3040; x_wconf 83' lang='lat' dir='ltr'><strong>apparuerat</strong></span> <span class='ocrx_word' id='word_1_416' title='bbox 3263 2986 3275 3022; x_wconf 88' lang='lat'><strong>:</strong></span> <span class='ocrx_word' id='word_1_417' title='bbox 3310 2978 3515 3023; x_wconf 91' lang='lat' dir='ltr'><strong>etcum</strong></span> 
     </span>
    </p>
   </div>
   <div class='ocr_carea' id='block_1_59' title="bbox 1950 3063 3517 3133">
    <p class='ocr_par' dir='ltr' id='par_1_59' title="bbox 1950 3063 3517 3133">
     <span class='ocr_line' id='line_1_59' title="bbox 1950 3063 3517 3133; baseline -0.004 -14"><span class='ocrx_word' id='word_1_418' title='bbox 1950 3082 2106 3119; x_wconf 88' lang='lat' dir='ltr'><strong>mane</strong></span> <span class='ocrx_word' id='word_1_419' title='bbox 2143 3066 2482 3118; x_wconf 85' lang='lat' dir='ltr'><strong>ascendisset</strong></span> <span class='ocrx_word' id='word_1_420' title='bbox 2532 3065 2865 3129; x_wconf 87' lang='lat' dir='ltr'><strong>vehiculum,</strong></span> <span class='ocrx_word' id='word_1_421' title='bbox 2918 3080 3011 3133; x_wconf 88' lang='lat' dir='ltr'><strong>per</strong></span> <span class='ocrx_word' id='word_1_422' title='bbox 3048 3063 3247 3117; x_wconf 88' lang='lat' dir='ltr'><strong>ﬂumen</strong></span> <span class='ocrx_word' id='word_1_423' title='bbox 3300 3077 3517 3131; x_wconf 84' lang='lat' dir='ltr'><strong>capsarn</strong></span> 
     </span>
    </p>
   </div>
   <div class='ocr_carea' id='block_1_60' title="bbox 273 3142 1939 3223">
    <p class='ocr_par' dir='ltr' id='par_1_60' title="bbox 273 3142 1913 3223">
     <span class='ocr_line' id='line_1_60' title="bbox 273 3142 1913 3223; baseline 0.002 -32"><span class='ocrx_word' id='word_1_424' title='bbox 273 3144 464 3209; x_wconf 75' lang='grc' dir='ltr'>χεῖρας</span> <span class='ocrx_word' id='word_1_425' title='bbox 514 3142 610 3208; x_wconf 78' lang='grc' dir='ltr'>τὴν</span> <span class='ocrx_word' id='word_1_426' title='bbox 671 3142 827 3210; x_wconf 80' lang='grc' dir='ltr'>σορὸν</span> <span class='ocrx_word' id='word_1_427' title='bbox 884 3142 1042 3209; x_wconf 75' lang='grc' dir='ltr'>ἔχων,</span> <span class='ocrx_word' id='word_1_428' title='bbox 1104 3143 1216 3195; x_wconf 82' lang='grc' dir='ltr'><strong>ἀνω</strong></span> <span class='ocrx_word' id='word_1_429' title='bbox 1251 3142 1307 3193; x_wconf 84' lang='grc' dir='ltr'>δὲ</span> <span class='ocrx_word' id='word_1_430' title='bbox 1368 3143 1493 3203; x_wconf 78' lang='grc' dir='ltr'>τοὺς</span> <span class='ocrx_word' id='word_1_431' title='bbox 1532 3142 1913 3223; x_wconf 73' lang='grc' dir='ltr'>ὀφθαλμοῦςο</span> 
     </span>
    </p>
   </div>
   <div class='ocr_carea' id='block_1_61' title="bbox 1848 3142 3514 3223">
    <p class='ocr_par' dir='ltr' id='par_1_61' title="bbox 1871 3155 3514 3223">
     <span class='ocr_line' id='line_1_61' title="bbox 1871 3155 3514 3223; baseline -0.003 -16"><span class='ocrx_word' id='word_1_432' title='bbox 1871 3159 1913 3223; x_wconf 85' lang='lat' dir='ltr'><strong>C</strong></span> <span class='ocrx_word' id='word_1_433' title='bbox 1949 3164 2173 3223; x_wconf 87' lang='lat' dir='ltr'><strong>portans</strong></span> <span class='ocrx_word' id='word_1_434' title='bbox 2220 3155 2496 3216; x_wconf 87' lang='lat' dir='ltr'><strong>manibus,</strong></span> <span class='ocrx_word' id='word_1_435' title='bbox 2541 3164 2593 3208; x_wconf 91' lang='lat' dir='ltr'><strong>et</strong></span> <span class='ocrx_word' id='word_1_436' title='bbox 2644 3170 2767 3208; x_wconf 91' lang='lat' dir='ltr'><strong>cum</strong></span> <span class='ocrx_word' id='word_1_437' title='bbox 2818 3156 3003 3208; x_wconf 88' lang='lat' dir='ltr'><strong>animo</strong></span> <span class='ocrx_word' id='word_1_438' title='bbox 3056 3162 3251 3207; x_wconf 87' lang='lat' dir='ltr'><strong>tenens</strong></span> <span class='ocrx_word' id='word_1_439' title='bbox 3298 3162 3514 3206; x_wconf 88' lang='lat' dir='ltr'><strong>erectos</strong></span> 
     </span>
    </p>
   </div>
   <div class='ocr_carea' id='block_1_62' title="bbox 274 3232 1845 3302">
    <p class='ocr_par' dir='ltr' id='par_1_62' title="bbox 274 3232 1845 3302">
     <span class='ocr_line' id='line_1_62' title="bbox 274 3232 1845 3302; baseline 0.001 -19"><span class='ocrx_word' id='word_1_440' title='bbox 274 3233 417 3299; x_wconf 84' lang='grc' dir='ltr'><strong>μετά</strong></span> <span class='ocrx_word' id='word_1_441' title='bbox 445 3234 543 3299; x_wconf 79' lang='grc' dir='ltr'>τῆς</span> <span class='ocrx_word' id='word_1_442' title='bbox 566 3232 770 3301; x_wconf 71' lang='grc' dir='ltr'>ψυχῆς,</span> <span class='ocrx_word' id='word_1_443' title='bbox 807 3233 982 3302; x_wconf 79' lang='grc' dir='ltr'>ἠσυχῆ</span> <span class='ocrx_word' id='word_1_444' title='bbox 1012 3232 1104 3285; x_wconf 84' lang='grc' dir='ltr'>τοῦ</span> <span class='ocrx_word' id='word_1_445' title='bbox 1128 3233 1400 3302; x_wconf 79' lang='grc' dir='ltr'>ῥεύματος</span> <span class='ocrx_word' id='word_1_446' title='bbox 1434 3233 1845 3301; x_wconf 75' lang='grc' dir='ltr'>ὑποχωροῦντος</span> 
     </span>
    </p>
   </div>
   <div class='ocr_carea' id='block_1_63' title="bbox 272 3321 1846 3390">
    <p class='ocr_par' dir='ltr' id='par_1_63' title="bbox 272 3321 1846 3390">
     <span class='ocr_line' id='line_1_63' title="bbox 272 3321 1846 3390; baseline -0.001 -16"><span class='ocrx_word' id='word_1_447' title='bbox 272 3321 451 3390; x_wconf 79' lang='grc' dir='ltr'>αὐτῷ,</span> <span class='ocrx_word' id='word_1_448' title='bbox 480 3324 820 3384; x_wconf 70' lang='grc' dir='ltr'>καὶεῖκοντος</span> <span class='ocrx_word' id='word_1_449' title='bbox 847 3323 1107 3389; x_wconf 76' lang='grc' dir='ltr'>νεύμασιν</span> <span class='ocrx_word' id='word_1_450' title='bbox 1124 3322 1563 3385; x_wconf 78' lang='grc' dir='ltr'>ἀθεάτοις,ἀξίαν</span> <span class='ocrx_word' id='word_1_451' title='bbox 1592 3325 1688 3390; x_wconf 81' lang='grc' dir='ltr'>μὲν</span> <span class='ocrx_word' id='word_1_452' title='bbox 1715 3322 1846 3373; x_wconf 84' lang='grc' dir='ltr'>θαύ-</span> 
     </span>
    </p>
   </div>
   <div class='ocr_carea' id='block_1_64' title="bbox 275 3414 1846 3483">
    <p class='ocr_par' dir='ltr' id='par_1_64' title="bbox 275 3414 1846 3483">
     <span class='ocr_line' id='line_1_64' title="bbox 275 3414 1846 3483; baseline -0.002 -18"><span class='ocrx_word' id='word_1_453' title='bbox 275 3432 467 3483; x_wconf 83' lang='grc' dir='ltr'>ματος,</span> <span class='ocrx_word' id='word_1_454' title='bbox 496 3414 556 3465; x_wconf 64' lang='lat' dir='ltr'><strong>ob</strong></span> <span class='ocrx_word' id='word_1_455' title='bbox 584 3414 687 3483; x_wconf 84' lang='grc' dir='ltr'>μὴν</span> <span class='ocrx_word' id='word_1_456' title='bbox 712 3414 935 3477; x_wconf 79' lang='grc' dir='ltr'>ἀναξίαν</span> <span class='ocrx_word' id='word_1_457' title='bbox 959 3416 1050 3466; x_wconf 71' lang='grc' dir='ltr'>καὶ</span> <span class='ocrx_word' id='word_1_458' title='bbox 1073 3415 1169 3482; x_wconf 81' lang='grc' dir='ltr'><strong>τῆς</strong></span> <span class='ocrx_word' id='word_1_459' title='bbox 1194 3415 1327 3482; x_wconf 78' lang='grc' dir='ltr'>πρὸς</span> <span class='ocrx_word' id='word_1_460' title='bbox 1356 3414 1445 3465; x_wconf 75' lang='grc' dir='ltr'><strong>τὸν</strong></span> <span class='ocrx_word' id='word_1_461' title='bbox 1477 3415 1846 3481; x_wconf 62' lang='grc' dir='ltr'>μάρτυραξπί-</span> 
     </span>
    </p>
   </div>
   <div class='ocr_carea' id='block_1_65' title="bbox 274 3504 1855 3574">
    <p class='ocr_par' dir='ltr' id='par_1_65' title="bbox 274 3504 1855 3574">
     <span class='ocr_line' id='line_1_65' title="bbox 274 3504 1855 3574; baseline 0.001 -19"><span class='ocrx_word' id='word_1_462' title='bbox 274 3521 468 3568; x_wconf 82' lang='grc' dir='ltr'>στεως,</span> <span class='ocrx_word' id='word_1_463' title='bbox 486 3508 581 3574; x_wconf 80' lang='grc' dir='ltr'>τὴν</span> <span class='ocrx_word' id='word_1_464' title='bbox 605 3505 849 3557; x_wconf 85' lang='grc' dir='ltr'>διάϐασιν</span> <span class='ocrx_word' id='word_1_465' title='bbox 873 3507 1125 3561; x_wconf 69' lang='grc' dir='ltr'>ὑποστάς.</span> <span class='ocrx_word' id='word_1_466' title='bbox 1144 3504 1330 3566; x_wconf 72' lang='grc' dir='ltr'>Οὕτως</span> <span class='ocrx_word' id='word_1_467' title='bbox 1344 3504 1434 3557; x_wconf 81' lang='grc' dir='ltr'>οὖν</span> <span class='ocrx_word' id='word_1_468' title='bbox 1453 3504 1689 3573; x_wconf 80' lang='grc' dir='ltr'>ἀϐλαϐὴς</span> <span class='ocrx_word' id='word_1_469' title='bbox 1716 3505 1855 3556; x_wconf 84' lang='grc' dir='ltr'>διελ-</span> 
     </span>
    </p>
   </div>
   <div class='ocr_carea' id='block_1_66' title="bbox 277 3595 1847 3664">
    <p class='ocr_par' dir='ltr' id='par_1_66' title="bbox 277 3595 1847 3664">
     <span class='ocr_line' id='line_1_66' title="bbox 277 3595 1847 3664; baseline -0.001 -18"><span class='ocrx_word' id='word_1_470' title='bbox 277 3595 407 3656; x_wconf 66' lang='grc' dir='ltr'>θὼν,</span> <span class='ocrx_word' id='word_1_471' title='bbox 426 3597 519 3647; x_wconf 64' lang='grc' dir='ltr'>καὶ</span> <span class='ocrx_word' id='word_1_472' title='bbox 538 3597 670 3664; x_wconf 83' lang='grc' dir='ltr'>πρὸς</span> <span class='ocrx_word' id='word_1_473' title='bbox 692 3596 769 3662; x_wconf 80' lang='grc' dir='ltr'><strong>τῷ</strong></span> <span class='ocrx_word' id='word_1_474' title='bbox 794 3598 1001 3664; x_wconf 83' lang='grc' dir='ltr'>Σιρμίῳ</span> <span class='ocrx_word' id='word_1_475' title='bbox 1032 3595 1319 3663; x_wconf 76' lang='grc' dir='ltr'>γενόμενος</span> <span class='ocrx_word' id='word_1_476' title='bbox 1337 3597 1435 3663; x_wconf 82' lang='grc' dir='ltr'>τὴν</span> <span class='ocrx_word' id='word_1_477' title='bbox 1459 3595 1609 3663; x_wconf 68' lang='grc' dir='ltr'>ἱερὰν</span> <span class='ocrx_word' id='word_1_478' title='bbox 1634 3596 1847 3662; x_wconf 72' lang='grc' dir='ltr'>ἐκείνην</span> 
     </span>
    </p>
   </div>
   <div class='ocr_carea' id='block_1_67' title="bbox 274 3684 1846 3755">
    <p class='ocr_par' dir='ltr' id='par_1_67' title="bbox 274 3684 1846 3755">
     <span class='ocr_line' id='line_1_67' title="bbox 274 3684 1846 3755; baseline -0.002 -17"><span class='ocrx_word' id='word_1_479' title='bbox 274 3688 436 3753; x_wconf 81' lang='grc' dir='ltr'>σορὸν</span> <span class='ocrx_word' id='word_1_480' title='bbox 467 3688 602 3755; x_wconf 76' lang='grc' dir='ltr'>μετὰ</span> <span class='ocrx_word' id='word_1_481' title='bbox 652 3688 744 3738; x_wconf 71' lang='grc' dir='ltr'>τοῦ</span> <span class='ocrx_word' id='word_1_482' title='bbox 780 3689 834 3736; x_wconf 76' lang='grc' dir='ltr'>ἐν</span> <span class='ocrx_word' id='word_1_483' title='bbox 873 3687 1021 3754; x_wconf 57' lang='grc' dir='ltr'>,αὐ;ῇ</span> <span class='ocrx_word' id='word_1_484' title='bbox 1086 3685 1359 3755; x_wconf 79' lang='grc' dir='ltr'>θησαυροῦ</span> <span class='ocrx_word' id='word_1_485' title='bbox 1409 3685 1485 3753; x_wconf 83' lang='grc' dir='ltr'>τῷ</span> <span class='ocrx_word' id='word_1_486' title='bbox 1518 3684 1846 3754; x_wconf 63' lang='grc' dir='ltr'>παρ’παὺτοῦ</span> 
     </span>
    </p>
   </div>
   <div class='ocr_carea' id='block_1_68' title="bbox 274 3773 1847 3847">
    <p class='ocr_par' dir='ltr' id='par_1_68' title="bbox 274 3773 1847 3847">
     <span class='ocr_line' id='line_1_68' title="bbox 274 3773 1847 3847; baseline -0.003 -17"><span class='ocrx_word' id='word_1_487' title='bbox 274 3778 659 3847; x_wconf 86' lang='grc' dir='ltr'>ν;ουργηθέντι</span> <span class='ocrx_word' id='word_1_488' title='bbox 687 3776 799 3829; x_wconf 71' lang='grc' dir='ltr'><strong>νοντ’)</strong></span> <span class='ocrx_word' id='word_1_489' title='bbox 820 3778 896 3847; x_wconf 79' lang='grc' dir='ltr'>τῷ</span> <span class='ocrx_word' id='word_1_490' title='bbox 918 3777 1159 3845; x_wconf 29' lang='grc' dir='ltr'>μάρτυρι,</span> <span class='ocrx_word' id='word_1_491' title='bbox 1180 3776 1415 3829; x_wconf 85' lang='grc' dir='ltr'>δίδωσιν.</span> <span class='ocrx_word' id='word_1_492' title='bbox 1472 3773 1558 3827; x_wconf 86' lang='grc' dir='ltr'><strong>Ἐν</strong></span> <span class='ocrx_word' id='word_1_493' title='bbox 1590 3777 1847 3843; x_wconf 68' lang='grc' dir='ltr'>γειτόνων</span> 
     </span>
    </p>
   </div>
   <div class='ocr_carea' id='block_1_69' title="bbox 273 3863 1848 3936">
    <p class='ocr_par' dir='ltr' id='par_1_69' title="bbox 273 3863 1848 3936">
     <span class='ocr_line' id='line_1_69' title="bbox 273 3863 1848 3936; baseline -0.004 -14"><span class='ocrx_word' id='word_1_494' title='bbox 273 3872 335 3923; x_wconf 72' lang='grc' dir='ltr'>δὲ</span> <span class='ocrx_word' id='word_1_495' title='bbox 368 3863 519 3930; x_wconf 66' lang='grc' dir='ltr'>οὗτος</span> <span class='ocrx_word' id='word_1_496' title='bbox 553 3867 629 3936; x_wconf 82' lang='grc' dir='ltr'>τῷ</span> <span class='ocrx_word' id='word_1_497' title='bbox 660 3868 758 3933; x_wconf 80' lang='grc' dir='ltr'>τῆς</span> <span class='ocrx_word' id='word_1_498' title='bbox 782 3866 1105 3918; x_wconf 68' lang='grc' dir='ltr'>καλλινίκου</span> <span class='ocrx_word' id='word_1_499' title='bbox 1148 3865 1426 3935; x_wconf 83' lang='grc' dir='ltr'>μάρτυρος</span> <span class='ocrx_word' id='word_1_500' title='bbox 1484 3866 1848 3925; x_wconf 83' lang='grc' dir='ltr'>Ἀναστασίας</span> 
     </span>
    </p>
   </div>
   <div class='ocr_carea' id='block_1_70' title="bbox 274 3952 1847 4027">
    <p class='ocr_par' dir='ltr' id='par_1_70' title="bbox 274 3952 1847 4027">
     <span class='ocr_line' id='line_1_70' title="bbox 274 3952 1847 4027; baseline -0.005 -17"><span class='ocrx_word' id='word_1_501' title='bbox 274 3960 490 4027; x_wconf 74' lang='grc' dir='ltr'>ἵδρυται</span> <span class='ocrx_word' id='word_1_502' title='bbox 524 3956 710 4024; x_wconf 80' lang='grc' dir='ltr'>σηκῷ·</span> <span class='ocrx_word' id='word_1_503' title='bbox 742 3956 829 4007; x_wconf 78' lang='grc' dir='ltr'>ἵνα</span> <span class='ocrx_word' id='word_1_504' title='bbox 878 3956 969 4006; x_wconf 72' lang='grc' dir='ltr'><strong>καὶ</strong></span> <span class='ocrx_word' id='word_1_505' title='bbox 1015 3954 1290 4022; x_wconf 83' lang='grc' dir='ltr'>μάρτυρες</span> <span class='ocrx_word' id='word_1_506' title='bbox 1328 3952 1596 4021; x_wconf 74' lang='grc' dir='ltr'>μάρτυσιν</span> <span class='ocrx_word' id='word_1_507' title='bbox 1650 3953 1762 4004; x_wconf 86' lang='grc' dir='ltr'>ἄνω</span> <span class='ocrx_word' id='word_1_508' title='bbox 1790 3969 1847 4002; x_wconf 79' lang='grc' dir='ltr'><strong>τε</strong></span> 
     </span>
    </p>
   </div>
   <div class='ocr_carea' id='block_1_71' title="bbox 278 4044 1917 4116">
    <p class='ocr_par' dir='ltr' id='par_1_71' title="bbox 278 4044 1917 4116">
     <span class='ocr_line' id='line_1_71' title="bbox 278 4044 1917 4116; baseline -0.004 -15"><span class='ocrx_word' id='word_1_509' title='bbox 278 4050 377 4101; x_wconf 69' lang='grc' dir='ltr'><strong>καὶ</strong></span> <span class='ocrx_word' id='word_1_510' title='bbox 402 4050 551 4101; x_wconf 79' lang='grc' dir='ltr'>κάτω</span> <span class='ocrx_word' id='word_1_511' title='bbox 574 4051 692 4108; x_wconf 85' lang='grc' dir='ltr'>ταῖς</span> <span class='ocrx_word' id='word_1_512' title='bbox 718 4048 941 4116; x_wconf 76' lang='grc' dir='ltr'>σκηναῖς</span> <span class='ocrx_word' id='word_1_513' title='bbox 970 4046 1351 4113; x_wconf 75' lang='grc' dir='ltr'>πλησιάζουσι.</span> <span class='ocrx_word' id='word_1_514' title='bbox 1382 4044 1595 4097; x_wconf 74' lang='grc' dir='ltr'>Ιίολλῶν</span> <span class='ocrx_word' id='word_1_515' title='bbox 1621 4048 1718 4113; x_wconf 72' lang='grc' dir='ltr'>μὲν</span> <span class='ocrx_word' id='word_1_516' title='bbox 1740 4046 1847 4096; x_wconf 83' lang='grc' dir='ltr'><strong>τῶν</strong></span> <span class='ocrx_word' id='word_1_517' title='bbox 1912 4063 1917 4068; x_wconf 94' lang='grc'><strong>·</strong></span> 
     </span>
    </p>
   </div>
   <div class='ocr_carea' id='block_1_72' title="bbox 279 4136 1846 4207">
    <p class='ocr_par' dir='ltr' id='par_1_72' title="bbox 279 4136 1846 4207">
     <span class='ocr_line' id='line_1_72' title="bbox 279 4136 1846 4207; baseline 0 -17"><span class='ocrx_word' id='word_1_518' title='bbox 279 4140 577 4207; x_wconf 73' lang='grc' dir='ltr'>θαυμάτων</span> <span class='ocrx_word' id='word_1_519' title='bbox 633 4138 832 4207; x_wconf 83' lang='grc' dir='ltr'>δηλαδὴ</span> <span class='ocrx_word' id='word_1_520' title='bbox 869 4140 960 4189; x_wconf 77' lang='grc' dir='ltr'><strong>καὶ</strong></span> <span class='ocrx_word' id='word_1_521' title='bbox 1019 4138 1234 4199; x_wconf 80' lang='grc' dir='ltr'>ίάσεων,</span> <span class='ocrx_word' id='word_1_522' title='bbox 1286 4139 1381 4187; x_wconf 65' lang='grc' dir='ltr'><strong>καὶ</strong></span> <span class='ocrx_word' id='word_1_523' title='bbox 1417 4136 1548 4206; x_wconf 83' lang='grc' dir='ltr'>παρ’</span> <span class='ocrx_word' id='word_1_524' title='bbox 1584 4138 1753 4207; x_wconf 75' lang='grc' dir='ltr'>αὑτήν</span> <span class='ocrx_word' id='word_1_525' title='bbox 1785 4156 1846 4204; x_wconf 82' lang='grc' dir='ltr'>γε</span> 
     </span>
    </p>
   </div>
   <div class='ocr_carea' id='block_1_73' title="bbox 278 4227 1845 4299">
    <p class='ocr_par' dir='ltr' id='par_1_73' title="bbox 278 4227 1845 4299">
     <span class='ocr_line' id='line_1_73' title="bbox 278 4227 1845 4299; baseline -0.003 -19"><span class='ocrx_word' id='word_1_526' title='bbox 278 4231 378 4299; x_wconf 75' lang='grc' dir='ltr'>τὴν</span> <span class='ocrx_word' id='word_1_527' title='bbox 402 4230 516 4280; x_wconf 75' lang='grc' dir='ltr'>ὀδ“.ν</span> <span class='ocrx_word' id='word_1_528' title='bbox 540 4229 778 4280; x_wconf 85' lang='grc' dir='ltr'>πλεῖστοι</span> <span class='ocrx_word' id='word_1_529' title='bbox 809 4232 905 4293; x_wconf 80' lang='grc' dir='ltr'>τῆς</span> <span class='ocrx_word' id='word_1_530' title='bbox 934 4227 1262 4293; x_wconf 83' lang='grc' dir='ltr'>ἀγιαστικῆς</span> <span class='ocrx_word' id='word_1_531' title='bbox 1296 4229 1510 4296; x_wconf 75' lang='grc' dir='ltr'>ἐκείνης</span> <span class='ocrx_word' id='word_1_532' title='bbox 1543 4230 1845 4298; x_wconf 61' lang='grc' dir='ltr'>φερομένης</span> 
     </span>
    </p>
   </div>
   <div class='ocr_carea' id='block_1_74' title="bbox 280 4319 1847 4390">
    <p class='ocr_par' dir='ltr' id='par_1_74' title="bbox 280 4319 1847 4390">
     <span class='ocr_line' id='line_1_74' title="bbox 280 4319 1847 4390; baseline 0.001 -20"><span class='ocrx_word' id='word_1_533' title='bbox 280 4322 547 4390; x_wconf 75' lang='grc' dir='ltr'>χλαμύδος</span> <span class='ocrx_word' id='word_1_534' title='bbox 608 4320 919 4371; x_wconf 80' lang='grc' dir='ltr'>ἀπέλαυσαν</span> <span class='ocrx_word' id='word_1_535' title='bbox 959 4320 1156 4387; x_wconf 66' lang='grc' dir='ltr'>χάριτι</span> <span class='ocrx_word' id='word_1_536' title='bbox 1209 4319 1301 4370; x_wconf 70' lang='grc' dir='ltr'><strong>καὶ</strong></span> <span class='ocrx_word' id='word_1_537' title='bbox 1329 4319 1556 4386; x_wconf 78' lang='grc' dir='ltr'>δυνάμει</span> <span class='ocrx_word' id='word_1_538' title='bbox 1613 4319 1847 4389; x_wconf 82' lang='grc' dir='ltr'>Χριστοῦ</span> 
     </span>
    </p>
   </div>
   <div class='ocr_carea' id='block_1_75' title="bbox 278 4402 1845 4480">
    <p class='ocr_par' dir='ltr' id='par_1_75' title="bbox 278 4402 1845 4480">
     <span class='ocr_line' id='line_1_75' title="bbox 278 4402 1845 4480; baseline 0 -17"><span class='ocrx_word' id='word_1_539' title='bbox 278 4414 375 4464; x_wconf 73' lang='grc' dir='ltr'>τοῦ</span> <span class='ocrx_word' id='word_1_540' title='bbox 406 4411 660 4480; x_wconf 73' lang='grc' dir='ltr'>ἀληθινοῦ</span> <span class='ocrx_word' id='word_1_541' title='bbox 715 4410 850 4461; x_wconf 79' lang='grc' dir='ltr'>Θεοῦ</span> <span class='ocrx_word' id='word_1_542' title='bbox 910 4411 1087 4478; x_wconf 66' lang='grc' dir='ltr'>ἡμῶν,</span> <span class='ocrx_word' id='word_1_543' title='bbox 1128 4402 1173 4476; x_wconf 84' lang='grc' dir='ltr'><strong>ᾧ</strong></span> <span class='ocrx_word' id='word_1_544' title='bbox 1230 4411 1427 4479; x_wconf 83' lang='grc' dir='ltr'>πρέπει</span> <span class='ocrx_word' id='word_1_545' title='bbox 1496 4412 1643 4463; x_wconf 69' lang='grc' dir='ltr'>πάσα</span> <span class='ocrx_word' id='word_1_546' title='bbox 1700 4410 1845 4474; x_wconf 74' lang='grc' dir='ltr'>δόξα,</span> 
     </span>
    </p>
   </div>
   <div class='ocr_carea' id='block_1_76' title="bbox 1950 3244 3516 3315">
    <p class='ocr_par' dir='ltr' id='par_1_76' title="bbox 1950 3244 3516 3315">
     <span class='ocr_line' id='line_1_76' title="bbox 1950 3244 3516 3315; baseline -0.001 -17"><span class='ocrx_word' id='word_1_547' title='bbox 1950 3260 2164 3313; x_wconf 84' lang='lat' dir='ltr'><strong>quoque</strong></span> <span class='ocrx_word' id='word_1_548' title='bbox 2206 3246 2415 3307; x_wconf 87' lang='lat' dir='ltr'><strong>oculos,</strong></span> <span class='ocrx_word' id='word_1_549' title='bbox 2468 3246 2856 3315; x_wconf 80' lang='lat' dir='ltr'><strong>gradiebatur,</strong></span> <span class='ocrx_word' id='word_1_550' title='bbox 2895 3244 3099 3300; x_wconf 88' lang='lat' dir='ltr'><strong>ﬂuento</strong></span> <span class='ocrx_word' id='word_1_551' title='bbox 3149 3244 3309 3300; x_wconf 83' lang='lat' dir='ltr'><strong>tacite</strong></span> <span class='ocrx_word' id='word_1_552' title='bbox 3368 3259 3516 3296; x_wconf 82' lang='lat' dir='ltr'><strong>rece-</strong></span> 
     </span>
    </p>
   </div>
   <div class='ocr_carea' id='block_1_77' title="bbox 1951 3337 3516 3404">
    <p class='ocr_par' dir='ltr' id='par_1_77' title="bbox 1951 3337 3516 3404">
     <span class='ocr_line' id='line_1_77' title="bbox 1951 3337 3516 3404; baseline 0.002 -15"><span class='ocrx_word' id='word_1_553' title='bbox 1951 3337 2133 3397; x_wconf 83' lang='lat' dir='ltr'><strong>dente,</strong></span> <span class='ocrx_word' id='word_1_554' title='bbox 2185 3347 2238 3389; x_wconf 88' lang='lat' dir='ltr'><strong>et</strong></span> <span class='ocrx_word' id='word_1_555' title='bbox 2282 3337 2511 3389; x_wconf 86' lang='lat' dir='ltr'><strong>cedente</strong></span> <span class='ocrx_word' id='word_1_556' title='bbox 2552 3339 2796 3399; x_wconf 88' lang='lat' dir='ltr'><strong>nutibus,</strong></span> <span class='ocrx_word' id='word_1_557' title='bbox 2856 3339 2945 3404; x_wconf 88' lang='lat' dir='ltr'><strong>qui</strong></span> <span class='ocrx_word' id='word_1_558' title='bbox 3006 3353 3112 3389; x_wconf 89' lang='lat' dir='ltr'><strong>non</strong></span> <span class='ocrx_word' id='word_1_559' title='bbox 3158 3338 3361 3390; x_wconf 89' lang='lat' dir='ltr'><strong>cadunt</strong></span> <span class='ocrx_word' id='word_1_560' title='bbox 3417 3337 3516 3392; x_wconf 88' lang='lat' dir='ltr'><strong>sttb</strong></span> 
     </span>
    </p>
   </div>
   <div class='ocr_carea' id='block_1_78' title="bbox 1950 3427 3516 3496">
    <p class='ocr_par' dir='ltr' id='par_1_78' title="bbox 1950 3427 3516 3496">
     <span class='ocr_line' id='line_1_78' title="bbox 1950 3427 3516 3496; baseline -0.001 -16"><span class='ocrx_word' id='word_1_561' title='bbox 1950 3440 2260 3495; x_wconf 82' lang='lat' dir='ltr'><strong>aspectum;</strong></span> <span class='ocrx_word' id='word_1_562' title='bbox 2302 3428 2520 3495; x_wconf 72' lang='lat' dir='ltr'><strong>dignum</strong></span> <span class='ocrx_word' id='word_1_563' title='bbox 2561 3429 2779 3496; x_wconf 86' lang='lat' dir='ltr'><strong>quidem</strong></span> <span class='ocrx_word' id='word_1_564' title='bbox 2831 3428 3210 3490; x_wconf 81' lang='lat' dir='ltr'><strong>admiratione,</strong></span> <span class='ocrx_word' id='word_1_565' title='bbox 3269 3427 3388 3481; x_wconf 79' lang='lat' dir='ltr'><strong>iidc.</strong></span> <span class='ocrx_word' id='word_1_566' title='bbox 3421 3442 3516 3480; x_wconf 78' lang='lat' dir='ltr'><strong>au-</strong></span> 
     </span>
    </p>
   </div>
   <div class='ocr_carea' id='block_1_79' title="bbox 1951 3518 3515 3588">
    <p class='ocr_par' dir='ltr' id='par_1_79' title="bbox 1951 3518 3515 3588">
     <span class='ocr_line' id='line_1_79' title="bbox 1951 3518 3515 3588; baseline 0 -18"><span class='ocrx_word' id='word_1_567' title='bbox 1951 3528 2082 3583; x_wconf 88' lang='lat' dir='ltr'><strong>tem,</strong></span> <span class='ocrx_word' id='word_1_568' title='bbox 2109 3534 2271 3587; x_wconf 90' lang='lat' dir='ltr'><strong>quam</strong></span> <span class='ocrx_word' id='word_1_569' title='bbox 2312 3519 2547 3573; x_wconf 89' lang='lat' dir='ltr'><strong>habebat</strong></span> <span class='ocrx_word' id='word_1_570' title='bbox 2593 3522 2644 3570; x_wconf 90' lang='lat' dir='ltr'><strong>in</strong></span> <span class='ocrx_word' id='word_1_571' title='bbox 2698 3530 3027 3588; x_wconf 87' lang='lat' dir='ltr'><strong>martyrem,</strong></span> <span class='ocrx_word' id='word_1_572' title='bbox 3080 3535 3184 3573; x_wconf 89' lang='lat' dir='ltr'><strong>non</strong></span> <span class='ocrx_word' id='word_1_573' title='bbox 3233 3518 3515 3588; x_wconf 83' lang='lat' dir='ltr'><strong>indignum</strong></span> 
     </span>
    </p>
   </div>
   <div class='ocr_carea' id='block_1_80' title="bbox 1950 3610 3515 3677">
    <p class='ocr_par' dir='ltr' id='par_1_80' title="bbox 1950 3610 3515 3677">
     <span class='ocr_line' id='line_1_80' title="bbox 1950 3610 3515 3677; baseline 0.001 -15"><span class='ocrx_word' id='word_1_574' title='bbox 1950 3611 2176 3663; x_wconf 90' lang='lat' dir='ltr'><strong>subiens</strong></span> <span class='ocrx_word' id='word_1_575' title='bbox 2216 3610 2499 3662; x_wconf 89' lang='lat' dir='ltr'><strong>transitum</strong></span> <span class='ocrx_word' id='word_1_576' title='bbox 2545 3610 2677 3677; x_wconf 78' lang='lat'><strong>(&#39;25).</strong></span> <span class='ocrx_word' id='word_1_577' title='bbox 2730 3612 2865 3663; x_wconf 74' lang='lat' dir='ltr'><strong>Cum</strong></span> <span class='ocrx_word' id='word_1_578' title='bbox 2901 3612 2979 3664; x_wconf 92' lang='lat' dir='ltr'><strong>sic</strong></span> <span class='ocrx_word' id='word_1_579' title='bbox 3014 3626 3143 3677; x_wconf 71' lang='lat' dir='ltr'><strong>ergo</strong></span> <span class='ocrx_word' id='word_1_580' title='bbox 3177 3612 3377 3665; x_wconf 71' lang='lat' dir='ltr'><strong>illaasus</strong></span> <span class='ocrx_word' id='word_1_581' title='bbox 3409 3622 3515 3663; x_wconf 85' lang='lat' dir='ltr'><strong>tra-</strong></span> 
     </span>
    </p>
   </div>
   <div class='ocr_carea' id='block_1_81' title="bbox 1945 3701 3509 3771">
    <p class='ocr_par' dir='ltr' id='par_1_81' title="bbox 1945 3701 3509 3771">
     <span class='ocr_line' id='line_1_81' title="bbox 1945 3701 3509 3771; baseline -0.001 -17"><span class='ocrx_word' id='word_1_582' title='bbox 1945 3702 2184 3770; x_wconf 85' lang='lat' dir='ltr'><strong>jecisset,</strong></span> <span class='ocrx_word' id='word_1_583' title='bbox 2245 3710 2299 3753; x_wconf 88' lang='lat' dir='ltr'><strong>et</strong></span> <span class='ocrx_word' id='word_1_584' title='bbox 2349 3701 2607 3771; x_wconf 89' lang='lat' dir='ltr'><strong>Sirmium</strong></span> <span class='ocrx_word' id='word_1_585' title='bbox 2666 3703 3028 3769; x_wconf 85' lang='lat' dir='ltr'><strong>pervenisset,</strong></span> <span class='ocrx_word' id='word_1_586' title='bbox 3090 3717 3299 3756; x_wconf 85' lang='lat' dir='ltr'><strong>sacram</strong></span> <span class='ocrx_word' id='word_1_587' title='bbox 3364 3702 3509 3753; x_wconf 86' lang='lat' dir='ltr'><strong>illam</strong></span> 
     </span>
    </p>
   </div>
   <div class='ocr_carea' id='block_1_82' title="bbox 1949 3793 3516 3860">
    <p class='ocr_par' dir='ltr' id='par_1_82' title="bbox 1949 3793 3516 3860">
     <span class='ocr_line' id='line_1_82' title="bbox 1949 3793 3516 3860; baseline 0.001 -16"><span class='ocrx_word' id='word_1_588' title='bbox 1949 3806 2166 3860; x_wconf 86' lang='lat' dir='ltr'><strong>capsam</strong></span> <span class='ocrx_word' id='word_1_589' title='bbox 2202 3808 2322 3844; x_wconf 84' lang='lat' dir='ltr'><strong>cum</strong></span> <span class='ocrx_word' id='word_1_590' title='bbox 2370 3793 2644 3846; x_wconf 84' lang='lat' dir='ltr'><strong>thesauro.</strong></span> <span class='ocrx_word' id='word_1_591' title='bbox 2688 3809 2848 3859; x_wconf 89' lang='lat' dir='ltr'><strong>quam</strong></span> <span class='ocrx_word' id='word_1_592' title='bbox 2901 3795 3172 3854; x_wconf 84' lang='lat' dir='ltr'><strong>servabat,</strong></span> <span class='ocrx_word' id='word_1_593' title='bbox 3226 3793 3277 3845; x_wconf 90' lang='lat' dir='ltr'><strong>in</strong></span> <span class='ocrx_word' id='word_1_594' title='bbox 3325 3808 3516 3846; x_wconf 86' lang='lat' dir='ltr'><strong>recens</strong></span> 
     </span>
    </p>
   </div>
   <div class='ocr_carea' id='block_1_83' title="bbox 1949 3882 3517 3951">
    <p class='ocr_par' dir='ltr' id='par_1_83' title="bbox 1949 3882 3517 3951">
     <span class='ocr_line' id='line_1_83' title="bbox 1949 3882 3517 3951; baseline -0.001 -15"><span class='ocrx_word' id='word_1_595' title='bbox 1949 3891 2228 3936; x_wconf 80' lang='lat' dir='ltr'><strong>exstructo</strong></span> <span class='ocrx_word' id='word_1_596' title='bbox 2274 3882 2395 3934; x_wconf 89' lang='lat' dir='ltr'><strong>istic</strong></span> <span class='ocrx_word' id='word_1_597' title='bbox 2435 3883 2636 3950; x_wconf 86' lang='lat' dir='ltr'><strong>templo</strong></span> <span class='ocrx_word' id='word_1_598' title='bbox 2668 3883 2917 3950; x_wconf 91' lang='lat' dir='ltr'><strong>deponit.</strong></span> <span class='ocrx_word' id='word_1_599' title='bbox 2952 3883 3079 3936; x_wconf 80' lang='lat' dir='ltr'><strong>Erat</strong></span> <span class='ocrx_word' id='word_1_600' title='bbox 3129 3894 3310 3935; x_wconf 86' lang='lat' dir='ltr'><strong>autem</strong></span> <span class='ocrx_word' id='word_1_601' title='bbox 3346 3897 3517 3951; x_wconf 80' lang='lat' dir='ltr'><strong>prope</strong></span> 
     </span>
    </p>
   </div>
   <div class='ocr_carea' id='block_1_84' title="bbox 1951 3974 3517 4043">
    <p class='ocr_par' dir='ltr' id='par_1_84' title="bbox 1951 3974 3517 4043">
     <span class='ocr_line' id='line_1_84' title="bbox 1951 3974 3517 4043; baseline -0.001 -17"><span class='ocrx_word' id='word_1_602' title='bbox 1951 3974 2209 4042; x_wconf 88' lang='lat' dir='ltr'><strong>templum</strong></span> <span class='ocrx_word' id='word_1_603' title='bbox 2247 3974 2491 4040; x_wconf 69' lang='lat' dir='ltr'><strong>gloriosa:</strong></span> <span class='ocrx_word' id='word_1_604' title='bbox 2526 3975 2777 4043; x_wconf 84' lang='lat' dir='ltr'><strong>martyris</strong></span> <span class='ocrx_word' id='word_1_605' title='bbox 2802 3975 3100 4027; x_wconf 73' lang='lat' dir='ltr'><strong>Anastasia:</strong></span> <span class='ocrx_word' id='word_1_606' title='bbox 3128 3974 3262 4040; x_wconf 68' lang='grc' dir='ltr'>(ΞΗ,</span> <span class='ocrx_word' id='word_1_607' title='bbox 3291 3985 3348 4027; x_wconf 90' lang='lat' dir='ltr'><strong>ut</strong></span> <span class='ocrx_word' id='word_1_608' title='bbox 3377 3990 3517 4025; x_wconf 84' lang='lat' dir='ltr'><strong>mar-</strong></span> 
     </span>
    </p>
   </div>
   <div class='ocr_carea' id='block_1_85' title="bbox 1951 4063 3515 4135">
    <p class='ocr_par' dir='ltr' id='par_1_85' title="bbox 1951 4063 3515 4135">
     <span class='ocr_line' id='line_1_85' title="bbox 1951 4063 3515 4135; baseline 0.001 -21"><span class='ocrx_word' id='word_1_609' title='bbox 1951 4072 2094 4135; x_wconf 79' lang='lat' dir='ltr'><strong>tyres</strong></span> <span class='ocrx_word' id='word_1_610' title='bbox 2121 4063 2443 4132; x_wconf 75' lang='lat' dir='ltr'><strong>martyribus</strong></span> <span class='ocrx_word' id='word_1_611' title='bbox 2474 4065 2874 4130; x_wconf 86' lang='lat' dir='ltr'><strong>quodammodo</strong></span> <span class='ocrx_word' id='word_1_612' title='bbox 2899 4081 3142 4128; x_wconf 87' lang='lat' dir='ltr'><strong>sursum,</strong></span> <span class='ocrx_word' id='word_1_613' title='bbox 3162 4066 3239 4119; x_wconf 84' lang='lat' dir='ltr'><strong>sic</strong></span> <span class='ocrx_word' id='word_1_614' title='bbox 3273 4074 3326 4115; x_wconf 83' lang='lat' dir='ltr'><strong>et</strong></span> <span class='ocrx_word' id='word_1_615' title='bbox 3356 4065 3515 4116; x_wconf 86' lang='lat' dir='ltr'><strong>deor-</strong></span> 
     </span>
    </p>
   </div>
   <div class='ocr_carea' id='block_1_86' title="bbox 1951 4154 3511 4211">
    <p class='ocr_par' dir='ltr' id='par_1_86' title="bbox 1951 4154 3511 4211">
     <span class='ocr_line' id='line_1_86' title="bbox 1951 4154 3511 4211; baseline 0.002 -6"><span class='ocrx_word' id='word_1_616' title='bbox 1951 4168 2068 4205; x_wconf 92' lang='lat' dir='ltr'><strong>sum</strong></span> <span class='ocrx_word' id='word_1_617' title='bbox 2132 4154 2306 4207; x_wconf 85' lang='lat' dir='ltr'><strong>vicina</strong></span> <span class='ocrx_word' id='word_1_618' title='bbox 2362 4155 2625 4207; x_wconf 70' lang='lat' dir='ltr'><strong>haberent</strong></span> <span class='ocrx_word' id='word_1_619' title='bbox 2686 4156 3055 4209; x_wconf 89' lang='lat' dir='ltr'><strong>tabernacula.</strong></span> <span class='ocrx_word' id='word_1_620' title='bbox 3113 4157 3274 4211; x_wconf 81' lang='lat' dir='ltr'><strong>Multa</strong></span> <span class='ocrx_word' id='word_1_621' title='bbox 3329 4167 3511 4209; x_wconf 83' lang='lat' dir='ltr'><strong>autem</strong></span> 
     </span>
    </p>
   </div>
   <div class='ocr_carea' id='block_1_87' title="bbox 1952 4245 3511 4316">
    <p class='ocr_par' dir='ltr' id='par_1_87' title="bbox 1952 4245 3511 4316">
     <span class='ocr_line' id='line_1_87' title="bbox 1952 4245 3511 4316; baseline 0.001 -21"><span class='ocrx_word' id='word_1_622' title='bbox 1952 4245 2208 4298; x_wconf 85' lang='lat' dir='ltr'><strong>miracula</strong></span> <span class='ocrx_word' id='word_1_623' title='bbox 2244 4256 2297 4296; x_wconf 87' lang='lat' dir='ltr'><strong>et</strong></span> <span class='ocrx_word' id='word_1_624' title='bbox 2326 4246 2636 4297; x_wconf 83' lang='lat' dir='ltr'><strong>curationes</strong></span> <span class='ocrx_word' id='word_1_625' title='bbox 2671 4245 2832 4298; x_wconf 88' lang='lat' dir='ltr'><strong>etiam</strong></span> <span class='ocrx_word' id='word_1_626' title='bbox 2862 4247 2913 4298; x_wconf 91' lang='lat' dir='ltr'><strong>in</strong></span> <span class='ocrx_word' id='word_1_627' title='bbox 2959 4249 3071 4316; x_wconf 87' lang='lat' dir='ltr'><strong>ipsa</strong></span> <span class='ocrx_word' id='word_1_628' title='bbox 3108 4249 3209 4307; x_wconf 84' lang='lat' dir='ltr'><strong>via,</strong></span> <span class='ocrx_word' id='word_1_629' title='bbox 3242 4248 3370 4299; x_wconf 88' lang='lat' dir='ltr'><strong>dum</strong></span> <span class='ocrx_word' id='word_1_630' title='bbox 3407 4247 3511 4298; x_wconf 68' lang='lat' dir='ltr'><strong>l&#39;t-r-</strong></span> 
     </span>
    </p>
   </div>
   <div class='ocr_carea' id='block_1_88' title="bbox 1950 4335 3504 4405">
    <p class='ocr_par' dir='ltr' id='par_1_88' title="bbox 1950 4335 3504 4405">
     <span class='ocr_line' id='line_1_88' title="bbox 1950 4335 3504 4405; baseline 0.003 -19"><span class='ocrx_word' id='word_1_631' title='bbox 1950 4346 2098 4388; x_wconf 90' lang='lat' dir='ltr'><strong>retur</strong></span> <span class='ocrx_word' id='word_1_632' title='bbox 2130 4336 2214 4386; x_wconf 90' lang='lat' dir='ltr'><strong>illa</strong></span> <span class='ocrx_word' id='word_1_633' title='bbox 2240 4335 2483 4403; x_wconf 84' lang='lat' dir='ltr'><strong>chlamys</strong></span> <span class='ocrx_word' id='word_1_634' title='bbox 2506 4336 2871 4399; x_wconf 80' lang='lat' dir='ltr'><strong>sanctiﬁcans,</strong></span> <span class='ocrx_word' id='word_1_635' title='bbox 2904 4338 3121 4405; x_wconf 87' lang='lat' dir='ltr'><strong>plurimi</strong></span> <span class='ocrx_word' id='word_1_636' title='bbox 3156 4348 3283 4391; x_wconf 90' lang='lat' dir='ltr'><strong>sunt</strong></span> <span class='ocrx_word' id='word_1_637' title='bbox 3314 4354 3504 4391; x_wconf 84' lang='lat' dir='ltr'><strong>conse-</strong></span> 
     </span>
    </p>
   </div>
   <div class='ocr_carea' id='block_1_89' title="bbox 1950 4425 3507 4493">
    <p class='ocr_par' dir='ltr' id='par_1_89' title="bbox 1950 4425 3507 4493">
     <span class='ocr_line' id='line_1_89' title="bbox 1950 4425 3507 4493; baseline 0.001 -15"><span class='ocrx_word' id='word_1_638' title='bbox 1950 4425 2063 4479; x_wconf 87' lang='lat' dir='ltr'><strong>cuti</strong></span> <span class='ocrx_word' id='word_1_639' title='bbox 2092 4425 2223 4493; x_wconf 75' lang='lat'><strong>(‘25),</strong></span> <span class='ocrx_word' id='word_1_640' title='bbox 2252 4425 2422 4493; x_wconf 76' lang='lat' dir='ltr'><strong>gratia</strong></span> <span class='ocrx_word' id='word_1_641' title='bbox 2458 4436 2509 4479; x_wconf 88' lang='lat' dir='ltr'><strong>et</strong></span> <span class='ocrx_word' id='word_1_642' title='bbox 2542 4429 2743 4480; x_wconf 82' lang='lat' dir='ltr'><strong>virtute</strong></span> <span class='ocrx_word' id='word_1_643' title='bbox 2773 4428 2972 4481; x_wconf 89' lang='lat' dir='ltr'><strong>Christi</strong></span> <span class='ocrx_word' id='word_1_644' title='bbox 3007 4428 3117 4481; x_wconf 83' lang='lat' dir='ltr'><strong>veri</strong></span> <span class='ocrx_word' id='word_1_645' title='bbox 3169 4427 3262 4481; x_wconf 86' lang='lat' dir='ltr'><strong>Dei</strong></span> <span class='ocrx_word' id='word_1_646' title='bbox 3298 4428 3465 4480; x_wconf 88' lang='lat' dir='ltr'><strong>nostri</strong></span> <span class='ocrx_word' id='word_1_647' title='bbox 3497 4470 3507 4488; x_wconf 86' lang='lat'><strong>,</strong></span> 
     </span>
    </p>
   </div>
   <div class='ocr_carea' id='block_1_90' title="bbox 278 4500 1944 4585">
    <p class='ocr_par' dir='ltr' id='par_1_90' title="bbox 278 4500 1921 4573">
     <span class='ocr_line' id='line_1_90' title="bbox 278 4500 1921 4573; baseline 0.001 -19"><span class='ocrx_word' id='word_1_648' title='bbox 278 4504 414 4573; x_wconf 81' lang='grc' dir='ltr'>τιμὴ</span> <span class='ocrx_word' id='word_1_649' title='bbox 440 4504 533 4555; x_wconf 75' lang='grc' dir='ltr'><strong>καὶ</strong></span> <span class='ocrx_word' id='word_1_650' title='bbox 560 4500 948 4571; x_wconf 85' lang='grc' dir='ltr'>προσκύνησις,</span> <span class='ocrx_word' id='word_1_651' title='bbox 970 4501 1063 4552; x_wconf 76' lang='grc' dir='ltr'>νῦν</span> <span class='ocrx_word' id='word_1_652' title='bbox 1083 4508 1174 4553; x_wconf 78' lang='grc' dir='ltr'><strong>καὶ</strong></span> <span class='ocrx_word' id='word_1_653' title='bbox 1206 4504 1284 4565; x_wconf 85' lang='grc' dir='ltr'><strong>είς</strong></span> <span class='ocrx_word' id='word_1_654' title='bbox 1315 4504 1439 4567; x_wconf 79' lang='grc' dir='ltr'>τοὺς</span> <span class='ocrx_word' id='word_1_655' title='bbox 1456 4504 1843 4573; x_wconf 80' lang='grc' dir='ltr'>ἀτελευτήτους</span> <span class='ocrx_word' id='word_1_656' title='bbox 1879 4508 1921 4564; x_wconf 87' lang='lat' dir='ltr'><strong>D</strong></span> 
     </span>
    </p>
   </div>
   <div class='ocr_carea' id='block_1_91' title="bbox 1844 4500 3510 4585">
    <p class='ocr_par' dir='ltr' id='par_1_91' title="bbox 1879 4508 3510 4585">
     <span class='ocr_line' id='line_1_91' title="bbox 1879 4508 3510 4585; baseline 0.003 -21"><span class='ocrx_word' id='word_1_657' title='bbox 1879 4508 1921 4564; x_wconf 88' lang='lat' dir='ltr'><strong>D</strong></span> <span class='ocrx_word' id='word_1_658' title='bbox 1949 4528 2109 4579; x_wconf 91' lang='lat' dir='ltr'><strong>quem</strong></span> <span class='ocrx_word' id='word_1_659' title='bbox 2140 4512 2293 4565; x_wconf 90' lang='lat' dir='ltr'><strong>decet</strong></span> <span class='ocrx_word' id='word_1_660' title='bbox 2325 4512 2502 4565; x_wconf 80' lang='lat' dir='ltr'><strong>munis</strong></span> <span class='ocrx_word' id='word_1_661' title='bbox 2538 4514 2704 4581; x_wconf 78' lang='lat' dir='ltr'><strong>gloria</strong></span> <span class='ocrx_word' id='word_1_662' title='bbox 2738 4530 2881 4568; x_wconf 91' lang='lat' dir='ltr'><strong>nunc</strong></span> <span class='ocrx_word' id='word_1_663' title='bbox 2913 4527 2967 4569; x_wconf 87' lang='lat' dir='ltr'><strong>et</strong></span> <span class='ocrx_word' id='word_1_664' title='bbox 2999 4531 3214 4585; x_wconf 67' lang='lat' dir='ltr'><strong>semper</strong></span> <span class='ocrx_word' id='word_1_665' title='bbox 3242 4527 3294 4569; x_wconf 88' lang='lat' dir='ltr'><strong>et</strong></span> <span class='ocrx_word' id='word_1_666' title='bbox 3331 4517 3383 4569; x_wconf 89' lang='lat' dir='ltr'><strong>itt</strong></span> <span class='ocrx_word' id='word_1_667' title='bbox 3414 4532 3510 4569; x_wconf 83' lang='lat' dir='ltr'><strong>sa:-</strong></span> 
     </span>
    </p>
   </div>
   <div class='ocr_carea' id='block_1_92' title="bbox 279 4595 1122 4665">
    <p class='ocr_par' dir='ltr' id='par_1_92' title="bbox 279 4595 1122 4665">
     <span class='ocr_line' id='line_1_92' title="bbox 279 4595 1122 4665; baseline -0.001 -16"><span class='ocrx_word' id='word_1_668' title='bbox 279 4598 485 4659; x_wconf 77' lang='grc' dir='ltr'>αἰῶνας</span> <span class='ocrx_word' id='word_1_669' title='bbox 515 4595 621 4647; x_wconf 79' lang='grc' dir='ltr'><strong>τῶν</strong></span> <span class='ocrx_word' id='word_1_670' title='bbox 651 4596 882 4648; x_wconf 77' lang='grc' dir='ltr'>αἰώνων.</span> <span class='ocrx_word' id='word_1_671' title='bbox 928 4595 1122 4665; x_wconf 81' lang='grc' dir='ltr'>Ἀμήν.</span> 
     </span>
    </p>
   </div>
   <div class='ocr_carea' id='block_1_93' title="bbox 358 4788 1835 4858">
    <p class='ocr_par' dir='ltr' id='par_1_93' title="bbox 358 4788 1835 4858">
     <span class='ocr_line' id='line_1_93' title="bbox 358 4788 1835 4858; baseline 0.003 -15"><span class='ocrx_word' id='word_1_672' title='bbox 358 4791 467 4858; x_wconf 72' lang='lat'><strong>(21)</strong></span> <span class='ocrx_word' id='word_1_673' title='bbox 504 4788 841 4842; x_wconf 84' lang='lat' dir='ltr'><strong>Occidentali</strong></span> <span class='ocrx_word' id='word_1_674' title='bbox 868 4790 1118 4842; x_wconf 81' lang='lat' dir='ltr'><strong>nimirum</strong></span> <span class='ocrx_word' id='word_1_675' title='bbox 1147 4806 1159 4840; x_wconf 90' lang='lat'>:</span> <span class='ocrx_word' id='word_1_676' title='bbox 1190 4790 1276 4842; x_wconf 87' lang='lat' dir='ltr'><strong>adi</strong></span> <span class='ocrx_word' id='word_1_677' title='bbox 1320 4790 1586 4844; x_wconf 82' lang='lat' dir='ltr'><strong>Adnotata</strong></span> <span class='ocrx_word' id='word_1_678' title='bbox 1622 4793 1835 4848; x_wconf 81' lang='lat' dir='ltr'><strong>Passio-</strong></span> 
     </span>
    </p>
   </div>
   <div class='ocr_carea' id='block_1_94' title="bbox 281 4858 1832 4930">
    <p class='ocr_par' dir='ltr' id='par_1_94' title="bbox 281 4858 1832 4930">
     <span class='ocr_line' id='line_1_94' title="bbox 281 4858 1832 4930; baseline -0.002 -16"><span class='ocrx_word' id='word_1_679' title='bbox 281 4862 367 4915; x_wconf 89' lang='lat' dir='ltr'><strong>nis</strong></span> <span class='ocrx_word' id='word_1_680' title='bbox 386 4859 740 4928; x_wconf 77' lang='lat' dir='ltr'><strong>pr;ecedentis</strong></span> <span class='ocrx_word' id='word_1_681' title='bbox 767 4876 884 4924; x_wconf 89' lang='lat' dir='ltr'><strong>cap.</strong></span> <span class='ocrx_word' id='word_1_682' title='bbox 902 4858 935 4910; x_wconf 75' lang='grc'><strong>2</strong></span> <span class='ocrx_word' id='word_1_683' title='bbox 954 4858 1018 4910; x_wconf 91' lang='lat' dir='ltr'><strong>ad</strong></span> <span class='ocrx_word' id='word_1_684' title='bbox 1038 4876 1184 4911; x_wconf 87' lang='lat' dir='ltr'><strong>num.</strong></span> <span class='ocrx_word' id='word_1_685' title='bbox 1200 4860 1270 4913; x_wconf 74' lang='lat'><strong>‘20</strong></span> <span class='ocrx_word' id='word_1_686' title='bbox 1286 4860 1543 4913; x_wconf 79' lang='lat' dir='ltr'><strong>subnexa.</strong></span> <span class='ocrx_word' id='word_1_687' title='bbox 1565 4861 1623 4913; x_wconf 76' lang='lat' dir='ltr'><strong>Et</strong></span> <span class='ocrx_word' id='word_1_688' title='bbox 1656 4880 1832 4930; x_wconf 78' lang='lat' dir='ltr'><strong>porro,</strong></span> 
     </span>
    </p>
   </div>
   <div class='ocr_carea' id='block_1_95' title="bbox 277 4930 1867 4999">
    <p class='ocr_par' dir='ltr' id='par_1_95' title="bbox 277 4930 1867 4999">
     <span class='ocr_line' id='line_1_95' title="bbox 277 4930 1867 4999; baseline 0.004 -20"><span class='ocrx_word' id='word_1_689' title='bbox 277 4931 423 4997; x_wconf 85' lang='lat' dir='ltr'><strong>quod</strong></span> <span class='ocrx_word' id='word_1_690' title='bbox 459 4932 593 4981; x_wconf 87' lang='lat' dir='ltr'><strong>bene</strong></span> <span class='ocrx_word' id='word_1_691' title='bbox 634 4930 948 4989; x_wconf 88' lang='lat' dir='ltr'><strong>notandum,</strong></span> <span class='ocrx_word' id='word_1_692' title='bbox 982 4945 1089 4981; x_wconf 89' lang='lat' dir='ltr'><strong>non</strong></span> <span class='ocrx_word' id='word_1_693' title='bbox 1140 4946 1396 4989; x_wconf 82' lang='lat' dir='ltr'><strong>reversus,</strong></span> <span class='ocrx_word' id='word_1_694' title='bbox 1450 4940 1510 4983; x_wconf 92' lang='lat' dir='ltr'><strong>ut</strong></span> <span class='ocrx_word' id='word_1_695' title='bbox 1557 4932 1867 4999; x_wconf 77' lang='lat' dir='ltr'><strong>l.ipomaui_</strong></span> 
     </span>
    </p>
   </div>
   <div class='ocr_carea' id='block_1_96' title="bbox 280 5000 1836 5065">
    <p class='ocr_par' dir='ltr' id='par_1_96' title="bbox 280 5000 1836 5065">
     <span class='ocr_line' id='line_1_96' title="bbox 280 5000 1836 5065; baseline 0.003 -13"><span class='ocrx_word' id='word_1_696' title='bbox 280 5000 654 5065; x_wconf 86' lang='lat' dir='ltr'><strong>interpretatio</strong></span> <span class='ocrx_word' id='word_1_697' title='bbox 704 5000 883 5057; x_wconf 72' lang='lat' dir='ltr'><strong>habet,</strong></span> <span class='ocrx_word' id='word_1_698' title='bbox 935 5000 1027 5050; x_wconf 87' lang='lat' dir='ltr'><strong>sed</strong></span> <span class='ocrx_word' id='word_1_699' title='bbox 1081 5002 1249 5052; x_wconf 77' lang='lat' dir='ltr'><strong>iturus</strong></span> <span class='ocrx_word' id='word_1_700' title='bbox 1284 5001 1449 5054; x_wconf 57' lang='lat' dir='ltr'><strong>fuisse</strong></span> <span class='ocrx_word' id='word_1_701' title='bbox 1483 5000 1739 5056; x_wconf 86' lang='lat' dir='ltr'><strong>Leontius</strong></span> <span class='ocrx_word' id='word_1_702' title='bbox 1784 5004 1836 5057; x_wconf 93' lang='lat' dir='ltr'><strong>in</strong></span> 
     </span>
    </p>
   </div>
   <div class='ocr_carea' id='block_1_97' title="bbox 276 5066 1356 5131">
    <p class='ocr_par' dir='ltr' id='par_1_97' title="bbox 276 5066 1356 5131">
     <span class='ocr_line' id='line_1_97' title="bbox 276 5066 1356 5131; baseline -0.001 -8"><span class='ocrx_word' id='word_1_703' title='bbox 276 5070 465 5124; x_wconf 65' lang='lat' dir='ltr'><strong>Graeco</strong></span> <span class='ocrx_word' id='word_1_704' title='bbox 495 5066 870 5131; x_wconf 77' lang='lat' dir='ltr'><strong>Melaphrastis</strong></span> <span class='ocrx_word' id='word_1_705' title='bbox 898 5077 1042 5120; x_wconf 76' lang='lat' dir='ltr'><strong>textu</strong></span> <span class='ocrx_word' id='word_1_706' title='bbox 1076 5073 1356 5122; x_wconf 84' lang='lat' dir='ltr'><strong>asseritur.</strong></span> 
     </span>
    </p>
   </div>
   <div class='ocr_carea' id='block_1_98' title="bbox 354 5136 1833 5207">
    <p class='ocr_par' dir='ltr' id='par_1_98' title="bbox 354 5136 1833 5207">
     <span class='ocr_line' id='line_1_98' title="bbox 354 5136 1833 5207; baseline 0.003 -17"><span class='ocrx_word' id='word_1_707' title='bbox 354 5138 464 5207; x_wconf 69' lang='lat'><strong>(29.)</strong></span> <span class='ocrx_word' id='word_1_708' title='bbox 509 5140 575 5190; x_wconf 89' lang='lat' dir='ltr'><strong>l&#39;t</strong></span> <span class='ocrx_word' id='word_1_709' title='bbox 614 5139 867 5189; x_wconf 79' lang='lat' dir='ltr'><strong>Leontius</strong></span> <span class='ocrx_word' id='word_1_710' title='bbox 899 5136 1280 5192; x_wconf 78' lang='lat' dir='ltr'><strong>&#39;I‘hessalonie&#39;a</strong></span> <span class='ocrx_word' id='word_1_711' title='bbox 1313 5141 1569 5194; x_wconf 85' lang='lat' dir='ltr'><strong>Sirmium</strong></span> <span class='ocrx_word' id='word_1_712' title='bbox 1606 5152 1833 5207; x_wconf 76' lang='lat' dir='ltr'><strong>pctmet.</strong></span> 
     </span>
    </p>
   </div>
   <div class='ocr_carea' id='block_1_99' title="bbox 280 5207 1834 5280">
    <p class='ocr_par' dir='ltr' id='par_1_99' title="bbox 280 5207 1834 5280">
     <span class='ocr_line' id='line_1_99' title="bbox 280 5207 1834 5280; baseline 0.003 -19"><span class='ocrx_word' id='word_1_713' title='bbox 280 5211 415 5280; x_wconf 66' lang='lat' dir='ltr'><strong>Ister</strong></span> <span class='ocrx_word' id='word_1_714' title='bbox 444 5210 488 5260; x_wconf 79' lang='lat' dir='ltr'><strong>ei</strong></span> <span class='ocrx_word' id='word_1_715' title='bbox 520 5223 615 5261; x_wconf 91' lang='lat' dir='ltr'><strong>seu</strong></span> <span class='ocrx_word' id='word_1_716' title='bbox 658 5207 940 5280; x_wconf 81' lang='lat' dir='ltr'><strong>Danubius</strong></span> <span class='ocrx_word' id='word_1_717' title='bbox 969 5210 1318 5280; x_wconf 85' lang='lat' dir='ltr'><strong>trajiciendus</strong></span> <span class='ocrx_word' id='word_1_718' title='bbox 1351 5210 1487 5262; x_wconf 88' lang='lat' dir='ltr'><strong>haud</strong></span> <span class='ocrx_word' id='word_1_719' title='bbox 1520 5211 1634 5270; x_wconf 83' lang='lat' dir='ltr'><strong>fuit,</strong></span> <span class='ocrx_word' id='word_1_720' title='bbox 1674 5214 1834 5280; x_wconf 78' lang='lat' dir='ltr'><strong>idque</strong></span> 
     </span>
    </p>
   </div>
   <div class='ocr_carea' id='block_1_100' title="bbox 278 5277 1832 5349">
    <p class='ocr_par' dir='ltr' id='par_1_100' title="bbox 278 5277 1832 5349">
     <span class='ocr_line' id='line_1_100' title="bbox 278 5277 1832 5349; baseline 0.003 -19"><span class='ocrx_word' id='word_1_721' title='bbox 278 5278 631 5330; x_wconf 84' lang='lat' dir='ltr'><strong>nihilominus</strong></span> <span class='ocrx_word' id='word_1_722' title='bbox 658 5279 703 5329; x_wconf 91' lang='lat' dir='ltr'><strong>ei</strong></span> <span class='ocrx_word' id='word_1_723' title='bbox 736 5277 1037 5329; x_wconf 82' lang='lat' dir='ltr'><strong>faciendum</strong></span> <span class='ocrx_word' id='word_1_724' title='bbox 1067 5278 1254 5339; x_wconf 79' lang='lat' dir='ltr'><strong>fuisse,</strong></span> <span class='ocrx_word' id='word_1_725' title='bbox 1286 5295 1314 5331; x_wconf 90' lang='lat' dir='ltr'><strong>a</strong></span> <span class='ocrx_word' id='word_1_726' title='bbox 1356 5280 1713 5349; x_wconf 56' lang='lat' dir='ltr'><strong>Metaphrasfe</strong></span> <span class='ocrx_word' id='word_1_727' title='bbox 1747 5277 1832 5335; x_wconf 79' lang='lat' dir='ltr'><strong>hic</strong></span> 
     </span>
    </p>
   </div>
   <div class='ocr_carea' id='block_1_101' title="bbox 280 5349 1827 5418">
    <p class='ocr_par' dir='ltr' id='par_1_101' title="bbox 280 5349 1827 5418">
     <span class='ocr_line' id='line_1_101' title="bbox 280 5349 1827 5418; baseline 0.004 -20"><span class='ocrx_word' id='word_1_728' title='bbox 280 5350 563 5418; x_wconf 83' lang='lat' dir='ltr'><strong>indicatur,</strong></span> <span class='ocrx_word' id='word_1_729' title='bbox 598 5358 650 5400; x_wconf 80' lang='lat' dir='ltr'><strong>et</strong></span> <span class='ocrx_word' id='word_1_730' title='bbox 683 5360 826 5400; x_wconf 66' lang='lat' dir='ltr'><strong>rec‘e</strong></span> <span class='ocrx_word' id='word_1_731' title='bbox 858 5363 983 5400; x_wconf 83' lang='lat' dir='ltr'><strong>sane</strong></span> <span class='ocrx_word' id='word_1_732' title='bbox 1013 5368 1024 5399; x_wconf 92' lang='lat'>:</span> <span class='ocrx_word' id='word_1_733' title='bbox 1058 5349 1310 5400; x_wconf 85' lang='lat' dir='ltr'><strong>Leontius</strong></span> <span class='ocrx_word' id='word_1_734' title='bbox 1340 5351 1505 5413; x_wconf 87' lang='lat' dir='ltr'><strong>enim,</strong></span> <span class='ocrx_word' id='word_1_735' title='bbox 1543 5364 1827 5418; x_wconf 77' lang='lat' dir='ltr'><strong>antequam</strong></span> 
     </span>
    </p>
   </div>
   <div class='ocr_carea' id='block_1_102' title="bbox 282 5417 1825 5488">
    <p class='ocr_par' dir='ltr' id='par_1_102' title="bbox 282 5417 1825 5488">
     <span class='ocr_line' id='line_1_102' title="bbox 282 5417 1825 5488; baseline 0.005 -22"><span class='ocrx_word' id='word_1_736' title='bbox 282 5417 543 5488; x_wconf 72' lang='lat' dir='ltr'><strong>Sirmium</strong></span> <span class='ocrx_word' id='word_1_737' title='bbox 575 5420 784 5488; x_wconf 67' lang='lat' dir='ltr'><strong>adiret,</strong></span> <span class='ocrx_word' id='word_1_738' title='bbox 816 5431 930 5468; x_wconf 77' lang='lat' dir='ltr'><strong>sese</strong></span> <span class='ocrx_word' id='word_1_739' title='bbox 981 5420 1214 5486; x_wconf 86' lang='lat' dir='ltr'><strong>primum</strong></span> <span class='ocrx_word' id='word_1_740' title='bbox 1263 5422 1314 5470; x_wconf 92' lang='lat' dir='ltr'><strong>in</strong></span> <span class='ocrx_word' id='word_1_741' title='bbox 1351 5418 1587 5483; x_wconf 83' lang='lat' dir='ltr'><strong>Daciam,</strong></span> <span class='ocrx_word' id='word_1_742' title='bbox 1618 5417 1736 5488; x_wconf 69' lang='lat' dir='ltr'><strong>qua:</strong></span> <span class='ocrx_word' id='word_1_743' title='bbox 1766 5425 1825 5473; x_wconf 75' lang='lat' dir='ltr'><strong>ad</strong></span> 
     </span>
    </p>
   </div>
   <div class='ocr_carea' id='block_1_103' title="bbox 276 5486 1828 5554">
    <p class='ocr_par' dir='ltr' id='par_1_103' title="bbox 276 5486 1828 5554">
     <span class='ocr_line' id='line_1_103' title="bbox 276 5486 1828 5554; baseline 0.001 -15"><span class='ocrx_word' id='word_1_744' title='bbox 276 5486 552 5539; x_wconf 80' lang='lat' dir='ltr'><strong>sinistram</strong></span> <span class='ocrx_word' id='word_1_745' title='bbox 586 5486 809 5539; x_wconf 70' lang='lat' dir='ltr'><strong>Danubii</strong></span> <span class='ocrx_word' id='word_1_746' title='bbox 841 5492 1008 5554; x_wconf 84' lang='lat' dir='ltr'><strong>ripam</strong></span> <span class='ocrx_word' id='word_1_747' title='bbox 1041 5491 1139 5545; x_wconf 83' lang='lat' dir='ltr'><strong>sita</strong></span> <span class='ocrx_word' id='word_1_748' title='bbox 1183 5498 1300 5541; x_wconf 86' lang='lat' dir='ltr'><strong>erat</strong></span> <span class='ocrx_word' id='word_1_749' title='bbox 1328 5530 1339 5546; x_wconf 89' lang='lat'><strong>.</strong></span> <span class='ocrx_word' id='word_1_750' title='bbox 1381 5486 1674 5543; x_wconf 81' lang='lat' dir='ltr'><strong>cuntulisse</strong></span> <span class='ocrx_word' id='word_1_751' title='bbox 1708 5508 1828 5542; x_wconf 85' lang='lat' dir='ltr'><strong>nar-</strong></span> 
     </span>
    </p>
   </div>
   <div class='ocr_carea' id='block_1_104' title="bbox 284 5557 1825 5625">
    <p class='ocr_par' dir='ltr' id='par_1_104' title="bbox 284 5557 1825 5625">
     <span class='ocr_line' id='line_1_104' title="bbox 284 5557 1825 5625; baseline 0.005 -17"><span class='ocrx_word' id='word_1_752' title='bbox 284 5566 465 5615; x_wconf 85' lang='lat' dir='ltr'><strong>ratur;</strong></span> <span class='ocrx_word' id='word_1_753' title='bbox 516 5557 637 5608; x_wconf 59' lang='lat' dir='ltr'><strong>inde.</strong></span> <span class='ocrx_word' id='word_1_754' title='bbox 688 5566 865 5608; x_wconf 78' lang='lat' dir='ltr'><strong>autem</strong></span> <span class='ocrx_word' id='word_1_755' title='bbox 925 5558 1182 5609; x_wconf 80' lang='lat' dir='ltr'><strong>Sirmium</strong></span> <span class='ocrx_word' id='word_1_756' title='bbox 1232 5567 1465 5625; x_wconf 77' lang='lat' dir='ltr'><strong>pctturo</strong></span> <span class='ocrx_word' id='word_1_757' title='bbox 1518 5562 1825 5615; x_wconf 87' lang='lat' dir='ltr'><strong>necessario</strong></span> 
     </span>
    </p>
   </div>
   <div class='ocr_carea' id='block_1_105' title="bbox 278 5624 1093 5687">
    <p class='ocr_par' dir='ltr' id='par_1_105' title="bbox 278 5624 1093 5687">
     <span class='ocr_line' id='line_1_105' title="bbox 278 5624 1093 5687; baseline 0.004 -11"><span class='ocrx_word' id='word_1_758' title='bbox 278 5634 397 5681; x_wconf 80' lang='lat' dir='ltr'><strong>erat</strong></span> <span class='ocrx_word' id='word_1_759' title='bbox 428 5625 773 5687; x_wconf 63' lang='lat' dir='ltr'><strong>traiiciei&#39;dns</strong></span> <span class='ocrx_word' id='word_1_760' title='bbox 807 5624 1093 5679; x_wconf 80' lang='lat' dir='ltr'><strong>Danubius.</strong></span> 
     </span>
    </p>
   </div>
   <div class='ocr_carea' id='block_1_106' title="bbox 350 5696 1831 5765">
    <p class='ocr_par' dir='ltr' id='par_1_106' title="bbox 350 5696 1831 5765">
     <span class='ocr_line' id='line_1_106' title="bbox 350 5696 1831 5765; baseline 0.003 -19"><span class='ocrx_word' id='word_1_761' title='bbox 350 5696 459 5763; x_wconf 70' lang='grc' dir='ltr'><strong>(ὲῦ)</strong></span> <span class='ocrx_word' id='word_1_762' title='bbox 487 5696 663 5749; x_wconf 84' lang='lat' dir='ltr'><strong>lsthoc</strong></span> <span class='ocrx_word' id='word_1_763' title='bbox 689 5696 872 5748; x_wconf 79' lang='lat' dir='ltr'><strong>Sancti</strong></span> <span class='ocrx_word' id='word_1_764' title='bbox 898 5696 1238 5765; x_wconf 86' lang='lat' dir='ltr'><strong>miraculum,</strong></span> <span class='ocrx_word' id='word_1_765' title='bbox 1256 5698 1831 5765; x_wconf 78' lang='lat' dir='ltr'><strong>apparitioque,Leon-</strong></span> 
     </span>
    </p>
   </div>
   <div class='ocr_carea' id='block_1_107' title="bbox 284 5764 1829 5835">
    <p class='ocr_par' dir='ltr' id='par_1_107' title="bbox 284 5764 1829 5835">
     <span class='ocr_line' id='line_1_107' title="bbox 284 5764 1829 5835; baseline 0.001 -14"><span class='ocrx_word' id='word_1_766' title='bbox 284 5766 359 5821; x_wconf 85' lang='lat' dir='ltr'><strong>tio</strong></span> <span class='ocrx_word' id='word_1_767' title='bbox 390 5766 584 5830; x_wconf 83' lang='lat' dir='ltr'><strong>oblata,</strong></span> <span class='ocrx_word' id='word_1_768' title='bbox 614 5779 729 5835; x_wconf 66' lang='lat' dir='ltr'><strong>qua!</strong></span> <span class='ocrx_word' id='word_1_769' title='bbox 760 5765 809 5817; x_wconf 84' lang='lat' dir='ltr'><strong>id</strong></span> <span class='ocrx_word' id='word_1_770' title='bbox 843 5764 1069 5832; x_wconf 66' lang='lat' dir='ltr'><strong>prativit,</strong></span> <span class='ocrx_word' id='word_1_771' title='bbox 1094 5781 1123 5818; x_wconf 91' lang='lat' dir='ltr'><strong>a</strong></span> <span class='ocrx_word' id='word_1_772' title='bbox 1146 5767 1260 5819; x_wconf 86' lang='lat' dir='ltr'><strong>solo</strong></span> <span class='ocrx_word' id='word_1_773' title='bbox 1291 5764 1666 5835; x_wconf 76' lang='lat' dir='ltr'><strong>Metaphraste,</strong></span> <span class='ocrx_word' id='word_1_774' title='bbox 1704 5786 1829 5824; x_wconf 84' lang='lat' dir='ltr'><strong>auo-</strong></span> 
     </span>
    </p>
   </div>
   <div class='ocr_carea' id='block_1_108' title="bbox 1950 4604 2663 4658">
    <p class='ocr_par' dir='ltr' id='par_1_108' title="bbox 1950 4604 2663 4658">
     <span class='ocr_line' id='line_1_108' title="bbox 1950 4604 2663 4658; baseline 0 0"><span class='ocrx_word' id='word_1_775' title='bbox 1950 4604 2068 4658; x_wconf 75' lang='lat' dir='ltr'><strong>cula</strong></span> <span class='ocrx_word' id='word_1_776' title='bbox 2098 4604 2439 4657; x_wconf 72' lang='lat' dir='ltr'><strong>saeculorum.</strong></span> <span class='ocrx_word' id='word_1_777' title='bbox 2474 4604 2663 4658; x_wconf 86' lang='lat' dir='ltr'><strong>Amen.</strong></span> 
     </span>
    </p>
   </div>
   <div class='ocr_carea' id='block_1_109' title="bbox 1940 4798 3503 4867">
    <p class='ocr_par' dir='ltr' id='par_1_109' title="bbox 1940 4798 3503 4867">
     <span class='ocr_line' id='line_1_109' title="bbox 1940 4798 3503 4867; baseline 0.001 -19"><span class='ocrx_word' id='word_1_778' title='bbox 1940 4812 2223 4864; x_wconf 85' lang='lat' dir='ltr'><strong>nvmoque.</strong></span> <span class='ocrx_word' id='word_1_779' title='bbox 2260 4798 2349 4864; x_wconf 87' lang='lat' dir='ltr'><strong>qui</strong></span> <span class='ocrx_word' id='word_1_780' title='bbox 2392 4800 2438 4851; x_wconf 89' lang='lat' dir='ltr'><strong>ei</strong></span> <span class='ocrx_word' id='word_1_781' title='bbox 2492 4799 2756 4861; x_wconf 68' lang='lat' dir='ltr'><strong>praelusit,</strong></span> <span class='ocrx_word' id='word_1_782' title='bbox 2808 4800 2990 4851; x_wconf 87' lang='lat' dir='ltr'><strong>Sancti</strong></span> <span class='ocrx_word' id='word_1_783' title='bbox 3033 4803 3332 4867; x_wconf 72' lang='lat' dir='ltr'><strong>litograplio</strong></span> <span class='ocrx_word' id='word_1_784' title='bbox 3370 4816 3503 4851; x_wconf 91' lang='lat' dir='ltr'><strong>nar-</strong></span> 
     </span>
    </p>
   </div>
   <div class='ocr_carea' id='block_1_110' title="bbox 1946 4868 3509 4934">
    <p class='ocr_par' dir='ltr' id='par_1_110' title="bbox 1946 4868 3509 4934">
     <span class='ocr_line' id='line_1_110' title="bbox 1946 4868 3509 4934; baseline 0.001 -17"><span class='ocrx_word' id='word_1_785' title='bbox 1946 4877 2172 4931; x_wconf 90' lang='lat' dir='ltr'><strong>rantur;</strong></span> <span class='ocrx_word' id='word_1_786' title='bbox 2204 4882 2372 4934; x_wconf 83' lang='lat' dir='ltr'><strong>quare</strong></span> <span class='ocrx_word' id='word_1_787' title='bbox 2402 4868 2528 4934; x_wconf 89' lang='lat' dir='ltr'><strong>quid</strong></span> <span class='ocrx_word' id='word_1_788' title='bbox 2564 4879 2671 4919; x_wconf 89' lang='lat' dir='ltr'><strong>tum</strong></span> <span class='ocrx_word' id='word_1_789' title='bbox 2726 4873 2789 4920; x_wconf 86' lang='lat' dir='ltr'><strong>de</strong></span> <span class='ocrx_word' id='word_1_790' title='bbox 2849 4871 2966 4927; x_wconf 79' lang='lat' dir='ltr'><strong>hac,</strong></span> <span class='ocrx_word' id='word_1_791' title='bbox 3017 4878 3127 4920; x_wconf 90' lang='lat' dir='ltr'><strong>tum</strong></span> <span class='ocrx_word' id='word_1_792' title='bbox 3162 4869 3227 4921; x_wconf 89' lang='lat' dir='ltr'><strong>de</strong></span> <span class='ocrx_word' id='word_1_793' title='bbox 3268 4872 3357 4922; x_wconf 89' lang='lat' dir='ltr'><strong>illo</strong></span> <span class='ocrx_word' id='word_1_794' title='bbox 3386 4888 3509 4922; x_wconf 77' lang='lat' dir='ltr'><strong>sea-</strong></span> 
     </span>
    </p>
   </div>
   <div class='ocr_carea' id='block_1_111' title="bbox 1946 4936 3507 5006">
    <p class='ocr_par' dir='ltr' id='par_1_111' title="bbox 1946 4936 3507 5006">
     <span class='ocr_line' id='line_1_111' title="bbox 1946 4936 3507 5006; baseline 0.001 -18"><span class='ocrx_word' id='word_1_795' title='bbox 1946 4937 2183 4988; x_wconf 88' lang='lat' dir='ltr'><strong>tiendum</strong></span> <span class='ocrx_word' id='word_1_796' title='bbox 2226 4937 2314 4999; x_wconf 89' lang='lat' dir='ltr'><strong>sit,</strong></span> <span class='ocrx_word' id='word_1_797' title='bbox 2361 4947 2565 4991; x_wconf 79' lang='lat' dir='ltr'><strong>statues</strong></span> <span class='ocrx_word' id='word_1_798' title='bbox 2593 4954 2654 4989; x_wconf 78' lang='lat' dir='ltr'><strong>ex</strong></span> <span class='ocrx_word' id='word_1_799' title='bbox 2704 4936 2769 4990; x_wconf 85' lang='lat' dir='ltr'><strong>iis</strong></span> <span class='ocrx_word' id='word_1_800' title='bbox 2817 4954 2936 5006; x_wconf 71' lang='lat' dir='ltr'><strong>qua:</strong></span> <span class='ocrx_word' id='word_1_801' title='bbox 2984 4955 3101 4991; x_wconf 65' lang='lat' dir='ltr'><strong>mox</strong></span> <span class='ocrx_word' id='word_1_802' title='bbox 3151 4938 3202 4990; x_wconf 90' lang='lat' dir='ltr'><strong>in</strong></span> <span class='ocrx_word' id='word_1_803' title='bbox 3266 4949 3375 4993; x_wconf 87' lang='lat' dir='ltr'><strong>not.</strong></span> <span class='ocrx_word' id='word_1_804' title='bbox 3448 4944 3507 4991; x_wconf 72' lang='grc' dir='ltr'><strong>ιε)</strong></span> 
     </span>
    </p>
   </div>
   <div class='ocr_carea' id='block_1_112' title="bbox 1944 5006 2261 5059">
    <p class='ocr_par' dir='ltr' id='par_1_112' title="bbox 1944 5006 2261 5059">
     <span class='ocr_line' id='line_1_112' title="bbox 1944 5006 2261 5059; baseline 0.006 -1"><span class='ocrx_word' id='word_1_805' title='bbox 1944 5006 2088 5058; x_wconf 88' lang='lat' dir='ltr'><strong>dicta</strong></span> <span class='ocrx_word' id='word_1_806' title='bbox 2119 5016 2261 5059; x_wconf 89' lang='lat' dir='ltr'><strong>sunt.</strong></span> 
     </span>
    </p>
   </div>
   <div class='ocr_carea' id='block_1_113' title="bbox 2018 5075 3507 5147">
    <p class='ocr_par' dir='ltr' id='par_1_113' title="bbox 2018 5075 3507 5147">
     <span class='ocr_line' id='line_1_113' title="bbox 2018 5075 3507 5147; baseline 0.003 -21"><span class='ocrx_word' id='word_1_807' title='bbox 2018 5076 2127 5141; x_wconf 68' lang='grc'><strong>(2-4)</strong></span> <span class='ocrx_word' id='word_1_808' title='bbox 2159 5076 2426 5146; x_wconf 84' lang='lat' dir='ltr'><strong>Tempore</strong></span> <span class='ocrx_word' id='word_1_809' title='bbox 2468 5076 2577 5137; x_wconf 89' lang='lat' dir='ltr'><strong>illo,</strong></span> <span class='ocrx_word' id='word_1_810' title='bbox 2610 5092 2715 5147; x_wconf 87' lang='lat' dir='ltr'><strong>quo</strong></span> <span class='ocrx_word' id='word_1_811' title='bbox 2762 5077 3037 5132; x_wconf 68' lang='lat' dir='ltr'><strong>Leontius,</strong></span> <span class='ocrx_word' id='word_1_812' title='bbox 3076 5075 3266 5147; x_wconf 59' lang='lat' dir='ltr'><strong>Illyrici</strong></span> <span class='ocrx_word' id='word_1_813' title='bbox 3320 5080 3507 5145; x_wconf 53' lang='lat' dir='ltr'><strong>prmfw</strong></span> 
     </span>
    </p>
   </div>
   <div class='ocr_carea' id='block_1_114' title="bbox 1944 5146 3505 5215">
    <p class='ocr_par' dir='ltr' id='par_1_114' title="bbox 1944 5146 3505 5215">
     <span class='ocr_line' id='line_1_114' title="bbox 1944 5146 3505 5215; baseline 0.005 -21"><span class='ocrx_word' id='word_1_814' title='bbox 1944 5156 2061 5197; x_wconf 73' lang='lat' dir='ltr'><strong>rtus</strong></span> <span class='ocrx_word' id='word_1_815' title='bbox 2089 5161 2248 5212; x_wconf 87' lang='lat' dir='ltr'><strong>supra</strong></span> <span class='ocrx_word' id='word_1_816' title='bbox 2290 5156 2635 5205; x_wconf 81' lang='lat' dir='ltr'><strong>memoratus.</strong></span> <span class='ocrx_word' id='word_1_817' title='bbox 2678 5146 2877 5205; x_wconf 73' lang='lat' dir='ltr'><strong>ﬂoruit,</strong></span> <span class='ocrx_word' id='word_1_818' title='bbox 2930 5162 3023 5199; x_wconf 54' lang='lat' dir='ltr'><strong>seu</strong></span> <span class='ocrx_word' id='word_1_819' title='bbox 3072 5148 3269 5200; x_wconf 58' lang='lat' dir='ltr'><strong>seculo</strong></span> <span class='ocrx_word' id='word_1_820' title='bbox 3313 5149 3505 5215; x_wconf 90' lang='lat' dir='ltr'><strong>quinto</strong></span> 
     </span>
    </p>
   </div>
   <div class='ocr_carea' id='block_1_115' title="bbox 1946 5216 3504 5275">
    <p class='ocr_par' dir='ltr' id='par_1_115' title="bbox 1946 5216 3504 5275">
     <span class='ocr_line' id='line_1_115' title="bbox 1946 5216 3504 5275; baseline 0.002 -10"><span class='ocrx_word' id='word_1_821' title='bbox 1946 5216 2161 5267; x_wconf 84' lang='lat' dir='ltr'><strong>ineunte</strong></span> <span class='ocrx_word' id='word_1_822' title='bbox 2210 5232 2332 5268; x_wconf 86' lang='lat' dir='ltr'><strong>vere</strong></span> <span class='ocrx_word' id='word_1_823' title='bbox 2387 5216 2569 5268; x_wconf 84' lang='lat' dir='ltr'><strong>Sirlnii</strong></span> <span class='ocrx_word' id='word_1_824' title='bbox 2620 5216 2893 5268; x_wconf 81' lang='lat' dir='ltr'><strong>exstitisse</strong></span> <span class='ocrx_word' id='word_1_825' title='bbox 2955 5218 3257 5275; x_wconf 61' lang='lat' dir='ltr'><strong>ecclesiam,</strong></span> <span class='ocrx_word' id='word_1_826' title='bbox 3304 5231 3504 5270; x_wconf 74' lang='lat' dir='ltr'><strong>sam-te</strong></span> 
     </span>
    </p>
   </div>
   <div class='ocr_carea' id='block_1_116' title="bbox 1944 5286 3503 5355">
    <p class='ocr_par' dir='ltr' id='par_1_116' title="bbox 1944 5286 3503 5355">
     <span class='ocr_line' id='line_1_116' title="bbox 1944 5286 3503 5355; baseline 0.004 -21"><span class='ocrx_word' id='word_1_827' title='bbox 1944 5286 2238 5337; x_wconf 73' lang='lat' dir='ltr'><strong>Anastasize</strong></span> <span class='ocrx_word' id='word_1_828' title='bbox 2288 5301 2515 5347; x_wconf 78' lang='lat' dir='ltr'><strong>sa-ram,</strong></span> <span class='ocrx_word' id='word_1_829' title='bbox 2569 5296 2843 5355; x_wconf 79' lang='lat' dir='ltr'><strong>utcunque</strong></span> <span class='ocrx_word' id='word_1_830' title='bbox 2906 5286 3257 5337; x_wconf 73' lang='lat' dir='ltr'><strong>(Otlnrlllalill‘</strong></span> <span class='ocrx_word' id='word_1_831' title='bbox 3312 5304 3373 5339; x_wconf 73' lang='lat' dir='ltr'><strong>ex</strong></span> <span class='ocrx_word' id='word_1_832' title='bbox 3436 5289 3503 5340; x_wconf 72' lang='lat' dir='ltr'><strong>iis</strong></span> 
     </span>
    </p>
   </div>
   <div class='ocr_carea' id='block_1_117' title="bbox 1939 5356 3499 5423">
    <p class='ocr_par' dir='ltr' id='par_1_117' title="bbox 1939 5356 3499 5423">
     <span class='ocr_line' id='line_1_117' title="bbox 1939 5356 3499 5423; baseline 0.003 -17"><span class='ocrx_word' id='word_1_833' title='bbox 1939 5370 2058 5419; x_wconf 71' lang='lat' dir='ltr'><strong>qua:</strong></span> <span class='ocrx_word' id='word_1_834' title='bbox 2123 5356 2508 5408; x_wconf 77' lang='lat' dir='ltr'><strong>(.‘onimentarii</strong></span> <span class='ocrx_word' id='word_1_835' title='bbox 2555 5357 2737 5423; x_wconf 66' lang='lat' dir='ltr'><strong>prtevii</strong></span> <span class='ocrx_word' id='word_1_836' title='bbox 2793 5372 2939 5408; x_wconf 88' lang='lat' dir='ltr'><strong>num.</strong></span> <span class='ocrx_word' id='word_1_837' title='bbox 2995 5356 3094 5408; x_wconf 74' lang='grc'><strong>133</strong></span> <span class='ocrx_word' id='word_1_838' title='bbox 3154 5357 3208 5409; x_wconf 92' lang='lat' dir='ltr'><strong>in</strong></span> <span class='ocrx_word' id='word_1_839' title='bbox 3265 5359 3499 5410; x_wconf 82' lang='lat' dir='ltr'><strong>medium</strong></span> 
     </span>
    </p>
   </div>
   <div class='ocr_carea' id='block_1_118' title="bbox 1938 5426 2156 5476">
    <p class='ocr_par' dir='ltr' id='par_1_118' title="bbox 1938 5426 2156 5476">
     <span class='ocr_line' id='line_1_118' title="bbox 1938 5426 2156 5476; baseline 0.005 -1"><span class='ocrx_word' id='word_1_840' title='bbox 1938 5426 2156 5476; x_wconf 73' lang='lat' dir='ltr'><strong>adduxi.</strong></span> 
     </span>
    </p>
   </div>
   <div class='ocr_carea' id='block_1_119' title="bbox 2012 5493 3499 5561">
    <p class='ocr_par' dir='ltr' id='par_1_119' title="bbox 2012 5493 3499 5561">
     <span class='ocr_line' id='line_1_119' title="bbox 2012 5493 3499 5561; baseline 0 -16"><span class='ocrx_word' id='word_1_841' title='bbox 2012 5493 2122 5561; x_wconf 74' lang='lat'><strong>(25)</strong></span> <span class='ocrx_word' id='word_1_842' title='bbox 2166 5493 2321 5546; x_wconf 83' lang='lat' dir='ltr'><strong>Fides</strong></span> <span class='ocrx_word' id='word_1_843' title='bbox 2356 5504 2616 5561; x_wconf 88' lang='lat' dir='ltr'><strong>quantum</strong></span> <span class='ocrx_word' id='word_1_844' title='bbox 2658 5494 2724 5547; x_wconf 85' lang='lat' dir='ltr'><strong>ad</strong></span> <span class='ocrx_word' id='word_1_845' title='bbox 2754 5494 3008 5548; x_wconf 70' lang='lat' dir='ltr'><strong>miracula</strong></span> <span class='ocrx_word' id='word_1_846' title='bbox 3042 5496 3137 5547; x_wconf 87' lang='lat' dir='ltr'><strong>ista</strong></span> <span class='ocrx_word' id='word_1_847' title='bbox 3165 5495 3499 5548; x_wconf 71' lang='lat' dir='ltr'><strong>curationes-</strong></span> 
     </span>
    </p>
   </div>
   <div class='ocr_carea' id='block_1_120' title="bbox 1941 5566 3498 5633">
    <p class='ocr_par' dir='ltr' id='par_1_120' title="bbox 1941 5566 3498 5633">
     <span class='ocr_line' id='line_1_120' title="bbox 1941 5566 3498 5633; baseline 0.005 -22"><span class='ocrx_word' id='word_1_848' title='bbox 1941 5579 2045 5631; x_wconf 87' lang='lat' dir='ltr'><strong>qne</strong></span> <span class='ocrx_word' id='word_1_849' title='bbox 2082 5572 2185 5616; x_wconf 83' lang='lat' dir='ltr'><strong>stet</strong></span> <span class='ocrx_word' id='word_1_850' title='bbox 2216 5579 2392 5633; x_wconf 52' lang='lat' dir='ltr'><strong>penes</strong></span> <span class='ocrx_word' id='word_1_851' title='bbox 2420 5573 2716 5625; x_wconf 84' lang='lat' dir='ltr'><strong>auctorem,</strong></span> <span class='ocrx_word' id='word_1_852' title='bbox 2752 5566 2840 5631; x_wconf 90' lang='lat' dir='ltr'><strong>qui</strong></span> <span class='ocrx_word' id='word_1_853' title='bbox 2886 5566 3096 5617; x_wconf 72' lang='lat' dir='ltr'><strong>interim</strong></span> <span class='ocrx_word' id='word_1_854' title='bbox 3130 5576 3328 5633; x_wconf 65' lang='lat' dir='ltr'><strong>praeter</strong></span> <span class='ocrx_word' id='word_1_855' title='bbox 3368 5579 3498 5619; x_wconf 89' lang='lat' dir='ltr'><strong>ano-</strong></span> 
     </span>
    </p>
   </div>
   <div class='ocr_carea' id='block_1_121' title="bbox 1946 5632 3495 5703">
    <p class='ocr_par' dir='ltr' id='par_1_121' title="bbox 1946 5632 3495 5703">
     <span class='ocr_line' id='line_1_121' title="bbox 1946 5632 3495 5703; baseline 0 -19"><span class='ocrx_word' id='word_1_856' title='bbox 1946 5650 2161 5701; x_wconf 72' lang='lat' dir='ltr'><strong>nymnnt</strong></span> <span class='ocrx_word' id='word_1_857' title='bbox 2206 5632 2385 5684; x_wconf 78' lang='lat' dir='ltr'><strong>Sancti</strong></span> <span class='ocrx_word' id='word_1_858' title='bbox 2438 5635 2601 5687; x_wconf 84' lang='lat' dir='ltr'><strong>nostri</strong></span> <span class='ocrx_word' id='word_1_859' title='bbox 2652 5636 3026 5703; x_wconf 73' lang='lat' dir='ltr'><strong>biographnm.</strong></span> <span class='ocrx_word' id='word_1_860' title='bbox 3078 5632 3247 5703; x_wconf 86' lang='lat' dir='ltr'><strong>equo</strong></span> <span class='ocrx_word' id='word_1_861' title='bbox 3277 5652 3368 5686; x_wconf 85' lang='lat' dir='ltr'><strong>sua</strong></span> <span class='ocrx_word' id='word_1_862' title='bbox 3400 5635 3495 5686; x_wconf 73' lang='lat' dir='ltr'><strong>de.</strong></span> 
     </span>
    </p>
   </div>
   <div class='ocr_carea' id='block_1_122' title="bbox 1943 5703 3488 5773">
    <p class='ocr_par' dir='ltr' id='par_1_122' title="bbox 1943 5703 3488 5773">
     <span class='ocr_line' id='line_1_122' title="bbox 1943 5703 3488 5773; baseline 0.003 -20"><span class='ocrx_word' id='word_1_863' title='bbox 1943 5703 2225 5769; x_wconf 80' lang='lat' dir='ltr'><strong>prompsit,</strong></span> <span class='ocrx_word' id='word_1_864' title='bbox 2277 5703 2479 5773; x_wconf 73' lang='lat' dir='ltr'><strong>nullum</strong></span> <span class='ocrx_word' id='word_1_865' title='bbox 2530 5719 2747 5767; x_wconf 88' lang='lat' dir='ltr'><strong>prorsus</strong></span> <span class='ocrx_word' id='word_1_866' title='bbox 2807 5705 3122 5773; x_wconf 86' lang='lat' dir='ltr'><strong>scriptorem</strong></span> <span class='ocrx_word' id='word_1_867' title='bbox 3177 5706 3339 5758; x_wconf 88' lang='lat' dir='ltr'><strong>alium</strong></span> <span class='ocrx_word' id='word_1_868' title='bbox 3389 5706 3488 5757; x_wconf 81' lang='lat' dir='ltr'><strong>sibi</strong></span> 
     </span>
    </p>
   </div>
   <div class='ocr_carea' id='block_1_123' title="bbox 1940 5771 2551 5842">
    <p class='ocr_par' dir='ltr' id='par_1_123' title="bbox 1940 5771 2551 5842">
     <span class='ocr_line' id='line_1_123' title="bbox 1940 5771 2551 5842; baseline -0.007 -15"><span class='ocrx_word' id='word_1_869' title='bbox 1940 5775 2039 5827; x_wconf 69' lang='lat' dir='ltr'><strong>aut]</strong></span> <span class='ocrx_word' id='word_1_870' title='bbox 2054 5788 2209 5842; x_wconf 75' lang='lat' dir='ltr'><strong>ragan</strong></span> <span class='ocrx_word' id='word_1_871' title='bbox 2222 5784 2325 5825; x_wconf 88' lang='lat' dir='ltr'><strong>tem</strong></span> <span class='ocrx_word' id='word_1_872' title='bbox 2373 5771 2551 5826; x_wconf 78' lang='lat' dir='ltr'><strong>habet.</strong></span> 
     </span>
    </p>
   </div>
  </div>
