4218 6442
216 401 356 467 1Ξο5

1267 405 1317 464 S.
1370 399 1754 463 DEMETRII
1799 397 2193 457 MAltTYlllS
2237 400 2449 462 ACTA.

3346 400 3482 465 1206

213 519 396 588 πέρας
445 518 514 570 τὰ
574 517 656 587 τῷ
707 515 865 585 θυμῷ
904 513 1281 584 μελετώμενα.
1333 511 1641 582 ιἉποτυχία
1674 508 1803 579 γὰρ,

1911 524 2032 577 quae
2059 512 2246 565 animo
2277 512 2574 566 meditatus
2626 521 2762 575 erat,
2798 513 2866 565 ad
2902 511 3061 567 finem
3100 513 3245 569 haud
3281 518 3482 585 perdu-

214 612 407 682 φησὶν,
433 608 647 680 ἀμύνης
688 606 866 678 λύπην
895 608 1079 675 γεννᾷ.

291 802 362 864 γ’.
406 795 495 857 Ὠς
531 793 590 847 δὲ
620 791 718 845 καὶ
746 791 1104 861 ἀμφοτέρους
1141 791 1267 851 τοὺς
1303 789 1532 859 βρόχους
1576 768 1809 849 τούτους

215 884 435 955 διέκοψε
471 886 537 954 τῇ
580 884 857 952 πραΰτητι
892 882 987 936 καὶ
1014 878 1077 956 τῇ
1134 879 1521 951 φιλανθρωπίᾳ
1571 878 1660 933 διὰ
1709 877 1802 932 τοῦ

1900 615 2182 657 cerentur.
2243 604 2368 673 Spei
2430 606 2575 658 enim
2627 605 3198 672 frustratio,dicebat,
3258 610 3481 666 ultionis

1901 691 2146 745 dolorem
2191 702 2440 757 generat.

1974 784 2028 837 3.
2073 782 2144 839 Ut
2166 793 2349 838 autem
2382 786 2549 839 etiam
2579 786 2720 842 duos
2780 788 2945 843 hosce
2976 791 3195 859 laqueus
3229 810 3483 847 mansue-

1906 880 2117 939 tudine,
2148 890 2379 947 ortaque
2413 894 2477 934 ex
2503 895 2591 943 eo,
2619 882 2765 950 quod
2795 892 2849 935 et
2874 883 2957 936 sui
2992 884 3167 952 ipsius
3208 898 3261 939 et
3290 901 3480 942 eorum

216 977 513 1046 γινώσκειν
542 976 643 1047 τὴν
665 976 974 1044 ταυτότητα
1005 974 1102 1026 τοῦ
1154 973 1279 1027 καθ’
1327 972 1544 1036 ἑαυτὸν,
1590 970 1803 1026 καὶτοῦ

1905 975 1998 1043 qui
2030 974 2079 1027 ei
2116 974 2401 1037 suberant,
2443 975 2585 1031 idem
2618 990 2741 1031 esse
2772 976 3096 1046 ﬁgmentum
3128 991 3334 1045 nosset,
3378 982 3482 1035 hu-

216 1070 328 1123 τῶν
357 1068 618 1134 ὑπηκόων
672 1067 1021 1137 φυράματος,
1080 1065 1158 1136 τῷ
1203 1066 1301 1134 τῆς
1356 1064 1591 1133 ἀκηδίας
1620 1062 1806 1116 λοιπὸν

217 1162 366 1230 ῑκτῳ
392 1161 490 1230 τῆς
537 1159 739 1222 κακίας
787 1158 1138 1229 βλαστήματι
1187 1155 1494 1211 καθεστῶτι
1547 1154 1743 1208 τοῦτον
1778 1158 1808 1208 ό

121 1306 127 1310 ,
220 1253 482 1322 ἀλάστωρ
523 1250 839 1322 συνέτριϐεν
872 1250 1141 1312 Σατανᾶς,
1179 1249 1274 1301 καὶ
1308 1247 1580 1301 ὑπέϐαλεν
1619 1249 1693 1311 ὥς
1716 1248 1808 1299 οὐ·

224 1346 341 1408 651;
366 1345 521 1397 ἔσται
560 1339 672 1396 τῶν
720 1342 907 1394 κόπων
950 1340 1157 1393 τούτων
1211 1340 1423 1409 μισθὸς,
1459 1340 1809 1410 ὑποσπείρων

222 1438 326 1507 τὴν
366 1437 628 1490 ἀπιστίαν
675 1435 785 1488 τῶν
822 1433 918 1487 τοῦ
952 1434 1205 1502 Σωτῆρος
1258 1434 1416 1501 ἡμῶν
1465 1432 1809 1501 ἐπαγγελιῶν

226 1532 319 1583 καὶ
344 1527 482 1598 λήθῃ
514 1527 617 1596 τῆς
638 1525 748 1578 τῶν
780 1524 1067 1594 ἑπομένων
1085 1523 1373 1593 ἀμηρύτου
1390 1522 1549 1592 δόξης
1576 1526 1809 1593 ὲπιχων.

223 1623 325 1684 νὺς
351 1621 541 1689 ὥσπερ
566 1620 661 1672 καὶ
690 1617 915 1673 θάπτων
936 1616 1029 1669 τὸν
1063 1615 1223 1669 νοῦνο
1266 1617 1382 1687 ἀμα
1413 1618 1471 1670 δὲ
1493 1616 1589 1670 καὶ
1622 1617 1810 1669 ὑπετί-

226 1712 356 1764 θετο
410 1714 524 1774 τοῖς
570 1710 855 1779 λογισμοῖς
907 1705 1005 1760 τοῦ
1062 1708 1287 1778 ἀρίστου
1332 1709 1541 1761 ἐκείνου
1598 1709 1811 1777 ἀνδρὸς,

224 1803 303 1865 ὡς
342 1803 371 1854 ό
394 1801 503 1854 τῶν
523 1800 741 1872 ἀρετῶν
775 1802 1026 1868 κάματος
1062 1800 1254 1861 πολὺς,
1290 1799 1382 1851 καὶ
1432 1798 1592 1867 ίδρὼς
1626 1799 1810 1870 ψυχῆς

223 1896 333 1947 οὐκ
356 1895 562 1961 ὀλίγος,
596 1894 689 1945 καὶ
716 1891 907 1946 τοῦτον
936 1892 1097 1961 μόνον
1131 1891 1323 1958 μισθὸν
1346 1893 1441 1943 καὶ
1465 1890 1808 1957 ἀνάπαυλαν,

228 1987 334 2057 τὴν
365 1986 425 2050 ἐξ
450 1985 756 2052 ἀνθρώπων
784 1983 1062 2053 εὐφημίαν
1082 1997 1097 2012 ⁸
1151 1982 1399 2035 ἐντεῦθεν
1442 1984 1618 2036 ἕλκων
1650 1983 1810 2037 αὑτὶν

228 2082 309 2141 εἰς
341 2080 401 2132 τὸ
422 2077 707 2139 σαλπίζειν
734 2077 835 2139 τὰς
869 2074 1073 2143 ἀρετὰς
1122 2074 1313 2139 αὑτοῦ,
1362 2077 1453 2127 καὶ
1480 2078 1619 2144 φανῇ
1665 2075 1717 2127 τί
1742 2073 1810 2128 ἀν

226 2172 298 2239 τῇ
330 2167 482 2239 παρά
510 2170 620 2230 τοίς
645 2167 912 2234 ὑπηκόοις
938 2164 1173 2237 εὐδοξίᾳ,
1225 2166 1317 2219 καὶ
1349 2167 1428 2235 τῷ
1450 2166 1665 2235 ἑϐδόμῳ
1700 2167 1811 2219 τῶν

232 2259 425 2314 παθῶν
449 2259 690 2328 δαίμονι,
737 2258 883 2324 λέγω
910 2256 973 2327 δὴ
1002 2257 1082 2324 τῷ
1110 2260 1209 2326 τῆς
1240 2258 1569 2324 κενοδοξίας,
1603 2258 1810 2314 εὐάλω-

230 2368 327 2407 τον
354 2352 515 2405 αὑτὸν
548 2351 946 2421 μηχανώμενος
970 2349 1259 2418 καθιστᾷν.

302 2443 368 2497 δ’.
406 2442 563 2496 Ἐπεὶ
614 2444 671 2495 δὲ
726 2444 795 2512 τῇ
842 2440 941 2494 τοῦ
978 2439 1218 2510 Χριστοῦ
1256 2440 1480 2511 βοηθείᾳ
1511 2444 1718 2507 ἐκεῖνος
1750 2446 1812 2497 οὑ

233 2535 347 2590 τῶν
373 2536 632 2603 ὑπηκόων
659 2532 935 2595 τοσοῦτον,
970 2536 1094 2588 ὅσον
1126 2533 1323 2586 ἑαυτοῦ
1353 2536 1572 2602 κρατῶν
1596 2537 1817 2589 ἀπεδεί-

235 2644 422 2690 κνυτο,
472 2627 567 2679 καὶ
626 2625 737 2677 τῶν
778 2626 1212 2695 ἐπηγγελμένων
1254 2625 1475 2692 ἀγαθῶν
1533 2627 1687 2696 παρὰ
1720 2627 1816 2681 τοῦ

232 2718 374 2771 Θεοῦ
401 2719 512 2779 τοῖς
543 2719 601 2769 ὲν
630 2716 709 2785 τῷ
730 2716 925 2786 κόσμῳ
968 2715 1144 2785 τούτῳ
1174 2719 1638 2787 κακουχουμένοις
1660 2719 1819 2772 suou-

237 2810 372 2871 σίως
395 2808 484 2862 διὰ
514 2808 716 2870 παντὸς
751 2807 1129 2878 μεμνημένος,
1158 2808 1255 2860 καὶ
1285 2807 1395 2861 τῶν
1426 2808 1813 2878 ὴπειλημένων

236 2900 478 2955 αίωνίων
516 2899 770 2966 βασάνων
799 2900 912 2961 τοῖς
950 2898 1209 2971 ῥᾳθύμως
1240 2900 1298 2951 ὲν
1346 2900 1425 2970 τῷ
1454 2902 1680 2971 παρόντι
1714 2902 1817 2973 βίῳ

234 2994 648 3063 διαγινομένοις
702 2992 1069 3055 ἀδιαλείπτως
1114 2991 1304 3061 ὥσπερ
1358 2992 1686 3063 ποιούμενος
1717 2995 1818 3063 τὴν

242 3086 504 3157 μελέτην,
531 3086 631 3158 τὴν
664 3086 765 3157 μὲν
790 3086 1025 3155 ἀκηδίαν
1054 3088 1121 3157 τῇ
1151 3086 1397 3158 ὑπομονῇ
1419 3087 1507 3141 διά
1549 3086 1651 3157 τῆς
1685 3105 1817 3141 στα-

239 3182 406 3250 θερᾶς
444 3180 682 3243 πίστεως
709 3179 996 3242 ἀπεσόϐει,
1018 3180 1121 3249 τὴν
1143 3179 1200 3231 δὲ
1230 3179 1540 3243 κενοδοξίαν
1562 3181 1640 3249 τῷ
1667 3182 1816 3250 φόϐῳ

239 3271 344 3339 τῆς
360 3270 587 3340 γεέννης
613 3271 897 3341 μαραίνων
924 3272 1003 3332 είς
1034 3270 1540 3341 ταπεινοφροσύνην
1567 3274 1821 3341 μετέτρε-

241 3375 369 3423 πεν,
402 3360 478 3422 ὼς
508 3360 696 3414 λοιπὸν
725 3359 893 3413 αὑτοῦ
925 3361 1051 3423 τοὺς
1082 3360 1228 3413 ἐπτά
1264 3362 1364 3430 τῆς
1397 3361 1599 3424 κακίας
1650 3363 1820 3433 ὑπερ-

239 3451 439 3515 ϐάντος
459 3452 777 3521 λογισμοὺς,
811 3452 910 3505 καὶ
939 3453 1040 3515 τὰς
1066 3451 1279 3505 τούτων
1310 3453 1513 3521 πάγας,
1546 3454 1825 3524 ἀχυρμιᾶς

236 3546 399 3614 δίκην
424 3548 492 3615 τῇ
523 3545 762 3616 Χριστοῦ
798 3543 1021 3615 βοηθείᾳ
1051 3545 1567 3615 καταπατὴσαντος,
1617 3546 1826 3617 τρίζειν

242 3636 365 3690 κατ’
404 3637 573 3691 αὑτοῦ
619 3639 751 3700 τοὺς
792 3637 1015 3700 όδόντας
1071 3638 1165 3691 τὸν
1192 3637 1592 3707 ἀντικείμενον,
1629 3640 1723 3692 καὶ
1760 3637 1825 3709 δὴ

240 3728 347 3797 τὴν
365 3729 455 3783 επ’
502 3729 754 3799 ὀμφαλοῦ
804 3730 1065 3801 γαστρὸς,
1113 3730 1177 3783 τὸ
1204 3730 1269 3800 δὴ
1304 3729 1623 3800 λεγόμενον,
1657 3748 1824 3784 mm-

242 3824 410 3877 πλίαν
450 3822 620 3876 αὑτοῦ
669 3826 835 3888 κινεῖ,
862 3823 964 3893 τὴν
990 3821 1246 3876 ἑλέπολιν
1296 3822 1405 3875 τῶν
1428 3821 1728 3893 λογισμῶν,
1765 3822 1828 3876 τὸ

243 3917 610 3985 πρωτόφυτον
663 3914 765 3983 τῆς
802 3914 1005 3978 κακίας
1054 3914 1367 3984 βλάστημα,
1406 3908 1453 3982 ᾧ
1482 3917 1574 3968 καὶ
1602 3913 1769 3975 αὐτὸς
1800 3916 1830 3967 ό

241 4008 558 4079 άρχέκακος
583 4006 715 4075 δφις
735 4006 839 4075 πρὸ
865 4008 1084 4060 πάντων
1106 4007 1297 4059 ἑαυτὸν
1320 4009 1386 4077 τῇ
1410 4005 1520 4059 τῶν
1549 4005 1829 4075 λογισμῶν

240 4101 546 4172 διαστροφῇ
582 4098 940 4169 περιέπειρεν
957 4113 976 4132 ο
1034 4098 1117 4152 διὸ
1140 4100 1237 4153 καὶ
1284 4100 1395 4153 τῶν
1422 4100 1670 4171 οὐρανῶν
1696 4118 1827 4155 κατ-

244 4194 447 4245 έπεσεν
477 4194 558 4253 εις
586 4193 694 4259 γῆν
726 4192 926 4261 ῥιφείς.

321 4282 385 4337 ε’.
414 4284 480 4337 Τί
520 4283 577 4337 δι
600 4284 760 4345 τοῦτό
788 4286 979 4349 ὲστινς
1029 4282 1092 4337 Ἦ
1134 4282 1191 4343 δδ
1226 4286 1661 4354 ὑπερηφανείιις,
1690 4287 1828 4353 ἀγα-

248 4375 439 4442 πητοὶ,
466 4373 724 4439 δυσίατος
760 4375 1029 4445 σηπεδὼν,
1054 4377 1086 4445 ἡ
1122 4377 1334 4447 κορυφὴ
1360 4378 1455 4430 καὶ
1481 4379 1713 4448 κορωνὶς
1732 4378 1830 4447 τῆς

249 4464 473 4529 κακίας,
498 4467 531 4534 ἡ
565 4465 761 4536 πρώτη
805 4467 905 4536 τῆς
947 4465 1176 4537 λογικῆς
1226 4468 1437 4532 οὑσίας,
1499 4470 1594 4522 καὶ
1621 4470 1829 4540 ἐσχάτη

1910 1067 2177 1121 maniiate
2231 1065 2554 1131 disciderat,
2608 1069 2827 1123 tandem
2876 1069 3027 1123 i|lnm
3086 1071 3296 1137 acedia,
3332 1084 3484 1128 sexto

1910 1160 2131 1215 malitize
2198 1160 2473 1229 germine.
2547 1160 2817 1216 scelestus
2894 1162 3105 1227 amixit,
3168 1166 3486 1232 nullamque

1908 1249 2157 1304 laborum
2220 1251 2439 1305 illorum
2498 1251 2739 1306 futuram
2795 1252 3106 1307 mercedem
3188 1260 3480 1327 suggessit,

1912 1342 2336 1410 promissionum
2365 1342 2673 1397 Servatoris
2695 1344 2868 1398 nostri
2899 1344 3251 1399 diﬁidentiam
3273 1349 3486 1404 occulte

1914 1435 2213 1498 seminans,
2250 1446 2601 1503 mentemque
2637 1446 2915 1506 perpetuae
2963 1436 3274 1492 futurorum
3308 1422 3489 1510 gloria:

1915 1526 2192 1580 oblivione
2214 1527 2456 1580 obruens
2483 1542 2547 1581 ac
2581 1530 2728 1581 velut
2763 1530 3059 1597 sepelieris.
3084 1530 3257 1586 Simul
3308 1544 3489 1588 autem

1916 1631 1971 1672 et
2036 1618 2135 1671 viri
2199 1619 2347 1672 illius
2400 1619 2593 1688 optimi
2650 1620 3082 1690 cogitationibus
3136 1625 3492 1695 subjiciebat,

1919 1713 2151 1765 multum
2178 1712 2384 1782 requiri
2419 1714 2486 1767 ad
2547 1713 2781 1768 virtutes
2815 1716 3012 1769 anima:
3060 1715 3302 1771 laborem
3329 1720 3493 1774 sudo-

1923 1818 2146 1872 remque
2172 1804 2313 1858 baud
2353 1804 2658 1865 modicum,
2695 1816 2861 1874 atque
2902 1805 3050 1861 hunc
3082 1807 3258 1862 solum
3314 1810 3493 1863 homi-

1922 1915 2163 1967 numque
2211 1914 2275 1952 ex
2312 1899 2452 1952 fama
2502 1901 2744 1968 quietem
2808 1916 2932 1957 esse
2965 1904 3314 1970 mercedem;
3362 1905 3493 1960 hinc

1921 2003 2043 2043 sese
2074 1989 2138 2043 ad
2176 1989 2295 2058 ejus
2326 1989 2697 2044 decantandas
2726 1992 2954 2049 virtutes
2984 2004 3313 2051 convertens
3338 1997 3495 2052 bona:

1920 2081 2070 2135 illum
2125 2082 2269 2150 apud
2299 2097 2395 2136 eos
2435 2084 2592 2151 quiei
2622 2086 2912 2153 parebant,
2937 2088 3177 2141 nominis
3214 2090 3497 2144 existima-

1918 2176 2053 2227 tioni
2107 2178 2453 2243 septimoque
2506 2176 2802 2231 affectuum
2835 2180 3093 2246 demoni,
3130 2181 3255 2237 dico
3286 2191 3492 2248 autem,

1924 2282 2075 2320 vanic
2106 2267 2313 2338 gloriae,
2358 2268 2517 2323 facile
2542 2279 2858 2340 expugnatn
2892 2271 3108 2328 efﬁcere
3139 2281 3223 2328 est
3251 2274 3494 2330 molitus.

1995 2448 2046 2501 ι.
2098 2444 2233 2500 Cum
2282 2455 2462 2499 autem
2508 2446 2598 2499 ille
2637 2445 2843 2499 Christi
2897 2447 3120 2509 auxilio,
3156 2462 3263 2500 non
3303 2449 3498 2502 tamiis

1926 2540 2018 2609 qui
2048 2540 2098 2593 ei
2131 2538 2415 2601 suberant,
2452 2553 2615 2606 quam
2668 2537 2770 2592 sibi
2800 2538 2922 2607 ipsi,
2980 2538 3249 2606 imperare
3288 2538 3501 2595 videre-

1927 2642 2035 2696 tur,
2070 2630 2580 2700 promissorumque
2615 2644 2644 2681 a
2684 2628 2795 2683 Deo
2839 2628 2906 2683 iis
2950 2628 3042 2698 qui
3070 2630 3126 2682 in
3163 2630 3266 2684 hoc
3296 2629 3501 2684 mundo

1924 2737 2199 2778 erumnas
2213 2721 2485 2791 patienter
2506 2719 2714 2785 ferunt,
2738 2720 3007 2774 bonorum
3031 2718 3250 2774 assidua
3270 2733 3498 2783 memor,

1926 2830 2029 2869 nec
2072 2828 2185 2867 non
2234 2822 2593 2875 aeternorum,
2631 2828 2753 2879 qua:
2787 2811 3122 2865 desidiosam
3176 2809 3348 2864 vitam
3409 2810 3498 2864 hic

1927 2907 2260 2963 ducentibus
2290 2904 2435 2959 Deus
2460 2904 2725 2969 minatur,
2753 2905 3151 2974 suppliciorum
3185 2903 3501 2958 meditatio-

1926 3017 2055 3057 nem
2086 3003 2296 3069 absque
2350 2998 2767 3053 intermissione
2811 2998 3215 3067 quodammodo
3269 2995 3501 3059 faciens,

1927 3095 2170 3150 acediam
2204 3093 2422 3162 quidem
2458 3091 2751 3145 tolerantia
2788 3105 2885 3160 per
2914 3089 3075 3143 ﬁdem
3112 3089 3324 3144 ﬁrmam
3374 3090 3505 3143 abe—

1848 3206 1890 3262 c
1926 3186 2025 3255 git,
2074 3198 2269 3237 vanam
2321 3190 2505 3236 autem
2538 3181 2767 3249 gloriam
2818 3181 3085 3250 gehennae
3121 3182 3317 3233 timore
3356 3182 3503 3233 subi-

1927 3291 2061 3346 gens
2088 3292 2206 3329 eam
2244 3274 2297 3329 in
2328 3273 2698 3328 humilitatem
2722 3272 3017 3335 convertit,
3048 3272 3122 3326 ita
3153 3282 3213 3327 ut
3255 3273 3499 3335 tandem,

1927 3377 2136 3436 septem
2200 3364 2421 3417 malitia
2495 3362 2643 3416 illius
2701 3364 2978 3431 superatis
3027 3362 3499 3433 suggestionibus,

1930 3461 2235 3527 harumque
2268 3456 2561 3524 decipulis,
2596 3454 2879 3524 palearum
2928 3455 3110 3509 acervi
3164 3454 3218 3509 in
3255 3455 3500 3517 modum,

1926 3549 2133 3604 Christi
2190 3563 2295 3616 ope
2347 3546 2706 3609 conculcatis,
2759 3544 3024 3599 dentibus
3077 3554 3269 3600 contra
3321 3545 3503 3615 ipsum

1928 3640 2187 3695 inimicus
2207 3638 2487 3703 strideret,
2521 3652 2788 3706 suamque
2836 3652 2867 3691 a
2892 3636 3104 3690 ventris
3128 3634 3408 3701 umbilico,
3444 3644 3503 3687 nt

1927 3732 2101 3795 aiunt,
2127 3740 2479 3794 armaturam,
2494 3730 2694 3786 animis
2712 3728 3091 3801 expugnandis
3110 3725 3505 3781 validissimum

1932 3832 2286 3887 tormentum,
2319 3821 2541 3876 malitia:
2575 3821 3006 3892 primogenitum
3040 3834 3291 3889 germen,
3316 3832 3425 3886 quo
3448 3826 3506 3871 et

1929 3915 2050 3985 ipse
2080 3913 2350 3967 malorum
2379 3920 2510 3965 ante
2540 3925 2734 3965 omnes
2766 3920 2960 3965 auctor
3004 3924 3233 3979 serpens
3257 3909 3499 3977 seipsun
3599 3958 3602 3960 γ

1886 4077 1891 4081 ¹
1932 4021 2223 4077 pravarum
2251 4004 2651 4072 cogitationum
2679 4003 3010 4056 distortione
3042 4000 3341 4067 transﬁxit,
3378 4015 3504 4069 pro-

1930 4110 2053 4170 pter
2076 4098 2217 4168 quod
2241 4106 2295 4152 et
2325 4096 2481 4150 curiis
2509 4095 2733 4159 excidit,
2764 4096 2817 4148 in
2853 4102 3053 4150 terram
3086 4094 3393 4162 conjecms.

2003 4279 2054 4332 5.
2081 4276 2223 4341 Quid
2252 4282 2433 4329 autem
2465 4274 2519 4328 id
2542 4274 2664 4327 est?
2689 4272 2992 4341 Superbiae,
3026 4272 3234 4336 dilecti,
3283 4274 3502 4326 incura-

1935 4370 2058 4423 bilis
2085 4368 2341 4439 putredo,
2372 4376 2537 4435 caput
2576 4376 2626 4421 et
2647 4381 2852 4419 corona
2880 4366 3122 4431 malitia,
3152 4366 3365 4435 primus
3419 4382 3504 4422 ra-

1935 4464 2153 4518 tionalis
2176 4461 2499 4517 substantia:
2535 4467 2593 4513 et
2650 4474 2944 4527 supremus
2979 4460 3243 4514 morbus:
3294 4460 3506 4529 primus

247 4556 405 4619 νόσος
427 4572 443 4589 ·
480 4557 673 4628 πρώτη
700 4560 801 4627 μὲν
822 4558 913 4612 διὰ
943 4558 1005 4611 τὸ
1025 4558 1201 4630 ταύτῃ
1231 4558 1471 4630 πρῶτον,
1490 4559 1564 4623 ὡς
1587 4563 1820 4631 εἴρηται,

1887 4552 2173 4624 )quidem,
2196 4554 2322 4624 quia
2354 4554 2587 4623 primum
2616 4567 2702 4611 eo.
2734 4562 2795 4605 ut
2837 4551 3009 4612 aiunt.
3043 4550 3281 4605 Satanas
3306 4554 3505 4606 volun-

252 4646 631 4716 περιπαρῆναι
662 4647 758 4701 τὸν
781 4649 1030 4701 Σατανᾶν
1056 4649 1238 4701 έκοντί
1261 4665 1276 4682 ο
1309 4649 1509 4719 δσχάτη
1542 4649 1598 4703 δὲ
1655 4650 1745 4702 διά
1771 4652 1833 4703 τὸ

258 4741 429 4809 μηδὲν
462 4740 635 4805 πάθος
667 4743 1035 4813 ὑπερνικῆσαι
1066 4742 1273 4813 ταύτην
1293 4742 1373 4813 τῷ
1394 4744 1552 4812 κακῴ
1580 4759 1595 4775 ο
1626 4744 1833 4813 ταύτην

256 4834 465 4902 ἀγείρει
488 4835 603 4896 τοῖς
631 4834 917 4901 λογισμοῖς
965 4835 1060 4887 τοῦ
1100 4834 1295 4903 ἀνδρὸς
1330 4836 1649 4890 τελευταίαν
1695 4854 1833 4906 συμ-

251 4924 485 4993 πλοκὴν,
526 4926 625 4978 καὶ
655 4914 1169 4992 δυσκαταγώνιστον
1192 4929 1220 4980 ό
1261 4928 1361 4996 τῆς
1397 4928 1582 4995 κοινῆς
1617 4928 1835 4994 φύσεως

248 5015 364 5067 τῶν
422 5015 726 5083 ἀνθρώπων
779 5016 974 5085 ἐχθρὸς
1028 5017 1382 5087 ὑποσπείρων
1441 5018 1589 5087 αὑτῷ
1618 5004 1845 5075 τοιάσδε

247 5104 409 5165 τινας
448 5102 705 5167 ὑπονοίας
728 5120 743 5135 ’
792 5104 947 5168 Ἰδοὺ,
967 5109 1126 5177 φησί,
1156 5107 1517 5177 κατηγωνίσω
1537 5113 1599 5179 τῇ
1632 5112 1833 5180 ἐγκρα-

248 5193 379 5263 τείᾳ
423 5210 519 5247 σου
552 5195 651 5249 καὶ
669 5199 737 5264 τῇ
767 5196 984 5254 συνέσει
1011 5199 1083 5253 τά
1108 5198 1254 5269 πάθη
1283 5201 1381 5267 τῆς
1419 5200 1598 5270 ψυχῆς
1627 5200 1832 5254 καὶτοῦ

252 5287 535 5356 σώματος,
554 5288 633 5359 τῷ
657 5288 950 5359 λογιστικῷ
974 5292 1144 5362 αὐτῆς
1179 5294 1337 5361 μέρει
1364 5294 1539 5361 σοφῶς
1562 5295 1655 5347 καὶ
1683 5311 1834 5347 νουν⁶

250 5378 397 5447 εχῶς
429 5379 501 5433 τὰ
538 5379 635 5433 τοῦ
670 5382 847 5449 θυμοῦ
880 5384 974 5435 καὶ
1002 5383 1103 5453 τῆς
1134 5384 1435 5453 ἐπιθυμίας
1470 5387 1641 5453 αὐτῆς
1686 5388 1833 5457 ἠνιο·

251 5470 430 5538 χήσας
461 5472 815 5541 φρυάγματα,
874 5476 968 5529 καὶ
995 5476 1094 5537 τὰς
1128 5475 1236 5528 τῶν
1263 5476 1521 5530 ἁπάντων
1565 5478 1835 5547 δαιμόνων

256 5563 507 5629 μηχανὰς
534 5565 615 5625 είς
647 5565 785 5633 ἀέρα
808 5565 1056 5629 διέλυσας
1082 5558 1103 5593 ·’
1125 5569 1273 5637 παρὰ
1302 5568 1396 5621 σοῦ
1421 5570 1452 5637 ἡ
1488 5586 1835 5639 γαστριμαρ-

252 5650 353 5718 γία
386 5653 733 5721 δεδούλωται,
762 5658 825 5711 τὸ
844 5659 944 5727 τῆς
973 5661 1176 5729 σαρκὸς
1204 5661 1453 5728 ἀκρατὲς
1495 5662 1592 5730 τῆς
1622 5664 1834 5731 φιληδο·

255 5742 378 5807 νίας
402 5746 571 5810 πάθος
601 5750 927 5821 πεπέδηται,
977 5753 1011 5822 ἡ
1040 5752 1382 5823 φιλαργυρία
1440 5755 1778 5825 πεπάτηται,
1808 5760 1835 5809 ό

264 5835 435 5905 θυμὸς
476 5839 579 5894 ὑπὸ
631 5844 727 5911 τῆς
767 5846 1075 5915 πραότητος
1110 5847 1411 5916 κατεπόθη,
1458 5848 1489 5915 ἡ
1552 5846 1695 5917 λύπη
1723 5850 1833 5902 τῶν

1936 4647 2072 4702 tarie
2115 4645 2219 4700 fuit
2271 4644 2559 4705 conﬁxus;
2612 4656 2905 4709 supremus
2948 4654 3101 4701 vero,
3154 4641 3283 4709 quia
3347 4641 3499 4693 nulla

1933 4754 2057 4794 eum
2084 4738 2265 4808 passio
2304 4735 2509 4790 malitia
2533 4733 2735 4796 vincit;
2768 4744 3100 4802 postremam
3147 4732 3288 4786 hanc
3317 4731 3506 4786 didici-

1936 4833 2150 4901 Iemque
2173 4844 2404 4898 pugnam
2427 4825 2872 4895 suggestionibus
2896 4825 3009 4879 suis
3037 4824 3300 4879 adversus
3330 4824 3503 4877 virum

1935 4923 2143 4978 excitat
2170 4920 2477 4975 communis
2507 4918 2793 4972 hominum
2828 4927 3043 4971 natura
3094 4917 3285 4981 hostis,
3314 4916 3507 4984 hujus-

1939 5016 2086 5070 modi
2117 5015 2166 5068 ei
2201 5011 2564 5082 cogitationes
2624 5010 2837 5064 occulte
2871 5008 3114 5062 inferens
3144 5026 3155 5061 :
3188 5006 3351 5072 Ecce,
3404 5008 3500 5072 ait,

1935 5106 2274 5164 continentia
2300 5115 2389 5157 tua
2416 5101 2815 5173 prudentiaque
2842 5101 3036 5159 anima:
3064 5114 3258 5154 omnes
3311 5116 3504 5169 corpo-

1937 5202 2123 5272 risque
2152 5198 2380 5254 aﬂectus
2402 5196 2695 5265 superasti,
2728 5194 2982 5249 rationali
3004 5195 3152 5251 illius
3178 5204 3329 5264 parte
3367 5198 3503 5249 scite

1936 5310 2001 5349 ac
2052 5293 2357 5364 prudenter
2408 5289 2599 5351 animi,
2627 5288 3027 5359 ipsiusquemet
3074 5286 3316 5341 libidinis
3340 5300 3503 5342 estus

1938 5385 2249 5449 refrenasti,
2288 5384 2643 5451 omniumque
2698 5383 3007 5437 daemonum
3054 5389 3207 5434 astus
3261 5382 3315 5433 iu
3372 5395 3499 5434 aera

1939 5474 2307 5532 abire'l'ecisti
2336 5492 2351 5537 ;
2384 5493 2413 5529 a
2458 5486 2510 5528 te
2546 5475 2811 5546 ingluvies
2840 5475 2892 5528 in
2936 5474 3256 5529 servitutem
3285 5467 3500 5528 reducm

1937 5581 2042 5634 est,
2063 5569 2247 5623 carnis
2279 5569 2695 5629 incontinentia,
2721 5567 2926 5620 amoris
2954 5566 3290 5635 voluptatum
3320 5569 3501 5634 passio

1937 5664 2163 5715 subacta
2222 5669 2327 5723 est,
2392 5660 2621 5713 avaritia
2677 5660 2996 5713 conculcata
3061 5668 3163 5722 est,
3220 5659 3497 5712 iracundia

1938 5751 2360 5808 mansuetudine
2414 5753 2667 5820 absorpta
2730 5760 2838 5814 est,
2899 5750 3125 5806 tristitia
3208 5754 3278 5805 de
3336 5754 3498 5807 rebus

1940 5847 2236 5903 mundanis
2304 5862 2401 5917 spe
2459 5843 2995 5916 incorruptibilitatis
3050 5843 3324 5900 confracta
3394 5858 3493 5910 cal,
