4218 6442
324 380 461 443 1%9

1344 394 1403 452 S.
1454 391 1836 452 DEMETRII
1884 391 2284 453 MARTYRIS
2322 398 2529 457 ACTA.

3424 399 3559 467 1210

319 494 414 545 τὸν
438 494 781 566 άπελπισμὺν
814 498 1119 555 ὑπέϐαλλον
1154 503 1220 570 τῇ
1248 503 1416 570 ψυχῇ,
1434 503 1521 563 ’ὡς
1542 504 1603 554 εκ
1631 505 1728 572 τῆς
1757 503 1882 554 άθυ-
1918 507 1961 561 Α

1918 507 1961 561 Δ
1994 504 2230 569 ciebant,
2268 508 2403 561 adeo
2429 520 2486 562 ut
2511 526 2575 563 ex
2608 513 2770 563 animi
2830 513 3134 582 dejectione
3180 516 3346 585 duplo
3382 523 3554 588 majus

320 585 452 652 μίας
472 586 809 651 διαπλασίως
839 591 1136 659 τρέφεσθαι
1166 593 1226 645 τὸ
1248 595 1437 656 κακὸν,
1465 592 1585 644 οὕτε
1615 595 1671 645 δὲ
1708 596 1885 661 πάσης

314 678 665 749 ἀνθρωπίνης
696 682 951 751 βοηθείας
992 686 1267 738 ἀπεῖπενό
1297 688 1457 756 ἀνὴρ,
1484 688 1579 740 καὶ
1609 688 1796 739 λοιπὸν
1821 691 1888 739 τὰ

315 769 448 839 περὶ
486 771 577 824 τὸν
614 772 844 828 θάνατον
877 777 1069 829 τούτου
1115 778 1445 850 ηὑτρέπιζον
1476 782 1525 832 οί
1581 781 1886 852 προσήκον-

312 877 426 923 τες.

386 956 453 1010 θ’.
509 956 641 1011 Τότε
691 977 778 1024 τις
826 962 936 1015 τῶν
988 962 1358 1035 εύνουστέρων
1406 963 1555 1036 αὐτῷ
1587 964 1886 1018 δοκούντων

313 1048 582 1119 ὑπάρχειν
640 1051 774 1118 πρὸς
812 1052 873 1105 τὸ
923 1052 1016 1115 οὒς
1074 1056 1257 1124 ἡρέμα
1309 1055 1477 1125 ἔφησε
1548 1056 1884 1126 προσελθὼν,

314 1143 471 1192 Ἐστι
506 1159 589 1204 τις
612 1143 769 1213 ἀνὴρ,
798 1144 854 1206 δς
888 1147 1083 1215 είρηκέ
1114 1166 1206 1216 μοι
1230 1148 1495 1203 δύνασθαί
1523 1144 1669 1211 σε,ὧ
1694 1152 1887 1203 δέσπο-

307 1250 397 1295 τα,
430 1235 555 1304 ὑγιῆ
590 1236 875 1306 καθιστᾷν,
908 1240 955 1291 εί
987 1238 1241 1309 θελήσεις
1276 1242 1376 1311 τὴν
1422 1243 1884 1314 ὲγγεγραμμένην

312 1325 656 1393 μεμδράναν,
710 1329 777 1398 ἢν
828 1330 1011 1383 δίδωσί
1068 1348 1171 1395 σοι,
1225 1334 1440 1402 άφάψαι
1473 1335 1616 1388 κατὰ
1642 1335 1736 1387 τοῦ
1789 1335 1883 1388 σοῦ

306 1417 603 1485 τραχήλου,
667 1420 763 1471 καὶ
811 1423 1019 1489 φορεῖν.
1074 1421 1133 1474 ’0
1166 1423 1221 1476 δὲ
1277 1425 1549 1492 μακάριος
1604 1426 1884 1493 Μαριανὸς

306 1509 642 1577 ἀπεκρίνατο
669 1526 683 1540 ο
722 1512 832 1564 Καὶ
856 1515 910 1564 τί
942 1516 1110 1577 ἔστιν,
1142 1516 1170 1566 ὃ
1206 1532 1375 1585 φησιν
1405 1518 1783 1586 ἐγγεγράφθαι
1813 1520 1879 1587 τῇ

309 1615 375 1664 με
389 1600 641 1666 μόράνη;
675 1597 808 1653 Elite
839 1603 892 1654 δὲ
921 1605 948 1654 ό
975 1607 1103 1665 παῖς
1145 1620 1160 1636 ·
1203 1606 1611 1675 Ἐρωτήσαντός
1652 1625 1754 1677 μου
1788 1627 1878 1674 μι-

304 1689 435 1753 κρὸν
470 1706 519 1739 τι
543 1691 967 1759 περιεργότερον
998 1694 1083 1745 διὰ
1125 1693 1222 1765 τὴν
1260 1695 1470 1761 άφατόν
1503 1714 1606 1766 μου
1643 1699 1774 1765 περὶ
1798 1699 1876 1761 σὲ,

302 1774 349 1831 ὦ
376 1780 630 1841 δέσποτα,
684 1785 946 1848 φροντίδα
973 1825 989 1850 ,
1031 1785 1151 1837 οὐδὲ
1198 1786 1356 1840 τοῦτό
1397 1805 1462 1855 με
1495 1788 1875 1858 ἀπεκρύψατο,

304 1870 421 1921 ἀλλ’
460 1872 563 1940 ἔφη
618 1873 768 1933 τινάς
825 1878 1092 1942 γραμμάς
1142 1879 1324 1930 ἐκεῖσε
1370 1879 1714 1949 διαγράφειν,
1779 1881 1878 1933 καὶ

303 1961 1171 2034 άστερίακους,’καὶ”ἡμικύκλια,
1231 1970 1327 2021 καί
1378 1986 1500 2021 τινα
1552 1970 1716 2038 ἔτερα
1746 1973 1878 2042 σχή-

305 2069 451 2120 ματα
488 2056 817 2122 γράμμασιν
858 2056 1192 2125 Ἑϐραϊκοῖς,
1235 2060 1331 2111 καὶ
1368 2060 1634 2130 ὀνόμασιν
1685 2064 1867 2129 ἀγνώ-

300 2158 442 2194 στων
485 2144 598 2204 τοῖς
659 2144 896 2207 πολλοῖς,
932 2146 1134 2199 ἔσωθεν
1172 2165 1228 2200 τε
1275 2151 1367 2202 καὶ
1418 2150 1622 2214 ἔξωθεν
1654 2171 1877 2223 περιγε-

296 2232 618 2298 γραμμένα.
655 2234 719 2284 Τί
744 2233 852 2302 γὰρ
882 2236 1042 2304 χρεία
1076 2236 1170 2289 καὶ
1199 2237 1295 2289 τοῦ
1346 2240 1543 2306 μαθεῖν
1572 2242 1680 2293 τῶν
1712 2244 1873 2311 ἐγγε-

294 2323 635 2389 γραμμένων
662 2326 761 2393 τὴν
794 2325 1027 2394 δύναμιν
1068 2330 1164 2381 καὶ
1194 2330 1263 2382 τά
1292 2333 1570 2401 σχήματα,
1602 2328 1695 2396 Εἷς
1740 2337 1873 2404 ἡμῖν

293 2419 410 2476 τοῖς
441 2416 649 2478 δούλοις
705 2434 799 2470 σου
843 2421 1008 2472 πᾶσιν
1060 2422 1286 2485 σκοπὸς,
1341 2426 1403 2476 τό
1456 2441 1519 2476 σε
1551 2426 1648 2494 τῆς
1680 2429 1871 2493 ὑγείας

291 2510 501 2575 τυχεῖν,
542 2512 637 2561 καὶ
667 2513 741 2579 μὴ
775 2512 985 2574 πάντας
1014 2514 1182 2579 ἡμᾶς,
1212 2515 1355 2583 τάχα
1397 2514 1454 2567 δὲ
1483 2516 1575 2567 καὶ
1606 2518 1705 2586 τὴν
1743 2520 1870 2588 ὅλην

297 2603 459 2653 πόλιν
511 2602 601 2655 διὰ
629 2602 726 2670 τῆς
759 2602 859 2671 σῆς
888 2604 1202 2673 στερήσεως
1245 2605 1457 2670 ζῶντας
1497 2610 1576 2670 είς
1607 2608 1733 2679 ᾅδου
1764 2630 1871 2681 χω-

294 2692 514 2761 σθῆναι.

376 2790 429 2841 ι’.
459 2784 602 2838 Λάὸε
636 2780 751 2848 οὖν,
790 2780 835 2838 ὦ
880 2788 1141 2857 δέσποτα,
1170 2789 1231 2842 τὸ
1277 2789 1453 2861 βραχῦ
1488 2793 1651 2846 τοῦτο
1691 2796 1867 2865 δέρμα

292 2878 389 2931 καὶ
443 2882 690 2947 φόρεσον,
747 2881 839 2931 καὶ
871 2880 1161 2948 ύγιάσθητι
1205 2882 1370 2944 αὐτὸς
1391 2924 1406 2949 ,
1440 2887 1534 2938 καὶ
1561 2887 1689 2949 τοὺς
1716 2891 1866 2958 παρὰ

298 2970 394 3023 σοῦ
427 2972 634 3031 πάντας
660 2970 757 3037 τῆς
795 2970 1120 3038 φθοροποιοῦ
1161 2973 1357 3042 λύπης,
1394 2976 1488 3027 καὶ
1514 2977 1613 3045 τῆς
1644 2984 1770 3048 περὶ
1809 2984 1864 3033 σὲ

290 3059 486 3127 ὀδύνης
510 3060 835 3125 ἀπάλλαξον.
874 3056 1009 3113 Eius
1035 3062 1093 3113 δε
1115 3064 1251 3131 πρὸς
1283 3065 1446 3116 αὑτὸν
1488 3066 1517 3117 ὁ
1549 3063 1737 3131 πιστὸς
1775 3069 1861 3122 δν-

288 3169 423 3213 τας,
442 3154 530 3204 καὶ
556 3152 695 3203 κατά
729 3151 862 3203 Θεὸν
889 3149 1229 3216 ἐνδοξότατος
1263 3154 1506 3225 ὕπαρχος
1523 3157 1709 3219 άτενδς
1750 3160 1809 3210 ἐν
1834 3188 1859 3201 -

288 3243 448 3294 ιδὼνο
485 3242 704 3311 [Ιρῶτον
738 3244 858 3309 μὲν,
880 3236 925 3296 ὦ
960 3243 1257 3311 σαθρότατε
1286 3246 1554 3314 σύμϐουλε
1572 3254 1665 3301 καὶ
1698 3251 1863 3319 ψυχο-

286 3333 508 3396 6λα6ὶς,
538 3334 702 3386 πόθεν
741 3352 828 3401 μοι
856 3334 1014 3401 δῆλον
1040 3334 1113 3395 ὡς
1146 3335 1415 3405 φεύξομαι
1439 3338 1538 3407 τὴν
1576 3339 1732 3391 νόσον
1763 3357 1861 3408 φοι

286 3425 457 3494 ρέσας
485 3424 582 3493 τὴν
625 3424 973 3494 μεμϐράναν,
1026 3427 1229 3494 μᾶλλον
1254 3428 1310 3479 δὲ
1345 3428 1461 3491 πῶς
1488 3431 1547 3481 ού
1594 3432 1862 3501 πρόδηλον

289 3518 462 3585 μηδὲν
491 3518 696 3582 ἀγαθὸν
724 3518 784 3567 εν
801 3516 937 3584 αὐτῇ
957 3516 1379 3587 διαγεγράφθαι,
1401 3520 1496 3572 τοῦ
1518 3524 1860 3591 γεγραφότος

288 3611 365 3678 μὴ
399 3607 718 3677 βουλομένου
745 3604 844 3677 τὴν
882 3608 990 3661 τῶν
1023 3608 1431 3677 γεγραμμένων
1472 3611 1703 3681 δύναμιν
1748 3632 1857 3682 φα-

283 3700 550 3769 νερῶσαι;
586 3700 700 3751 Πᾶν
736 3700 842 3769 γὰρ
866 3701 927 3751 τὸ
955 3703 1361 3769 φανερούμενον
1386 3704 1528 3756 κατὰ
1552 3704 1644 3756 τὸν
1692 3705 1857 3757 Ἀπό-

283 3793 472 3842 στολον
528 3790 642 3857 φῶς
676 3791 847 3844 ἐστιν.
897 3790 960 3843 El
999 3790 1056 3844 δὲ
1086 3792 1181 3845 καὶ
1219 3793 1481 3862 ὑποτίθης
1514 3813 1605 3864 μοι
1638 3813 1855 3849 παντο,-

282 3882 551 3946 ὑγιαίνειν
582 3883 718 3948 μετά
766 3880 866 3946 τῆς
898 3886 1251 3950 περιεργείας
1287 3886 1504 3955 ἐκείνης
1547 3890 1854 3957 φορίσαντα

278 3975 610 4038 γράμματα,
646 3971 705 4023 ού
737 3969 999 4037 βούλομαι
1040 3974 1100 4023 τὸ
1147 3973 1305 4042 σῶμα
1343 3974 1638 4043 ῥωσθῆναι,
1670 3977 1771 4047 τὴν
1797 3978 1851 4031 δὲ

277 4066 462 4133 ψυχήν
489 4081 590 4133 μου
621 4063 984 4131 ζημιωθῆναι,
1016 4063 1138 4117 οὐδὲ
1168 4068 1216 4117 εί
1240 4068 1329 4117 τὸν
1355 4066 1557 4135 κόσμον
1586 4067 1706 4120 ὅλον
1728 4086 1854 4139 κερ-

276 4158 438 4225 δῆσαί
474 4174 566 4226 μοι
593 4157 906 4225 προῦκειτο.
930 4157 1145 4224 ’Δπαγε
1168 4154 1283 4223 οὖν,
1313 4161 1407 4210 καὶ
1433 4160 1706 4224 τοιούτους
1729 4164 1851 4231 ἐμοὶ

277 4250 474 4315 λόγους
502 4250 699 4317 μηκέτι
733 4247 1033 4318 προσάξῃς.
1058 4250 1223 4313 Λέγει
1249 4247 1307 4300 δὲ
1338 4249 1368 4301 ό
1388 4252 1513 4312 παῖς
1538 4267 1553 4281 ·
1590 4251 1848 4321 Ἐκρινας

277 4339 394 4406 οὖν,
422 4337 468 4397 ὧ
498 4344 755 4412 τρόφιμε,
792 4344 988 4396 σαυτὸν
1020 4344 1324 4409 ἀπαλλάξαι
1358 4343 1451 4397 τοῦ
1483 4342 1607 4413 ζῇν,
1638 4344 1723 4397 ῐνα
1758 4347 1850 4400 καὶ

277 4438 311 4501 «ι,
323 4437 429 4503 μᾶς
459 4434 567 4503 πρὸ
600 4435 691 4487 οοῦ
718 4435 1066 4504 θανατώσῃςς

1997 594 2149 648 fieret
2183 597 2405 659 malum,
2441 615 2541 651 nec
2576 600 2738 651 ullam
2800 618 2851 654 tn
2881 606 3024 655 omni
3060 606 3299 660 humano
3355 612 3558 665 auxilio

1993 699 2142 751 spem
2176 689 2257 740 vir
2293 690 2538 752 haberet,
2564 692 2730 759 iique,
2764 695 2852 759 qui
2881 696 2929 745 ci
2955 698 3247 751 familiares
3288 714 3462 765 erant,
3490 702 3556 754 ad

1991 789 2222 832 mortem
2252 781 2426 849 ipsius
2465 785 2766 850 spectantia
2806 799 3081 851 pararent.

2059 958 2110 1013 9.
2143 958 2295 1013 Tunc
2325 961 2522 1030 aliquis
2548 979 2734 1017 eorum
2759 966 2849 1033 qui
2884 968 3074 1034 majori
3113 970 3162 1022 in
3197 986 3319 1024 eum
3356 971 3553 1029 affectu

1988 1051 2118 1105 ferri
2146 1052 2490 1115 videbantur,
2531 1058 2799 1111 accedens
2835 1062 2997 1111 tacite
3047 1062 3111 1112 ad
3147 1079 3332 1117 aurem
3360 1066 3499 1121 dixit
3534 1086 3547 1122 :

1991 1142 2087 1197 Est
2118 1146 2198 1199 vir
2227 1146 2443 1214 aliquis,
2475 1148 2567 1216 qui
2613 1148 2751 1203 dixit
2784 1153 2939 1213 mihi,
2970 1170 3161 1207 sanum
3218 1168 3288 1223 te,
3327 1177 3360 1213 ο
3398 1166 3551 1225 itere,

1989 1236 2104 1289 fieri
2143 1254 2322 1305 posse,
2350 1241 2394 1293 si
2428 1242 2687 1310 scriptam
2717 1248 3108 1313 membranam,
3141 1267 3300 1318 quam
3329 1255 3424 1308 tibi
3457 1258 3548 1321 do,

1989 1340 2016 1379 ε
2070 1327 2211 1380 collo
2277 1328 2421 1383 ferre
2475 1333 2734 1387 volueris.
2796 1336 2992 1393 Beatus
3050 1351 3234 1395 autem
3278 1344 3550 1402 Marianus

1985 1418 2290 1484 respondit,
2318 1420 2567 1489 dixitque
2592 1440 2605 1475 :
2630 1423 2771 1489 Quid
2790 1438 2893 1491 est,
2914 1432 3058 1497 quod
3096 1434 3190 1495 ait,
3225 1418 3549 1492 membrana:

1984 1519 2107 1559 esse
2145 1507 2512 1577 inscriptum?
2555 1514 2695 1568 Dixit
2723 1526 2903 1572 autem
2956 1519 3229 1577 famulus:
3272 1526 3548 1584 Curiosius

1984 1613 2095 1661 me,
2129 1615 2191 1651 ex
2252 1615 2370 1655 mea
2400 1618 2527 1671 erga
2590 1614 2641 1658 te
2682 1623 2807 1662 cura
2847 1611 3237 1679 inquirentem,
3275 1635 3453 1687 neque
3495 1624 3545 1675 id

1983 1692 2150 1746 latere
2186 1695 2378 1756 voluit,
2415 1696 2511 1750 sed
2563 1699 2718 1765 dixit,
2782 1706 2991 1758 litteras
3019 1710 3277 1773 quasdam
3331 1729 3451 1767 sese
3490 1717 3544 1769 in

1980 1797 2041 1836 ea
2102 1786 2413 1852 scripsisse,
2469 1802 2631 1857 atque
2684 1794 2976 1847 asteriscos
3028 1812 3090 1849 ac
3143 1803 3542 1871 semicirculos,

1980 1887 2141 1943 atque
2192 1879 2328 1932 alias
2380 1883 2643 1949 quasdam
2699 1886 2897 1953 figuras
2954 1886 3237 1945 Hebraicis
3322 1895 3539 1961 litteris,

1980 1969 2275 2039 multisque
2338 1974 2646 2041 ignotorum
2713 1980 3029 2033 nominibus
3097 1986 3327 2041 interius
3381 2001 3542 2056 atque

1976 2060 2216 2112 exterius
2262 2062 2729 2132 circumscriptas.
2766 2068 2903 2132 Quid
2954 2074 3097 2125 enim
3159 2090 3384 2131 necesse
3437 2090 3537 2144 est,

1977 2150 2365 2218 inscriptorum
2412 2155 2623 2210 discere
2687 2162 2943 2215 virtutem
2978 2169 3339 2235 figurasque?
3386 2170 3537 2226 Unus

1975 2243 2133 2296 nobis
2162 2246 2417 2299 omnibus
2445 2251 2616 2303 servis
2646 2252 2749 2305 tuis
2784 2269 2983 2323 scopus
3014 2271 3115 2321 est,
3153 2272 3211 2313 ut
3248 2268 3539 2320 sanitatem

1973 2340 2345 2401 consequaris,
2395 2347 2449 2390 et
2499 2354 2567 2392 ne
2605 2356 2703 2395 nos
2749 2359 2937 2397 omnes
2974 2356 3193 2416 totaque
3231 2354 3368 2407 forte
3408 2358 3541 2410 civi.

1974 2435 2056 2479 tas
2077 2440 2143 2480 ex
2175 2428 2322 2481 obitu
2348 2437 2442 2484 tuo
2476 2430 2587 2486 vivi
2633 2436 2699 2489 ad
2735 2439 2999 2493 tumulum
3043 2457 3217 2512 usque
3246 2449 3538 2503 contriste-

1974 2533 2115 2572 mur.

2041 2790 2127 2842 id.
2163 2786 2312 2841 Hanc
2345 2788 2533 2860 igitur,
2573 2791 2720 2856 here,
2755 2809 2978 2863 parvam
3034 2813 3407 2857 membranam
3442 2821 3533 2862 ac-

1969 2882 2087 2948 cipe
2144 2896 2198 2935 et
2250 2883 2353 2947 fer,
2395 2894 2557 2953 atque
2617 2886 2731 2953 ipse
2790 2902 3005 2951 sanare,
3052 2902 3282 2961 tuosque
3337 2912 3529 2954 omnes

1971 2974 2134 3027 noxio
2188 2974 2373 3027 dolore
2426 2989 2797 3045 conceptaque
2852 2980 2919 3035 de
2952 2990 3003 3035 te
3054 2987 3308 3041 tnmztitia
3342 2988 3530 3046 libera.

1970 3062 2109 3118 Vere
2141 3076 2321 3119 autem
2365 3067 2534 3122 ﬁdelis
2587 3084 2647 3123 ac
2704 3073 2847 3140 apud
2904 3072 3071 3127 Deum
3105 3078 3529 3144 gloriosissimus

1969 3154 2255 3222 prmfectus
2294 3169 2446 3211 torvo
2474 3161 2621 3213 vultu
2684 3162 2819 3215 dixit
2854 3164 2939 3216 ei:
2988 3165 3229 3221 Primum
3282 3172 3525 3240 quidem,

1965 3247 2279 3303 futilissitne
2343 3253 2648 3317 anima-que
2697 3257 3157 3323 perniciosissima
3221 3265 3528 3331 consiliari,

1965 3339 2108 3392 unde
2136 3340 2265 3390 milii
2288 3351 2503 3393 constat
2532 3342 2645 3396 fore
2678 3354 2733 3396 ut
2777 3347 3143 3402 membranam
3176 3351 3354 3407 ferens
3382 3372 3526 3409 mor-

1960 3427 2089 3481 bum
2119 3429 2354 3497 abigam,
2381 3430 2489 3483 imo
2515 3447 2663 3493 vero,
2696 3439 3025 3503 scriptorum
3058 3439 3109 3491 in
3147 3456 3208 3495 ea
3246 3446 3350 3497 vim
3418 3462 3518 3501 non

1962 3519 2198 3581 volente,
2232 3522 2323 3588 qui
2387 3536 2447 3575 ea
2482 3524 2717 3591 scripsit,
2775 3525 3069 3592 declarare,
3110 3537 3380 3598 quomodo
3412 3553 3517 3590 non

1960 3608 2308 3663 manifestum
2333 3611 2426 3673 sit,
2444 3614 2642 3666 nilnilin
2673 3615 2761 3667 illa
2795 3616 2914 3670 boni
2947 3634 3068 3674 esse
3098 3626 3466 3691 conscriptum
3497 3630 3519 3681 ?

1958 3695 2165 3749 Lumen
2195 3700 2340 3750 enim
2370 3706 2668 3754 secundum
2694 3707 3009 3771 Apostolum
3038 3727 3155 3763 sese
3187 3716 3512 3773 manifestat.

1959 3784 2068 3838 Etsi
2109 3798 2288 3841 autem
2347 3793 2569 3844 omnino
2603 3809 2709 3855 me,
2757 3801 3161 3865 superstitiosas
3218 3806 3335 3859 illas
3368 3809 3513 3863 litte-

1956 3891 2046 3928 ras
2080 3886 2407 3945 gestantem,
2432 3896 2853 3939 εοηεοευιυτυιιι
2881 3892 3172 3946 sanitatem
3207 3912 3507 3966 asseveres,

1954 3982 2151 4037 corpus
2187 3980 2330 4025 recte
2359 3974 2557 4036 valere,
2583 3978 2817 4031 animam
2848 3994 3050 4045 autem,
3084 4001 3259 4054 neque
3288 3990 3331 4042 si
3360 4006 3511 4045 mun-

1951 4061 2080 4115 dutn
2136 4063 2449 4118 universum
2517 4066 2718 4122 lucrari
2779 4073 2913 4126 mihi
2974 4088 3118 4129 esset
3148 4083 3504 4149 propositum,

1954 4152 2212 4206 damnum
2241 4156 2347 4223 pati
2381 4156 2524 4210 baud
2575 4159 2716 4213 volo.
2752 4162 2935 4233 Apage
2963 4166 3145 4233 igitur,
3180 4185 3281 4223 nec
3309 4173 3507 4227 similia

1948 4245 2182 4313 amplius
2213 4247 2381 4301 verba
2415 4248 2547 4303 mihi
2584 4250 2853 4318 proferas.
2881 4255 3023 4309 Dixit
3052 4270 3233 4313 autem
3271 4278 3463 4320 servus
3491 4284 3504 4320 :

1949 4338 2209 4405 Delegisti
2236 4354 2383 4408 ergo,
2420 4340 2661 4405 domine,
2691 4350 2742 4396 te
2769 4343 2945 4412 ipsum
2979 4349 3085 4401 vita
3120 4351 3336 4415 orbare,
3372 4364 3507 4410 utet

1948 4442 2047 4481 nos
2070 4438 2194 4481 ante
2218 4437 2268 4482 te
2298 4429 2516 4485 occidas
2544 4430 2565 4483 ‘!

349 4523 438 4579 ια’.
486 4526 545 4577 ’0
589 4524 829 4594 ἔπαρχος
872 4526 1241 4596 ἀπεκρίνατοο
1285 4526 1461 4595 ’Υμᾶς
1503 4529 1563 4581 οὐ
1606 4529 1843 4598 θανάτῳ,
1880 4537 1922 4591 ι)

1838 4568 1843 4588 γ
1880 4537 1922 4591 υ
2017 4520 2103 4572 Η.
2142 4521 2433 4575 Ριτεῐεειυε
2470 4524 2790 4591 respondit:
2828 4525 2938 4581 Vos
2972 4529 3116 4584 haud
3150 4534 3358 4597 occido,
3404 4551 3504 4591 nec

274 4617 394 4670 ἀλλ’
418 4617 527 4670 οὐδ’
558 4619 817 4686 εμαυτδν,
844 4619 891 4669 εί
914 4618 1008 4669 καὶ
1032 4619 1127 4670 τοῦ
1158 4620 1410 4687 σώματος
1438 4620 1712 4689 χωρισθῶ,
1742 4620 1844 4690 τὴν

273 4710 333 4761 δὲ
362 4708 543 4778 ψυχὴν
576 4708 663 4760 διά
691 4707 790 4776 τὴν
818 4709 899 4771 εις
932 4708 1168 4779 Χριστδν
1200 4710 1404 4775 πίστιν,
1440 4710 1531 4762 καὶ
1562 4711 1623 4763 τὸ
1656 4712 1730 4780 μὴ
1756 4728 1845 4763 τεο

276 4798 563 4867 θεληκέναι
612 4815 678 4865 με
721 4797 1041 4867 περιεργείᾳ
1080 4797 1404 4869 δαιμονικῆς
1454 4799 1650 4869 χλεύης
1688 4801 1844 4871 εὐερ-

273 4889 601 4958 γετηθῆναι,
635 4888 753 4957 εἰμὶ
814 4889 911 4941 καὶ
958 4889 1115 4958 δίκην
1146 4890 1301 4955 τίσω,
1340 4892 1667 4961 εὐεργεσίαν
1702 4892 1839 4956 ὅλως

270 4981 621 5042 ἀποκαλέσας
683 4980 783 5048 τὴν
830 4981 928 5048 τῆς
984 4980 1279 5051 ἀλλοτρίας
1328 4982 1611 5051 δυνάμεως
1664 5000 1841 5052 παρα-

274 5074 495 5139 σκευήν.
540 5070 664 5132 [ιὼς
693 5070 799 5138 γὰρ
830 5069 1286 5140 εὐεργετήαουσίν
1322 5089 1452 5125 ποτε
1486 5072 1536 5124 ol
1572 5071 1673 5140 τῆς
1708 5072 1840 5142 άληο

274 5163 402 5224 θοῦς
434 5162 688 5231 προνοίας
711 5162 939 5221 ἑαυτοὺς
964 5163 1297 5231 χωρίσαντες
1330 5162 1418 5216 διὰ
1445 5164 1642 5224 κακίας
1676 5164 1842 5233 ὑπερ-

272 5254 479 5321 σο).ήν;
516 5246 609 5314 Οἷς
639 5255 753 5321 γὰρ
786 5252 845 5304 τὸ
874 5249 932 5304 εὖ
961 5248 1106 5304 εἶναι
1148 5254 1222 5322 μὴ
1251 5257 1530 5323 πρόσεστι,
1568 5253 1682 5314 πῶς
1718 5254 1836 5305 ιτε-

275 5361 389 5414 ροις
423 5343 581 5396 τοῦτο
631 5344 1008 5413 παρέξουσινς
1058 5345 1265 5413 Ἀπάτη
1312 5342 1405 5397 οὖν
1462 5350 1493 5413 ὴ
1536 5344 1835 5411 ἐπαγγελία

268 5440 497 5501 τούτων,
536 5438 630 5488 καὶ
666 5437 817 5488 οὐδὲν
859 5438 1048 5504 ἕτερον
1086 5438 1116 5507 ἢ
1161 5438 1495 5504 φενακισμὸς
1532 5438 1833 5505 προφανής.

269 5530 495 5591 Τούτοις
553 5528 1025 5597 ἀποπεμψάμενος
1078 5520 1166 5579 τὸν
1216 5529 1381 5580 παῖδα
1420 5530 1533 5591 τοῖς
1572 5532 1831 5595 ῥήμασιν,

1951 4612 2116 4666 etiam
2168 4614 2458 4682 meipsum.
2524 4615 2747 4671 Etiamsi
2809 4633 2838 4671 a
2871 4634 3103 4689 corpore
3156 4625 3504 4685 discessurus

1950 4706 2074 4767 sim,
2103 4706 2339 4759 animam
2368 4716 2545 4760 tamen
2575 4721 2669 4775 per
2692 4706 2849 4763 (idem
2880 4710 2933 4764 in
2964 4712 3239 4769 Christum
3264 4719 3504 4789 mihique

1949 4793 2226 4848 diabolicae
2281 4796 2485 4850 fraudis
2539 4799 2929 4866 superstitione
2985 4804 3307 4862 beneﬁcium
3368 4827 3499 4866 con-

1950 4885 2078 4938 ferri
2111 4888 2250 4941 haud
2279 4890 2512 4944 volendo
2553 4892 2781 4947 servabo
2814 4894 2911 4964 (4),
2945 4896 3268 4953 beneficium
3311 4918 3339 4955 a
3392 4906 3499 4958 vir-

1949 4985 2063 5032 tute
2094 4980 2379 5050 peregrina
2407 4992 2652 5049 paratum
2666 4985 2888 5039 omnino
2908 5001 3187 5043 aversans.
3219 4993 3500 5055 Qtamodo

1943 5070 2109 5134 enim,
2150 5073 2240 5140 qui
2267 5088 2361 5141 per
2393 5076 2610 5130 malitia
2639 5080 3077 5145 exsuperantiam
3116 5097 3240 5135 vera
3299 5096 3499 5139 semet-

1942 5162 2088 5229 ipsos
2146 5163 2517 5220 benefaciendi
2574 5168 2856 5222 voluntatc
2912 5182 3137 5238 exuunt,
3170 5174 3497 5229 beneficium

1940 5253 2232 5322 aliquando
2288 5259 2496 5325 possint
2550 5260 2839 5313 conferre?
2890 5261 3100 5327 Quibus
3156 5268 3305 5319 enim
3362 5270 3498 5322 bene

1940 5360 2059 5398 esse
2099 5362 2205 5399 non
2252 5349 2508 5415 suppetit,
2553 5353 2827 5417 quomodo
2886 5355 2938 5407 id
2983 5356 3103 5408 aliis
3160 5356 3500 5428 largiantur?

1940 5436 2119 5490 lllu~io
2146 5439 2305 5509 igitur
2335 5450 2415 5492 cst
2445 5442 2658 5494 illorum
2690 5445 2996 5511 promissio,
3020 5462 3121 5500 nec
3159 5450 3302 5503 aliud
3338 5453 3497 5518 quid-

1940 5543 2099 5595 quam
2160 5545 2318 5596 quam
2371 5530 2666 5599 iutpostura
2724 5534 3033 5590 manifesta.
3095 5538 3284 5594 Verbis
3349 5544 3499 5597 hisce

348 5730 421 5798 (ι)
459 5729 672 5798 Aliquid
703 5729 792 5783 hic
824 5727 874 5780 in
910 5738 1055 5783 textu
1090 5726 1276 5781 Graeco
1319 5726 1403 5779 vel
1439 5726 1703 5798 redundat
1739 5728 1821 5780 vel
1853 5727 2030 5794 deest;
2066 5744 2258 5784 sensus
2293 5738 2473 5783 tamen
2520 5742 2609 5784 aut
2643 5734 2779 5786 hanc
2842 5748 2935 5789 aut
2991 5736 3137 5791 cert‘e
3208 5755 3311 5794 non
3359 5745 3496 5797 mul-

282 5797 389 5852 tum
426 5797 728 5853 absimilem
757 5798 1261 5867 interpretationem
1293 5799 1568 5867 requirere
1593 5797 1823 5851 videtur.
