4218 6442
735 395 865 464 1211

2025 383 2679 450 SUPPLEMENTUM.

3845 375 3991 442 1212

729 524 892 566 servo
923 507 1165 578 repulso,
1184 521 1292 576 prae
1323 505 1497 560 multo
1523 503 1713 560 dolore
1741 503 2050 571 animaque
2086 515 2152 554 ac
2174 514 2292 552 coro
2325 504 2368 560 Α

2325 504 2368 560 Α
2403 499 2652 554 ὕπνωσεν
2689 501 2755 554 έκ
2793 498 2994 569 πολλῆς
3027 497 3373 567 ἀδολεσχίας,
3407 498 3503 551 καὶ
3542 495 3706 548 πόνου
3735 492 3983 563 ψυχικοῦ

729 604 881 674 poris
902 601 1217 671 fatigatione
1235 598 1514 660 dormivit,
1541 595 1781 666 viditque
1803 596 1858 650 in
1892 608 2086 650 somno
2106 607 2299 663 queui-

733 700 880 756 dam.
916 695 1008 762 qui
1055 709 1085 746 e
1151 691 1427 763 germanis
1480 690 1602 760 eius
1641 687 1835 744 amicis
1871 686 2303 753 notissimuaque

732 789 894 845 simul
944 796 1108 856 atque
1167 785 1504 853 conspicuus
1567 783 1622 838 in
1679 781 1803 836 aula
1837 779 2108 848 imperiali
2162 787 2302 840 erat,

731 882 1069 936 Demetrium
1101 879 1204 932 sibi
1241 878 1536 932 dicentem.
1594 873 1734 938 Quid
1789 873 1984 938 habes,
2023 870 2300 924 amabilis-

730 976 892 1031 sime.
947 971 1294 1038 graviterque
1348 966 1500 1020 fers?
1550 963 1834 1034 Cognosce
1873 978 1960 1018 me
1989 962 2243 1017 celeriter
2281 977 2295 1016 :

732 1065 864 1135 quid
897 1063 1035 1117 forte
1095 1061 1258 1115 etiam
1302 1073 1495 1113 eorum
1551 1071 1673 1125 qua:
1733 1055 2000 1110 medelam
2049 1053 2299 1118 aﬂerant,

735 1155 967 1211 suadere
995 1151 1093 1206 tibi
1125 1159 1335 1220 potero.
1375 1147 1672 1202 Prmfectus
1699 1155 1879 1200 autem
1908 1147 1962 1200 in
1993 1159 2189 1200 somno
2218 1160 2304 1198 re-

728 1246 1008 1318 spondens
1033 1244 1169 1298 dixit
1196 1243 1244 1296 ei
1279 1258 1293 1295 :

805 1343 893 1398 ‘12.
920 1340 1060 1406 Quid
1092 1352 1280 1393 eorum
1313 1336 1404 1405 qui
1465 1334 1520 1387 in
1553 1333 1690 1387 vivis
1719 1342 1869 1395 sunt,
1924 1331 2125 1398 habeo,
2171 1330 2302 1399 quid

733 1450 866 1489 vero
895 1417 1241 1500 eorum,kqui
1290 1431 1344 1483 in
1397 1427 1650 1497 sepulcro
1697 1427 1904 1495 jacent.
1939 1440 2050 1479 non
2083 1422 2304 1478 habeo?

729 1527 890 1582 Omni
951 1526 1100 1580 enim
1156 1526 1334 1592 capite
1393 1521 1534 1575 male
1593 1517 1811 1583 affecto,
1865 1517 2070 1572 frustra
2109 1529 2303 1570 omnes

729 1617 1001 1673 sentiendi
1066 1615 1352 1668 facultates
1409 1611 1685 1682 possideo.
1738 1611 1926 1679 Neque
1973 1612 2145 1675 enim,
2209 1612 2302 1680 qui

731 1711 882 1767 clare
958 1707 1202 1771 videant,
1278 1704 1468 1761 oculos
1521 1703 1717 1766 habeo,
1788 1717 1969 1770 neque
2024 1703 2299 1768 auditum,

730 1804 823 1873 qui
875 1809 1074 1872 prater
1114 1799 1381 1853 maximos
1417 1795 1681 1865 strepitus
1716 1795 2013 1864 quidquam
2070 1795 2297 1860 audiat;

729 1896 824 1952 sed
874 1906 1054 1962 neque
1100 1905 1272 1945 nasus
1313 1903 1503 1942 eorum
1553 1903 1676 1957 quae
1715 1885 1919 1948 olfacit,
1979 1887 2298 1954 qualitatem

731 1997 860 2057 apte
887 1985 1175 2046 discernit,
1201 1995 1378 2049 neque
1403 1981 1455 2033 in
1481 1980 1661 2048 lingua
1688 1993 1774 2032 me
1805 1977 1981 2032 dulcia
2008 1977 2076 2031 ab
2102 1977 2300 2031 amaris

729 2080 1012 2136 diﬂ’erunt.
1049 2076 1126 2130 Ita
1159 2074 1306 2128 enim
1338 2082 1509 2126 totum
1534 2079 1901 2142 permutatum
1936 2079 2022 2124 est
2077 2083 2296 2138 corpus,

731 2183 793 2228 ut
847 2173 1014 2226 etiam
1065 2178 1297 2236 tangens
1325 2165 1501 2222 calida
1543 2163 1734 2217 videar
1769 2159 2101 2230 refrigerari,
2158 2159 2302 2228 frigi-

731 2265 926 2331 disque
983 2258 1235 2313 admotus
1265 2254 1499 2310 calefieri
1559 2267 1648 2306 me
1704 2251 2032 2306 existimem.
2080 2248 2300 2304 Homeri

731 2370 900 2426 porro
930 2359 986 2408 et
1015 2348 1206 2405 lacerti
1240 2357 1296 2401 et
1327 2359 1520 2399 manus
1561 2359 1592 2399 a
1619 2357 1849 2413 corpore
1900 2343 2164 2396 duntaxat
2200 2340 2299 2394 de-

733 2444 974 2516 pendent
1033 2439 1233 2495 otiosa.
1272 2436 1610 2504 Quocuuque
1659 2443 1842 2489 motus
1892 2432 2142 2502 impellit,
2178 2445 2302 2484 .non

728 2553 842 2609 quo
869 2536 1010 2599 volo,
1045 2532 1210 2587 feror.
1253 2529 1364 2582 Etsi
1394 2528 1540 2581 enim
1601 2527 1738 2580 velle
1772 2525 1908 2578 mihi
1935 2523 2100 2586 adsit,
2139 2534 2303 2591 posse

733 2646 844 2684 non
876 2625 1138 2697 suppetit.
1191 2622 1342 2676 Idem
1375 2619 1538 2673 etiam
1598 2617 1779 2687 patior
1817 2617 1960 2670 circa
1988 2614 2197 2668 femora
2247 2620 2303 2668 et

733 2734 909 2791 genua
960 2725 1018 2772 et
1070 2713 1294 2770 brachia
1355 2711 1611 2781 ipsasque
1649 2708 1812 2764 etiam
1876 2707 2079 2777 pedum
2119 2707 2298 2760 bases.

736 2810 931 2882 Specie
962 2807 1183 2878 quidem
1237 2817 1358 2859 mea
1392 2815 1514 2856 esse
1572 2802 1663 2856 illa
1718 2801 1976 2856 videntur
2032 2799 2300 2864 membra,

730 2901 1053 2972 operatione
1089 2906 1269 2953 autem
1293 2892 1516 2948 alterius
1565 2891 1892 2962 cuiuspiam,
1930 2899 1987 2946 ct
2015 2905 2126 2945 non
2155 2903 2298 2944 mea.

732 2993 880 3061 Quid
926 2991 1114 3064 igitur,
1144 2986 1292 3058 quod
1332 2985 1514 3050 nobis,
1559 2985 1616 3038 iu
1647 2993 1756 3038 tam
1788 2983 1934 3038 malo
1983 2981 2301 3037 morborum

732 3087 928 3158 pelago
971 3080 1260 3144 demersis,
1292 3072 1524 3134 suadeas
1555 3085 1650 3131 aut
1673 3075 1864 3142 facias,
1890 3075 2080 3140 habes,
2109 3090 2144 3129 o
2167 3073 2308 3129 dile-

733 3188 880 3234 ctum
912 3173 1116 3246 caput?

810 3269 895 3321 13.
920 3262 1229 3318 Demetrius
1251 3270 1456 3325 autem,
1480 3260 1748 3330 genuinus
1769 3258 2047 3324 videlicet,
2074 3272 2306 3327 respon-

739 3359 869 3414 dit:
900 3354 1149 3409 Primum
1199 3351 1422 3422 quidem
1470 3351 1570 3406 tibi
1632 3351 1863 3414 suadeo,
1901 3360 1964 3404 ut
1997 3349 2065 3404 ad
2120 3364 2305 3404 rerum

735 3449 984 3505 omnium
1037 3444 1342 3500 conditoris
1397 3443 1495 3499 Dei
1549 3442 1950 3514 providentiam
2009 3441 2308 3512 respiciens

741 3541 890 3595 bono
917 3538 996 3592 sis
1021 3536 1230 3602 animo,
1258 3549 1361 3589 nec
1396 3534 1636 3596 tristitia,
1665 3549 1786 3603 quae
1829 3533 2022 3587 anima:
2047 3533 2306 3587 damnum

737 3630 919 3692 affert,
951 3627 1298 3699 opprimaris.
1353 3624 1506 3680 Nosti
1564 3623 1712 3678 enim
1771 3623 2025 3695 ipsemet,
2085 3637 2304 3678 omnem

737 3722 1012 3785 morbum,
1045 3717 1276 3788 provida
1329 3716 1447 3779 Dei,
1480 3716 1574 3786 qui
1630 3731 1734 3770 nos
1771 3717 1996 3781 creavit,
2057 3715 2307 3787 potentia

737 3811 1032 3878 largiente,
1089 3809 1148 3862 ia
1180 3814 1447 3878 cgrotare
1503 3807 1672 3860 etiam
1701 3805 1886 3870 datur,
1919 3822 1988 3862 ne
2019 3805 2304 3872 ederatur,

741 3902 921 3968 potius
947 3908 1155 3962 autem,
1196 3905 1258 3952 ut
1279 3905 1335 3951 et
1359 3896 1534 3967 magis
1563 3896 1710 3950 velut
1761 3911 1980 3960 aurum.
2013 3896 2159 3965 quod
2184 3898 2308 3966 igne

741 3991 799 4044 in
839 4004 970 4043 vase
997 3987 1286 4059 probatius
1319 3997 1404 4040 est
1428 3987 1658 4053 factum,
1688 3986 2073 4057 splendescat;
2101 3987 2148 4041 si
2175 4003 2307 4058 pec-

741 4090 902 4135 cator
931 4079 1026 4143 sit,
1059 4077 1386 4131 conceditur
1417 4086 1473 4130 et
1503 4086 1791 4146 agrotare,
1841 4085 1904 4130 ut
1933 4077 2023 4131 hic
2058 4092 2154 4146 pro
2182 4092 2308 4147 pee-

745 4173 881 4226 catis
915 4185 1110 4240 panas
1158 4170 1297 4223 dans
1350 4169 1520 4223 multa
1556 4169 1613 4222 in
1637 4168 1828 4224 futuro
1857 4169 2062 4238 iudicio
2090 4172 2305 4226 miseri-

740 4263 930 4319 cordia
965 4261 1225 4315 induatur
1249 4255 1548 4314 secundum
1577 4259 1722 4329 quod
1762 4259 1962 4314 dicitur
1986 4277 2015 4314 a
2043 4261 2307 4332 propheta

739 4353 955 4407 Nalium
982 4368 1000 4408 ι
1037 4348 1468 4419 «Nonjudicabit
1495 4347 1760 4404 Dominus
1779 4350 1862 4405 bis
1889 4350 1944 4405 in
1986 4351 2219 4421 idipsum
2251 4352 2306 4408 in

740 4444 1096 4500 tribulatione
1116 4444 1156 4495 '.
1188 4459 1206 4493 ι
1235 4442 1469 4510 Reponit
1493 4443 1781 4510 prazfectus
1808 4461 1821 4496 ι
1857 4443 1937 4506 Si,
1960 4444 2052 4511 qui
2082 4444 2307 4498 adversa

2403 592 2496 644 καὶ
2528 587 2865 659 σωματικοῦ.
2905 589 3016 644 Καὶ
3043 589 3108 659 δὴ
3138 587 3261 642 καθ’
3295 587 3497 652 ὕπνους
3527 587 3630 658 δρᾷ
3663 584 3988 654 Δημήτριόν

2399 699 2524 736 τινα
2555 681 2668 735 τῶν
2705 683 2947 752 γνησίων
3007 681 3177 736 αὐτοῦ
3223 681 3416 749 φίλων,
3451 681 3546 732 καὶ
3592 678 3687 731 τὸν
3735 680 3800 731 ὲν
3835 677 3992 746 βασι-

2403 777 2568 838 λείοις
2611 777 2806 839 αὐλαῖς
2854 774 3191 844 τυγχάνοντα
3221 771 3658 842 γνωριμώτατον
3689 771 3836 838 ἅμα,
3893 771 3990 822 καὶ

2406 869 2681 938 περιφανῆ
2725 868 2952 936 λέγοντα
2999 866 3150 935 αὐτῷ
3173 883 3186 897 ·
3219 865 3286 917 Τί
3312 865 3378 933 δὴ
3410 865 3578 933 ἔχεις,
3605 857 3652 917 ὦ
3685 863 3994 933 προσφιλέρ

2405 977 2593 1026 στατε,
2621 960 2714 1014 καὶ
2757 959 2969 1030 βαρέως
3016 958 3238 1029 φέρειςς
3271 957 3551 1028 Γνώρισόν
3589 972 3660 1025 με
3691 956 3755 1008 τὸ
3780 954 3954 1023 τάχος
3977 971 3991 985 ·

2406 1054 2536 1116 ῐσως
2587 1052 2681 1107 καί
2732 1069 2786 1104 τι
2836 1051 2950 1105 τῶν
3005 1053 3353 1121 όνησιφόρων
3405 1048 3882 1120 συμϐυυλεύσοιμι
3923 1049 3992 1102 άν

2403 1166 2508 1202 σοι.
2554 1148 2615 1202 ⁸0
2649 1146 2708 1201 δὲ
2751 1146 3001 1216 ὕπαρχος
3030 1144 3157 1200 καθ’
3191 1143 3400 1208 ὕπνους
3443 1142 3796 1214 ἀποκριθεὶς,
3831 1138 3991 1194 εἶπεν

2401 1239 2552 1309 αὐτῷ
2570 1257 2584 1272 ·

2483 1330 2571 1399 ιβ’.
2604 1331 2669 1383 Τί
2696 1330 2806 1400 γὰρ
2837 1329 2947 1399 ἔχω
2976 1330 3084 1383 τῶν
3112 1331 3170 1382 έν
3196 1329 3356 1392 ζῶσι,
3389 1327 3445 1380 τί
3497 1326 3556 1380 δι
3589 1325 3700 1378 τῶν
3740 1324 3803 1378 ιν
3829 1323 3990 1391 τάφῳ

2404 1423 2676 1494 κειμένων
2707 1424 2809 1477 οὐκ
2844 1422 2983 1491 ἐχως
3016 1420 3231 1490 κεφαλὴ
3277 1421 3378 1490 μὲν
3399 1420 3508 1488 γὰρ
3548 1419 3703 1471 πᾶσα
3736 1433 3996 1469 κεκακω-

2405 1518 2542 1587 μένη
2570 1515 2786 1579 δεινῶς,
2810 1515 2986 1569 πάντα
3011 1515 3080 1566 τά
3103 1512 3437 1582 αἰσθητήρια
3466 1511 3646 1578 μάτην
3674 1509 3986 1577 κέκτημαιο

2403 1606 2525 1659 οὐτε
2555 1608 2666 1677 γάρ
2697 1604 3016 1676 ὀφθαλμούς
3053 1604 3162 1675 ιχω
3207 1603 3508 1672 βλέποντας
3544 1602 3821 1669 ἐναργῶς,
3861 1597 3993 1650 οὔτε

2403 1699 2575 1769 ἀκοὴν
2619 1697 2945 1763 έπαιουσαν,
2975 1696 3121 1767 πλὴν
3163 1695 3270 1748 τῶν
3302 1693 3576 1763 μεγίστων
3606 1692 3825 1760 ψόφων,
3871 1687 3993 1742 ἀλλ’

2405 1789 2532 1842 οὔτε
2559 1792 2592 1859 ἡ
2621 1793 2707 1862 ῤἰν
2731 1789 3003 1860 διακρίνει
3034 1787 3222 1856 σαφῶς
3251 1787 3361 1839 τῶν
3393 1785 3854 1853 όσφραινομένων
3891 1781 3994 1852 τὴν

2334 1850 2375 1904 Β
2407 1850 2696 1951 ποιόττιτα,
2722 1850 3030 1950 οὗτε-παρά
3058 1850 3132 1950 τῇ.
3164 1879 3384 1950 γλώττῃ
3427 1850 3530 1948 μου
3569 1850 3846 1945 διαφοράν
3873 1850 3992 1946 ἔχει

2403 1975 2474 2027 τὰ
2505 1975 2713 2040 γλυκέα
2753 1975 2890 2045 πρὸς
2927 1973 2996 2028 τά
3033 1973 3240 2042 πικρά·
3268 1972 3414 2026 οῦτω
3441 1973 3556 2040 ’γάρ
3591 1970 3894 2038 ἠλλοίωται
3934 1973 3995 2022 τὸ

2404 2069 2516 2120 πᾶν
2540 2068 2720 2134 σῶμα,
2750 2067 2833 2119 ὃτι
2865 2067 2963 2118 καὶ
2989 2066 3100 2118 τῶν
3122 2065 3348 2135 θερμῶν
3375 2064 3683 2132 ἁπτόμενος
3711 2063 3995 2131 ψύχεσθαι

2403 2155 2569 2220 δοκῶ,
2634 2157 2729 2208 καὶ
2773 2158 2885 2217 τοῖς
2947 2154 3176 2224 ψυχροῖς
3223 2152 3566 2222 κολλώμενος
3604 2151 3994 2220 ὑπολαμεάνω

2405 2247 2802 2318 θερμαίνεσθαι
2853 2263 2868 2278 ο
2912 2241 3056 2316 ὦμοι
3109 2246 3165 2299 δι
3210 2247 3307 2299 καὶ
3355 2244 3604 2314 ἀγκῶνας
3655 2245 3756 2296 καὶ
3805 2247 3994 2313 χεῖρες

2401 2339 2822 2409 άποκρέμανται
2864 2339 3029 2407 μόνον
3055 2337 3148 2391 τοῦ
3199 2338 3450 2406 σώματος
3477 2339 3725 2407 άεργείς.
3766 2338 3926 2406 Ὅπη
3949 2339 3996 2390 δ’

2404 2430 2471 2484 ἂν
2497 2431 2530 2499 ἡ
2560 2431 2776 2501 κίνησις
2803 2431 2952 2497 ἄγοι,
2977 2430 3242 2500 φέρομαι,
3273 2431 3375 2498 οὐχ
3411 2432 3520 2500 ὅπη
3555 2429 3820 2499 βούλησις
3852 2432 3989 2500 ἐμή.

2403 2521 2526 2578 Κᾶν
2554 2521 2665 2592 γάρ
2695 2521 2756 2574 τὸ
2808 2521 2990 2575 θέλειν
3027 2538 3118 2591 μοι
3159 2525 3336 2591 παρῇ,
3365 2523 3426 2575 τδ
3455 2521 3718 2575 δύνασθαι
3755 2525 3820 2575 οὐ
3863 2539 3996 2574 συν-

2401 2615 2615 2686 τρέχει.
2639 2614 2850 2668 Ταυτδν
2874 2615 2932 2666 δὲ
2959 2617 3158 2683 πάσχω
3187 2617 3285 2668 καὶ
3315 2617 3446 2684 περὶ
3470 2617 3596 2678 τοὺς
3623 2617 3863 2686 μηροὺς,
3895 2618 3994 2669 καὶ

2403 2709 2474 2762 τά
2509 2708 2735 2776 γόνατα,
2773 2708 2870 2761 καὶ
2905 2707 3005 2770 τὰς
3032 2708 3302 2775 ἀγκάλας,
3336 2709 3431 2761 καὶ
3459 2707 3631 2772 αὐτὰς
3667 2708 3782 2762 τῶν
3803 2707 3997 2762 ποδῶν

2404 2803 2505 2862 τὰς
2553 2801 2765 2871 βάσεις.
2818 2800 2912 2870 τῷ
2961 2801 3062 2870 μὲν
3113 2803 3224 2869 γάρ
3267 2801 3559 2868 φαίνεσθαι
3591 2803 3701 2869 έμά
3730 2802 3996 2854 δοκοῦσιν

2404 2888 2547 2946 εῖναι
2572 2893 2748 2947 ταῦτα
2775 2892 2850 2946 τά
2897 2893 3057 2965 μέλη,
3091 2895 3174 2963 τῷ
3218 2894 3276 2947 δι
3311 2896 3562 2965 ένεργείν
3610 2894 3779 2947 ἄλλου
3815 2894 3995 2960 τινὸς,

2405 2987 2503 3038 καὶ
2552 2985 2655 3038 οὐκ
2701 2984 2835 3054 ἐμά.
2870 2985 2937 3037 Τί
2986 2981 3082 3039 οὖν
3124 2986 3270 3055 έχεις
3303 2979 3530 3057 intimi?)
3574 2987 3704 3056 φίλη
3741 2991 3993 3059 κιφιλὴ.

2407 3078 2839 3147 συμϐουλεῦσαι,
2873 3077 2907 3148 ἢ
2941 3079 3194 3147 ποιῆσαι,
3225 3078 3470 3150 τοσούτῳ
3513 3079 3670 3149 κακῷ
3690 3082 3794 3134 καὶ
3823 3098 3995 3152 νοση-

2333 3200 2377 3258 c
2413 3171 2599 3258 μάτων
2620 3168 2851 3258 πελάγει
2879 3168 3336 3238 βεσυθισμένοιςς

2481 3256 2574 3325 ιγ’.
2614 3257 2674 3311 '0
2702 3259 2760 3311 δὲ
2800 3259 3024 3328 γνήσιος
3055 3257 3216 3329 δῆθεν
3250 3259 3566 3329 Δημήτριος
3595 3261 3951 3332 ἀπεκρίνατο
3979 3281 3993 3294 ·

2411 3350 2636 3420 Πρῶτον
2667 3350 2766 3421 μιν
2796 3351 3060 3419 εὐθυμεῖν
3103 3368 3190 3404 σοι
3237 3351 3514 3422 παραινῶ,
3571 3353 3670 3406 καὶ
3709 3355 3788 3425 μὴ
3814 3371 3997 3410 κατα-

2408 3443 2717 3512 χὼννυσθαι
2745 3441 2945 3506 λύπαις
2980 3442 3371 3512 ψυχοφθόροις,
3405 3445 3486 3506 εις
3503 3444 3602 3514 τὴν
3632 3447 3902 3518 πρόνοιαν
3935 3450 3998 3501 ά-

2411 3534 2596 3604 φορῶν
2613 3535 2715 3606 τὴν
2735 3533 2828 3587 τοῦ
2855 3533 3192 3605 δημιουργοῦ
3217 3535 3330 3586 τῶν
3345 3533 3603 3588 ἁπάντων
3615 3535 3777 3589 Θεοῦ.
3812 3532 3994 3592 οἶσθα

2407 3628 2518 3697 γὰρ
2547 3626 2645 3678 καὶ
2686 3623 2852 3687 αὐτὸς
2879 3623 2954 3686 ὡς
2989 3624 3180 3678 ἅπασα
3215 3623 3392 3690 νόσος,
3436 3627 3502 3693 τῇ
3531 3629 3873 3696 προνοητικῇ
3904 3629 3998 3680 δυ-

2410 3719 2575 3787 νάμει
2604 3716 2700 3769 τοῦ
2733 3717 3022 3778 κτίσαντος
3049 3716 3206 3785 ἡμᾶς
3225 3717 3663 3787 συγχωρουμένη
3691 3721 3996 3787 προστένε-

2409 3809 2536 3864 σθαι
2581 3810 2669 3866 ἐπ’
2709 3807 2950 3878 ὠφελείᾳ
2979 3805 3074 3860 τοῦ
3107 3806 3394 3870 νοσοῦντος
3433 3807 3749 3876 έγγίνεται·
3783 3812 3836 3863 εί
3875 3812 3994 3882 γάρ

2406 3901 2618 3964 δίκαιός
2646 3903 2788 3966 ἔστι,
2811 3896 2914 3954 καῖ
2934 3901 3304 3969 συγχωρεῐται
3333 3903 3534 3966 νοσεῖν,
3577 3902 3670 3954 ἵνα
3701 3902 3780 3974 μὴ
3811 3905 3994 3975 ὑπαρ-

2407 3991 2653 4060 αίρηται,
2709 3990 2912 4059 μᾶλλον
2949 3989 3008 4042 δι
3048 3989 3137 4041 ινα
3207 3989 3305 4041 καὶ
3353 3989 3515 4044 πλέον
3563 3989 3992 4062 λαμπρύνηται,

2406 4083 2483 4145 ὡς
2507 4085 2568 4136 έν
2593 4082 2740 4151 χὼνῃ
2772 4081 2972 4151 χρυσὸς
2993 4079 3072 4151 τῷ
3101 4083 3239 4150 πυρὶ
3260 4080 3545 4150 γινόμενος
3567 4081 3958 4153 δοκιμώτερος
3977 4101 3992 4114 ·

2408 4177 2455 4228 εί
2487 4174 2814 4244 ἁμαρτωλός
2844 4177 2981 4239 εστι,
3031 4175 3128 4225 καὶ
3176 4175 3450 4241 παρεάται
3478 4172 3753 4239 ἀσθενεῖν,
3781 4175 3877 4228 ενα
3909 4179 3996 4230 έν-

2406 4266 2582 4319 ταῦθα
2629 4264 2738 4316 τῶν
2767 4262 3322 4332 πεπλημμελημένων
3361 4263 3488 4326 δοὺς
3521 4265 3622 4326 τὰς
3660 4263 3904 4328 εὐθύνας
3933 4270 3992 4321 έν

2406 4360 2474 4428 τῇ
2504 4356 2770 4426 μελλούσῃ
2797 4355 2981 4426 κρίσει
3013 4355 3215 4424 πολλῆς
3241 4355 3470 4424 έσθῆται
3517 4356 3616 4424 τῆς
3666 4357 3994 4430 φιλανθρω-

2413 4449 2566 4512 πίας,
2610 4446 2752 4499 κατὰ
2775 4445 2835 4498 τὸ
2866 4444 3159 4514 εἰρημένον
3187 4443 3263 4514 τῷ
3295 4447 3556 4516 προφήτῃ
3596 4447 3832 4516 Ναούμ·
3869 4452 3992 4504 οὐκ

741 4536 1059 4589 ιιέιειυόὶιιε
1107 4534 1341 4596 laborat,
1379 4533 1591 4602 placide
1627 4534 1891 4603 patiatur,
1924 4545 2069 4590 recte
2104 4535 2186 4589 ais
2215 4553 2229 4589 :
2262 4537 2306 4590 si
2340 4531 2384 4588 D

2340 4531 2384 4588 D
2414 4539 2695 4606 ἐκδικήσει
2724 4535 2928 4606 Κύριος
2967 4536 3046 4598 δὶς
3080 4535 3174 4587 ἐπὶ
3218 4534 3280 4586 τδ
3306 4536 3439 4588 αὐτὸ
3467 4540 3525 4589 έν
3555 4536 3734 4606 θλίψει
3762 4555 3775 4568 ·
3817 4541 3990 4608 Λέγει

744 4636 928 4680 autem
977 4626 1166 4680 dolore
1205 4640 1427 4696 pressus
1458 4625 1524 4680 ad
1555 4625 1691 4680 iram
1726 4629 1889 4680 etiam
1939 4629 2305 4693 accendatur;

743 4718 983 4785 hincque
1033 4717 1220 4780 verba,
1254 4715 1380 4770 odio
1438 4717 1625 4786 digna,
1689 4719 2066 4786 proloquatur,
2107 4718 2307 4789 duplex

748 4818 837 4862 est
881 4806 1126 4874 malum;
1170 4806 1344 4875 magis
1388 4806 1534 4859 enim
1581 4816 1637 4861 et
1681 4822 1882 4878 corpus
1923 4809 2309 4877 discruciatur,

755 4906 1090 4968 peccataquc
1124 4898 1364 4967 peccatis
1412 4897 1608 4951 anima
1655 4899 2002 4962 accumulat;
2053 4904 2198 4970 quod
2255 4903 2310 4956 in

749 5006 836 5044 me
865 4992 1070 5046 factum
1099 5005 1286 5045 cerno.
1313 4990 1451 5047 Dicit
1475 4991 1524 5045 ei
1557 4993 1807 5047 amabilis
1827 4993 2087 5048 nimirum
2119 4994 2311 5047 Deme-

743 5083 882 5136 trius
902 5097 918 5135 :

819 5260 908 5314 14.
939 5259 1109 5314 Tuam
1140 5259 1348 5327 accepi,
1382 5260 1770 5329 gloriosissime
1815 5259 1872 5313 in
1913 5258 2093 5324 terris,
2129 5260 2310 5314 humi-

745 5353 977 5417 litatem,
1008 5367 1128 5420 qua
1163 5351 1260 5406 tibi
1301 5352 1356 5404 in
1402 5352 1552 5406 cmlis
1592 5351 1816 5421 gloriam
1849 5352 2126 5407 conciliat.
2165 5353 2305 5408 Cor-

745 5438 916 5507 porali
947 5439 1110 5507 igitur
1139 5438 1242 5492 hoc
1278 5437 1490 5504 morbo,
1527 5437 1755 5492 Domino
1783 5451 1972 5495 nostro
2015 5457 2078 5495 ac
2106 5440 2308 5496 Serva-

747 5537 864 5582 tore
906 5528 1033 5582 Jesu
1063 5528 1283 5584 Christo
1338 5529 1632 5598 potentiam
1661 5530 1727 5584 ad
1772 5531 1824 5584 id
1872 5533 2163 5600 largiente,
2198 5538 2307 5590 cito

744 5617 1066 5674 liberabere.
1095 5619 1232 5674 Veni
1263 5619 1428 5689 igitur
1455 5619 1509 5676 in
1541 5621 1762 5677 domum
1795 5637 1969 5678 meam
1993 5664 2008 5689 ,
2036 5638 2307 5696 opemque

820 5797 840 5830 ³
865 5797 1072 5852 Nullum
1104 5815 1138 5863 t,
1178 5801 1257 5854 l2.

2411 4631 2440 4681 ὸ
2501 4627 2746 4695 ὕπαρχος
2781 4640 2797 4655 ο
2856 4625 2983 4676 Ἐὰν
3042 4624 3383 4693 εὐχαρίστως
3430 4627 3574 4696 φέρῃ
3606 4629 3635 4679 ό
3673 4629 3871 4694 νοσῶν,
3929 4626 3989 4684 εὖ

2413 4719 2593 4784 λέγεις
2618 4731 2632 4745 θ
2669 4717 2716 4767 εί
2749 4714 2806 4766 δὲ
2830 4714 2936 4766 ὑπὸ
2969 4713 3066 4768 τοῦ
3103 4715 3314 4777 πάθους
3339 4717 3696 4785 συνεχόμενος
3742 4720 3991 4790 ἐξάπτῃ.

2415 4825 2503 4861 ται
2533 4810 2630 4862 καὶ
2651 4807 2730 4869 είς
2770 4806 2957 4874 θυμὸν,
2995 4807 3289 4861 κάντεῦθεν
3322 4809 3543 4878 ῥήματα
3581 4814 3990 4882 προπέμπηται

2413 4899 2774 4969 ἀποτρόπαια,
2810 4897 3034 4950 διπλοῦν
3084 4898 3146 4951 τὸ
3175 4900 3348 4951 κακόν
3373 4915 3388 4929 ο
3443 4903 3538 4953 καὶ
3562 4902 3622 4952 τὸ
3663 4902 3829 4971 σῶμα
3881 4909 3992 4978 γάρ

2420 4988 2579 5042 πλέον
2629 4988 2776 5059 ἀνιᾷ,
2831 4991 2926 5042 καὶ
2974 4991 3038 5056 τῇ
3073 4988 3219 5058 ψυχῇ
3255 4990 3534 5058 ἁμαρτίας
3575 4993 3658 5057 ἐφ’
3684 4995 3990 5063 ἁμαρτίαις

2417 5079 2796 5149 προστίθησιν,
2824 5078 2854 5131 δ
2903 5082 3030 5144 περὶ
3074 5080 3174 5148 ἐμὲ
3205 5081 3490 5148 γινόμενον
3548 5080 3766 5152 θεωρῶ.
3823 5088 3989 5155 Λέγει

2415 5168 2568 5237 αὐτῷ
2587 5171 2615 5220 ό
2645 5167 2946 5237 προσφιλὴς
2973 5167 3130 5236 δῆθεν
3156 5170 3471 5238 Δημήτριος

2487 5261 2573 5314 ιδ’.
2618 5259 2996 5330 ’Δπεδιξάμην
3028 5277 3120 5312 σου
3143 5260 3215 5322 ὡς
3248 5261 3480 5329 ἐπὶ-γῆς
3517 5262 3858 5331 ἑνδοξότατε,
3891 5271 3988 5338 τὴν

2417 5350 2766 5406 ταπείνωσιν.
2795 5351 2914 5420 ἣτις
2936 5353 2994 5403 έν
3025 5352 3237 5421 οὐρανῷ
3266 5368 3348 5403 σοι
3379 5354 3476 5422 τὴν
3499 5354 3656 5417 δόξαν
3687 5361 3988 5426 μνησ;εύε-

2404 5459 2516 5496 ται.
2554 5440 2856 5512 Τοιγαροῦν
2893 5444 3003 5506 ,καὶ
3052 5442 3152 5511 τῆς
3203 5443 3526 5512 σωματικῆς
3570 5444 3777 5514 ταύτης
3827 5452 3983 5502 νόσου

2404 5533 2598 5586 θᾶττον
2629 5531 3134 5602 άπαλλαγήσῃ,τοῦ
3166 5533 3377 5603 Κυρίου
3405 5536 3502 5587 καὶ
3533 5533 3795 5603 Σωτῆρος
3827 5538 3982 5607 ἡμῶν

2418 5624 2595 5694 Ἰησοῦ
2631 5621 2870 5696 Χριστοῦ
2901 5624 2963 5693 τρ
2989 5625 3251 5702 δύνασθαι
3298 5627 3656 5696 παρέχοντος.
3696 5628 3854 5684 Ἐλθέ
3888 5626 3979 5684 οὖν
