  <div class='ocr_page' id='page_1' title='image "/cluster/home/n/w/nwhite01/storage/ocr_20150623/116/nnc1.0046980156/678.png"; bbox 0 0 4218 6442; ppageno 0'>
   <div class='ocr_carea' id='block_1_1' title="bbox 243 372 390 438">
    <p class='ocr_par' dir='ltr' id='par_1_1' title="bbox 243 372 390 438">
     <span class='ocr_line' id='line_1_1' title="bbox 243 372 390 438; baseline -0.007 0"><span class='ocrx_word' id='word_1_1' title='bbox 243 372 390 438; x_wconf 79' lang='lat'>1213</span> 
     </span>
    </p>
   </div>
   <div class='ocr_carea' id='block_1_2' title="bbox 1271 374 2452 437">
    <p class='ocr_par' dir='ltr' id='par_1_2' title="bbox 1271 374 2452 437">
     <span class='ocr_line' id='line_1_2' title="bbox 1271 374 2452 437; baseline -0.002 -1"><span class='ocrx_word' id='word_1_2' title='bbox 1271 380 1328 437; x_wconf 90' lang='lat' dir='ltr'><strong>S.</strong></span> <span class='ocrx_word' id='word_1_3' title='bbox 1370 376 1752 436; x_wconf 80' lang='lat' dir='ltr'>DEMETRH</span> <span class='ocrx_word' id='word_1_4' title='bbox 1802 374 2200 435; x_wconf 78' lang='lat' dir='ltr'>MARTYRIS</span> <span class='ocrx_word' id='word_1_5' title='bbox 2243 377 2452 435; x_wconf 76' lang='lat' dir='ltr'><strong>ACTA.</strong></span> 
     </span>
    </p>
   </div>
   <div class='ocr_carea' id='block_1_3' title="bbox 3363 376 3493 442">
    <p class='ocr_par' dir='ltr' id='par_1_3' title="bbox 3363 376 3493 442">
     <span class='ocr_line' id='line_1_3' title="bbox 3363 376 3493 442; baseline 0.038 -4"><span class='ocrx_word' id='word_1_6' title='bbox 3363 376 3493 442; x_wconf 74' lang='lat' dir='ltr'>12H</span> 
     </span>
    </p>
   </div>
   <div class='ocr_carea' id='block_1_4' title="bbox 3144 439 3168 461">
    <p class='ocr_par' dir='ltr' id='par_1_4' title="bbox 3144 439 3168 461">
     <span class='ocr_line' id='line_1_4' title="bbox 3144 439 3168 461; baseline 0 0"><span class='ocrx_word' id='word_1_7' title='bbox 3144 439 3168 461; x_wconf 66' lang='grc' dir='ltr'>Ο</span> 
     </span>
    </p>
   </div>
   <div class='ocr_carea' id='block_1_5' title="bbox 235 480 1901 563">
    <p class='ocr_par' dir='ltr' id='par_1_5' title="bbox 235 480 1887 563">
     <span class='ocr_line' id='line_1_5' title="bbox 235 480 1887 563; baseline 0.004 -28"><span class='ocrx_word' id='word_1_8' title='bbox 235 487 321 545; x_wconf 73' lang='grc' dir='ltr'>εἰς</span> <span class='ocrx_word' id='word_1_9' title='bbox 359 482 455 539; x_wconf 67' lang='grc' dir='ltr'>τὸν</span> <span class='ocrx_word' id='word_1_10' title='bbox 498 480 651 541; x_wconf 79' lang='grc' dir='ltr'>οἶκον</span> <span class='ocrx_word' id='word_1_11' title='bbox 701 486 797 542; x_wconf 74' lang='grc' dir='ltr'>τὸν</span> <span class='ocrx_word' id='word_1_12' title='bbox 846 487 1004 557; x_wconf 60' lang='grc' dir='ltr'>ἐμὸν,</span> <span class='ocrx_word' id='word_1_13' title='bbox 1041 490 1134 542; x_wconf 76' lang='grc' dir='ltr'>καὶ</span> <span class='ocrx_word' id='word_1_14' title='bbox 1174 487 1535 563; x_wconf 75' lang='grc' dir='ltr'>ἀνακλήθητι,</span> <span class='ocrx_word' id='word_1_15' title='bbox 1586 488 1810 540; x_wconf 80' lang='grc' dir='ltr'>κάκεῖσε</span> <span class='ocrx_word' id='word_1_16' title='bbox 1844 486 1887 542; x_wconf 78' lang='grc' dir='ltr'>Δ</span> 
     </span>
    </p>
   </div>
   <div class='ocr_carea' id='block_1_6' title="bbox 1826 480 3492 563">
    <p class='ocr_par' dir='ltr' id='par_1_6' title="bbox 1844 484 3492 556">
     <span class='ocr_line' id='line_1_6' title="bbox 1844 484 3492 556; baseline 0.002 -20"><span class='ocrx_word' id='word_1_17' title='bbox 1844 486 1887 542; x_wconf 77' lang='grc' dir='ltr'><strong>Α</strong></span> <span class='ocrx_word' id='word_1_18' title='bbox 1920 484 2168 553; x_wconf 91' lang='lat' dir='ltr'><strong>implora,</strong></span> <span class='ocrx_word' id='word_1_19' title='bbox 2202 495 2363 553; x_wconf 85' lang='lat' dir='ltr'><strong>atque</strong></span> <span class='ocrx_word' id='word_1_20' title='bbox 2395 485 2465 537; x_wconf 92' lang='lat' dir='ltr'><strong>ibi</strong></span> <span class='ocrx_word' id='word_1_21' title='bbox 2500 484 2592 537; x_wconf 84' lang='lat' dir='ltr'>Dei</span> <span class='ocrx_word' id='word_1_22' title='bbox 2624 487 2884 554; x_wconf 83' lang='lat' dir='ltr'>gloriam,</span> <span class='ocrx_word' id='word_1_23' title='bbox 2925 484 3019 540; x_wconf 85' lang='lat' dir='ltr'><strong>tibi</strong></span> <span class='ocrx_word' id='word_1_24' title='bbox 3057 502 3155 556; x_wconf 88' lang='lat' dir='ltr'>per</span> <span class='ocrx_word' id='word_1_25' title='bbox 3188 503 3273 541; x_wconf 82' lang='lat' dir='ltr'>me</span> <span class='ocrx_word' id='word_1_26' title='bbox 3306 492 3492 542; x_wconf 89' lang='lat' dir='ltr'><strong>mani-</strong></span> 
     </span>
    </p>
   </div>
   <div class='ocr_carea' id='block_1_7' title="bbox 234 576 1810 650">
    <p class='ocr_par' dir='ltr' id='par_1_7' title="bbox 234 576 1810 650">
     <span class='ocr_line' id='line_1_7' title="bbox 234 576 1810 650; baseline 0.003 -23"><span class='ocrx_word' id='word_1_27' title='bbox 234 576 363 644; x_wconf 74' lang='grc' dir='ltr'>δψει</span> <span class='ocrx_word' id='word_1_28' title='bbox 394 576 496 648; x_wconf 82' lang='grc' dir='ltr'>τὴν</span> <span class='ocrx_word' id='word_1_29' title='bbox 522 576 681 643; x_wconf 82' lang='grc' dir='ltr'>δόξαν</span> <span class='ocrx_word' id='word_1_30' title='bbox 709 578 805 633; x_wconf 86' lang='grc' dir='ltr'>τοῦ</span> <span class='ocrx_word' id='word_1_31' title='bbox 835 579 971 631; x_wconf 86' lang='grc' dir='ltr'>Θεοῦ</span> <span class='ocrx_word' id='word_1_32' title='bbox 998 580 1064 632; x_wconf 80' lang='grc' dir='ltr'>δι’</span> <span class='ocrx_word' id='word_1_33' title='bbox 1089 578 1227 648; x_wconf 71' lang='grc' dir='ltr'>ἐμοῦ</span> <span class='ocrx_word' id='word_1_34' title='bbox 1261 594 1345 631; x_wconf 86' lang='grc' dir='ltr'>σοι</span> <span class='ocrx_word' id='word_1_35' title='bbox 1379 581 1810 650; x_wconf 83' lang='grc' dir='ltr'>φανερουμένην.</span> 
     </span>
    </p>
   </div>
   <div class='ocr_carea' id='block_1_8' title="bbox 248 665 1815 741">
    <p class='ocr_par' dir='ltr' id='par_1_8' title="bbox 248 665 1815 741">
     <span class='ocr_line' id='line_1_8' title="bbox 248 665 1815 741; baseline 0.004 -23"><span class='ocrx_word' id='word_1_36' title='bbox 248 665 310 718; x_wconf 80' lang='grc'>’0</span> <span class='ocrx_word' id='word_1_37' title='bbox 340 667 397 719; x_wconf 85' lang='grc' dir='ltr'>δὲ</span> <span class='ocrx_word' id='word_1_38' title='bbox 418 668 687 739; x_wconf 84' lang='grc' dir='ltr'>μακάριος</span> <span class='ocrx_word' id='word_1_39' title='bbox 712 671 995 741; x_wconf 78' lang='grc' dir='ltr'>Μαριανδς</span> <span class='ocrx_word' id='word_1_40' title='bbox 1022 672 1377 735; x_wconf 75' lang='grc' dir='ltr'>διυπνισθεὶς,</span> <span class='ocrx_word' id='word_1_41' title='bbox 1427 676 1522 726; x_wconf 77' lang='grc' dir='ltr'>καὶ</span> <span class='ocrx_word' id='word_1_42' title='bbox 1553 673 1815 741; x_wconf 84' lang='grc' dir='ltr'>διηγησά-</span> 
     </span>
    </p>
   </div>
   <div class='ocr_carea' id='block_1_9' title="bbox 238 754 1854 834">
    <p class='ocr_par' dir='ltr' id='par_1_9' title="bbox 238 754 1854 834">
     <span class='ocr_line' id='line_1_9' title="bbox 238 754 1854 834; baseline 0.004 -24"><span class='ocrx_word' id='word_1_43' title='bbox 238 776 403 825; x_wconf 83' lang='grc' dir='ltr'>μενος</span> <span class='ocrx_word' id='word_1_44' title='bbox 428 761 541 821; x_wconf 76' lang='grc' dir='ltr'>τοῖς</span> <span class='ocrx_word' id='word_1_45' title='bbox 573 761 803 830; x_wconf 78' lang='grc' dir='ltr'>πλησίον</span> <span class='ocrx_word' id='word_1_46' title='bbox 834 762 904 815; x_wconf 84' lang='grc' dir='ltr'>τὰ</span> <span class='ocrx_word' id='word_1_47' title='bbox 932 764 1199 832; x_wconf 77' lang='grc' dir='ltr'>ὁραθέντα</span> <span class='ocrx_word' id='word_1_48' title='bbox 1245 764 1393 834; x_wconf 83' lang='grc' dir='ltr'>αὐτῷ</span> <span class='ocrx_word' id='word_1_49' title='bbox 1436 765 1558 816; x_wconf 80' lang='grc' dir='ltr'>καθ’</span> <span class='ocrx_word' id='word_1_50' title='bbox 1592 764 1814 828; x_wconf 75' lang='grc' dir='ltr'>ῦπνους,</span> <span class='ocrx_word' id='word_1_51' title='bbox 1850 754 1854 757; x_wconf 48' lang='grc'><em>’</em></span> 
     </span>
    </p>
   </div>
   <div class='ocr_carea' id='block_1_10' title="bbox 235 853 1816 929">
    <p class='ocr_par' dir='ltr' id='par_1_10' title="bbox 235 853 1816 929">
     <span class='ocr_line' id='line_1_10' title="bbox 235 853 1816 929; baseline 0.005 -26"><span class='ocrx_word' id='word_1_52' title='bbox 235 853 427 918; x_wconf 66' lang='grc' dir='ltr'>ἐὶεγεν</span> <span class='ocrx_word' id='word_1_53' title='bbox 454 854 776 922; x_wconf 82' lang='grc' dir='ltr'>ὀδυρόμενος</span> <span class='ocrx_word' id='word_1_54' title='bbox 806 873 820 886; x_wconf 92' lang='grc'><strong>·</strong></span> <span class='ocrx_word' id='word_1_55' title='bbox 854 856 965 910; x_wconf 72' lang='grc' dir='ltr'>Καὶ</span> <span class='ocrx_word' id='word_1_56' title='bbox 997 857 1101 911; x_wconf 85' lang='grc' dir='ltr'>ποῦ</span> <span class='ocrx_word' id='word_1_57' title='bbox 1131 857 1351 926; x_wconf 83' lang='grc' dir='ltr'>εῦροιμί</span> <span class='ocrx_word' id='word_1_58' title='bbox 1400 875 1460 911; x_wconf 84' lang='grc' dir='ltr'>σε</span> <span class='ocrx_word' id='word_1_59' title='bbox 1505 855 1619 923; x_wconf 80' lang='grc' dir='ltr'>νῦν,</span> <span class='ocrx_word' id='word_1_60' title='bbox 1650 860 1680 929; x_wconf 85' lang='grc' dir='ltr'>ἢ</span> <span class='ocrx_word' id='word_1_61' title='bbox 1726 860 1816 912; x_wconf 62' lang='grc' dir='ltr'>τὸν</span> 
     </span>
    </p>
   </div>
   <div class='ocr_carea' id='block_1_11' title="bbox 239 938 1815 1020">
    <p class='ocr_par' dir='ltr' id='par_1_11' title="bbox 239 938 1815 1020">
     <span class='ocr_line' id='line_1_11' title="bbox 239 938 1815 1020; baseline 0.005 -25"><span class='ocrx_word' id='word_1_62' title='bbox 239 945 337 995; x_wconf 70' lang='grc' dir='ltr'>σὺν</span> <span class='ocrx_word' id='word_1_63' title='bbox 367 943 535 1009; x_wconf 74' lang='grc' dir='ltr'>οἷκον,</span> <span class='ocrx_word' id='word_1_64' title='bbox 567 938 612 998; x_wconf 78' lang='grc' dir='ltr'><strong>ὦ</strong></span> <span class='ocrx_word' id='word_1_65' title='bbox 644 946 800 1015; x_wconf 89' lang='grc' dir='ltr'>κύριέ</span> <span class='ocrx_word' id='word_1_66' title='bbox 838 965 964 1017; x_wconf 90' lang='grc' dir='ltr'>μου,</span> <span class='ocrx_word' id='word_1_67' title='bbox 1001 952 1096 1004; x_wconf 77' lang='grc' dir='ltr'>καὶ</span> <span class='ocrx_word' id='word_1_68' title='bbox 1133 950 1477 1018; x_wconf 88' lang='grc' dir='ltr'>γνησιώτατε</span> <span class='ocrx_word' id='word_1_69' title='bbox 1513 953 1815 1020; x_wconf 74' lang='grc' dir='ltr'>Δημήτριε,</span> 
     </span>
    </p>
   </div>
   <div class='ocr_carea' id='block_1_12' title="bbox 240 1039 1818 1111">
    <p class='ocr_par' dir='ltr' id='par_1_12' title="bbox 240 1039 1818 1111">
     <span class='ocr_line' id='line_1_12' title="bbox 240 1039 1818 1111; baseline 0.006 -23"><span class='ocrx_word' id='word_1_70' title='bbox 240 1039 340 1089; x_wconf 88' lang='grc' dir='ltr'>σοῦ</span> <span class='ocrx_word' id='word_1_71' title='bbox 394 1039 491 1107; x_wconf 83' lang='grc' dir='ltr'>μὲν</span> <span class='ocrx_word' id='word_1_72' title='bbox 530 1040 672 1091; x_wconf 88' lang='grc' dir='ltr'>κατὰ</span> <span class='ocrx_word' id='word_1_73' title='bbox 718 1039 818 1109; x_wconf 86' lang='grc' dir='ltr'>τὴν</span> <span class='ocrx_word' id='word_1_74' title='bbox 874 1040 1272 1109; x_wconf 78' lang='grc' dir='ltr'>βασιλεύουσαν</span> <span class='ocrx_word' id='word_1_75' title='bbox 1312 1043 1469 1095; x_wconf 85' lang='grc' dir='ltr'>πόλιν</span> <span class='ocrx_word' id='word_1_76' title='bbox 1513 1043 1818 1111; x_wconf 69' lang='grc' dir='ltr'>διάγοντος,</span> 
     </span>
    </p>
   </div>
   <div class='ocr_carea' id='block_1_13' title="bbox 238 1130 1821 1207">
    <p class='ocr_par' dir='ltr' id='par_1_13' title="bbox 238 1130 1821 1207">
     <span class='ocr_line' id='line_1_13' title="bbox 238 1130 1821 1207; baseline 0.007 -27"><span class='ocrx_word' id='word_1_77' title='bbox 238 1130 378 1198; x_wconf 69' lang='grc' dir='ltr'>ἐμοῦ</span> <span class='ocrx_word' id='word_1_78' title='bbox 431 1131 485 1184; x_wconf 85' lang='grc' dir='ltr'>δὲ</span> <span class='ocrx_word' id='word_1_79' title='bbox 531 1133 674 1185; x_wconf 77' lang='grc' dir='ltr'>κατὰ</span> <span class='ocrx_word' id='word_1_80' title='bbox 722 1132 1129 1205; x_wconf 79' lang='grc' dir='ltr'>Θεσσαλονίκης</span> <span class='ocrx_word' id='word_1_81' title='bbox 1182 1138 1480 1207; x_wconf 75' lang='grc' dir='ltr'>κειμένους</span> <span class='ocrx_word' id='word_1_82' title='bbox 1541 1138 1687 1207; x_wconf 84' lang='grc' dir='ltr'>οἴμοι</span> <span class='ocrx_word' id='word_1_83' title='bbox 1743 1138 1821 1207; x_wconf 82' lang='grc' dir='ltr'>τῷ</span> 
     </span>
    </p>
   </div>
   <div class='ocr_carea' id='block_1_14' title="bbox 164 1223 1821 1299">
    <p class='ocr_par' dir='ltr' id='par_1_14' title="bbox 164 1223 1821 1299">
     <span class='ocr_line' id='line_1_14' title="bbox 164 1223 1821 1299; baseline 0.004 -24"><span class='ocrx_word' id='word_1_84' title='bbox 164 1284 169 1288; x_wconf 26' lang='grc'>,</span> <span class='ocrx_word' id='word_1_85' title='bbox 240 1223 450 1293; x_wconf 79' lang='grc' dir='ltr'>ἀθλίῳι</span> <span class='ocrx_word' id='word_1_86' title='bbox 490 1225 637 1294; x_wconf 80' lang='grc' dir='ltr'>Πόσῃ</span> <span class='ocrx_word' id='word_1_87' title='bbox 671 1229 819 1295; x_wconf 81' lang='grc' dir='ltr'>χαρᾷ</span> <span class='ocrx_word' id='word_1_88' title='bbox 862 1246 929 1296; x_wconf 87' lang='grc' dir='ltr'>με</span> <span class='ocrx_word' id='word_1_89' title='bbox 964 1232 992 1281; x_wconf 91' lang='grc' dir='ltr'>ό</span> <span class='ocrx_word' id='word_1_90' title='bbox 1026 1230 1238 1299; x_wconf 74' lang='grc' dir='ltr'>ὄνειρος</span> <span class='ocrx_word' id='word_1_91' title='bbox 1272 1232 1692 1299; x_wconf 83' lang='grc' dir='ltr'>κατεφαίδρυνε,</span> <span class='ocrx_word' id='word_1_92' title='bbox 1728 1232 1821 1284; x_wconf 75' lang='grc' dir='ltr'>καὶ</span> 
     </span>
    </p>
   </div>
   <div class='ocr_carea' id='block_1_15' title="bbox 245 1313 1823 1389">
    <p class='ocr_par' dir='ltr' id='par_1_15' title="bbox 245 1313 1823 1389">
     <span class='ocr_line' id='line_1_15' title="bbox 245 1313 1823 1389; baseline 0.006 -26"><span class='ocrx_word' id='word_1_93' title='bbox 245 1313 456 1383; x_wconf 87' lang='grc' dir='ltr'>πηλίκῃ</span> <span class='ocrx_word' id='word_1_94' title='bbox 486 1315 665 1383; x_wconf 84' lang='grc' dir='ltr'>θλίψει</span> <span class='ocrx_word' id='word_1_95' title='bbox 690 1317 750 1369; x_wconf 79' lang='grc' dir='ltr'>τὸ</span> <span class='ocrx_word' id='word_1_96' title='bbox 784 1316 937 1387; x_wconf 82' lang='grc' dir='ltr'>ῦπαρ</span> <span class='ocrx_word' id='word_1_97' title='bbox 966 1321 1298 1389; x_wconf 77' lang='grc' dir='ltr'>κατέχωσιν.</span> <span class='ocrx_word' id='word_1_98' title='bbox 1325 1322 1459 1374; x_wconf 85' lang='grc' dir='ltr'>Τότε</span> <span class='ocrx_word' id='word_1_99' title='bbox 1484 1317 1564 1384; x_wconf 74' lang='grc' dir='ltr'>εἷς</span> <span class='ocrx_word' id='word_1_100' title='bbox 1593 1322 1700 1375; x_wconf 80' lang='grc' dir='ltr'>τῶν</span> <span class='ocrx_word' id='word_1_101' title='bbox 1726 1340 1823 1373; x_wconf 87' lang='grc' dir='ltr'>πα-</span> 
     </span>
    </p>
   </div>
   <div class='ocr_carea' id='block_1_16' title="bbox 246 1404 1818 1481">
    <p class='ocr_par' dir='ltr' id='par_1_16' title="bbox 246 1404 1818 1481">
     <span class='ocr_line' id='line_1_16' title="bbox 246 1404 1818 1481; baseline 0.007 -27"><span class='ocrx_word' id='word_1_102' title='bbox 246 1404 538 1471; x_wconf 81' lang='grc' dir='ltr'>ρεστώτων</span> <span class='ocrx_word' id='word_1_103' title='bbox 575 1412 757 1474; x_wconf 71' lang='grc' dir='ltr'>νυγεὶς</span> <span class='ocrx_word' id='word_1_104' title='bbox 804 1412 908 1463; x_wconf 79' lang='grc' dir='ltr'>ὑπὸ</span> <span class='ocrx_word' id='word_1_105' title='bbox 955 1413 1091 1467; x_wconf 86' lang='grc' dir='ltr'>Θεοῦ</span> <span class='ocrx_word' id='word_1_106' title='bbox 1120 1414 1457 1479; x_wconf 79' lang='grc' dir='ltr'>ἁπεκρίνατο</span> <span class='ocrx_word' id='word_1_107' title='bbox 1482 1432 1497 1445; x_wconf 73' lang='grc' dir='ltr'><strong><em>ο</em></strong></span> <span class='ocrx_word' id='word_1_108' title='bbox 1546 1416 1685 1481; x_wconf 85' lang='grc' dir='ltr'>Ἐγώ</span> <span class='ocrx_word' id='word_1_109' title='bbox 1720 1433 1818 1476; x_wconf 76' lang='grc' dir='ltr'>σοι,</span> 
     </span>
    </p>
   </div>
   <div class='ocr_carea' id='block_1_17' title="bbox 243 1496 1825 1577">
    <p class='ocr_par' dir='ltr' id='par_1_17' title="bbox 243 1496 1825 1577">
     <span class='ocr_line' id='line_1_17' title="bbox 243 1496 1825 1577; baseline 0.008 -31"><span class='ocrx_word' id='word_1_110' title='bbox 243 1496 506 1562; x_wconf 75' lang='grc' dir='ltr'>δέσποτα,</span> <span class='ocrx_word' id='word_1_111' title='bbox 544 1500 770 1568; x_wconf 83' lang='grc' dir='ltr'>μηνύσω</span> <span class='ocrx_word' id='word_1_112' title='bbox 822 1505 913 1556; x_wconf 79' lang='grc' dir='ltr'>τὸν</span> <span class='ocrx_word' id='word_1_113' title='bbox 972 1507 1287 1575; x_wconf 78' lang='grc' dir='ltr'>προστάτην</span> <span class='ocrx_word' id='word_1_114' title='bbox 1320 1524 1412 1560; x_wconf 90' lang='grc' dir='ltr'>σου</span> <span class='ocrx_word' id='word_1_115' title='bbox 1462 1511 1555 1561; x_wconf 75' lang='grc' dir='ltr'>καὶ</span> <span class='ocrx_word' id='word_1_116' title='bbox 1605 1510 1825 1577; x_wconf 79' lang='grc' dir='ltr'>γνήσιον</span> 
     </span>
    </p>
   </div>
   <div class='ocr_carea' id='block_1_18' title="bbox 246 1589 1827 1668">
    <p class='ocr_par' dir='ltr' id='par_1_18' title="bbox 246 1589 1827 1668">
     <span class='ocr_line' id='line_1_18' title="bbox 246 1589 1827 1668; baseline 0.009 -30"><span class='ocrx_word' id='word_1_117' title='bbox 246 1589 426 1655; x_wconf 84' lang='grc' dir='ltr'>φίλον,</span> <span class='ocrx_word' id='word_1_118' title='bbox 458 1595 553 1645; x_wconf 74' lang='grc' dir='ltr'>καὶ</span> <span class='ocrx_word' id='word_1_119' title='bbox 602 1594 741 1661; x_wconf 72' lang='grc' dir='ltr'>μετά</span> <span class='ocrx_word' id='word_1_120' title='bbox 766 1595 901 1647; x_wconf 78' lang='grc' dir='ltr'>Θεὸν</span> <span class='ocrx_word' id='word_1_121' title='bbox 940 1598 1205 1667; x_wconf 78' lang='grc' dir='ltr'>δεσπότην</span> <span class='ocrx_word' id='word_1_122' title='bbox 1233 1601 1569 1668; x_wconf 76' lang='grc' dir='ltr'>Δημήτριον,</span> <span class='ocrx_word' id='word_1_123' title='bbox 1603 1600 1692 1650; x_wconf 85' lang='grc' dir='ltr'>τὸν</span> <span class='ocrx_word' id='word_1_124' title='bbox 1737 1604 1827 1653; x_wconf 70' lang='grc' dir='ltr'>καὶ</span> 
     </span>
    </p>
   </div>
   <div class='ocr_carea' id='block_1_19' title="bbox 246 1682 1825 1756">
    <p class='ocr_par' dir='ltr' id='par_1_19' title="bbox 246 1682 1825 1756">
     <span class='ocr_line' id='line_1_19' title="bbox 246 1682 1825 1756; baseline 0.009 -25"><span class='ocrx_word' id='word_1_125' title='bbox 246 1682 307 1732; x_wconf 82' lang='grc' dir='ltr'>ὲν</span> <span class='ocrx_word' id='word_1_126' title='bbox 341 1686 408 1750; x_wconf 76' lang='grc' dir='ltr'>τῇ</span> <span class='ocrx_word' id='word_1_127' title='bbox 446 1684 805 1756; x_wconf 77' lang='grc' dir='ltr'>βασιλευούσῃ</span> <span class='ocrx_word' id='word_1_128' title='bbox 848 1689 1003 1740; x_wconf 85' lang='grc' dir='ltr'>πόλει</span> <span class='ocrx_word' id='word_1_129' title='bbox 1044 1690 1138 1742; x_wconf 90' lang='grc' dir='ltr'>νῦν</span> <span class='ocrx_word' id='word_1_130' title='bbox 1164 1690 1315 1753; x_wconf 82' lang='grc' dir='ltr'>δντα,</span> <span class='ocrx_word' id='word_1_131' title='bbox 1349 1694 1443 1746; x_wconf 71' lang='grc' dir='ltr'>καὶ</span> <span class='ocrx_word' id='word_1_132' title='bbox 1472 1692 1659 1745; x_wconf 75' lang='grc' dir='ltr'>ἐνθάδε</span> <span class='ocrx_word' id='word_1_133' title='bbox 1694 1710 1825 1745; x_wconf 80' lang='grc' dir='ltr'>κατ-</span> 
     </span>
    </p>
   </div>
   <div class='ocr_carea' id='block_1_20' title="bbox 245 1772 1830 1855">
    <p class='ocr_par' dir='ltr' id='par_1_20' title="bbox 245 1772 1830 1855">
     <span class='ocr_line' id='line_1_20' title="bbox 245 1772 1830 1855; baseline 0.009 -32"><span class='ocrx_word' id='word_1_134' title='bbox 245 1772 524 1839; x_wconf 83' lang='grc' dir='ltr'>οικοῦντα,</span> <span class='ocrx_word' id='word_1_135' title='bbox 563 1781 785 1831; x_wconf 81' lang='grc' dir='ltr'>κακεῖσε</span> <span class='ocrx_word' id='word_1_136' title='bbox 829 1779 907 1847; x_wconf 84' lang='grc' dir='ltr'>τῷ</span> <span class='ocrx_word' id='word_1_137' title='bbox 963 1781 1174 1850; x_wconf 86' lang='grc' dir='ltr'>βασιλεῖ</span> <span class='ocrx_word' id='word_1_138' title='bbox 1210 1784 1321 1835; x_wconf 85' lang='grc' dir='ltr'>τῶν</span> <span class='ocrx_word' id='word_1_139' title='bbox 1376 1784 1513 1837; x_wconf 83' lang='grc' dir='ltr'>ὅλων</span> <span class='ocrx_word' id='word_1_140' title='bbox 1563 1786 1830 1855; x_wconf 85' lang='grc' dir='ltr'>παριστά-</span> 
     </span>
    </p>
   </div>
   <div class='ocr_carea' id='block_1_21' title="bbox 254 1869 1547 1942">
    <p class='ocr_par' dir='ltr' id='par_1_21' title="bbox 254 1869 1547 1942">
     <span class='ocr_line' id='line_1_21' title="bbox 254 1869 1547 1942; baseline 0.009 -27"><span class='ocrx_word' id='word_1_141' title='bbox 254 1881 439 1932; x_wconf 82' lang='grc' dir='ltr'>μενον,</span> <span class='ocrx_word' id='word_1_142' title='bbox 472 1869 679 1921; x_wconf 80' lang='grc' dir='ltr'>καὶτὸν</span> <span class='ocrx_word' id='word_1_143' title='bbox 710 1871 945 1924; x_wconf 78' lang='grc' dir='ltr'>ἐνταῦθα</span> <span class='ocrx_word' id='word_1_144' title='bbox 980 1874 1055 1942; x_wconf 80' lang='grc' dir='ltr'>μὴ</span> <span class='ocrx_word' id='word_1_145' title='bbox 1089 1875 1547 1941; x_wconf 80' lang='grc' dir='ltr'>ἀπολειπόμενον.</span> 
     </span>
    </p>
   </div>
   <div class='ocr_carea' id='block_1_22' title="bbox 324 2044 1828 2123">
    <p class='ocr_par' dir='ltr' id='par_1_22' title="bbox 324 2044 1828 2123">
     <span class='ocr_line' id='line_1_22' title="bbox 324 2044 1828 2123; baseline 0.006 -28"><span class='ocrx_word' id='word_1_146' title='bbox 324 2044 404 2097; x_wconf 86' lang='grc' dir='ltr'>ιε’.</span> <span class='ocrx_word' id='word_1_147' title='bbox 440 2045 610 2097; x_wconf 84' lang='grc' dir='ltr'>Τοῦτο</span> <span class='ocrx_word' id='word_1_148' title='bbox 653 2046 707 2098; x_wconf 84' lang='grc' dir='ltr'>δὲ</span> <span class='ocrx_word' id='word_1_149' title='bbox 753 2047 861 2098; x_wconf 81' lang='grc' dir='ltr'>τῶν</span> <span class='ocrx_word' id='word_1_150' title='bbox 893 2050 1073 2116; x_wconf 83' lang='grc' dir='ltr'>σάρκα</span> <span class='ocrx_word' id='word_1_151' title='bbox 1099 2052 1193 2103; x_wconf 67' lang='grc' dir='ltr'>καὶ</span> <span class='ocrx_word' id='word_1_152' title='bbox 1227 2047 1363 2119; x_wconf 80' lang='grc' dir='ltr'>αἷμα</span> <span class='ocrx_word' id='word_1_153' title='bbox 1394 2054 1705 2123; x_wconf 79' lang='grc' dir='ltr'>φορούντων</span> <span class='ocrx_word' id='word_1_154' title='bbox 1737 2056 1828 2105; x_wconf 78' lang='grc' dir='ltr'>ού-</span> 
     </span>
    </p>
   </div>
   <div class='ocr_carea' id='block_1_23' title="bbox 252 2136 1830 2215">
    <p class='ocr_par' dir='ltr' id='par_1_23' title="bbox 252 2136 1830 2215">
     <span class='ocr_line' id='line_1_23' title="bbox 252 2136 1830 2215; baseline 0.006 -29"><span class='ocrx_word' id='word_1_155' title='bbox 252 2136 362 2187; x_wconf 67' lang='grc' dir='ltr'>δενῖ</span> <span class='ocrx_word' id='word_1_156' title='bbox 399 2136 646 2199; x_wconf 76' lang='grc' dir='ltr'>δυνατὸν,</span> <span class='ocrx_word' id='word_1_157' title='bbox 701 2138 779 2206; x_wconf 80' lang='grc' dir='ltr'>τῷ</span> <span class='ocrx_word' id='word_1_158' title='bbox 821 2140 877 2192; x_wconf 83' lang='grc' dir='ltr'>δὲ</span> <span class='ocrx_word' id='word_1_159' title='bbox 932 2144 1188 2211; x_wconf 84' lang='grc' dir='ltr'>παναγίῳ</span> <span class='ocrx_word' id='word_1_160' title='bbox 1229 2145 1325 2195; x_wconf 75' lang='grc' dir='ltr'>καὶ</span> <span class='ocrx_word' id='word_1_161' title='bbox 1369 2144 1538 2213; x_wconf 77' lang='grc' dir='ltr'>ὲξόχῳ</span> <span class='ocrx_word' id='word_1_162' title='bbox 1589 2145 1830 2215; x_wconf 77' lang='grc' dir='ltr'>μάρτυρι</span> 
     </span>
    </p>
   </div>
   <div class='ocr_carea' id='block_1_24' title="bbox 250 2227 1831 2310">
    <p class='ocr_par' dir='ltr' id='par_1_24' title="bbox 250 2227 1831 2310">
     <span class='ocr_line' id='line_1_24' title="bbox 250 2227 1831 2310; baseline 0.008 -32"><span class='ocrx_word' id='word_1_163' title='bbox 250 2227 348 2279; x_wconf 91' lang='grc' dir='ltr'>τοῦ</span> <span class='ocrx_word' id='word_1_164' title='bbox 376 2229 613 2299; x_wconf 77' lang='grc' dir='ltr'>Χριστοῦ</span> <span class='ocrx_word' id='word_1_165' title='bbox 644 2233 964 2303; x_wconf 79' lang='grc' dir='ltr'>Δημητρίῳ,</span> <span class='ocrx_word' id='word_1_166' title='bbox 1013 2235 1107 2287; x_wconf 77' lang='grc' dir='ltr'>καὶ</span> <span class='ocrx_word' id='word_1_167' title='bbox 1159 2235 1302 2303; x_wconf 89' lang='grc' dir='ltr'>μάλα</span> <span class='ocrx_word' id='word_1_168' title='bbox 1343 2235 1546 2307; x_wconf 80' lang='grc' dir='ltr'>ῥᾴδιον.</span> <span class='ocrx_word' id='word_1_169' title='bbox 1597 2238 1674 2308; x_wconf 79' lang='grc' dir='ltr'>Τῇ</span> <span class='ocrx_word' id='word_1_170' title='bbox 1723 2240 1831 2310; x_wconf 80' lang='grc' dir='ltr'>γάρ</span> 
     </span>
    </p>
   </div>
   <div class='ocr_carea' id='block_1_25' title="bbox 249 2323 1830 2402">
    <p class='ocr_par' dir='ltr' id='par_1_25' title="bbox 249 2323 1830 2402">
     <span class='ocr_line' id='line_1_25' title="bbox 249 2323 1830 2402; baseline 0.006 -27"><span class='ocrx_word' id='word_1_171' title='bbox 249 2323 403 2391; x_wconf 53' lang='lat' dir='ltr'><strong>toto</strong></span> <span class='ocrx_word' id='word_1_172' title='bbox 432 2324 596 2377; x_wconf 84' lang='grc' dir='ltr'>αὐτοῦ</span> <span class='ocrx_word' id='word_1_173' title='bbox 636 2325 780 2395; x_wconf 82' lang='grc' dir='ltr'>ψυχῇ</span> <span class='ocrx_word' id='word_1_174' title='bbox 828 2328 922 2380; x_wconf 77' lang='grc' dir='ltr'>καὶ</span> <span class='ocrx_word' id='word_1_175' title='bbox 959 2330 1025 2397; x_wconf 78' lang='grc' dir='ltr'>τῇ</span> <span class='ocrx_word' id='word_1_176' title='bbox 1062 2327 1322 2399; x_wconf 82' lang='grc' dir='ltr'>ἀθολώτῳ</span> <span class='ocrx_word' id='word_1_177' title='bbox 1358 2330 1547 2383; x_wconf 80' lang='grc' dir='ltr'>πίστει</span> <span class='ocrx_word' id='word_1_178' title='bbox 1603 2332 1698 2384; x_wconf 79' lang='grc' dir='ltr'>καὶ</span> <span class='ocrx_word' id='word_1_179' title='bbox 1729 2333 1830 2402; x_wconf 81' lang='grc' dir='ltr'>τήν</span> 
     </span>
    </p>
   </div>
   <div class='ocr_carea' id='block_1_26' title="bbox 251 2415 1831 2493">
    <p class='ocr_par' dir='ltr' id='par_1_26' title="bbox 251 2415 1831 2493">
     <span class='ocr_line' id='line_1_26' title="bbox 251 2415 1831 2493; baseline 0.006 -24"><span class='ocrx_word' id='word_1_180' title='bbox 251 2417 368 2469; x_wconf 80' lang='grc' dir='ltr'>ἀνω</span> <span class='ocrx_word' id='word_1_181' title='bbox 411 2415 657 2483; x_wconf 82' lang='grc' dir='ltr'>βασιλίδα</span> <span class='ocrx_word' id='word_1_182' title='bbox 704 2420 861 2471; x_wconf 87' lang='grc' dir='ltr'>πόλιν</span> <span class='ocrx_word' id='word_1_183' title='bbox 906 2420 1264 2490; x_wconf 84' lang='grc' dir='ltr'>Ἰερουσαλὴμ</span> <span class='ocrx_word' id='word_1_184' title='bbox 1299 2426 1566 2486; x_wconf 82' lang='grc' dir='ltr'>κατοικεῖ,</span> <span class='ocrx_word' id='word_1_185' title='bbox 1600 2426 1697 2476; x_wconf 76' lang='grc' dir='ltr'>καὶ</span> <span class='ocrx_word' id='word_1_186' title='bbox 1733 2426 1831 2493; x_wconf 78' lang='grc' dir='ltr'>τῆς</span> 
     </span>
    </p>
   </div>
   <div class='ocr_carea' id='block_1_27' title="bbox 252 2508 1830 2584">
    <p class='ocr_par' dir='ltr' id='par_1_27' title="bbox 252 2508 1830 2584">
     <span class='ocr_line' id='line_1_27' title="bbox 252 2508 1830 2584; baseline 0.008 -26"><span class='ocrx_word' id='word_1_187' title='bbox 252 2508 604 2577; x_wconf 77' lang='grc' dir='ltr'>θρεψαμένης</span> <span class='ocrx_word' id='word_1_188' title='bbox 627 2511 787 2564; x_wconf 72' lang='grc' dir='ltr'>αὑτὸν</span> <span class='ocrx_word' id='word_1_189' title='bbox 804 2513 1206 2582; x_wconf 83' lang='grc' dir='ltr'>Θεσσαλονίκης</span> <span class='ocrx_word' id='word_1_190' title='bbox 1235 2515 1335 2567; x_wconf 79' lang='grc' dir='ltr'>οὐκ</span> <span class='ocrx_word' id='word_1_191' title='bbox 1360 2516 1830 2584; x_wconf 86' lang='grc' dir='ltr'>άπολιμπάνεται.</span> 
     </span>
    </p>
   </div>
   <div class='ocr_carea' id='block_1_28' title="bbox 258 2596 1833 2675">
    <p class='ocr_par' dir='ltr' id='par_1_28' title="bbox 258 2596 1833 2675">
     <span class='ocr_line' id='line_1_28' title="bbox 258 2596 1833 2675; baseline 0.007 -27"><span class='ocrx_word' id='word_1_192' title='bbox 258 2598 417 2667; x_wconf 83' lang='grc' dir='ltr'>Ἔχει</span> <span class='ocrx_word' id='word_1_193' title='bbox 446 2596 539 2652; x_wconf 81' lang='grc' dir='ltr'>οὖν</span> <span class='ocrx_word' id='word_1_194' title='bbox 562 2603 618 2653; x_wconf 85' lang='grc' dir='ltr'>ὲν</span> <span class='ocrx_word' id='word_1_195' title='bbox 647 2602 988 2670; x_wconf 76' lang='grc' dir='ltr'>ἀμφοτέραις</span> <span class='ocrx_word' id='word_1_196' title='bbox 1016 2606 1139 2665; x_wconf 85' lang='grc' dir='ltr'>ταῖς</span> <span class='ocrx_word' id='word_1_197' title='bbox 1167 2604 1388 2657; x_wconf 85' lang='grc' dir='ltr'>πόλεσιν</span> <span class='ocrx_word' id='word_1_198' title='bbox 1419 2608 1599 2669; x_wconf 80' lang='grc' dir='ltr'>οἴκους</span> <span class='ocrx_word' id='word_1_199' title='bbox 1623 2624 1636 2636; x_wconf 84' lang='grc'>·</span> <span class='ocrx_word' id='word_1_200' title='bbox 1666 2625 1833 2675; x_wconf 80' lang='grc' dir='ltr'>προεο</span> 
     </span>
    </p>
   </div>
   <div class='ocr_carea' id='block_1_29' title="bbox 253 2690 1834 2764">
    <p class='ocr_par' dir='ltr' id='par_1_29' title="bbox 253 2690 1834 2764">
     <span class='ocr_line' id='line_1_29' title="bbox 253 2690 1834 2764; baseline 0.006 -23"><span class='ocrx_word' id='word_1_201' title='bbox 253 2690 500 2757; x_wconf 87' lang='grc' dir='ltr'>τρέψατο</span> <span class='ocrx_word' id='word_1_202' title='bbox 519 2691 575 2743; x_wconf 88' lang='grc' dir='ltr'>δέ</span> <span class='ocrx_word' id='word_1_203' title='bbox 602 2707 668 2745; x_wconf 80' lang='grc' dir='ltr'>σε</span> <span class='ocrx_word' id='word_1_204' title='bbox 695 2694 786 2744; x_wconf 74' lang='grc' dir='ltr'>τὸν</span> <span class='ocrx_word' id='word_1_205' title='bbox 815 2694 947 2761; x_wconf 76' lang='grc' dir='ltr'>ἐμὸν</span> <span class='ocrx_word' id='word_1_206' title='bbox 976 2693 1245 2764; x_wconf 84' lang='grc' dir='ltr'>δεσπότην</span> <span class='ocrx_word' id='word_1_207' title='bbox 1278 2696 1359 2757; x_wconf 87' lang='grc' dir='ltr'>είς</span> <span class='ocrx_word' id='word_1_208' title='bbox 1374 2698 1465 2749; x_wconf 79' lang='grc' dir='ltr'>τὸν</span> <span class='ocrx_word' id='word_1_209' title='bbox 1486 2692 1633 2750; x_wconf 75' lang='grc' dir='ltr'>οἶκον</span> <span class='ocrx_word' id='word_1_210' title='bbox 1665 2696 1834 2751; x_wconf 85' lang='grc' dir='ltr'>αὐτοῦ</span> 
     </span>
    </p>
   </div>
   <div class='ocr_carea' id='block_1_30' title="bbox 257 2780 1836 2853">
    <p class='ocr_par' dir='ltr' id='par_1_30' title="bbox 257 2780 1836 2853">
     <span class='ocr_line' id='line_1_30' title="bbox 257 2780 1836 2853; baseline 0.006 -23"><span class='ocrx_word' id='word_1_211' title='bbox 257 2780 559 2848; x_wconf 84' lang='grc' dir='ltr'>γενόμενον</span> <span class='ocrx_word' id='word_1_212' title='bbox 621 2780 720 2849; x_wconf 83' lang='grc' dir='ltr'>τῆς</span> <span class='ocrx_word' id='word_1_213' title='bbox 759 2780 948 2847; x_wconf 83' lang='grc' dir='ltr'>ὑγείας</span> <span class='ocrx_word' id='word_1_214' title='bbox 998 2786 1207 2852; x_wconf 83' lang='grc' dir='ltr'>τυχεῖν.</span> <span class='ocrx_word' id='word_1_215' title='bbox 1246 2784 1586 2853; x_wconf 79' lang='grc' dir='ltr'>Σκεψώμεθα</span> <span class='ocrx_word' id='word_1_216' title='bbox 1639 2781 1751 2849; x_wconf 86' lang='grc' dir='ltr'>οῦν,</span> <span class='ocrx_word' id='word_1_217' title='bbox 1788 2788 1836 2839; x_wconf 82' lang='grc' dir='ltr'>εί</span> 
     </span>
    </p>
   </div>
   <div class='ocr_carea' id='block_1_31' title="bbox 257 2872 1839 2946">
    <p class='ocr_par' dir='ltr' id='par_1_31' title="bbox 257 2872 1839 2946">
     <span class='ocr_line' id='line_1_31' title="bbox 257 2872 1839 2946; baseline 0.001 -19"><span class='ocrx_word' id='word_1_218' title='bbox 257 2874 485 2927; x_wconf 80' lang='grc' dir='ltr'>δυνατόν</span> <span class='ocrx_word' id='word_1_219' title='bbox 515 2891 572 2925; x_wconf 86' lang='grc' dir='ltr'>σε</span> <span class='ocrx_word' id='word_1_220' title='bbox 599 2874 657 2926; x_wconf 76' lang='grc' dir='ltr'>ὲν</span> <span class='ocrx_word' id='word_1_221' title='bbox 680 2872 756 2943; x_wconf 83' lang='grc' dir='ltr'>τῷ</span> <span class='ocrx_word' id='word_1_222' title='bbox 780 2875 915 2943; x_wconf 88' lang='grc' dir='ltr'>οἴκῳ</span> <span class='ocrx_word' id='word_1_223' title='bbox 944 2876 1110 2928; x_wconf 81' lang='grc' dir='ltr'>αὑτοῦ</span> <span class='ocrx_word' id='word_1_224' title='bbox 1142 2876 1221 2945; x_wconf 82' lang='grc' dir='ltr'>τῷ</span> <span class='ocrx_word' id='word_1_225' title='bbox 1246 2877 1325 2937; x_wconf 84' lang='grc' dir='ltr'>είς</span> <span class='ocrx_word' id='word_1_226' title='bbox 1352 2878 1452 2946; x_wconf 81' lang='grc' dir='ltr'>τὴν</span> <span class='ocrx_word' id='word_1_227' title='bbox 1486 2877 1601 2929; x_wconf 81' lang='grc' dir='ltr'>ἄνω</span> <span class='ocrx_word' id='word_1_228' title='bbox 1642 2877 1839 2945; x_wconf 84' lang='grc' dir='ltr'>Ἰερου-</span> 
     </span>
    </p>
   </div>
   <div class='ocr_carea' id='block_1_32' title="bbox 262 2964 1839 3037">
    <p class='ocr_par' dir='ltr' id='par_1_32' title="bbox 262 2964 1839 3037">
     <span class='ocr_line' id='line_1_32' title="bbox 262 2964 1839 3037; baseline 0.003 -21"><span class='ocrx_word' id='word_1_229' title='bbox 262 2965 451 3033; x_wconf 87' lang='grc' dir='ltr'>σαλὴμ</span> <span class='ocrx_word' id='word_1_230' title='bbox 502 2964 913 3033; x_wconf 80' lang='grc' dir='ltr'>παραγενέσθαι</span> <span class='ocrx_word' id='word_1_231' title='bbox 974 2965 1133 3035; x_wconf 83' lang='grc' dir='ltr'>σῶμα</span> <span class='ocrx_word' id='word_1_232' title='bbox 1184 2965 1493 3035; x_wconf 71' lang='grc' dir='ltr'>φοροῦντα*</span> <span class='ocrx_word' id='word_1_233' title='bbox 1526 2968 1683 3020; x_wconf 82' lang='grc' dir='ltr'>τοῦτο</span> <span class='ocrx_word' id='word_1_234' title='bbox 1731 2968 1839 3037; x_wconf 83' lang='grc' dir='ltr'>γὰρ</span> 
     </span>
    </p>
   </div>
   <div class='ocr_carea' id='block_1_33' title="bbox 261 3055 1837 3127">
    <p class='ocr_par' dir='ltr' id='par_1_33' title="bbox 261 3055 1837 3127">
     <span class='ocr_line' id='line_1_33' title="bbox 261 3055 1837 3127; baseline 0.003 -19"><span class='ocrx_word' id='word_1_235' title='bbox 261 3058 361 3108; x_wconf 75' lang='grc' dir='ltr'>καὶ</span> <span class='ocrx_word' id='word_1_236' title='bbox 412 3056 508 3123; x_wconf 83' lang='grc' dir='ltr'>τῆς</span> <span class='ocrx_word' id='word_1_237' title='bbox 546 3056 704 3108; x_wconf 87' lang='grc' dir='ltr'>νόσου</span> <span class='ocrx_word' id='word_1_238' title='bbox 740 3055 1054 3121; x_wconf 80' lang='grc' dir='ltr'>ἀπαλλάξαι</span> <span class='ocrx_word' id='word_1_239' title='bbox 1095 3058 1387 3126; x_wconf 82' lang='grc' dir='ltr'>ὑπέσχετο.</span> <span class='ocrx_word' id='word_1_240' title='bbox 1430 3057 1593 3110; x_wconf 84' lang='grc' dir='ltr'>Ἀλλὰ</span> <span class='ocrx_word' id='word_1_241' title='bbox 1630 3060 1736 3127; x_wconf 83' lang='grc' dir='ltr'>μὴν</span> <span class='ocrx_word' id='word_1_242' title='bbox 1776 3060 1837 3112; x_wconf 82' lang='grc' dir='ltr'>οὐ</span> 
     </span>
    </p>
   </div>
   <div class='ocr_carea' id='block_1_34' title="bbox 1926 576 3499 643">
    <p class='ocr_par' dir='ltr' id='par_1_34' title="bbox 1926 576 3499 643">
     <span class='ocr_line' id='line_1_34' title="bbox 1926 576 3499 643; baseline 0.003 -14"><span class='ocrx_word' id='word_1_243' title='bbox 1926 578 2196 643; x_wconf 80' lang='lat' dir='ltr'><strong>festatam,</strong></span> <span class='ocrx_word' id='word_1_244' title='bbox 2259 576 2486 630; x_wconf 80' lang='lat' dir='ltr'><strong>videbis.</strong></span> <span class='ocrx_word' id='word_1_245' title='bbox 2546 576 2682 629; x_wconf 78' lang='lat' dir='ltr'><strong>Cum</strong></span> <span class='ocrx_word' id='word_1_246' title='bbox 2744 588 2922 630; x_wconf 83' lang='lat' dir='ltr'><strong>autem</strong></span> <span class='ocrx_word' id='word_1_247' title='bbox 2982 580 3167 633; x_wconf 72' lang='lat' dir='ltr'><strong>beatus</strong></span> <span class='ocrx_word' id='word_1_248' title='bbox 3226 580 3499 635; x_wconf 77' lang='lat' dir='ltr'><strong>Marianos</strong></span> 
     </span>
    </p>
   </div>
   <div class='ocr_carea' id='block_1_35' title="bbox 1923 669 3487 738">
    <p class='ocr_par' dir='ltr' id='par_1_35' title="bbox 1923 669 3487 738">
     <span class='ocr_line' id='line_1_35' title="bbox 1923 669 3487 738; baseline 0.004 -17"><span class='ocrx_word' id='word_1_249' title='bbox 1923 679 2069 723; x_wconf 54' lang='lat' dir='ltr'><strong>esset</strong></span> <span class='ocrx_word' id='word_1_250' title='bbox 2100 669 2533 738; x_wconf 71' lang='lat' dir='ltr'>expergefactus,</span> <span class='ocrx_word' id='word_1_251' title='bbox 2567 680 2619 721; x_wconf 91' lang='lat' dir='ltr'>et</span> <span class='ocrx_word' id='word_1_252' title='bbox 2648 687 2766 735; x_wconf 67' lang='lat' dir='ltr'><strong>qua:</strong></span> <span class='ocrx_word' id='word_1_253' title='bbox 2797 672 2896 721; x_wconf 89' lang='lat' dir='ltr'><strong>sibi</strong></span> <span class='ocrx_word' id='word_1_254' title='bbox 2950 670 2999 722; x_wconf 92' lang='lat' dir='ltr'><strong>in</strong></span> <span class='ocrx_word' id='word_1_255' title='bbox 3036 686 3223 723; x_wconf 86' lang='lat' dir='ltr'>somno</span> <span class='ocrx_word' id='word_1_256' title='bbox 3255 675 3367 726; x_wconf 84' lang='lat' dir='ltr'><strong>visa</strong></span> <span class='ocrx_word' id='word_1_257' title='bbox 3402 691 3487 727; x_wconf 67' lang='lat' dir='ltr'><strong>es-</strong></span> 
     </span>
    </p>
   </div>
   <div class='ocr_carea' id='block_1_36' title="bbox 1926 763 3488 823">
    <p class='ocr_par' dir='ltr' id='par_1_36' title="bbox 1926 763 3488 823">
     <span class='ocr_line' id='line_1_36' title="bbox 1926 763 3488 823; baseline 0.005 -12"><span class='ocrx_word' id='word_1_258' title='bbox 1926 771 2065 822; x_wconf 82' lang='lat' dir='ltr'><strong>sent,</strong></span> <span class='ocrx_word' id='word_1_259' title='bbox 2098 763 2400 813; x_wconf 68' lang='lat' dir='ltr'><strong>astantibus</strong></span> <span class='ocrx_word' id='word_1_260' title='bbox 2436 772 2732 823; x_wconf 77' lang='lat' dir='ltr'><strong>narrasset,</strong></span> <span class='ocrx_word' id='word_1_261' title='bbox 2774 763 3072 815; x_wconf 80' lang='lat' dir='ltr'><strong>lamentans</strong></span> <span class='ocrx_word' id='word_1_262' title='bbox 3124 763 3337 818; x_wconf 87' lang='lat' dir='ltr'><strong>dicebat</strong></span> <span class='ocrx_word' id='word_1_263' title='bbox 3366 782 3377 794; x_wconf 79' lang='grc'><em>’</em></span> <span class='ocrx_word' id='word_1_264' title='bbox 3420 764 3488 819; x_wconf 85' lang='lat' dir='ltr'>Et</span> 
     </span>
    </p>
   </div>
   <div class='ocr_carea' id='block_1_37' title="bbox 1928 853 3496 916">
    <p class='ocr_par' dir='ltr' id='par_1_37' title="bbox 1928 853 3496 916">
     <span class='ocr_line' id='line_1_37' title="bbox 1928 853 3496 916; baseline 0.003 -13"><span class='ocrx_word' id='word_1_265' title='bbox 1928 853 2015 904; x_wconf 90' lang='lat' dir='ltr'><strong>ubi</strong></span> <span class='ocrx_word' id='word_1_266' title='bbox 2049 868 2194 906; x_wconf 90' lang='lat' dir='ltr'><strong>nunc</strong></span> <span class='ocrx_word' id='word_1_267' title='bbox 2228 862 2278 905; x_wconf 87' lang='lat' dir='ltr'>te</span> <span class='ocrx_word' id='word_1_268' title='bbox 2314 853 2394 905; x_wconf 82' lang='lat' dir='ltr'><strong>vel</strong></span> <span class='ocrx_word' id='word_1_269' title='bbox 2422 853 2640 904; x_wconf 88' lang='lat' dir='ltr'><strong>domum</strong></span> <span class='ocrx_word' id='word_1_270' title='bbox 2673 866 2841 916; x_wconf 84' lang='lat' dir='ltr'><strong>tuam,</strong></span> <span class='ocrx_word' id='word_1_271' title='bbox 2878 855 2945 905; x_wconf 90' lang='lat' dir='ltr'>mi</span> <span class='ocrx_word' id='word_1_272' title='bbox 2978 854 3194 906; x_wconf 85' lang='lat' dir='ltr'><strong>domine</strong></span> <span class='ocrx_word' id='word_1_273' title='bbox 3225 870 3287 906; x_wconf 85' lang='lat' dir='ltr'>ac</span> <span class='ocrx_word' id='word_1_274' title='bbox 3327 856 3496 907; x_wconf 68' lang='lat' dir='ltr'>sinet;-</span> 
     </span>
    </p>
   </div>
   <div class='ocr_carea' id='block_1_38' title="bbox 1926 945 3501 1013">
    <p class='ocr_par' dir='ltr' id='par_1_38' title="bbox 1926 945 3501 1013">
     <span class='ocr_line' id='line_1_38' title="bbox 1926 945 3501 1013; baseline 0.003 -17"><span class='ocrx_word' id='word_1_275' title='bbox 1926 945 2145 997; x_wconf 87' lang='lat' dir='ltr'><strong>rissime</strong></span> <span class='ocrx_word' id='word_1_276' title='bbox 2176 945 2428 1007; x_wconf 79' lang='lat' dir='ltr'>Demetri,</span> <span class='ocrx_word' id='word_1_277' title='bbox 2471 945 2762 1008; x_wconf 84' lang='lat' dir='ltr'><strong>inveniam,</strong></span> <span class='ocrx_word' id='word_1_278' title='bbox 2806 956 2857 998; x_wconf 89' lang='lat' dir='ltr'><strong>te</strong></span> <span class='ocrx_word' id='word_1_279' title='bbox 2914 945 3133 1013; x_wconf 81' lang='lat' dir='ltr'>quidem</span> <span class='ocrx_word' id='word_1_280' title='bbox 3186 946 3239 999; x_wconf 92' lang='lat' dir='ltr'><strong>in</strong></span> <span class='ocrx_word' id='word_1_281' title='bbox 3282 946 3501 1000; x_wconf 77' lang='lat' dir='ltr'><strong>civitate</strong></span> 
     </span>
    </p>
   </div>
   <div class='ocr_carea' id='block_1_39' title="bbox 1928 1036 3498 1105">
    <p class='ocr_par' dir='ltr' id='par_1_39' title="bbox 1928 1036 3498 1105">
     <span class='ocr_line' id='line_1_39' title="bbox 1928 1036 3498 1105; baseline 0.002 -18"><span class='ocrx_word' id='word_1_282' title='bbox 1928 1052 2093 1105; x_wconf 80' lang='lat' dir='ltr'>penes</span> <span class='ocrx_word' id='word_1_283' title='bbox 2139 1053 2300 1105; x_wconf 86' lang='lat' dir='ltr'><strong>quam</strong></span> <span class='ocrx_word' id='word_1_284' title='bbox 2338 1036 2623 1105; x_wconf 90' lang='lat' dir='ltr'><strong>imperium</strong></span> <span class='ocrx_word' id='word_1_285' title='bbox 2665 1047 2768 1097; x_wconf 90' lang='lat' dir='ltr'><strong>est,</strong></span> <span class='ocrx_word' id='word_1_286' title='bbox 2802 1046 3200 1100; x_wconf 83' lang='lat' dir='ltr'><strong>commorante,</strong></span> <span class='ocrx_word' id='word_1_287' title='bbox 3246 1053 3331 1090; x_wconf 89' lang='lat' dir='ltr'>me</span> <span class='ocrx_word' id='word_1_288' title='bbox 3370 1054 3498 1091; x_wconf 85' lang='lat' dir='ltr'><strong>vero</strong></span> 
     </span>
    </p>
   </div>
   <div class='ocr_carea' id='block_1_40' title="bbox 1926 1128 3498 1184">
    <p class='ocr_par' dir='ltr' id='par_1_40' title="bbox 1926 1128 3498 1184">
     <span class='ocr_line' id='line_1_40' title="bbox 1926 1128 3498 1184; baseline -0.001 0"><span class='ocrx_word' id='word_1_289' title='bbox 1926 1129 2330 1184; x_wconf 69' lang='lat' dir='ltr'>Thessalonica:</span> <span class='ocrx_word' id='word_1_290' title='bbox 2397 1129 2793 1183; x_wconf 84' lang='lat' dir='ltr'><strong>decumbente!</strong></span> <span class='ocrx_word' id='word_1_291' title='bbox 2866 1128 2957 1182; x_wconf 90' lang='lat' dir='ltr'><strong>llei</strong></span> <span class='ocrx_word' id='word_1_292' title='bbox 3049 1131 3182 1183; x_wconf 92' lang='lat' dir='ltr'><strong>mihi</strong></span> <span class='ocrx_word' id='word_1_293' title='bbox 3258 1132 3498 1183; x_wconf 80' lang='lat' dir='ltr'><strong>misero!</strong></span> 
     </span>
    </p>
   </div>
   <div class='ocr_carea' id='block_1_41' title="bbox 1927 1222 3503 1296">
    <p class='ocr_par' dir='ltr' id='par_1_41' title="bbox 1927 1222 3503 1296">
     <span class='ocr_line' id='line_1_41' title="bbox 1927 1222 3503 1296; baseline 0 -23"><span class='ocrx_word' id='word_1_294' title='bbox 1927 1222 2142 1287; x_wconf 81' lang='lat' dir='ltr'><strong>Quanto</strong></span> <span class='ocrx_word' id='word_1_295' title='bbox 2172 1239 2257 1276; x_wconf 85' lang='lat' dir='ltr'>me</span> <span class='ocrx_word' id='word_1_296' title='bbox 2286 1222 2502 1293; x_wconf 78' lang='lat' dir='ltr'><strong>gaudio,</strong></span> <span class='ocrx_word' id='word_1_297' title='bbox 2528 1222 2672 1289; x_wconf 89' lang='lat' dir='ltr'><strong>quod</strong></span> <span class='ocrx_word' id='word_1_298' title='bbox 2706 1222 2756 1275; x_wconf 92' lang='lat' dir='ltr'><strong>in</strong></span> <span class='ocrx_word' id='word_1_299' title='bbox 2790 1236 2980 1276; x_wconf 87' lang='lat' dir='ltr'><strong>somno</strong></span> <span class='ocrx_word' id='word_1_300' title='bbox 3010 1222 3117 1275; x_wconf 74' lang='lat' dir='ltr'><strong>vidi</strong></span> <span class='ocrx_word' id='word_1_301' title='bbox 3152 1223 3503 1296; x_wconf 73' lang='lat' dir='ltr'><strong>exhilaravit,</strong></span> 
     </span>
    </p>
   </div>
   <div class='ocr_carea' id='block_1_42' title="bbox 1931 1316 3501 1385">
    <p class='ocr_par' dir='ltr' id='par_1_42' title="bbox 1931 1316 3501 1385">
     <span class='ocr_line' id='line_1_42' title="bbox 1931 1316 3501 1385; baseline 0 -17"><span class='ocrx_word' id='word_1_302' title='bbox 1931 1322 2100 1379; x_wconf 88' lang='lat' dir='ltr'><strong>tanta,</strong></span> <span class='ocrx_word' id='word_1_303' title='bbox 2120 1317 2264 1385; x_wconf 87' lang='lat' dir='ltr'><strong>quod</strong></span> <span class='ocrx_word' id='word_1_304' title='bbox 2294 1317 2523 1383; x_wconf 72' lang='lat' dir='ltr'><strong>vigilans</strong></span> <span class='ocrx_word' id='word_1_305' title='bbox 2550 1316 2813 1382; x_wconf 88' lang='lat' dir='ltr'><strong>comperi,</strong></span> <span class='ocrx_word' id='word_1_306' title='bbox 2846 1316 3064 1369; x_wconf 70' lang='lat' dir='ltr'>tristitia</span> <span class='ocrx_word' id='word_1_307' title='bbox 3094 1332 3178 1369; x_wconf 85' lang='lat' dir='ltr'>me</span> <span class='ocrx_word' id='word_1_308' title='bbox 3207 1318 3501 1384; x_wconf 84' lang='lat' dir='ltr'><strong>depressit,</strong></span> 
     </span>
    </p>
   </div>
   <div class='ocr_carea' id='block_1_43' title="bbox 1930 1409 3503 1477">
    <p class='ocr_par' dir='ltr' id='par_1_43' title="bbox 1930 1409 3503 1477">
     <span class='ocr_line' id='line_1_43' title="bbox 1930 1409 3503 1477; baseline -0.001 -16"><span class='ocrx_word' id='word_1_309' title='bbox 1930 1409 2083 1462; x_wconf 85' lang='lat' dir='ltr'><strong>Tunc</strong></span> <span class='ocrx_word' id='word_1_310' title='bbox 2120 1426 2260 1461; x_wconf 77' lang='lat' dir='ltr'><strong>unus</strong></span> <span class='ocrx_word' id='word_1_311' title='bbox 2293 1411 2613 1475; x_wconf 81' lang='lat' dir='ltr'><strong>astantium,</strong></span> <span class='ocrx_word' id='word_1_312' title='bbox 2666 1428 2692 1463; x_wconf 92' lang='lat' dir='ltr'>a</span> <span class='ocrx_word' id='word_1_313' title='bbox 2752 1414 2861 1463; x_wconf 88' lang='lat' dir='ltr'><strong>Deo</strong></span> <span class='ocrx_word' id='word_1_314' title='bbox 2917 1420 3122 1471; x_wconf 73' lang='lat' dir='ltr'><strong>motus,</strong></span> <span class='ocrx_word' id='word_1_315' title='bbox 3170 1409 3503 1477; x_wconf 75' lang='lat' dir='ltr'>respondit:</span> 
     </span>
    </p>
   </div>
   <div class='ocr_carea' id='block_1_44' title="bbox 1933 1502 3504 1571">
    <p class='ocr_par' dir='ltr' id='par_1_44' title="bbox 1933 1502 3504 1571">
     <span class='ocr_line' id='line_1_44' title="bbox 1933 1502 3504 1571; baseline -0.001 -17"><span class='ocrx_word' id='word_1_316' title='bbox 1933 1502 2042 1571; x_wconf 77' lang='lat' dir='ltr'>Ego</span> <span class='ocrx_word' id='word_1_317' title='bbox 2079 1504 2197 1566; x_wconf 87' lang='lat' dir='ltr'><strong>tibi,</strong></span> <span class='ocrx_word' id='word_1_318' title='bbox 2234 1505 2476 1565; x_wconf 89' lang='lat' dir='ltr'><strong>domine,</strong></span> <span class='ocrx_word' id='word_1_319' title='bbox 2515 1505 2801 1556; x_wconf 81' lang='lat' dir='ltr'><strong>ostendam</strong></span> <span class='ocrx_word' id='word_1_320' title='bbox 2852 1514 3143 1571; x_wconf 82' lang='lat' dir='ltr'><strong>patronum</strong></span> <span class='ocrx_word' id='word_1_321' title='bbox 3181 1512 3333 1554; x_wconf 93' lang='lat' dir='ltr'><strong>tuum</strong></span> <span class='ocrx_word' id='word_1_322' title='bbox 3382 1516 3504 1569; x_wconf 85' lang='lat' dir='ltr'>ger-</span> 
     </span>
    </p>
   </div>
   <div class='ocr_carea' id='block_1_45' title="bbox 1933 1592 3503 1661">
    <p class='ocr_par' dir='ltr' id='par_1_45' title="bbox 1933 1592 3503 1661">
     <span class='ocr_line' id='line_1_45' title="bbox 1933 1592 3503 1661; baseline -0.004 -14"><span class='ocrx_word' id='word_1_323' title='bbox 1933 1610 2265 1661; x_wconf 86' lang='lat' dir='ltr'><strong>manumque</strong></span> <span class='ocrx_word' id='word_1_324' title='bbox 2303 1596 2537 1647; x_wconf 88' lang='lat' dir='ltr'><strong>amicum</strong></span> <span class='ocrx_word' id='word_1_325' title='bbox 2568 1637 2579 1657; x_wconf 93' lang='lat'>,</span> <span class='ocrx_word' id='word_1_326' title='bbox 2613 1609 2675 1647; x_wconf 90' lang='lat' dir='ltr'>ac</span> <span class='ocrx_word' id='word_1_327' title='bbox 2726 1602 2847 1661; x_wconf 70' lang='lat' dir='ltr'><strong>post</strong></span> <span class='ocrx_word' id='word_1_328' title='bbox 2890 1592 3054 1645; x_wconf 82' lang='lat' dir='ltr'><strong>Deum</strong></span> <span class='ocrx_word' id='word_1_329' title='bbox 3085 1593 3366 1645; x_wconf 89' lang='lat' dir='ltr'><strong>dominum</strong></span> <span class='ocrx_word' id='word_1_330' title='bbox 3400 1592 3503 1643; x_wconf 79' lang='lat' dir='ltr'>Dc-</span> 
     </span>
    </p>
   </div>
   <div class='ocr_carea' id='block_1_46' title="bbox 1934 1684 3506 1753">
    <p class='ocr_par' dir='ltr' id='par_1_46' title="bbox 1934 1684 3506 1753">
     <span class='ocr_line' id='line_1_46' title="bbox 1934 1684 3506 1753; baseline -0.001 -16"><span class='ocrx_word' id='word_1_331' title='bbox 1934 1685 2211 1749; x_wconf 72' lang='lat' dir='ltr'><strong>mctrium,</strong></span> <span class='ocrx_word' id='word_1_332' title='bbox 2240 1687 2328 1753; x_wconf 89' lang='lat' dir='ltr'><strong>qui</strong></span> <span class='ocrx_word' id='word_1_333' title='bbox 2362 1699 2415 1739; x_wconf 91' lang='lat' dir='ltr'>et</span> <span class='ocrx_word' id='word_1_334' title='bbox 2446 1687 2497 1737; x_wconf 91' lang='lat' dir='ltr'><strong>in</strong></span> <span class='ocrx_word' id='word_1_335' title='bbox 2534 1686 2838 1752; x_wconf 77' lang='lat' dir='ltr'><strong>imperante</strong></span> <span class='ocrx_word' id='word_1_336' title='bbox 2892 1684 3111 1736; x_wconf 77' lang='lat' dir='ltr'><strong>civitate</strong></span> <span class='ocrx_word' id='word_1_337' title='bbox 3163 1699 3308 1737; x_wconf 90' lang='lat' dir='ltr'><strong>nunc</strong></span> <span class='ocrx_word' id='word_1_338' title='bbox 3356 1699 3506 1736; x_wconf 92' lang='lat' dir='ltr'><strong>com-</strong></span> 
     </span>
    </p>
   </div>
   <div class='ocr_carea' id='block_1_47' title="bbox 1935 1774 3504 1844">
    <p class='ocr_par' dir='ltr' id='par_1_47' title="bbox 1935 1774 3504 1844">
     <span class='ocr_line' id='line_1_47' title="bbox 1935 1774 3504 1844; baseline -0.002 -15"><span class='ocrx_word' id='word_1_339' title='bbox 1935 1793 2174 1837; x_wconf 82' lang='lat' dir='ltr'><strong>morans,</strong></span> <span class='ocrx_word' id='word_1_340' title='bbox 2203 1778 2397 1844; x_wconf 91' lang='lat' dir='ltr'><strong>bicque</strong></span> <span class='ocrx_word' id='word_1_341' title='bbox 2442 1779 2715 1839; x_wconf 76' lang='lat' dir='ltr'>habitans,</span> <span class='ocrx_word' id='word_1_342' title='bbox 2752 1791 2936 1829; x_wconf 91' lang='lat' dir='ltr'><strong>rerum</strong></span> <span class='ocrx_word' id='word_1_343' title='bbox 2979 1775 3224 1827; x_wconf 88' lang='lat' dir='ltr'><strong>omnium</strong></span> <span class='ocrx_word' id='word_1_344' title='bbox 3264 1774 3504 1843; x_wconf 76' lang='lat' dir='ltr'><strong>impera~</strong></span> 
     </span>
    </p>
   </div>
   <div class='ocr_carea' id='block_1_48' title="bbox 1938 1865 3509 1935">
    <p class='ocr_par' dir='ltr' id='par_1_48' title="bbox 1938 1865 3509 1935">
     <span class='ocr_line' id='line_1_48' title="bbox 1938 1865 3509 1935; baseline -0.001 -16"><span class='ocrx_word' id='word_1_345' title='bbox 1938 1868 2039 1919; x_wconf 88' lang='lat' dir='ltr'><strong>tori</strong></span> <span class='ocrx_word' id='word_1_346' title='bbox 2077 1867 2273 1921; x_wconf 89' lang='lat' dir='ltr'><strong>ibidem</strong></span> <span class='ocrx_word' id='word_1_347' title='bbox 2307 1877 2448 1921; x_wconf 84' lang='lat' dir='ltr'><strong>astat</strong></span> <span class='ocrx_word' id='word_1_348' title='bbox 2476 1910 2488 1930; x_wconf 93' lang='lat'>,</span> <span class='ocrx_word' id='word_1_349' title='bbox 2526 1882 2626 1920; x_wconf 86' lang='lat' dir='ltr'>nec</span> <span class='ocrx_word' id='word_1_350' title='bbox 2660 1868 2813 1919; x_wconf 91' lang='lat' dir='ltr'><strong>illum</strong></span> <span class='ocrx_word' id='word_1_351' title='bbox 2845 1910 2857 1931; x_wconf 92' lang='lat'>,</span> <span class='ocrx_word' id='word_1_352' title='bbox 2886 1866 2977 1935; x_wconf 87' lang='lat' dir='ltr'>qui</span> <span class='ocrx_word' id='word_1_353' title='bbox 3015 1865 3101 1918; x_wconf 92' lang='lat' dir='ltr'><strong>hic</strong></span> <span class='ocrx_word' id='word_1_354' title='bbox 3127 1874 3229 1930; x_wconf 84' lang='lat' dir='ltr'><strong>est,</strong></span> <span class='ocrx_word' id='word_1_355' title='bbox 3275 1866 3509 1919; x_wconf 88' lang='lat' dir='ltr'><strong>derelin-</strong></span> 
     </span>
    </p>
   </div>
   <div class='ocr_carea' id='block_1_49' title="bbox 1932 1959 2065 2025">
    <p class='ocr_par' dir='ltr' id='par_1_49' title="bbox 1932 1959 2065 2025">
     <span class='ocr_line' id='line_1_49' title="bbox 1932 1959 2065 2025; baseline 0 -18"><span class='ocrx_word' id='word_1_356' title='bbox 1932 1959 2065 2025; x_wconf 32' lang='lat' dir='ltr'><strong>quit,</strong></span> 
     </span>
    </p>
   </div>
   <div class='ocr_carea' id='block_1_50' title="bbox 2006 2048 3506 2117">
    <p class='ocr_par' dir='ltr' id='par_1_50' title="bbox 2006 2048 3506 2117">
     <span class='ocr_line' id='line_1_50' title="bbox 2006 2048 3506 2117; baseline -0.002 -14"><span class='ocrx_word' id='word_1_357' title='bbox 2006 2052 2089 2103; x_wconf 70' lang='lat' dir='ltr'><strong>lii.</strong></span> <span class='ocrx_word' id='word_1_358' title='bbox 2129 2052 2182 2105; x_wconf 94' lang='lat' dir='ltr'><strong>Id</strong></span> <span class='ocrx_word' id='word_1_359' title='bbox 2227 2064 2406 2103; x_wconf 82' lang='lat' dir='ltr'><strong>autem</strong></span> <span class='ocrx_word' id='word_1_360' title='bbox 2445 2065 2667 2103; x_wconf 89' lang='lat' dir='ltr'><strong>carnem</strong></span> <span class='ocrx_word' id='word_1_361' title='bbox 2723 2058 2777 2102; x_wconf 85' lang='lat' dir='ltr'>et</span> <span class='ocrx_word' id='word_1_362' title='bbox 2822 2048 3145 2117; x_wconf 77' lang='lat' dir='ltr'><strong>sanguinem</strong></span> <span class='ocrx_word' id='word_1_363' title='bbox 3178 2049 3506 2117; x_wconf 78' lang='lat' dir='ltr'><strong>gestantium</strong></span> 
     </span>
    </p>
   </div>
   <div class='ocr_carea' id='block_1_51' title="bbox 1936 2122 3509 2210">
    <p class='ocr_par' dir='ltr' id='par_1_51' title="bbox 1936 2140 3509 2210">
     <span class='ocr_line' id='line_1_51' title="bbox 1936 2140 3509 2210; baseline 0.001 -17"><span class='ocrx_word' id='word_1_364' title='bbox 1936 2142 2065 2194; x_wconf 90' lang='lat' dir='ltr'><strong>nulli</strong></span> <span class='ocrx_word' id='word_1_365' title='bbox 2100 2143 2378 2210; x_wconf 74' lang='lat' dir='ltr'><strong>possibile,</strong></span> <span class='ocrx_word' id='word_1_366' title='bbox 2408 2142 2753 2194; x_wconf 85' lang='lat' dir='ltr'><strong>sanctissimo</strong></span> <span class='ocrx_word' id='word_1_367' title='bbox 2792 2150 2975 2192; x_wconf 88' lang='lat' dir='ltr'><strong>autem</strong></span> <span class='ocrx_word' id='word_1_368' title='bbox 3027 2156 3087 2193; x_wconf 89' lang='lat' dir='ltr'>ac</span> <span class='ocrx_word' id='word_1_369' title='bbox 3129 2140 3509 2207; x_wconf 71' lang='lat' dir='ltr'><strong>przeeminenti</strong></span> 
     </span>
    </p>
   </div>
   <div class='ocr_carea' id='block_1_52' title="bbox 1933 2232 3509 2304">
    <p class='ocr_par' dir='ltr' id='par_1_52' title="bbox 1933 2232 3509 2304">
     <span class='ocr_line' id='line_1_52' title="bbox 1933 2232 3509 2304; baseline -0.001 -16"><span class='ocrx_word' id='word_1_370' title='bbox 1933 2235 2135 2289; x_wconf 84' lang='lat' dir='ltr'>Christi</span> <span class='ocrx_word' id='word_1_371' title='bbox 2190 2236 2412 2304; x_wconf 78' lang='lat' dir='ltr'><strong>martyri</strong></span> <span class='ocrx_word' id='word_1_372' title='bbox 2467 2234 2737 2289; x_wconf 81' lang='lat' dir='ltr'><strong>Demetrio</strong></span> <span class='ocrx_word' id='word_1_373' title='bbox 2784 2233 2938 2287; x_wconf 80' lang='lat' dir='ltr'><strong>valde</strong></span> <span class='ocrx_word' id='word_1_374' title='bbox 2980 2234 3142 2285; x_wconf 78' lang='lat' dir='ltr'><strong>etiam</strong></span> <span class='ocrx_word' id='word_1_375' title='bbox 3185 2233 3360 2286; x_wconf 77' lang='lat' dir='ltr'><strong>facile.</strong></span> <span class='ocrx_word' id='word_1_376' title='bbox 3399 2232 3509 2287; x_wconf 86' lang='lat' dir='ltr'><strong>Sua</strong></span> 
     </span>
    </p>
   </div>
   <div class='ocr_carea' id='block_1_53' title="bbox 1933 2326 3513 2395">
    <p class='ocr_par' dir='ltr' id='par_1_53' title="bbox 1933 2326 3513 2395">
     <span class='ocr_line' id='line_1_53' title="bbox 1933 2326 3513 2395; baseline 0.001 -18"><span class='ocrx_word' id='word_1_377' title='bbox 1933 2328 2075 2379; x_wconf 91' lang='lat' dir='ltr'><strong>enim</strong></span> <span class='ocrx_word' id='word_1_378' title='bbox 2109 2326 2449 2379; x_wconf 86' lang='lat' dir='ltr'><strong>immateriali</strong></span> <span class='ocrx_word' id='word_1_379' title='bbox 2487 2327 2666 2379; x_wconf 89' lang='lat' dir='ltr'><strong>anima</strong></span> <span class='ocrx_word' id='word_1_380' title='bbox 2702 2326 2913 2395; x_wconf 84' lang='lat' dir='ltr'><strong>ﬁdeque</strong></span> <span class='ocrx_word' id='word_1_381' title='bbox 2942 2335 3097 2395; x_wconf 88' lang='lat' dir='ltr'><strong>parat</strong></span> <span class='ocrx_word' id='word_1_382' title='bbox 3128 2326 3355 2393; x_wconf 79' lang='lat' dir='ltr'><strong>regiam,</strong></span> <span class='ocrx_word' id='word_1_383' title='bbox 3391 2341 3513 2394; x_wconf 65' lang='lat' dir='ltr'><strong>qua:</strong></span> 
     </span>
    </p>
   </div>
   <div class='ocr_carea' id='block_1_54' title="bbox 1933 2416 3513 2483">
    <p class='ocr_par' dir='ltr' id='par_1_54' title="bbox 1933 2416 3513 2483">
     <span class='ocr_line' id='line_1_54' title="bbox 1933 2416 3513 2483; baseline -0.001 -11"><span class='ocrx_word' id='word_1_384' title='bbox 1933 2433 2149 2473; x_wconf 88' lang='lat' dir='ltr'><strong>sursum</strong></span> <span class='ocrx_word' id='word_1_385' title='bbox 2183 2429 2286 2483; x_wconf 88' lang='lat' dir='ltr'><strong>est,</strong></span> <span class='ocrx_word' id='word_1_386' title='bbox 2319 2420 2595 2472; x_wconf 79' lang='lat' dir='ltr'><strong>civitatem</strong></span> <span class='ocrx_word' id='word_1_387' title='bbox 2628 2419 2933 2472; x_wconf 81' lang='lat' dir='ltr'><strong>Jerusalem</strong></span> <span class='ocrx_word' id='word_1_388' title='bbox 2967 2418 3256 2482; x_wconf 80' lang='lat' dir='ltr'>inhabitat,</span> <span class='ocrx_word' id='word_1_389' title='bbox 3285 2416 3513 2470; x_wconf 87' lang='lat' dir='ltr'><strong>Thessa-</strong></span> 
     </span>
    </p>
   </div>
   <div class='ocr_carea' id='block_1_55' title="bbox 1936 2511 3509 2581">
    <p class='ocr_par' dir='ltr' id='par_1_55' title="bbox 1936 2511 3509 2581">
     <span class='ocr_line' id='line_1_55' title="bbox 1936 2511 3509 2581; baseline 0.001 -17"><span class='ocrx_word' id='word_1_390' title='bbox 1936 2511 2304 2581; x_wconf 89' lang='lat' dir='ltr'><strong>lonicamque,</strong></span> <span class='ocrx_word' id='word_1_391' title='bbox 2338 2528 2459 2580; x_wconf 69' lang='lat' dir='ltr'><strong>quae</strong></span> <span class='ocrx_word' id='word_1_392' title='bbox 2508 2514 2687 2581; x_wconf 91' lang='lat' dir='ltr'><strong>ipsum</strong></span> <span class='ocrx_word' id='word_1_393' title='bbox 2734 2514 2983 2578; x_wconf 90' lang='lat' dir='ltr'><strong>enutriit,</strong></span> <span class='ocrx_word' id='word_1_394' title='bbox 3036 2511 3180 2566; x_wconf 86' lang='lat' dir='ltr'><strong>haud</strong></span> <span class='ocrx_word' id='word_1_395' title='bbox 3233 2512 3509 2580; x_wconf 88' lang='lat' dir='ltr'><strong>relinquit.</strong></span> 
     </span>
    </p>
   </div>
   <div class='ocr_carea' id='block_1_56' title="bbox 1937 2602 3513 2674">
    <p class='ocr_par' dir='ltr' id='par_1_56' title="bbox 1937 2602 3513 2674">
     <span class='ocr_line' id='line_1_56' title="bbox 1937 2602 3513 2674; baseline 0 -18"><span class='ocrx_word' id='word_1_396' title='bbox 1937 2602 2109 2657; x_wconf 86' lang='lat' dir='ltr'><strong>Habet</strong></span> <span class='ocrx_word' id='word_1_397' title='bbox 2140 2604 2321 2674; x_wconf 83' lang='lat' dir='ltr'><strong>itaque</strong></span> <span class='ocrx_word' id='word_1_398' title='bbox 2358 2606 2411 2658; x_wconf 91' lang='lat' dir='ltr'><strong>in</strong></span> <span class='ocrx_word' id='word_1_399' title='bbox 2457 2606 2723 2660; x_wconf 87' lang='lat' dir='ltr'><strong>ambabus</strong></span> <span class='ocrx_word' id='word_1_400' title='bbox 2762 2606 3082 2659; x_wconf 76' lang='lat' dir='ltr'><strong>civitatibus</strong></span> <span class='ocrx_word' id='word_1_401' title='bbox 3134 2605 3348 2658; x_wconf 89' lang='lat' dir='ltr'><strong>domos.</strong></span> <span class='ocrx_word' id='word_1_402' title='bbox 3400 2603 3513 2657; x_wconf 82' lang='lat' dir='ltr'>Mo-</span> 
     </span>
    </p>
   </div>
   <div class='ocr_carea' id='block_1_57' title="bbox 1938 2696 3515 2765">
    <p class='ocr_par' dir='ltr' id='par_1_57' title="bbox 1938 2696 3515 2765">
     <span class='ocr_line' id='line_1_57' title="bbox 1938 2696 3515 2765; baseline 0.002 -18"><span class='ocrx_word' id='word_1_403' title='bbox 1938 2696 2060 2749; x_wconf 90' lang='lat' dir='ltr'><strong>nuit</strong></span> <span class='ocrx_word' id='word_1_404' title='bbox 2089 2706 2270 2750; x_wconf 88' lang='lat' dir='ltr'><strong>autem</strong></span> <span class='ocrx_word' id='word_1_405' title='bbox 2306 2706 2377 2761; x_wconf 88' lang='lat' dir='ltr'>te,</span> <span class='ocrx_word' id='word_1_406' title='bbox 2412 2698 2695 2751; x_wconf 91' lang='lat' dir='ltr'><strong>dominum</strong></span> <span class='ocrx_word' id='word_1_407' title='bbox 2726 2714 2929 2760; x_wconf 90' lang='lat' dir='ltr'><strong>meum,</strong></span> <span class='ocrx_word' id='word_1_408' title='bbox 2959 2708 3016 2750; x_wconf 92' lang='lat' dir='ltr'><strong>ut</strong></span> <span class='ocrx_word' id='word_1_409' title='bbox 3046 2698 3110 2751; x_wconf 85' lang='lat' dir='ltr'>ad</span> <span class='ocrx_word' id='word_1_410' title='bbox 3141 2698 3362 2751; x_wconf 88' lang='lat' dir='ltr'><strong>domum</strong></span> <span class='ocrx_word' id='word_1_411' title='bbox 3397 2698 3515 2765; x_wconf 73' lang='lat' dir='ltr'><strong>ejus</strong></span> 
     </span>
    </p>
   </div>
   <div class='ocr_carea' id='block_1_58' title="bbox 1937 2786 3511 2856">
    <p class='ocr_par' dir='ltr' id='par_1_58' title="bbox 1937 2786 3511 2856">
     <span class='ocr_line' id='line_1_58' title="bbox 1937 2786 3511 2856; baseline 0 -18"><span class='ocrx_word' id='word_1_412' title='bbox 1937 2786 2205 2841; x_wconf 87' lang='lat' dir='ltr'>accedens</span> <span class='ocrx_word' id='word_1_413' title='bbox 2225 2787 2511 2841; x_wconf 86' lang='lat' dir='ltr'><strong>sanitatem</strong></span> <span class='ocrx_word' id='word_1_414' title='bbox 2531 2788 2905 2856; x_wconf 79' lang='lat' dir='ltr'><strong>cmisequaris.</strong></span> <span class='ocrx_word' id='word_1_415' title='bbox 2936 2788 3301 2855; x_wconf 74' lang='lat' dir='ltr'><strong>DiSpiciamus</strong></span> <span class='ocrx_word' id='word_1_416' title='bbox 3326 2786 3511 2855; x_wconf 76' lang='lat' dir='ltr'><strong>igittn,</strong></span> 
     </span>
    </p>
   </div>
   <div class='ocr_carea' id='block_1_59' title="bbox 1940 2880 3511 2949">
    <p class='ocr_par' dir='ltr' id='par_1_59' title="bbox 1940 2880 3511 2949">
     <span class='ocr_line' id='line_1_59' title="bbox 1940 2880 3511 2949; baseline -0.001 -19"><span class='ocrx_word' id='word_1_417' title='bbox 1940 2893 2070 2931; x_wconf 91' lang='lat' dir='ltr'>num</span> <span class='ocrx_word' id='word_1_418' title='bbox 2125 2888 2199 2943; x_wconf 88' lang='lat' dir='ltr'>te,</span> <span class='ocrx_word' id='word_1_419' title='bbox 2252 2894 2452 2947; x_wconf 88' lang='lat' dir='ltr'><strong>corpus</strong></span> <span class='ocrx_word' id='word_1_420' title='bbox 2502 2881 3075 2949; x_wconf 71' lang='lat' dir='ltr'><strong>gestantem.domum</strong></span> <span class='ocrx_word' id='word_1_421' title='bbox 3120 2880 3260 2945; x_wconf 79' lang='lat' dir='ltr'><strong>ejus,</strong></span> <span class='ocrx_word' id='word_1_422' title='bbox 3294 2895 3414 2945; x_wconf 56' lang='lat' dir='ltr'>qum</span> <span class='ocrx_word' id='word_1_423' title='bbox 3462 2880 3511 2930; x_wconf 82' lang='lat' dir='ltr'>ii-</span> 
     </span>
    </p>
   </div>
   <div class='ocr_carea' id='block_1_60' title="bbox 1942 2969 3514 3038">
    <p class='ocr_par' dir='ltr' id='par_1_60' title="bbox 1942 2969 3514 3038">
     <span class='ocr_line' id='line_1_60' title="bbox 1942 2969 3514 3038; baseline 0 -15"><span class='ocrx_word' id='word_1_424' title='bbox 1942 2984 2174 3037; x_wconf 86' lang='lat' dir='ltr'><strong>superna</strong></span> <span class='ocrx_word' id='word_1_425' title='bbox 2199 2969 2499 3023; x_wconf 82' lang='lat' dir='ltr'><strong>Jerusalem</strong></span> <span class='ocrx_word' id='word_1_426' title='bbox 2530 2981 2632 3032; x_wconf 86' lang='lat' dir='ltr'><strong>est,</strong></span> <span class='ocrx_word' id='word_1_427' title='bbox 2667 2971 2818 3023; x_wconf 89' lang='lat' dir='ltr'><strong>adire</strong></span> <span class='ocrx_word' id='word_1_428' title='bbox 2845 2971 2914 3023; x_wconf 89' lang='lat' dir='ltr'><strong>sit</strong></span> <span class='ocrx_word' id='word_1_429' title='bbox 2973 2971 3248 3038; x_wconf 72' lang='lat' dir='ltr'><strong>possibile.</strong></span> <span class='ocrx_word' id='word_1_430' title='bbox 3284 2970 3335 3023; x_wconf 91' lang='lat' dir='ltr'><strong>Id</strong></span> <span class='ocrx_word' id='word_1_431' title='bbox 3364 2971 3514 3023; x_wconf 88' lang='lat' dir='ltr'><strong>enim</strong></span> 
     </span>
    </p>
   </div>
   <div class='ocr_carea' id='block_1_61' title="bbox 1942 3061 3517 3130">
    <p class='ocr_par' dir='ltr' id='par_1_61' title="bbox 1942 3061 3517 3130">
     <span class='ocr_line' id='line_1_61' title="bbox 1942 3061 3517 3130; baseline -0.001 -17"><span class='ocrx_word' id='word_1_432' title='bbox 1942 3061 2106 3114; x_wconf 87' lang='lat' dir='ltr'><strong>etiam</strong></span> <span class='ocrx_word' id='word_1_433' title='bbox 2148 3071 2199 3115; x_wconf 84' lang='lat' dir='ltr'><strong>te</strong></span> <span class='ocrx_word' id='word_1_434' title='bbox 2249 3062 2437 3116; x_wconf 85' lang='lat' dir='ltr'><strong>morbo</strong></span> <span class='ocrx_word' id='word_1_435' title='bbox 2482 3062 2831 3115; x_wconf 84' lang='lat' dir='ltr'><strong>liberaturum</strong></span> <span class='ocrx_word' id='word_1_436' title='bbox 2869 3062 3140 3130; x_wconf 57' lang='lat' dir='ltr'><strong>promisit.</strong></span> <span class='ocrx_word' id='word_1_437' title='bbox 3177 3061 3379 3115; x_wconf 82' lang='lat' dir='ltr'><strong>Verum</strong></span> <span class='ocrx_word' id='word_1_438' title='bbox 3423 3079 3517 3113; x_wconf 84' lang='lat' dir='ltr'><strong>na-</strong></span> 
     </span>
    </p>
   </div>
   <div class='ocr_carea' id='block_1_62' title="bbox 260 3146 1926 3225">
    <p class='ocr_par' dir='ltr' id='par_1_62' title="bbox 260 3146 1909 3225">
     <span class='ocr_line' id='line_1_62' title="bbox 260 3146 1909 3225; baseline 0.001 -25"><span class='ocrx_word' id='word_1_439' title='bbox 260 3148 494 3216; x_wconf 71' lang='grc' dir='ltr'>φυσικὸν</span> <span class='ocrx_word' id='word_1_440' title='bbox 524 3148 670 3216; x_wconf 81' lang='grc' dir='ltr'>ἡμᾶς</span> <span class='ocrx_word' id='word_1_441' title='bbox 695 3146 788 3199; x_wconf 91' lang='grc' dir='ltr'>νῦν</span> <span class='ocrx_word' id='word_1_442' title='bbox 822 3150 963 3216; x_wconf 74' lang='grc' dir='ltr'>μετὰ</span> <span class='ocrx_word' id='word_1_443' title='bbox 989 3148 1227 3215; x_wconf 84' lang='grc' dir='ltr'>γεώδους</span> <span class='ocrx_word' id='word_1_444' title='bbox 1260 3150 1495 3219; x_wconf 84' lang='grc' dir='ltr'>σκήνους</span> <span class='ocrx_word' id='word_1_445' title='bbox 1545 3149 1614 3201; x_wconf 83' lang='grc' dir='ltr'>τὰ</span> <span class='ocrx_word' id='word_1_446' title='bbox 1658 3151 1836 3202; x_wconf 77' lang='grc' dir='ltr'>ἐκεῖσε</span> <span class='ocrx_word' id='word_1_447' title='bbox 1866 3168 1909 3225; x_wconf 79' lang='lat' dir='ltr'><strong>c</strong></span> 
     </span>
    </p>
   </div>
   <div class='ocr_carea' id='block_1_63' title="bbox 1847 3146 3513 3225">
    <p class='ocr_par' dir='ltr' id='par_1_63' title="bbox 1866 3154 3513 3225">
     <span class='ocr_line' id='line_1_63' title="bbox 1866 3154 3513 3225; baseline -0.004 -19"><span class='ocrx_word' id='word_1_448' title='bbox 1866 3168 1909 3225; x_wconf 77' lang='grc' dir='ltr'>ο</span> <span class='ocrx_word' id='word_1_449' title='bbox 1946 3154 2117 3207; x_wconf 81' lang='lat' dir='ltr'><strong>turale</strong></span> <span class='ocrx_word' id='word_1_450' title='bbox 2165 3154 2311 3207; x_wconf 88' lang='lat' dir='ltr'><strong>haud</strong></span> <span class='ocrx_word' id='word_1_451' title='bbox 2360 3165 2463 3217; x_wconf 85' lang='lat' dir='ltr'><strong>est,</strong></span> <span class='ocrx_word' id='word_1_452' title='bbox 2498 3168 2600 3206; x_wconf 90' lang='lat' dir='ltr'><strong>nos</strong></span> <span class='ocrx_word' id='word_1_453' title='bbox 2638 3154 2798 3206; x_wconf 91' lang='lat' dir='ltr'><strong>modo</strong></span> <span class='ocrx_word' id='word_1_454' title='bbox 2833 3169 2955 3205; x_wconf 91' lang='lat' dir='ltr'>cum</span> <span class='ocrx_word' id='word_1_455' title='bbox 3000 3163 3221 3206; x_wconf 82' lang='lat' dir='ltr'><strong>terreno</strong></span> <span class='ocrx_word' id='word_1_456' title='bbox 3263 3168 3513 3219; x_wconf 52' lang='lat' dir='ltr'><strong>corpore,</strong></span> 
     </span>
    </p>
   </div>
   <div class='ocr_carea' id='block_1_64' title="bbox 261 3239 1836 3312">
    <p class='ocr_par' dir='ltr' id='par_1_64' title="bbox 261 3239 1836 3312">
     <span class='ocr_line' id='line_1_64' title="bbox 261 3239 1836 3312; baseline -0.001 -18"><span class='ocrx_word' id='word_1_457' title='bbox 261 3241 637 3294; x_wconf 75' lang='grc' dir='ltr'>καταλαὸεἰν·</span> <span class='ocrx_word' id='word_1_458' title='bbox 699 3241 943 3293; x_wconf 84' lang='grc' dir='ltr'>λείπεται</span> <span class='ocrx_word' id='word_1_459' title='bbox 992 3241 1176 3293; x_wconf 88' lang='grc' dir='ltr'>τοίνυν</span> <span class='ocrx_word' id='word_1_460' title='bbox 1218 3240 1348 3309; x_wconf 74' lang='grc' dir='ltr'>περὶ</span> <span class='ocrx_word' id='word_1_461' title='bbox 1412 3239 1507 3292; x_wconf 92' lang='grc' dir='ltr'>τοῦ</span> <span class='ocrx_word' id='word_1_462' title='bbox 1558 3241 1616 3292; x_wconf 84' lang='grc' dir='ltr'>ὲν</span> <span class='ocrx_word' id='word_1_463' title='bbox 1663 3240 1836 3312; x_wconf 80' lang='grc' dir='ltr'>ταύτῃ</span> 
     </span>
    </p>
   </div>
   <div class='ocr_carea' id='block_1_65' title="bbox 260 3330 1837 3400">
    <p class='ocr_par' dir='ltr' id='par_1_65' title="bbox 260 3330 1837 3400">
     <span class='ocr_line' id='line_1_65' title="bbox 260 3330 1837 3400; baseline 0.001 -18"><span class='ocrx_word' id='word_1_464' title='bbox 260 3334 332 3399; x_wconf 76' lang='grc' dir='ltr'>τῇ</span> <span class='ocrx_word' id='word_1_465' title='bbox 370 3330 726 3399; x_wconf 85' lang='grc' dir='ltr'>θεοφυλάκτῳ</span> <span class='ocrx_word' id='word_1_466' title='bbox 755 3330 863 3382; x_wconf 84' lang='grc' dir='ltr'>τῶν</span> <span class='ocrx_word' id='word_1_467' title='bbox 894 3330 1340 3383; x_wconf 84' lang='grc' dir='ltr'>Θεσσαλονικέων</span> <span class='ocrx_word' id='word_1_468' title='bbox 1386 3332 1719 3400; x_wconf 85' lang='grc' dir='ltr'>μητροπόλει</span> <span class='ocrx_word' id='word_1_469' title='bbox 1753 3350 1837 3384; x_wconf 91' lang='grc' dir='ltr'>σε-</span> 
     </span>
    </p>
   </div>
   <div class='ocr_carea' id='block_1_66' title="bbox 261 3418 1837 3493">
    <p class='ocr_par' dir='ltr' id='par_1_66' title="bbox 261 3418 1837 3493">
     <span class='ocr_line' id='line_1_66' title="bbox 261 3418 1837 3493; baseline 0.003 -20"><span class='ocrx_word' id='word_1_470' title='bbox 261 3420 503 3489; x_wconf 78' lang='grc' dir='ltr'>ϐασμίου</span> <span class='ocrx_word' id='word_1_471' title='bbox 530 3420 680 3472; x_wconf 86' lang='grc' dir='ltr'>οἴκου</span> <span class='ocrx_word' id='word_1_472' title='bbox 705 3420 871 3473; x_wconf 83' lang='grc' dir='ltr'>αὑτοῦ</span> <span class='ocrx_word' id='word_1_473' title='bbox 906 3421 999 3473; x_wconf 76' lang='grc' dir='ltr'>τὸν</span> <span class='ocrx_word' id='word_1_474' title='bbox 1030 3422 1089 3473; x_wconf 75' lang='grc' dir='ltr'>έν</span> <span class='ocrx_word' id='word_1_475' title='bbox 1118 3418 1197 3489; x_wconf 87' lang='grc' dir='ltr'>τῷ</span> <span class='ocrx_word' id='word_1_476' title='bbox 1238 3420 1391 3491; x_wconf 85' lang='grc' dir='ltr'>ῦπνῳ</span> <span class='ocrx_word' id='word_1_477' title='bbox 1417 3422 1729 3493; x_wconf 83' lang='grc' dir='ltr'>λαλήσαντά</span> <span class='ocrx_word' id='word_1_478' title='bbox 1756 3443 1837 3477; x_wconf 87' lang='grc' dir='ltr'>σοι</span> 
     </span>
    </p>
   </div>
   <div class='ocr_carea' id='block_1_67' title="bbox 264 3510 636 3578">
    <p class='ocr_par' dir='ltr' id='par_1_67' title="bbox 264 3510 636 3578">
     <span class='ocr_line' id='line_1_67' title="bbox 264 3510 636 3578; baseline 0.005 -18"><span class='ocrx_word' id='word_1_479' title='bbox 264 3510 636 3578; x_wconf 85' lang='grc' dir='ltr'>σημάνασθαι.</span> 
     </span>
    </p>
   </div>
   <div class='ocr_carea' id='block_1_68' title="bbox 343 3598 1838 3673">
    <p class='ocr_par' dir='ltr' id='par_1_68' title="bbox 343 3598 1838 3673">
     <span class='ocr_line' id='line_1_68' title="bbox 343 3598 1838 3673; baseline 0.005 -21"><span class='ocrx_word' id='word_1_480' title='bbox 343 3608 438 3665; x_wconf 80' lang='grc' dir='ltr'>ις’.</span> <span class='ocrx_word' id='word_1_481' title='bbox 468 3601 532 3655; x_wconf 85' lang='grc' dir='ltr'>Τί</span> <span class='ocrx_word' id='word_1_482' title='bbox 576 3598 669 3655; x_wconf 85' lang='lat' dir='ltr'><strong>06v</strong></span> <span class='ocrx_word' id='word_1_483' title='bbox 705 3602 999 3673; x_wconf 82' lang='grc' dir='ltr'>μέλλομεν,</span> <span class='ocrx_word' id='word_1_484' title='bbox 1037 3598 1081 3657; x_wconf 81' lang='grc' dir='ltr'><strong>ὦ</strong></span> <span class='ocrx_word' id='word_1_485' title='bbox 1104 3604 1363 3669; x_wconf 85' lang='grc' dir='ltr'>δέσποτα,</span> <span class='ocrx_word' id='word_1_486' title='bbox 1398 3606 1493 3659; x_wconf 64' lang='grc' dir='ltr'>καὶ⁵</span> <span class='ocrx_word' id='word_1_487' title='bbox 1550 3608 1653 3660; x_wconf 79' lang='grc' dir='ltr'>οὐκ</span> <span class='ocrx_word' id='word_1_488' title='bbox 1708 3610 1838 3663; x_wconf 80' lang='grc' dir='ltr'>άπι-</span> 
     </span>
    </p>
   </div>
   <div class='ocr_carea' id='block_1_69' title="bbox 267 3696 1841 3769">
    <p class='ocr_par' dir='ltr' id='par_1_69' title="bbox 267 3696 1841 3769">
     <span class='ocr_line' id='line_1_69' title="bbox 267 3696 1841 3769; baseline 0.005 -24"><span class='ocrx_word' id='word_1_489' title='bbox 267 3712 392 3763; x_wconf 88' lang='grc' dir='ltr'>μεν,</span> <span class='ocrx_word' id='word_1_490' title='bbox 430 3697 523 3747; x_wconf 77' lang='grc' dir='ltr'>καὶ</span> <span class='ocrx_word' id='word_1_491' title='bbox 550 3697 648 3765; x_wconf 83' lang='grc' dir='ltr'>τὴν</span> <span class='ocrx_word' id='word_1_492' title='bbox 674 3696 806 3767; x_wconf 81' lang='grc' dir='ltr'>παρ’</span> <span class='ocrx_word' id='word_1_493' title='bbox 828 3697 996 3750; x_wconf 81' lang='grc' dir='ltr'>αὑτοῦ</span> <span class='ocrx_word' id='word_1_494' title='bbox 1025 3698 1323 3768; x_wconf 84' lang='grc' dir='ltr'>τρυγῶμεν</span> <span class='ocrx_word' id='word_1_495' title='bbox 1355 3702 1696 3769; x_wconf 77' lang='grc' dir='ltr'>ὲπισκοπήνς</span> <span class='ocrx_word' id='word_1_496' title='bbox 1731 3703 1841 3755; x_wconf 73' lang='grc' dir='ltr'>Καὶ</span> 
     </span>
    </p>
   </div>
   <div class='ocr_carea' id='block_1_70' title="bbox 260 3788 1838 3861">
    <p class='ocr_par' dir='ltr' id='par_1_70' title="bbox 260 3788 1838 3861">
     <span class='ocr_line' id='line_1_70' title="bbox 260 3788 1838 3861; baseline 0.003 -20"><span class='ocrx_word' id='word_1_497' title='bbox 260 3788 444 3841; x_wconf 86' lang='grc' dir='ltr'>ταῦτα</span> <span class='ocrx_word' id='word_1_498' title='bbox 473 3790 655 3858; x_wconf 84' lang='grc' dir='ltr'>φήσας</span> <span class='ocrx_word' id='word_1_499' title='bbox 684 3790 713 3841; x_wconf 83' lang='grc' dir='ltr'>ό</span> <span class='ocrx_word' id='word_1_500' title='bbox 745 3792 894 3855; x_wconf 79' lang='grc' dir='ltr'>παῖς,</span> <span class='ocrx_word' id='word_1_501' title='bbox 932 3790 1124 3859; x_wconf 77' lang='grc' dir='ltr'>ἡγειρε</span> <span class='ocrx_word' id='word_1_502' title='bbox 1159 3790 1264 3859; x_wconf 81' lang='grc' dir='ltr'>τῆς</span> <span class='ocrx_word' id='word_1_503' title='bbox 1294 3792 1483 3861; x_wconf 86' lang='grc' dir='ltr'>κλίνης</span> <span class='ocrx_word' id='word_1_504' title='bbox 1515 3794 1606 3845; x_wconf 83' lang='grc' dir='ltr'>τὸν</span> <span class='ocrx_word' id='word_1_505' title='bbox 1643 3794 1838 3846; x_wconf 67' lang='grc' dir='ltr'>ἑαυτοῦ</span> 
     </span>
    </p>
   </div>
   <div class='ocr_carea' id='block_1_71' title="bbox 264 3880 1842 3954">
    <p class='ocr_par' dir='ltr' id='par_1_71' title="bbox 264 3880 1842 3954">
     <span class='ocr_line' id='line_1_71' title="bbox 264 3880 1842 3954; baseline 0.004 -22"><span class='ocrx_word' id='word_1_506' title='bbox 264 3880 563 3949; x_wconf 78' lang='grc' dir='ltr'>δεσπότην,</span> <span class='ocrx_word' id='word_1_507' title='bbox 603 3883 697 3935; x_wconf 80' lang='grc' dir='ltr'>καὶ</span> <span class='ocrx_word' id='word_1_508' title='bbox 734 3881 854 3950; x_wconf 81' lang='grc' dir='ltr'>μεθ’</span> <span class='ocrx_word' id='word_1_509' title='bbox 884 3882 1091 3952; x_wconf 76' lang='grc' dir='ltr'>ἑτέρων</span> <span class='ocrx_word' id='word_1_510' title='bbox 1122 3884 1421 3937; x_wconf 84' lang='grc' dir='ltr'>συνδούλων</span> <span class='ocrx_word' id='word_1_511' title='bbox 1453 3886 1617 3938; x_wconf 84' lang='grc' dir='ltr'>αὑτοῦ</span> <span class='ocrx_word' id='word_1_512' title='bbox 1646 3886 1842 3954; x_wconf 89' lang='grc' dir='ltr'>βαστά-</span> 
     </span>
    </p>
   </div>
   <div class='ocr_carea' id='block_1_72' title="bbox 268 3975 1839 4047">
    <p class='ocr_par' dir='ltr' id='par_1_72' title="bbox 268 3975 1839 4047">
     <span class='ocr_line' id='line_1_72' title="bbox 268 3975 1839 4047; baseline 0.001 -19"><span class='ocrx_word' id='word_1_513' title='bbox 268 3992 373 4036; x_wconf 88' lang='grc' dir='ltr'>σας</span> <span class='ocrx_word' id='word_1_514' title='bbox 424 3977 544 4036; x_wconf 87' lang='grc' dir='ltr'>ταῖς</span> <span class='ocrx_word' id='word_1_515' title='bbox 589 3978 765 4045; x_wconf 81' lang='grc' dir='ltr'>χερσὶ,</span> <span class='ocrx_word' id='word_1_516' title='bbox 803 3975 1155 4045; x_wconf 84' lang='grc' dir='ltr'>συμπλέγδην</span> <span class='ocrx_word' id='word_1_517' title='bbox 1199 3976 1543 4044; x_wconf 72' lang='grc' dir='ltr'>ἑκατέρωθεν</span> <span class='ocrx_word' id='word_1_518' title='bbox 1592 3980 1839 4047; x_wconf 81' lang='grc' dir='ltr'>αὐτοφυῆ</span> 
     </span>
    </p>
   </div>
   <div class='ocr_carea' id='block_1_73' title="bbox 267 4066 1842 4140">
    <p class='ocr_par' dir='ltr' id='par_1_73' title="bbox 267 4066 1842 4140">
     <span class='ocr_line' id='line_1_73' title="bbox 267 4066 1842 4140; baseline 0.002 -21"><span class='ocrx_word' id='word_1_519' title='bbox 267 4066 541 4137; x_wconf 86' lang='grc' dir='ltr'>καθέδραν</span> <span class='ocrx_word' id='word_1_520' title='bbox 570 4067 718 4135; x_wconf 83' lang='grc' dir='ltr'>αὑτῴ</span> <span class='ocrx_word' id='word_1_521' title='bbox 752 4067 1200 4137; x_wconf 81' lang='grc' dir='ltr'>μηχανησάμενοι</span> <span class='ocrx_word' id='word_1_522' title='bbox 1236 4068 1376 4137; x_wconf 80' lang='grc' dir='ltr'>(οὐδὲ</span> <span class='ocrx_word' id='word_1_523' title='bbox 1420 4069 1528 4139; x_wconf 80' lang='grc' dir='ltr'>γάρ</span> <span class='ocrx_word' id='word_1_524' title='bbox 1574 4070 1726 4140; x_wconf 80' lang='grc' dir='ltr'>ἵππῳ</span> <span class='ocrx_word' id='word_1_525' title='bbox 1755 4071 1842 4122; x_wconf 84' lang='grc' dir='ltr'>εύ-</span> 
     </span>
    </p>
   </div>
   <div class='ocr_carea' id='block_1_74' title="bbox 269 4159 1841 4233">
    <p class='ocr_par' dir='ltr' id='par_1_74' title="bbox 269 4159 1841 4233">
     <span class='ocr_line' id='line_1_74' title="bbox 269 4159 1841 4233; baseline 0.003 -22"><span class='ocrx_word' id='word_1_526' title='bbox 269 4160 453 4229; x_wconf 83' lang='grc' dir='ltr'>φόρως</span> <span class='ocrx_word' id='word_1_527' title='bbox 470 4159 785 4228; x_wconf 67' lang='grc' dir='ltr'>ἐποχεῖσθαι</span> <span class='ocrx_word' id='word_1_528' title='bbox 810 4160 1079 4227; x_wconf 72' lang='grc' dir='ltr'>ἐδύνατο),</span> <span class='ocrx_word' id='word_1_529' title='bbox 1105 4161 1345 4230; x_wconf 78' lang='grc' dir='ltr'>ήνεγκαν</span> <span class='ocrx_word' id='word_1_530' title='bbox 1363 4164 1420 4215; x_wconf 84' lang='grc' dir='ltr'>ὲν</span> <span class='ocrx_word' id='word_1_531' title='bbox 1446 4162 1523 4230; x_wconf 83' lang='grc' dir='ltr'>τῷ</span> <span class='ocrx_word' id='word_1_532' title='bbox 1546 4163 1841 4233; x_wconf 84' lang='grc' dir='ltr'>πανσέπτῳ</span> 
     </span>
    </p>
   </div>
   <div class='ocr_carea' id='block_1_75' title="bbox 271 4249 1842 4321">
    <p class='ocr_par' dir='ltr' id='par_1_75' title="bbox 271 4249 1842 4321">
     <span class='ocr_line' id='line_1_75' title="bbox 271 4249 1842 4321; baseline 0.003 -18"><span class='ocrx_word' id='word_1_533' title='bbox 271 4250 389 4319; x_wconf 85' lang='grc' dir='ltr'>ναῷ</span> <span class='ocrx_word' id='word_1_534' title='bbox 438 4249 533 4301; x_wconf 84' lang='grc' dir='ltr'>τοῦ</span> <span class='ocrx_word' id='word_1_535' title='bbox 595 4250 919 4315; x_wconf 77' lang='grc' dir='ltr'>πανενδόξου</span> <span class='ocrx_word' id='word_1_536' title='bbox 974 4250 1250 4320; x_wconf 82' lang='grc' dir='ltr'>μάρτυρος</span> <span class='ocrx_word' id='word_1_537' title='bbox 1300 4253 1634 4321; x_wconf 87' lang='grc' dir='ltr'>Δημητρίου.</span> <span class='ocrx_word' id='word_1_538' title='bbox 1682 4253 1739 4306; x_wconf 85' lang='lat'>&#39;0</span> <span class='ocrx_word' id='word_1_539' title='bbox 1786 4255 1842 4308; x_wconf 82' lang='grc' dir='ltr'>δὲ</span> 
     </span>
    </p>
   </div>
   <div class='ocr_carea' id='block_1_76' title="bbox 268 4340 1842 4409">
    <p class='ocr_par' dir='ltr' id='par_1_76' title="bbox 268 4340 1842 4409">
     <span class='ocr_line' id='line_1_76' title="bbox 268 4340 1842 4409; baseline 0.001 -13"><span class='ocrx_word' id='word_1_540' title='bbox 268 4343 555 4405; x_wconf 76' lang='grc' dir='ltr'>εἰσελθὼν,</span> <span class='ocrx_word' id='word_1_541' title='bbox 589 4342 685 4394; x_wconf 77' lang='grc' dir='ltr'>καὶ</span> <span class='ocrx_word' id='word_1_542' title='bbox 740 4340 862 4394; x_wconf 84' lang='grc' dir='ltr'>ἰδὼν</span> <span class='ocrx_word' id='word_1_543' title='bbox 907 4342 1007 4408; x_wconf 77' lang='grc' dir='ltr'>τὴν</span> <span class='ocrx_word' id='word_1_544' title='bbox 1040 4343 1374 4409; x_wconf 81' lang='grc' dir='ltr'>εὐπρέπειαν</span> <span class='ocrx_word' id='word_1_545' title='bbox 1414 4342 1511 4395; x_wconf 92' lang='grc' dir='ltr'>τοῦ</span> <span class='ocrx_word' id='word_1_546' title='bbox 1546 4346 1719 4408; x_wconf 89' lang='grc' dir='ltr'>οἴκου,</span> <span class='ocrx_word' id='word_1_547' title='bbox 1748 4347 1842 4399; x_wconf 77' lang='grc' dir='ltr'>καὶ</span> 
     </span>
    </p>
   </div>
   <div class='ocr_carea' id='block_1_77' title="bbox 269 4432 1842 4503">
    <p class='ocr_par' dir='ltr' id='par_1_77' title="bbox 269 4432 1842 4503">
     <span class='ocr_line' id='line_1_77' title="bbox 269 4432 1842 4503; baseline 0.003 -18"><span class='ocrx_word' id='word_1_548' title='bbox 269 4433 374 4500; x_wconf 83' lang='grc' dir='ltr'>τὴν</span> <span class='ocrx_word' id='word_1_549' title='bbox 418 4433 474 4483; x_wconf 86' lang='grc' dir='ltr'>ὲν</span> <span class='ocrx_word' id='word_1_550' title='bbox 516 4432 665 4499; x_wconf 82' lang='grc' dir='ltr'>αὐτῷ</span> <span class='ocrx_word' id='word_1_551' title='bbox 707 4433 1085 4500; x_wconf 82' lang='grc' dir='ltr'>πνευματικὴν</span> <span class='ocrx_word' id='word_1_552' title='bbox 1120 4432 1372 4493; x_wconf 83' lang='grc' dir='ltr'>εὐωδίαν,</span> <span class='ocrx_word' id='word_1_553' title='bbox 1406 4433 1503 4503; x_wconf 82' lang='grc' dir='ltr'>τὴν</span> <span class='ocrx_word' id='word_1_554' title='bbox 1532 4435 1842 4503; x_wconf 79' lang='grc' dir='ltr'>τρέφουσαν</span> 
     </span>
    </p>
   </div>
   <div class='ocr_carea' id='block_1_78' title="bbox 1943 3241 3516 3311">
    <p class='ocr_par' dir='ltr' id='par_1_78' title="bbox 1943 3241 3516 3311">
     <span class='ocr_line' id='line_1_78' title="bbox 1943 3241 3516 3311; baseline -0.003 -15"><span class='ocrx_word' id='word_1_555' title='bbox 1943 3259 2062 3311; x_wconf 67' lang='lat' dir='ltr'><strong>qua:</strong></span> <span class='ocrx_word' id='word_1_556' title='bbox 2092 3243 2289 3297; x_wconf 83' lang='lat' dir='ltr'><strong>ibidem</strong></span> <span class='ocrx_word' id='word_1_557' title='bbox 2336 3252 2483 3307; x_wconf 86' lang='lat' dir='ltr'><strong>sunt,</strong></span> <span class='ocrx_word' id='word_1_558' title='bbox 2515 3253 2721 3297; x_wconf 84' lang='lat' dir='ltr'><strong>tenere.</strong></span> <span class='ocrx_word' id='word_1_559' title='bbox 2755 3241 2948 3295; x_wconf 81' lang='lat' dir='ltr'><strong>Restat</strong></span> <span class='ocrx_word' id='word_1_560' title='bbox 2986 3258 3137 3311; x_wconf 73' lang='lat' dir='ltr'><strong>ergo,</strong></span> <span class='ocrx_word' id='word_1_561' title='bbox 3174 3252 3251 3305; x_wconf 89' lang='lat' dir='ltr'><strong>ut,</strong></span> <span class='ocrx_word' id='word_1_562' title='bbox 3282 3243 3373 3309; x_wconf 90' lang='lat' dir='ltr'>qui</span> <span class='ocrx_word' id='word_1_563' title='bbox 3424 3241 3516 3293; x_wconf 83' lang='lat' dir='ltr'><strong>tibi</strong></span> 
     </span>
    </p>
   </div>
   <div class='ocr_carea' id='block_1_79' title="bbox 1946 3335 3517 3401">
    <p class='ocr_par' dir='ltr' id='par_1_79' title="bbox 1946 3335 3517 3401">
     <span class='ocr_line' id='line_1_79' title="bbox 1946 3335 3517 3401; baseline -0.004 -12"><span class='ocrx_word' id='word_1_564' title='bbox 1946 3338 1998 3389; x_wconf 93' lang='lat' dir='ltr'><strong>in</strong></span> <span class='ocrx_word' id='word_1_565' title='bbox 2032 3352 2222 3389; x_wconf 84' lang='lat' dir='ltr'><strong>somno</strong></span> <span class='ocrx_word' id='word_1_566' title='bbox 2256 3337 2467 3389; x_wconf 90' lang='lat' dir='ltr'><strong>locutus</strong></span> <span class='ocrx_word' id='word_1_567' title='bbox 2498 3348 2598 3399; x_wconf 88' lang='lat' dir='ltr'><strong>est,</strong></span> <span class='ocrx_word' id='word_1_568' title='bbox 2624 3340 2687 3387; x_wconf 87' lang='lat' dir='ltr'>de</span> <span class='ocrx_word' id='word_1_569' title='bbox 2717 3337 3022 3387; x_wconf 83' lang='lat' dir='ltr'><strong>veneranda</strong></span> <span class='ocrx_word' id='word_1_570' title='bbox 3054 3335 3218 3386; x_wconf 88' lang='lat' dir='ltr'><strong>domo</strong></span> <span class='ocrx_word' id='word_1_571' title='bbox 3250 3349 3369 3395; x_wconf 85' lang='lat' dir='ltr'><strong>sua,</strong></span> <span class='ocrx_word' id='word_1_572' title='bbox 3398 3346 3517 3401; x_wconf 74' lang='lat' dir='ltr'><strong>qua:</strong></span> 
     </span>
    </p>
   </div>
   <div class='ocr_carea' id='block_1_80' title="bbox 1948 3427 3519 3483">
    <p class='ocr_par' dir='ltr' id='par_1_80' title="bbox 1948 3427 3519 3483">
     <span class='ocr_line' id='line_1_80' title="bbox 1948 3427 3519 3483; baseline -0.003 -2"><span class='ocrx_word' id='word_1_573' title='bbox 1948 3430 2000 3481; x_wconf 92' lang='lat' dir='ltr'><strong>in</strong></span> <span class='ocrx_word' id='word_1_574' title='bbox 2031 3428 2133 3483; x_wconf 86' lang='lat' dir='ltr'>hac</span> <span class='ocrx_word' id='word_1_575' title='bbox 2166 3430 2435 3483; x_wconf 84' lang='lat' dir='ltr'><strong>custodita</strong></span> <span class='ocrx_word' id='word_1_576' title='bbox 2470 3444 2497 3482; x_wconf 87' lang='lat' dir='ltr'><strong>a</strong></span> <span class='ocrx_word' id='word_1_577' title='bbox 2550 3427 2660 3480; x_wconf 87' lang='lat' dir='ltr'><strong>Deo</strong></span> <span class='ocrx_word' id='word_1_578' title='bbox 2697 3427 3273 3481; x_wconf 82' lang='lat' dir='ltr'><strong>Thessalonicensium</strong></span> <span class='ocrx_word' id='word_1_579' title='bbox 3319 3435 3519 3479; x_wconf 55' lang='lat' dir='ltr'><strong>metro-</strong></span> 
     </span>
    </p>
   </div>
   <div class='ocr_carea' id='block_1_81' title="bbox 1946 3518 2777 3588">
    <p class='ocr_par' dir='ltr' id='par_1_81' title="bbox 1946 3518 2777 3588">
     <span class='ocr_line' id='line_1_81' title="bbox 1946 3518 2777 3588; baseline -0.005 -16"><span class='ocrx_word' id='word_1_580' title='bbox 1946 3520 2052 3588; x_wconf 88' lang='lat' dir='ltr'><strong>poli</strong></span> <span class='ocrx_word' id='word_1_581' title='bbox 2084 3528 2189 3581; x_wconf 88' lang='lat' dir='ltr'><strong>est,</strong></span> <span class='ocrx_word' id='word_1_582' title='bbox 2222 3518 2411 3571; x_wconf 79' lang='lat' dir='ltr'><strong>fecerit</strong></span> <span class='ocrx_word' id='word_1_583' title='bbox 2444 3534 2777 3571; x_wconf 85' lang='lat' dir='ltr'><strong>sermonem.</strong></span> 
     </span>
    </p>
   </div>
   <div class='ocr_carea' id='block_1_82' title="bbox 2018 3607 3515 3679">
    <p class='ocr_par' dir='ltr' id='par_1_82' title="bbox 2018 3607 3515 3679">
     <span class='ocr_line' id='line_1_82' title="bbox 2018 3607 3515 3679; baseline -0.005 -15"><span class='ocrx_word' id='word_1_584' title='bbox 2018 3610 2103 3664; x_wconf 80' lang='grc'>16.</span> <span class='ocrx_word' id='word_1_585' title='bbox 2139 3611 2280 3675; x_wconf 86' lang='lat' dir='ltr'><strong>Quid</strong></span> <span class='ocrx_word' id='word_1_586' title='bbox 2328 3610 2491 3679; x_wconf 82' lang='lat' dir='ltr'><strong>igitur</strong></span> <span class='ocrx_word' id='word_1_587' title='bbox 2546 3619 2891 3673; x_wconf 79' lang='lat' dir='ltr'><strong>cunctamur,</strong></span> <span class='ocrx_word' id='word_1_588' title='bbox 2931 3607 3079 3673; x_wconf 86' lang='lat' dir='ltr'><strong>here,</strong></span> <span class='ocrx_word' id='word_1_589' title='bbox 3132 3626 3231 3661; x_wconf 78' lang='lat' dir='ltr'><strong>:It&#39;c</strong></span> <span class='ocrx_word' id='word_1_590' title='bbox 3283 3609 3515 3667; x_wconf 77' lang='lat' dir='ltr'><strong>abimu~,</strong></span> 
     </span>
    </p>
   </div>
   <div class='ocr_carea' id='block_1_83' title="bbox 1948 3701 3516 3771">
    <p class='ocr_par' dir='ltr' id='par_1_83' title="bbox 1948 3701 3516 3771">
     <span class='ocr_line' id='line_1_83' title="bbox 1948 3701 3516 3771; baseline -0.006 -16"><span class='ocrx_word' id='word_1_591' title='bbox 1948 3701 2360 3771; x_wconf 80' lang='lat' dir='ltr'><strong>faciendamque</strong></span> <span class='ocrx_word' id='word_1_592' title='bbox 2392 3706 2458 3754; x_wconf 84' lang='lat' dir='ltr'>ab</span> <span class='ocrx_word' id='word_1_593' title='bbox 2490 3717 2556 3755; x_wconf 91' lang='lat' dir='ltr'>eo</span> <span class='ocrx_word' id='word_1_594' title='bbox 2580 3701 2950 3755; x_wconf 81' lang='lat' dir='ltr'><strong>visitationem</strong></span> <span class='ocrx_word' id='word_1_595' title='bbox 2986 3701 3299 3752; x_wconf 80' lang='lat' dir='ltr'><strong>moramur?</strong></span> <span class='ocrx_word' id='word_1_596' title='bbox 3321 3702 3516 3765; x_wconf 75' lang='lat' dir='ltr'><strong>Atque,</strong></span> 
     </span>
    </p>
   </div>
   <div class='ocr_carea' id='block_1_84' title="bbox 1949 3789 3515 3859">
    <p class='ocr_par' dir='ltr' id='par_1_84' title="bbox 1949 3789 3515 3859">
     <span class='ocr_line' id='line_1_84' title="bbox 1949 3789 3515 3859; baseline -0.003 -12"><span class='ocrx_word' id='word_1_597' title='bbox 1949 3795 2036 3848; x_wconf 89' lang='lat' dir='ltr'><strong>his</strong></span> <span class='ocrx_word' id='word_1_598' title='bbox 2064 3794 2255 3859; x_wconf 85' lang='lat' dir='ltr'><strong>dictis,</strong></span> <span class='ocrx_word' id='word_1_599' title='bbox 2292 3793 2571 3847; x_wconf 92' lang='lat' dir='ltr'><strong>dominum</strong></span> <span class='ocrx_word' id='word_1_600' title='bbox 2623 3808 2779 3845; x_wconf 90' lang='lat' dir='ltr'><strong>suum</strong></span> <span class='ocrx_word' id='word_1_601' title='bbox 2832 3807 3022 3845; x_wconf 85' lang='lat' dir='ltr'><strong>servus</strong></span> <span class='ocrx_word' id='word_1_602' title='bbox 3052 3808 3079 3844; x_wconf 89' lang='lat' dir='ltr'>c</span> <span class='ocrx_word' id='word_1_603' title='bbox 3108 3792 3248 3845; x_wconf 84' lang='lat' dir='ltr'><strong>lceto</strong></span> <span class='ocrx_word' id='word_1_604' title='bbox 3284 3789 3515 3852; x_wconf 83' lang='lat' dir='ltr'><strong>levavit,</strong></span> 
     </span>
    </p>
   </div>
   <div class='ocr_carea' id='block_1_85' title="bbox 1950 3883 3520 3955">
    <p class='ocr_par' dir='ltr' id='par_1_85' title="bbox 1950 3883 3520 3955">
     <span class='ocr_line' id='line_1_85' title="bbox 1950 3883 3520 3955; baseline -0.003 -17"><span class='ocrx_word' id='word_1_605' title='bbox 1950 3885 2331 3955; x_wconf 86' lang='lat' dir='ltr'><strong>sublatumque</strong></span> <span class='ocrx_word' id='word_1_606' title='bbox 2363 3900 2487 3939; x_wconf 91' lang='lat' dir='ltr'>cum</span> <span class='ocrx_word' id='word_1_607' title='bbox 2518 3885 2640 3939; x_wconf 92' lang='lat' dir='ltr'><strong>aliis</strong></span> <span class='ocrx_word' id='word_1_608' title='bbox 2671 3886 2954 3937; x_wconf 87' lang='lat' dir='ltr'><strong>conservis</strong></span> <span class='ocrx_word' id='word_1_609' title='bbox 2986 3886 3122 3948; x_wconf 89' lang='lat' dir='ltr'><strong>suis,</strong></span> <span class='ocrx_word' id='word_1_610' title='bbox 3158 3883 3288 3935; x_wconf 83' lang='lat' dir='ltr'><strong>sede</strong></span> <span class='ocrx_word' id='word_1_611' title='bbox 3322 3884 3392 3947; x_wconf 89' lang='lat' dir='ltr'>ei,</span> <span class='ocrx_word' id='word_1_612' title='bbox 3421 3897 3520 3933; x_wconf 66' lang='lat' dir='ltr'>cuo</span> 
     </span>
    </p>
   </div>
   <div class='ocr_carea' id='block_1_86' title="bbox 1945 3974 3520 4045">
    <p class='ocr_par' dir='ltr' id='par_1_86' title="bbox 1945 3974 3520 4045">
     <span class='ocr_line' id='line_1_86' title="bbox 1945 3974 3520 4045; baseline -0.003 -15"><span class='ocrx_word' id='word_1_613' title='bbox 1945 3976 2036 4045; x_wconf 90' lang='lat' dir='ltr'><strong>jus</strong></span> <span class='ocrx_word' id='word_1_614' title='bbox 2060 3978 2227 4031; x_wconf 73' lang='lat' dir='ltr'><strong>latera</strong></span> <span class='ocrx_word' id='word_1_615' title='bbox 2248 3978 2520 4045; x_wconf 90' lang='lat' dir='ltr'><strong>utrimque</strong></span> <span class='ocrx_word' id='word_1_616' title='bbox 2543 3986 2703 4029; x_wconf 84' lang='lat' dir='ltr'><strong>erant</strong></span> <span class='ocrx_word' id='word_1_617' title='bbox 2726 3977 2776 4028; x_wconf 93' lang='lat' dir='ltr'><strong>in</strong></span> <span class='ocrx_word' id='word_1_618' title='bbox 2804 3990 2861 4028; x_wconf 90' lang='lat' dir='ltr'><strong>se</strong></span> <span class='ocrx_word' id='word_1_619' title='bbox 2886 3974 3200 4041; x_wconf 84' lang='lat' dir='ltr'><strong>conjuncta,</strong></span> <span class='ocrx_word' id='word_1_620' title='bbox 3220 3983 3520 4039; x_wconf 76' lang='lat' dir='ltr'><strong>exstructa,</strong></span> 
     </span>
    </p>
   </div>
   <div class='ocr_carea' id='block_1_87' title="bbox 1950 4067 3520 4138">
    <p class='ocr_par' dir='ltr' id='par_1_87' title="bbox 1950 4067 3520 4138">
     <span class='ocr_line' id='line_1_87' title="bbox 1950 4067 3520 4138; baseline -0.002 -15"><span class='ocrx_word' id='word_1_621' title='bbox 1950 4072 2201 4124; x_wconf 85' lang='lat' dir='ltr'><strong>manibus</strong></span> <span class='ocrx_word' id='word_1_622' title='bbox 2229 4070 2345 4123; x_wconf 90' lang='lat' dir='ltr'><strong>suis</strong></span> <span class='ocrx_word' id='word_1_623' title='bbox 2377 4070 2578 4138; x_wconf 86' lang='lat' dir='ltr'><strong>(neque</strong></span> <span class='ocrx_word' id='word_1_624' title='bbox 2597 4069 2742 4123; x_wconf 87' lang='lat' dir='ltr'><strong>enim</strong></span> <span class='ocrx_word' id='word_1_625' title='bbox 2771 4083 2913 4136; x_wconf 90' lang='lat' dir='ltr'><strong>equo</strong></span> <span class='ocrx_word' id='word_1_626' title='bbox 2940 4067 3101 4121; x_wconf 79' lang='lat' dir='ltr'><strong>facile</strong></span> <span class='ocrx_word' id='word_1_627' title='bbox 3127 4068 3247 4119; x_wconf 89' lang='lat' dir='ltr'><strong>vehi</strong></span> <span class='ocrx_word' id='word_1_628' title='bbox 3286 4069 3520 4136; x_wconf 85' lang='lat' dir='ltr'><strong>poterat)</strong></span> 
     </span>
    </p>
   </div>
   <div class='ocr_carea' id='block_1_88' title="bbox 1952 4160 3521 4231">
    <p class='ocr_par' dir='ltr' id='par_1_88' title="bbox 1952 4160 3521 4231">
     <span class='ocr_line' id='line_1_88' title="bbox 1952 4160 3521 4231; baseline -0.001 -16"><span class='ocrx_word' id='word_1_629' title='bbox 1952 4162 2005 4215; x_wconf 93' lang='lat' dir='ltr'><strong>in</strong></span> <span class='ocrx_word' id='word_1_630' title='bbox 2031 4161 2397 4215; x_wconf 81' lang='lat' dir='ltr'><strong>venerandum</strong></span> <span class='ocrx_word' id='word_1_631' title='bbox 2428 4160 2804 4231; x_wconf 78' lang='lat' dir='ltr'><strong>gloriosissimi</strong></span> <span class='ocrx_word' id='word_1_632' title='bbox 2832 4160 3082 4229; x_wconf 83' lang='lat' dir='ltr'><strong>martyris</strong></span> <span class='ocrx_word' id='word_1_633' title='bbox 3114 4160 3374 4228; x_wconf 90' lang='lat' dir='ltr'><strong>templum</strong></span> <span class='ocrx_word' id='word_1_634' title='bbox 3400 4174 3521 4229; x_wconf 85' lang='lat' dir='ltr'><strong>por-</strong></span> 
     </span>
    </p>
   </div>
   <div class='ocr_carea' id='block_1_89' title="bbox 1952 4252 3519 4322">
    <p class='ocr_par' dir='ltr' id='par_1_89' title="bbox 1952 4252 3519 4322">
     <span class='ocr_line' id='line_1_89' title="bbox 1952 4252 3519 4322; baseline -0.001 -17"><span class='ocrx_word' id='word_1_635' title='bbox 1952 4261 2155 4306; x_wconf 86' lang='lat' dir='ltr'><strong>tarunt.</strong></span> <span class='ocrx_word' id='word_1_636' title='bbox 2189 4252 2325 4305; x_wconf 87' lang='lat' dir='ltr'><strong>Cum</strong></span> <span class='ocrx_word' id='word_1_637' title='bbox 2358 4262 2537 4305; x_wconf 82' lang='lat' dir='ltr'><strong>autem</strong></span> <span class='ocrx_word' id='word_1_638' title='bbox 2567 4262 2715 4305; x_wconf 86' lang='lat' dir='ltr'><strong>esset</strong></span> <span class='ocrx_word' id='word_1_639' title='bbox 2748 4252 3050 4322; x_wconf 75' lang='lat' dir='ltr'><strong>ingressus,</strong></span> <span class='ocrx_word' id='word_1_640' title='bbox 3086 4252 3330 4320; x_wconf 66' lang='lat' dir='ltr'><strong>aedisque</strong></span> <span class='ocrx_word' id='word_1_641' title='bbox 3360 4267 3519 4304; x_wconf 90' lang='lat' dir='ltr'><strong>orna-</strong></span> 
     </span>
    </p>
   </div>
   <div class='ocr_carea' id='block_1_90' title="bbox 1952 4343 3522 4413">
    <p class='ocr_par' dir='ltr' id='par_1_90' title="bbox 1952 4343 3522 4413">
     <span class='ocr_line' id='line_1_90' title="bbox 1952 4343 3522 4413; baseline 0.001 -17"><span class='ocrx_word' id='word_1_642' title='bbox 1952 4355 2063 4396; x_wconf 90' lang='lat' dir='ltr'><strong>tum</strong></span> <span class='ocrx_word' id='word_1_643' title='bbox 2095 4358 2159 4397; x_wconf 89' lang='lat' dir='ltr'>ac</span> <span class='ocrx_word' id='word_1_644' title='bbox 2190 4344 2526 4413; x_wconf 86' lang='lat' dir='ltr'><strong>spiritualem</strong></span> <span class='ocrx_word' id='word_1_645' title='bbox 2565 4343 2730 4405; x_wconf 90' lang='lat' dir='ltr'><strong>illius,</strong></span> <span class='ocrx_word' id='word_1_646' title='bbox 2756 4344 2847 4412; x_wconf 91' lang='lat' dir='ltr'><strong>qui</strong></span> <span class='ocrx_word' id='word_1_647' title='bbox 2884 4343 3123 4396; x_wconf 82' lang='lat' dir='ltr'><strong>ﬁdelium</strong></span> <span class='ocrx_word' id='word_1_648' title='bbox 3155 4346 3365 4397; x_wconf 78' lang='lat' dir='ltr'><strong>animus</strong></span> <span class='ocrx_word' id='word_1_649' title='bbox 3387 4385 3401 4407; x_wconf 92' lang='lat'>,</span> <span class='ocrx_word' id='word_1_650' title='bbox 3434 4360 3522 4397; x_wconf 84' lang='lat' dir='ltr'>ve-</span> 
     </span>
    </p>
   </div>
   <div class='ocr_carea' id='block_1_91' title="bbox 1952 4436 3520 4504">
    <p class='ocr_par' dir='ltr' id='par_1_91' title="bbox 1952 4436 3520 4504">
     <span class='ocr_line' id='line_1_91' title="bbox 1952 4436 3520 4504; baseline -0.001 -16"><span class='ocrx_word' id='word_1_651' title='bbox 1952 4436 2031 4489; x_wconf 89' lang='lat' dir='ltr'>lut</span> <span class='ocrx_word' id='word_1_652' title='bbox 2055 4436 2144 4490; x_wconf 91' lang='lat' dir='ltr'><strong>Dei</strong></span> <span class='ocrx_word' id='word_1_653' title='bbox 2169 4436 2453 4500; x_wconf 82' lang='lat' dir='ltr'><strong>paradisus</strong></span> <span class='ocrx_word' id='word_1_654' title='bbox 2481 4479 2495 4503; x_wconf 92' lang='lat'>,</span> <span class='ocrx_word' id='word_1_655' title='bbox 2528 4437 2646 4499; x_wconf 85' lang='lat' dir='ltr'><strong>alit.</strong></span> <span class='ocrx_word' id='word_1_656' title='bbox 2675 4436 2898 4491; x_wconf 87' lang='lat' dir='ltr'><strong>odorem</strong></span> <span class='ocrx_word' id='word_1_657' title='bbox 2930 4436 3306 4503; x_wconf 86' lang='lat' dir='ltr'><strong>comperisset,</strong></span> <span class='ocrx_word' id='word_1_658' title='bbox 3339 4436 3404 4489; x_wconf 91' lang='lat' dir='ltr'>iis</span> <span class='ocrx_word' id='word_1_659' title='bbox 3430 4436 3520 4504; x_wconf 86' lang='lat' dir='ltr'>qui</span> 
     </span>
    </p>
   </div>
   <div class='ocr_carea' id='block_1_92' title="bbox 269 4522 1935 4596">
    <p class='ocr_par' dir='ltr' id='par_1_92' title="bbox 269 4522 1920 4592">
     <span class='ocr_line' id='line_1_92' title="bbox 269 4522 1920 4592; baseline -0.001 -15"><span class='ocrx_word' id='word_1_660' title='bbox 269 4526 371 4585; x_wconf 77' lang='grc' dir='ltr'>τάς</span> <span class='ocrx_word' id='word_1_661' title='bbox 400 4524 573 4591; x_wconf 83' lang='grc' dir='ltr'>ψυχὰς</span> <span class='ocrx_word' id='word_1_662' title='bbox 619 4524 729 4574; x_wconf 82' lang='grc' dir='ltr'>τῶν</span> <span class='ocrx_word' id='word_1_663' title='bbox 758 4522 988 4587; x_wconf 86' lang='grc' dir='ltr'>πιστῶν,</span> <span class='ocrx_word' id='word_1_664' title='bbox 1019 4523 1094 4584; x_wconf 86' lang='grc' dir='ltr'>ὡς</span> <span class='ocrx_word' id='word_1_665' title='bbox 1124 4525 1151 4575; x_wconf 86' lang='grc' dir='ltr'>ὁ</span> <span class='ocrx_word' id='word_1_666' title='bbox 1182 4524 1509 4592; x_wconf 81' lang='grc' dir='ltr'>παράδεισος</span> <span class='ocrx_word' id='word_1_667' title='bbox 1554 4527 1650 4577; x_wconf 92' lang='grc' dir='ltr'>τοῦ</span> <span class='ocrx_word' id='word_1_668' title='bbox 1684 4526 1840 4592; x_wconf 83' lang='grc' dir='ltr'>Θεοῦ,</span> <span class='ocrx_word' id='word_1_669' title='bbox 1880 4522 1920 4575; x_wconf 89' lang='lat' dir='ltr'>D</span> 
     </span>
    </p>
   </div>
   <div class='ocr_carea' id='block_1_93' title="bbox 1857 4522 3523 4596">
    <p class='ocr_par' dir='ltr' id='par_1_93' title="bbox 1880 4522 3523 4596">
     <span class='ocr_line' id='line_1_93' title="bbox 1880 4522 3523 4596; baseline -0.002 -14"><span class='ocrx_word' id='word_1_670' title='bbox 1880 4522 1920 4575; x_wconf 75' lang='grc' dir='ltr'>Ι)</span> <span class='ocrx_word' id='word_1_671' title='bbox 1953 4531 2101 4583; x_wconf 89' lang='lat' dir='ltr'><strong>illum</strong></span> <span class='ocrx_word' id='word_1_672' title='bbox 2148 4530 2415 4596; x_wconf 83' lang='lat' dir='ltr'><strong>ferebant,</strong></span> <span class='ocrx_word' id='word_1_673' title='bbox 2476 4530 2791 4585; x_wconf 81' lang='lat' dir='ltr'><strong>domesticis</strong></span> <span class='ocrx_word' id='word_1_674' title='bbox 2840 4528 3019 4583; x_wconf 80' lang='lat' dir='ltr'><strong>dixit:</strong></span> <span class='ocrx_word' id='word_1_675' title='bbox 3060 4529 3117 4581; x_wconf 87' lang='lat' dir='ltr'>ln</span> <span class='ocrx_word' id='word_1_676' title='bbox 3176 4530 3324 4580; x_wconf 87' lang='lat' dir='ltr'><strong>nudo</strong></span> <span class='ocrx_word' id='word_1_677' title='bbox 3372 4531 3523 4595; x_wconf 60' lang='lat' dir='ltr'><strong>pavia</strong></span> 
     </span>
    </p>
   </div>
   <div class='ocr_carea' id='block_1_94' title="bbox 270 4611 1845 4690">
    <p class='ocr_par' dir='ltr' id='par_1_94' title="bbox 270 4611 1845 4690">
     <span class='ocr_line' id='line_1_94' title="bbox 270 4611 1845 4690; baseline 0.003 -21"><span class='ocrx_word' id='word_1_678' title='bbox 270 4611 397 4669; x_wconf 73' lang='grc' dir='ltr'>εἷπε</span> <span class='ocrx_word' id='word_1_679' title='bbox 447 4618 559 4677; x_wconf 89' lang='grc' dir='ltr'>τοῖς</span> <span class='ocrx_word' id='word_1_680' title='bbox 614 4615 976 4685; x_wconf 73' lang='grc' dir='ltr'>βαστάζουσιν</span> <span class='ocrx_word' id='word_1_681' title='bbox 1015 4616 1178 4668; x_wconf 78' lang='grc' dir='ltr'>αὑτὸν</span> <span class='ocrx_word' id='word_1_682' title='bbox 1218 4619 1479 4681; x_wconf 75' lang='grc' dir='ltr'>οἰκέταις,</span> <span class='ocrx_word' id='word_1_683' title='bbox 1524 4619 1742 4687; x_wconf 81' lang='grc' dir='ltr'>Ῥίψατέ</span> <span class='ocrx_word' id='word_1_684' title='bbox 1778 4638 1845 4690; x_wconf 89' lang='grc' dir='ltr'>με</span> 
     </span>
    </p>
   </div>
   <div class='ocr_carea' id='block_1_95' title="bbox 272 4706 1848 4779">
    <p class='ocr_par' dir='ltr' id='par_1_95' title="bbox 272 4706 1848 4779">
     <span class='ocr_line' id='line_1_95' title="bbox 272 4706 1848 4779; baseline 0.003 -19"><span class='ocrx_word' id='word_1_685' title='bbox 272 4708 485 4761; x_wconf 77' lang='grc' dir='ltr'>πλωτὸν</span> <span class='ocrx_word' id='word_1_686' title='bbox 524 4708 605 4767; x_wconf 85' lang='grc' dir='ltr'>είς</span> <span class='ocrx_word' id='word_1_687' title='bbox 639 4707 700 4758; x_wconf 82' lang='grc' dir='ltr'>τὸ</span> <span class='ocrx_word' id='word_1_688' title='bbox 730 4706 947 4773; x_wconf 69' lang='grc' dir='ltr'>ἔδαφος.</span> <span class='ocrx_word' id='word_1_689' title='bbox 980 4707 1041 4759; x_wconf 75' lang='lat' dir='ltr'>Oi</span> <span class='ocrx_word' id='word_1_690' title='bbox 1075 4706 1134 4759; x_wconf 72' lang='grc' dir='ltr'>δὲ</span> <span class='ocrx_word' id='word_1_691' title='bbox 1172 4708 1270 4759; x_wconf 82' lang='grc' dir='ltr'>οὐκ</span> <span class='ocrx_word' id='word_1_692' title='bbox 1294 4708 1581 4762; x_wconf 73' lang='grc' dir='ltr'>ἐϐούλοντο</span> <span class='ocrx_word' id='word_1_693' title='bbox 1623 4710 1719 4779; x_wconf 82' lang='grc' dir='ltr'>μὲν</span> <span class='ocrx_word' id='word_1_694' title='bbox 1758 4712 1848 4765; x_wconf 81' lang='grc' dir='ltr'>διὰ</span> 
     </span>
    </p>
   </div>
   <div class='ocr_carea' id='block_1_96' title="bbox 270 4796 1848 4871">
    <p class='ocr_par' dir='ltr' id='par_1_96' title="bbox 270 4796 1848 4871">
     <span class='ocr_line' id='line_1_96' title="bbox 270 4796 1848 4871; baseline 0.003 -20"><span class='ocrx_word' id='word_1_695' title='bbox 270 4799 336 4852; x_wconf 77' lang='grc' dir='ltr'>τὸ</span> <span class='ocrx_word' id='word_1_696' title='bbox 370 4799 531 4853; x_wconf 76' lang='grc' dir='ltr'>παντὶ</span> <span class='ocrx_word' id='word_1_697' title='bbox 566 4799 723 4867; x_wconf 81' lang='grc' dir='ltr'>μέρει</span> <span class='ocrx_word' id='word_1_698' title='bbox 766 4798 862 4850; x_wconf 81' lang='grc' dir='ltr'>τοῦ</span> <span class='ocrx_word' id='word_1_699' title='bbox 890 4796 1143 4867; x_wconf 88' lang='grc' dir='ltr'>σώματος</span> <span class='ocrx_word' id='word_1_700' title='bbox 1170 4800 1430 4869; x_wconf 81' lang='grc' dir='ltr'>ἀκίνητον</span> <span class='ocrx_word' id='word_1_701' title='bbox 1463 4801 1627 4855; x_wconf 80' lang='grc' dir='ltr'>αὑτὸν</span> <span class='ocrx_word' id='word_1_702' title='bbox 1674 4803 1848 4871; x_wconf 80' lang='grc' dir='ltr'>ὑπάρ-</span> 
     </span>
    </p>
   </div>
   <div class='ocr_carea' id='block_1_97' title="bbox 274 4890 1846 4965">
    <p class='ocr_par' dir='ltr' id='par_1_97' title="bbox 274 4890 1846 4965">
     <span class='ocr_line' id='line_1_97' title="bbox 274 4890 1846 4965; baseline 0.004 -24"><span class='ocrx_word' id='word_1_703' title='bbox 274 4907 424 4960; x_wconf 78' lang='grc' dir='ltr'>χεινο</span> <span class='ocrx_word' id='word_1_704' title='bbox 474 4890 624 4959; x_wconf 82' lang='grc' dir='ltr'>ὅμως</span> <span class='ocrx_word' id='word_1_705' title='bbox 660 4890 1074 4959; x_wconf 74' lang='grc' dir='ltr'>έγκελευομένῳ</span> <span class='ocrx_word' id='word_1_706' title='bbox 1115 4891 1473 4962; x_wconf 65' lang='grc' dir='ltr'>σφοδρότερον</span> <span class='ocrx_word' id='word_1_707' title='bbox 1526 4894 1846 4965; x_wconf 79' lang='grc' dir='ltr'>ὑπήκουσαν</span> 
     </span>
    </p>
   </div>
   <div class='ocr_carea' id='block_1_98' title="bbox 273 4970 1873 5055">
    <p class='ocr_par' dir='ltr' id='par_1_98' title="bbox 273 4970 1873 5055">
     <span class='ocr_line' id='line_1_98' title="bbox 273 4970 1873 5055; baseline 0 -17"><span class='ocrx_word' id='word_1_708' title='bbox 273 4985 524 5044; x_wconf 78' lang='grc' dir='ltr'>ἄκοντες.</span> <span class='ocrx_word' id='word_1_709' title='bbox 568 4982 627 5034; x_wconf 90' lang='lat'>&#39;0</span> <span class='ocrx_word' id='word_1_710' title='bbox 670 4983 725 5033; x_wconf 85' lang='grc' dir='ltr'>δὲ</span> <span class='ocrx_word' id='word_1_711' title='bbox 772 4983 951 5051; x_wconf 76' lang='grc' dir='ltr'>ριφεὶς</span> <span class='ocrx_word' id='word_1_712' title='bbox 998 4983 1091 5034; x_wconf 72' lang='grc' dir='ltr'>ἐπὶ</span> <span class='ocrx_word' id='word_1_713' title='bbox 1121 4983 1221 5053; x_wconf 84' lang='grc' dir='ltr'>τὴν</span> <span class='ocrx_word' id='word_1_714' title='bbox 1264 4986 1573 5055; x_wconf 89' lang='grc' dir='ltr'>μάρμαρον,</span> <span class='ocrx_word' id='word_1_715' title='bbox 1605 4988 1699 5037; x_wconf 83' lang='grc' dir='ltr'>καὶ</span> <span class='ocrx_word' id='word_1_716' title='bbox 1734 4970 1873 5050; x_wconf 45' lang='grc' dir='ltr'>τοῖς*</span> 
     </span>
    </p>
   </div>
   <div class='ocr_carea' id='block_1_99' title="bbox 274 5072 1873 5149">
    <p class='ocr_par' dir='ltr' id='par_1_99' title="bbox 274 5072 1873 5149">
     <span class='ocr_line' id='line_1_99' title="bbox 274 5072 1873 5149; baseline 0.003 -23"><span class='ocrx_word' id='word_1_717' title='bbox 274 5074 576 5141; x_wconf 74' lang='grc' dir='ltr'>ὀφθαλμοῖς</span> <span class='ocrx_word' id='word_1_718' title='bbox 606 5072 919 5141; x_wconf 71' lang='grc' dir='ltr'>ἀναϐλέψας</span> <span class='ocrx_word' id='word_1_719' title='bbox 953 5074 1137 5142; x_wconf 85' lang='grc' dir='ltr'>μόνον,</span> <span class='ocrx_word' id='word_1_720' title='bbox 1169 5074 1293 5127; x_wconf 76' lang='grc' dir='ltr'>οὐδὲ</span> <span class='ocrx_word' id='word_1_721' title='bbox 1336 5076 1444 5145; x_wconf 81' lang='grc' dir='ltr'>γὰρ</span> <span class='ocrx_word' id='word_1_722' title='bbox 1470 5078 1570 5146; x_wconf 81' lang='grc' dir='ltr'>τὴν</span> <span class='ocrx_word' id='word_1_723' title='bbox 1605 5078 1873 5149; x_wconf 78' lang='grc' dir='ltr'>κεφαλὴν,</span> 
     </span>
    </p>
   </div>
   <div class='ocr_carea' id='block_1_100' title="bbox 277 5165 1847 5239">
    <p class='ocr_par' dir='ltr' id='par_1_100' title="bbox 277 5165 1847 5239">
     <span class='ocr_line' id='line_1_100' title="bbox 277 5165 1847 5239; baseline 0.003 -20"><span class='ocrx_word' id='word_1_724' title='bbox 277 5165 541 5219; x_wconf 74' lang='grc' dir='ltr'>σαλεῦσαι</span> <span class='ocrx_word' id='word_1_725' title='bbox 569 5165 812 5230; x_wconf 73' lang='grc' dir='ltr'>ἐδύνατο,</span> <span class='ocrx_word' id='word_1_726' title='bbox 837 5165 944 5219; x_wconf 82' lang='grc' dir='ltr'>τῶν</span> <span class='ocrx_word' id='word_1_727' title='bbox 960 5167 1226 5221; x_wconf 84' lang='grc' dir='ltr'>τενόντων</span> <span class='ocrx_word' id='word_1_728' title='bbox 1256 5168 1433 5239; x_wconf 86' lang='grc' dir='ltr'>πάντη</span> <span class='ocrx_word' id='word_1_729' title='bbox 1458 5168 1847 5239; x_wconf 85' lang='grc' dir='ltr'>διαλυομένων,</span> 
     </span>
    </p>
   </div>
   <div class='ocr_carea' id='block_1_101' title="bbox 273 5258 707 5327">
    <p class='ocr_par' dir='ltr' id='par_1_101' title="bbox 273 5258 707 5327">
     <span class='ocr_line' id='line_1_101' title="bbox 273 5258 707 5327; baseline -0.002 -17"><span class='ocrx_word' id='word_1_730' title='bbox 273 5259 485 5327; x_wconf 79' lang='grc' dir='ltr'>ηὔξατο</span> <span class='ocrx_word' id='word_1_731' title='bbox 504 5258 672 5320; x_wconf 74' lang='grc' dir='ltr'>οὕτως</span> <span class='ocrx_word' id='word_1_732' title='bbox 694 5275 707 5288; x_wconf 82' lang='grc'><em>’</em></span> 
     </span>
    </p>
   </div>
   <div class='ocr_carea' id='block_1_102' title="bbox 355 5351 1851 5425">
    <p class='ocr_par' dir='ltr' id='par_1_102' title="bbox 355 5351 1851 5425">
     <span class='ocr_line' id='line_1_102' title="bbox 355 5351 1851 5425; baseline 0.003 -23"><span class='ocrx_word' id='word_1_733' title='bbox 355 5353 441 5414; x_wconf 75' lang='grc' dir='ltr'>ιζ’.</span> <span class='ocrx_word' id='word_1_734' title='bbox 476 5351 633 5416; x_wconf 50' lang='lat' dir='ltr'><strong>&quot;Arte</strong></span> <span class='ocrx_word' id='word_1_735' title='bbox 680 5351 773 5402; x_wconf 81' lang='grc' dir='ltr'>καὶ</span> <span class='ocrx_word' id='word_1_736' title='bbox 792 5351 1023 5419; x_wconf 87' lang='grc' dir='ltr'>πανάγιε</span> <span class='ocrx_word' id='word_1_737' title='bbox 1053 5352 1342 5423; x_wconf 84' lang='grc' dir='ltr'>άθλοφόρε,</span> <span class='ocrx_word' id='word_1_738' title='bbox 1371 5357 1464 5407; x_wconf 78' lang='grc' dir='ltr'>καὶ</span> <span class='ocrx_word' id='word_1_739' title='bbox 1488 5359 1673 5425; x_wconf 87' lang='grc' dir='ltr'>γνήσιε</span> <span class='ocrx_word' id='word_1_740' title='bbox 1699 5356 1851 5408; x_wconf 76' lang='grc' dir='ltr'>δοῦλε</span> 
     </span>
    </p>
   </div>
   <div class='ocr_carea' id='block_1_103' title="bbox 277 5442 1853 5516">
    <p class='ocr_par' dir='ltr' id='par_1_103' title="bbox 277 5442 1853 5516">
     <span class='ocr_line' id='line_1_103' title="bbox 277 5442 1853 5516; baseline 0.003 -20"><span class='ocrx_word' id='word_1_741' title='bbox 277 5442 544 5511; x_wconf 80' lang='grc' dir='ltr'>Χριστοῦ,</span> <span class='ocrx_word' id='word_1_742' title='bbox 584 5444 611 5493; x_wconf 85' lang='grc' dir='ltr'>ό</span> <span class='ocrx_word' id='word_1_743' title='bbox 640 5444 737 5510; x_wconf 84' lang='grc' dir='ltr'>τὴν</span> <span class='ocrx_word' id='word_1_744' title='bbox 765 5445 949 5513; x_wconf 76' lang='grc' dir='ltr'>ψυχήν</span> <span class='ocrx_word' id='word_1_745' title='bbox 979 5462 1071 5495; x_wconf 90' lang='grc' dir='ltr'>σου</span> <span class='ocrx_word' id='word_1_746' title='bbox 1094 5446 1215 5508; x_wconf 81' lang='grc' dir='ltr'>δοὺς</span> <span class='ocrx_word' id='word_1_747' title='bbox 1246 5447 1385 5515; x_wconf 80' lang='grc' dir='ltr'>ὑπὲρ</span> <span class='ocrx_word' id='word_1_748' title='bbox 1422 5448 1608 5511; x_wconf 75' lang='grc' dir='ltr'>αὑτοῦ,</span> <span class='ocrx_word' id='word_1_749' title='bbox 1640 5450 1734 5500; x_wconf 65' lang='grc' dir='ltr'>καὶ</span> <span class='ocrx_word' id='word_1_750' title='bbox 1755 5449 1853 5516; x_wconf 77' lang='grc' dir='ltr'>ψυ-</span> 
     </span>
    </p>
   </div>
   <div class='ocr_carea' id='block_1_104' title="bbox 176 5533 1853 5609">
    <p class='ocr_par' dir='ltr' id='par_1_104' title="bbox 176 5533 1853 5609">
     <span class='ocr_line' id='line_1_104' title="bbox 176 5533 1853 5609; baseline 0.005 -25"><span class='ocrx_word' id='word_1_751' title='bbox 176 5592 191 5605; x_wconf 49' lang='lat'>.</span> <span class='ocrx_word' id='word_1_752' title='bbox 279 5534 381 5604; x_wconf 73' lang='grc' dir='ltr'>χὶς</span> <span class='ocrx_word' id='word_1_753' title='bbox 412 5533 623 5585; x_wconf 77' lang='grc' dir='ltr'>πολλῶν</span> <span class='ocrx_word' id='word_1_754' title='bbox 654 5536 947 5604; x_wconf 62' lang='grc' dir='ltr'>κερδήσας,</span> <span class='ocrx_word' id='word_1_755' title='bbox 981 5544 1075 5588; x_wconf 82' lang='grc' dir='ltr'>καὶ</span> <span class='ocrx_word' id='word_1_756' title='bbox 1108 5539 1485 5606; x_wconf 80' lang='grc' dir='ltr'>προσενέγκας</span> <span class='ocrx_word' id='word_1_757' title='bbox 1520 5540 1664 5609; x_wconf 79' lang='grc' dir='ltr'>αύτῷ</span> <span class='ocrx_word' id='word_1_758' title='bbox 1686 5560 1698 5570; x_wconf 88' lang='grc'>·</span> <span class='ocrx_word' id='word_1_759' title='bbox 1736 5543 1761 5591; x_wconf 83' lang='grc' dir='ltr'>ό</span> <span class='ocrx_word' id='word_1_760' title='bbox 1792 5544 1853 5592; x_wconf 80' lang='grc' dir='ltr'>τὸ</span> 
     </span>
    </p>
   </div>
   <div class='ocr_carea' id='block_1_105' title="bbox 282 5628 1854 5703">
    <p class='ocr_par' dir='ltr' id='par_1_105' title="bbox 282 5628 1854 5703">
     <span class='ocr_line' id='line_1_105' title="bbox 282 5628 1854 5703; baseline 0.004 -24"><span class='ocrx_word' id='word_1_761' title='bbox 282 5628 446 5695; x_wconf 77' lang='grc' dir='ltr'>σῶμά</span> <span class='ocrx_word' id='word_1_762' title='bbox 508 5643 601 5678; x_wconf 92' lang='grc' dir='ltr'>σου</span> <span class='ocrx_word' id='word_1_763' title='bbox 671 5630 791 5690; x_wconf 88' lang='grc' dir='ltr'>ταῖς</span> <span class='ocrx_word' id='word_1_764' title='bbox 854 5628 1076 5699; x_wconf 87' lang='grc' dir='ltr'>λόγχαις</span> <span class='ocrx_word' id='word_1_765' title='bbox 1145 5634 1584 5701; x_wconf 85' lang='grc' dir='ltr'>τιτρωσκόμενον</span> <span class='ocrx_word' id='word_1_766' title='bbox 1646 5634 1854 5703; x_wconf 83' lang='grc' dir='ltr'>θεωρή-</span> 
     </span>
    </p>
   </div>
   <div class='ocr_carea' id='block_1_106' title="bbox 285 5718 1853 5793">
    <p class='ocr_par' dir='ltr' id='par_1_106' title="bbox 285 5718 1853 5793">
     <span class='ocr_line' id='line_1_106' title="bbox 285 5718 1853 5793; baseline 0.003 -21"><span class='ocrx_word' id='word_1_767' title='bbox 285 5735 382 5780; x_wconf 51' lang='grc' dir='ltr'>σας</span> <span class='ocrx_word' id='word_1_768' title='bbox 415 5719 553 5789; x_wconf 81' lang='grc' dir='ltr'>ὑπὲρ</span> <span class='ocrx_word' id='word_1_769' title='bbox 583 5718 769 5783; x_wconf 82' lang='grc' dir='ltr'>αὑτοῦ,</span> <span class='ocrx_word' id='word_1_770' title='bbox 803 5721 895 5773; x_wconf 70' lang='grc' dir='ltr'>καὶ</span> <span class='ocrx_word' id='word_1_771' title='bbox 925 5723 1307 5788; x_wconf 71' lang='grc' dir='ltr'>μεγαλυνθεὶς,</span> <span class='ocrx_word' id='word_1_772' title='bbox 1339 5726 1431 5775; x_wconf 74' lang='grc' dir='ltr'>καὶ</span> <span class='ocrx_word' id='word_1_773' title='bbox 1466 5726 1695 5793; x_wconf 70' lang='grc' dir='ltr'>σώματα</span> <span class='ocrx_word' id='word_1_774' title='bbox 1732 5725 1853 5777; x_wconf 76' lang='grc' dir='ltr'>πολ-</span> 
     </span>
    </p>
   </div>
   <div class='ocr_carea' id='block_1_107' title="bbox 284 5809 1848 5877">
    <p class='ocr_par' dir='ltr' id='par_1_107' title="bbox 284 5809 1848 5877">
     <span class='ocr_line' id='line_1_107' title="bbox 284 5809 1848 5877; baseline 0.006 -18"><span class='ocrx_word' id='word_1_775' title='bbox 284 5809 395 5861; x_wconf 62' lang='grc' dir='ltr'>λῶν</span> <span class='ocrx_word' id='word_1_776' title='bbox 434 5812 493 5861; x_wconf 69' lang='grc' dir='ltr'>ἐκ</span> <span class='ocrx_word' id='word_1_777' title='bbox 527 5811 628 5862; x_wconf 58' lang='grc' dir='ltr'>τῶν</span> <span class='ocrx_word' id='word_1_778' title='bbox 688 5810 870 5871; x_wconf 58' lang='lat' dir='ltr'><strong>pultin-</strong></span> <span class='ocrx_word' id='word_1_779' title='bbox 902 5813 993 5864; x_wconf 76' lang='grc' dir='ltr'>τοῦ</span> <span class='ocrx_word' id='word_1_780' title='bbox 1030 5813 1241 5874; x_wconf 54' lang='lat' dir='ltr'>liv/1):</span> <span class='ocrx_word' id='word_1_781' title='bbox 1269 5815 1652 5877; x_wconf 51' lang='grc' dir='ltr'>ἓξιιοολῖιτνης</span> <span class='ocrx_word' id='word_1_782' title='bbox 1690 5817 1848 5875; x_wconf 66' lang='grc' dir='ltr'>τιέγρι</span> 
     </span>
    </p>
   </div>
   <div class='ocr_carea' id='block_1_108' title="bbox 1956 4619 3524 4691">
    <p class='ocr_par' dir='ltr' id='par_1_108' title="bbox 1956 4619 3524 4691">
     <span class='ocr_line' id='line_1_108' title="bbox 1956 4619 3524 4691; baseline -0.002 -17"><span class='ocrx_word' id='word_1_783' title='bbox 1956 4629 2137 4675; x_wconf 89' lang='lat' dir='ltr'><strong>mento</strong></span> <span class='ocrx_word' id='word_1_784' title='bbox 2177 4636 2263 4675; x_wconf 90' lang='lat' dir='ltr'>me</span> <span class='ocrx_word' id='word_1_785' title='bbox 2295 4621 2573 4691; x_wconf 84' lang='lat' dir='ltr'><strong>deponite.</strong></span> <span class='ocrx_word' id='word_1_786' title='bbox 2618 4620 2700 4674; x_wconf 89' lang='lat' dir='ltr'><strong>Illi</strong></span> <span class='ocrx_word' id='word_1_787' title='bbox 2729 4631 2934 4685; x_wconf 86' lang='lat' dir='ltr'><strong>autem,</strong></span> <span class='ocrx_word' id='word_1_788' title='bbox 2960 4619 3104 4688; x_wconf 90' lang='lat' dir='ltr'><strong>quod</strong></span> <span class='ocrx_word' id='word_1_789' title='bbox 3143 4620 3291 4673; x_wconf 92' lang='lat' dir='ltr'><strong>omni</strong></span> <span class='ocrx_word' id='word_1_790' title='bbox 3328 4634 3524 4686; x_wconf 84' lang='lat' dir='ltr'><strong>corpo-</strong></span> 
     </span>
    </p>
   </div>
   <div class='ocr_carea' id='block_1_109' title="bbox 1953 4710 3522 4778">
    <p class='ocr_par' dir='ltr' id='par_1_109' title="bbox 1953 4710 3522 4778">
     <span class='ocr_line' id='line_1_109' title="bbox 1953 4710 3522 4778; baseline -0.002 -15"><span class='ocrx_word' id='word_1_791' title='bbox 1953 4711 2027 4764; x_wconf 91' lang='lat' dir='ltr'><strong>ris</strong></span> <span class='ocrx_word' id='word_1_792' title='bbox 2060 4720 2209 4778; x_wconf 86' lang='lat' dir='ltr'><strong>parte</strong></span> <span class='ocrx_word' id='word_1_793' title='bbox 2246 4711 2537 4765; x_wconf 89' lang='lat' dir='ltr'><strong>immobilis</strong></span> <span class='ocrx_word' id='word_1_794' title='bbox 2565 4711 2610 4765; x_wconf 86' lang='lat' dir='ltr'><strong>is</strong></span> <span class='ocrx_word' id='word_1_795' title='bbox 2638 4721 2805 4775; x_wconf 88' lang='lat' dir='ltr'><strong>esset,</strong></span> <span class='ocrx_word' id='word_1_796' title='bbox 2846 4725 2955 4764; x_wconf 90' lang='lat' dir='ltr'><strong>non</strong></span> <span class='ocrx_word' id='word_1_797' title='bbox 2992 4711 3247 4763; x_wconf 83' lang='lat' dir='ltr'><strong>volebant</strong></span> <span class='ocrx_word' id='word_1_798' title='bbox 3280 4710 3522 4777; x_wconf 78' lang='lat' dir='ltr'><strong>quidem,</strong></span> 
     </span>
    </p>
   </div>
   <div class='ocr_carea' id='block_1_110' title="bbox 1952 4800 3523 4871">
    <p class='ocr_par' dir='ltr' id='par_1_110' title="bbox 1952 4800 3523 4871">
     <span class='ocr_line' id='line_1_110' title="bbox 1952 4800 3523 4871; baseline -0.003 -14"><span class='ocrx_word' id='word_1_799' title='bbox 1952 4804 2256 4858; x_wconf 86' lang='lat' dir='ltr'><strong>districtius</strong></span> <span class='ocrx_word' id='word_1_800' title='bbox 2290 4812 2471 4858; x_wconf 85' lang='lat' dir='ltr'><strong>tamen</strong></span> <span class='ocrx_word' id='word_1_801' title='bbox 2517 4804 2726 4869; x_wconf 87' lang='lat' dir='ltr'><strong>jubenti</strong></span> <span class='ocrx_word' id='word_1_802' title='bbox 2753 4803 2910 4856; x_wconf 90' lang='lat' dir='ltr'><strong>inviti</strong></span> <span class='ocrx_word' id='word_1_803' title='bbox 2946 4812 3267 4871; x_wconf 88' lang='lat' dir='ltr'><strong>paruerunt.</strong></span> <span class='ocrx_word' id='word_1_804' title='bbox 3299 4800 3389 4854; x_wconf 89' lang='lat' dir='ltr'><strong>lllc</strong></span> <span class='ocrx_word' id='word_1_805' title='bbox 3424 4816 3523 4853; x_wconf 89' lang='lat' dir='ltr'><strong>au-</strong></span> 
     </span>
    </p>
   </div>
   <div class='ocr_carea' id='block_1_111' title="bbox 1955 4894 3527 4962">
    <p class='ocr_par' dir='ltr' id='par_1_111' title="bbox 1955 4894 3527 4962">
     <span class='ocr_line' id='line_1_111' title="bbox 1955 4894 3527 4962; baseline -0.001 -14"><span class='ocrx_word' id='word_1_806' title='bbox 1955 4906 2058 4949; x_wconf 85' lang='lat' dir='ltr'>tem</span> <span class='ocrx_word' id='word_1_807' title='bbox 2113 4896 2168 4948; x_wconf 89' lang='lat' dir='ltr'><strong>in</strong></span> <span class='ocrx_word' id='word_1_808' title='bbox 2224 4910 2589 4950; x_wconf 89' lang='lat' dir='ltr'><strong>marmoreum</strong></span> <span class='ocrx_word' id='word_1_809' title='bbox 2650 4895 2826 4949; x_wconf 84' lang='lat' dir='ltr'><strong>solum</strong></span> <span class='ocrx_word' id='word_1_810' title='bbox 2874 4895 3195 4962; x_wconf 89' lang='lat' dir='ltr'><strong>eonjectus,</strong></span> <span class='ocrx_word' id='word_1_811' title='bbox 3241 4894 3527 4961; x_wconf 78' lang='lat' dir='ltr'><strong>oculisque</strong></span> 
     </span>
    </p>
   </div>
   <div class='ocr_carea' id='block_1_112' title="bbox 1953 4985 3524 5058">
    <p class='ocr_par' dir='ltr' id='par_1_112' title="bbox 1953 4985 3524 5058">
     <span class='ocr_line' id='line_1_112' title="bbox 1953 4985 3524 5058; baseline -0.004 -15"><span class='ocrx_word' id='word_1_812' title='bbox 1953 4989 2215 5043; x_wconf 79' lang='lat' dir='ltr'><strong>duntaxat</strong></span> <span class='ocrx_word' id='word_1_813' title='bbox 2263 4989 2461 5058; x_wconf 89' lang='lat' dir='ltr'><strong>(neque</strong></span> <span class='ocrx_word' id='word_1_814' title='bbox 2506 4988 2678 5051; x_wconf 91' lang='lat' dir='ltr'><strong>cnim,</strong></span> <span class='ocrx_word' id='word_1_815' title='bbox 2728 4986 2911 5040; x_wconf 85' lang='lat' dir='ltr'><strong>nervis</strong></span> <span class='ocrx_word' id='word_1_816' title='bbox 2952 4987 3177 5040; x_wconf 90' lang='lat' dir='ltr'><strong>omnino</strong></span> <span class='ocrx_word' id='word_1_817' title='bbox 3217 4985 3524 5046; x_wconf 71' lang='lat' dir='ltr'><strong>dis~olntis,</strong></span> 
     </span>
    </p>
   </div>
   <div class='ocr_carea' id='block_1_113' title="bbox 1954 5076 3523 5150">
    <p class='ocr_par' dir='ltr' id='par_1_113' title="bbox 1954 5076 3523 5150">
     <span class='ocr_line' id='line_1_113' title="bbox 1954 5076 3523 5150; baseline -0.003 -15"><span class='ocrx_word' id='word_1_818' title='bbox 1954 5089 2113 5150; x_wconf 86' lang='lat' dir='ltr'><strong>caput</strong></span> <span class='ocrx_word' id='word_1_819' title='bbox 2153 5096 2373 5136; x_wconf 87' lang='lat' dir='ltr'><strong>movere</strong></span> <span class='ocrx_word' id='word_1_820' title='bbox 2416 5080 2650 5149; x_wconf 75' lang='lat' dir='ltr'><strong>poterat)</strong></span> <span class='ocrx_word' id='word_1_821' title='bbox 2700 5079 2952 5144; x_wconf 78' lang='lat' dir='ltr'><strong>sublatis,</strong></span> <span class='ocrx_word' id='word_1_822' title='bbox 3005 5078 3151 5131; x_wconf 90' lang='lat' dir='ltr'><strong>hunc</strong></span> <span class='ocrx_word' id='word_1_823' title='bbox 3193 5076 3248 5129; x_wconf 91' lang='lat' dir='ltr'><strong>in</strong></span> <span class='ocrx_word' id='word_1_824' title='bbox 3301 5076 3523 5130; x_wconf 86' lang='lat' dir='ltr'><strong>modum</strong></span> 
     </span>
    </p>
   </div>
   <div class='ocr_carea' id='block_1_114' title="bbox 1955 5173 2180 5228">
    <p class='ocr_par' dir='ltr' id='par_1_114' title="bbox 1955 5173 2180 5228">
     <span class='ocr_line' id='line_1_114' title="bbox 1955 5173 2180 5228; baseline 0 0"><span class='ocrx_word' id='word_1_825' title='bbox 1955 5173 2131 5228; x_wconf 86' lang='lat' dir='ltr'><strong>oravit</strong></span> <span class='ocrx_word' id='word_1_826' title='bbox 2168 5190 2180 5228; x_wconf 87' lang='lat'><strong>:</strong></span> 
     </span>
    </p>
   </div>
   <div class='ocr_carea' id='block_1_115' title="bbox 2031 5348 3528 5415">
    <p class='ocr_par' dir='ltr' id='par_1_115' title="bbox 2031 5348 3528 5415">
     <span class='ocr_line' id='line_1_115' title="bbox 2031 5348 3528 5415; baseline -0.007 -7"><span class='ocrx_word' id='word_1_827' title='bbox 2031 5356 2115 5408; x_wconf 85' lang='lat' dir='ltr'><strong>l7.</strong></span> <span class='ocrx_word' id='word_1_828' title='bbox 2144 5354 2342 5407; x_wconf 85' lang='lat' dir='ltr'><strong>Sancte</strong></span> <span class='ocrx_word' id='word_1_829' title='bbox 2377 5367 2439 5405; x_wconf 90' lang='lat' dir='ltr'><strong>ac</strong></span> <span class='ocrx_word' id='word_1_830' title='bbox 2472 5351 2780 5406; x_wconf 84' lang='lat' dir='ltr'><strong>beatissime</strong></span> <span class='ocrx_word' id='word_1_831' title='bbox 2814 5349 3178 5403; x_wconf 88' lang='lat' dir='ltr'><strong>certaminum</strong></span> <span class='ocrx_word' id='word_1_832' title='bbox 3210 5348 3402 5410; x_wconf 87' lang='lat' dir='ltr'><strong>victor,</strong></span> <span class='ocrx_word' id='word_1_833' title='bbox 3435 5363 3528 5415; x_wconf 79' lang='lat' dir='ltr'>ge-</span> 
     </span>
    </p>
   </div>
   <div class='ocr_carea' id='block_1_116' title="bbox 1958 5441 3528 5514">
    <p class='ocr_par' dir='ltr' id='par_1_116' title="bbox 1958 5441 3528 5514">
     <span class='ocr_line' id='line_1_116' title="bbox 1958 5441 3528 5514; baseline -0.003 -16"><span class='ocrx_word' id='word_1_834' title='bbox 1958 5447 2234 5514; x_wconf 90' lang='lat' dir='ltr'><strong>nuineque</strong></span> <span class='ocrx_word' id='word_1_835' title='bbox 2264 5444 2469 5498; x_wconf 88' lang='lat' dir='ltr'><strong>Christi</strong></span> <span class='ocrx_word' id='word_1_836' title='bbox 2509 5459 2687 5508; x_wconf 83' lang='lat' dir='ltr'><strong>serve,</strong></span> <span class='ocrx_word' id='word_1_837' title='bbox 2717 5442 2844 5511; x_wconf 89' lang='lat' dir='ltr'><strong>qui,</strong></span> <span class='ocrx_word' id='word_1_838' title='bbox 2893 5443 3071 5494; x_wconf 86' lang='lat' dir='ltr'><strong>anima</strong></span> <span class='ocrx_word' id='word_1_839' title='bbox 3124 5452 3212 5493; x_wconf 92' lang='lat' dir='ltr'><strong>tua</strong></span> <span class='ocrx_word' id='word_1_840' title='bbox 3257 5456 3355 5508; x_wconf 89' lang='lat' dir='ltr'>pro</span> <span class='ocrx_word' id='word_1_841' title='bbox 3406 5441 3528 5508; x_wconf 84' lang='lat' dir='ltr'><strong>ipso</strong></span> 
     </span>
    </p>
   </div>
   <div class='ocr_carea' id='block_1_117' title="bbox 1956 5531 3527 5600">
    <p class='ocr_par' dir='ltr' id='par_1_117' title="bbox 1956 5531 3527 5600">
     <span class='ocr_line' id='line_1_117' title="bbox 1956 5531 3527 5600; baseline -0.006 -10"><span class='ocrx_word' id='word_1_842' title='bbox 1956 5539 2101 5600; x_wconf 84' lang='lat' dir='ltr'><strong>data,</strong></span> <span class='ocrx_word' id='word_1_843' title='bbox 2139 5535 2348 5587; x_wconf 90' lang='lat' dir='ltr'><strong>animas</strong></span> <span class='ocrx_word' id='word_1_844' title='bbox 2373 5533 2536 5587; x_wconf 87' lang='lat' dir='ltr'><strong>etiam</strong></span> <span class='ocrx_word' id='word_1_845' title='bbox 2569 5532 2861 5586; x_wconf 91' lang='lat' dir='ltr'><strong>multorum</strong></span> <span class='ocrx_word' id='word_1_846' title='bbox 2892 5531 3133 5585; x_wconf 83' lang='lat' dir='ltr'><strong>lucratus</strong></span> <span class='ocrx_word' id='word_1_847' title='bbox 3158 5546 3236 5594; x_wconf 89' lang='lat' dir='ltr'>es,</span> <span class='ocrx_word' id='word_1_848' title='bbox 3266 5539 3429 5599; x_wconf 87' lang='lat' dir='ltr'><strong>atque</strong></span> <span class='ocrx_word' id='word_1_849' title='bbox 3461 5531 3527 5582; x_wconf 88' lang='lat' dir='ltr'>ad</span> 
     </span>
    </p>
   </div>
   <div class='ocr_carea' id='block_1_118' title="bbox 1955 5622 3529 5695">
    <p class='ocr_par' dir='ltr' id='par_1_118' title="bbox 1955 5622 3529 5695">
     <span class='ocr_line' id='line_1_118' title="bbox 1955 5622 3529 5695; baseline -0.005 -12"><span class='ocrx_word' id='word_1_850' title='bbox 1955 5644 2079 5683; x_wconf 89' lang='lat' dir='ltr'><strong>eum</strong></span> <span class='ocrx_word' id='word_1_851' title='bbox 2118 5626 2424 5691; x_wconf 78' lang='lat' dir='ltr'><strong>adduxisti;</strong></span> <span class='ocrx_word' id='word_1_852' title='bbox 2478 5625 2571 5695; x_wconf 90' lang='lat' dir='ltr'>qui</span> <span class='ocrx_word' id='word_1_853' title='bbox 2618 5638 2816 5693; x_wconf 85' lang='lat' dir='ltr'><strong>corpus</strong></span> <span class='ocrx_word' id='word_1_854' title='bbox 2843 5632 2997 5679; x_wconf 89' lang='lat' dir='ltr'><strong>tuum</strong></span> <span class='ocrx_word' id='word_1_855' title='bbox 3035 5622 3241 5677; x_wconf 81' lang='lat' dir='ltr'><strong>lanceis</strong></span> <span class='ocrx_word' id='word_1_856' title='bbox 3274 5638 3370 5691; x_wconf 89' lang='lat' dir='ltr'>pro</span> <span class='ocrx_word' id='word_1_857' title='bbox 3408 5623 3529 5691; x_wconf 92' lang='lat' dir='ltr'><strong>ipso</strong></span> 
     </span>
    </p>
   </div>
   <div class='ocr_carea' id='block_1_119' title="bbox 1957 5715 3525 5786">
    <p class='ocr_par' dir='ltr' id='par_1_119' title="bbox 1957 5715 3525 5786">
     <span class='ocr_line' id='line_1_119' title="bbox 1957 5715 3525 5786; baseline -0.005 -11"><span class='ocrx_word' id='word_1_858' title='bbox 1957 5723 2295 5775; x_wconf 90' lang='lat' dir='ltr'><strong>vulneratum</strong></span> <span class='ocrx_word' id='word_1_859' title='bbox 2328 5717 2674 5786; x_wconf 87' lang='lat' dir='ltr'><strong>conspicatus</strong></span> <span class='ocrx_word' id='word_1_860' title='bbox 2709 5716 3198 5785; x_wconf 80' lang='lat' dir='ltr'><strong>niagnilicatusque</strong></span> <span class='ocrx_word' id='word_1_861' title='bbox 3228 5715 3525 5768; x_wconf 90' lang='lat' dir='ltr'><strong>multorum</strong></span> 
     </span>
    </p>
   </div>
   <div class='ocr_carea' id='block_1_120' title="bbox 1958 5806 3524 5879">
    <p class='ocr_par' dir='ltr' id='par_1_120' title="bbox 1958 5806 3524 5879">
     <span class='ocr_line' id='line_1_120' title="bbox 1958 5806 3524 5879; baseline -0.005 -13"><span class='ocrx_word' id='word_1_862' title='bbox 1958 5815 2118 5870; x_wconf 78' lang='lat' dir='ltr'><strong>etiam</strong></span> <span class='ocrx_word' id='word_1_863' title='bbox 2148 5828 2374 5879; x_wconf 70' lang='lat' dir='ltr'><strong>corpora</strong></span> <span class='ocrx_word' id='word_1_864' title='bbox 2404 5830 2431 5865; x_wconf 70' lang='grc' dir='ltr'>ο</span> <span class='ocrx_word' id='word_1_865' title='bbox 2468 5811 2641 5866; x_wconf 66' lang='lat' dir='ltr'><strong>leonis</strong></span> <span class='ocrx_word' id='word_1_866' title='bbox 2662 5808 2919 5865; x_wconf 86' lang='lat' dir='ltr'><strong>dentibus</strong></span> <span class='ocrx_word' id='word_1_867' title='bbox 2949 5822 3119 5877; x_wconf 82' lang='lat' dir='ltr'><strong>usque</strong></span> <span class='ocrx_word' id='word_1_868' title='bbox 3154 5821 3298 5861; x_wconf 90' lang='lat' dir='ltr'><strong>nunc</strong></span> <span class='ocrx_word' id='word_1_869' title='bbox 3333 5806 3524 5875; x_wconf 69' lang='lat' dir='ltr'><strong>eripis,</strong></span> 
     </span>
    </p>
   </div>
  </div>
