4218 6442
756 362 892 425 1215

2043 360 2688 422 SUPPLEMENTUM.

3857 353 4000 419 1216

754 477 978 540 Deoque
1001 472 1229 525 honesta
1249 468 1469 524 vivendi
1502 468 1710 522 ratione
1731 482 2021 522 consecras
2045 484 2108 520 ac
2127 467 2307 521 otl‘ers.
2342 477 2384 530 Α
2419 492 2420 498 ι

2342 477 2384 530 Α
2419 471 2535 534 νῦν,
2566 473 2660 522 καὶ
2689 469 2970 535 ἀφανίζων
3026 466 3270 536 πολιτεία
3310 468 3484 534 σεμνῇ
3522 466 3614 518 καὶ
3662 465 4001 533 προσφέρων

755 566 868 620 Etsi
907 566 1050 618 enim
1089 577 1235 615 nunc
1279 561 1561 613 nobiscum
1597 559 1924 612 sensibiliter
1957 558 2100 611 haud
2135 574 2314 612 verse-

755 659 866 719 ris,
902 664 990 706 tua
1029 666 1208 707 tamen
1265 651 1511 705 doctrina
1564 649 2048 718 benevoia-ntiaque
2096 665 2311 702 omnem

755 748 1028 814 regionem
1061 743 1385 812 pervadens,
1416 743 1706 808 cordaque,
1731 741 1876 793 velut
1904 756 2002 793 vox
2025 740 2165 802 viva,
2200 755 2316 792 rno-

754 852 911 900 vene,
962 850 1021 887 ea
1056 843 1110 886 ct
1137 831 1364 893 emollit,
1409 841 1464 884 et
1506 839 1663 884 sanat
1695 839 1748 883 et
1777 830 2066 892 convertit,
2104 829 2315 898 ﬁdeque

756 927 958 994 repleta
994 941 1056 978 ac
1087 934 1236 977 recta
1269 923 1485 976 vivendi
1529 923 1744 975 ratione
1790 933 1981 974 ornata
2028 919 2092 972 ad
2145 919 2313 972 Deum

759 1017 997 1074 adducit.
1035 1015 1142 1067 imo
1168 1013 1332 1066 etiam
1365 1023 1506 1065 tuam
1534 1011 1899 1066 visitationem
1930 1012 2148 1064 morbos
2180 1008 2314 1061 mul-

758 1117 842 1160 tos
874 1107 1144 1175 abegisse,
1188 1115 1243 1159 et
1279 1103 1461 1158 audivi
1489 1111 1544 1172 ct
1575 1101 1804 1155 credidi.
1845 1100 1979 1153 Cum
2017 1099 2199 1170 igitur,
2243 1097 2315 1151 mi

759 1199 1000 1258 dowine,
1033 1207 1150 1263 post
1182 1197 1350 1249 Deum
1381 1210 1541 1262 supra
1579 1208 1664 1246 me
1693 1192 1853 1246 etiam
1884 1191 1981 1254 sis,
2006 1190 2188 1244 datam
2219 1191 2318 1245 tibi

759 1289 826 1341 ab
864 1289 952 1340 illo
985 1288 1331 1341 sanationum
1360 1289 1584 1355 gratiam
1627 1299 1790 1352 supra
1824 1297 1910 1336 me
1942 1298 2142 1337 novum
2173 1297 2322 1350 para-

762 1380 1004 1450 lyticnm,
1037 1381 1128 1448 qui
1161 1380 1228 1434 ad
1272 1380 1544 1432 viscerum
1577 1386 1791 1431 tuorum
1831 1376 2097 1446 piscinam
2125 1373 2318 1428 confu-

761 1474 870 1542 gio,
904 1472 1139 1525 eﬂ‘unde.

836 1648 920 1703 i8.
955 1650 1066 1703 Etsi
1101 1652 1245 1703 enim
1274 1651 1490 1716 triginta
1524 1659 1577 1703 et
1623 1660 1746 1705 octo
1779 1666 1951 1704 annos
1996 1650 2050 1703 in
2097 1650 2323 1704 infirmi-

769 1749 877 1792 tate
908 1756 1013 1792 non
1053 1742 1300 1804 habeam,
1338 1741 1580 1794 tricesies
1617 1749 1793 1793 tamen
1823 1749 1877 1793 et
1911 1741 2084 1794 octies
2116 1741 2319 1794 dolori-

2415 565 2553 630 Θεῷ.
2589 564 2649 615 Ei
2674 563 2783 629 γὰρ
2807 563 2899 614 καὶ
2925 560 3202 630 αἰσθητῶς
3230 559 3325 610 νῦν
3354 558 3416 610 οὐ
3443 558 3802 624 προσομιλεῖς
3837 559 3998 626 ἡμῖν,

2414 657 2530 710 ἀλλ’
2565 658 2595 725 ἠ
2630 654 2953 708 διδασκαλία
2985 668 3080 704 σου
3109 652 3205 703 καὶ
3251 653 3282 719 ἡ
3315 651 3474 719 χάρις
3505 650 3651 701 κατὰ
3675 650 3868 718 πάσης
3901 665 4001 699 1::-

2418 747 2714 818 ριπολοῦσα
2765 749 2865 816 τῆς
2911 745 3114 813 χώρας,
3159 742 3253 794 καὶ
3302 741 3412 793 τῶν
3454 739 3693 809 καρδιῶν
3729 741 3808 800 ὡς
3841 738 3997 802 ζῶσα

2417 843 2567 911 φωνὴ
2624 839 2970 910 δρασσομένη
3025 833 3446 904 περιμαλάττει,
3488 833 3578 886 καὶ
3629 832 3852 898 ὑγιάζει
3903 832 3998 880 καὶ

2416 933 2755 1003 ἐπιστρέφει,
2814 929 2909 983 καὶ
2959 929 3197 988 πίστεως
3242 926 3491 995 πλήρεις,
3549 925 3650 977 καὶ
3714 922 4000 980 πολιτεὲας

2419 1021 2824 1091 σεμνυνομὲνας
2850 1021 3120 1088 προσάγει
3152 1015 3291 1084 Θεῷ,
3325 1013 3464 1068 ἀλλὰ
3503 1015 3595 1065 καὶ
3638 1010 4002 1067 παντοδαπᾶς

2417 1116 2607 1176 νόσους
2632 1114 2863 1182 ἀκήκοα,
2893 1110 2985 1164 καὶ
3014 1109 3360 1162 πεπίστευκα
3406 1104 3508 1172 τὴν
3545 1104 3643 1172 σὴν
3673 1101 3999 1156 ἐπιτκέατιν

2419 1208 2764 1277 ἐξορίσασαν.
2808 1205 2960 1258 Ἐπεὶ
3003 1203 3062 1256 δέ
3113 1202 3227 1262 οὖν,
3264 1199 3500 1254 δέσποτὰ
3541 1213 3643 1265 μου
3691 1195 3836 1262 μετὰ
3864 1192 4000 1241 θεὸν

2419 1301 2514 1354 καὶ
2572 1299 2659 1350 ἐπ’
2690 1297 2812 1366 ἐμὲ,
2851 1297 2946 1349 καὶ
2991 1294 3089 1365 τὴν
3144 1291 3526 1361 δεδωρημένην
3572 1304 3653 1340 σοι
3693 1287 3863 1353 χάριν
3908 1283 4002 1333 ὑπ’

2421 1390 2584 1446 αὐτοῦ
2637 1390 2747 1442 τῶν
2796 1387 3042 1455 ἰαμάτων
3067 1387 3256 1454 ἔκχεον
3295 1385 3373 1443 εἰς
3420 1382 3516 1448 ἐμὲ
3541 1379 3632 1431 τὸν
3655 1379 3779 1428 νέον
3816 1373 4001 1441 παρα-

2420 1483 2600 1546 λυτον,
2634 1481 2728 1534 τὸν
2760 1481 2816 1532 ἐν
2843 1481 2908 1549 τῇ
2938 1476 3296 1546 κολυμϐήθρᾳ
3358 1473 3462 1524 τῶν
3522 1469 3853 1537 σπλάγχνων
3905 1481 4002 1516 σου

2424 1574 2832 1641 καταφυγόντα.

2495 1671 2585 1732 ιη’.
2625 1664 2688 1715 El
2725 1662 2832 1730 γὰρ
2875 1661 2968 1713 καὶ
2995 1657 3288 1726 τριάκοντα
3317 1655 3409 1706 καὶ
3433 1653 3573 1704 ὀκτὼ
3602 1651 3695 1718 ἔτη
3743 1649 3846 1700 οὐκ
3892 1648 4000 1713 ἕλω

2425 1759 2481 1810 ἐν
2509 1759 2574 1824 τῇ
2608 1754 2878 1821 ἀσθενείᾳ,
2922 1751 3058 1802 ἀλλὰ
3100 1747 3487 1818 τριακοντάκις
3511 1742 3656 1794 ὀκτὼ
3681 1741 3796 1800 τοῖς
3828 1738 4002 1802 ἀλγή-

768 1832 865 1882 Ιιυς
901 1834 1074 1898 ipsum
1108 1848 1225 1883 sum
1260 1848 1662 1903 supergressus.
1693 1833 1764 1887 Ut
1795 1833 1921 1900 quid
1954 1832 2321 1886 autemioin-
2352 1814 2393 1868 Β
2430 1870 2434 1913 γ

2352 1814 2393 1868 Β
2430 1862 2594 1914 μασιν
2653 1841 2986 1912 ὑπερέϐαλον
3019 1840 3246 1892 ἐκεῖνον.
3276 1836 3374 1888 Διά
3421 1836 3473 1885 τί
3516 1833 3611 1893 δέ;
3657 1831 3886 1890 Πάντως
3923 1829 4004 1878 ὅτι

767 1922 899 1971 nino
939 1921 1063 1988 quia
1103 1930 1157 1972 et
1185 1924 1418 1988 peccatis
1451 1938 1572 1974 cum
1605 1924 1874 1989 superavi.
1915 1924 1982 1977 Ut
2033 1924 2195 1990 igitur
2246 1923 2322 1975 le-

766 2023 938 2064 nitate
990 2022 1043 2064 et
1075 2012 1311 2064 bonitate
1341 2021 1392 2064 et
1425 2015 1682 2066 doctrina:
1712 2013 1969 2067 exercitio
2003 2013 2277 2066 Christum
2305 2055 2318 2076 ,

767 2104 933 2156 Deum
967 2114 1138 2167 tuutn,
1170 2103 1412 2156 imitatus
1450 2120 1528 2168 es,
1563 2106 1737 2173 ipsum
1770 2116 1822 2158 et
1853 2108 1903 2158 in
1941 2106 2320 2159 misericordia

765 2207 819 2247 et
849 2196 897 2246 in
937 2193 1270 2247 humanitate
1300 2196 1576 2258 :emulare,
1620 2198 1985 2264 mmnlansque
2028 2212 2192 2265 super
2237 2213 2323 2250 me

767 2285 1195 2338 miscricordiam
1227 2295 1370 2338 tuam
1404 2291 1960 2354 commiserantesque
2011 2297 2130 2340 tuas
2166 2303 2325 2339 sana-

770 2381 945 2432 tiunes
977 2380 1216 2431 eﬂunde.
1241 2377 1392 2443 Quod
1421 2379 1467 2432 si
1503 2379 1647 2433 enim
1677 2380 2006 2432 voluntatem
2035 2392 2178 2431 tuam
2214 2394 2320 2430 non

768 2470 1066 2538 impediant
1114 2482 1330 2538 peccata
1384 2486 1522 2534 mea,
1570 2471 1783 2524 eﬂicere
1816 2482 1869 2523 et
1904 2486 2084 2539 posse,
2137 2470 2225 2538 qui
2274 2481 2324 2524 te

767 2566 1070 2627 coronavit,
1101 2565 1194 2617 tibi
1237 2574 1318 2619 est
1364 2567 1605 2633 largitus.
1633 2563 1716 2617 Uti
1768 2563 1930 2632 igitur
1981 2564 2087 2623 ille,
2143 2563 2322 2615 statim

766 2667 926 2723 atque
958 2656 1099 2709 Deus
1129 2657 1262 2710 dixit
1293 2673 1307 2709 :
1345 2676 1361 2707 ι
1397 2672 1556 2724 surge
1580 2667 1634 2709 et
1673 2655 1798 2709 tolle
1825 2655 2142 2724 grabbatnm
2171 2663 2322 2706 tuum

766 2759 820 2802 et
862 2749 1077 2800 amlmla
1107 2749 1148 2812 ',
1192 2768 1209 2801 ι
1257 2749 1674 2817 respondentem
1707 2748 1870 2800 vei-bo
1903 2748 2200 2815 potentiam
2242 2753 2325 2797 est

769 2849 986 2898 nat-tus,
1015 2840 1088 2891 ita
1134 2849 1188 2892 et
1221 2849 1276 2892 tu
1301 2880 1314 2900 ,
1342 2840 1488 2892 velut
1537 2839 1628 2892 Dei
1682 2839 2012 2892 domesticus
2052 2837 2326 2908 gratiaque

770 2932 888 2998 ejus
919 2932 984 2983 ab
1011 2945 1076 2983 eo
1103 2939 1362 2997 tempore,
1386 2945 1492 2998 quo
1514 2945 1608 2999 pro
1634 2929 1753 2998 ipso
1780 2940 2077 2991 certamen.
2103 2928 2325 2983 victoria

771 3032 1110 3087 coronatum,
1139 3021 1360 3085 iniviSti,
1391 3021 1631 3082 indutus,
1652 3022 1706 3072 in
1727 3037 1813 3074 me
1839 3021 2001 3074 etiam
2029 3020 2140 3073 fieri
2169 3020 2323 3073 velis.

2424 1939 2516 1988 καί
2567 1937 2683 1995 ταῖς
2733 1932 3028 2000 ἁμαρτίαις
3067 1929 3467 1998 ὑπερηκόντισα
3518 1922 3727 1975 τοῦτον.
3775 1921 3868 1979 Ὠς
3913 1914 4004 1969 οἷν

2423 2029 2502 2090 είς
2526 2027 2698 2094 πρᾷον
2723 2023 2814 2076 καὶ
2844 2023 2904 2074 τὸ
2926 2021 3154 2086 ἀγαθὸν,
3193 2021 3285 2070 καὶ
3310 2018 3370 2068 τὸ
3394 2013 3702 2068 διδακτικδν
3735 2012 4002 2078 ἐμιμήσω

2423 2121 2515 2171 τὸν
2539 2119 2673 2170 Θεόν
2706 2133 2799 2168 σου
2835 2113 3090 2182 Χριστὸν,
3125 2110 3366 2178 ζήλωσον
3393 2107 3553 2160 αὑτὸν
3580 2105 3674 2156 καὶ
3699 2105 3786 2164 είς
3815 2105 3876 2153 τὸ
3916 2101 4005 2151 εὖ-

2427 2215 2758 2280 σπλαγχνον,
2798 2210 2894 2262 καὶ⁵
2938 2205 3340 2276 φιλάνθρωπον,
3381 2201 3480 2253 καὶ
3524 2197 3778 2266 ζηλώσας
3810 2196 4006 2263 ἔκχεον

2426 2305 2511 2358 ἐπ’
2547 2305 2644 2371 ἐμὲ
2691 2304 2790 2371 τὴν
2816 2297 3186 2367 ἐλεημοσύνην
3219 2312 3334 2358 σου,
3384 2293 3476 2345 καὶ
3526 2290 3593 2342 τὰ
3641 2285 4007 2355 οίκτείρμονὰ.

2430 2413 2522 2448 σου
2560 2397 2779 2463 ἰάματα.
2833 2393 2957 2443 Ἐὰν
3000 2389 3107 2457 γὰρ
3136 2389 3197 2438 τὸ
3231 2387 3405 2438 θέλειν
3440 2402 3532 2435 σου
3569 2382 3644 2451 μὴ
3676 2379 4008 2432 κωλύσωσι-ι

2427 2491 2482 2542 αἱ
2515 2487 2779 2557 ἁμαρτίαι
2817 2501 2937 2553 μου,
2974 2485 3034 2534 τὸ
3067 2481 3306 2549 ἐνεργεῖν
3335 2479 3426 2530 καὶ
3459 2473 3719 2527 δύνασθαι
3766 2471 4008 2523 δέδωκέν

2429 2599 2510 2633 σοι
2566 2583 2592 2630 ὁ
2643 2577 2992 2645 στεφανώσας
3027 2589 3107 2624 σε.
3142 2572 3354 2639 Ὠσπερ
3385 2564 3476 2620 οὗν
3514 2568 3722 2625 ἐκεῖνος
3764 2565 3841 2624 ῶς
3871 2563 4009 2623 Θεδς

2428 2675 2598 2725 εἰπὼν
2625 2671 2684 2721 τὸ
2722 2690 2739 2720 ι
2786 2669 3029 2736 Ἔγειρε,
3061 2665 3152 2716 καὶ
3187 2658 3320 2732 ἆρον
3376 2661 3466 2712 τὸν
3511 2657 3859 2728 κράὄδαττὸν
3888 2672 4012 2714 σου,

2427 2767 2523 2814 καὶ
2568 2758 2880 2828 περιπάτει,
2922 2775 2940 2808 ι
2981 2755 3277 2822 σύνδρομον
3329 2751 3454 2818 ἔσχε
3509 2748 3584 2816 τῷ
3639 2749 3848 2815 ῥήματι
3908 2747 4011 2813 τὴν

2430 2855 2734 2922 ἐνέργειαν,
2771 2850 2913 2902 οὕτω
2944 2848 3037 2899 καὶ
3075 2848 3138 2898 σὺ
3166 2845 3239 2905 ὡς
3270 2845 3466 2902 οἰκεῖος
3496 2840 3655 2901 Θεοῦ,
3683 2843 3782 2890 καὶ
3816 2840 3922 2906 τὴν
3956 2839 4014 2900 ἐξ

2430 2945 2594 2999 αὐτοῦ
2655 2944 2808 3012 χάριν
2856 2939 3253 3010 ἠμφιεσμένος,
3295 2936 3384 3001 ἀφ’
3425 2927 3591 2998 οὗπερ
3639 2931 3780 2997 ὑπὲρ
3826 2928 4005 2980 αἰτοῦ

2429 3038 2489 3089 τδ
2540 3035 2847 3088 καλλίνικον
2915 3027 3076 3085 ἆθλον
3141 3029 3439 3097 διήνυσας,
3503 3023 3743 3091 θέλησον”
3797 3024 3898 3071 καὶ
3958 3022 4016 3070 ἐν

773 3115 950 3178 Atque
974 3128 1073 3181 ego
1103 3114 1398 3181 potentiam
1433 3121 1602 3177 tuam,
1630 3112 1822 3166 effectu
1859 3113 2158 3181 probatam,
2193 3127 2330 3180 prae-
2356 3148 2399 3205 ε
2432 3129 2439 3180 ι

2356 3148 2399 3205 c
2432 3129 2575 3198 ἐμοὶ,
2613 3126 2767 3194 κάγὼ
2794 3122 3110 3194 πρακτικῶς
3131 3115 3470 3190 ἐξηγήσομαί
3496 3132 3588 3166 σου
3619 3113 3719 3182 τὴν
3749 3111 4014 3178 δύναμιν,

773 3192 988 3256 dicabo.
1024 3201 1565 3271 Snscitabor,atqne,
1604 3212 1662 3256 ut
1705 3217 1898 3256 cervus
1943 3203 2191 3265 claudus,
2232 3219 2327 3264 ap-

778 3292 1104 3358 prchendar,
1136 3292 1424 3358 tollamquc
1457 3292 1561 3345 non
1595 3294 1755 3345 modo
1789 3294 1987 3346 lectum
2021 3308 2224 3357 meum,
2257 3293 2333 3345 uti

776 3383 1032 3450 antiquus
1069 3384 1155 3436 ille
1187 3384 1529 3453 paralyttcus,
1559 3384 1651 3436 sed
1681 3384 1868 3449 etiam,
1904 3400 2024 3452 quae
2059 3383 2112 3435 in
2136 3383 2332 3453 gratia-

775 3489 892 3525 rum
925 3474 1193 3527 aclionem
1236 3476 1416 3528 domui
1450 3485 1538 3528 tna
1564 3475 1809 3539 olTeram,
1840 3475 2000 3528 dona.

850 3565 935 3618 19.
990 3565 1066 3617 Ita
1116 3565 1263 3618 enim
1305 3581 1402 3634 per
1446 3575 1522 3631 te,
1563 3566 2068 3621 niisericordissime
2116 3565 2331 3619 Domini

778 3667 1000 3724 martyr,
1028 3657 1195 3724 gloria
1221 3665 1274 3709 et
1317 3657 1490 3711 honor
1521 3667 1575 3710 et
1606 3658 1851 3711 adoratio
1883 3659 1983 3727 ipsi
2013 3668 2068 3711 et
2103 3657 2247 3711 Patri
2281 3665 2334 3710 et

777 3745 1001 3814 Spiritui
1041 3758 1229 3802 saneto
1274 3748 1493 3801 dabitur
1522 3749 1590 3802 ab
1631 3751 1696 3804 iis
1729 3751 1820 3818 qui
1855 3765 1941 3803 me
1966 3749 2125 3803 modo
2149 3749 2336 3803 vident

777 3837 995 3904 meique
1021 3837 1283 3906 deinceps
1307 3839 1754 3904 recordabuntur,
1778 3839 2111 3899 hominibus,
2145 3852 2335 3906 super-

777 3931 968 3996 nisque
1002 3929 1364 3999 potestatibus
1413 3930 1466 3983 in
1515 3931 1712 3983 smcnla
1760 3929 2103 3984 saeculorum.
2136 3930 2332 3982 Amen.

778 4025 955 4089 Atque
983 4038 1103 4075 t-um
1133 4021 1246 4076 hac
1277 4038 1398 4077 cum
1430 4023 1701 4092 lacrymis,
1725 4023 1937 4077 cunctis
1963 4022 2332 4087 audientibus,

779 4115 1032 4178 dixisset,
1072 4114 1288 4167 famulis
1321 4114 1576 4182 injunxit,
1609 4123 1667 4167 ut
1696 4129 1819 4168 eum
1851 4113 2122 4176 tollerent,
2159 4113 2336 4165 Immi-

780 4221 887 4270 qne
922 4205 974 4256 in
1003 4214 1193 4272 parato
1221 4205 1419 4258 ibidem
1456 4214 1625 4258 strato
1677 4214 1960 4274 ponerent.
2005 4205 2081 4257 Ac
2129 4205 2338 4271 positus

779 4296 958 4350 statim
992 4311 1100 4363 prae
1136 4296 1378 4364 corporis
1413 4296 1795 4366 defatigatione
1845 4297 2150 4363 animatque
2203 4309 2339 4348 mm-

784 4387 933 4438 stitia
971 4402 1161 4440 somno
1190 4397 1476 4456 correptus
1509 4397 1622 4453 est;
1656 4397 1710 4441 et
1737 4403 1885 4452 ecce,
1921 4388 2112 4441 iterum
2148 4387 2334 4449 illum,

2434 3223 2803 3292 ἐγερθήσομαι
2863 3218 2958 3272 καὶ
3001 3216 3236 3284 ἁλοῦμαι
3279 3213 3354 3275 ὡς
3392 3213 3586 3277 ἔλαφος
3619 3210 3645 3260 ὁ
3678 3206 3881 3275 χωλὸς,
3918 3208 4016 3258 καὶ

2436 3316 2690 3384 βαστάσω
2739 3314 2799 3364 οὐ
2849 3312 3008 3379 μόνον
3056 3310 3157 3376 τὴν
3210 3304 3398 3372 κλίνην
3439 3299 3578 3369 μου,
3609 3300 3684 3360 ὡς
3719 3298 4015 3356 suum;

2434 3410 2639 3468 ἐκεῖνος
2689 3404 3015 3473 παράλυτος,
3055 3398 3191 3451 ἀλλὰ
3244 3400 3339 3450 καὶ.
3397 3393 3800 3462 εὐχαριστὴρια
3858 3390 4014 3457 δῶρά

2440 3516 2564 3568 μου,
2589 3497 2624 3548 ἃ
2660 3493 2919 3563 προσάξω
2951 3491 3025 3560 τῷ
3053 3492 3185 3557 οἴκῳ
3214 3505 3326 3540 σου.

2510 3587 2593 3639 ιδ’.
2625 3585 2780 3638 Οὕτω
2813 3583 2920 3650 γὰρ
2961 3583 3049 3635 διὰ
3091 3579 3210 3643 σοῦ,
3250 3575 3743 3646 φιλανθρωπότατε
3791 3576 4013 3641 μάρτυς

2438 3678 2668 3748 Κυρίου,
2695 3675 2986 3741 δοθήσεται
3009 3671 3160 3740 αὐτῷ
3180 3671 3305 3736 δόξα
3329 3671 3422 3721 καὶ
3449 3668 3585 3735 τιμὴ
3628 3667 3722 3717 καὶ
3761 3664 4014 3730 προσκύ-

2437 3785 2594 3838 νησις
2624 3768 2719 3819 σὺν
2755 3766 2930 3833 Πατρὶ
2964 3765 3059 3816 καὶ¹
3093 3762 3235 3830 ἁγίῳ
3265 3760 3544 3828 Πνεύματι
3576 3756 3734 3822 παρὰ
3772 3756 3887 3806 τῶν
3919 3754 4017 3805 νῧν

2436 3861 2690 3930 δρώντων
2719 3875 2786 3927 με
2812 3855 3134 3926 ἀνθρώπων,
3157 3854 3248 3904 καὶ
3283 3854 3361 3913 εἰς
3382 3850 3607 3917 ὕστερον
3636 3848 4020 3916 μεμνημένων

2440 3971 2563 4020 μου.
2590 3951 2687 4004 καὶ
2711 3949 2862 4017 παρὰ
2892 3948 2998 4000 τῶν
3025 3948 3137 4000 ἄνω
3167 3944 3451 4012 δυνάμεων
3484 3942 3565 4002 εἰς
3596 3941 3722 3998 τοὺς
3760 3938 4019 3996 ἃπαντας

2438 4043 2640 4104 αίῶνας
2663 4041 2772 4092 τῶν
2798 4038 3028 4090 αἰώνων.
3073 4037 3269 4104 Ἀμήν.
3310 4027 3421 4086 καὶ
3462 4029 3635 4082 ταῦτα
3663 4029 3840 4081 εἰπὼν
3875 4028 4016 4095 μετὰ

2438 4129 2714 4199 δακρύων,
2748 4129 2966 4179 πάντων
2989 4126 3316 4186 ἀκουόντων,
3351 4119 3652 4191 προσέταξε
3668 4121 3788 4178 τοῖς
3816 4118 4020 4168 παισὶν

2440 4220 2572 4292 ἆραι
2604 4221 2699 4274 καὶ
2750 4219 2922 4272 θεῖναι
2972 4216 3134 4269 αὑτὸν
3190 4215 3281 4266 ἐπὶ
3305 4213 3382 4281 τῷ
3429 4214 3604 4282 χαμαὶ
3658 4210 3883 4277 στρᾶτῳ
3941 4208 4021 4275 τῷ

2441 4313 2820 4383 ἐτοιμασθέντι
2873 4309 3020 4377 αὐτῷ
3074 4309 3280 4369 ἐκεῖσε,
3313 4305 3406 4357 καὶ
3439 4303 3619 4364 τεθεὶς
3669 4301 4020 4367 ἀφύπνωσεν

2442 4407 2604 4467 εὐθὺς
2634 4407 2697 4457 ἐκ
2729 4402 2976 4470 καμάτου
3014 4399 3287 4468 σώματος,
3331 4396 3425 4449 καὶ⁸
3453 4397 3618 4447 πόνου
3653 4393 3858 4461 ψυχῆς.
3905 4393 4019 4442 Καὶ

777 4493 940 4543 qttem
975 4489 1029 4532 et
1074 4489 1230 4532 antea
1272 4480 1422 4544 vidit,
1450 4481 1594 4534 omni
1626 4482 1826 4535 virtute
1855 4491 2103 4535 ornatum
2137 4478 2336 4548 glorio-
2369 4476 2412 4530 ι)

2369 4476 2412 4530 D
2444 4500 2556 4552 ἰδοὺ
2593 4499 2755 4550 πάλιν
2783 4497 2886 4564 δρᾷ
2912 4493 3034 4547 καθ’
3066 4492 3264 4554 ὕπνους
3291 4492 3381 4542 τὸν
3417 4487 3761 4556 πανάριστον
3797 4487 4017 4535 ἐκεῖνον

780 4572 1161 4640 sissimutnque
1192 4571 1366 4624 virum
1397 4571 1731 4626 Demetrium
1764 4573 1816 4625 in
1840 4588 2030 4627 somno
2053 4571 2336 4640 conspica-

783 4672 869 4714 tns
903 4672 986 4715 est
1017 4663 1116 4715 sibi
1143 4662 1407 4717 dicentem
1460 4681 1473 4716 :
1519 4663 1687 4717 Recte
1717 4664 2121 4731 obtemperans,
2160 4673 2334 4717 recte-

783 4768 909 4820 que,
961 4767 1080 4819 qua:
1116 4755 1210 4807 tibi
1247 4770 1274 4807 a
1305 4769 1390 4808 me
1424 4755 1568 4807 dit-ta
1607 4764 1731 4807 sunt
1772 4756 2139 4819 considerans,
2191 4764 2338 4808 recte

787 4843 983 4897 venisti
1019 4854 1214 4911 :atque
1262 4846 1381 4899 ideo
1435 4861 1558 4898 cum
1610 4845 1739 4911 Deo,
1777 4862 1894 4914 qua:
1930 4847 2024 4900 tibi
2071 4847 2336 4915 promissa

786 4945 932 5000 sunt,
971 4935 1226 5005 implebo.
1250 4936 1446 4990 Verum
1493 4938 1709 4991 sanitati
1761 4954 1960 5008 corpus
1992 4949 2141 4993 tuum
2178 4940 2338 4992 resti-

787 5042 956 5091 tuere,
990 5030 1134 5083 haud
1166 5045 1415 5099 magnum
1435 5033 1652 5100 quidem
1685 5033 1815 5086 mihi
1849 5043 1951 5098 est,
1980 5035 2070 5088 sed
2104 5036 2337 5088 animam

793 5133 936 5175 tuam
973 5129 1093 5190 post
1120 5123 1364 5189 corporis
1393 5124 1729 5177 sanationem
1760 5124 1814 5178 iu
1843 5139 1927 5189 eo,
1976 5127 2028 5177 in
2059 5141 2167 5194 quo
2199 5140 2339 5179 nunc

791 5225 893 5277 est,
929 5214 982 5266 in
1035 5215 1235 5268 bonum
1288 5229 1560 5284 prOpenso
1601 5225 1747 5271 statu
1787 5232 2030 5282 manere,
2069 5219 2168 5271 hoc
2200 5217 2337 5272 ditli-

785 5307 908 5361 c'le.

861 5402 945 5453 ΞΟ.
985 5399 1168 5453 Solent
1201 5403 1342 5454 enim
1377 5401 1776 5471 quodammodo
1805 5404 2020 5469 animae,
2044 5404 2340 5458 adversita-

787 5493 930 5546 tibns
974 5490 1187 5559 quidem
1227 5506 1454 5559 pressat,
1489 5507 1518 5545 c
1550 5492 1808 5544 malorum
1843 5492 2191 5562 dolorumque
2248 5508 2338 5546 se-

782 5583 1022 5637 cundum
1053 5581 1196 5649 quod
1246 5582 1506 5651 scriptum
1548 5593 1650 5648 est,
1697 5585 2043 5639 tribulatione
2087 5586 2338 5639 domina-

849 5763 867 5791 ³
903 5763 1061 5816 Marc.
1093 5779 1148 5824 ll.
1175 5765 1226 5816 9.

2441 4589 2611 4657 ἄνδρα
2652 4587 2746 4639 καὶ
2793 4586 3136 4650 ἐνδοξότατον
3176 4581 3510 4649 Δημήτριον,
3541 4577 3599 4629 δν
3633 4577 3727 4627 καὶ
3771 4574 4020 4640 πρόσθεν

2440 4676 2570 4744 εἶδε,
2611 4680 2837 4745 λέγοντα
2863 4676 3014 4746 αὑτῷ
3037 4693 3052 4708 ο
3089 4673 3285 4734 Καλῶς
3310 4669 3492 4741 ἦλθες,
3527 4668 3708 4728 καλῶς
3761 4666 4018 4717 ὑπακού-

2443 4789 2564 4834 σας,
2595 4770 2684 4823 καὶ
2710 4767 2890 4829 καλῶς
2921 4768 3116 4835 νοήσας
3161 4764 3228 4815 τὰ
3261 4763 3389 4829 παρ’
3423 4759 3557 4829 ἐμοῦ
3593 4775 3677 4809 σοι
3716 4757 4012 4823 λεχθέντα.

2443 4863 2533 4916 Διὸ
2561 4860 2714 4928 κάγὼ
2761 4860 2858 4912 σὺν
2890 4857 3008 4926 Θεῷ
3035 4854 3349 4909 ἀποτελὲσω
3385 4852 3452 4903 τὰ
3491 4847 3871 4918 ὑποσχεθέντα
3907 4864 4016 4899 σοι.

2457 4954 2619 5007 Ἀλλὰ
2644 4953 2706 5005 τὸ
2736 4952 2835 5020 μὲν
2877 4949 3035 5018 σῶμα
3069 4964 3163 5000 σου
3197 4945 3372 5016 ῥῶσαι
3405 4949 3464 4996 οὐ
3504 4944 3644 5012 μέγα
3685 4941 3823 5006 παρ’
3863 4941 4015 5007 ἐμοὶ,

2441 5046 2504 5098 τὸ
2531 5045 2586 5097 δέ
2620 5044 2718 5114 τὴν
2751 5043 2927 5110 ψυχήν
2960 5056 3050 5092 σου
3082 5039 3358 5106 δ;αμεῖναι
3401 5037 3537 5106 μετὰ
3567 5033 3667 5104 τὴν
3702 5033 3879 5101 ῥῶσιν
3922 5031 4016 5084 τοῦ

2442 5135 2693 5205 σώματος
2743 5134 2804 5186 ἐν
2856 5134 2922 5202 τῇ
2967 5129 3062 5183 νῦν
3089 5129 3260 5198 αὐτῆς
3305 5126 3696 5193 εἰκατανύκτῳ
3744 5123 4016 5192 προθέσει

2440 5226 2598 5280 τοῦτο
2625 5224 2900 5278 δύσκολον.

2514 5408 2582 5453 κ’.
2615 5397 2849 5451 Εἱὼθασι
2888 5397 2996 5467 γάρ
3046 5412 3161 5457 πως
3211 5393 3268 5446 αἱ
3311 5393 3480 5460 ψυχαὶ
3529 5389 3853 5457 πιεζόμεναι
3914 5388 4012 5454 μέν

2447 5494 2587 5545 κατὰ
2611 5491 2670 5542 τὸ
2701 5489 3089 5559 γεγραμμένον
3118 5485 3227 5538 ἀπὸ
3257 5483 3487 5551 θλίψεως
3520 5481 3729 5541 κακῶν,
3766 5481 3861 5531 καὶ
3895 5479 4012 5528 ὀδυ-

2447 5586 2551 5638 νῶν
2581 5583 2864 5653 ὁμολογεῖν
2904 5582 3000 5651 τὴν
3029 5576 3366 5642 δεσποτείαν,
3419 5576 3509 5628 καὶ
3559 5573 3857 5626 terra-Joh
3890 5574 4011 5622 iu-
