4206 6438
250 318 385 385 1309

1244 331 1301 390 S.
1340 329 1715 393 DEMETRII
1751 330 2140 392 MARTYRIS
2180 335 2385 392 ACTA.

3293 324 3425 385 1310

242 435 497 503 εἱλκύσθη
529 438 626 504 τὴν
661 438 792 499 ἄνω,
828 440 919 491 καὶ
942 441 1154 503 ίσωθεὶς
1179 443 1472 522 ἐχαλάσθη,
1498 443 1589 495 καὶ
1612 444 1792 494 λοιπὸν
1817 451 1863 508 Α
1893 458 1903 500 l

1766 461 1792 494 ν
1817 451 1863 508 Α
1893 458 1997 501 tam
2035 461 2268 515 superne
2300 445 2486 503 movit,
2529 453 2844 509 aquamque
2868 440 3100 493 demissa
3136 443 3237 491 est.
3271 435 3423 486 dubi-

243 524 520 592 ἡσύχασαν
542 528 596 579 αι
621 528 833 598 καρδίαι
862 530 969 581 τῶν
998 529 1373 593 δισταζόντων.

311 611 445 678 ρλη⁸.
492 614 680 666 Ἔνθεν
700 615 805 683 γὰρ
825 618 1004 678 αὐτοῖς
1023 620 1116 669 καὶ
1132 617 1189 669 τδ
1205 619 1311 670 τῶν
1326 618 1569 687 δακρύων
1593 616 1787 685 πλῆθος

240 702 514 772 κεκίνητο,
544 703 636 755 τοῦ
666 705 860 773 ἐχθροῦ
892 707 1279 770 ὑποϐάλλοντος
1309 710 1512 769 ἑννοίας
1548 708 1788 777 πονηρὰς
1828 712 1831 715 ¹

239 789 314 851 ὥς
343 793 423 843 ὅτι
451 795 477 843 ὀ
512 792 640 853 Θεὸς
672 794 869 848 ἁλῶναι
902 796 999 865 τὴν
1026 796 1180 848 πόλιν
1210 797 1550 865 βεϐούληται,
1580 801 1671 849 καὶ
1702 797 1788 850 διὰ

239 880 395 933 τοῦτο
426 883 458 950 ἡ
490 882 633 950 πύλη
654 885 714 935 οὐ
746 885 1008 939 κλείεται.
1066 887 1177 938 Καὶ
1208 889 1343 954 ὅπερ
1372 888 1529 945 αὐτὸς
1574 889 1642 956 τῇ
1690 902 1788 937 κα-

240 973 471 1039 κουργίᾳ
496 973 894 1041 ἐμηχανήσατο,
919 975 1074 1028 τοῦτο
1094 978 1186 1029 καὶ
1212 978 1290 1045 τῷ
1311 977 1427 1044 Θεῷ
1456 978 1787 1045 προσάπτειν

239 1059 358 1118 ταῖς
387 1058 640 1121 διανοίαις
678 1062 995 1118 ὑπέϐαλλεν.
1038 1064 1197 1117 Ἀλλὰ
1228 1066 1354 1129 δόξα
1383 1066 1460 1131 τῷ
1485 1066 1625 1135 ἁγίῳ
1646 1067 1783 1131 Θεῷ·

241 1148 321 1205 εἰς
341 1149 491 1210 τέλος
512 1150 619 1219 γὰρ
646 1152 809 1204 αὐτοῦ
841 1154 874 1220 ἠ
908 1154 1146 1222 δολιότης
1187 1156 1284 1207 οὐκ
1316 1157 1551 1224 ίσχυσεν.
1591 1155 1786 1206 Βούλε-

242 1238 333 1288 σθε
363 1239 453 1290 καὶ
477 1240 642 1302 ἄλλας
680 1249 770 1293 τοῦ
800 1244 1035 1313 Χριστοῦ
1085 1245 1520 1316 θαυματουργίας
1556 1264 1785 1315 γεγενη-

245 1328 412 1393 μένας
467 1330 626 1395 τότες
682 1332 1029 1401 Προθήσομαι
1060 1335 1158 1387 οὐκ
1208 1337 1430 1391 ἔλαττον
1456 1336 1563 1391 τῶν
1609 1336 1785 1390 ἄλλων

242 1414 692 1490 θαυματουργιιῖιν
711 1435 728 1452 ⁶
776 1424 965 1494 ἐπειδὴ
995 1426 1102 1494 γὰρ
1151 1427 1216 1496 τῇ
1247 1427 1366 1497 θείᾳ
1400 1429 1542 1497 ῥοπῇ
1573 1428 1667 1489 τὰς
1695 1443 1779 1495 χε-

241 1504 436 1572 λώνας,
469 1510 563 1562 καὶ
586 1510 711 1575 τοὺς
744 1514 993 1582 μοχλοὺς,
1021 1517 1239 1578 καὶτὰς
1260 1516 1505 1577 δικέλλας
1535 1518 1781 1571 καταλεί-

240 1595 461 1661 ψαντας,
490 1597 706 1665 ἔφυγον,
736 1602 960 1670 μηδενὸς
983 1604 1285 1669 διώκοντος,
1321 1607 1374 1659 oi
1411 1608 1651 1677 πολέμιοι
1681 1608 1787 1659 λοι-

243 1684 345 1737 πδν
381 1686 473 1739 hri
502 1690 569 1757 τῇ
600 1688 729 1756 ἑξῆς
766 1694 875 1753 τοῖς
898 1695 1244 1763 πετροϐόλοις
1278 1698 1597 1765 ἐχρήσαντο.

1893 539 2223 604 tantiumque
2253 535 2465 588 tandem
2494 538 2649 585 corda
2684 532 3021 598 quieverunt.

1963 631 2080 684 l38.
2137 628 2271 681 Hinc
2303 626 2447 679 enim
2498 635 2552 677 et
2591 625 2698 676 illis
2737 625 3087 690 lacrymarnm
3134 621 3285 687 copia
3328 619 3428 669 fuit

1887 730 2177 780 commota,
2221 720 2361 785 quod
2409 716 2760 784 cogitationes
2810 726 3001 781 pravas
3030 750 3043 771 ,
3100 712 3249 778 quasi
3288 708 3428 762 Deus

1888 813 2158 865 civitatem
2210 810 2327 875 capi
2359 808 2536 866 vellet.
2581 807 2811 871 ideoque
2855 812 3009 870 porta
3055 802 3238 854 clausa
3289 800 3427 850 haud

1886 912 2048 971 esset,
2099 900 2347 953 inimicus
2371 907 2699 965 suggereret.
2759 894 2820 947 Et
2871 894 3089 961 quidem
3144 891 3285 959 quod
3316 892 3428 957 ipse

1887 992 2087 1045 malitia
2118 1004 2214 1043 sua
2260 988 2600 1045 moliebatur,
2630 984 3063 1051 cogitationibus,
3118 992 3173 1033 ut
3220 982 3270 1033 id
3322 981 3427 1031 Deo

1887 1084 2262 1142 ascriberent,
2315 1078 2651 1146 subiiciebat.
2702 1075 2897 1128 Verum
2965 1075 3073 1126 Deo
3123 1084 3309 1127 sancto
3362 1074 3428 1123 sit

1888 1175 2053 1241 gloria
2091 1190 2104 1225 :
2139 1172 2205 1225 ad
2241 1172 2398 1223 linem
2429 1169 2575 1221 enim
2601 1167 2746 1219 fraus
2783 1167 2901 1232 ejus
2950 1165 3088 1216 haud
3131 1164 3423 1230 praevaluit.

1894 1265 2133 1317 Vultisne
2164 1274 2219 1317 et
2248 1262 2350 1314 alia
2380 1259 2578 1314 Christi
2622 1258 2875 1310 miracula
2910 1266 3036 1310 tunc
3076 1255 3250 1308 facta?
3295 1248 3430 1305 l’ro-

1887 1369 2105 1423 ponam,
2137 1354 2283 1421 quod
2309 1350 2431 1404 aliis
2470 1348 2727 1417 prodigiis
2754 1349 2897 1402 baud
2939 1358 3023 1401 est
3066 1347 3267 1400 minus.
3294 1346 3427 1398 Cum

1884 1447 2030 1501 enim
2065 1444 2159 1497 Dei
2188 1452 2350 1500 nutu.
2381 1438 2745 1494 testudinibus
2773 1446 2827 1491 et
2874 1438 3116 1490 vectibus
3156 1449 3209 1489 et
3238 1436 3429 1504 ligoni-

1885 1537 1984 1591 bus
2024 1535 2244 1595 relictis,
2288 1531 2515 1590 inimici.
2564 1530 2712 1583 nullo
2760 1529 3100 1596 insequente.
3142 1527 3428 1597 fugissent,

1886 1624 2098 1678 tandem
2129 1625 2217 1676 die
2241 1622 2491 1691 sequenti
2521 1621 2815 1691 petrobolis
2849 1619 2930 1672 usi
2953 1631 3101 1672 sunt.

315 1775 443 1846 ρλθ⁸.
505 1775 683 1832 Ἦσαν
715 1782 770 1834 δὲ
810 1776 952 1835 οὗτοι
976 1789 1306 1855 τετράγωνοι
1340 1789 1402 1840 ὲκ
1434 1788 1786 1857 πλατυτέρων
1818 1823 1856 1873 Β
1953 1801 1974 1852 1

1768 1805 1856 1873 ’Β
1953 1801 2073 1854 159.
2140 1799 2203 1852 Hi
2257 1808 2435 1851 autem
2489 1798 2943 1867 quadrangnlares
2999 1804 3194 1859 erant,
3254 1810 3283 1848 a
3352 1796 3429 1847 la-

246 1866 457 1933 βάσεων
484 1873 563 1931 τίς
594 1875 931 1941 στενωτέρας
970 1878 1214 1944 κορυφάς
1237 1881 1653 1949 καταλήγοντες.
1699 1882 1784 1947 ἐφ’

244 1955 321 2011 ὧν
354 1956 490 2028 ἦσαν
541 1962 809 2030 κύλινδροι
858 1970 1044 2034 παχείς
1088 1968 1203 2019 λίαν
1250 1970 1672 2037 σεσιδηρωμένοι
1720 1971 1786 2022 τά

246 2053 478 2121 πίρστα,
513 2055 606 2106 καὶ
653 2055 741 2107 ἐπ’
771 2058 946 2110 αὐτῶν
978 2060 1336 2127 καθηλωμίνα
1386 2061 1513 2124 ξύλα
1540 2062 1614 2122 ὡς
1644 2062 1786 2113 δοκοὶ

248 2144 487 2209 μεγάλης
516 2146 686 2205 οἰκίας
719 2147 907 2215 ἔχοντα
938 2150 1034 2207 τὰς
1063 2151 1371 2217 σφενδόνας,
1402 2152 1600 2213 αῐτινες
1629 2153 1791 2217 ὑψού-

250 2246 405 2295 μεναι
438 2232 640 2301 πέτρας
674 2235 997 2301 ἀπέπεμπον
1041 2244 1127 2289 καὶ
1165 2238 1403 2305 μεγάλας
1442 2239 1536 2291 καὶ
1567 2241 1785 2306 συχνάς,

245 2322 319 2382 ὡς
354 2321 485 2392 μηδὲ
516 2323 612 2393 τὴν
651 2325 750 2391 γῆν
777 2325 1036 2379 δύνασθαι
1067 2329 1251 2396 φέρειν
1295 2332 1391 2389 τὰς
1433 2331 1609 2382 αὐτῶν
1644 2332 1790 2398 sppi-

244 2414 387 2480 ψεις,
425 2416 551 2482 μήτι
576 2433 635 2480 γε
675 2419 957 2486 οἰκοδομὴν
979 2418 1349 2487 ἀνθρωπίνην,
1399 2420 1528 2471 ἀλλὰ
1571 2422 1661 2471 καὶ
1697 2437 1785 2470 σα-

247 2503 353 2554 νίσι
381 2506 477 2563 τὰς
510 2506 653 2572 τρείς
681 2505 838 2570 μόνον
866 2505 1105 2573 πλευρὰς
1138 2507 1244 2557 τῶν
1272 2508 1626 2574 τετραγώνων
1654 2507 1791 2557 ἐκεί-

246 2610 354 2643 νων
380 2594 718 2661 πετροϐόλων
746 2593 1058 2662 διέφραξαν.
1085 2597 1156 2656 ὡς
1191 2597 1263 2664 μὴ
1286 2599 1410 2658 τοὺς
1435 2597 1577 2647 ἔνδον
1605 2594 1792 2648 καθεύ-

247 2685 434 2745 δοντας
466 2685 569 2736 ὑπὸ
593 2686 699 2737 τῶν
730 2688 791 2737 ἐκ
845 2685 936 2737 τοῦ
966 2688 1176 2755 τείχους
1223 2686 1613 2754 τιτρώσκεσθαι
1648 2686 1791 2753 βέλε-

250 2796 354 2834 σιν.
388 2780 495 2832 Καὶ
539 2779 719 2846 ἐπειδὴ
770 2781 1033 2849 πυρφόρῳ
1081 2782 1229 2848 βέλει
1275 2775 1350 2843 εἷς
1399 2780 1456 2843 ἐξ
1488 2782 1664 2834 αὐτῶν
1697 2782 1791 2832 σὺν

246 2870 369 2927 ταῖς
395 2868 604 2921 σανίσιν
632 2868 1064 2937 άπηνθρακώθη,
1098 2869 1551 2933 διαϐαστάξαντες
1591 2871 1657 2922 τὰ
1703 2872 1793 2939 δρα

250 2977 385 3024 γανα
410 2960 789 3027 ὑπεχώρησαν,
818 2960 911 3011 καὶ
944 2963 1009 3028 τῇ
1035 2960 1159 3028 ἑξῆς
1180 2961 1386 3027 ἠγαγον
1410 2961 1605 3020 αὐτοὺς
1633 2961 1792 3012 πάλιν

248 3056 373 3113 τοὺς
399 3051 755 3121 πετροϐόλους
813 3052 1037 3119 βύρσαις
1068 3052 1389 3119 νεοδάρτοις,
1434 3053 1507 3112 ὼς
1536 3052 1790 3119 προείπο-

1891 1894 2117 1946 tioribus
2153 1893 2371 1946 basibus
2412 1891 2462 1943 in
2499 1891 2812 1959 angustiora
2848 1887 3055 1957 fastigia
3100 1888 3432 1950 desinentes,

1887 1998 2050 2049 supra
2078 1996 2198 2049 quae
2220 1994 2375 2035 erant
2402 1980 2630 2048 cylindri
2668 1978 2824 2045 spissi
2853 1976 3165 2037 admodum.
3196 1976 3339 2029 ferro
3368 1977 3433 2028 ad

1889 2074 2253 2127 extremitates
2281 2074 2472 2125 armati
2503 2072 2753 2139 lignaque
2777 2070 2942 2123 clavis
2967 2070 3114 2122 hisce
3141 2067 3293 2119 affixa
3319 2082 3435 2117 ma-

1888 2178 2004 2231 gna:
2029 2163 2222 2215 domus
2242 2163 2474 2215 trabium
2492 2162 2735 2214 adinstar
2754 2160 2973 2213 balistas
2997 2155 3431 2226 complectentia,

1887 2270 2006 2321 quae
2055 2268 2269 2306 sursum
2305 2254 2490 2305 levatae
2538 2252 2744 2319 lapides
2790 2267 3013 2317 magnos
3053 2261 3101 2303 et
3150 2250 3436 2301 continuos

1889 2344 2233 2404 emittebant,
2272 2345 2343 2395 ita
2371 2353 2426 2395 ut
2450 2357 2637 2395 eorum
2662 2343 2894 2409 impetus
2920 2355 3021 2393 nec
3050 2350 3209 2403 terra,
3235 2340 3430 2392 nedum

1892 2434 2120 2484 humana
2176 2430 2432 2482 habitatio
2468 2427 2610 2481 ferre
2649 2437 2859 2493 possi-t;
2916 2442 3101 2477 verum
3148 2425 3245 2478 tria
3294 2428 3432 2479 dun-

1891 2530 2032 2575 taxat
2075 2518 2586 2587 quadrangularium
2640 2519 2853 2570 illorum
2895 2517 3294 2585 petrobolorum
3352 2518 3431 2568 la-

1893 2622 2024 2675 tera,
2086 2626 2152 2664 ne
2198 2613 2289 2678 qui
2329 2614 2476 2664 intus
2528 2610 2896 2669 morabantur,
2945 2610 3177 2676 sagittis,
3213 2624 3244 2661 e
3279 2624 3433 2660 muro

1890 2701 2121 2762 emissis,
2148 2700 2493 2763 Lederentur,
2518 2697 2709 2750 talibus
2731 2698 3029 2764 replerunt,
3059 2710 3121 2747 ac
3150 2704 3433 2762 postquam

1891 2806 2028 2843 unus
2054 2807 2119 2843 ex
2151 2791 2230 2842 eis
2264 2805 2368 2843 una
2394 2804 2517 2842 cum
2550 2788 2746 2840 tabulis
2778 2787 2881 2840 telo
2909 2787 3134 2857 ignifero
3166 2790 3216 2841 in
3247 2788 3435 2842 carbo-

1894 2900 1989 2936 nes
2022 2882 2213 2934 l‘uisset
2245 2881 2515 2942 redactus,
2572 2880 2948 2932 instrumentis
3003 2881 3250 2942 sublatis,
3291 2881 3434 2935 abic-

1894 2982 2037 3032 runt,
2092 2972 2285 3038 dieque
2342 2970 2588 3037 sequenti
2635 2970 2852 3023 eosdem
2888 2986 3071 3023 rursus
3104 2971 3431 3037 petrobolos.

1894 3061 2118 3129 pellibus
2165 3074 2334 3126 nuper
2380 3060 2657 3117 detractis.
2692 3067 2751 3111 ut
2793 3060 2994 3112 dictum
3040 3070 3143 3123 est,
3175 3073 3278 3111 una
3312 3076 3434 3113 cum

252 3161 371 3209 μεν,
406 3146 500 3196 σὺν
528 3145 642 3203 ταῖς
672 3144 875 3195 σανίσιν
905 3143 1329 3211 ἠμφιεσμένους.
1356 3143 1449 3194 καὶ
1477 3144 1792 3211 πλησιέστε-
1816 3138 1858 3193 C
1892 3160 1912 3201 ι

1773 3174 1792 3184 -
1816 3138 1858 3193 C
1892 3149 2089 3202 tabulis
2122 3149 2345 3202 vestitos
2399 3149 2758 3211 adduxerunt,
2805 3164 3068 3216 muroque
3104 3149 3165 3202 iis
3216 3152 3434 3217 propius

249 3250 343 3303 ρον
377 3237 665 3302 στήσαντες
700 3234 793 3285 τοῦ
825 3232 1055 3300 τείχους,
1086 3232 1278 3284 Εϐαλον
1305 3231 1408 3299 ὅρη
1438 3234 1528 3283 καὶ
1569 3233 1789 3300 βουνοὺς

248 3322 374 3374 καθ’
398 3324 550 3390 ήμῶν
584 3321 950 3382 ἀκοντίζοντες
972 3336 987 3351 ο
1025 3322 1077 3372 τί
1108 3322 1214 3389 γὰρ
1248 3323 1314 3374 ἂν
1339 3322 1464 3373 άλλο
1487 3338 1568 3383 τις
1589 3323 1789 3392 καλέσῃ

247 3414 373 3474 τοὺς
401 3411 853 3481 ἁπειρομεγέθεις
886 3410 1127 3473 δκείνους
1158 3412 1334 3472 λίθους
1360 3429 1372 3474 ;

324 3505 430 3572 ρμ’.
493 3502 623 3556 Εἶτα
672 3505 725 3554 τί
773 3503 908 3569 πρὸς
956 3502 1126 3553 ταῦτα
1154 3503 1204 3553 οἱ
1259 3503 1355 3571 τῆς
1414 3506 1654 3570 πόλεως;
1684 3506 1785 3567 Τίς

260 3595 402 3657 Ἐγώ
427 3612 587 3662 φημι.
660 3596 733 3646 υὺ
769 3594 1172 3647 κατεδειλίασαν
1220 3596 1502 3661 έπινοῆσαί
1531 3613 1653 3650 τινα
1685 3597 1792 3650 τῶν

248 3687 653 3755 ἐπιφερομένων
671 3687 971 3752 ἀποφυγεῖν
993 3703 1007 3717 ο
1035 3684 1179 3753 εἶχον
1200 3688 1329 3754 γὰρ.
1352 3688 1426 3746 ὡς
1452 3688 1789 3755 προείρηται,

248 3778 446 3845 θάρσος
500 3792 553 3827 τι
601 3776 872 3843 ενσπαρὲν
924 3777 1105 3837 αὐτοῖς
1130 3778 1190 3827 ὲκ
1219 3776 1373 3837 θείας
1412 3778 1605 3843 ῥοπῆς.
1643 3777 1791 3827 Ἐπεὶ

254 3868 379 3918 ποία
412 3868 704 3936 περῥότης
742 3867 1052 3932 ἀνθρωπίνη
1076 3870 1136 3919 οὐ
1171 3868 1497 3937 κατέπτηχε,
1541 3869 1636 3920 καὶ
1665 3886 1791 3921 κατ-

250 3955 537 4023 ενεκροῦτο
561 3959 625 4024 τῇ
654 3956 749 4024 θέᾳ
803 3958 899 4021 τῆς
940 3957 1259 4024 πετροϐόλου
1312 3958 1545 4025 χαλάζης
1578 3960 1791 4026 ἐκείνης

252 4048 345 4096 καὶ
367 4045 443 4111 τῷ
478 4046 720 4112 ἁστέκτῳ
753 4045 912 4113 ῥοίζῳ
945 4046 1036 4111 τῆς
1096 4051 1470 4115 χειροποιήτου
1523 4050 1785 4117 βροντῆς

264 4136 402 4188 Ἀλλ’
430 4138 576 4202 ὅμως
608 4136 708 4187 ὑπὸ
758 4137 894 4189 Θεοῦ
929 4137 1222 4204 ῥωσθέντες
1270 4139 1658 4191 έϐουλεύσαντο
1688 4143 1792 4205 πρὸ

249 4226 360 4277 ’τῶν
387 4226 661 4289 ἐπάλξεων
703 4228 921 4294 ἀρτίσαι
976 4232 1038 4278 ὲκ
1105 4229 1315 4295 ῥάϐδων
1371 4231 1579 4280 λεπτῶν
1605 4231 1790 4297 ὥσπερ

250 4317 369 4367 τινά
390 4317 778 4382 καθυφασμένα
805 4320 1287 4385 καταπετάσματα.
1328 4323 1419 4371 καὶ
1468 4322 1565 4381 τὰς
1596 4323 1652 4371 ἐν
1678 4326 1791 4379 τοῖς

251 4406 645 4473 δειπνητηρίοις
691 4408 793 4457 ὑπὸ
840 4408 961 4468 τοὺς
1005 4407 1330 4475 δαιτυμόνας
1399 4409 1685 4476 τιθεμένας
1730 4413 1791 4461 ὲκ

256 4497 520 4564 παπύρων
561 4498 655 4547 καὶ
707 4496 925 4548 σάκκων
978 4497 1285 4563 στρωμνὰς,
1341 4498 1425 4548 τνα
1459 4498 1552 4548 τοῦ
1593 4500 1790 4567 πέτρου

253 4586 719 4652 προσαράσσοντος
777 4584 1116 4651 διαμαλαχθῇ
1164 4584 1357 4653 ὣσπερ
1406 4587 1437 4652 ἡ
1490 4587 1641 4647 τάσις
1698 4589 1789 4639 τοῦ

252 4673 610 4740 κρούσματος,
650 4673 681 4739 ἢ
737 4674 809 4739 τῷ
870 4672 1309 4743 διασπωμένῳ,ἢ
1357 4673 1432 4743 τῷ
1461 4677 1654 4745 ἁπαλῷ
1694 4679 1789 4745 τῆς

250 4759 563 4818 ἀντιτυπίας
593 4760 992 4826 μεθοδευοεῖσα.

327 4847 470 4916 ρμα’.
516 4849 670 4900 Ἀλλά
699 4848 867 4901 ταῦτα
928 4852 1025 4918 μὲν
1059 4853 1130 4911 ὡς
1166 4853 1439 4919 ἄνθρωποι
1491 4855 1538 4903 οί
1570 4853 1666 4921 τῆς
1692 4856 1790 4906 πό-

251 4942 383 4999 λεως
405 4938 812 5000 ιϐουλεύσαντο,
838 4941 865 4991 ὁ
890 4941 945 4992 δὲ
966 4941 1092 5001 Θεὸς
1113 4940 1185 5001 ὡς
1213 4943 1613 5009 παντοδὺναμος
1636 4945 1789 5013 ἐεοή-
1822 4940 1823 4943 “

250 5027 516 5093 θησε,καὶ
547 5028 893 5095 παρέστησεν
917 5030 1046 5096 ἡμῖν
1079 5030 1151 5090 ὡς
1178 5030 1296 5098 οὐχὶ
1326 5030 1634 5099 ἀνθρωπίνη
1662 5033 1787 5099 βοή-

250 5116 389 5178 θεια,
430 5116 604 5185 mw;
640 5116 789 5182 δεξιά
818 5117 978 5169 αὐτοῦ
1040 5120 1171 5187 μόνη
1222 5120 1391 5172 εσωσε
1432 5123 1569 5172 κατὰ
1616 5126 1676 5173 τὸ
1707 5141 1791 5189 γει

252 5204 567 5274 γραμμένον
590 5206 686 5288 τῂν
716 5207 889 5271 πόλιν,
922 5210 1012 5261 καὶ
1040 5210 1067 5259 ὁ
1092 5208 1329 5277 βραχίων
1355 5213 1381 5263 ὀ
1413 5212 1561 5277 ἅγιος
1600 5213 1785 5265 αὑτοῦ.

246 5297 314 5349 Τί
345 5296 450 5369 γὰρ
479 5298 570 5348 καὶ
589 5300 811 5365 γέγονε;
851 5300 981 5353 Ἀπὸ
1002 5299 1096 5351 τοῦ
1119 5301 1314 5367 αὖγους
1340 5302 1443 5364 ῑως
1468 5303 1613 5370 ὥρας
1642 5306 1788 5356 €666-

255 5405 358 5454 μης
383 5388 499 5439 καθ’
518 5388 753 5457 εκάστην
785 5391 993 5459 ἡμέραν
1026 5393 1416 5455 ἀκοντιζόντων
1448 5394 1553 5446 τῶν
1576 5395 1787 5463 ἐχθρῶν

249 5479 375 5536 τοὺς
400 5478 845 5546 άπειρομεγέθεις
896 5482 1134 5544 έκείνους
1182 5482 1380 5545 λίθους,
1410 5484 1580 5545 οὐδεὶς
1610 5485 1787 5535 αὐτῶν

251 5569 436 5634 σχεδὸν
462 5569 537 5637 τῷ
560 5571 727 5639 τείχει
762 5574 1160 5642 προσέπαυσεν,
1198 5575 1311 5625 ἀλλ’
1344 5575 1374 5642 ἢ
1406 5575 1507 5637 ἔξω
1537 5574 1629 5626 τοῦ
1676 5578 1786 5626 τεί-

254 5673 394 5725 χους,
423 5658 452 5726 ἦ
494 5659 761 5729 ἐνδότερον
790 5663 1143 5729 κατεφέροντο
1164 5680 1175 5691 σ
1220 5657 1276 5713 οἱ
1312 5663 1363 5714 δὲ
1394 5665 1775 5731 κατεφέροντο,

1891 3238 2118 3289 admotis
2147 3244 2357 3290 montes
2390 3251 2452 3289 ac
2479 3237 2645 3290 colles
2675 3236 2953 3304 (quidnam
2986 3238 3129 3290 enim
3149 3238 3292 3289 aliud
3312 3239 3434 3307 quis

1892 3336 2043 3378 vocet
2092 3326 2294 3393 lapides
2328 3326 2447 3379 illos
2472 3342 2631 3393 supra
2665 3327 2883 3381 modum
2927 3344 3150 3395 tnagnos
3168 3328 3211 3395 ἲ)
3247 3328 3298 3381 in
3336 3344 3435 3381 nos

1892 3416 2120 3469 intortos
2155 3417 2400 3483 ejaculati
2429 3425 2575 3469 sunt.

1961 3506 2086 3560 ΗΟ.
2154 3508 2251 3558 Ast
2298 3506 2429 3571 quid
2472 3506 2689 3568 deinde,
2729 3507 2822 3573 qui
2862 3508 3095 3560 civitatis
3142 3516 3312 3570 erant,
3369 3507 3433 3559 ad

1893 3594 2006 3647 haec
2035 3594 2060 3645 ?
2081 3594 2258 3657 Quid?
2281 3595 2393 3663 Ego
2414 3594 2612 3647 dicam.
2639 3594 2712 3648 De
2730 3594 2852 3664 fuga
2881 3611 2991 3663 pra:
3010 3603 3155 3649 metu
3184 3611 3439 3663 quorum-

1895 3685 2014 3736 dam
2048 3699 2113 3737 ex
2160 3686 2245 3746 iis,
2270 3685 2463 3751 quibus
2500 3685 2690 3737 civitas
2723 3684 3097 3752 premebatur,
3130 3685 3434 3753 arripienda

1894 3789 1999 3825 non
2045 3776 2367 3841 cogitarunt.
2414 3775 2692 3829 Habeliant
2720 3775 2885 3836 enim,
2928 3784 2987 3828 ut
3014 3776 3215 3828 dictum
3262 3786 3365 3837 est,
3408 3791 3436 3827 e

1897 3865 1986 3917 Dei
2024 3866 2299 3918 voluntate
2330 3866 2550 3918 insitam
2578 3865 2680 3917 sibi
2720 3865 3019 3917 audaciam.
3063 3865 3285 3917 Etiamsi
3315 3866 3435 3918 talia

1898 3956 2126 4026 bumana
2183 3957 2352 4007 virtus
2382 3957 2523 4008 baud
2545 3955 2813 4016 sull‘erret,
2851 3955 3250 4021 lapidilcrazque
3275 3971 3435 4023 gran-

1895 4047 2034 4098 dinis
2086 4047 2226 4098 illius
2265 4054 2483 4111 aspectu
2535 4060 2598 4099 ac
2646 4046 2965 4098 intolerabili
3015 4046 3239 4097 touitrul
3274 4061 3435 4097 manu

1893 4134 2015 4187 iacti
2064 4135 2275 4201 fragore
2321 4135 2741 4195 exanimaretur,
2784 4136 3021 4188 roborati
3057 4145 3235 4187 tamen
3268 4150 3297 4187 a
3328 4135 3437 4189 Deo

1893 4234 2016 4276 ante
2073 4225 2265 4290 pinnas
2319 4239 2507 4291 parare
2555 4225 2847 4277 viminibus
2894 4239 2923 4277 e
2964 4227 3221 4277 tenuibus
3270 4228 3432 4278 velut:

1893 4324 2165 4367 contextus
2193 4318 2446 4381 quasdam
2473 4315 2731 4377 cortinas,
2752 4329 2953 4381 eosque
2988 4316 3074 4381 qui
3099 4317 3153 4367 in
3182 4330 3431 4367 cmnacu-

1896 4405 1957 4457 lis
1982 4405 2082 4457 sub
2121 4404 2363 4457 convivis
2408 4412 2699 4471 ponuntur,
2730 4418 2759 4457 e
2790 4419 2991 4471 papyro
3022 4404 3236 4472 linoque
3268 4407 3432 4458 lectos

1892 4502 2019 4545 sunt
2049 4494 2237 4554 moliti,
2269 4508 2374 4560 quo
2396 4493 2666 4545 allidentis
2698 4492 2892 4560 lapidis
2916 4508 3067 4560 aque
3105 4508 3167 4546 ac
3196 4495 3311 4546 soni
3348 4497 3431 4547 in-

1892 4585 2068 4636 tensio
2090 4584 2168 4636 vel
2196 4582 2475 4636 teneritate
2495 4583 2919 4649 repercussionis
2949 4594 3243 4650 temperata
3266 4584 3432 4637 emol-

1888 4676 2096 4729 liretur.

1958 4849 2077 4903 Nl.
2144 4849 2239 4899 Ast
2276 4849 2388 4900 haec
2426 4847 2641 4915 quidem
2672 4845 2818 4899 cives
2853 4855 2911 4898 ut
2950 4845 3197 4899 homines
3241 4849 3427 4901 molie.

1888 4944 2113 5002 bantur;
2166 4953 2347 4990 verum
2407 4938 2563 4998 Deus,
2621 4946 2678 4988 ut
2730 4938 3096 5003 omnipotens,
3156 4939 3429 5004 suppetias

1885 5030 2005 5079 tulit
2034 5028 2291 5092 nobisque
2330 5024 2499 5078 adfuit
2537 5034 2616 5084 ut,
2667 5024 3121 5091 quemadmodum
3166 5028 3423 5093 scriptum

1884 5127 1986 5176 est.
2008 5132 2113 5169 non
2134 5120 2421 5169 humanum
2451 5114 2730 5176 auxilium,
2756 5114 2848 5166 sed
2875 5114 2986 5166 sola
3012 5114 3179 5181 ipsius
3212 5117 3424 5172 dextera

1886 5218 2235 5274 sanctumque
2260 5210 2375 5272 ejus
2402 5205 2678 5257 brachium
2707 5204 2979 5256 civitatem
3004 5216 3259 5257 servaret.
3292 5204 3426 5268 Quid

1886 5301 2032 5353 enim
2057 5309 2311 5367 prasterea
2340 5308 2420 5351 est
2445 5297 2680 5351 factum?
2703 5294 2938 5348 Inimicis
2960 5297 3025 5349 ab
3053 5311 3240 5347 aurora
3266 5312 3430 5363 uSque

1888 5390 1952 5443 ad
1979 5404 2159 5444 noram
2190 5389 2470 5456 septimam
2503 5388 2703 5454 lapides
2738 5387 2857 5439 illos
2879 5401 3037 5452 supra
3069 5390 3285 5438 modum
3323 5403 3432 5439 ma-

1887 5493 2020 5545 gnos
2058 5477 2293 5544 quatidie
2342 5476 2754 5545 ejaculantibus,
2803 5490 2987 5527 eorum
3030 5474 3139 5527 fere
3170 5474 3346 5526 nullus
3378 5476 3428 5527 in

1886 5556 2095 5620 murum
2137 5568 2375 5635 impegit,
2425 5566 2514 5618 sed
2565 5566 2645 5617 vel
2708 5574 2853 5617 extra
2892 5579 3105 5617 murum
3163 5563 3246 5616 vel
3294 5564 3430 5614 intc-

1888 5660 1998 5712 rius
2056 5658 2461 5723 deferebantur;
2497 5672 2601 5724 quo
2656 5671 2779 5710 voto
2830 5655 3229 5722 deferebantur,
3284 5667 3431 5707 scro-
