4206 6438
192 420 328 481 1329

1228 421 1289 482 S.
1334 419 1708 481 DEMETRII
1750 420 2144 483 MARTYRIS
2179 422 2386 483 ACTA.

3271 421 3404 486 1330

179 550 274 597 τος
306 534 494 596 τόπου,
524 533 600 591 ὡς
627 533 865 593 ἅπαντες
896 531 1234 594 ἐπίστανται,
1264 534 1403 601 ut!)
1440 534 1548 586 τῶν
1575 533 1737 585 πουλ-
1768 534 1812 586 Α
1839 575 1840 580 η

1734 564 1737 571 ι
1768 534 1812 586 Α
1839 540 2175 597 struxerunt,
2195 532 2629 602 pulpitorumque
2646 548 2676 587 e
2690 532 2919 588 clavatis
2937 532 3235 587 muricibus
3258 532 3395 602 (ἥ).

184 624 359 676 πίτων
384 622 469 675 διὰ
507 623 786 690 γωνατίων
816 622 1035 691 ὴλωτῶν
1070 625 1287 691 μηχανὴ
1335 623 1739 676 κατεσκεύαστο

180 715 245 765 ιν
280 715 344 780 τῇ
376 714 444 780 γῇ
487 712 759 779 κρυφηδὸν
787 712 1174 772 ἀποτεθέντων,
1209 712 1262 777 ἐξ
1289 713 1475 779 όλίγης
1502 712 1633 779 ὕλης
1658 732 1739 765 τι-

181 805 271 865 νὸς
305 804 729 864 σκινασθέντων,
769 806 915 865 ὅπως
953 806 1018 872 τῇ
1058 805 1165 854 τῶν
1201 804 1457 855 τοιούτων
1489 805 1737 868 ὀργάνων

178 894 412 960 ἁνιρασία
442 895 487 943 οἱ
518 894 614 956 τὴν
645 894 817 961 ὁρμὴν
848 894 946 955 τῆς
980 894 1283 955 ἐπιϐααεως
1315 893 1580 945 ποιεῖσθαι
1610 895 1738 960 μὲλ-

180 982 361 1039 λοντες
384 983 629 1048 πολέμιοι
657 984 713 1031 ἑν
732 983 910 1041 αὐτοῖς
931 983 1236 1051 ἑμπαρῶσι,
1264 983 1353 1033 καὶ
1380 984 1437 1033 ἑν
1461 981 1535 1047 τῷ
1559 986 1735 1033 ὲκείαε

177 1071 237 1121 δὲ
276 1072 421 1138 μόλῳ
463 1072 554 1123 καὶ
590 1073 734 1138 αὐτῷ
779 1074 1066 1139 ἀτειχίστῳ
1100 1073 1215 1123 τότε
1255 1074 1338 1123 διὰ
1387 1073 1609 1123 σανίδων
1643 1075 1735 1123 καὶ

180 1161 355 1223 ξύλων
372 1163 546 1222 τινῶν,
570 1163 640 1220 ὼς
670 1163 826 1229 μέχρι
852 1164 1077 1229 στήθους
1098 1163 1346 1229 τειχίσαι,
1378 1164 1469 1213 καὶ
1492 1164 1555 1214 τὶ
1575 1163 1736 1213 λοιπᾶ

176 1253 233 1303 ει
270 1253 377 1305 τῶν
408 1255 580 1306 ἄλλων
616 1257 905 1322 μαγγὰνων
940 1256 1249 1322 ἀμυντήρια
1304 1254 1368 1305 τὲ
1400 1255 1535 1322 πρὸς
1566 1254 1737 1321 παρα-

176 1344 330 1407 ταξιν
358 1346 474 1412 ἦτοι
506 1347 710 1411 ὕργανα
751 1346 1279 1406 κατεσκευάαθησανο
1304 1347 1397 1398 καὶ
1428 1346 1612 1396 λοιπὸν
1640 1345 1737 1413 τὴν

178 1437 369 1489 ἐλπίδα
398 1438 576 1489 πᾶσαν
598 1439 674 1496 εἰς
704 1437 837 1489 Θεὸν
870 1439 956 1487 καὶ
987 1438 1063 1499 είς
1086 1438 1175 1487 τὸν
1206 1436 1617 1504 ὑπερασπιστὴν
1640 1437 1736 1503 τῆς

178 1525 385 1585 πόλεως
433 1526 740 1591 Δημήτριον
772 1526 1115 1588 ἀναθέμενοι,
1151 1526 1247 1591 τῆς
1284 1525 1490 1576 ἑαυτῶν
1529 1525 1734 1591 προθυ-

182 1613 307 1677 μίας
362 1613 421 1663 τὸ
474 1613 753 1663 σπουδαῖον
802 1614 1179 1665 ἐπεδείκνυντο
1226 1612 1738 1681 παραθαρρύνοντες

178 1704 304 1762 τοὺς
332 1702 760 1770 ἀσθενεστέρους
788 1704 876 1754 τὸν
903 1704 1162 1771 λογισμὸν
1196 1704 1284 1755 ἐπὶ
1318 1706 1382 1772 τῇ
1413 1704 1737 1775 ἐλπιζερζη,

177 1790 275 1841 τοῦ
314 1792 552 1857 πολέμου
591 1793 916 1861 παρατάξει.

252 1878 385 1948 ρξβῖ
420 1846 525 1932 Ιξαὶ
560 1846 725 1949 τριῶν
784 1846 926 1934 ούτω
955 1883 1363 1954 ὁιαδραμουσῶν
1391 1888 1614 1957 ἡμερῶν
1645 1891 1735 1941 καὶ
1768 1846 1811 1903 Β

178 1973 287 2022 τῶν
310 1972 625 2042 Σκλαῦικῶν
648 1975 812 2038 νηῶν,
839 1975 912 2035 ὠς
940 1976 1046 2027 ἀπὸ
1076 1977 1266 2042 μιλίων
1294 1977 1389 2028 δύο
1413 1978 1502 2029 :06
1530 1980 1736 2048 τείχους

180 2062 627 2129 παραπλεουοῶν,
677 2066 769 2115 καὶ
808 2066 1005 2125 τόπους
1046 2066 1349 2128 εὐαλώτους
1390 2068 1472 2134 ἐφ’
1506 2070 1738 2138 ἑκάστης

178 2153 391 2219 ἡμέρας
422 2154 931 2216 κατασκοπούντων,
965 2158 1027 2224 τῇ
1065 2158 1301 2227 τετάρτῃ
1334 2160 1515 2229 ἡμέρα
1544 2162 1640 2212 σὺν
1671 2166 1738 2230 τῇ

177 2242 274 2292 τοῦ
326 2244 600 2311 ἑωσφόρου
647 2243 909 2297 ἀναϐάσει
957 2245 1109 2298 ἅπαν
1150 2248 1208 2299 τὸ
1251 2249 1527 2320 βάρϐαρον
1578 2251 1739 2318 φῦλον

177 2331 525 2399 ἐμοθυμαδὸν
575 2333 887 2402 ὰνακράξαν
934 2337 1266 2390 ἑκπάντοθεν
1319 2341 1395 2408 τῷ
1434 2343 1602 2408 τείχει
1644 2344 1739 2410 τῆς

179 2422 388 2485 πόλεως
440 2425 799 2491 προσέϐαλον,
852 2428 911 2477 οίο
956 2427 1054 2495 μὲν
1103 2428 1190 2481 διὰ
1236 2431 1575 2496 πετροδόλων
1614 2447 1741 2485 κατ-

179 2515 596 2581 εσκευασμένων
624 2514 802 2576 λίθους
834 2519 1225 2579 ἀκοντίζοντες.
1258 2519 1403 2572 ἄλλοι
1437 2523 1738 2589 προσάγον-

177 2620 271 2661 τες
305 2604 574 2669 κλίμακας
613 2605 745 2671 πρὸς
778 2606 853 2673 τῷ
894 2608 1064 2675 τείχει
1104 2610 1391 2678 ἐκπορθεῖν
1424 2614 1738 2681 ἐπειρῶντο,

178 2696 330 2747 ἄλλοι
378 2696 435 2745 εν
484 2698 602 2757 ταῖς
656 2697 853 2759 πύλαις
902 2699 1010 2766 πῦρ
1066 2702 1513 2770 ἁποκομίζοντες,
1568 2707 1741 2775 ἕτεροι

182 2786 313 2853 βέλη
336 2785 582 2853 καθάπερ
610 2789 836 2854 νιφὰδας
868 2793 1190 2861 χειμερινὰς
1217 2798 1331 2854 τοῖς
1360 2796 1594 2863 τείχεσιν
1615 2800 1743 2850 ἁπέ-

180 2891 399 2942 πεμπον
422 2892 433 2905 ·
488 2878 578 2928 καὶ
631 2873 699 2946 ἦν
732 2878 954 2947 θεωρεῖν
984 2883 1043 2932 τὸ
1098 2886 1402 2950 παράδοξον
1432 2889 1606 2938 ἐκεῖνο
1636 2888 1742 2939 τῶν

179 2965 362 3017 ὅπλων
395 2967 573 3030 νέφος,
607 2968 855 3037 καθάπερ
882 2973 1245 3036 χαλαζοτόκος
1273 2976 1476 3037 πληθὺς
1510 2980 1605 3037 τὰς
1648 2981 1740 3030 :06

179 3055 335 3123 ἡλίου
371 3058 594 3118 ἀκτῖνας
628 3060 935 3122 συσκιάζει,
967 3062 1107 3114 οὔτω
1137 3066 1227 3115 τὸν
1267 3068 1399 3133 ἀέρα
1426 3070 1533 3129 τοῖς
1561 3070 1743 3131 τοξεύ-

184 3164 321 3215 μασι
346 3151 439 3199 καὶ
473 3154 592 3210 ταῖς
620 3149 796 3217 βολαῖς
840 3154 946 3203 τῶν
981 3154 1141 3205 λίθων
1170 3158 1439 3223 καλύψειν.

260 3238 390 3304 ρξγ’.
427 3238 539 3304 Τῆς
586 3235 679 3291 οὖν
727 3243 980 3307 τοιαύτης
1008 3247 1099 3298 καὶ
1153 3247 1479 3317 τηλικαύτης
1509 3252 1741 3317 προσϐο-

180 3325 280 3392 λῆς
318 3329 631 3394 γενομένης,
656 3330 705 3379 οί
740 3330 815 3397 τῷ
845 3331 1075 3401 πλωῒμῳ
1110 3337 1213 3386 τῶν
1238 3337 1531 3406 βαρϐάρων
1557 3341 1741 3392 εῠτολ-

190 3418 407 3479 μοικαὶ
464 3418 599 3478 πρὸς
662 3420 968 3487 παράταξιν
1022 3424 1385 3494 ἀνδρειότεροι
1436 3429 1617 3497 δρόμῳ
1645 3432 1743 3482 σὺν

177 3508 302 3565 ταῖς
365 3508 522 3556 ναυσὶ
570 3507 709 3573 πρὸς
757 3511 882 3571 τοὺς
934 3512 1063 3579 παρ’
1103 3515 1284 3565 αὐτῶν
1348 3520 1741 3585 συνοραθέντας

182 3596 559 3659 προσήγγισαν
585 3597 804 3657 τόπους.
833 3601 879 3649 οί
914 3600 1013 3666 μὲν
1041 3604 1119 3663 είς
1145 3604 1234 3654 τὸν
1271 3608 1403 3673 πρὸς
1451 3607 1601 3658 δύσιν
1640 3610 1739 3675 τῆς

178 3682 639 3751 ὲκκλησιαστικῆς
672 3689 876 3746 σκαλας
908 3689 1135 3757 πύργον,
1166 3692 1292 3743 ἔνθα
1342 3697 1433 3747 καὶ
1482 3700 1736 3766 παρακύ-

180 3771 294 3820 λιον
325 3771 579 3839 ὑπάρχει,
611 3776 657 3824 οἱ
698 3775 753 3825 δὲ
778 3778 913 3844 πρὸς
940 3780 999 3828 τὸ
1048 3782 1352 3849 ἀτείχιστον
1398 3787 1581 3853 μέρος,
1612 3789 1740 3840 ἔνθα

176 3862 215 3924 ἡ
248 3860 407 3912 σούδα
442 3863 532 3914 καὶ
567 3866 599 3931 ἡ
632 3866 739 3915 τῶν
772 3867 1027 3933 κρυπτῶν
1062 3870 1169 3921 τῶν
1199 3873 1389 3925 τείλων
1430 3879 1739 3943 λεγομένων

181 3952 403 4019 ήλωτῶν
432 3954 728 4021 ἐτύγχανεν
761 3960 997 4028 μηχανὴ,
1061 3963 1107 4013 οί
1150 3964 1246 4028 μὲν
1294 3966 1483 4017 ἐλπίδα
1514 3970 1741 4035 προσδε-

182 4040 307 4100 κίας
333 4040 660 4104 τεθεικότες.
694 4045 769 4105 ὡς
799 4046 1092 4108 ἀγνώστων
1123 4052 1302 4113 αὐτοῖς
1338 4053 1445 4103 τῶν
1486 4057 1739 4108 τοιούτων

179 4132 449 4197 ὁργάνων,
488 4134 697 4184 ἐκεῖθεν
743 4137 1111 4205 εἰσέρχεσθαι,
1146 4142 1194 4191 οἱ
1240 4142 1293 4193 δὲ
1326 4143 1399 4201 ὡς
1430 4146 1739 4198 εὐτελέστε-

184 4239 277 4288 ρον
310 4223 370 4274 τὸ
394 4224 584 4291 λεχθὲν
616 4226 861 4294 ὑπάρχον
914 4230 1259 4292 παραπύλιον
1300 4232 1456 4282 τοῦτο
1482 4236 1738 4296 κατεάξαι

183 4316 278 4363 καὶ
314 4313 379 4364 δι’
428 4315 593 4366 αὑτοῦ
624 4317 723 4383 τὴν
752 4320 849 4385 τῆς
897 4318 1103 4378 πόλεως
1136 4319 1336 4371 ἅλωσιν
1385 4324 1737 4390 ποιήσασθαι.

180 4403 314 4453 Τότε
350 4403 411 4471 δὴ
433 4404 550 4455 τότε
589 4407 831 4474 ἆπασαή
865 4407 1018 4469 πόλις
1045 4409 1163 4459 ἀντὶ
1197 4410 1411 4477 πετρῶν
1446 4414 1537 4463 καὶ
1567 4414 1737 4480 βελῶν

1843 623 2069 677 latenter
2106 625 2157 677 in
2189 636 2331 677 terra
2357 623 2674 687 reconditis,
2702 624 2889 693 exigua
2912 622 3141 691 quadam
3175 640 3205 675 e
3231 631 3400 675 mate-

1842 716 1917 766 ria
1964 715 2140 775 factis.
2178 715 2451 775 machina.
2489 724 2549 766 ut
2576 718 2626 767 in
2658 729 2755 767 eos
2797 715 3023 776 inimici,
3062 728 3185 767 cum
3214 728 3397 779 agres-

1812 802 2011 855 'sionis
2046 805 2305 868 impetmn
2358 804 2554 856 facturi
2584 811 2789 863 essent,
2833 803 3158 856 ferramenta
3212 802 3396 867 hujus-

1840 893 1981 944 modi
2017 893 2157 945 haud
2191 895 2454 951 videntes.
2500 893 2888 962 impingerent,
2926 902 3222 959 praparata
3274 891 3396 951 fuit.

1839 993 1997 1045 atque
2032 983 2082 1033 in
2139 999 2204 1033 eu
2252 985 2341 1049 qui
2394 984 2590 1035 ihidem
2638 994 2741 1041 est.
2774 992 2933 1048 portu
2978 992 3033 1035 et
3081 984 3197 1049 ipso
3229 982 3398 1035 muris

1844 1082 1968 1123 tunc
2005 1072 2143 1124 hattd
2173 1074 2398 1133 munito,
2436 1087 2464 1123 e
2500 1074 2693 1125 tabulis
2741 1074 3007 1141 liguisque
3052 1074 3396 1140 quibusdam.

1844 1162 1911 1213 ita
1947 1173 2003 1217 ut
2034 1171 2087 1215 et
2123 1174 2313 1231 pectus
2351 1175 2679 1224 tutarentur.
2715 1166 3071 1217 instrumenta
3110 1164 3397 1232 propulsa-

1843 1256 1975 1308 toria
2008 1256 2215 1323 reliqua
2252 1273 2345 1309 seu
2391 1259 2456 1311 ad
2506 1258 2817 1312 conﬂictum
2852 1258 3211 1311 instrumenta
3243 1255 3396 1310 fuere

1840 1343 2101 1419 confecta,
2136 1359 2198 1397 ac
2225 1347 2461 1405 tandem,
2496 1362 2592 1413 spe
2615 1348 2763 1399 omni
2786 1347 2837 1398 in
2865 1346 3031 1399 Deum
3055 1347 3397 1412 civitatisque

1840 1434 2184 1489 defensorem
2220 1438 2545 1491 Demetrium
2573 1441 2834 1506 reposita,
2859 1440 3042 1492 animo
3078 1437 3393 1490 imbecillio.

1841 1527 1989 1579 ribus
2019 1536 2233 1591 sperato
2266 1528 2388 1579 belli
2437 1542 2690 1582 successu
2720 1529 2968 1581 fiduciam
3001 1529 3267 1581 addentes
3293 1526 3400 1578 ala-

1842 1618 2049 1671 critatis
2077 1632 2186 1671 sua
2212 1618 2451 1671 studium
2479 1618 2823 1672 manifestum
2848 1619 3046 1673 fecere.

1916 1885 2035 1938 162.
2075 1884 2151 1938 Ac
2196 1898 2318 1937 cum
2357 1883 2476 1937 dies
2522 1892 2629 1937 tres
2686 1884 2756 1937 ita
2805 1892 2989 1938 essent
3020 1881 3207 1950 elapsi.
3249 1882 3398 1935 Scia-

1841 1977 2078 2042 viczeque
2115 1991 2278 2029 naves
2309 1976 2540 2029 duorum
2573 1976 2794 2029 circiter
2821 1976 3134 2029 milliarium
3164 1977 3339 2042 spatio
3372 1990 3399 2025 s

1841 2068 2109 2121 moenibus
2141 2070 2475 2137 navigarent,
2530 2068 2833 2135 diebusque
2878 2068 3105 2136 singulis
3146 2068 3259 2120 loca
3310 2081 3400 2119 cx-

1840 2167 2080 2225 pugnatu
2112 2157 2375 2216 faciliora.
2412 2157 2555 2210 unde
2587 2173 2799 2219 eorum,
2833 2172 2952 2224 quae
2973 2157 3283 2223 sperabant,
3311 2156 3401 2209 de-

1842 2245 2227 2311 pmdationem
2287 2246 2548 2309 facerent,
2594 2246 3024 2315 specularentur.
3066 2248 3153 2301 die
3187 2256 3399 2315 quarta,

1842 2337 2024 2388 statim
2057 2346 2219 2403 atque
2246 2350 2440 2388 aurora
2474 2336 2671 2399 illuxit,
2706 2339 2954 2389 universa
2999 2337 3161 2391 simul
3196 2336 3401 2389 Barbao

1842 2440 2025 2477 rerum
2052 2440 2209 2493 gens,
2258 2426 2494 2478 clamore
2531 2426 2765 2493 undique
2798 2426 3030 2486 sublato,
3076 2428 3127 2478 in
3170 2426 3401 2479 civitatis

1843 2530 2056 2568 murum
2091 2516 2308 2582 irrupit,
2341 2516 2392 2567 hi
2415 2516 2633 2577 quidem
2665 2534 2695 2569 e
2722 2519 2925 2585 paratis
2955 2517 3403 2584 petrobolislapi-

1841 2606 1936 2659 des
1959 2606 2312 2673 ejaculantes.
2351 2607 2425 2659 illi
2466 2608 2639 2660 scalas
2675 2609 3029 2669 adducentes,
3076 2623 3289 2661 murum
3315 2623 3403 2659 su-

1843 2710 2031 2763 perare
2073 2696 2432 2760 conabantur,
2464 2697 2553 2747 alii
2598 2698 2771 2764 portis
2809 2698 2985 2765 ignem
3019 2697 3399 2758 admovebant,

1844 2786 1932 2838 alii
1986 2786 2109 2847 tela.
2148 2802 2255 2838 non
2296 2802 2455 2840 secus
2500 2800 2562 2840 ac
2606 2787 2866 2843 hiemales
2906 2790 3083 2851 nives,
3112 2788 3399 2842 confertim

1844 2879 2089 2932 radentia
2122 2881 2172 2931 in
2207 2880 2425 2937 moenia.
2457 2881 2804 2940 emittebant,
2833 2889 3059 2947 eratque
3091 2880 3273 2932 videre
3300 2879 3395 2930 mi-

1846 2972 2070 3024 randum
2124 2972 2272 3023 illum
2330 2971 2557 3023 telorum
2622 2970 2902 3032 nimbum,
2949 2970 3397 3039 quemadmodum

1848 3060 2128 3125 grandinis
2156 3060 2442 3112 multitudo
2475 3060 2603 3113 solis
2628 3060 2805 3112 radios
2829 3059 3077 3121 offuscat.
3115 3060 3187 3114 ita
3221 3076 3399 3113 acrem

1766 3166 1809 3221 α
1846 3146 2051 3211 sagittis
2082 3145 2426 3212 lapidumque
2468 3146 2832 3212 ejectionibus
2870 3148 3147 3215 obtegere.

1917 3236 2035 3287 163.
2077 3234 2211 3287 Cum
2275 3235 2453 3301 itaque
2513 3237 2633 3288 talis
2678 3251 2739 3289 ac
2786 3246 2966 3289 tantus
3026 3240 3261 3306 impetus
3318 3240 3365 3289 fa

1844 3334 1962 3378 ctus
1989 3335 2149 3384 esset,
2188 3326 2260 3375 illi
2290 3326 2379 3391 qui
2416 3340 2445 3376 e
2478 3324 2728 3378 Barbaris
2765 3326 3113 3394 navigatione
3146 3328 3399 3380 audacio—

1846 3433 1929 3468 res
1966 3424 2125 3482 atque
2170 3416 2235 3467 ad
2279 3417 2626 3482 pugnandum
2660 3417 2915 3469 fortiores
2952 3426 3126 3479 erant,
3173 3418 3401 3469 navibus

1845 3508 1910 3561 ad
1943 3510 2056 3560 loca
2092 3522 2211 3573 qua:
2239 3507 2307 3558 ab
2343 3507 2477 3559 i'tsis
2513 3518 2806 3576 conspecta
2837 3520 3009 3568 erant.
3062 3510 3277 3561 cursim
3309 3526 3385 3561 ac-

1843 3614 2138 3655 cesserunt.
2169 3598 2255 3648 alii
2286 3599 2504 3663 quidem
2537 3598 2602 3649 ad
2632 3599 3017 3653 ecclesiastica:
3068 3600 3227 3653 scale
3263 3600 3393 3667 (εδ)

1843 3689 1928 3739 uhi
1958 3699 2009 3740 et
2040 3688 2260 3754 portella
2310 3688 2539 3748 exsistit.
2594 3692 2809 3751 turrim,
2842 3690 3179 3742 occidentem
3210 3705 3399 3743 versus

1842 3782 2019 3839 sitam;
2039 3780 2125 3831 alii
2148 3795 2274 3831 vero
2301 3778 2388 3830 uhi
2411 3788 2461 3831 et
2478 3780 2607 3831 suda
2623 3781 2757 3847 (24),
2780 3789 2832 3833 et
2850 3794 2969 3847 qua:
2990 3781 3201 3835 occulta
3220 3796 3370 3834 erant

1842 3872 2088 3924 tcilorum
2117 3871 2247 3937 t25).
2274 3880 2331 3923 ut
2360 3882 2635 3931 vocantur.
2665 3873 2993 3925 clavatorum
3018 3873 3266 3926 machina
3303 3889 3362 3926 ex

1840 3960 2080 4020 sistebat,
2114 3959 2178 4011 ad
2224 3959 2429 4026 plagam
2474 3961 2644 4011 muris
2679 3962 3014 4021 destitutam,
3056 3962 3107 4015 hi
3154 3963 3369 4029 quidem

1840 4060 2024 4117 utpote
2060 4051 2434 4102 instrumentis
2469 4051 2778 4117 huiusmodi
2815 4066 2911 4104 eos
2946 4054 3259 4111 latentibus.
3302 4069 3389 4106 ex?

1840 4138 2193 4207 spectatiouis
2242 4154 2337 4205 spe
2391 4151 2677 4207 concepta.
2718 4141 2833 4194 fore
2887 4152 2945 4194 ut
2992 4142 3115 4195 illac
3150 4144 3389 4211 ingredeo

1838 4238 2057 4290 rentur;
2092 4229 2164 4278 illi
2200 4243 2349 4286 vero.
2397 4231 2544 4297 quod
2586 4231 2897 4296 praedictam
2936 4232 3083 4284 illam
3114 4234 3397 4299 portellam

1840 4330 2193 4387 perrumpere
2227 4319 2386 4371 facile
2417 4330 2583 4380 esset,
2626 4321 2740 4372 fore
2778 4330 2836 4373 ut
2866 4336 2961 4388 per
2988 4322 3132 4374 illam
3164 4322 3400 4377 civitatis

1840 4408 2295 4475 expugnationem
2328 4408 2671 4474 perlicerent.
2706 4407 2841 4461 Tum
2895 4410 3039 4462 illico
3065 4412 3259 4463 civitas
3290 4419 3397 4463 tota

178 4495 247 4545 τε
278 4493 488 4561 δάκρυα
519 4496 592 4556 ὡς
621 4496 990 4563 όμδροτόκους
1022 4500 1251 4564 νεφέλας
1292 4503 1425 4570 πρὸς
1471 4478 1575 4555 τὸν
1605 4506 1737 4557 πάν·
1773 4478 1813 4531 D

1733 4533 1737 4542 ι
1773 4478 1813 4531 D
1844 4499 2083 4564 lapidum
2114 4514 2175 4550 ac
2206 4498 2436 4550 telorum
2470 4499 2585 4551 loco
2616 4500 2876 4566 Iacrymas
2904 4501 3051 4552 velut
3084 4500 3394 4553 imhriferas

176 4600 285 4633 των
316 4587 593 4651 Δεσπότην
628 4588 721 4638 καὶ
752 4586 883 4637 Θεὸν
917 4587 1150 4656 ὲξίχεον,
1187 4590 1433 4655 λέγοντες
1464 4609 1475 4623 ’
1534 4594 1640 4645 Καὶ
1668 4595 1735 4646 τὰ

176 4671 273 4723 νῦν
304 4673 489 4738 εξελοῦ
519 4676 687 4743 ἡμᾶς,
739 4677 765 4727 ό
792 4677 943 4741 Θεὸς,
976 4679 1039 4730 ἐκ
1076 4679 1176 4748 τῆς
1227 4682 1452 4747 παγίδος
1484 4682 1591 4735 τῶν
1641 4683 1736 4749 θη-

248 4874 359 4947 (22)
394 4874 870 4947 SEgnilicationem,
897 4895 1017 4947 qum
1046 4882 1321 4937 vocabulis
1360 4883 1649 4935 πούλπιτον
1678 4897 1733 4938 et

176 4946 441 5019 γωνάτιον
490 4945 591 5019 hoc
642 4946 693 5019 in
746 4945 1255 5019 sensu‘conveniat,
1293 4956 1541 5019 nuspiam
1578 4954 1728 5006 hisce

176 5014 481 5079 adaptatam
519 5013 731 5077 iuveni;
764 5031 825 5067 ex
859 5018 1119 5071 orationis
1152 5028 1331 5073 tamen
1362 5013 1616 5074 contextu
1652 5024 1730 5073 vi-

178 5096 297 5132 sum
326 5090 406 5132 est
442 5092 773 5156 postremum
811 5087 1128 5156 vocabulum
1165 5086 1353 5142 Latine
1384 5090 1729 5156 interpretari

182 5165 398 5226 "(ure-1::
431 5150 586 5226 cuius
616 5152 763 5226 vocis
791 5154 1236 5226 significationem
1268 5168 1324 5211 ut
1364 5150 1607 5226 apprime
1640 5174 1732 5211 ex-

180 5218 443 5291 planatam
472 5217 734 5291 invenias.
767 5217 1125 5291 atli'Lipsittm
1166 5217 1602 5280 Poliorcetiticwn
1639 5227 1732 5279 lib.

178 5302 233 5366 γ,
268 5286 462 5366 dialog.
493 5286 556 5366 ὅ..
591 5286 1130 5366 inveniesque'etiam
1168 5309 1235 5348 es
1280 5297 1345 5366 iis
1380 5312 1498 5362 qua
1530 5296 1729 5366 ibidem

180 5354 229 5407 is
267 5355 596 5431 sc_riptor__in
651 5354 887 5431 medium
938 5361 1192 5431 adducit,
1230 5354 1461 5431 primum
1510 5379 1541 5417 e
1574 5364 1731 5417 dictis

178 5423 633 5498 vocabulisidein
675 5423 943 5492 fortassis,
975 5430 1117 5498 quod
1162 5423 1350 5487 Latine
1400 5432 1594 5486 vallant
1626 5448 1725 5485 ca-

177 5508 315 5561 cant.
349 5490 668 5561 significare.

249 5560 359 5639 (εδ)
397 5563 474 5639 1η
526 5560 748 5639 i_r_t_dubie
794 5564 943 5639 locus
975 5567 1242 5636 quispiam
1270 5609 1287 5632 .
1318 5571 1408 5639 qui
1456 5572 1537 5624 vel
1591 5572 1726 5624 intra

178 5629 263 5748 rel
304 5636 473 5748 {xtra
526 5628 1158 5693 Thessalonicam'situs
1214 5628 1369 5703 erat',
1432 5640 1727 5709 appellatus

203 5712 315 5748 ueri
349 5738 361 5748 .

203 5706 361 5751 uerit.

250 5766 359 5834 (24)
418 5765 928 5829 ΐιιεεεαιοηίεεηεεε
990 5791 1052 5827 co
1124 5775 1259 5841 loco,
1311 5794 1417 5846 quo
1467 5778 1723 5833 dzstituta

1847 4589 2069 4641 nebulas
2100 4589 2165 4640 ad
2204 4602 2381 4639 rerum
2411 4587 2653 4640 omnium
2692 4589 2980 4642 Dominum
3017 4605 3079 4643 ac
3121 4588 3288 4643 Deum
3317 4599 3367 4641 et

1846 4684 1983 4737 fudit
2012 4683 2198 4735 dicens
2227 4698 2240 4734 :
2269 4680 2332 4733 Et
2363 4697 2528 4745 nunc,
2560 4696 2593 4735 ο
2624 4681 2786 4747 Deus,
2810 4698 2840 4737 e
2871 4686 3181 4737 venantium
3208 4684 3394 4751 laqueo

1841 4901 1996 4938 muro
2031 4885 2414 4938 Thessalonica
2467 4892 2618 4947 erat,
2674 4895 2859 4938 contra
2913 4885 3225 4939 Selavorum
3282 4894 3383 4942 vin;

1840 4956 2167 5007 esstruxisse
2194 4955 2410 5013 vallum.
2440 4969 2587 5006 num.
2616 4953 2709 5004 171
2742 4963 2932 5008 auctor
2961 4956 3162 5014 retulit;
3194 4956 3389 5012 vallum

1838 5032 2016 5074 autem
2052 5024 2223 5076 trihus
2258 5024 2556 5091 constabat.
2607 5021 2748 5074 fossa
2796 5038 3010 5085 nempe.
3059 5039 3274 5091 aggere.
3328 5036 3383 5079 et

1838 5091 2026 5143 sudeto
2061 5107 2154 5144 seu
2180 5092 2317 5144 facto
2350 5106 2379 5144 e
2412 5090 2639 5143 sudibus
2670 5092 2843 5143 acutis
2875 5090 3195 5157 sepiment’o;
3220 5108 3385 5160 quaro

1837 5174 1959 5213 cum
1997 5160 2081 5213 hic
2112 5171 2299 5212 auctor
2354 5160 2601 5229 loquatur
2647 5160 2713 5211 de
2758 5162 2944 5221 souda,
2978 5175 3043 5229 eo
3094 5161 3232 5218 loco.
3280 5178 3385 5229 quo

1839 5229 2006 5281 muris
2036 5229 2289 5283 destituta
2322 5238 2437 5281 erat
2472 5226 2884 5285 Thessalonica.
2929 5228 3245 5290 exsistente,
3286 5226 3349 5283 vo

1838 5298 2088 5349 cabulum
2121 5299 2251 5351 illud
2285 5298 2426 5350 idem
2460 5297 2760 5363 signiﬁcare
2785 5308 3026 5353 autumo.
3057 5299 3197 5363 quod
3227 5302 3381 5351 sude-

1839 5374 1976 5427 tum;
2010 5368 2133 5420 licet
2165 5377 2339 5419 autem
2370 5380 2469 5418 nec
2499 5366 2600 5429 hoc
2627 5364 2680 5417 in
2706 5364 2919 5418 Lex'cis
2942 5376 3210 5427 occurrat.
3239 5368 3380 5435 apud

1837 5436 2129 5502 scriptores
2166 5444 2342 5487 tamen
2376 5436 2424 5487 id
2456 5436 2508 5487 in
2551 5449 2647 5487 usu
2679 5448 2821 5503 esse,
2857 5435 3022 5503 liquet
3049 5448 3114 5487 ex
3148 5436 3233 5495 iis,
3263 5451 3383 5503 (μισ)

1836 5500 2083 5556 laudatus
2110 5503 2321 5570 Lipsius
2348 5505 2466 5556 loco
2493 5504 2582 5555 cit.
2617 5500 2840 5569 profert.

1906 5573 2015 5636 (Ξῦ)
2054 5573 2197 5625 ldem
2232 5572 2340 5643 fere
2374 5574 2460 5624 hic
2493 5585 2589 5643 per
2620 5585 2806 5643 vocem
2836 5571 3030 5643 τεῐλον,
3055 5572 3195 5643 quod
3220 5588 3382 5643 supra

1838 5658 1931 5708 per
1964 5656 2145 5693 voccm
2190 5641 2472 5707 γωνάτιον,
2520 5640 2815 5705 significari
2852 5640 3123 5695 existimo.
3159 5642 3261 5694 Adi
3287 5640 3380 5696 in-

1834 5712 1987 5828 tegim
2030 5708 2741 5828 [aipsliumqi‘oliorceuticwn
2778 5708 2893 5762 loco
2940 5711 3180 5777 proxime
3211 5710 3300 5765 cit.
3324 5723 3373 5760 ρ·

1852 5797 1864 5828 1
1915 5819 1924 5828 .
1958 5794 2015 5828 ll.
2090 5793 2241 5828 non.
2286 5813 2312 5828 ..

1832 5780 1924 5832 lib.
1958 5794 2015 5841 ll,
2050 5779 2241 5846 (ἥλιος.
2280 5779 2312 5829 2
