4206 6438
810 384 946 454 1331

2045 402 2693 469 SUPPLEMENTUM.

3886 406 4021 465 i339.

805 516 906 557 nos
927 500 1100 570 eripe,
1139 516 1210 556 ne
1237 503 1436 557 inimici
1483 505 1651 558 nostri
1700 506 1903 567 dicant.
1932 507 2036 564 Ubi
2074 520 2159 565 est
2205 513 2346 565 Deus
2376 521 2420 574 Α
2451 535 2466 584 ε

2376 521 2420 574 Δ
2451 519 2740 584 ρευόντων,
2777 521 2850 589 μὴ
2884 523 3113 574 εῖπωσιν
3139 522 3189 574 οι
3219 521 3406 591 ἐχθροὶ
3435 519 3614 587 ἡμῶν,
3659 515 3773 568 Ποῦ
3808 515 3966 565 ἐστιν
3995 517 4021 564 ὀ

802 607 1016 658 eorum,
1059 593 1113 646 in
1148 607 1306 662 quem
1333 596 1726 661 speraveruut?
1759 597 2122 654 Clamabimus
2153 611 2207 654 et
2248 618 2346 656 nos

803 682 967 736 etiam
1016 697 1112 751 per
1163 690 1311 736 tuum
1360 687 1716 738 certaminum
1759 688 2040 751 victorem.
2074 692 2342 746 Domine:

810 790 828 822 ι
867 772 1059 825 Anima
1100 781 1307 835 nostra,
1345 783 1404 827 ut
1445 789 1632 842 passer
1657 790 1725 828 ex
1756 777 2126 833 insidiantium
2155 781 2348 848 laqueo

803 861 1028 915 liberata
1069 872 1186 925 est;
1233 862 1458 930 laqueus
1489 865 1756 919 contritus
1783 876 1888 928 est,
1930 879 1982 921 et
2015 885 2116 922 nos
2137 870 2346 924 liberati

803 964 1009 1004 sumus.
1055 951 1114 1004 In
1152 952 1368 1007 nomine
1411 955 1639 1017 Domini,
1683 957 1774 1025 qui
1819 957 2012 1012 cmlum
2046 970 2100 1012 et
2146 969 2342 1014 terram

803 1037 952 1105 fecit,
991 1041 1253 1097 auxilium
1283 1053 1525 1097 nostrum
1566 1046 1629 1096 ".
1668 1064 1685 1096 ι

872 1129 997 1185 εδδ.
1039 1130 1190 1189 Tunc
1237 1143 1416 1189 autem
1450 1151 1495 1209 .a
1543 1137 1787 1206 plurimis
1843 1151 2203 1210 propugnator
2261 1143 2348 1197 ille

801 1223 1098 1293 patriasque
1127 1241 1253 1280 vere
1285 1237 1519 1291 amator,
1552 1230 1975 1298 gloriosissimus
2009 1243 2209 1302 martyr
2245 1235 2350 1288 De-

803 1313 1051 1375 metrius,
1074 1314 1410 1384 chlamydem
1436 1318 1610 1371 albam
1634 1318 1835 1382 ferens,
1867 1336 1931 1374 ac
1962 1323 2194 1388 primum
2223 1324 2348 1390 qui-

803 1401 924 1456 dem
959 1419 1174 1459 murum
1207 1422 1548 1476 percurrens,
1579 1410 1772 1464 deinde
1798 1425 1927 1464 vero
1969 1427 2134 1479 supra
2176 1428 2345 1475 mare,

801 1491 968 1546 veluti
1009 1508 1175 1565 supra
1204 1497 1400 1560 solum,
1429 1499 1626 1554 cursim
1669 1500 1952 1554 ambulans
1983 1502 2218 1556 dilucide
2248 1502 2349 1557 fuit

803 1594 1139 1649 conspectus.
1176 1586 1350 1653 Atque
1373 1589 1484 1643 bac
1513 1591 1729 1658 quidem
1760 1605 1868 1645 non
1896 1594 2071 1646 solum
2105 1595 2342 1661 plurimi,

802 1687 955 1727 sacro
981 1675 1302 1743 baptismate
1335 1681 1551 1745 initiati,
1605 1694 1854 1752 tanquam
1888 1682 2032 1752 digni
2072 1685 2342 1751 viderunt,

804 1775 987 1815 verum
1014 1765 1174 1819 etiam
1210 1777 1264 1820 et
1288 1771 1507 1838 genuini
1545 1770 1891 1826 Hebmorum
1922 1772 2016 1824 ﬁlii
2052 1773 2105 1826 in
2146 1773 2340 1829 Guttu-

804 1867 944 1915 runt,
990 1863 1047 1908 ut
1094 1857 1405 1924 loquuntur,
1444 1860 1595 1930 plaga
1654 1861 1806 1917 fuere
1853 1865 2169 1933 conspicati.
2212 1869 2344 1923 Cum
2379 1838 2423 1894 Β

801 1944 943 1996 enim
981 1944 1318 2002 inordinatus
1363 1953 1577 2004 navium
1621 1955 1998 2020 praedictarum
2019 1960 2221 2028 jactus,
2268 1963 2344 2014 si-

803 2031 912 2083 mili
953 2047 1016 2086 ex
1051 2051 1210 2090 causa
1243 2047 1419 2100 natus.
1461 2056 1556 2108 per
1585 2053 1871 2112 martyrem
1911 2051 2340 2115 supervenisset,

801 2129 962 2187 atque
989 2123 1040 2176 in
1073 2125 1283 2192 seipsas
1316 2129 1395 2182 ha
1422 2130 1782 2197 incurrerent,
1818 2133 2023 2203 aliquas
2053 2151 2117 2190 ex
2151 2139 2342 2194 iisdem

804 2225 1019 2266 sursum
1059 2216 1221 2279 volvi,
1250 2222 1682 2288 exsistentesque
1715 2224 1768 2275 in
1795 2225 1901 2279 illis
1932 2226 2148 2282 Sclavos
2184 2231 2345 2298 dejici

800 2302 1048 2371 contigit.
1082 2303 1183 2368 Qui
1214 2321 1338 2359 vero
1355 2310 1593 2363 natando
1620 2311 1726 2364 alio
1749 2312 1804 2364 in
1825 2316 2040 2385 navigio
2075 2317 2186 2384 (26)
2231 2334 2344 2373 ser—

803 2389 913 2442 vari
973 2391 1201 2452 volebat,
1259 2395 1386 2448 illud
1443 2410 1474 2449 a
1518 2411 1577 2450 se
1616 2401 2011 2466 apprehensum
2061 2406 2343 2469 subvertit,

801 2491 1024 2546 eosque.
1057 2483 1225 2549 quiin
1271 2487 1461 2539 eodem
1496 2497 1652 2541 erant
1701 2489 1764 2564 in_
1788 2505 1937 2543 mare
1974 2495 2224 2563 conjecit.
2271 2499 2346 2551 Ac

795 2568 907 2638 jam
939 2585 1003 2624 ex
1035 2572 1154 2626 aliis
1179 2576 1447 2629 naucleris
1477 2577 1648 2640 fuere,
1682 2581 1772 2648 qui
1799 2582 2229 2652 confugientium
2277 2589 2344 2642 ad

797 2673 896 2714 eos
929 2677 1122 2717 manus
1145 2667 1365 2720 ensibus
1397 2671 1781 2736 amputabant;
1817 2674 1954 2727 aiter
1977 2677 2131 2730 alteri
2168 2677 2220 2731 in
2253 2694 2346 2733 ca-

799 2761 898 2819 put
921 2754 1153 2820 gladium
1185 2757 1450 2825 adigebat,
1480 2761 1616 2814 alius
1643 2773 1822 2817 autem
1855 2764 2017 2820 tilium
2053 2769 2206 2824 basta
2231 2774 2347 2825 vul-

802 2845 1046 2908 nerabat,
1084 2862 1146 2901 ac
1182 2851 1408 2918 quiSque
1435 2853 1691 2920 suiipsius
1733 2857 1891 2911 saluti
1941 2862 2165 2915 studens
2213 2864 2347 2918 alte-

802 2933 916 2988 rius
946 2935 1198 2992 inimicus
1237 2939 1416 3003 fiebat,
1467 2959 1530 2996 ac
1558 2945 1640 2997 his
1668 2948 1905 3014 quidem,
1943 2951 2032 3018 qui
2077 2954 2128 3005 in
2156 2953 2346 3008 Tribo-

803 3023 883 3078 los
942 3027 1051 3096 (27)
1106 3030 1401 3085 occultatas
1452 3032 1772 3097 inciderant,
1825 3037 2025 3093 ibidem
2074 3043 2344 3108 detentis,

2447 609 2578 671 Θεὸς
2619 612 2818 676 αὐτῶν,
2876 614 2960 681 ἐφ’
2991 612 3050 665 ὃν
3098 613 3375 682 ήλπισαν;
3417 612 3525 663 Καὶ
3563 606 3898 676 κραξόμεθα
3926 605 4022 655 καὶ

2447 702 2605 768 ἡμεῖς
2648 701 2737 753 διὰ
2791 705 2884 754 τοῦ
2913 704 3212 771 ἁθλοφόρου
3259 719 3391 763 σου,
3448 701 3656 769 Κύριε·
3703 698 3816 749 σἮ
3871 697 4021 765 ψυχὴ

2445 792 2624 858 ἡμῶν,
2661 793 2736 852 ὡς
2769 794 3066 861 στρουθίον,
3122 794 3362 863 ἑρῤύσθη
3396 794 3470 844 ἑκ·
3493 792 3596 857 τῆς
3630 792 3870 854 sufﬁce
3908 789 4020 840 τῶν

2448 879 2824 949 θηρευόντων·
2883 886 2915 951 ὴ
2959 888 3126 950 παγὶς
3161 884 3472 953 συνετρίϐη,
3527 889 3624 936 καὶ
3651 885 3823 950 ἡμεῖς
3856 881 4019 949 sps-5.

2450 970 2675 1040 σθημεν,
2721 974 2752 1041 ἡ
2806 973 3024 1042 βοήθεια
3059 975 3217 1042 ἡμῶν
3269 976 3326 1026 ἐν
3355 976 3579 1041 ὀνόματι
3627 975 3868 1040 Κυρίου,
3927 972 4017 1029 τοῦ

2448 1064 2772 1130 ποιήσαντος
2794 1064 2882 1116 τὸν
2907 1065 3133 1133 οὐρανὸν
3166 1071 3258 1116 καὶ
3287 1067 3384 1132 τὴν
3418 1064 3543 1131 γῆν.
3595 1083 3612 1113 ο

2519 1154 2648 1220 ρξδ’.
2686 1155 2817 1207 Τότε
2872 1155 2926 1207 δὲ
2972 1155 3265 1224 προφανῶς
3314 1157 3464 1224 παρὰ
3501 1154 3774 1207 πλείστων
3822 1154 4014 1206 τεθέα-

2447 1259 2536 1296 ται
2567 1245 2595 1295 ὁ
2623 1245 2940 1312 ὑπέρμαχος
2970 1239 3124 1307 οὗτος
3154 1247 3249 1297 καὶ
3275 1245 3598 1313 φιλόπατρις
3619 1245 3794 1305 ὅντως
3826 1246 4015 1309 Δημή-

2447 1349 2616 1402 τριος,
2642 1337 2669 1386 ὸ
2688 1335 3007 1398 πανένδοξος
3033 1337 3266 1404 μάρτυς,
3295 1337 3545 1404 χλαμύδα
3572 1336 3778 1400 λευκὴν
3803 1335 3873 1398 ςὲ
3881 1352 4014 1400 ρων,

2446 1424 2540 1475 καὶ
2579 1424 2796 1492 πρῶτον
2830 1425 2928 1492 μὲν
2955 1426 3020 1476 τὸ
3071 1429 3250 1494 τεῖχος
3307 1426 3626 1494 διατρέχων,
3657 1420 3782 1478 εἶτα
3831 1424 3892 1476 δι
3922 1426 4016 1473 καὶ

2446 1514 2539 1566 ἰπὶ
2564 1514 2662 1582 τῆς
2692 1515 2982 1583 θαλάττης.
3018 1517 3093 1578 ὡς
3125 1519 3216 1571 ἐπὶ
3242 1517 3492 1584 ἐδάφους,
3537 1517 3825 1583 δρομαίως
3860 1531 4015 1581 περι-

2446 1605 2659 1660 πατῶν.
2701 1606 2809 1656 Καὶ
2853 1606 3024 1658 ταῦτα
3059 1619 3155 1672 μεν
3186 1606 3248 1658 οὐ
3303 1608 3466 1674 μόνον
3493 1608 3540 1658 οῖ
3569 1606 3680 1657 τῶν
3713 1606 3813 1656 τοῦ
3855 1605 4014 1670 ἁγίου

2447 1692 2827 1763 βαπτίσματος
2849 1697 3219 1767 μεμυημένοι,
3243 1696 3318 1757 ὥς
3347 1697 3511 1760 ἄξιοι,
3560 1695 3816 1747 πλεῖστοι
3857 1693 4013 1745 wed-

2453 1800 2637 1846 σαντο,
2667 1785 2802 1836 ἀλλὰ
2826 1787 2932 1854 γὰρ
2965 1789 3054 1838 καὶ
3086 1786 3272 1848 παῖδες
3303 1786 3571 1854 Ἐϐραίων
3601 1786 3840 1852 ἇφθοροι
3874 1785 4012 1834 κατὰ

2449 1878 2510 1929 τὸ
2551 1877 2660 1928 τῶν
2692 1878 2999 1946 λεγομένων
3052 1875 3305 1946 Βρόχθων
3343 1878 3510 1946 μέρος
3539 1876 3883 1928 ἑθεάσαντοο
3919 1875 4012 1926 καὶ

2447 1967 2764 2034 ὁμοιοτόκου
2795 1969 2965 2036 φορᾶς
3006 1966 3116 2019 τῶν
3145 1967 3440 2034 λεχθεισῶν
3465 1967 3612 2034 νηῶν
3648 1966 4010 2019 ἀκανονῖστου

2446 2061 2534 2113 διὰ
2552 2061 2644 2112 τοῦ
2679 2062 2956 2130 μάρτυρος
2987 2060 3344 2128 ἐπελθούσης,
3369 2062 3465 2113 καὶ
3492 2063 3569 2122 εις
3602 2061 3808 2121 ἑαυτὰς
3840 2074 4012 2127 προσ-

2445 2151 2782 2211 πιπτουσῶν,
2817 2151 2971 2213 τινὰς
3001 2151 3058 2216 ἐξ
3092 2152 3273 2203 αὐτῶν
3303 2152 3643 2220 ἁνακυλῆσαι
3680 2151 3891 2218 συνέϐη
3917 2151 4013 2202 καὶ

2446 2244 2569 2302 τοὺς
2604 2244 2661 2293 ὲν
2689 2243 2880 2302 αὐταῖς
2913 2241 3283 2294 ἀποδαλέσθαι
3324 2241 3624 2304 Σκλάδους.
3686 2241 3834 2293 ¹Δλλ⁹
3861 2244 3891 2292 ὁ
3918 2256 4009 2291 κο-

2447 2331 2669 2399 λυμϐῶν
2700 2332 3022 2399 βουλόμενος
3057 2335 3115 2383 tv
3143 2332 3313 2401 ἑτέρῳ
3343 2332 3634 2396 σώζεσθαι,
3681 2331 3849 2384 τοῦτο
3883 2347 4012 2382 κατ-

2447 2424 2586 2491 έχων
2615 2423 2869 2492 εστρεφε,
2917 2423 3011 2474 καὶ
3066 2423 3193 2483 τοὺς
3232 2423 3291 2474 ὲν
3343 2423 3492 2491 αὑτῷ
3517 2425 3575 2473 ὲν
3627 2425 3696 2491 τῇ
3753 2421 4011 2490 θαλάσσῃ

2446 2515 2781 2583 ἁπέῤῥιπτεν
2801 2531 2817 2548 ο
2851 2513 2945 2568 καὶ
2976 2513 3161 2566 λοιπὸν
3192 2515 3243 2565 οἱ
3289 2513 3400 2565 τῶν
3423 2514 3626 2582 ἑτέρων
3675 2514 4010 2580 ναυκλήρων

2445 2607 2554 2659 τῶν
2588 2608 2724 2674 πρὸς
2757 2607 2952 2667 αὐτοὺς
2977 2605 3314 2673 προϊεμένων
3332 2605 3433 2666 τὰς
3457 2609 3642 2673 χεῖρας
3671 2605 3814 2672 μετὰ
3839 2604 4011 2669 ξιφῶν

2447 2702 2752 2768 ἀπέτεμνον
2773 2716 2786 2730 ·
2822 2699 2981 2759 ἄλλος
3009 2699 3156 2768 ἄλλῳ
3190 2699 3332 2750 κατὰ
3359 2697 3460 2764 τῆς
3488 2697 3734 2765 κεφαλῆς
3767 2698 3832 2748 τὸ
3862 2697 4010 2760 ξίφος

2449 2792 2773 2858 ἀπέπεμπεν
2795 2807 2808 2821 ο
2841 2792 3024 2858 ἕτερος
3055 2791 3109 2843 δὲ
3141 2791 3231 2842 τὶν
3258 2789 3447 2856 ἕτερον
3475 2787 3643 2858 λόγχῃ
3674 2789 4008 2856 ὲτίτρωσκε,

2447 2883 2539 2933 καὶ
2559 2881 2787 2941 ἕκαστος
2818 2881 2915 2948 τὴν
2945 2878 3136 2932 ἑαυτοῦ
3169 2879 3444 2947 σωτηρίαν
3475 2878 4012 2946 πραγματευόμενος

2446 2972 2537 3025 τοῦ
2569 2972 2754 3038 ἑτέρου
2785 2970 2980 3039 ὲχθρδς
3011 2971 3243 3036 ἐγίνετο,
3286 2971 3379 3021 καὶ
3411 2969 3518 3021 τῶν
3561 2969 3660 3037 μὲν
3695 2969 3839 3036 πρὸς
3894 2971 4007 3028 τοῖς

2447 3040 2706 3131 κρυπτοῖς
2732 3060 3024 3128 παντήλοις,
3048 3059 3411 3111 εῖσόαλόντων
3444 3060 3624 3110 ἐκεῖσε
3651 3059 4008 3125 καταπαρέν-

804 3114 908 3169 illis
954 3133 1081 3170 vero
1112 3135 1301 3188 magna
1333 3137 1362 3175 e
1407 3125 1621 3177 navium
1669 3126 1960 3194 agitatione
1997 3140 2147 3184 extra
2195 3149 2343 3187 mare
2369 3144 2412 3202 ο

2369 3144 2412 3202 c
2445 3114 2572 3212 τῷν,
2604 3114 2712 3202 τὼζ,
2769 3152 2825 3203 δὲ
2877 3114 3024 3218 νηῶν
3050 3151 3112 3201 ἑκ
3151 3149 3398 3219 μεγάλης
3455 3150 3692 3208 ἐλάσεως
3729 3149 3837 3212 ἔξω
3875 3149 4009 3213 πρὸς

803 3205 858 3257 in
889 3205 1068 3261 littore
1096 3209 1448 3270 lmrentibus.
1477 3229 1674 3282 easque
1696 3219 1972 3272 retrahere
2001 3219 2140 3274 haud
2167 3223 2345 3275 valen-

801 3294 966 3360 tibus,
1002 3299 1092 3351 alii
1115 3313 1146 3352 e
1173 3301 1403 3363 civibus,
1435 3304 1525 3372 qui
1551 3305 1755 3358 viribus
1782 3307 2046 3371 valebant,
2082 3311 2342 3366 desilien-

803 3394 904 3449 tes,
955 3388 1042 3441 alii
1085 3405 1212 3445 vero
1258 3393 1563 3459 portellam,
1610 3410 1708 3464 per
1751 3413 1906 3464 quam
1965 3399 2171 3454 inimici
2224 3418 2344 3459 sese

801 3475 1080 3533 civitatem
1123 3494 1524 3551 expugnaturos
1573 3497 1876 3555 sperarant,
1917 3490 2340 3563 confringentes,

801 3565 1077 3621 victoriam
1116 3586 1209 3637 per
1242 3572 1510 3636 eamdem,
1544 3576 1899 3630 certaminum
1943 3577 2153 3634 Victore
2194 3599 2341 3636 com-

798 3656 1083 3722 militante,
1115 3661 1418 3717 obtinuere.

870 3749 994 3803 I65.
1025 3751 1094 3803 At
1129 3759 1258 3805 tunc
1293 3753 1476 3808 videre
1506 3765 1626 3808 erat
1671 3772 1819 3812 mare
1875 3768 2041 3813 totum
2083 3761 2342 3818 Barbaro-

800 3855 920 3892 rum
949 3855 981 3893 e
1017 3843 1279 3910 sanguine
1309 3845 1476 3898 rubro
1510 3848 1692 3901 colore
1725 3848 1976 3914 tinctum,
2020 3852 2342 3911 Pharaonis-

798 3944 904 3997 que
929 3945 1050 3984 cum
1074 3931 1337 4002 Egyptiis
1365 3936 1418 3988 in
1442 3939 1576 3990 mari
1622 3939 2050 3997 sttbmersionem
2078 3946 2338 4002 referens.

796 4020 874 4075 Ea
907 4022 1021 4089 ipsa
1058 4023 1202 4076 enim
1234 4024 1363 4078 hora
1391 4024 1484 4079 Dei
1513 4027 1880 4085 misericordia
1913 4036 2179 4090 scaturiit.
2207 4040 2339 4091 Cum

795 4114 940 4166 enim
983 4113 1129 4166 venti
1162 4115 1299 4181 (erat
1327 4117 1469 4168 enim
1509 4118 1574 4170 ad
1621 4134 1890 4176 summum
1937 4123 2065 4178 hora
2107 4129 2213 4182 diei
2258 4145 2342 4184 se-

795 4200 991 4268 cunda)
1017 4211 1230 4270 tempus
1276 4207 1692 4281 nonduuesset,
1737 4211 1917 4264 statim
1965 4224 2155 4268 ventus
2188 4232 2339 4284 pere-

795 4295 981 4360 grinus
1009 4293 1227 4358 amavit,
1261 4305 1320 4350 ut
1361 4299 1468 4364 jam
1503 4313 1625 4366 quae
1659 4313 2086 4367 permanserant,
2146 4305 2344 4360 Barba-

794 4400 978 4440 rorum
1000 4402 1164 4440 naves
1194 4402 1412 4442 movere
1441 4390 1506 4444 ad
1538 4393 1912 4447 revertendum
1935 4393 2077 4448 haud
2102 4409 2337 4464 possent.

797 4471 996 4529 Verum
1033 4476 1120 4530 alii
1146 4478 1364 4546 quidem
1402 4479 1486 4533 vix
1526 4481 1591 4534 ad
1628 4479 1980 4550 Orientalem,
2004 4486 2092 4538 alii
2126 4503 2252 4540 vero
2274 4489 2340 4542 ad

795 4563 1196 4622 Occidentalem
1229 4568 1434 4636 plagam
1466 4570 1732 4625 exierunt.
1759 4571 1994 4628 Plurima
2031 4591 2190 4644 porro
2220 4579 2345 4633 Bar-

792 4657 1048 4712 barorum
1074 4660 1378 4714 occisorum
1409 4674 1633 4726 corpora
1663 4677 1828 4731 prope
1863 4680 2075 4719 murum
2105 4683 2166 4721 ac
2196 4670 2344 4726 littus

793 4761 945 4800 mare
974 4746 1155 4814 ejecit.
1185 4747 1444 4812 Tandem,
1475 4749 1564 4818 qui
1611 4765 1777 4818 prope
1825 4767 1971 4808 mare
2006 4755 2338 4825 habitabant,

794 4852 985 4891 omnes
1007 4840 1196 4892 armati
1237 4840 1439 4908 egressi
1465 4841 1700 4895 abscissa
1736 4840 2209 4901 infestissimorum
2246 4865 2338 4903 ca-

793 4924 902 4994 pita
929 4940 1092 4994 supra
1137 4937 1345 4996 portam
1380 4937 1689 4983 terrestrem
1734 4929 1984 4987 Barbaris
2018 4937 2335 5002 ostendere;

793 5025 968 5070 nautae
998 5032 1144 5081 vero,
1203 5020 1294 5088 qui
1359 5019 1656 5076 incolumes
1703 5033 2042 5092 supererant,
2080 5028 2337 5086 divinitus

867 5149 909 5182 "
941 5148 1080 5205 Psal.
1122 5164 1309 5213 cxxnt,
1351 5150 1402 5212 7,
1435 5153 1491 5206 8.

862 5287 973 5354 (26)
1002 5288 1134 5343 Cum
1166 5294 1381 5347 nomina
1405 5296 1584 5370 ῑτερος
1603 5291 1822 5370 θιοῦτος
1848 5299 1896 5370 in
1921 5310 2114 5370 neutro
2133 5316 2328 5370 genere

790 5353 888 5430 hic
919 5369 1221 5430 ponantur,
1276 5353 1597 5430 generisque
1641 5353 1884 5420 feminini
1937 5353 2332 5423 substantivum

790 5422 943 5487 ναῦς,
979 5429 1149 5490 navis,
1182 5430 1246 5502 ad
1269 5422 1408 5496 quod
1440 5422 1766 5498 referuntur,
1801 5437 2083 5502 praecedat.
2116 5422 2339 5492 necesse

790 5502 891 5553 est,
927 5502 985 5546 ut
1041 5505 1131 5548 aut
1177 5497 1318 5550 dicta
1353 5502 1572 5556 nomina
1602 5497 1876 5574 inineuiro
1912 5520 2107 5572 genere
2145 5522 2337 5574 perpo-

790 5574 904 5635 ratn
940 5574 1226 5635 ponantur,
1251 5575 1343 5620 aut
1365 5578 1422 5620 ut
1453 5578 1571 5635 post
1602 5573 1832 5635 primum
1861 5587 1926 5625 ex
1958 5574 2041 5625 Itis
2075 5573 2334 5627 omissum

793 5630 861 5712 sint
915 5633 1132 5712 generis
1197 5630 1887 5712 neutrius‘_s‘ubstantivmtt
1943 5642 2142 5706 πλοῖον,
2196 5646 2336 5712 quod

793 5696 954 5763 idem,
991 5702 1134 5769 quod
1169 5703 1320 5772 ναῦς,
1355 5704 1643 5775 signiﬁcat.

2443 3242 2522 3310 τῷ
2553 3240 2780 3309 αἰγιαλῷ
2815 3241 3348 3307 ἁποστομωσάντων,
3417 3241 3511 3292 καὶ
3541 3239 3617 3309 μὴ
3663 3238 4009 3305 δυνηθέντων

2441 3333 2644 3392 ταύτας
2697 3331 3156 3392 ἀνακαλέσασθαι,
3208 3332 3255 3382 οι
3309 3331 3564 3397 σθεναροὶ
3607 3329 3720 3380 τῶν
3771 3329 4008 3379 πολιτῶν

2444 3422 2946 3489 καταπηδήσαντες,
2983 3419 3162 3488 ἕτεροι
3192 3419 3248 3472 δὲ
3289 3418 3358 3470 δι’
3412 3414 3472 3471 οὗ
3506 3418 3738 3486 ἡλπιζον
3764 3419 3815 3468 οῖ
3853 3417 4011 3468 πολέ-

2448 3529 2558 3580 μιοι
2594 3510 2939 3580 παραπυλίου
2961 3511 3186 3578 πορθεῖν
3208 3509 3310 3577 τὴν
3351 3508 3526 3568 πόλιν,
3560 3506 3726 3557 τοῦτο
3768 3508 3823 3557 οἱ
3853 3505 4007 3558 πολῖ-

2440 3616 2530 3653 ται
2561 3599 2942 3664 κατεάξαντες,
2973 3599 3038 3650 δι’
3060 3597 3230 3650 αὑτοῦ
3260 3597 3322 3649 τὸ
3348 3599 3495 3658 νῖκος
3536 3595 4006 3663 συμπολεμήσαν-

2441 3709 2530 3754 τος
2559 3691 2652 3743 τοῦ
2687 3691 2986 3760 ἀθλοφόρου
3026 3686 3434 3757 ἐκληρώσαντο.

2515 3780 2640 3852 ρξε’.
2685 3783 2790 3833 Καὶ
2837 3776 2905 3848 ἦν
2944 3780 3062 3832 τότε
3091 3779 3316 3848 θεωρεῖν
3356 3779 3455 3846 τὴν
3504 3777 3778 3831 θάλατταν
3825 3779 4005 3829 πᾶσαν

2443 3873 2517 3938 τῷ
2552 3871 2660 3923 τῶν
2701 3870 2994 3938 βαρϐάρων
3034 3870 3233 3936 αἵματι
3291 3868 3718 3938 ἐρυθρωθεῖσαν,
3753 3870 3854 3920 καὶ
3909 3870 4006 3933 τὴν

2441 3965 2536 4014 τοῦ
2563 3962 2761 4030 Φαραῶ
2792 3964 2885 4013 ἐπὶ
2923 3963 3030 4014 τῶν
3061 3961 3374 4027 Αἰγυπτίων
3423 3962 3824 4012 καταπύντισιν
3877 3963 4007 4011 ἀνα-

2444 4051 2797 4118 καλύψασαν·
2849 4050 3096 4120 αὐθωρὸν
3153 4050 3262 4119 γὰρ
3311 4052 3371 4104 τὸ
3405 4050 3499 4103 τοῦ
3535 4049 3675 4102 Θεοῦ
3736 4049 4003 4103 ἁνὲδλυσε

2442 4141 2619 4203 Ιλεοςο
2648 4139 2800 4192 οὔπω
2832 4141 2939 4208 γὰρ
2963 4142 3056 4205 τῆς
3090 4141 3239 4209 ὥρας
3269 4141 3363 4192 τοῦ
3411 4142 3614 4207 ἀνέμου
3643 4141 4004 4210 ὑπαρχούσης

2445 4227 2544 4300 (ἦν
2572 4231 2679 4298 γὰρ
2713 4231 2898 4281 λοιπὸν
2928 4229 3045 4295 ὥρα
3065 4229 3329 4295 δευτέρα)
3359 4228 3560 4290 εὐθέως
3578 4229 3780 4295 ἄνεμος
3813 4230 4004 4293 ἐξωτε-

2444 4324 2535 4383 κδς
2565 4320 2840 4376 κατέπνει.
2901 4319 2974 4382 ὡς
3013 4319 3197 4370 λοιπδν
3229 4319 3366 4388 μηδὲ
3407 4319 3506 4380 τὰς
3559 4320 4003 4386 ἐναπομεινέισας

2443 4411 2550 4462 τῶν
2586 4410 2876 4478 βαρϐάρων
2927 4410 3223 4469 ναυκὲ).λας
3252 4408 3514 4461 δύνασθαι
3563 4409 3701 4477 πρὸς
3735 4409 4003 4478 61:10::le-

2446 4499 2551 4567 φὴν
2577 4500 2792 4550 ἐλάσαιο
2826 4497 2939 4550 ἀλλ’
2983 4499 3033 4549 οι
3065 4498 3163 4566 μὲν
3195 4497 3348 4564 μόλις
3399 4497 3532 4565 πρὸς
3566 4496 3644 4564 τῷ
3695 4497 4002 4564 ἀνατολικῷ

2445 4583 2622 4651 μέρει,
2653 4585 2702 4635 οι
2729 4583 2784 4636 δὲ
2845 4583 2978 4652 πρὸς
3038 4585 3114 4650 τῷ
3144 4583 3346 4651 δυτικῷ
3399 4582 3657 4652 ἐξῄεσανο
3696 4586 3764 4637 τὰ
3811 4585 3872 4636 δὲ
3897 4584 4002 4636 τῶν

2438 4673 2749 4727 τεθνεώτων
2799 4673 3090 4743 βαρσᾶρων
3147 4675 3438 4742 πάμπολλα
3472 4673 3704 4742 σώματα
3739 4678 3882 4743 πρὸς
3926 4676 4001 4744 τῷ

2441 4764 2607 4833 τειχει
2639 4766 2731 4816 καὶ
2762 4767 2835 4834 τῷ
2873 4767 3104 4835 αἰγιαλῷ
3135 4768 3427 4835 ήοάλαττα
3467 4768 3836 4833 ἀπεκρούετο.
3873 4771 4000 4821 Δοι-

2441 4856 2541 4905 πδν
2573 4856 2620 4906 οῖ
2648 4853 2737 4905 τοῦ
2763 4855 3026 4925 παραλίου
3050 4855 3250 4916 παντὸς
3283 4855 3496 4907 ὁπλῖται
3529 4854 3867 4920 ιξελθόντες,
3902 4859 3999 4916 τὰς

2443 4942 2551 4994 τῶν
2579 4944 3021 5010 δυσμενεστάτων
3059 4945 3297 5010 κεφαλὰς
3328 4945 3749 5012 ἀποτέμνοντες,
3778 4945 3872 4998 διὰ
3906 4947 3995 4998 τοῦ

2445 5038 2698 5100 χερσαίου
2727 5035 2933 5102 τείχους
2961 5037 3070 5096 τοῖς
3101 5034 3398 5104 βαρϐάροις
3445 5034 3798 5087 ὑπεδείκνυον
3822 5052 3837 5066 ο
3868 5038 3916 5087 οἱ
3941 5035 3994 5086 δὲ

2515 5307 2625 5374 (97)
2657 5305 2982 5360 Vocabulum
3013 5305 3384 5374 πᾶντηλονεοιι
3418 5307 3685 5373 «sumo,
3711 5309 3856 5361 idem
3884 5309 3990 5375 ιιῐρ,

2437 5376 2509 5448 ni_
2544 5377 2717 5436 fallar,
2753 5376 2894 5443 quod
2935 5391 3114 5427 murex
3145 5391 3251 5448 seu
3284 5375 3521 5448 tributus,
3571 5378 3879 5448 signiﬁcat;
3925 5381 3992 5432 ita

2437 5443 2644 5498 scilicet
2692 5460 2896 5505 murex,
2939 5459 3058 5496 cum
3113 5444 3277 5496 clavis
3329 5446 3567 5511 undique
3615 5443 3686 5496 sit
3725 5448 3986 5505 confixus.

2439 5514 2618 5566 vocari
2655 5511 2836 5565 Graece
2873 5514 3013 5565 haud
3067 5513 3246 5580 inepte
3294 5527 3452 5580 posse
3485 5512 3722 5574 videtur,
3761 5514 3988 5569 formato

2437 5582 2903 5664 scilicet‘nomine
2950 5595 2978 5633 e
3025 5594 3156 5634 voce
3208 5581 3381 5650 πάντη
3410 5619 3424 5647 ,
3474 5582 3733 5650 undique,
3765 5593 3820 5636 ct
3861 5600 3989 5640 voce

2439 5651 2583 5717 ἧλος,
2618 5651 2814 5702 clavus.
