4206 6438
189 386 326 449 1333

1232 394 1288 453 S.
1327 396 1703 458 DEMETRII
1733 400 2122 459 MABTYRIS
2157 403 2365 463 ACTA.

3298 399 3431 464 1335

180 500 537 563 διασωθέντες
563 503 844 571 πλωτῆρας
885 505 977 556 τὸν
1006 504 1193 558 θεόθεν
1234 509 1419 571 aurai;
1453 512 1745 578 γενόμενον
1777 517 1812 572 Α

1850 514 1952 566 sibi
1981 529 2072 581 per
2090 514 2445 567 certaminum
2477 516 2743 569 Victorem
2777 516 2981 571 cladem
3009 517 3175 571 fuisse
3204 516 3427 583 illatam,

186 590 409 658 ὄλεθρον
439 591 527 643 διά
550 592 642 644 τοῦ
669 594 969 661 ἀθλοφόρου
1007 598 1388 664 ἀφηγήσαντο,
1435 604 1530 652 καὶ
1569 603 1752 671 ἀπρα-

192 698 312 733 κτοι
340 683 476 749 μετά
501 683 731 744 πένθους
762 686 1023 753 μεγίστου
1060 688 1128 740 τά
1162 689 1389 742 πλεῖστα
1417 692 1522 743 τῶν
1546 696 1758 761 μαγγά-

192 791 303 825 νων
338 776 428 825 καὶ
462 776 569 827 τῶν
609 777 824 831 σκύλων
876 781 1269 846 καταλιπόντες
1321 784 1441 853 μετ’
1495 786 1759 855 αἰσχύνης

192 860 418 929 ᾤχοντο.

269 952 411 1021 ρξςῖ
445 955 509 1005 Ol
540 956 596 1007 δὲ
624 956 721 1024 τῆς
754 957 1019 1011 θεοσὼτου
1050 961 1253 1031 ταύτης
1305 963 1406 1030 τῆς
1464 964 1584 1017 καθ’
1617 968 1763 1035 ἡμᾶς

196 1043 305 1095 τῶν
335 1045 761 1098 Θεσσαλονικίων
793 1049 998 1112 πόλεως
1024 1051 1209 1121 δρόμῳ
1235 1056 1293 1107 τὸ
1316 1057 1580 1123 πανάγιον
1604 1060 1764 1125 τέμε-

198 1146 290 1191 νος
319 1131 410 1182 τοῦ
440 1133 615 1185 αὐτῶν
656 1136 962 1202 προστάτου
994 1139 1089 1191 καὶ
1118 1140 1438 1211 ὑπερμάχου
1466 1144 1559 1194 καὶ
1593 1145 1763 1211 ὑπερ.

151 1286 156 1291 .
201 1223 417 1286 ενδόξου
478 1226 877 1289 καταλαὸὁντες
918 1229 1194 1299 μάρτυρος
1214 1234 1526 1302 Δημητρίου
1549 1234 1624 1303 τῷ
1647 1235 1767 1304 Θεῷ

203 1314 657 1386 εὐχαριστηρίους
694 1318 894 1386 ὑμνοὺς
927 1320 1243 1389 ἀνέπεμπον
1272 1323 1516 1390 λέγοντες
1538 1342 1553 1357 ο
1589 1326 1767 1394 Εὐχα-

207 1407 501 1473 ριστοῦμέν
560 1425 681 1471 σοι,
749 1409 997 1463 Δέσποτα
1056 1414 1288 1482 οὐρανοῦ
1347 1418 1439 1467 καὶ
1496 1418 1632 1485 γῆς,
1689 1419 1769 1470 ὅτι

205 1495 439 1559 ἀναξίων
469 1498 637 1551 ὄντων
666 1502 823 1568 ἡμῶν
845 1503 945 1571 τῆς
975 1506 1120 1572 παρά
1146 1506 1241 1559 σοῦ
1268 1508 1541 1574 σωτηρίας
1568 1510 1653 1561 διὰ
1674 1511 1770 1573 τὰς

207 1586 433 1648 ἐνούσας
462 1590 594 1656 ἡμῖν
623 1590 895 1659 ἁμαρτίας
926 1595 1024 1645 οὐκ
1061 1594 1269 1657 ἔδωκας
1298 1600 1447 1665 ἡμᾶς
1486 1601 1564 1660 είς
1598 1599 1771 1668 θήραν

205 1675 386 1728 ὀδοῦσι
416 1678 523 1729 τῶν
558 1680 768 1749 ἐχθρῶν
795 1684 950 1750 ἡμῶν
978 1700 991 1713 ·
1035 1687 1146 1738 ἀλλ’
1176 1688 1385 1744 ἔσωσας
1424 1693 1569 1760 ἡμᾶς
1602 1710 1772 1761 προσο

206 1768 500 1836 δεξάμενος
553 1781 650 1833 τας
704 1774 948 1842 αἰτήσεις
998 1775 1090 1828 τοῦ
1166 1782 1391 1847 γνησίου
1443 1782 1770 1849 θεράποντος

209 1863 543 1929 Δημητρίου.
593 1865 701 1916 Καὶ
750 1867 904 1920 τοῦτο
946 1868 1001 1918 δὲ
1044 1871 1328 1937 τεράστιον
1380 1876 1633 1940 μέγιστον
1679 1876 1770 1927 καὶ

213 1956 432 2021 μνήμης
466 1954 639 2017 ὅντως
666 1958 836 2019 δεῖξαι
874 1961 1043 2024 ἄξιον,
1081 1964 1162 2014 ὃτι
1193 1963 1220 2014 ὁ
1252 1964 1359 2015 τῶν
1389 1965 1565 2016 αὐτῶν
1601 1965 1773 2017 Σκλα-

209 2046 376 2096 δίνων
433 2046 677 2115 ἔξαρχος,
733 2048 970 2118 τοῦνομα
1025 2054 1271 2118 Χάτξων,
1319 2056 1459 2106 κατά
1507 2057 1566 2107 τὸ
1624 2055 1771 2126 αὐτῷ

210 2140 513 2208 εἰθισμένον
558 2142 645 2193 διὰ
698 2144 953 2208 μαντείας
1005 2146 1244 2213 ᾐτήσατο
1277 2148 1484 2213 μαθεῖν,
1520 2151 1567 2199 εἰ
1597 2147 1772 2199 είσελ-

208 2229 324 2279 θεῖν
349 2227 459 2297 ἔχοι
486 2229 543 2280 ἐν
571 2232 637 2299 τῇ
674 2229 1024 2301 θεοφυλάκτῳ
1053 2236 1208 2303 ἡμῶν
1237 2236 1408 2299 πόλει,
1443 2236 1537 2289 καὶ
1564 2237 1770 2306 ιρρήοη

212 2321 380 2389 αὐτῷ,
422 2322 501 2373 ὅτι
544 2323 804 2376 είσε).θεῖν
838 2324 949 2390 ἔχει
978 2342 989 2354 ·
1026 2327 1085 2377 τὸ
1116 2326 1171 2377 δὲ
1204 2328 1319 2387 πῶς
1344 2328 1440 2378 οὐκ
1483 2329 1772 2398 ὑπεδείχθη

211 2412 383 2480 αὐτῷ,
413 2412 504 2465 καὶ
517 2413 700 2465 loner
719 2414 791 2476 ὡς
814 2415 920 2466 ἀπὸ
939 2415 1034 2483 τῆς
1054 2415 1299 2484 δοθείσης
1323 2418 1467 2484 αὐτῷ
1495 2420 1771 2487 μαντείας,

211 2508 456 2574 χρηστὰς
505 2505 641 2573 ἔχων
691 2504 766 2572 τῷ
821 2506 996 2558 δοκεῖν
1042 2508 1139 2570 τὰς
1190 2507 1428 2572 ἐλπίδας,
1479 2510 1667 2580 θάρσει
1717 2513 1775 2564 cla

212 2594 395 2663 δρᾶμα
432 2594 769 2662 παρώξυνεν.

292 2772 418 2842 ρξζν.
468 2773 604 2825 Ἀλλ’
644 2774 670 2823 δ
708 2773 934 2826 ἀλλοιῶν
970 2778 1191 2844 καιροὺς
1245 2777 1337 2829 καὶ
1387 2778 1646 2846 χρόνους.
1685 2782 1777 2833 καὶ

213 2864 582 2927 διασκεδάζων
610 2864 801 2933 βουλὰς
819 2865 1052 2933 ἐχθρῶν,
1090 2867 1279 2919 τοῦτον
1300 2868 1479 2930 ζῶντα
1506 2872 1779 2938 αἰχμάλωο

217 2972 310 3006 τον
343 2958 453 3014 τοῖς
486 2954 729 3013 πολίταις
757 2954 844 3005 διὰ
876 2953 965 3004 τοῦ
1001 2957 1482 3022 προσημανοέντος
1519 2976 1776 3027 παρατευ-

216 3048 333 3099 λίου
371 3047 715 3114 παρέδωκε)-
760 3046 904 3109 τινὲς
942 3045 997 3097 δὲ
1030 3047 1136 3097 τῶν
1166 3049 1231 3098 τὰ
1267 3050 1454 3116 πρῶτα
1503 3053 1777 3117 φερόντων

1863 616 2176 668 narrarunt,
2228 620 2391 672 reque
2445 605 2667 667 infecta,
2725 607 2984 673 majorem
3035 609 3429 660 instrumento-

1829 759 1833 762 .
1865 709 1983 744 rum
2020 695 2426 761 Spoliorumque
2475 705 2683 762 partem
2719 698 2957 749 maximo
2988 714 3108 750 cum
3162 699 3308 750 Iucttt
3346 712 3428 751 rc-

1864 780 2171 847 linquentes
2197 796 2317 834 cum
2343 783 2611 836 dedecore
2642 785 2916 837 abierunt.

1942 957 2061 1011 166.
2104 956 2205 1022 Qui
2292 974 2418 1010 vero
2477 958 2635 1025 hujus
2667 975 2694 1011 a
2757 962 2863 1013 Deo
2915 973 3142 1014 servatae
3194 962 3426 1016 Thcssav

1868 1045 2156 1099 lonicensis
2194 1056 2393 1099 nostra:
2426 1048 2660 1099 civitatis
2700 1059 2878 1109 erant,
2910 1050 3311 1105 sanctissimum
3336 1068 3429 1119 pa-

1870 1138 2008 1189 troni
2062 1138 2145 1189 sui
2194 1152 2255 1189 ac
2293 1140 2711 1204 propugnatoris
2760 1142 3112 1208 martyrisque
3157 1141 3429 1209 gloriosis-

1868 1228 1987 1281 simi
2020 1230 2269 1280 Demetrii
2317 1231 2575 1295 templum
2613 1229 2866 1283 festinato
2917 1232 3202 1294 adeuntes,
3244 1232 3430 1302 laudes

1874 1320 1982 1372 Deo
2028 1334 2149 1372 cum
2187 1322 2481 1387 gratiarum
2529 1322 2744 1375 actione
2773 1323 3093 1388 coniunctas
3140 1322 3427 1383 dederunt,

1871 1411 2159 1465 dicentes:
2202 1410 2345 1476 Tibi,
2384 1412 2605 1465 Domine
2640 1413 2762 1466 σα)ιί
2795 1424 2847 1465 et
2878 1423 3055 1476 terrm,
3093 1413 3292 1481 gratias
3324 1412 3433 1479 agi-

1874 1518 2018 1564 mus,
2051 1501 2196 1568 quod
2238 1517 2333 1553 nos
2382 1511 2599 1569 propter
2631 1502 2958 1554 adhaerentia
3012 1501 3166 1553 nobis
3212 1512 3433 1567 peccata

1874 1593 2048 1645 salute
2082 1607 2110 1643 a
2144 1602 2194 1645 te
2232 1593 2528 1645 obtinenda
2558 1593 2807 1659 indignos
2833 1592 3179 1644 inimicorum
3221 1602 3435 1643 nostro-

1876 1701 1992 1737 rum
2030 1685 2283 1738 dentibus
2332 1684 2383 1736 in
2417 1683 2651 1751 praedam
2689 1684 2828 1735 haud
2870 1682 3174 1744 tradideris,
3218 1682 3310 1733 sed
3346 1696 3435 1745 ge-

1878 1775 2025 1826 uuini
2085 1776 2225 1826 servi
2284 1772 2537 1825 Demetrii
2587 1787 2777 1837 preces
2822 1773 3125 1838 suscipiens
3178 1771 3433 1824 servaris.

1878 1861 1987 1914 Hoc
2022 1877 2185 1930 porro
2216 1864 2385 1914 etiam
2414 1863 2738 1921 maximum,
2766 1864 3149 1927 memoriaque,
3183 1870 3241 1914 ut
3275 1861 3322 1912 id
3348 1876 3435 1913 ex-

1877 1954 2181 2011 hibeamus.
2233 1967 2358 2006 vere
2410 1952 2632 2019 dignum
2667 1953 2769 2006 fuit
2822 1953 3166 2013 miraculum,
3210 1966 3434 2003 eorum-

1876 2045 1995 2099 dem
2054 2044 2369 2098 Sclavorum
2424 2046 2721 2113 principem
2779 2046 2867 2112 qui
2915 2046 3155 2097 Chatzon
3206 2044 3435 2094 vocaba—

1878 2146 1962 2189 tur
2012 2136 2143 2203 (28),
2183 2152 2277 2204 pro
2312 2152 2460 2189 more
2526 2152 2643 2197 suo.
2695 2138 2903 2189 foretne
2968 2136 3020 2187 in
3058 2134 3434 2186 custoditama

1879 2228 1986 2280 Deo
2015 2228 2288 2280 civitatem
2337 2240 2575 2280 nostram
2633 2228 2995 2296 ingressurus,
3049 2225 3253 2277 oraculi
3301 2225 3435 2290 peti—

1877 2319 2020 2370 tione
2045 2317 2251 2370 discere
2280 2317 2571 2379 studuisse,
2603 2317 2762 2382 eique
2797 2315 2911 2367 fore
2944 2324 3003 2365 ut
3032 2314 3430 2381 ingrederetur,

1876 2424 2195 2476 resinousum
2256 2408 2459 2471 fuisse;
2496 2422 2604 2475 quo
2656 2417 2837 2459 autem
2884 2409 3044 2460 modo
3072 2407 3119 2459 ci
3159 2415 3433 2458 ostensum

1877 2500 2022 2553 haud
2074 2509 2210 2563 erat,
2243 2499 2457 2552 tandem
2485 2499 2675 2562 etiam,
2727 2505 2912 2565 utpote
2949 2512 2981 2550 e
3011 2497 3136 2550 dato
3171 2496 3270 2550 sibi
3303 2497 3438 2548 vati-

1878 2590 2023 2643 cinio
2071 2592 2289 2650 bonam.
2326 2600 2384 2642 ut
2412 2590 2730 2658 apparebat,
2760 2602 2909 2657 Spem
2942 2589 3167 2649 habens,
3198 2602 3311 2640 rem
3340 2602 3435 2637 au—

1877 2683 2062 2734 dacter
2103 2682 2204 2733 fuit
2230 2697 2537 2749 aggressus.

1952 2771 2074 2823 167.
2119 2769 2315 2822 Verum
2359 2771 2447 2837 qui
2518 2773 2829 2826 occasiones
2890 2786 2954 2823 ac
3018 2779 3259 2836 tempora
3326 2783 3439 2818 mu-

1879 2872 1975 2925 tat,
2018 2862 2465 2928 inimicorumque
2506 2863 2725 2915 consilia
2768 2863 3011 2929 dissipat,
3058 2862 3240 2913 vivum
3287 2859 3436 2909 illum

1879 2953 2085 3006 civibus
2151 2968 2245 3018 per
2300 2952 2580 3019 praefatam
2639 2954 2921 3020 portellam
2980 2952 3251 3019 captivum
3332 2960 3440 3001 tra-

1880 3044 2049 3103 didit;
2096 3045 2313 3112 quidam
2369 3055 2547 3096 autem
2605 3045 2841 3098 civitatis
2907 3054 3105 3097 nostra:
3171 3042 3440 3110 primores

214 3137 315 3204 τῆς
363 3136 485 3187 καθ’
532 3135 679 3203 ἡμᾶς
727 3135 934 3195 πόλεως
982 3135 1119 3186 οἶκοι
1167 3137 1352 3188 τοῦτον
1400 3140 1812 3208 κατέκρυπτονι

1829 3137 2023 3201 :domi
2062 3151 2172 3189 suae
2213 3136 2363 3187 illum
2399 3136 2529 3188 lucri
2581 3136 2813 3203 alicujus
2868 3134 3300 3201 studiorumque,
3354 3146 3439 3184 ra-

219 3228 439 3293 κέρδους
471 3228 613 3287 τινὸς
648 3229 737 3277 καὶ
768 3227 981 3293 τρόπων
1020 3227 1117 3277 οὐκ
1145 3228 1381 3294 εὐλόγων
1419 3232 1578 3297 χάριν
1603 3247 1617 3261 ·
1660 3234 1774 3284 ἀλλ’

217 3318 338 3369 οὐδὲ
369 3318 426 3367 ἐν
451 3318 622 3385 τούτῳ
642 3317 879 3384 ἤργησεν
901 3318 931 3381 ἡ
958 3318 1329 3383 χριστόϐουλος
1356 3320 1450 3371 τοῦ
1475 3322 1772 3389 ἀθλοφόρου

219 3406 531 3475 προμήθεια
556 3422 569 3435 °
606 3405 742 3457 ἀλλά
776 3406 972 3471 γύναια
1015 3407 1150 3472 πρὸς
1178 3408 1430 3476 ἀνδρείαν
1470 3412 1775 3481 ἀναστήσας

221 3499 426 3567 τόλμαν
477 3497 663 3549 τοῦτον
701 3498 762 3549 ἐκ
808 3496 903 3549 τοῦ
946 3496 1118 3560 οἴκου,
1166 3497 1295 3551 ἔνθα
1337 3504 1776 3569 κατεκρύπτετο,

220 3591 513 3658 ἐξήγαγον,
563 3588 656 3641 καὶ
710 3586 939 3655 σύρασαι
999 3590 1088 3641 διὰ
1132 3590 1232 3656 τῆς
1280 3592 1485 3655 πόλεως
1542 3595 1780 3648 ἐλιθοϐό-

218 3681 392 3743 λησαν
414 3697 427 3709 ο
471 3680 564 3730 καὶ
602 3677 773 3737 οὕτως
806 3675 972 3740 άξίως
1005 3680 1100 3747 τῆς
1135 3679 1301 3732 αὑτοῦ
1344 3682 1780 3752 δυσμενεστάτης

222 3770 448 3839 γνώμης
496 3769 718 3833 ἐπάξιον
758 3769 1109 3835 ἀπηνέγκατο
1138 3770 1403 3845 θάνατον.
1450 3775 1650 3841 Μηδεὶς
1691 3775 1783 3828 οὖν

220 3863 331 3915 τῶν
359 3860 773 3929 φιλομαρτύρων
804 3858 957 3927 ὑμῶν
983 3861 1266 3912 ἀπιστοίτο
1297 3866 1406 3924 τοῖς
1430 3865 1699 3931 ἀγροίκως
1726 3869 1783 3919 ἐν

226 3952 453 4022 βραχέσι
501 3950 628 4018 περὶ
666 3948 869 4001 τούτων
908 3948 1269 4017 ἱστορηθετσιν
1296 3970 1309 3982 ο
1358 3956 1403 4004 εί
1432 3956 1539 4021 γὰρ
1585 3957 1674 4008 καί
1703 3975 1783 4019 τις

223 4042 299 4103 ὡς
336 4041 505 4110 ψευδῆ
527 4057 592 4107 με
630 4038 802 4091 ταῦτα
843 4042 1153 4107 συγγράψαι
1176 4042 1779 4112 λογίσεται,σκοπείτω,

225 4134 300 4193 ὡς
325 4135 379 4184 ὲν
404 4134 587 4200 γραφῇ
612 4131 939 4199 τυγχάνουσι
970 4131 1075 4199 πρὸ
1100 4132 1196 4183 τοῦ
1227 4134 1490 4199 παναγίου
1528 4139 1784 4205 τεμένους

225 4222 321 4275 τοῦ
361 4222 693 4290 ἀειμνήστου
738 4220 1012 4289 μάρτυρος
1054 4222 1364 4291 Δημητρίου
1396 4224 1489 4276 τοῦ
1523 4227 1657 4295 πρὸς
1710 4229 1785 4297 τῷ

233 4314 388 4381 μέρει
423 4312 515 4362 τοῦ
552 4311 888 4378 καλουμένου
924 4308 1099 4388 ξύλου,
1134 4311 1394 4377 δηλοῦντα
1434 4315 1530 4383 τὴν
1570 4316 1786 4369 ἃπασαν

231 4404 323 4455 τοῦ
358 4403 593 4471 πολέμου
628 4400 952 4470 παράταξιν,
994 4402 1085 4452 καὶ
1127 4403 1224 4471 τὴν
1254 4405 1331 4465 είς
1378 4407 1525 4471 ἡμᾶς
1574 4407 1659 4459 διὰ
1692 4409 1782 4460 τοῦ

232 4461 533 4563 ἀθλοφόρού
564 4461 952 4561 σωτηρίαν,ῖδι⁹
978 4485 1037 4543 οὗ
1067 4461 1445 4560 ἀναπέμπεται
1471 4461 1621 4561 δδξα,
1651 4500 1782 4567 τιμὴ
1815 4461 1857 4515 D

233 4585 328 4638 καὶ
356 4584 727 4655 προσκύνησις
754 4582 829 4651 τῷ
864 4583 1041 4652 Πατρὶ
1076 4585 1167 4635 καὶ
1193 4584 1268 4651 τῷ
1300 4584 1434 4652 Υἱῷ.

1881 3228 2011 3280 tioui
2068 3228 2209 3279 haud
2258 3237 2766 3286 consentanenruni,
2800 3242 2959 3279 causa
3000 3226 3440 3286 absconilerunt;

1880 3333 2066 3370 verum
2112 3334 2285 3385 neque
2344 3322 2441 3369 hac
2496 3318 2548 3368 in
2593 3334 2647 3369 rc
2682 3317 2890 3370 Christi
2929 3316 3174 3369 consiliis
3222 3316 3440 3382 sapiens

1880 3407 2241 3461 certaminum
2288 3404 2517 3459 Victoris
2549 3406 2883 3473 providentia
2920 3406 3081 3458 otiata
3105 3412 3221 3465 est;
3254 3418 3440 3457 verum

1882 3500 2134 3553 mulieres
2156 3500 2218 3551 ad
2232 3498 2419 3552 fortem
2441 3499 2715 3552 audaciam
2738 3499 2803 3551 ab
2829 3512 2894 3550 eo
2912 3499 3176 3561 excitatae,
3205 3513 3233 3549 e
3249 3494 3439 3556 dumo.

1882 3592 1971 3646 ubi
2008 3592 2225 3655 latebat,
2265 3593 2411 3644 illum
2441 3593 2763 3653 eduxerunt,
2795 3599 3131 3658 tractumque
3179 3604 3277 3659 per
3309 3590 3441 3643 civi-

1883 3691 2043 3737 tatem
2102 3683 2368 3750 lapidibus
2427 3694 2846 3751 oppresserunt;
2910 3690 3072 3749 atque
3120 3682 3197 3734 ita
3248 3680 3440 3733 merito

1882 3780 2113 3825 mortem
2176 3772 2452 3825 voluntate
2515 3790 2612 3825 sua
2673 3774 3019 3827 infestissima
3074 3772 3288 3841 dignam
3318 3772 3441 3825 sub-

1882 3864 1942 3915 iit
1970 3863 2104 3930 (29).
2140 3859 2308 3915 Nemo
2332 3863 2499 3930 igitur
2522 3878 2786 3925 vestrum,
2846 3864 2937 3932 qui
2970 3872 3256 3932 martyrem
3288 3878 3438 3916 ama-

1883 3952 1970 4013 tis,
1995 3952 2060 4004 iis
2087 3968 2202 4019 quae
2246 3954 2311 4005 de
2348 3954 2455 4005 illis
2487 3955 2689 4007 rustico
2720 3969 2971 4008 sermone
3001 3964 3217 4007 narrata
3252 3955 3437 4021 paucis

1883 4048 2027 4102 sunt,
2057 4041 2215 4092 tidem
2248 4041 2476 4109 deneget
2507 4041 2640 4109 ('50).
2677 4041 2827 4105 Quod
2863 4040 2905 4094 si
2946 4041 3091 4093 enim
3134 4039 3258 4107 quis
3303 4040 3437 4096 hinc.

1884 4138 1943 4181 ut
1990 4129 2142 4189 falsa,
2173 4130 2459 4196 scripsisse
2508 4146 2595 4183 me
2644 4138 2911 4189 autumet.
2946 4130 3127 4182 videat
3166 4129 3257 4198 qui
3315 4137 3440 4181 ante

1885 4221 2283 4274 sanctissimum
2332 4236 2548 4289 semper
2588 4223 2921 4275 memOrandi
2953 4222 3202 4289 martyris
3248 4220 3439 4275 Deme-

1886 4311 1973 4363 trii
2013 4314 2270 4380 templum
2304 4314 2367 4365 ad
2401 4312 2551 4381 ligni,
2587 4322 2646 4366 ut
2691 4323 2939 4374 vocatur,
2983 4313 3163 4365 locum
3202 4312 3255 4364 in
3307 4312 3441 4365 scri-

1887 4404 1993 4471 ptis
2042 4405 2329 4457 ostendant
2372 4420 2587 4459 omnem
2642 4405 2766 4458 belli
2808 4406 3075 4465 ordinem,
3105 4406 3441 4472 salutemque

1886 4496 2040 4548 nobis
2065 4495 2309 4549 collatam
2341 4510 2436 4563 per
2458 4497 2811 4548 certaminum
2839 4494 3130 4557 Victorem,
3165 4510 3260 4563 per
3279 4509 3440 4562 quem

1896 4587 2149 4641 tribuitur
2196 4588 2312 4655 glor
2335 4603 2385 4650 a,
2431 4590 2605 4643 honor
2655 4599 2707 4642 et
2760 4591 3007 4645 adoratio
3048 4589 3191 4643 Patri
3246 4597 3301 4641 et
3354 4586 3441 4641 Fio

1892 4680 1986 4741 lio,
2016 4692 2117 4733 etc.

1649 4789 1877 4844 CAPUT
1932 4791 1999 4844 ll.

234 4903 411 4957 Sclavi
463 4905 649 4956 iterum
700 4900 1122 4955 Thessalonicam
1174 4907 1583 4979 aggrediuntur,
1623 4905 1887 4979 Deumque
1928 4926 1989 4961 ac
2034 4919 2271 4963 sam-tum
2312 4910 2634 4965 Demetrium
2676 4913 2774 4964 sibi
2815 4912 3107 4962 contrarios
3136 4911 3353 4979 ea'psrti,
3386 4928 3438 4963 re

1343 4974 1558 5041 infecta,
1590 4974 1821 5029 recedere
1862 4990 2115 5046 coguntur
2149 4980 2284 5047 (51).

307 5064 440 5131 ρετ-ί.
465 5063 572 5117 Καὶ
609 5062 898 5132 θαυμάτων
943 5061 1195 5130 θαύματα
1219 5065 1471 5132 τυγχάνει
1509 5063 1774 5133 ἀνώτερα,

235 5158 327 5208 καὶ
359 5155 696 5224 πραγμάτων
729 5156 1029 5224 πράγματα
1062 5155 1297 5223 ὑπάρχει
1348 5156 1646 5225 ὑπέρτερα.
1682 5160 1772 5209 καὶ

305 5287 416 5367 (28}
450 5286 571 5366 Nec.
608 5287 711 5340 hoc
758 5284 908 5340 ducis
960 5284 1273 5340 Sclavorum
1322 5302 1520 5343 nomen
1572 5289 1781 5358 uspiam

270 5358 359 5409 libi
397 5370 630 5408 invento.

235 5370 359 5411 allDl
397 5370 630 5408 invento.

309 5423 419 5494 (29)
444 5422 508 5494 Aln
538 5438 670 5494 nece
706 5422 967 5478 Chatzoni
1009 5430 1119 5494 tam
1151 5422 1369 5494 indigne
1402 5424 1544 5479 illata
1574 5436 1779 5494 partem

236 5492 567 5616 κοπιῶσαι,
586 5492 664 5545 uti
686 5494 774 5546 hic
800 5492 1235 5572 auctorjndicat,
1261 5493 1515 5549 habuisse
1539 5492 1781 5551 sanetum

305 5571 590 5616 .metrtum.
623 5561 852 5615 multum
883 5561 1085 5613 dubito.

305 5562 590 5621 :metrium,
623 5561 852 5615 multum
883 5560 1085 5613 dubito.

310 5629 423 5698 (50)
455 5629 585 5699 gum
617 5629 876 5699 hactenus
904 5643 1024 5698 cap.
1070 5632 1319 5697 praesenti
1348 5632 1414 5699 de
1462 5633 1777 5689 Sclavorum

239 5696 429 5769 contra
459 5696 899 5752 Thessalonicam
943 5696 1308 5769 expeditione,
1344 5696 1611 5769 huiusque
1643 5705 1781 5757 infc-

243 5767 329 5820 lici
363 5782 610 5821 successu
641 5776 826 5822 auctor
851 5767 1051 5834 retulit,
1083 5767 1237 5823 facile
1266 5767 1501 5840 quidcm,
1522 5767 1778 5842 quantum

1954 5069 2071 5124 £68.
2100 5072 2164 5124 Et
2199 5072 2449 5125 miracula
2479 5071 2749 5126 miraculis
2770 5073 2970 5140 majora
3003 5080 3129 5123 sunt
3154 5077 3206 5122 et
3233 5085 3317 5123 res
3346 5086 3435 5123 re-

1881 5160 1979 5215 bus
1995 5163 2409 5229 praestantiores,
2428 5172 2483 5216 et
2506 5163 2640 5217 bella
2661 5178 2690 5216 a
2710 5162 2863 5217 bellis
2881 5161 3152 5225 din‘erunt,
3168 5170 3222 5215 et
3237 5161 3435 5230 scripta

1890 5292 2115 5355 opinor,
2152 5294 2289 5358 apud
2336 5308 2525 5346 omnes
2561 5294 2717 5346 ﬁdem
2757 5294 3068 5357 invenient;
3120 5308 3308 5347 verum
3344 5295 3433 5359 qui

1891 5362 2150 5417 miraculo
2186 5363 2237 5415 id
2274 5363 2496 5423 factum,
2535 5363 2905 5428 visionemque
2954 5376 3116 5429 supra
3170 5364 3431 5423 relatam,

1891 5444 1996 5495 qua
2026 5445 2143 5483 sese
2190 5442 2407 5485 sanctus
2438 5431 2738 5484 Demetrius
2784 5432 3031 5498 plurimis
3080 5432 3429 5498 spectandum

1891 5506 2002 5576 tum
2032 5500 2265 5579 dederit,
2299 5500 2438 5552 haud
2474 5499 2626 5553 facile
2658 5500 2963 5563 admittant,
3007 5513 3116 5551 non
3153 5498 3433 5553 defuturos

1889 5578 2157 5621 ensttmo.

1959 5636 2067 5702 (5!)
2098 5640 2265 5705 Caput
2300 5638 2401 5692 hoc
2448 5637 2502 5690 in
2527 5636 2713 5691 codice
2739 5639 2863 5691 olim
2893 5637 3227 5700 Mazarinmo,
3271 5652 3299 5691 e
3329 5652 3436 5703 quo

1891 5704 1976 5756 hic
2002 5707 2139 5773 typis
2169 5704 2401 5769 (trimum
2432 5707 2735 5766 excuditur,
2765 5722 2792 5759 a
2820 5707 2913 5759 iul.
2946 5722 3105 5760 verso
3142 5708 3239 5759 IN
3268 5719 3435 5771 usque

1890 5775 1951 5826 ad
1982 5775 2072 5828 fol.
2118 5775 2216 5828 155
2254 5778 2523 5839 excurrit;
2564 5792 2623 5829 ac
2666 5787 2980 5845 sequentem
3032 5777 3248 5843 quidem
3294 5775 3438 5828 hunc
