4206 6438
1248 363 1313 423 S.
1356 363 1725 425 DEMETRII
1761 369 2147 435 MARTYRIS
2172 379 2377 439 ACTA.

191 472 295 522 arat
320 471 395 541 μὴ
423 473 583 539 μόνον
615 472 695 533 εἰς
729 472 893 540 μέσον
923 473 1101 527 αὐτῶν
1124 472 1482 549 καθεστάναι,
1505 479 1638 531 διότι
1666 480 1761 541 τὰς
1794 492 1837 541 Α

1794 492 1837 541 Α
1867 498 2056 541 omnes
2089 490 2231 544 circa
2273 493 2417 547 illam
2448 495 2695 551 civitates
2721 513 2784 553 ac
2825 501 3123 569 provinciae
3158 506 3424 563 habitato-

194 562 297 613 ὑπ’
332 563 500 632 αὐτὴν
524 564 701 625 πάσας
736 564 922 628 πόλεις
975 567 1068 619 καὶ
1097 567 1367 635 ἑπαρχίας
1395 569 1453 632 ἐξ
1494 570 1674 623 αὐτῶν
1706 574 1763 624 ά-

191 654 454 721 οικήτους
481 655 759 722 γενέσθαι.
785 658 989 726 ταύτην
1008 658 1064 711 δὲ
1100 658 1287 726 μόνην,
1311 661 1494 722 καθὼς
1524 664 1762 731 εἴρηται,

191 748 254 795 ὲν
306 745 455 814 μέσῳ
495 746 676 799 αὐτῶν
716 747 1021 818 ὑπάρχειν,
1073 750 1168 802 καὶ
1198 752 1364 818 αὐτὴν
1404 753 1764 820 ὑποδέχεσθαι

191 835 404 896 πάντας
439 840 566 898 τοὺς
600 838 918 905 άποφύγους
960 839 1070 891 τῶν
1104 840 1166 893 ὲκ
1204 840 1298 892 τοῦ
1336 843 1623 896 Λανουϐίου
1664 864 1764 914 με·

198 928 332 995 ρῶν,
355 928 614 991 Πανονίας
637 946 695 981 τε
723 932 815 983 καὶ
840 932 1044 992 Anxia;
1068 934 1161 985 καὶ
1184 934 1506 1003 Δαρδανίας,
1533 939 1622 986 καὶ
1656 938 1763 989 τῶν

196 1019 405 1071 λοιπῶν
469 1021 748 1091 ἐπαρχιῶν
782 1038 839 1074 τε
886 1024 978 1075 καὶ
1012 1023 1238 1085 πόλεων,
1274 1026 1368 1076 καὶ
1404 1026 1459 1076 ἐν
1491 1028 1626 1095 αὐτῇ
1664 1031 1762 1080 ἑπ-

204 1108 537 1175 ερεὶδεσθαι.

271 1208 367 1267 ρο’.
396 1203 694 1271 "poenam:
740 1199 833 1256 οὖν
860 1205 887 1255 ό
915 1204 1122 1273 λεχθεὶς
1167 1207 1274 1258 τῶν
1313 1206 1558 1276 Ἀὁάρων
1592 1209 1761 1277 χάγα-

200 1310 285 1353 -.ος
322 1295 379 1344 τὸ
410 1294 627 1361 αἰτηθὲν
657 1297 785 1366 παρ’
815 1298 993 1349 αὐτῶν
1028 1300 1381 1366 ἐκπληρῶσαι
1419 1300 1756 1368 σπουδάζων,

196 1386 263 1436 τά
292 1386 567 1452 ἐνδότερον
595 1387 761 1439 αὑτοῦ
794 1389 969 1441 πάντα
1004 1389 1253 1459 βάρϐαρα
1303 1394 1443 1458 φῦλα
1477 1395 1761 1461 συναθροί-

200 1491 320 1537 σας,
350 1477 464 1545 ἅμα
495 1495 550 1529 τε
583 1480 689 1529 τῶν
725 1481 942 1532 πάντων
970 1483 1280 1535 Σκλαείνων
1307 1487 1401 1536 καὶ
1432 1486 1759 1553 Βουλγάρων

197 1569 293 1619 καὶ
330 1568 577 1634 ἀπείρων
619 1570 787 1623 ὲθνῶν
836 1573 1191 1641 ἀναριθμήτῳ
1237 1575 1373 1642 λαῷ.
1422 1578 1761 1644 παρετάξατο

197 1661 335 1726 μετὰ
366 1661 511 1727 διετῆ
544 1662 733 1729 χρόνον
762 1667 827 1733 τῇ
862 1666 1368 1734 μαρτυροφυλάκτῳ
1406 1672 1576 1739 ταύτῃ
1603 1671 1758 1737 ἡμῶν

196 1748 371 1808 πόλει,
410 1751 501 1801 καὶ
538 1752 737 1811 ἱππέας
782 1752 1097 1815 ἐπιλέκτους
1130 1755 1534 1821 ὲγκαθοπλίσας
1574 1759 1757 1828 δρόμῳ

1870 578 2018 631 ribus
2049 595 2231 635 vacua
2257 593 2441 638 essent
2468 586 2697 650 εσθαι.
2733 590 2847 644 hac
2878 603 3056 647 autem
3086 595 3221 657 sola,
3258 608 3312 649 ut
3341 600 3427 652 di-

1867 680 2013 724 ctum
2037 682 2141 737 est,
2167 686 2498 742 superesset,
2530 694 2825 743 omnesque
2846 699 2873 733 a
2903 682 3129 738 Danubii
3158 689 3423 754 partibus,

1867 759 2248 832 Pannoniaque
2285 777 2338 819 et
2379 769 2536 822 Dacia
2569 780 2623 823 et
2658 770 2922 826 Dardania
2949 814 2963 836 ,
3000 777 3341 844 reliquisque
3371 790 3427 833 et

1867 856 2158 916 provinciis
2195 867 2247 909 et
2300 860 2544 924 urbibus,
2602 862 2909 932 transfugas
2949 868 3216 935 reciperet
3261 881 3425 924 atoue

1866 943 1921 996 in
1950 945 2069 997 sinu
2099 962 2198 999 suo
2231 947 2457 1001 foveret.

1935 1206 2057 1258 170.
2109 1206 2370 1262 Alacriter
2431 1210 2596 1280 igitur
2645 1194 2902 1279 praefatus
2953 1216 3185 1272 Avarum
3230 1221 3424 1291 chaga-

1863 1311 1985 1359 nus,
2018 1298 2161 1363 quod
2196 1301 2523 1366 postulatum
2554 1318 2650 1370 per
2677 1303 2798 1357 illos
2825 1316 2959 1369 eral,
2985 1308 3281 1376 adimplere
3306 1324 3390 1365 stu

1863 1388 2018 1449 dens,
2053 1389 2340 1447 interiores
2372 1408 2564 1447 omnes
2594 1394 2821 1448 ditiOnis
2861 1412 2974 1451 sum
3012 1402 3263 1460 nationes
3302 1404 3423 1455 bar~

1863 1477 2020 1530 haras
2053 1494 2155 1530 una
2195 1494 2315 1532 cum
2354 1482 2673 1533 Sclavorum
2709 1484 2952 1538 omnium
2987 1498 3039 1538 et
3069 1488 3421 1556 Bulgarorum

1863 1569 2217 1637 gentiumque
2249 1584 2479 1623 numero
2512 1570 2849 1627 infinitorum
2884 1578 3085 1645 papula
3127 1596 3424 1651 congrega—

1866 1667 1946 1709 tas
1973 1668 2090 1724 post
2114 1659 2342 1712 duorum
2380 1676 2642 1716 annorum
2677 1666 2907 1732 spatium
2940 1668 2992 1721 in
3025 1670 3162 1724 hanc
3184 1682 3419 1726 nostram

1864 1762 1893 1798 a
1921 1750 2242 1817 martyribus
2277 1752 2601 1807 custoditam
2650 1757 2923 1810 civitatem
2966 1760 3229 1813 instruxit
3281 1764 3417 1824 (35L

192 1840 481 1909 ταχύτατῳ
524 1841 877 1911 προέπεμψεν
916 1845 1209 1911 άγνώστως
1256 1847 1514 1915 ἐπιϐῆναι
1562 1823 1759 1915 ἁθρόον
1791 1823 1834 1876 Β

1791 1823 2091 1909 Beumque
2122 1844 2331 1909 equites
2383 1845 2612 1900 selectos
2663 1857 2947 1911 armasset,
2992 1866 3085 1902 eas
3134 1864 3189 1904 ut
3242 1823 3420 1907 subito

190 1936 260 1998 τῇ
312 1932 485 1992 πόλει.
519 1933 621 1995 καὶ,
660 1934 751 1985 τὸν
787 1934 959 2002 αὐτῆς
986 1936 1113 1987 λαὸν
1151 1935 1254 2000 ἔξω
1288 1938 1551 2002 λαϐόντας
1595 1942 1625 2009 ἢ
1664 1942 1760 1995 καὶ

1862 1944 2049 1985 contra
2097 1933 2370 1988 civitatem
2416 1938 2793 2002 procederent,
2844 1940 3083 2007 forisque
3137 1945 3298 2008 huius
3328 1961 3421 2013 po—

189 2024 668 2091 κατασφάξαντας,
712 2030 835 2077 τότε
887 2028 1024 2096 μετὰ
1060 2030 1334 2098 άναμονῆς
1373 2032 1463 2083 τὸν
1504 2033 1757 2101 λεχθέντα

1861 2026 1985 2094 pulo
2014 2028 2358 2093 apprehenso
2384 2029 2650 2092 occisove,
2684 2045 2782 2083 suo
2805 2031 3000 2085 deinde
3025 2037 3308 2089 commodo
3338 2038 3420 2089 di-

186 2118 428 2191 xéyayov
472 2119 911 2186 καταλαμόάνειν
955 2121 1093 2187 μετὰ
1137 2123 1230 2172 καὶ
1274 2122 1368 2174 τοῦ
1412 2125 1542 2191 παρ’
1590 2126 1754 2178 αὐτοῦ

186 2206 693 2273 κατασυναχθιντος
721 2208 850 2259 λαοῦ
887 2209 979 2260 τοῦ
1020 2210 1419 2278 ἐπιφερομένου
1459 2214 1755 2283 διαφόρους

187 2298 540 2359 κατασκευάς
576 2300 873 2366 μαγγάνων
908 2300 1345 2369 πολεμιστηρίων
1375 2306 1509 2372 πρὸς
1548 2307 1752 2375 πόρθη-

188 2406 281 2439 σιν
325 2389 423 2455 τῆς
454 2389 575 2441 καθ’
605 2392 755 2457 ἡμᾶς
800 2391 1076 2457 πατρίδος.
1115 2394 1222 2445 Καὶ
1252 2394 1425 2463 ταύτῃ
1470 2398 1536 2465 τῇ
1586 2397 1750 2467 βουλῇ

186 2480 287 2531 καὶ
310 2479 386 2547 τῷ
415 2481 600 2549 τρόπῳ
624 2482 680 2531 τὸ
703 2482 849 2534 άπαν
881 2483 1155 2552 βάρσαρον
1178 2485 1436 2536 όπλισθὲν
1464 2486 1752 2557 ὥρμησαν,

185 2573 340 2640 ὥραν
369 2575 626 2642 πέμπτην
659 2575 915 2645 ἐξαίφνης
940 2580 988 2629 oi
1015 2582 1197 2639 ἱππεῖς
1220 2581 1548 2634 ἑκπάντοθεν
1608 2587 1753 2655 σιδη-

189 2667 433 2733 ρένδυτοι
480 2668 887 2737 ὲπιρῤίψαντες,
920 2669 1007 2723 διά
1052 2671 1112 2721 τὸ
1151 2673 1273 2734 τοὺς
1307 2678 1404 2741 τῆς
1438 2675 1645 2736 πόλεως
1681 2676 1755 2745 μὴ

185 2760 599 2822 προεγνωκότας
630 2762 751 2821 τοὺς
779 2764 835 2810 ἐν
868 2762 1059 2829 ἀμητῷ
1082 2763 1307 2826 πάντας,
1336 2767 1461 2827 τοὺς
1494 2768 1587 2831 μὲν
1620 2784 1749 2817 κατ-

188 2849 451 2914 έσφαξαν,
484 2849 701 2916 ἐτέρους
728 2850 783 2901 δὲ
839 2852 1217 2919 αἰχμαλώτους
1254 2855 1467 2918 ἔλαῆον,
1506 2858 1624 2923 μεθ’
1654 2852 1755 2909 ὧν·

187 2956 298 3006 περ
326 2936 484 3009 εὖρον
510 2941 779 3007 άγελαίων
806 2943 1073 2994 πλείστων
1100 2942 1273 3007 ζώων.
1300 2949 1390 2997 καὶ
1419 2946 1619 2998 λοιπῶν
1647 2948 1755 2999 τῶν

187 3032 287 3083 ἐπὶ
316 3032 547 3100 ἐργασία
576 3033 666 3085 τοῦ
696 3034 908 3103 ἀμητοῦ
942 3036 1173 3088 σκευῶν.

263 3215 393 3282 poz'.
442 3214 529 3275 ⁸ος
580 3216 761 3266 λοιπὸν
803 3216 1099 3279 ἐγνωκέναι
1130 3217 1255 3275 τοὺς
1285 3216 1386 3282 τῆς
1414 3217 1621 3279 πόλεως
1655 3222 1751 3289 τὴν

185 3304 565 3372 ἡπειλημὲνην
616 3306 797 3365 αὐτοῖς
845 3308 954 3359 τῶν
1007 3307 1298 3375 βαρϐάρων
1345 3309 1751 3378 ἀπροσδόκητον

187 3394 284 3443 hri.
337 3395 626 3464 πολιορκίᾳ
681 3396 999 3458 ὲπέλευσιν,
1054 3399 1145 3448 καὶ
1202 3400 1259 3449 ἐν
1321 3398 1526 3469 ἀθυμίᾳ
1584 3402 1748 3471 πολλῇ

186 3480 461 3545 γενέσθαι,
494 3482 682 3552 διόπερ
716 3486 807 3534 καὶ
838 3484 948 3536 τῶν
980 3485 1117 3553 πρὸς
1146 3487 1452 3558 παράταξιν
1482 3489 1751 3552 ἀπορούν-

187 3588 316 3634 των,
363 3574 519 3634 ἄλλος
570 3575 715 3641 ἄλλῳ
752 3577 885 3643 πρὸς
933 3577 1200 3645 εὐθυμίαν
1248 3580 1531 3647 ιχαρίζετο
1576 3582 1747 3647 λόγος,

186 3663 366 3732 ἕτεροι
418 3663 472 3714 δὲ
503 3666 608 3715 τῶν
642 3667 747 3717 άπὸ
779 3666 1024 3717 Ναῖσσοῦ
1057 3668 1149 3719 καὶ
1182 3668 1450 3736 Σαρδικῆς
1483 3670 1750 3739 ὑπαρχόν-

188 3770 317 3816 των,
367 3753 440 3813 ὡς
487 3755 682 3821 πεῖραν
718 3756 813 3820 τῆς
852 3756 1030 3807 αὐτῶν
1078 3757 1429 3825 τειχομαχίας
1471 3758 1750 3827 εἰληφότες

192 3842 333 3909 μετὰ
366 3843 576 3910 θρήνων
607 3844 813 3911 ελεγον,
848 3831 1187 3899 ὃτιἘκεῐθεν
1228 3849 1486 3913 φυγόντες
1522 3849 1749 3900 ἐνταῦθα

186 3936 396 4003 ἥκομεν
426 3939 544 4004 μεθ’
572 3938 724 4004 ὑμῶν
756 3939 1067 4001 ἀπολέσθαι,
1104 3940 1202 4007 μία
1231 3942 1337 4009 γὰρ
1370 3941 1571 3992 τούτων
1601 3942 1746 3993 λίθου

190 4020 319 4089 βολὴ
347 4025 407 4071 τὸ
435 4024 609 4091 τεῖχος
642 4024 914 4088 κατεάξει.
964 4025 1020 4076 ’0
1054 4025 1106 4076 δὲ
1142 4028 1241 4091 τὴν
1272 4028 1577 4093 ἐπισκοπὴν
1608 4028 1747 4094 μετὰ

188 4112 377 4179 χεῖρας
400 4111 538 4179 ἔχων
561 4114 589 4162 ὁ
626 4112 1049 4180 προονομασθεὶς
1077 4114 1259 4181 Πατὴρ
1295 4116 1452 4183 ἡμῶν
1494 4115 1747 4185 Ἰωάννης

190 4204 267 4271 μὴ
304 4204 566 4272 ῥᾳθυμεῖν
594 4205 845 4275 παρῄνει,
878 4204 1015 4257 άλλά
1054 4206 1349 4274 προθύμως
1381 4207 1488 4257 τῶν
1520 4207 1746 4261 δεόντων

186 4294 624 4356 ἀνθοπλέζεσθαι,
671 4293 1144 4361 διαδεδαιοΰμενος
1202 4294 1365 4362 μηδὲν
1420 4294 1660 4361 λυπηρὸν
1713 4296 1743 4363 ἦ

186 4388 416 4454 ὀκνηρὸν
445 4390 650 4457 φέρειν,
681 4387 757 4453 τῷ
787 4370 908 4456 Θεῷ¹
930 4387 985 4438 ὁὶ
1023 4385 1219 4452 μᾶλλον
1282 4386 1375 4437 καὶ
1401 4386 1475 4455 τῷ
1510 4387 1745 4463 μάρτυρι

1860 2129 2006 2171 ctum
2033 2119 2340 2187 clinganum
2374 2136 2480 2172 una
2508 2135 2630 2173 cum
2659 2135 2983 2190 congregato
3011 2126 3079 2178 ab
3108 2140 3174 2177 eo
3203 2131 3417 2193 populo,

1858 2211 1950 2276 qui
2000 2210 2273 2264 diversum
2311 2211 2685 2266 machinarum
2738 2212 3051 2270 bellicarum
3101 2230 3417 2287 apparatum

1856 2301 1923 2353 ad
1962 2302 2187 2368 patriam
2216 2312 2456 2355 nostram
2482 2305 2890 2371 expugnandam
2919 2306 3171 2369 ducebat,
3199 2310 3419 2363 accede—

1858 2402 1999 2452 rent,
2033 2393 2194 2445 celeri
2245 2407 2407 2447 cursu
2456 2394 2738 2462 praemisit.
2794 2398 2969 2459 Atque
3021 2399 3123 2451 hoc
3172 2401 3412 2454 consilio

1861 2484 2128 2551 modoque
2160 2486 2335 2538 omnis
2366 2485 2726 2541 Barbarorum
2773 2504 2907 2558 gens
2955 2502 3159 2543 armata
3205 2492 3416 2556 movit,

1860 2576 1993 2628 hora
2024 2578 2211 2645 quinta
2247 2593 2312 2632 es
2345 2580 2638 2647 improviso
2688 2582 2921 2649 equites.
2956 2582 3098 2635 ferro
3141 2582 3419 2650 undequa-

1857 2684 1962 2735 que
2010 2668 2287 2732 instructi,
2323 2670 2712 2737 irrumpentes,
2765 2680 3047 2739 propterea
3100 2673 3283 2740 quod,
3318 2674 3413 2740 qui

1859 2760 2092 2813 civitatis
2121 2770 2297 2820 erant.
2348 2761 2398 2815 id
2450 2776 2557 2814 non
2606 2772 3005 2828 pmnoscentes
3032 2763 3083 2814 in
3115 2778 3291 2815 messe
3326 2777 3415 2816 cs-

1858 2858 1997 2906 sent.
2031 2850 2166 2902 alios
2194 2850 2413 2915 quidem
2442 2850 2778 2911 occiderunt,
2815 2852 2949 2904 alios
2997 2866 3122 2904 vero
3171 2854 3414 2919 captivos

1857 2939 2219 2999 abduxerunt,
2250 2940 2573 3004 quibuscum
2622 2947 2676 2991 et
2723 2941 2950 3007 plurima
2990 2940 3234 3007 iumenta
3286 2941 3414 2993 reli-

1858 3044 2070 3096 quaque
2106 3030 2299 3082 messis
2345 3030 2496 3098 operi
2537 3031 2931 3084 subservientia
2977 3032 3225 3084 utensilia
3266 3031 3416 3085 inve-

1859 3137 2005 3175 nere.

1938 3213 2057 3264 17!.
2097 3213 2231 3264 Cum
2295 3212 2667 3279 tandcm,qui
2726 3213 2959 3264 civitatis
3025 3223 3201 3272 erant,
3256 3212 3410 3264 incs-

1855 3312 2177 3369 spectatum.
2224 3305 2311 3367 qui
2361 3302 2508 3369 ipsos
2540 3303 2877 3365 minabatur,
2923 3301 3289 3356 Burbarorum
3343 3304 3408 3355 ad

1854 3393 2189 3446 obsidionem
2256 3407 2537 3446 accessum
2594 3394 3015 3461 cognovissent,
3072 3408 3406 3460 magnaque,

1854 3484 1995 3552 quod
2038 3494 2087 3535 et
2139 3484 2203 3535 iis
2244 3498 2363 3549 qua:
2409 3483 2473 3534 ad
2507 3483 2822 3535 conflictum
2876 3486 3178 3536 necessaria
3229 3492 3408 3543 erant,

1851 3574 2295 3635 destituereutur,
2351 3574 2401 3623 in
2450 3574 2617 3625 animi
2671 3572 2973 3638 dejectione
3022 3584 3225 3639 essent,
3271 3574 3409 3626 alter

1851 3664 2002 3716 alteri
2050 3663 2113 3715 ad
2143 3663 2472 3715 alacritatem
2523 3678 2701 3715 sermo
2725 3664 3073 3731 iungebatur,
3104 3665 3193 3715 alii
3225 3672 3405 3717 autem

1850 3768 1913 3807 ex
1956 3755 2039 3814 iis,
2080 3755 2167 3822 qui
2217 3769 2279 3806 ex
2312 3751 2506 3807 Naisso
2542 3753 2651 3820 (ὅθ)
2679 3762 2734 3806 et
2768 3754 2989 3807 Sardica
3064 3755 3173 3824 (37)
3229 3764 3405 3815 erant,

1852 3846 2011 3899 veluti
2050 3847 2262 3899 illorum
2306 3861 2492 3899 muros
2540 3846 2886 3913 oppugnandi
2933 3847 3067 3901 artis
3117 3846 3404 3913 experien-

1849 3937 1977 3989 tiam
2017 3936 2157 3988 nacti
2188 3950 2307 3987 cum
2343 3936 2593 3987 lamentis
2628 3937 2918 3988 dixerunt:
2954 3936 3083 3988 inde
3116 3937 3403 4004 fugientes,

1848 4026 2124 4077 vobiscum
2163 4035 2220 4076 ut
2264 4039 2550 4090 pereamus
2585 4025 2690 4077 huc
2737 4026 3021 4089 venimus,
3068 4040 3210 4078 unus
3258 4024 3402 4078 enim

1848 4114 2058 4167 illorum
2104 4112 2297 4180 lapidis
2342 4114 2524 4182 jactus
2574 4129 2788 4167 murum
2830 4115 3156 4182 confringet.
3197 4112 3398 4167 Verum

1846 4220 2006 4272 supra
2044 4206 2376 4267 nominatus,
2406 4206 2496 4273 qui
2538 4213 2671 4257 tunc
2710 4205 3087 4272 episcopatum
3130 4205 3182 4257 iu
3222 4204 3400 4257 mani-

1846 4295 1943 4347 bus
1968 4295 2215 4357 habebat,
2254 4294 2411 4346 Pater
2444 4303 2626 4347 noster
2659 4292 2917 4356 Joannes,
2955 4308 3021 4347 ne
3046 4295 3260 4347 animos
3304 4295 3395 4347 de—

1848 4383 2197 4450 sponderent.
2222 4380 2315 4435 sed
2346 4388 2403 4432 ut
2436 4381 2710 4443 alacriter,
2738 4394 2856 4446 quae
2884 4380 3189 4433 necessaria
3220 4388 3397 4439 erant.

186 4478 285 4537 τὰς
318 4478 534 4539 ἐλπίδας
562 4479 928 4547 ἑπιρῤίπτειν.
963 4477 1182 4539 Τούτοις
1212 4477 1266 4529 δὲ
1304 4479 1396 4529 καὶ
1428 4479 1540 4538 τοῖς
1567 4476 1743 4528 τοιού·
1777 4478 1847 4529 ι)‹

1733 4504 1743 4515 -
1777 4478 1819 4529 D
1844 4491 1907 4527 ex
1955 4474 2203 4540 Opposita
2233 4474 2296 4524 ad
2343 4470 2541 4524 bellum
2583 4478 2927 4537 pararentur,
2968 4472 3244 4530 mouebat,
3284 4485 3394 4521 rem

189 4585 303 4628 τοις
332 4570 390 4619 τὸ
422 4570 616 4637 θάρσος
647 4570 733 4623 διὰ
760 4572 857 4638 τῆς
888 4570 1265 4638 παραινέσεώς
1297 4586 1354 4621 τε
1384 4570 1475 4619 καὶ
1507 4568 1739 4634 βεϐαιὼο

190 4675 325 4721 πως
358 4663 385 4712 ό
428 4662 573 4722 ὅςιος
596 4661 779 4731 Πατὴρ
819 4663 929 4725 τοῖς
976 4662 1074 4731 τῆς
1118 4662 1321 4722 πόλεως
1345 4661 1600 4727 παρέχων
1654 4663 1747 4712 καὶ

96 4828 99 4829 ⁷
190 4816 467 4880 sequendo
500 4813 687 4867 Latine
718 4816 805 4867 hic
834 4816 1223 4882 interpretatus
1273 4830 1413 4875 smn,
1462 4814 1603 4878 quod
1629 4854 1641 4871 .
1679 4823 1736 4862 nt

192 4886 417 4936 verbum
467 4890 633 4937 verbo
685 4885 961 4944 reddatur,
1015 4886 1118 4936 hoc
1166 4884 1284 4936 loco
1338 4885 1477 4935 haud
1518 4883 1744 4935 sufferat

194 4954 377 5006 Cra-ra
408 4954 768 5011 constructio,
814 4963 908 5005 aut
952 4956 1136 5014 etiam,
1186 4962 1241 5004 ut
1275 4967 1491 5004 sensum
1521 4954 1743 5005 omnino

197 5023 489 5089 perfectum
547 5026 749 5090 gignat,
786 5022 988 5089 aliquid
1039 5036 1103 5075 ex
1151 5022 1558 5074 amanuensium
1614 5023 1742 5073 vitio

194 5093 383 5143 deesse
416 5091 643 5144 videtur.

262 5226 371 5287 (55')
410 5226 540 5276 Cum
575 5236 821 5290 suscepta
871 5238 898 5275 a
952 5222 1177 5284 Sclavis,
1211 5222 1276 5274 de
1311 5238 1412 5290 qua
1450 5238 1566 5289 cap.
1604 5236 1741 5289 pra:-

190 5297 333 5349 ecd..
351 5304 533 5344 contra
558 5294 995 5344 Thessalonicam
1026 5293 1297 5357 expeditio
1323 5294 1421 5344 sub
1449 5294 1743 5344 Constante

193 5365 352 5414 tertin
380 5371 470 5413 ant
503 5362 672 5413 altero
696 5376 724 5413 e
760 5362 897 5411 binis-
923 5364 1035 5419 eius
1063 5362 1462 5413 successoribus
1503 5361 1605 5426 (adi
1634 5361 1742 5411 Ad-

188 5440 370 5483 notata
405 5445 567 5497 supra
620 5431 722 5481 col.
751 5428 905 5491 {326,
936 5438 1047 5482 not.
1085 5429 1150 5481 18
1170 5438 1223 5481 et
1267 5430 1337 5481 20
1366 5430 1629 5491 evenerit,
1655 5442 1743 5496 pa-

190 5501 323 5552 riter
358 5500 458 5553 sub
490 5500 670 5565 aliquo
702 5513 733 5550 e
765 5500 940 5551 tribus
986 5500 1104 5552 istis
1128 5499 1545 5567 imperatoribus
1573 5512 1736 5567 expe-

186 5570 471 5630 ditionem,
521 5583 639 5688 ωε.
687 5569 933 5635 praesenti
980 5566 1274 5625 narratam.
1330 5566 1731 5620 verosimillime

188 5638 455 5688 evenisse.
489 5651 550 5688 ex
621 5651 683 5688 oc
714 5637 869 5688 huius
912 5636 1049 5688 loco.
1082 5644 1263 5688 utnote
1300 5651 1428 5688 uno.
1476 5638 1731 5688 spectatis

188 5638 455 5697 evenisse.
489 5651 550 5690 ex
582 5636 683 5690 hoc
714 5637 869 5703 hujus
912 5636 1049 5698 loco,
1082 5644 1263 5700 utpote
1300 5651 1428 5702 quo,
1476 5638 1733 5703 speetatis

190 5708 348 5761 simul
392 5706 856 5771 antecedentibus,
901 5705 1126 5760 duorum
1160 5706 1421 5759 duntaxat
1467 5720 1731 5760 annorum

1852 4580 1973 4619 sese
2009 4566 2200 4617 acerbe
2247 4572 2570 4630 gravateque
2604 4560 2744 4613 haud
2793 4558 2951 4619 ferre.
2986 4560 3038 4612 in
3073 4559 3236 4612 Deum
3274 4573 3399 4611 vero

1852 4668 1905 4711 et
1954 4666 2242 4725 martyrem
2276 4669 2422 4722 spem
2467 4652 2737 4721 conjicere
2771 4666 2879 4722 prae
2921 4666 2978 4704 se
3026 4651 3219 4706 ferens.
3277 4649 3397 4702 lla~c

1844 4812 2017 4877 spatio
2050 4820 2169 4878 post
2195 4808 2428 4875 priorem
2466 4806 2609 4859 illam
2657 4804 2918 4858 accidisse
2962 4804 3222 4866 innuitur,
3270 4818 3401 4856 con-

1842 4883 2133 4933 sectarium
2182 4881 2257 4929 fit.

1911 4950 2020 5010 (36)
2054 4948 2193 5002 Urhs
2236 4949 2365 5004 hac.
2405 4960 2524 5013 quae
2565 4944 2709 4998 Italis
2761 4944 2917 4995 modo
2973 4941 3168 5013 Nisae,
3227 4940 3397 4994 Gallis

1844 5017 2003 5070 Nicéc
2036 5020 2249 5071 dicitur.
2279 5016 2332 5067 in
2365 5011 2532 5085 Mysia
2588 5013 2851 5085 superiori
2884 5013 2985 5085 sita
3014 5020 3116 5085 est,
3146 5011 3397 5085 habetur-

1839 5103 1942 5151 que
1971 5102 1998 5139 e
2031 5086 2227 5139 Servize
2258 5079 2561 5149 przeeipuis.
2600 5084 2693 5133 Adi
2724 5083 2787 5133 ad
2822 5080 3140 5131 vocabulum
3174 5079 3394 5130 Naissus

1845 5157 1895 5208 in
1942 5156 2061 5206 lexin
2082 5170 2112 5205 ο
2144 5154 2516 5218 (ἓιεοςιττιριιὶοο
2546 5151 2943 5218 Baudrandum.

1916 5224 2024 5290 (57)
2059 5226 2109 5273 ln
2159 5214 2373 5274 laudato
2414 5222 2476 5273 ad
2505 5229 2619 5271 not.
2659 5219 2882 5290 praeceil.
2933 5216 3127 5290 Lcsico
3158 5214 3396 5283 Geogra-

1844 5286 2001 5360 phico
2037 5295 2150 5341 dum
2203 5292 2439 5360 nominis
2482 5289 2640 5360 bilius
2685 5288 2949 5360 civuates,
2987 5286 3184 5360 altera,
3211 5300 3399 5360 nempe

1845 5353 1894 5412 in
1948 5362 2105 5416 Dacia
2155 5362 2218 5411 ad
2270 5358 2463 5411 Istrum
2501 5356 2722 5408 fluvium
2750 5394 2763 5415 ,
2807 5354 2977 5406 altera
3022 5355 3074 5405 in
3126 5353 3395 5415 Thracia,

1839 5429 2089 5483 N.iissuui
2128 5429 2269 5480 inter
2307 5436 2357 5478 et
2396 5424 2811 5492 Philippopolim
2850 5425 2977 5482 sita.
3013 5422 3398 5492 assignantur;

1840 5509 1956 5551 utra
1994 5508 2167 5551 autem
2196 5495 2261 5548 ab
2297 5506 2518 5548 auctore
2551 5506 2737 5547 nostro
2768 5505 3039 5561 anonymo
3066 5492 3155 5544 hic
3190 5503 3401 5561 memo-

1840 5580 2005 5627 retur,
2047 5582 2140 5631 pro
2167 5574 2313 5618 certo
2339 5578 2653 5616 asseverare
2688 5576 2793 5615 non
2836 5560 3199 5631 ausi_In,Alicet
3247 5560 3391 5612 into-

1840 5638 1938 5689 rim
1972 5628 2141 5701 magis
2176 5633 2561 5702 propendeam,
2587 5642 2644 5686 ut
2672 5632 2738 5686 de
2765 5628 3057 5699 posteriori
3092 5640 3397 5684 sermonem

1840 5707 1887 5761 ei
1907 5720 2024 5761 esse
2052 5705 2377 5759 existimem.
