4206 6438
782 372 919 436 1339

2077 371 2696 434 SUPPLEMENTUM

3870 371 4022 435 13w

778 490 960 536 autem
1003 493 1066 532 ac
1115 477 1312 534 similia
1359 479 1629 532 monendo
1675 477 2104 548 allirmandoque
2143 482 2332 535 beatus
2363 486 2442 539 Δί

2443 479 2512 547 τῷ
2553 477 2726 547 τείχει
2772 478 2885 546 μετ’
2917 477 3097 530 αὐτῶν
3135 478 3508 547 ἐνδιατρίϐων,
3559 479 3654 532 καὶ
3703 478 3821 532 τῶν
3873 485 4022 548 πρὸς

779 571 942 626 Pater
971 570 1252 624 audaciam
1283 570 1363 624 eis
1394 571 1486 638 qui
1513 569 1744 624 civitatis
1767 581 1941 632 erant.
1987 570 2333 638 subjiciebat,

786 672 949 731 atque
984 677 1106 717 cum
1141 663 1288 716 iisin
1317 662 1589 716 manibus
1619 662 1890 724 manebat,
1923 676 2156 728 cumque
2196 679 2334 730 pau-

782 767 877 806 cos
909 761 1032 819 post
1069 752 1186 805 dies
1214 754 1395 804 omnia
1427 751 1493 804 ad
1523 753 1888 805 resistendum
1914 762 2095 805 essent
2126 762 2334 818 parata,

783 841 902 910 ipse
936 841 1097 894 etiam
1145 841 1506 896 Barbarorum
1534 844 1809 910 chaganus
1843 858 1966 896 cum
2001 842 2103 895 alia
2134 850 2188 896 et
2214 843 2341 895 Bul-

785 947 1040 996 garorum
1093 932 1204 1001 (58)
1235 942 1287 987 et
1332 937 1574 986 omnium
1625 935 2003 997 praedictarum
2052 935 2338 987 nationum

786 1024 1130 1076 multitudine
1178 1026 1463 1078 custodita:
1504 1026 1628 1079 huic
1667 1041 1696 1078 a
1735 1025 1936 1078 Sancto
1985 1026 2213 1090 civitati,
2251 1042 2342 1080 ve-

786 1114 865 1164 lut
903 1115 1134 1180 procella
1165 1115 1407 1176 hiberna,
1436 1129 1501 1192 ex
1536 1115 1789 1168 universa
1820 1117 2150 1170 c0utinentis
2183 1118 2338 1184 plaga

787 1202 851 1255 ad
909 1204 1104 1257 muenia
1160 1205 1438 1271 applicuit.
1497 1206 1804 1259 universam
1856 1207 2018 1259 etiam
2067 1207 2337 1260 civitatem

785 1294 1150 1357 circumdans,
1203 1297 1275 1347 ita
1325 1306 1382 1348 ut
1441 1311 1606 1348 unum
1658 1297 1919 1350 duntaxat
1975 1297 2336 1365 undequaque

785 1393 948 1450 caput
976 1395 1306 1446 cerneretur,
1338 1401 1438 1438 nec
1470 1396 1612 1440 terra
1642 1387 1942 1443 invasionis
1973 1402 2161 1442 eorum
2201 1389 2338 1440 mul-

789 1477 1072 1529 titudinem
1101 1476 1281 1542 ferret,
1322 1493 1420 1530 nec
1449 1478 1677 1542 cibaria,
1711 1480 1792 1532 vel
1823 1494 2006 1532 eorum
2039 1479 2206 1546 quiin
2239 1479 2344 1529 cir-

2435 572 2761 640 ἁντιμαχίαν
2804 569 3234 640 εὑτρεπιζόντων
3273 573 3390 640 μετ’
3438 573 3628 639 όλίγας
3660 575 3887 641 ἡμέρας
3924 577 4022 625 καὶ

2439 663 2600 724 αὐτὸς
2649 665 2678 716 ὁ
2717 663 2829 716 τῶν
2869 663 3156 732 βαρϐάρων
3202 665 3436 731 χάγανος
3485 666 3623 732 μετὰ
3671 665 3770 716 τοῦ
3817 667 4018 733 ἑτέρου

2440 755 2676 822 πλήθους
2706 755 2814 807 τῶν
2845 773 2900 807 τε
2935 756 3256 825 Βουλγάρων
3290 759 3382 808 καὶ
3417 758 3523 809 τῶν
3549 757 4019 825 προλελεγμένων

2441 847 2659 900 πάντων
2690 845 2878 908 ἐθνῶν,
2914 846 3160 913 καθάπερ
3192 847 3388 913 λαῖλαψ
3419 847 3728 915 χειμερινὴ,
3761 849 3832 914 τῇ
3862 849 4018 912 ἅγιο-

2442 938 2700 1004 φυλάκτῳ
2728 935 2899 1004 ταύτῃ
2929 936 3077 988 πόλει
3100 937 3186 988 διὰ
3209 938 3388 1004 πάσης
3417 937 3518 1004 τῆς
3544 939 3819 1005 χερσαίας
3848 955 4020 1001 προσ-

2443 1026 2545 1094 ῆψε
2576 1028 2652 1094 τῷ
2679 1027 2878 1094 τείχει,
2918 1027 3008 1079 καὶ
3037 1029 3445 1095 περιστοιχίσας
3472 1029 3692 1080 ἃπασαν
3706 1029 3815 1095 τὴν
3837 1028 4015 1086 πόλιν,

2441 1116 2516 1177 ὡς
2547 1117 2676 1183 μίαν
2705 1115 2934 1184 ὁρᾶσθαι
2993 1117 3325 1168 ὲκπάντοθεν
3356 1117 3454 1182 τὴν
3486 1117 3708 1166 πάντων
3742 1115 4015 1181 κεφαλὴν,

2441 1208 2536 1259 καὶ
2570 1208 2702 1275 μηδὲ
2738 1208 2834 1274 τὴν
2865 1209 2968 1276 γῆν
3006 1207 3306 1276 ὑποφέρειν
3340 1208 3438 1274 τῆς
3475 1208 3660 1259 αὐτῶν
3696 1205 4016 1266 ὲπιϐἀσεως

2439 1300 2538 1366 τὴν
2568 1299 2790 1367 πληθὺν,
2847 1298 2982 1366 μηδὲ
3024 1299 3314 1366 αὐταρκεῖν
3359 1297 3468 1349 τῶν
3515 1299 3778 1363 ἀγωγῶν,
3826 1299 3859 1366 ἢ
3911 1298 4018 1348 τῶν

2444 1390 2692 1456 φρεάτων
2716 1388 2782 1439 τὰ
2813 1388 2975 1439 ὕδατα
3007 1389 3142 1456 πρὸς
3175 1389 3274 1456 τὴν
3303 1387 3508 1440 τούτων
3538 1392 3634 1440 καὶ
3659 1389 3774 1440 τῶν
3810 1390 4021 1454 ἀλόγων

2446 1478 2600 1540 ζώων
2626 1480 2803 1531 αὐτῶν
2835 1479 3102 1546 δαπάνην.

785 1570 932 1622 cuitu
975 1577 1120 1632 sunt,
1150 1568 1432 1623 ﬂuviorum
1471 1582 1564 1623 aut
1603 1580 1891 1639 puteorum
1945 1585 2098 1636 aqua:
2177 1569 2366 1623 usibus
2405 1583 2592 1622 eorum
2658 1581 2820 1641 atque
2865 1571 3178 1625 eorumdem
3237 1572 3553 1625 animalium
3611 1571 4020 1625 irrationalium

786 1657 1110 1712 suﬂicereut.

861 1827 982 1880 172.
1045 1827 1232 1892 Tunc,
1281 1829 1370 1895 qui
1430 1829 1662 1885 civitatis
1724 1841 1914 1895 erant,
1971 1829 2330 1882 Barbarorum
2366 1828 2408 1884 Β

2507 1821 2635 1888 ροβ’.
2669 1820 2801 1871 Τότε
2836 1818 2898 1886 δὴ
2935 1817 3239 1884 ἑωρακότες
3290 1820 3338 1869 οἱ
3375 1820 3473 1887 τῆς
3533 1821 3748 1881 πόλεως
3783 1821 3847 1871 τδ
3881 1822 4025 1871 ἀνεί-

791 1935 1006 1974 omnem
1035 1921 1433 1973 multitudinem
1462 1922 1962 1987 incomparabilem,
1998 1920 2142 1974 ferro
2170 1922 2348 1975 muni-

794 2016 922 2070 tam,
963 2010 1471 2076 petrobolorumque
1505 2010 1570 2063 ad
1606 2013 1803 2063 caelum
1859 2025 2028 2077 usque
2071 2011 2349 2078 undequa-

793 2113 897 2164 que
944 2100 1252 2160 sublimem,
1299 2101 1367 2154 ita
1429 2110 1487 2153 ut
1531 2101 1754 2155 altitudo
1794 2104 2113 2156 interiorum
2171 2117 2352 2156 muro-

799 2203 919 2242 rum
957 2190 1150 2257 pinnas
1185 2202 1488 2258 superaret,
1532 2204 1850 2262 apparatum
1893 2194 2177 2258 viderunt;
2213 2195 2351 2249 alios

799 2282 1017 2348 quidem
1045 2283 1160 2350 qui,
1197 2293 1253 2335 ut
1281 2295 1566 2347 vocantur,
1613 2298 1642 2337 e
1685 2284 1925 2338 cratibus
1971 2285 2240 2353 coriisque
2276 2297 2354 2338 te-

800 2373 1069 2435 studines,
1103 2375 1238 2428 alios
1267 2375 1357 2444 qui
1402 2386 1588 2428 contra
1625 2387 1809 2443 portas
1841 2392 1869 2429 ο
1907 2378 2064 2444 lignis
2099 2377 2353 2430 maximis

802 2465 1041 2531 rotisque
1092 2465 1248 2520 facile
1285 2468 1631 2522 versatilibus
1678 2469 1899 2529 arietes,
1934 2469 2072 2522 alios
2103 2483 2234 2522 vero
2261 2469 2352 2538 qui

805 2553 1006 2620 ligneas
1062 2556 1200 2609 muri
1265 2555 1601 2609 altitudinem
1677 2561 2034 2621 excedentes,
2092 2570 2357 2629 atateque

803 2642 1094 2698 luxurianti
1119 2647 1408 2712 juvenibus
1437 2648 1662 2701 armatis
1682 2663 1894 2702 sursum
1923 2651 2220 2706 instructas
2244 2664 2358 2706 tur-

804 2749 890 2789 res
920 2738 1314 2804 praeparabant,
1365 2739 1500 2793 alios
1551 2756 1763 2805 rursus,
1817 2741 1934 2809 qui,
1969 2752 2027 2795 ut
2073 2753 2357 2808 vocantur,

801 2826 978 2894 iacula
1015 2832 1238 2884 missilia
1273 2831 1405 2900 (39),
1435 2834 1571 2886 alios
1616 2835 1706 2897 qui
1729 2836 1906 2890 scalas
1937 2834 2074 2889 rotis
2101 2837 2360 2904 subjectis

809 2920 1034 2974 mobiles
1063 2922 1425 2987 adducebant,
1456 2924 1596 2978 alios
1620 2927 1712 2993 qui
1757 2927 2038 2980 machinas
2070 2928 2363 2982 candentes

807 3014 1187 3077 moliebantur,
1231 3017 1364 3070 adeo
1393 3025 1448 3068 ut
1481 3032 1546 3069 ex
1581 3018 1647 3070 iis
1674 3034 1794 3085 quae
1829 3020 2212 3085 cernebantur,
2261 3023 2365 3073 im-

807 3105 1018 3157 modico
1082 3121 1313 3160 maerore
1381 3108 1572 3160 civitas
1637 3108 1851 3161 detenta
1934 3109 2172 3173 diceret,
2239 3114 2433 3207 quiac

807 3193 1046 3250 Tametsi
1091 3197 1362 3263 prioribus
1408 3198 1784 3253 obsidionibus
1824 3199 2097 3254 civitatem
2124 3201 2368 3255 liherarit

809 3285 1088 3348 Dominus,
1144 3302 1206 3339 ex
1258 3287 1356 3340 hac
1404 3297 1582 3340 tamen
1631 3290 1930 3355 (nunquam
1976 3290 2121 3342 enim
2168 3300 2369 3342 tantam

809 3375 1172 3431 Barbarorum
1235 3378 1658 3439 multitudinem,
1718 3379 1921 3431 civitati
1975 3379 2371 3443 imminentem,

808 3467 1064 3534 quisquis
1110 3468 1339 3535 viderat)
1387 3467 1685 3520 servandos
1737 3481 1835 3520 nos
1877 3480 2000 3520 esse
2046 3468 2369 3532 incolumes,

813 3556 957 3610 haud
997 3566 1268 3624 putamus.
1299 3556 1475 3624 Atque
1500 3557 1612 3610 haec
1658 3564 1710 3608 et
1754 3554 1984 3622 plurima
2028 3554 2066 3608 ii
2113 3557 2370 3620 maxime,

807 3648 900 3711 qui
929 3645 1128 3698 bellum
1159 3645 1302 3698 haud
1331 3655 1483 3698 erant
1506 3646 1737 3712 experti.

887 3758 1006 3810 ns.
1074 3757 1367 3811 Pradictns
1421 3769 1600 3810 autem
1639 3755 1799 3811 Pater
1843 3773 1906 3811 ac
1954 3758 2276 3826 episcopus,
2308 3772 2375 3811 ne

812 3849 1070 3917 languido
1131 3846 1260 3915 quid
1325 3848 1504 3900 animo
1553 3845 1777 3909 ferrent,
1825 3849 1916 3901 sed
1993 3856 2046 3901 ut
2119 3846 2375 3900 certami-

812 3954 945 3993 num
979 3937 1276 3997 Victorem,
1317 3951 1424 4002 quu
1473 3945 1520 3987 et
1571 3951 1716 3988 nune
1752 3950 1848 4003 pro
1892 3936 1999 3988 illis
2049 3927 2369 3999 decertaret,

816 4028 1260 4096 deprecarentur,
1315 4024 1586 4076 monebat.
1623 4023 1774 4077 Tunc
1810 4033 1989 4078 autem
2027 4024 2374 4079 beatissimus

818 4118 906 4171 ille
937 4117 1095 4170 Pater
1118 4117 1287 4168 virum
1312 4113 1598 4182 quemdam
1625 4113 1891 4181 fulgidum
1922 4114 1974 4167 in
2010 4127 2200 4167 somno
2221 4113 2373 4174 vidit,

819 4211 1084 4262 dicentem
1143 4206 1352 4274 sibique
1415 4205 1854 4274 quodammodo,
1919 4215 1977 4258 ut
2040 4204 2166 4257 Icto
2233 4215 2378 4259 esset

819 4301 1021 4360 animo,
1055 4298 1400 4364 imperantem
1436 4311 1448 4347 :
1480 4293 1555 4348 Ne
1593 4295 1804 4349 tristitia
1832 4293 2126 4363 dejiciaris,
2166 4303 2218 4348 te
2249 4310 2372 4347 mo-

823 4406 946 4454 ueo,
977 4389 1208 4450 dicebat,
1239 4387 1362 4455 quia
1384 4387 1694 4453 siuniversa
1713 4387 2101 4460 simulcivitas,
2130 4384 2375 4449 Domine,

825 4481 1107 4540 miserere,
1149 4476 1486 4540 exclamarit,
1537 4475 1639 4529 hac
1671 4474 1832 4529 etiam
1873 4475 2150 4530 obsidione
2181 4475 2376 4530 libera-
2407 4501 2452 4556 υ

825 4573 995 4626 bitur.
1036 4569 1172 4623 Cum
1198 4569 1326 4622 hinc
1359 4580 1522 4633 porro
1555 4566 1812 4634 deinceps
1851 4567 2085 4618 maxima
2111 4580 2240 4619 cura
2269 4565 2377 4618 rei-

825 4679 935 4734 que
975 4664 1104 4717 visa:
1137 4660 1410 4715 anxietate
1441 4657 1764 4725 afﬁceretur,
1793 4658 2093 4726 modosque
2132 4658 2379 4711 diversos

827 4758 1013 4811 animo
1048 4753 1371 4812 revolveret,
1405 4763 1468 4803 ac
1518 4750 1788 4819 quomodo
1820 4748 2045 4818 (popqu
2085 4750 2232 4801 omni
2284 4764 2378 4817 per

829 4847 1067 4903 civitatis
1095 4847 1295 4900 muenia
1330 4844 1576 4912 disperso
1617 4841 1979 4909 Barbarisque
2027 4841 2163 4896 alias
2218 4842 2379 4894 alior-

828 4955 950 4994 sum
978 4936 1458 5000 tumultuantibus)
1485 4933 1598 4988 fieri
1628 4933 1676 4985 id
1706 4941 1914 5002 posset,
1939 4931 2166 4992 diceret,
2203 4931 2378 4985 solum

833 5041 964 5086 tunc
1010 5029 1267 5100 lacrymis
1311 5027 1538 5098 rigabat,
1573 5023 1741 5078 Deum
1793 5023 2022 5077 multum
2075 5021 2382 5075 misericor-

834 5123 954 5177 dem
979 5137 1140 5177 orans
1162 5137 1227 5176 ac
1252 5119 1440 5176 dicens
1468 5137 1480 5172 :

905 5331 1020 5397 (38)
1049 5329 1186 5383 Cum
1222 5326 1323 5397 sub
1349 5325 1521 5397 tribus
1549 5319 2246 5397 imperatoribu_s_proxi_me
2276 5333 2382 5370 me-

837 5388 1065 5454 moratis
1100 5396 1316 5467 Bulgari
1348 5395 1492 5447 haud
1526 5388 1669 5467 raro,
1701 5388 2376 5467 utiapud'l‘heopha'ne‘iu,

838 5452 1142 5524 Cedrenium
1175 5452 1232 5519 (ιῖ
1266 5462 1531 5516 Zonaram
1558 5452 1747 5532 videre
1760 5452 1918 5532 licet,
1950 5456 2002 5509 in
2031 5456 2240 5532 imperii
2274 5452 2381 5532 Bo-

841 5537 986 5590 mani
1040 5546 1216 5589 terras
1271 5532 1646 5591 excurrerint,
1703 5528 1916 5593 aliquos
1971 5525 2260 5593 saltem_ex
2319 5525 2384 5576 iis

841 5606 1075 5659 Avarum
1120 5605 1398 5670 Chagauo.
1427 5591 1824 5672 expeditionem
1854 5596 2115 5672 adversus
2149 5591 2381 5672 Thessa-

849 5674 1081 5727 lonicam
1138 5660 1266 5724 tunc
1312 5660 1647 5738 suscipienti,
1682 5667 1784 5722 sibi
1824 5665 2133 5734 adjuugerc,
2170 5660 2382 5716 dilIicilc

852 5757 982 5800 sane
1021 5739 1162 5799 haud
1195 5741 1402 5800 castitcx
1416 5740 1475 5797 it.

2449 1925 2649 1961 καστον
2682 1907 2784 1960 τῶν
2823 1906 3114 1976 βαρϐάρων
3139 1908 3338 1976 πλῆθος
3369 1909 3516 1960 ἆπαν
3554 1911 4026 1977 σεσιδηρωμένον,

2449 2000 2543 2051 καὶ
2573 1998 2668 2066 τὴν
2712 1997 2839 2064 τῶν,
2869 1999 3212 2064 πετροϐόλων
3275 1998 3609 2052 ὲκπάντοθεν
3657 2000 4026 2067 οὐρανομήκη

2453 2091 2818 2155 παράστασιν,
2863 2083 2936 2145 ὡς
2977 2085 3328 2152 ὑπερϐαίνειν
3355 2085 3433 2152 τῷ
3475 2085 3600 2150 ὕψει
3640 2086 3743 2145 τὰς
3774 2086 3888 2135 τῶν
3925 2087 4028 2136 ἔσω

2449 2176 2646 2244 τειχῶν
2675 2174 2949 2237 ἐπάλξεις,
2981 2175 3172 2235 ἄλλους
3205 2174 3261 2227 δὲ
3292 2175 3390 2238 τᾶις
3421 2175 3775 2242 καλουμένας
3809 2178 3871 2226 ὲκ
3907 2176 4028 2224 7:10-

2452 2269 2561 2321 κῶν
2595 2270 2688 2319 καὶ
2719 2266 2936 2332 βυρσῶν
2963 2267 3226 2335 χελώνας,
3267 2267 3456 2328 ἄλλους
3489 2267 3626 2336 πρδς
3665 2269 3795 2328 ταῖς
3835 2268 4027 2327 πύλαις

2452 2359 2636 2426 κριοὺς
2662 2360 2724 2409 ἐκ
2757 2355 2929 2419 ξύλων
2963 2355 3258 2423 μεγίστων,
3284 2357 3375 2408 καὶ
3400 2355 3607 2424 τροχῶν
3675 2355 4032 2422 εὐπερικυλίο

2456 2466 2616 2512 στων,
2642 2448 2858 2514 ἑτέρους
2895 2447 2950 2498 δὲ
2997 2445 3239 2514 πύργους
3278 2445 3678 2514 ὑπερμεγέθεις
3725 2444 4028 2508 ξυλοκατα-

2457 2539 2823 2600 σκευαστους,
2878 2536 3311 2606 ὑπερϐαίνοντας
3363 2535 3424 2588 τὸ
3479 2534 3611 2602 ὕψος
3660 2533 3759 2585 τοῦ
3814 2536 4030 2599 τείχους

2456 2627 2998 2688 κατασκευάσαντας,
3026 2625 3246 2692 ἔχοντας
3290 2622 3578 2675 κατεπάνω
3609 2622 3838 2681 νεανίας
3871 2637 4029 2686 σφρι-

2457 2719 2671 2785 γῶντας
2703 2716 3213 2783 καθωπλισμένους,
3247 2715 3473 2780 ἑτέρους
3506 2713 3562 2765 δὲ
3598 2717 3729 2773 τοὺς
3765 2713 4032 2778 καλουμέ-

2459 2825 2580 2870 νους
2608 2811 2855 2879 δρπηκας
2883 2809 3289 2876 ἐμπεπηγότας,
3313 2807 3508 2868 ἄλλους
3538 2804 3883 2872 ὑπο-τρόχους
3916 2806 4032 2853 κλί-

2466 2918 2645 2969 μακας
2665 2900 3114 2969 ἐπιφερομένους,
3133 2900 3350 2966 ἑτέρους
3367 2898 3663 2964 διαπύρους
3684 2897 4032 2962 μαγγανείας

2463 2992 2834 3053 ἐπινοοῦντας,
2859 2993 2932 3052 ὡς
2956 2993 3018 3043 ὲκ
3049 2991 3158 3043 τῶν
3187 2990 3478 3059 ὁρωμένων
3506 2992 3564 3040 ὲν
3595 2989 3828 3056 ἀμέτρῳ
3857 2987 4033 3051 θλίψει

2465 3085 2564 3154 τὴν
2610 3085 2764 3136 πόλιν
2815 3084 3168 3149 συσχεθεῖσαν
3219 3081 3418 3145 λέγειν,
3461 3082 3541 3132 ὅτι
3577 3082 3636 3131 El
3688 3084 3784 3131 καὶ
3819 3083 3882 3132 ὲκ
3927 3080 4034 3130 τῶν

2467 3177 2746 3244 προτέρων
2781 3174 3101 3243 πολιορκιῶν
3133 3176 3231 3241 τὴν
3265 3175 3417 3226 πόλιν
3451 3176 3799 3243 ὲλυτρὼσατο
3831 3174 3859 3224 6
3879 3174 4032 3235 Θεὸς,

2471 3264 2582 3316 ἀλλ’
2613 3268 2674 3316 ἐκ
2704 3265 2908 3332 ταύτης
2929 3266 3028 3316 οὐκ
3054 3263 3280 3331 οἰόμεθα
3300 3263 3572 3325 σώζεσθαι
3596 3281 3608 3292 ·
3641 3263 3905 3314 οὐδέποτε
3930 3261 4034 3326 γὰρ

2471 3356 2744 3424 τοσαύτην
2774 3355 2980 3424 πληθὺν
3015 3353 3305 3424 βαρϐάρων
3331 3372 3413 3416 τις
3441 3358 3506 3422 τῇ
3530 3354 3686 3405 πόλει
3707 3352 4038 3420 προσϐαλεῖν

2471 3447 2744 3500 τεθέαται.
2769 3448 2880 3498 Καὶ
2908 3445 3078 3499 ταῦτα
3109 3447 3204 3498 καὶ
3231 3447 3456 3500 πλεῖστα
3481 3447 3528 3498 οί
3562 3445 3801 3515 μάλιστα
3817 3443 4017 3513 aut!»

2473 3535 2721 3604 πόλεμοι.

2549 3757 2679 3828 ρογ’.
2733 3762 2793 3812 'U
2845 3760 2901 3811 δὲ
2945 3759 3279 3828 προρρηθεῖς
3323 3757 3513 3826 Πατὴρ
3579 3758 3675 3809 καὶ
3737 3760 4038 3820 ἐπίσκοπος

2475 3851 2703 3919 παρῄνει
2741 3850 2904 3918 μηδὲν
2935 3850 3173 3919 ῥᾴθυμον
3206 3849 3416 3917 φέρειν,
3449 3847 3582 3900 ἀλλά
3611 3849 3705 3901 τὸν
3735 3850 4035 3917 dele-9690':

2475 3943 2742 3995 αἰτεῖσθαι
2777 3942 2869 3993 καὶ
2906 3941 2971 3992 τὰ
3002 3940 3094 3991 νῦν
3127 3941 3459 4008 συμμαχεῖν.
3493 3939 3623 3990 Τότε
3659 3940 3714 3991 δὲ
3748 3941 3875 3992 κατ’
3907 3942 4034 4009 δναρ

2475 4034 2575 4102 ὁρᾷ
2615 4036 2638 4084 ὁ
2668 4030 3130 4100 παμμακιίριστος
3164 4030 3371 4087 ἐκεῖνος
3404 4029 3590 4095 Πατήρ
3619 4045 3742 4080 τινα
3785 4029 4036 4096 λαμπρὲν

2476 4124 2642 4192 ἄνδρα
2673 4122 2900 4186 λέγοντα
2934 4121 3026 4172 καὶ
3052 4119 3124 4181 ὡς
3153 4117 3498 4186 εὐθυμοῦντα
3532 4120 3698 4169 αὐτόν
3724 4135 3737 4148 ο
3777 4121 3871 4184 Μὴ
3909 4120 4037 4171 d621-

2481 4214 2602 4278 μεῖν
2631 4227 2689 4264 σε
2719 4208 2997 4280 παραινῶ,
3031 4210 3242 4276 φήσας,
3278 4194 3443 4272 διότι,
3476 4210 3571 4259 ἐὰν
3601 4210 3792 4262 ᾰττασα
3824 4211 3858 4277 ἡ
3891 4211 4038 4269 πόλις

2477 4301 2816 4368 ὁμοθυμαδὸν
2863 4298 3146 4368 ἀνακράξῃ
3187 4299 3247 4350 τὸ
3301 4297 3493 4365 Κύριε,
3541 4298 3785 4363 ἐλέησον,
3844 4303 3937 4350 καὶ
3979 4303 4038 4350 ἑκ

2479 4389 2681 4457 ταύτης
2714 4388 2811 4456 τῆς
2845 4387 3162 4456 πολιορκίας
3187 4384 3610 4453 διασωθήσεσθε.
3645 4385 3814 4436 Ὅθεν
3855 4386 4037 4437 λοιπὸν

2477 4477 2597 4529 τότε
2625 4477 2682 4527 ιν
2702 4476 2925 4543 πλείστῃ
2957 4474 3197 4542 φροντίδι
3223 4473 3317 4526 καὶ
3337 4473 3435 4539 ἀδη
3447 4472 3604 4540 μονίᾳ
3629 4471 3725 4524 τοῦ
3747 4473 4037 4540 όραθέντος

2478 4564 2790 4631 γενόμενος,
2839 4563 2932 4614 καὶ
2966 4561 3254 4631 διαφόρους
3301 4562 3533 4632 τρόπους
3579 4565 3637 4612 ὲν
3687 4561 3913 4628 βουλαῖς
3951 4565 4037 4615 ἁν-

2484 4655 2709 4724 ιχνεύων
2736 4656 2829 4707 καὶ
2855 4655 3058 4722 λέγων’
3095 4653 3215 4715 Πῶς
3239 4655 3527 4723 δυνήσεται
3558 4653 3718 4706 τοῦτο
3746 4655 4002 4720 γενέσθαι
4025 4673 4036 4714 ;

2480 4749 2572 4801 τοῦ
2618 4747 2727 4816 γὰρ
2767 4746 2966 4808 παντὸς
3010 4745 3139 4797 λαοῦ
3173 4745 3261 4797 διὰ
3309 4745 3404 4797 τοῦ
3444 4745 3656 4814 τείχους
3689 4745 3788 4812 τῆς
3833 4747 4038 4806 πόλεως

2484 4839 2758 4909 σποράδην
2807 4837 3161 4904 ὑπάρχοντος,
3223 4837 3316 4888 καὶ
3367 4837 3473 4888 τῶν
3521 4835 3816 4904 βαρϐάρων
3871 4837 4050 4896 ἄλλως.

2483 4931 2745 4999 ἀλλαχόσε
2793 4926 3184 4998 θορυϐούντων,
3233 4927 3489 4993 κατὲρῤει
3537 4929 3649 4988 τοῖς
3702 4926 3936 4994 δάκρυσι
3985 4929 4040 4977 τὸ

2485 5023 2699 5090 ῑδαφος,
2727 5019 2992 5073 δυσωπῶν
3012 5016 3102 5070 τὸν
3125 5017 3407 5070 πολυίλεον
3431 5015 3563 5070 Θεὸν
3591 5017 3681 5069 καὶ
3712 5017 3886 5083 λέγων
3905 5033 3917 5045 ο

2556 5317 2666 5380 (39)
2701 5316 2778 5368 ita
2814 5314 2897 5367 hic
2923 5314 3030 5365 duo
3077 5311 3337 5365 vocabula
3366 5311 3552 5364 Graeca
3584 5312 3839 5378 ὄρπηκας
3881 5311 4039 5376 tux:-

2490 5379 2729 5452 πηγότας
2769 5384 3150 5452 interpretatus
3181 5396 3324 5452 sunt,
3354 5381 3520 5452 quod.
3549 5394 3672 5452 cum
3713 5379 4035 5452 vocabulum

2486 5445 2660 5522 ὅρπηξ
2678 5445 3026 5522 przeteralias
3049 5450 3106 5522 ei_
3127 5445 3417 5522 attributas
3441 5447 3870 5522 signiﬁcationes
3900 5445 4031 5520 idem

2487 5517 2844 5594 etiant,'quod
2871 5519 3060 5594 Latine
3079 5517 3344 5585 jaculum,
3367 5517 3660 5594 signiﬁcet,
3694 5531 3809 5594 non.
3837 5517 4034 5594 perspi-

2487 5584 2921 5658 ciain,'quaenam
2949 5588 3053 5642 illis
3078 5584 3240 5656 queat
3271 5584 3448 5655 potior
3479 5585 3584 5641 hoc
3609 5585 3730 5641 loco
3767 5584 4036 5654 signiﬁca-

2490 5661 2563 5716 tio
2599 5659 2800 5727 quadra
2811 5673 2886 5712 rc.
