4206 6438
201 414 343 476 1341

1239 424 1299 481 5.
1332 422 1699 482 DEMETRII
1744 423 2133 482 MARTYRIS
2170 424 2371 481 ACTA.

3264 429 3399 492 i312

272 526 403 594 ροδ’.
438 528 541 589 Σὺ,
581 529 822 581 Δέσποτα
883 532 991 583 τῶν
1037 533 1319 595 ἁπάντων,
1346 533 1749 601 ,φιλάνθρωπος

1814 566 1822 591 ,
1926 534 2044 587 174.
2088 535 2190 597 Τιι,
2240 550 2421 588 rerum
2491 539 2728 589 omnium
2793 536 3013 590 Domine
3044 578 3057 601 ,
3100 542 3405 596 misericors

190 615 301 678 ὣν,
325 617 629 687 ηὑδόκησας
657 620 724 671 δι’
755 622 901 688 ἡμᾶς
931 622 1365 691 ἐνανθρωπῆσαι,
1392 624 1488 674 καὶ
1519 624 1749 691 σταυρὸν

191 708 299 754 καὶ
323 704 551 757 θάνατον
590 707 728 774 ὑπὲρ
768 707 860 759 τοῦ
896 709 1086 775 γένους
1127 712 1282 778 ἡμῶν
1326 713 1632 779 ὑπομεῖναι,
1685 713 1749 763 σὺ

194 800 555 865 προσήγαγες
590 798 778 849 ἑαυτὸν
812 799 951 868 ὑπὲρ
982 800 1140 867 ἡμῶν
1177 802 1365 853 θυσίαν
1397 803 1639 869 καθαράν
1674 802 1751 871 τῷ

193 886 284 953 σῷ
319 887 513 955 Πατρὶ,
547 892 609 939 σὺ
641 890 979 957 ὲξηγόρασας
1010 894 1158 959 ἡμᾶς
1204 892 1413 962 σεαυτῷ
1455 893 1532 959 τῷ
1569 894 1752 963 οίκείῳ

190 978 413 1044 αἵματι,
444 978 797 1046 ἐκλεξάμενος
816 983 965 1049 ἡμᾶς
984 981 1109 1033 λαόν
1136 998 1231 1033 σου
1257 984 1582 1050 περιούσιον,
1604 984 1752 1048 έθνος

193 1069 380 1135 ἅγιον,
417 1070 490 1138 μὴ
519 1072 832 1125 εἰσέλθωσιν
855 1073 979 1141 ἔθνη
1015 1074 1093 1135 είς
1123 1073 1220 1141 τὴν
1246 1074 1607 1143 κληρονομίαν
1636 1093 1752 1139 σου,

198 1162 282 1231 μὴ
319 1164 565 1230 μιαίνωσι
618 1165 741 1227 τοὺς
776 1166 995 1231 ἁγίους,
1024 1164 1116 1226 οὒς
1154 1166 1313 1226 αὐτὸς
1353 1166 1658 1233 ηὑδόκησας
1694 1170 1751 1219 ἐν

110 1316 116 1321 η
193 1252 386 1310 αὐτοῖς
419 1253 714 1319 ἐνοικῆσαι,
750 1257 823 1322 μὴ
861 1256 1272 1324 ἐπαιρέσθωσαν
1312 1256 1434 1308 καθ’
1466 1256 1637 1322 ἡμῶν,
1678 1257 1755 1319 ὡς

193 1342 368 1392 παλαι
404 1343 495 1394 ἐπὶ
530 1344 622 1396 τοῦ
656 1344 862 1397 Δαυῒδδ
892 1348 1331 1416 μεγαλορρήμωνι
1376 1347 1588 1411 Γολιάθ,
1622 1347 1753 1399 ἀλλά

188 1432 287 1492 δὸς
316 1435 444 1499 ἡμῖν
470 1437 579 1496 τοῖς
612 1442 883 1500 ταπεινοῖς
913 1440 1007 1491 καὶ
1035 1441 1272 1505 ἀναξίοις
1302 1441 1506 1502 δούλοις
1539 1456 1652 1502 σου,
1680 1440 1754 1500 ὡς

190 1522 279 1588 τῷ
312 1523 387 1590 σῷ
416 1526 563 1576 παιδὶ
587 1527 748 1579 Δαυῖδ
776 1528 923 1579 λίθον
952 1530 1234 1597 σωτήριον,
1271 1529 1369 1596 τὴν
1401 1530 1498 1597 σὴν
1528 1530 1755 1597 ἀόρατον

194 1618 547 1681 συμμαχίαν,
600 1618 747 1679 ὅπως
803 1618 871 1670 δι’
928 1620 1096 1688 αὑτῆς
1164 1622 1602 1688 σφενδονίσαντες
1658 1621 1753 1681 τὰς

191 1706 548 1771 κατοτέχνους
587 1708 709 1760 καθ’
744 1709 902 1777 ἡμῶν
934 1711 1040 1762 τῶν
1081 1711 1374 1781 βαρϐάρων
1403 1710 1753 1778 ἀποκρουσώ-

194 1797 342 1863 μεθα
379 1800 685 1866 φάλαγγας,
728 1803 800 1872 μὴ
840 1804 1151 1872 ἀπράκτους
1178 1804 1277 1866 τὰς
1308 1804 1448 1871 ὑπὲρ
1486 1804 1638 1872 ἡμῶν
1667 1804 1751 1854 διὰ

1855 635 1974 673 cum
2034 624 2130 685 sis,
2190 633 2407 691 propter
2466 637 2565 676 nos
2623 635 2867 679 naturam
2921 627 3208 680 humanam
3244 644 3401 683 assu-

1855 728 2033 773 mere,
2064 730 2387 781 cruccmque
2431 730 2492 766 ac
2543 728 2769 768 mortem
2819 732 2915 785 pro
2972 734 3164 786 genere
3220 730 3403 773 nostro

1814 803 2075 857 'suﬂerre
2134 805 2365 866 voluisui,
2404 815 2457 857 tu
2510 806 2737 874 teipsum
2792 822 2889 874 pro
2943 810 3094 862 nobis
3155 808 3397 864 obtulisti

1852 892 1997 945 Patri
2029 902 2117 945 tuo
2149 894 2470 945 sacrificium
2511 895 2794 957 mundum,
2829 905 2884 947 tu
2915 911 3012 949 nos
3053 899 3143 950 tibi
3181 903 3397 967 proprio

1854 982 2112 1050 sanguine
2142 984 2341 1043 emisti,
2374 986 2575 1051 eligens
2614 1000 2709 1039 nos
2749 990 3003 1054 pupulum
3051 997 3201 1041 tuum
3232 1005 3394 1056 pecu-

1855 1070 2063 1135 liarem,
2109 1082 2321 1140 gentem
2375 1085 2612 1126 sanctam
2660 1093 2674 1127 :
2716 1091 2821 1129 non
2878 1079 3080 1131 intrent
3131 1089 3314 1146 gentes
3345 1080 3397 1133 in

1856 1163 2218 1217 [nereditatem
2272 1173 2439 1225 luant,
2486 1182 2553 1219 ne
2611 1170 3005 1222 commaculcnt
3036 1181 3218 1223 sancta
3272 1182 3401 1224 tem-

1856 1255 1937 1321 pla
1993 1262 2105 1318 tua,
2142 1270 2261 1322 qua:
2314 1256 2428 1323 ipse
2474 1256 2615 1309 inter
2649 1272 2765 1309 eam
2817 1259 3116 1313 inhabitare
3164 1263 3403 1326 voluisti,

1856 1359 1923 1396 ne
1970 1346 2227 1399 adversus
2262 1363 2385 1410 nos,
2432 1348 2505 1399 uti
2555 1350 2827 1415 quondam
2878 1365 3137 1419 arrogans
3188 1350 3399 1405 Guliatlt

1854 1437 2111 1490 adversus
2160 1438 2346 1499 David,
2383 1437 2728 1500 exaltentur;
2765 1441 2855 1493 sed
2902 1440 3057 1493 nobis
3105 1440 3401 1496 humilibus

1854 1541 2016 1594 atque
2048 1528 2281 1596 indignis
2312 1529 2480 1582 servis
2504 1529 2630 1590 tuis,
2669 1540 2727 1581 ut
2753 1528 2957 1583 famulo
2982 1541 3075 1584 tuo
3112 1533 3295 1595 David,
3332 1534 3397 1585 da

1854 1620 2084 1685 lapidem
2114 1620 2429 1678 salutarem.
2453 1631 2595 1673 tuam
2624 1620 2943 1674 invisibilem
2974 1622 3027 1673 in
3055 1623 3192 1676 bello
3216 1638 3395 1690 Opem,

1854 1719 1911 1763 ut
1937 1726 2028 1777 per
2046 1725 2162 1763 eam
2196 1710 2355 1764 funda
2392 1720 2604 1764 utentes
2632 1712 2755 1763 dolo
2780 1713 3042 1767 adversus
3077 1728 3175 1768 nos
3198 1714 3401 1767 instruo

1853 1811 1968 1854 etas
1994 1801 2353 1854 Darharorum
2392 1803 2687 1871 phalanges
2719 1804 3063 1872 repellamus,
3098 1819 3161 1856 ne
3193 1804 3340 1857 fusas
3368 1819 3395 1856 a

188 1886 292 1938 τοῦ
332 1862 629 1959 ἀθλοφόρου
662 1862 756 1945 σοῦ
788 1862 1204 1961 προσαγομένας
1246 1862 1455 1962 δεήσεις
1498 1862 1746 1962 ¹ποιήσῃς,

1814 1865 1822 1914 ⁵
1855 1896 1949 1941 ιυο
1983 1888 2336 1941 certaminum
2375 1888 2587 1942 Victore
2624 1905 2719 1957 pro
2768 1890 2924 1944 nobis
2976 1905 3161 1958 preces
3218 1890 3399 1944 irritas

191 1977 273 2042 μὴ
304 1978 494 2049 ἰσχύσῃ
528 1982 648 2046 καθ’
680 1983 834 2049 ἡμῶν
858 1983 919 2033 τὸ
944 1983 1342 2051 εἰδωλόπηκτον
1372 1985 1466 2036 καὶ
1493 1984 1747 2050 ἀθεμιτὸ-

185 2081 369 2129 γαμον
409 2070 500 2120 καὶ
536 2072 850 2137 παράνομον
897 2072 1065 2133 ἔθνος,
1121 2074 1215 2140 μὴ,
1265 2074 1507 2125 Δέσποτα
1534 2088 1548 2104 ’
1579 2074 1747 2137 δεῖξον

186 2158 340 2222 ἡμᾶς
374 2159 467 2209 καὶ
498 2160 588 2210 νῦν
617 2161 730 2211 νέον
760 2179 851 2213 σου
882 2162 1006 2214 λαὸν
1050 2164 1282 2233 Ἰσραὴλ,
1318 2164 1391 2224 ὡς
1422 2167 1483 2216 ἐκ
1519 2164 1625 2215 τῶν
1660 2166 1748 2215 Αἰ-

189 2248 437 2311 γυπτίων
461 2250 810 2302 διασωθέντα.

267 2337 391 2403 pos'.
422 2341 525 2391 Kal.
580 2341 751 2393 ταῦτα
796 2342 888 2393 καὶ
922 2341 1144 2395 πλεῖστα
1180 2345 1466 2413 εὐχόμενος
1502 2347 1626 2404 τοὺς
1654 2363 1747 2397 πο-

185 2426 341 2490 λίτας
362 2430 770 2499 παρεθάρρυνεν
790 2432 967 2496 ἀξίους
988 2436 1255 2503 παριστᾷν
1279 2435 1503 2497 ἑαυτοὺς
1526 2436 1603 2501 τῷ
1626 2434 1745 2502 Θεῷ

185 2518 291 2568 καὶ
322 2518 457 2587 ὑπὲρ
494 2521 750 2587 πατρίδος
785 2522 876 2572 καὶ
910 2522 1052 2572 ναῶν
1082 2525 1360 2587 παναγίων
1387 2527 1477 2577 καὶ
1508 2527 1743 2588 πίστεως

183 2608 583 2671 διανίστασθαι,
622 2614 715 2663 καὶ
744 2612 851 2663 τῶν
877 2612 1161 2681 βαρϐάρων
1185 2616 1422 2668 ἐναντίον
1446 2618 1743 2687 ἀντιπαρα-

181 2699 505 2753 τάσσεσθαι.
538 2702 647 2765 Τῆς
686 2697 776 2752 οὖν
807 2702 1123 2768 πολιορκίας
1164 2706 1471 2772 γινομένης.
1520 2707 1743 2759 καὶτῶν

187 2787 531 2853 πετροϐόλων
588 2789 853 2841 πάντοθεν
904 2791 1293 2854 ἀκοντιζόντων
1350 2794 1469 2861 οὐχὶ
1518 2796 1740 2861 πέτρας.

185 2878 307 2930 ἀλλ’
339 2880 437 2948 ὅρη
487 2884 580 2933 καὶ
618 2882 855 2949 βουνοὺς,
887 2879 964 2941 εἷς
1000 2887 1055 2935 ἐν
1088 2889 1151 2953 τῇ
1192 2887 1337 2938 ἔνδον
1370 2887 1477 2939 τῶν
1512 2889 1742 2941 πολιτῶν

189 2973 470 3039 πετραρέᾳ
510 2974 764 3040 ὑπάρχων
809 2974 992 3026 θεόθεν
1037 2977 1394 3043 ἐμπνευσθεὶς
1437 2980 1615 3046 μικρῷ
1640 2981 1740 3031 κά-

186 3063 349 3129 χληκι
392 3064 697 3130 ἐπιγράψας
750 3065 808 3116 τὸ
854 3064 1023 3132 ὄνομα
1073 3065 1165 3117 τοῦ
1214 3067 1367 3133 ἀγίου
1426 3071 1737 3137 Δημητρίου

1856 1977 2037 2039 facias,
2075 1994 2140 2030 ne
2172 1979 2430 2032 adversus
2460 1994 2579 2043 nos,
2614 1994 2699 2043 ne,
2729 1979 2967 2044 Domine,
2998 1982 3152 2034 idolis
3187 1982 3398 2035 addicta

1854 2082 1913 2119 ac
1960 2070 2159 2121 incesta
2202 2069 2473 2136 itnpiaque
2523 2070 2667 2121 natio
2719 2071 3024 2136 praevaleat,
3057 2072 3248 2125 exhibe
3302 2086 3400 2127 nos

1852 2158 2009 2209 etiam
2049 2173 2189 2211 nunc
2215 2174 2409 2210 uuvunt
2438 2170 2587 2210 tuum
2619 2162 2683 2211 ab
2707 2158 2971 2228 [Egyptiis
3000 2162 3396 2229 quodammodo

1853 2258 2145 2310 servatum,
2184 2249 2437 2314 populum
2480 2247 2669 2302 Israel.
3208 2250 3211 2255 ’

1922 2337 2043 2389 175.
2101 2339 2273 2403 Atque
2321 2338 2433 2389 ltatc
2478 2347 2528 2390 ct
2572 2338 2797 2404 plurima
2856 2353 3020 2394 orans
3070 2341 3276 2396 civibus
3340 2342 3401 2396 ﬂ-

1849 2427 2060 2477 duciam
2107 2427 2354 2489 addebat,
2386 2442 2493 2493 quo
2532 2430 2737 2493 seipsos
2782 2430 2973 2495 dignos
3014 2432 3121 2485 Deo
3172 2435 3399 2487 exhibe-

1852 2527 1989 2575 rent,
2021 2525 2077 2568 ut
2105 2524 2156 2567 et
2189 2530 2285 2583 pro
2319 2518 2489 2582 patria
2512 2529 2563 2569 et
2590 2520 2801 2585 templis
2828 2525 3180 2576 sanctissimis
3206 2534 3258 2577 et
3291 2525 3394 2579 fide

1852 2605 2209 2670 insurgerent,
2246 2607 2465 2673 acieque
2513 2617 2699 2660 contra
2733 2608 2995 2663 Barbaros
3034 2612 3393 2671 decertarent.

1846 2692 2139 2748 Obsidione
2158 2695 2320 2763 igitur
2342 2698 2570 2764 incepta,
2590 2700 2993 2768 petroholtsque
3013 2703 3391 2771 undequaquc,

1851 2800 1952 2836 non
1990 2784 2213 2850 lapides,
2261 2786 2355 2838 sed
2408 2798 2617 2841 montes
2659 2799 2710 2841 et
2749 2791 2932 2853 colles,
2976 2791 3393 2860 ejaculantihus,

1850 2889 1987 2926 Unus
2022 2875 2073 2925 in
2109 2876 2324 2927 civitate
2347 2891 2375 2927 e
2401 2877 2613 2929 civibus
2640 2878 2876 2945 lapidum
2909 2881 3105 2946 jactor,
3134 2884 3394 2939 divinitus

1848 2966 2164 3031 inSpiratus,
2215 2981 2335 3017 cum
2378 2981 2544 3033 parvo
2584 2968 2767 3033 lapillo
2806 2971 2980 3023 sancti
3018 2970 3273 3026 Demetrii
3302 2990 3399 3027 no-

1847 3068 1965 3104 men
1997 3055 2380 3121 inscripsisset,
2410 3071 2533 3107 eum
2562 3058 2741 3110 emisit
2772 3060 3012 3114 clamans
3060 3080 3072 3117 :
3111 3062 3163 3115 In
3209 3063 3298 3117 Dei
3341 3077 3396 3120 ct

185 3152 436 3217 ἠκόντισε
481 3154 706 3220 κράξας,
750 3157 836 3208 Ἐν
863 3155 937 3223 τῷ
980 3156 1201 3225 ὀνόματι
1242 3158 1331 3209 τοῦ
1363 3158 1494 3211 Θεοῦ
1531 3162 1621 3211 καὶ
1651 3162 1740 3213 τοῦ

1848 3143 2017 3195 sancti
2062 3145 2313 3197 Demetrii
2356 3147 2593 3206 nomine.
2638 3166 2870 3216 cumque
2913 3155 3068 3220 lapis,
3118 3158 3396 3209 similiter-

186 3242 347 3308 ἁγίου
374 3246 708 3313 Δημητρίου·
742 3249 831 3298 καὶ
862 3248 1218 3309 ἀπολυθέντος
1244 3249 1337 3298 τοῦ
1360 3250 1527 3310 λίθου,
1548 3252 1744 3316 ὁμοίως

1845 3252 1949 3303 que
1997 3238 2328 3289 extrinsecus
2381 3252 2408 3289 a
2462 3238 2717 3293 Uarhnris
2773 3246 2925 3303 alter,
2979 3245 3070 3311 qui
3127 3247 3287 3312 lriplo
3338 3256 3393 3300 et

185 3333 283 3383 καὶ
334 3332 532 3395 ἔξωθεν
563 3337 624 3384 ἐκ
671 3335 775 3385 τῶν
807 3336 1097 3403 βαρϐάρων
1142 3336 1279 3404 ὑπὲρ
1318 3339 1477 3390 αὑτὸν
1518 3339 1741 3405 τριπλοῦ

185 3422 281 3473 καὶ
299 3424 551 3475 ἐπέκεινα
580 3425 934 3486 καθεστῶτος,
960 3427 1263 3494 ὑπαντῆσαι
1284 3427 1471 3479 τοῦτον
1494 3430 1585 3480 καὶ
1616 3431 1744 3482 ἀνθ-

183 3515 519 3581 ὑποστρέψαι
554 3516 632 3575 είς
667 3514 764 3583 τὴν
798 3515 978 3585 χώραν
1016 3518 1112 3585 τῆς
1164 3517 1502 3588 βαρϐαρικῆς
1550 3537 1742 3587 πετρο-

182 3602 375 3664 ϐόλου,
436 3604 775 3671 ἀμφοτέρους
828 3606 1187 3667 κατελθόντας
1239 3610 1329 3659 καὶ
1388 3610 1513 3670 τοὺς
1564 3612 1739 3662 ἐκεῖσε

179 3696 501 3746 ἀποκτεῖναι
553 3695 689 3761 μετά
724 3696 815 3746 τοῦ
861 3699 917 3748 ἐν
953 3698 1087 3764 αὐτῇ
1134 3698 1284 3758 ὄντος
1335 3700 1734 3766 μαγγαναρίου,

182 3784 283 3835 καὶ
335 3786 469 3851 μετά
505 3783 745 3836 τοιοῦτον
790 3784 995 3851 θαῦμα,
1045 3787 1214 3854 μέσης
1255 3788 1353 3857 ἠδη
1391 3792 1487 3856 τῆς
1529 3790 1736 3857 ἡμέρας

181 3872 503 3939 γενομένης,
527 3873 677 3939 ἄφνω
701 3873 917 3941 σεισμὸς
944 3874 1113 3941 μέγας
1140 3876 1375 3939 ἐγένετο,
1398 3876 1535 3929 ὥστε
1560 3878 1735 3929 πάντα

178 3962 274 4013 τὸν
302 3963 427 4015 λαὸν
455 3966 552 4029 τῆς
588 3963 792 4019 πόλεως
823 3963 1128 4028 ἀνακράξαι
1161 3964 1221 4015 τὸ
1254 3964 1421 4032 Κύριε
1441 4004 1455 4026 ,
1487 3966 1730 4033 ἐλέησον.

258 4058 394 4119 ροςα
428 4050 535 4103 Τοῦ
586 4051 642 4102 δὲ
699 4052 1027 4119 βαρϐαρικοῦ
1074 4053 1309 4120 πλήθους
1340 4055 1638 4121 ἑωρακότος
1672 4057 1730 4106 τὸ

178 4145 357 4208 τεῖχος
393 4143 818 4203 καταπεπτωκὸς
844 4143 1007 4201 ἅπαν.
1065 4142 1472 4211 συνεφορμῆσαι
1503 4144 1636 4214 πρὸς
1670 4145 1729 4195 τὸ

181 4230 281 4300 τὴν
309 4232 463 4282 πόλιν
510 4232 674 4293 ἑλεῖν,
734 4232 826 4282 καὶ
858 4233 1269 4300 πλησιασάντων
1306 4233 1484 4284 αὑτῶν
1510 4236 1639 4303 ὁρᾷν
1671 4236 1728 4287 τὸ

179 4324 355 4386 τεῖχος
385 4320 638 4386 καθάπερ
659 4320 717 4370 τὸ
751 4320 965 4387 πρῶτον
993 4318 1181 4380 ἑστὼς,
1217 4319 1366 4371 ἐνθεν
1398 4336 1457 4371 τε
1490 4323 1731 4387 ἐπεγνω-

181 4412 333 4461 κέναι
360 4410 448 4461 τὸν
477 4409 573 4478 τὴν
599 4408 850 4477 τοιαύτην
874 4410 1155 4477 ἑωρακότα
1176 4411 1508 4475 ἐπαγγελίαν
1540 4412 1729 4479 ἀρχιε.

1844 3326 2073 3391 amplius
2105 3326 2275 3391 major
2297 3334 2431 3387 erat,
2467 3325 2659 3379 fuisset
2692 3329 2945 3391 emissus,
2979 3332 3179 3385 accidit
3220 3346 3274 3386 ut
3306 3336 3389 3389 hic

1844 3415 1916 3467 illi
1968 3428 2295 3476 occurreret,
2354 3429 2515 3483 atque
2562 3418 2626 3469 ad
2673 3418 2844 3470 locum
2894 3436 3002 3488 quo
3038 3423 3388 3478 barbarorum

1841 3514 1957 3559 erat
1990 3506 2301 3574 petrobolus
2357 3517 2738 3571 reverteretur,
2780 3519 2942 3577 utque
2972 3512 3131 3566 ambo
3166 3514 3391 3568 descen-

1840 3595 2026 3648 dentes
2070 3610 2164 3648 eos
2191 3597 2351 3647 etiam
2386 3596 2476 3662 qui
2530 3597 2722 3647 ibidem
2758 3609 2927 3660 erant,
2958 3615 3059 3653 una
3095 3618 3215 3655 cum
3258 3605 3390 3655 arti-

1840 3687 1955 3746 fice,
1991 3687 2080 3752 qui
2120 3687 2173 3737 in
2207 3702 2269 3737 eo
2301 3695 2433 3745 erat.
2462 3686 2796 3739 occiderenl.
2830 3687 2906 3740 Ac
2938 3699 3056 3756 post
3094 3692 3196 3743 tale
3229 3694 3387 3744 mira-

1837 3776 2038 3838 culum,
2101 3789 2223 3827 cum
2257 3775 2427 3827 media
2483 3777 2591 3843 jam
2628 3776 2756 3841 dies,
2783 3785 2949 3842 esset,
3004 3779 3183 3831 subito
3229 3786 3385 3833 terrae

1838 3876 2013 3919 motus
2048 3866 2221 3918 factus
2247 3875 2325 3916 est
2352 3879 2601 3933 magnus,
2636 3868 2707 3917 ita
2737 3875 2795 3918 ut
2834 3869 3013 3921 omnis
3051 3869 3215 3922 simul
3249 3870 3382 3923 civi-

1835 3958 1959 4009 latis
1991 3956 2217 4022 populus
2248 3954 2530 4017 clamaret,
2558 3954 2804 4018 Domine,
2830 3958 3106 4012 miserere.

1906 4044 2025 4094 l'lG.
2070 4042 2200 4093 Cum
2270 4050 2446 4091 auten:
2510 4043 2788 4095 barbarica
2830 4044 3116 4097 multitudo
3173 4060 3385 4101 murum

1831 4112 2043 4185 omnem
2076 4133 2267 4186 collabi
2291 4135 2527 4193 vidisset,
2561 4141 2618 4185 ut
2645 4132 2916 4185 civitatem
2957 4143 3191 4200 caperet,
3218 4135 3381 4188 simul

1833 4221 2081 4272 niiiversa
2119 4222 2305 4282 movit,
2350 4236 2582 4291 cumque
2616 4223 3133 4289 appropinquasset,
3165 4237 3377 4276 murum

1832 4322 1888 4364 ut
1915 4322 2043 4365 ante
2074 4321 2302 4365 stantem
2342 4311 2492 4372 vidit,
2526 4310 2783 4377 hincque,
2823 4314 2914 4376 qui
2962 4311 3376 4377 promissionem

1831 4401 2139 4469 ltujusntodi
2169 4403 2222 4455 in
2251 4402 2457 4453 visione
2490 4410 2791 4467 acceperat,
2814 4400 3276 4467 archiepiscopus,
3308 4404 3377 4455 ci-

184 4500 300 4567 ρέα,
333 4501 413 4550 ὅτι
474 4500 811 4549 ἐπέσκεπται
871 4500 969 4565 τὴν
997 4499 1150 4550 πόλιν
1202 4499 1231 4550 ό
1266 4498 1464 4567 Κύριος
1515 4500 1603 4552 διὰ
1636 4500 1728 4554 τοῦ

1835 4496 2046 4549 vitalem
2085 4508 2182 4563 per
2226 4509 2381 4548 suum
2431 4493 2781 4548 certaminum
2820 4491 3085 4547 Victorem
3137 4494 3381 4547 visitasse

178 4587 474 4655 ἀθλοφόρου
502 4588 689 4639 αὑτοῦ.
718 4586 990 4655 Εὕρηνται
1014 4587 1147 4655 γάρ,
1178 4588 1254 4649 ὡς
1283 4590 1377 4639 καὶ
1396 4588 1620 4641 πλεῖστα
1646 4606 1735 4643 τε-

180 4676 420 4738 θέανται,
459 4679 521 4728 ἐκ
558 4676 666 4727 τῶν
695 4678 841 4744 παρά
880 4678 985 4727 τῶν
1023 4676 1311 4744 βαρδάρων
1340 4678 1622 4745 ῥιφέντων,
1657 4678 1731 4742 ὡς

179 4767 436 4833 νιφάδων,
475 4765 662 4833 βελῶν,
690 4766 811 4817 τινὰ
838 4763 895 4828 ἐξ
924 4766 1101 4816 αὐτῶν
1138 4766 1199 4817 τὸ
1225 4766 1600 4835 ἐπτερωμένον
1628 4769 1727 4835 μέ-

180 4874 273 4924 ρος
302 4856 379 4923 τῷ
407 4856 577 4923 τείχει
606 4855 952 4923 κολληθέντα,
975 4856 1064 4907 τὸν
1091 4856 1146 4907 δέ
1198 4856 1414 4926 σίδηρον
1440 4858 1574 4927 πρὸς
1601 4860 1727 4922 τοὺς

179 4946 527 5006 ὑπεναντίους
564 4947 803 5013 τρέπειν.
841 4947 1066 4999 Ἐκτοτε
1099 4946 1192 5000 οὖν
1211 4948 1307 5000 τοῦ
1335 4949 1599 5016 προέδρου
1626 4952 1725 5016 τὴν

175 5033 549 5100 γεγενημένην
577 5036 642 5102 τῇ
671 5034 820 5086 πόλει
848 5035 996 5103 παρά
1025 5034 1159 5085 Θεοῦ
1183 5036 1486 5103 ἐπισκοπὴν
1522 5034 1607 5086 διά
1628 5037 1724 5103 τῆς

175 5122 268 5175 τοῦ
297 5122 521 5188 σεισμοῦ
548 5126 789 5192 ταραχῆς
825 5127 1239 5193 σαφηνίσαντος.
1298 5125 1393 5177 καὶ
1429 5125 1536 5177 τῶν
1588 5124 1720 5196 βαρ-

174 5213 358 5280 ϐάρων
384 5211 579 5275 ἔξωθεν
606 5213 1079 5280 καταπλαγέντων,
1114 5214 1381 5267 ἐπιπλείω
1417 5217 1465 5267 oi
1503 5218 1601 5284 τῆς
1624 5216 1720 5267 πό·

1835 4584 2144 4645 Dominutn,
2200 4582 2474 4651 cognovit.
2552 4581 2594 4634 E
2640 4582 2848 4650 sagittis
2909 4593 3186 4650 praetcrea,
3237 4584 3377 4637 nivis

1830 4675 2110 4731 confertim
2133 4675 2373 4729 cadentis
2399 4674 2450 4726 in
2480 4672 2696 4727 modum
2731 4687 2821 4741 per
2849 4671 3110 4728 Barbaros
3138 4676 3375 4738 emissis,

1831 4766 2125 4828 nonnullas,
2159 4767 2296 4818 alata
2331 4765 2416 4817 sui
2448 4772 2600 4831 parte
2630 4778 2784 4815 muro
2810 4762 3003 4824 aliine,
3044 4763 3239 4817 ferrata
3271 4779 3370 4816 au-

1828 4869 1930 4913 tem
1963 4873 2150 4911 versus
2188 4858 2371 4910 hostes
2416 4868 2606 4915 verse,
2660 4854 2890 4906 inventa
2946 4853 3163 4908 fuerunt
3209 4865 3372 4923 atque

1829 4950 1987 5003 etiam
2036 4957 2094 5001 ut
2147 4948 2440 5016 plurimum
2490 4953 2794 5012 conspectae
2840 4944 2974 5013 (40).
3017 4945 3097 4997 Ab
3128 4959 3193 4999 eo
3239 4958 3371 5012 ergo

1830 5053 2069 5108 tempore
2115 5052 2145 5091 e
2207 5046 2364 5090 terrae
2413 5046 2588 5088 motus
2651 5033 2880 5087 tumultu
2928 5035 3292 5088 visitationem
3337 5051 3365 5087 a

1827 5128 1933 5181 Deo
1962 5126 2164 5181 civitati
2194 5126 2410 5187 factam,
2433 5123 2839 5190 archiepiscopo
2868 5121 3201 5187 doclarante,
3235 5121 3364 5176 Bar-

1824 5217 2077 5285 barisque
2130 5217 2261 5271 foris
2308 5213 2685 5275 consternatis,
2731 5211 3050 5266 fortitudine
3105 5212 3366 5269 adversus

173 5302 309 5364 λεως
330 5302 551 5371 ἀνδρίαν
577 5302 719 5354 κατά
741 5302 845 5353 τῶν
872 5305 1125 5356 ἐναντίων
1173 5306 1512 5373 ἠμφιέσαντο
1530 5320 1543 5333 '
1577 5307 1719 5369 τινές

1823 5307 2075 5359 inimicos
2135 5307 2424 5359 maximam
2481 5312 2708 5370 partem,
2767 5302 2857 5371 qui
2908 5304 3139 5358 civitatis
3191 5312 3366 5369 erant,

246 5475 357 5544 (ἐο)
389 5475 537 5529 Talia
567 5493 698 5533 sane
732 5488 880 5541 sunt,
914 5494 1034 5547 quae
1070 5479 1154 5532 hic
1186 5478 1253 5532 ab
1275 5487 1497 5547 auctore
1533 5488 1717 5532 nostro

1826 5476 1998 5532 fusam
2049 5494 2212 5545 supra
2240 5478 2281 5531 is
2311 5478 2492 5538 refert,
2526 5476 2692 5541 lapilli
2723 5475 2910 5545 emissi
2945 5476 3211 5527 miraculo
3240 5484 3361 5541 post

175 5553 481 5622 narrantur.
523 5556 610 5622 ut,_
628 5548 670 5599 si
695 5548 865 5622 modii
889 5543 1061 5622 locum
1086 5546 1444 5622 obtinuerint,
1468 5548 1716 5622 dubitare
1823 5556 2010 5622 secuto
2049 5543 2169 5622 esse
2196 5548 2681 5622 accommodatam.
2725 5543 2911 5622 mirari
2946 5544 3107 5605 subit,
3136 5557 3362 5622 eamque

176 5628 284 5665 non
304 5614 501 5674 sinant,
522 5614 651 5682 quin
683 5624 793 5667 tum
811 5614 1388 5684 Tltessaloniceusibus
1411 5617 1713 5684 prodigiose
1820 5614 2011 5670 Jounni
2043 5631 2070 5667 a
2097 5617 2311 5668 laudato
2330 5626 2547 5667 auctore
2577 5627 2672 5680 pro
2702 5627 2749 5665 at
2768 5613 2926 5667 hittio
2956 5626 3077 5667 esse
3130 5611 3360 5666 allicwut

174 5698 203 5732 a
256 5693 443 5735 saneto
496 5685 767 5735 Demetrio
812 5683 972 5737 fuerit
1010 5699 1349 5738 succursum.
1399 5683 1708 5738 Orationem

176 5752 410 5816 interim,
444 5766 601 5819 quam
645 5769 673 5805 a
696 5750 903 5808 Joanne
931 5751 1395 5809 Thessalonicensi
1438 5756 1501 5809 ad
1542 5752 1708 5808 Deum

1821 5686 2289 5740 vehementissime
2323 5684 2588 5753 suspicor.
