4206 6438
772 372 909 436 1339

2068 371 2686 434 SUPPLEMENTUM

3861 370 4008 436 1340

769 491 950 537 autem
993 494 1057 533 ac
1105 478 1302 534 similia
1350 479 1620 533 monendo
1665 478 2095 549 aﬂirmandoque
2133 483 2323 536 beatus
2353 486 2397 540 Α

2435 479 2503 548 τῷ
2544 477 2716 547 τείχει
2762 478 2875 546 μετ’
2908 478 3087 530 αὑτῶν
3125 479 3498 548 ἐνδιατρίϐων,
3550 479 3643 532 καὶ
3697 478 3812 532 τῶν
3863 485 4008 549 πρὸς

769 571 932 627 Pater
961 571 1243 625 audaciam
1273 571 1353 625 eis
1385 572 1476 638 qui
1503 569 1735 624 civitatis
1758 581 1932 632 erant.
1977 571 2324 638 subjiciebat,

777 673 940 732 atque
975 677 1097 717 cum
1132 663 1198 715 iis
1226 665 1278 716 in
1308 663 1580 716 moenibus
1609 663 1881 725 manebat,
1913 676 2146 729 cumque
2187 679 2324 730 pau-

772 768 867 806 eos
899 761 1023 820 post
1059 752 1176 806 dies
1205 754 1385 805 omnia
1418 751 1483 805 ad
1514 753 1878 806 resistendum
1905 762 2085 806 essent
2116 762 2325 818 parata,

773 842 893 910 ipse
925 842 1088 895 etiam
1136 841 1496 896 Barbarorum
1524 844 1800 910 cltaganus
1833 858 1956 896 cum
1991 842 2093 895 alia
2125 851 2178 896 et
2205 844 2330 895 Bul-

776 947 1031 997 garorum
1084 933 1194 1002 (58)
1225 943 1278 988 et
1323 937 1564 987 omnium
1615 935 1994 998 praedictarum
2043 935 2328 987 nationum

776 1024 1121 1077 multitudine
1168 1027 1454 1078 custodita:
1495 1026 1618 1080 huic
1658 1041 1687 1078 a
1726 1025 1926 1079 Sancto
1975 1026 2204 1090 civitati,
2241 1042 2332 1080 ve-

777 1114 856 1165 lut
893 1116 1125 1181 procella
1155 1115 1397 1176 hiberna,
1427 1129 1491 1192 ex
1527 1115 1780 1169 universa
1811 1117 2141 1170 continentis
2173 1117 2328 1184 plaga

777 1203 842 1256 ad
899 1205 1095 1258 moenia
1151 1206 1428 1272 applicuit,
1487 1206 1794 1260 universam
1846 1206 2009 1259 etiam
2058 1207 2328 1259 civitatem

775 1295 1141 1358 circumdans,
1194 1297 1266 1348 ita
1315 1305 1372 1348 ut
1431 1312 1596 1349 unum
1648 1298 1910 1349 duntaxat
1966 1297 2327 1365 undequaque

776 1393 938 1451 caput
967 1395 1297 1446 cerneretur,
1328 1402 1428 1439 nec
1461 1396 1602 1440 terra
1632 1387 1932 1442 invasionis
1964 1403 2152 1442 eorum
2191 1389 2328 1439 mul-

779 1478 1062 1530 titudinem
1092 1477 1272 1542 ferret,
1312 1493 1411 1531 nec
1439 1479 1667 1543 cibaria,
1701 1480 1782 1531 vel
1813 1494 1996 1533 eorum
2030 1479 2196 1546 quiin
2230 1479 2334 1530 cir-

2425 572 2752 640 ἀντιμαχίαν
2794 569 3224 640 εὑτρεπιζόντων
3263 573 3380 640 μετ’
3427 572 3617 639 ὀλίγας
3649 575 3876 642 ἡμέρας
3908 577 4006 625 καὶ

2429 663 2591 724 αὑτὸς
2640 666 2667 716 δ
2707 663 2819 716 τῶν
2859 664 3147 733 βαρϐάρων
3192 665 3426 731 χάγανος
3476 665 3613 732 μετὰ
3661 664 3759 716 τοῦ
3807 667 4004 733 ἑτέρου

2431 755 2666 822 πλήθους
2695 756 2805 807 τῶν
2835 773 2891 808 τε
2925 756 3245 825 Βουλγάρων
3280 760 3372 808 καὶ
3406 757 3512 809 τῶν
3538 756 4004 824 προλελεγμένων

2432 848 2649 900 πάντων
2681 846 2868 908 ἐθνῶν,
2904 846 3150 913 καθάπερ
3182 847 3378 914 λαῖλαψ
3409 847 3720 915 χειμερινὴ,
3752 849 3823 915 τῇ
3854 849 4005 912 ἁγισ-

2433 937 2690 1005 φυλάκτῳ
2718 936 2890 1005 ταύτῃ
2919 936 3067 988 πόλει
3090 937 3176 988 διὰ
3199 939 3377 1004 πάσης
3407 937 3507 1004 τῆς
3533 938 3809 1006 χερσαίας
3838 954 4008 1002 1:956-

2433 1026 2535 1094 ἧψε
2567 1028 2643 1095 τῷ
2669 1027 2836 1094 τεὶχει
2854 1066 2869 1089 ,
2908 1028 2998 1079 καὶ
3027 1029 3434 1095 περιστοιχίσας
3461 1029 3684 1080 ἃπασαν
3698 1029 3803 1096 τὴν
3827 1027 4003 1087 πόλιν,

2431 1117 2506 1176 ὡς
2538 1117 2666 1183 μίαν
2695 1115 2924 1184 ὁρᾶσθαι
2983 1117 3315 1168 ὲκπάντοθεν
3346 1117 3443 1183 τήν
3476 1117 3700 1168 πάντων
3733 1116 4004 1182 κεφαλὴν,

2431 1208 2526 1259 καὶ
2561 1208 2692 1275 μηδὲ
2729 1208 2826 1274 τὴν
2855 1209 2958 1276 γῆν
2997 1208 3295 1277 ὑποφέρειν
3330 1209 3427 1274 τῆς
3466 1209 3648 1260 αὑτῶν
3687 1207 4004 1268 ὲπιϐἀσεως

2430 1299 2528 1365 τὴν
2558 1299 2782 1367 πληθὺν,
2838 1298 2973 1366 μηδὲ
3015 1299 3304 1366 αὐταρκεῖν
3349 1298 3458 1350 τῶν
3505 1299 3766 1364 ἀγωγῶν,
3815 1299 3848 1366 ἢ
3899 1299 4009 1349 τῶν

2434 1389 2684 1456 φρεάτων
2707 1389 2774 1439 τὰ
2804 1388 2966 1440 ὕδατα
2997 1389 3132 1456 πρὸς
3165 1389 3264 1457 τὴν
3293 1387 3498 1440 τούτων
3527 1391 3623 1441 καὶ
3647 1389 3762 1440 τῶν
3797 1391 4012 1455 ἁλιῐγων

2437 1478 2591 1540 ζώων
2617 1480 2795 1530 αὑτῶν
2826 1479 3092 1546 δαπάνην.

776 1571 923 1622 cuitu
965 1579 1110 1632 sunt,
1141 1569 1423 1624 ﬂuviorum
1462 1582 1554 1624 aut
1594 1580 1881 1640 puteorum
1935 1586 2088 1637 aqua:
2167 1569 2357 1623 usibus
2395 1583 2583 1622 eorum
2649 1581 2811 1641 atque
2856 1572 3168 1625 eorumdem
3228 1572 3540 1626 animalium
3600 1572 4010 1625 irrationalinm

777 1658 1100 1712 suﬂicerent.

852 1827 972 1881 172.
1035 1827 1223 1892 Tunc,
1271 1829 1361 1896 qui
1420 1830 1652 1884 civitatis
1714 1841 1904 1896 erant,
1962 1829 2320 1884 Barbarorum
2356 1829 2398 1884 Β

2497 1821 2626 1889 ροβ’.
2660 1820 2792 1872 Τότε
2827 1818 2889 1886 δὴ
2925 1817 3230 1885 ἑωρακότες
3281 1820 3329 1870 οἱ
3366 1820 3463 1887 τῆς
3522 1821 3736 1881 πόλεως
3770 1822 3834 1872 τδ
3869 1822 4015 1872 ἁνεί-

781 1935 998 1974 omnem
1025 1921 1424 1973 multitudinem
1453 1922 1953 1987 incomparabilem,
1988 1921 2133 1974 ferro
2160 1923 2339 1976 muni-

785 2016 913 2071 tam,
954 2010 1462 2077 petrobolornmque
1496 2011 1560 2062 ad
1597 2013 1794 2063 caelum
1849 2025 2019 2078 usque
2062 2012 2340 2079 undequa-

784 2113 888 2165 que
935 2100 1243 2160 sublimem,
1290 2102 1358 2154 ita
1420 2111 1476 2153 ut
1521 2101 1745 2156 altitudo
1784 2104 2104 2156 interiorum
2161 2117 2342 2156 muro-

790 2204 910 2243 rum
947 2190 1141 2258 pinnas
1177 2201 1478 2258 superaret,
1523 2204 1840 2261 apparatum
1885 2195 2168 2259 viderunt;
2203 2196 2342 2250 alios

789 2282 1008 2349 quidem
1036 2283 1151 2351 qui,
1188 2293 1243 2335 ut
1272 2294 1557 2346 vocantur,
1604 2297 1634 2338 e
1677 2284 1916 2338 cratibus
1961 2286 2231 2353 coriisque
2267 2297 2345 2339 te-

791 2374 1060 2436 studines,
1093 2374 1229 2428 alios
1257 2375 1348 2442 qui
1392 2386 1579 2428 contra
1616 2386 1800 2443 portas
1832 2392 1860 2430 e
1898 2378 2055 2444 lignis
2090 2377 2344 2430 maximis

793 2465 1032 2532 rotisque
1083 2465 1238 2520 facile
1276 2468 1622 2522 versatilibus
1669 2469 1890 2529 arietes,
1925 2470 2063 2522 alios
2094 2483 2224 2522 vero
2251 2469 2344 2538 qui

796 2553 997 2620 ligneas
1053 2556 1191 2609 muri
1255 2555 1592 2609 altitudinem
1668 2561 2025 2621 escedentes,
2083 2570 2348 2629 atateque

793 2642 1084 2698 iuxurianti
1109 2647 1399 2713 juvenibus
1428 2648 1653 2702 armatis
1673 2664 1885 2702 sursum
1914 2651 2210 2707 instructas
2235 2664 2349 2706 tur-

795 2750 882 2789 res
911 2739 1304 2805 prarparabant,
1356 2740 1491 2794 alios
1541 2757 1755 2806 rursus,
1809 2742 1926 2809 qui,
1961 2752 2018 2795 ut
2064 2754 2348 2809 vocantur,

791 2826 968 2894 lacula
1005 2833 1228 2884 missilia
1264 2832 1396 2901 (39),
1426 2834 1562 2887 alios
1607 2835 1698 2897 qui
1721 2836 1896 2890 scalas
1928 2834 2065 2889 rotis
2092 2837 2352 2905 subjectis

799 2921 1024 2974 mobiles
1053 2923 1416 2988 adducebant,
1447 2925 1587 2979 alios
1611 2927 1702 2994 qui
1748 2927 2029 2980 machinas
2061 2929 2354 2982 candentes

799 3015 1178 3078 moliebantur,
1223 3018 1355 3071 adeo
1384 3027 1439 3070 ut
1472 3033 1536 3070 ex
1571 3019 1638 3070 iis
1665 3034 1785 3087 qua:
1820 3021 2204 3086 cernebantur,
2252 3023 2357 3074 im-

798 3105 1009 3158 modico
1073 3122 1304 3161 mmrore
1372 3108 1562 3161 ci\itas
1628 3109 1842 3162 detenta
1925 3109 2164 3173 diceret,
2229 3114 2425 3208 (ιιιίσο

798 3193 1036 3251 Tametsi
1081 3198 1353 3264 prioribtts
1399 3199 1775 3254 obsidionibus
1815 3201 2088 3254 civitatem
2115 3201 2359 3256 liberarit

800 3285 1079 3349 Dominus,
1135 3303 1198 3340 cx
1249 3288 1348 3340 hac
1395 3297 1573 3341 tamen
1622 3291 1921 3355 (nunquam
1967 3290 2111 3342 enim
2159 3300 2360 3343 tantam

800 3375 1163 3431 Barbarorum
1225 3379 1649 3439 multitudinem,
1708 3379 1911 3431 civitati
1966 3379 2362 3444 imminentem,

799 3468 1054 3535 quisquis
1101 3469 1330 3536 viderat)
1378 3468 1676 3520 servandos
1727 3482 1825 3520 nos
1868 3481 1990 3521 esse
2037 3468 2361 3532 incolumes,

803 3557 947 3610 haud
988 3567 1258 3624 putamus.
1291 3557 1465 3625 Atque
1491 3558 1602 3610 haec
1648 3564 1701 3608 ct
1744 3555 1976 3623 plurima
2019 3555 2057 3608 ii
2103 3557 2361 3620 maxime,

798 3649 891 3711 qui
921 3646 1118 3699 bellum
1149 3646 1292 3698 ltaud
1321 3655 1474 3699 erant
1497 3647 1728 3714 experti.

878 3759 997 3811 175.
1065 3757 1358 3812 Prmdietus
1411 3769 1591 3811 autem
1631 3757 1790 3812 Pater
1834 3774 1896 3812 ac
1945 3759 2267 3827 episcopus,
2299 3773 2366 3811 ne

803 3850 1060 3918 languido
1122 3847 1251 3916 quid
1316 3849 1496 3900 animo
1545 3847 1768 3910 ferrent,
1815 3849 1906 3902 sed
1983 3857 2036 3901 ut
2110 3847 2366 3900 certami-

803 3955 935 3994 num
969 3937 1267 3998 Victorem,
1308 3951 1415 4003 quo
1464 3946 1511 3988 et
1562 3951 1706 3988 nunc
1743 3951 1838 4003 pro
1882 3937 1989 3988 illis
2039 3926 2360 3999 decertaret,

806 4029 1251 4096 deprecarentur,
1305 4025 1577 4077 monebat.
1612 4024 1765 4078 Tune
1801 4034 1980 4079 autem
2017 4025 2366 4079 beatissimus

809 4119 897 4172 ille
928 4118 1086 4171 Pater
1109 4117 1278 4168 virum
1303 4114 1588 4182 quemdam
1615 4114 1881 4182 fulgidum
1912 4115 1964 4167 in
2000 4127 2192 4167 somno
2212 4113 2365 4174 vidit.

810 4211 1076 4263 dicentem
1134 4207 1343 4275 sibique
1406 4205 1844 4274 quodammodo,
1910 4216 1968 4258 ut
2031 4205 2157 4257 laeto
2223 4215 2368 4259 esset

809 4301 1012 4360 animo,
1046 4299 1392 4365 imperantem
1427 4312 1439 4347 :
1471 4293 1546 4349 Ne
1584 4295 1794 4349 tristitia
1823 4295 2117 4363 dejiciaris,
2157 4303 2209 4348 te
2240 4310 2362 4348 mo-

814 4406 938 4455 neo,
968 4390 1199 4450 dicebat,
1230 4388 1353 4455 quia
1375 4387 1684 4454 siuniversa
1704 4387 2092 4461 simulcivitas,
2121 4385 2366 4449 Domine,

2439 1926 2640 1962 καστον
2673 1908 2776 1961 τῶν
2815 1907 3105 1976 βαρϐάρων
3129 1909 3329 1976 πλῆθος
3361 1909 3507 1961 ἅπαν
3544 1912 4015 1978 σεσιδηρωμένον,

2439 2001 2534 2051 καὶ
2563 1999 2658 2067 τὴν
2702 1999 2830 2064 τῶν,
2859 1999 3203 2064 πετροὸολων
3266 1998 3600 2052 έκπάντοθεν
3645 2001 4017 2068 οὐρανομήκη

2444 2091 2808 2156 παράστασιν,
2853 2084 2926 2146 ὡς
2968 2085 3320 2152 ὑπερϐαίνειν
3347 2085 3424 2153 τῷ
3465 2085 3592 2150 ὕψει
3629 2085 3732 2146 τὰς
3761 2086 3877 2135 τῶν
3913 2086 4019 2136 Eant

2440 2177 2637 2245 τειχῶν
2665 2175 2939 2238 ἐπάλξεις,
2972 2175 3163 2236 ἄλλους
3196 2175 3252 2227 δὲ
3284 2175 3381 2238 τὰς
3413 2175 3762 2242 καλουμένας
3794 2178 3859 2226 ὲκ
3896 2176 4018 2225 πλο-

2443 2270 2552 2322 κῶν
2586 2270 2678 2319 καὶ
2710 2267 2925 2333 βυρσῶν
2954 2267 3217 2335 χελώνας.
3258 2267 3447 2329 ἄλλους
3481 2267 3617 2336 πρὸς
3653 2270 3782 2328 ταῖς
3821 2268 4017 2327 πύλαις

2443 2359 2627 2426 κριοὺς
2653 2360 2714 2410 ἐκ
2747 2356 2919 2420 ξύλων
2954 2356 3248 2423 μεγίστων,
3275 2357 3366 2408 καὶ
3391 2355 3598 2424 τροχῶν
3662 2354 4020 2423 εὑπερικυλί-

2447 2466 2608 2512 στων,
2633 2449 2849 2514 ἑτέρους
2886 2448 2941 2499 δὲ
2987 2447 3230 2515 πύργους
3268 2445 3665 2514 ὑπερμεγέθεις
3714 2444 4017 2508 ξυλοκαταο

2449 2539 2814 2601 σκευαστους,
2869 2537 3302 2606 ὑπερϐαίνοντας
3354 2536 3415 2589 τὸ
3469 2535 3602 2603 ὕψος
3649 2534 3749 2586 τοῦ
3801 2536 4018 2600 τείχους

2447 2628 2989 2689 κατασκευάσαντας,
3017 2626 3236 2694 ἔχοντας
3281 2623 3568 2675 κατεπάνω
3601 2622 3826 2683 νεανίας
3861 2638 4018 2688 app-.-

2449 2719 2662 2786 γῶντας
2694 2716 3204 2784 καθωπλισμένους,
3238 2716 3464 2781 ἑτέρους
3497 2714 3553 2766 δὲ
3588 2716 3720 2775 τοὺς
3755 2713 4021 2780 καλουμέ-

2451 2826 2571 2871 νους
2599 2811 2846 2880 δρπηκας
2874 2810 3280 2877 ὲμπεπηγὸτας,
3305 2808 3499 2868 ἄλλους
3529 2805 3873 2873 ὑποτρόχους
3905 2807 4021 2854 κλὶ-

2457 2919 2636 2969 μακας
2657 2900 3104 2970 ἐπιφερομένους,
3123 2901 3342 2966 ἑτέρους
3357 2898 3517 2950 διαπὺ
3529 2913 3652 2964 ρους
3672 2897 4021 2963 μαγγανείας

2455 2993 2825 3053 ἐπινοοῦντας,
2850 2993 2923 3053 ὼς
2946 2993 3009 3043 ὲκ
3039 2991 3149 3044 τῶν
3178 2991 3469 3060 ὁρωμένων
3497 2992 3554 3040 ἐν
3585 2989 3816 3057 ἀμέτρῳ
3847 2988 4022 3052 θλίψει

2457 3085 2555 3154 τὴν
2600 3084 2755 3136 πόλιν
2807 3084 3160 3149 συσχεθεῖσαν
3210 3082 3409 3146 λέγειν,
3453 3083 3532 3133 ὅτι
3567 3082 3627 3132 Et
3677 3085 3774 3132 καὶ
3808 3084 3873 3133 ὲκ
3917 3081 4024 3131 τῶν

2458 3177 2736 3244 προτέρων
2771 3175 3092 3243 πολιορκιῶν
3124 3177 3223 3243 τὴν
3257 3176 3409 3227 πόλιν
3443 3176 3789 3244 ἐλυτρὼσατο
3820 3175 3849 3224 ὁ
3870 3175 4022 3237 Θεὸς,

2462 3265 2573 3317 ἀλλ’
2604 3269 2665 3317 ὲκ
2695 3266 2899 3332 ταύτης
2920 3265 3019 3316 οὑκ
3044 3264 3271 3331 οἰόμεθα
3291 3263 3562 3325 σώζεσθαι
3586 3281 3599 3293 ο
3632 3263 3897 3314 οὐδέποτε
3921 3262 4025 3327 γὰρ

2463 3356 2735 3425 τοσαύτην
2765 3355 2971 3425 πληθὺν
3005 3354 3296 3424 βαρϐάρων
3322 3373 3404 3416 τις
3432 3359 3498 3423 τῇ
3523 3355 3676 3405 πόλει
3697 3351 4028 3420 προσϐαλεῖν

2463 3447 2734 3500 τεθέαται.
2760 3448 2871 3498 Καὶ
2899 3446 3068 3499 ταῦτα
3099 3447 3195 3498 καὶ
3221 3447 3448 3500 πλεῖστα
3472 3448 3520 3499 ot
3553 3444 3790 3514 μάλιστα
3806 3443 4007 3513 ἁπτιρο

2465 3535 2712 3604 πόλεμοι.

2540 3757 2670 3828 ρογ’.
2724 3762 2784 3812 '0
2836 3760 2892 3811 δὲ
2936 3759 3270 3829 προρῤηθεὶς
3314 3758 3505 3826 Πατὴρ
3570 3758 3665 3809 καὶ
3727 3760 4027 3819 ἰπίσκοπος

2467 3852 2694 3918 παρῄνει
2732 3850 2895 3918 μηδὲν
2927 3850 3165 3919 ῥᾴθυμον
3197 3849 3407 3917 φέρειν,
3440 3849 3574 3901 ἀλλὰ
3603 3849 3694 3901 τὸν
3724 3850 4026 3918 Mla-sides;

2466 3943 2733 3996 αίτείσθαι
2768 3942 2860 3994 καὶ
2896 3941 2962 3992 τὰ
2993 3940 3086 3992 νὺν
3119 3941 3451 4008 συμμαχεῖν.
3485 3940 3616 3991 Τότε
3651 3940 3703 3991 δὲ
3738 3941 3862 3992 κατ’
3897 3942 4025 4010 δναρ

2466 4034 2566 4102 ὁρᾷ
2605 4036 2628 4084 ὁ
2659 4030 3121 4101 παμμακάριστος
3156 4031 3361 4087 ἐκεῖνος
3394 4029 3580 4096 Πατήρ
3611 4045 3733 4081 τινα
3775 4030 4027 4098 λαμπρὸν

2467 4125 2632 4192 ἄνδρα
2664 4123 2891 4187 λέγοντα
2925 4121 3018 4173 καὶ
3043 4119 3116 4182 ὡς
3144 4117 3490 4187 εὑθυμοὺντα
3525 4120 3688 4170 αὑτόν
3714 4135 3726 4148 ·
3767 4121 3859 4186 Μὴ
3899 4120 4028 4172 seu.

2472 4213 2592 4278 μεῖν
2621 4227 2680 4264 σε
2710 4209 2989 4280 παραινῶ,
3023 4210 3200 4276 φήσας
3219 4249 3232 4270 ,
3269 4194 3434 4272 διότι,
3468 4210 3563 4260 ἐὰν
3593 4209 3782 4262 ἅπασα
3811 4210 3846 4278 ἠ
3879 4211 4030 4270 πόλις

2467 4301 2807 4368 ὁμοθυμαδὸν
2853 4298 3137 4368 ἀνακράξῃ
3178 4299 3238 4350 τὸ
3291 4297 3484 4366 Κύριε,
3533 4299 3776 4364 ἐλέησον,
3831 4303 3928 4351 καὶ
3970 4301 4029 4351 ὲκ

2469 4389 2672 4457 ταύτης
2705 4389 2802 4456 τῆς
2836 4387 3154 4456 πολιορκίας
3179 4384 3602 4454 διασωθήσεσθε.
3638 4385 3803 4436 ὐθεν
3841 4386 4028 4437 λοιπὺν

817 4482 1099 4540 miserere,
1141 4476 1476 4540 exclamarit,
1528 4475 1630 4529 hac
1661 4475 1822 4529 etiam
1864 4476 2141 4530 obsidione
2172 4476 2366 4530 libera-
2397 4501 2425 4555 ε

2435 4512 2442 4549 ,
2468 4477 2588 4530 τότε
2616 4477 2672 4528 εν
2692 4477 2916 4543 πλείστῃ
2947 4474 3188 4543 φροντίδι
3214 4473 3308 4526 καὶ
3328 4473 3426 4539 ἁδη
3439 4473 3596 4542 μονία
3622 4472 3715 4524 τοῦ
3738 4473 4028 4541 δραθέντος

816 4573 987 4626 bitur.
1028 4569 1164 4624 Cum
1189 4569 1318 4622 hinc
1350 4581 1512 4634 porro
1546 4566 1802 4636 deinceps
1841 4567 2076 4620 maxima
2101 4581 2232 4619 cura
2260 4565 2367 4618 rei-

816 4681 927 4736 que
967 4664 1095 4718 visae
1129 4661 1400 4716 anxietate
1431 4659 1754 4725 afficeretur,
1784 4659 2084 4727 modosque
2122 4659 2369 4712 diversos

819 4759 1004 4812 animo
1039 4754 1361 4812 revolveret.
1395 4765 1458 4804 ac
1508 4750 1779 4819 quomodo
1811 4749 2035 4818 (popqu
2075 4750 2222 4802 omni
2275 4764 2368 4818 per

820 4848 1058 4904 civitatis
1086 4847 1286 4901 muenia
1321 4845 1567 4912 disperso
1607 4842 1970 4910 Barbarisque
2018 4842 2154 4897 alias
2208 4843 2370 4895 alior-

820 4955 942 4995 sum
969 4937 1448 5002 tumultuantibus)
1476 4935 1590 4989 tieri
1619 4934 1667 4986 id
1697 4941 1905 5002 posset,
1929 4932 2156 4993 diceret,
2194 4932 2368 4986 solum

824 5042 955 5087 tunc
1001 5030 1257 5101 lacrymis
1301 5028 1529 5098 rigabat,
1563 5023 1732 5079 Deum
1783 5023 2012 5077 multum
2065 5022 2372 5076 misericor-

825 5124 945 5178 dem
970 5137 1132 5177 orans
1153 5137 1218 5177 ac
1243 5121 1430 5176 dicens
1459 5137 1471 5173 :

896 5332 1011 5398 (38)
1041 5330 1177 5384 Cum
1213 5327 1313 5381 sub
1340 5326 1512 5398 tribus
1539 5320 2236 5398 imperatoribus__proxi_tne
2267 5333 2373 5371 me-

828 5389 1056 5455 moratis
1091 5397 1306 5468 Bulgari
1339 5395 1482 5448 haud
1517 5389 1660 5468 raro,
1691 5389 2367 5468 uti_apud.'l‘lieoplia.ne‘m,

829 5453 1133 5526 cedren‘um
1166 5453 1223 5520 οἵ
1257 5463 1521 5518 Zonaram
1549 5453 1738 5533 videre
1750 5453 1908 5533 licet,
1941 5457 1993 5510 in
2022 5456 2230 5533 imperii
2264 5453 2371 5533 Ro-

831 5539 978 5592 mani
1031 5548 1206 5590 terras
1261 5533 1638 5592 excurrerint,
1694 5529 1908 5595 aliquos
1962 5527 2250 5595 saltem_ex
2309 5527 2374 5577 iis

832 5591 1066 5660 Avarum
1111 5606 1389 5672 Cltagano.
1417 5591 1814 5676 expeditionem
1845 5597 2106 5676 adversus
2140 5591 2371 5676 Tb‘e‘ssa-

840 5676 1072 5728 lonieam
1128 5661 1257 5726 tunc
1302 5661 1638 5739 suscipienti,
1672 5668 1774 5723 sibi
1815 5665 2125 5734 adjungerc,
2161 5661 2373 5717 dillicilc

843 5759 973 5802 sane
1012 5741 1153 5801 baud
1185 5743 1393 5801 castita
1407 5741 1466 5798 it.

2469 4564 2780 4631 γενόμενος,
2829 4563 2924 4614 καὶ
2957 4561 3246 4631 διαφόρους
3293 4562 3526 4632 τρόπους
3571 4565 3630 4612 ὲν
3678 4561 3903 4629 βουλαῖς
3942 4566 4029 4616 ἀν·

2475 4656 2699 4725 ιχνεὺων
2726 4656 2820 4708 κα)⁸
2845 4656 3049 4722 λέγων·
3087 4653 3207 4716 Πῶς
3231 4655 3520 4724 δυνήσεται
3551 4653 3708 4706 τοῦτο
3737 4655 4029 4720 nucem;

2471 4750 2563 4801 τοῦ
2609 4748 2718 4816 γὰρ
2757 4746 2957 4808 παντὸς
3000 4745 3131 4797 λαοῦ
3165 4745 3252 4798 διὰ
3300 4746 3394 4797 τοῦ
3436 4745 3649 4814 τείχους
3680 4745 3780 4812 τῆς
3821 4747 4030 4806 πόλεως

2475 4840 2748 4910 σποράδην
2797 4837 3152 4904 ὑπάρχοντος,
3214 4838 3307 4889 καὶ
3359 4837 3464 4888 τῶν
3514 4836 3806 4905 βαρόἁρων
3860 4837 4043 4897 ἄλλως.

2473 4932 2735 4999 ἀλλαχόσε
2783 4926 3176 4999 θορυῦοὑντων,
3224 4927 3480 4994 κατέῤῥει
3529 4929 3643 4988 τοῖς
3693 4926 3927 4995 δάκρυσι
3978 4929 4032 4978 τὺ

2476 5023 2689 5090 εδαφος,
2717 5019 2982 5074 δυσωπῶν
3003 5016 3093 5071 τὸν
3116 5017 3398 5070 πολυέλεον
3423 5016 3555 5070 Θεὸν
3582 5017 3673 5069 καὶ
3703 5017 3877 5084 λέγων
3895 5033 3909 5044 ’

2547 5317 2656 5381 (39)
2691 5316 2769 5368 ita
2805 5315 2888 5367 hic
2913 5314 3021 5366 duo
3068 5311 3328 5365 vocabula
3357 5311 3543 5381 Graeca
3575 5312 3831 5378 ὄρπηκας
3872 5311 4032 5381 έμπεο

2480 5379 2720 5453 πηγότας
2760 5385 3141 5453 interpretatus
3171 5396 3314 5453 sunt,
3345 5380 3511 5453 quod,
3541 5395 3666 5453 cum
3705 5379 4030 5453 vocabulum

2477 5445 2650 5523 ὄρπηξ
2669 5445 3017 5523 przeteralias
3039 5450 3097 5523 ei_
3118 5445 3408 5523 attributas
3431 5448 3863 5523 signiﬁcationes
3893 5445 4025 5522 idem

2478 5517 2835 5595 euang-quod
2862 5519 3050 5595 Latine
3070 5517 3334 5585 jaculum,
3357 5517 3654 5595 aigttiﬁce},
3687 5531 3803 5594 non.
3829 5517 4027 5595 perspi-

2479 5584 2911 5658 ciain,'qua2nam
2939 5589 3044 5643 illis
3069 5584 3231 5656 queat
3262 5584 3439 5655 potior
3471 5585 3576 5642 hoc
3601 5585 3722 5640 loco
3761 5584 4029 5654 signiﬁca-

2480 5662 2554 5717 tio
2589 5660 2791 5728 quadra
2802 5673 2876 5712 t‘c.
