4206 6438
268 416 400 478 1341

1296 426 1356 483 5.
1390 424 1757 484 DEMETRH
1802 425 2190 485 MARTYRIS
2227 426 2428 483 ACTA.

3321 432 3457 494 13έὲ

330 528 460 595 905'.
496 529 599 591 Σὺ,
639 530 879 583 Δέσποτα
940 533 1049 585 τῶν
1095 534 1377 597 ἁπάντων,
1403 535 1806 611 ,φιλάνθρωπος

1872 568 1879 592 .
1984 536 2102 589 174.
2145 536 2247 598 Τιι,
2298 553 2478 591 rerum
2549 540 2786 591 omnium
2851 538 3070 593 Domine
3102 581 3114 604 ,
3157 544 3461 598 misericors

257 617 357 679 ὢν,
382 619 687 688 ηὑδόκησας
715 621 782 673 δι’
813 623 959 689 ἡμᾶς
990 624 1423 693 ένανθρωπῆσαι,
1450 626 1545 676 καὶ
1576 627 1807 693 σταυρὸν

258 710 355 755 καὶ
381 706 609 759 θάνατον
648 709 785 776 ὑπὲρ
825 709 918 760 τοῦ
954 710 1143 776 γένους
1185 713 1339 779 ἡμῶν
1384 715 1689 780 ὑπομεῖναι,
1742 715 1807 765 σὺ

260 802 612 867 προσήγαγες
648 800 835 851 ἑαυτὸν
870 801 1009 870 ὑπὲρ
1040 802 1197 869 ἡμῶν
1235 803 1423 854 θυσίαν
1455 804 1696 871 καθαρὰν
1732 804 1808 873 τῷ

260 888 341 954 σῷ
376 889 570 957 Πατρὶ,
605 893 667 941 ob
698 891 1037 958 ὲξηγόρασας
1068 895 1215 960 ἡμᾶς
1261 894 1470 964 σεαυτῷ
1512 894 1589 961 τῷ
1627 896 1809 965 οἰκείῳ

257 980 471 1046 αῖματι,
501 980 855 1048 ἐκλεξάμενος
874 984 1023 1051 ἡμᾶς
1042 983 1167 1035 λαόν
1194 1000 1289 1035 σου
1315 986 1639 1052 περιούσιον,
1661 986 1810 1049 ιθνος

260 1071 437 1137 ἀγιον,
475 1071 547 1140 μὴ
577 1074 889 1127 εξσέλθωσιν
912 1076 1037 1144 ἔθνη
1073 1076 1151 1137 είς
1181 1075 1278 1143 τὴν
1303 1075 1665 1145 κληρονομίαν
1694 1095 1809 1141 σου,

263 1163 340 1233 μὴ
376 1166 622 1232 μιαίνωσι
675 1167 799 1229 τοὺς
834 1167 1053 1232 ἀγίους,
1082 1166 1173 1228 οὓς
1212 1168 1369 1228 αὐτὸς
1410 1168 1715 1235 ηὑδόκησας
1752 1172 1809 1221 ἰν

162 1318 169 1322 _
258 1253 444 1312 αὑτοῖς
477 1255 771 1321 ἐνοικῆσαι,
807 1258 880 1323 μὴ
919 1258 1330 1326 έπαιρέσθωσαν
1369 1257 1491 1310 καθ’
1523 1258 1695 1324 ἡμῶν,
1736 1259 1812 1321 ὡς

256 1344 426 1394 πάλαι
462 1345 552 1395 ἰπὶ
588 1346 679 1398 τοῦ
712 1347 919 1399 Δαυῖδδ
950 1349 1389 1418 μεγαλορῤήμωνι
1434 1349 1645 1413 Γολιάθ,
1679 1349 1811 1402 ἀλλὰ

252 1433 344 1493 δὸς
373 1436 502 1501 ἡμῖν
527 1440 636 1497 τοῖς
670 1443 941 1502 ταπεινοῖς
971 1442 1064 1493 καὶ
1093 1443 1330 1507 ἀναξίοις
1360 1442 1565 1504 δούλοις
1596 1459 1709 1503 σου,
1737 1442 1811 1502 ὡς

254 1523 336 1589 τῷ
369 1525 445 1591 σῷ
474 1527 621 1577 παιδὶ
645 1529 805 1580 Δαυῖδ
833 1530 980 1581 λίθον
1010 1532 1292 1599 σωτήριον,
1328 1531 1427 1598 τὴν
1458 1532 1555 1599 σὴν
1585 1532 1812 1598 ἀόρατον

257 1619 604 1682 συμμαχίαν,
658 1620 804 1681 ὅπως
861 1620 928 1672 δι’
985 1623 1153 1689 αὑτῆς
1221 1624 1659 1689 σφενδονίσαντες
1716 1623 1810 1682 τὰς

255 1708 605 1773 κατοτέχνους
644 1710 766 1762 καθ’
801 1712 960 1778 ἡμῶν
991 1713 1098 1764 τῶν
1138 1713 1431 1783 βαρϐάρων
1461 1711 1810 1780 ἀποκρουσώ⁹

257 1799 399 1865 μεθα
436 1802 742 1868 φάλαγγας,
786 1805 857 1874 μὴ
897 1806 1209 1874 ἀπράκτους
1236 1807 1334 1867 τὰς
1366 1805 1505 1873 ὑπὲρ
1543 1805 1696 1873 ἡμῶν
1724 1806 1809 1855 διὰ

251 1888 349 1940 τοῦ
390 1890 687 1961 ἀθλοφόρου
720 1910 814 1947 σου
846 1896 1261 1962 προσαγομένας
1304 1896 1513 1965 δεήσεις
1555 1898 1803 1965 ποιήσῃς,

254 1979 329 2044 μὴ
362 1980 552 2050 ἰσχύσῃ
586 1984 706 2047 καθ’
737 1984 891 2051 ἡμῶν
915 1985 976 2035 τὸ
1002 1985 1399 2052 ιίδωλόπηκτον
1429 1986 1523 2037 καὶ
1550 1986 1804 2052 ἀθεμιτὸ-

248 2083 427 2130 γαμον
467 2072 558 2121 καὶ
593 2073 908 2139 παράνομον
955 2074 1123 2135 ἔθνος,
1178 2076 1272 2142 μὴ.
1322 2076 1565 2127 Δέσποτα
1591 2090 1605 2105 ⁶
1637 2076 1804 2138 δεῖξον

249 2159 398 2223 ἡμᾶς
432 2160 525 2210 καὶ
556 2162 646 2212 νῦν
674 2163 787 2213 νέον
818 2181 909 2215 σου
938 2164 1063 2216 λαὸν
1107 2167 1340 2234 Ἰσραὴλ,
1376 2165 1448 2226 ὡς
1479 2169 1541 2218 ὲκ
1576 2166 1682 2217 τῶν
1717 2168 1805 2216 AE-

251 2250 494 2312 γυπτίων
519 2251 867 2305 διασωθέντα.

324 2338 449 2404 ροε’.
478 2343 582 2393 Καὶ
638 2343 809 2395 ταῦτα
854 2343 945 2395 καὶ
979 2343 1201 2397 πλεῖστα
1237 2347 1524 2415 εὐχόμενος
1560 2349 1683 2406 τοὺς
1712 2365 1804 2399 πο-

248 2428 399 2491 λίτας
420 2432 828 2501 παρεθάρρυνεν
847 2433 1024 2498 ἀξίους
1045 2438 1312 2504 παριστᾷν
1336 2437 1561 2498 ἑαυτοὺς
1584 2438 1661 2504 τῷ
1684 2436 1802 2504 Θεῷ

248 2520 348 2570 καὶ
379 2520 515 2588 ὑπὲρ
552 2522 808 2590 πατρίδος
842 2524 933 2574 καὶ
967 2524 1110 2575 ναῶν
1139 2527 1417 2589 παναγίων
1444 2530 1534 2579 καὶ
1565 2530 1800 2590 πίστεως

246 2610 641 2673 διανίστασθαι,
680 2616 773 2665 καὶ
801 2614 909 2665 τῶν
934 2614 1217 2682 βαρϐάρων
1242 2617 1478 2670 ἐναντίον
1504 2620 1800 2688 ἀντιπαρα-

245 2700 563 2755 τάσσεσθαι.
596 2704 705 2767 Τῆς
743 2699 833 2754 οὖν
865 2704 1180 2770 πολιορκίας
1220 2708 1528 2774 γινομένης.
1576 2712 1668 2760 καὶ
1695 2710 1799 2760 τῶν

249 2788 589 2855 πετροϐόλων
646 2792 910 2843 πάντοθεν
962 2793 1350 2855 ἀκοντιζόντων
1407 2796 1526 2863 οὑχὶ
1575 2799 1796 2863 πέτρας.

247 2880 365 2931 ἀλλ’
397 2882 495 2950 ὅρη
546 2885 638 2935 καὶ
676 2884 912 2949 βουνοὺς,
945 2881 1021 2945 εἷς
1057 2889 1113 2937 ιν
1145 2890 1208 2955 τῇ
1250 2888 1395 2940 ἔνδον
1427 2890 1534 2941 τῶν
1568 2891 1799 2943 πολιτῶν

251 2975 528 3041 πετραρέᾳ
567 2975 822 3041 ὑπάρχων
867 2976 1049 3027 θεόθεν
1094 2979 1451 3045 ὶμπνευσθιὶς
1493 2982 1672 3049 μικρῷ
1697 2983 1797 3033 κά-

248 3065 407 3130 χληκι
450 3066 755 3131 έπιγράψας
807 3066 866 3118 τὸ
911 3066 1081 3133 ὄνομα
1130 3067 1223 3119 τοῦ
1271 3069 1425 3134 ἁγίου
1483 3073 1793 3139 Δημητρίου

1912 637 2031 675 cuni
2092 626 2188 687 sis,
2248 635 2465 693 propter
2523 639 2622 679 nos
2681 637 2924 681 naturam
2979 630 3265 683 humanam
3302 646 3459 685 assu-

1912 730 2091 775 mere,
2121 732 2444 783 erucenique
2488 732 2550 769 ac
2601 730 2825 770 mortem
2877 734 2972 786 pro
3029 736 3221 788 genere
3276 732 3461 775 DOSU’O

1872 805 2133 859 'suﬂerre
2192 807 2422 869 voluiSIi,
2462 818 2514 859 tu
2568 809 2795 876 teipsum
2850 824 2946 877 pro
3001 812 3151 864 nobis
3213 812 3454 867 obtulisti

1910 894 2055 947 Patri
2086 905 2175 947 tuo
2207 896 2528 948 sacrilicium
2569 897 2851 960 mundum,
2887 907 2941 950 tu
2972 914 3069 951 nos
3110 902 3201 952 tibi
3238 905 3453 969 proprio

1912 985 2169 1052 sanguine
2200 986 2398 1045 emisti,
2431 988 2633 1054 eligens
2671 1004 2766 1041 nos
2806 993 3061 1056 papulum
3109 1000 3258 1043 tuum
3289 1008 3452 1059 pecu-

1912 1072 2120 1138 liarem,
2166 1084 2378 1142 gentem
2433 1087 2670 1129 sanctam
2717 1096 2732 1129 :
2774 1094 2879 1131 non
2935 1082 3138 1133 intrent
3188 1092 3371 1149 gentes
3402 1083 3454 1135 in

1914 1165 2276 1219 hrcreditatem
2330 1176 2497 1227 tuam.
2545 1184 2611 1221 ne
2669 1172 3062 1224 commaculent
3094 1183 3275 1226 sancta
3330 1184 3457 1227 tein-

1913 1257 1995 1323 pla
2052 1264 2163 1320 tua,
2199 1272 2318 1324 quae
2372 1258 2486 1325 ipse
2531 1259 2673 1311 inter
2706 1275 2823 1311 eam
2874 1262 3173 1315 inhabitare
3222 1265 3460 1328 voluisti,

1913 1361 1980 1398 ne
2028 1348 2285 1401 adversus
2319 1366 2442 1412 nos,
2488 1350 2563 1401 uti
2613 1352 2884 1417 quondam
2935 1368 3193 1421 arrogans
3246 1352 3456 1407 Guliatli

1911 1439 2169 1492 adversus
2218 1440 2404 1502 David,
2440 1439 2786 1502 exaltentnr;
2822 1443 2912 1495 sed
2959 1443 3114 1496 nobis
3162 1442 3458 1498 humilibus

1912 1543 2074 1596 atque
2106 1530 2339 1598 indignis
2369 1531 2538 1584 servis
2562 1531 2688 1592 tuis,
2726 1542 2784 1584 ut
2811 1530 3014 1585 famulo
3040 1543 3132 1587 tuo
3169 1536 3353 1597 David,
3389 1537 3454 1587 da

1911 1622 2141 1687 lapidem
2172 1622 2486 1680 salutarem.
2510 1633 2652 1675 tuam
2682 1623 2999 1676 iuvisibilem
3032 1624 3085 1676 in
3112 1624 3250 1678 bello
3273 1640 3452 1692 opem,

1912 1722 1969 1765 ut
1994 1728 2220 1779 peream
2254 1712 2413 1765 funda
2450 1723 2661 1766 utentes
2690 1714 2811 1765 dolo
2837 1715 3099 1768 adversus
3134 1730 3232 1770 nos
3255 1716 3458 1769 instru-

1910 1813 2025 1856 etas
2051 1803 2411 1856 Barbarorum
2450 1806 2743 1873 phalanges
2775 1806 3119 1874 repellamus,
3154 1821 3218 1859 ne
3250 1806 3397 1859 fusas
3425 1822 3453 1858 a

1912 1898 2006 1942 tuo
2041 1890 2394 1943 certaminum
2433 1890 2644 1944 Victore
2681 1907 2776 1959 pro
2826 1892 2981 1946 nobis
3033 1908 3217 1961 preces
3275 1892 3456 1947 irritas

1914 1980 2095 2041 facias,
2133 1996 2197 2031 ne
2229 1982 2487 2034 adversus
2517 1996 2636 2045 nos,
2672 1996 2757 2045 ne,
2786 1981 3024 2046 Domine,
3055 1984 3209 2036 idolis
3244 1984 3455 2037 addicta

1911 2084 1970 2121 ac
2017 2072 2216 2123 incesta
2260 2071 2531 2138 impiaque
2581 2072 2724 2123 natio
2776 2073 3081 2138 prmvaleat.
3114 2074 3305 2128 exhibe
3358 2089 3457 2129 nos

1910 2159 2066 2210 etiam
2107 2174 2247 2212 nunc
2272 2176 2465 2212 novum
2495 2172 2644 2212 tuum
2676 2164 2740 2213 ab
2764 2160 3028 2230 Egyptiis
3057 2164 3453 2230 quodammodo

1911 2259 2203 2311 servatum,
2242 2251 2494 2316 populum
2537 2249 2725 2304 Israel.
3266 2252 3267 2255 “

1980 2339 2101 2390 173.
2158 2341 2331 2404 Atque
2378 2340 2490 2391 bare
2535 2348 2585 2392 et
2629 2340 2855 2406 plurima
2913 2355 3077 2396 orans
3127 2343 3333 2398 civibus
3397 2344 3458 2398 ii-

1906 2429 2117 2480 duciam
2164 2428 2411 2490 addebat,
2444 2443 2550 2495 quo
2589 2432 2794 2496 seipsos
2838 2431 3030 2497 dignos
3071 2434 3179 2487 Deo
3230 2437 3457 2489 exhibe-

1909 2529 2046 2576 l't'lll,
2078 2527 2134 2570 ut
2162 2526 2213 2569 et
2246 2531 2342 2585 pro
2376 2520 2546 2584 patria
2570 2530 2620 2571 et
2647 2522 2858 2587 templis
2885 2526 3237 2578 sanctissimis
3263 2536 3315 2579 et
3349 2527 3450 2580 fide

1909 2608 2266 2671 insurgerent,
2304 2609 2523 2675 acieque
2570 2619 2757 2662 contra
2790 2610 3052 2665 Barbaros
3092 2614 3450 2672 decertarent.

1904 2695 2196 2749 Obsidione
2215 2698 2377 2765 igitur
2400 2699 2627 2765 incepta.
2647 2702 3050 2770 petrobollsque
3070 2705 3448 2773 nndequaquc,

1908 2802 2010 2838 non
2047 2786 2271 2852 lapides,
2318 2788 2412 2840 sed
2465 2800 2675 2842 montes
2716 2801 2767 2843 et
2806 2792 2989 2855 colles,
3033 2794 3450 2861 ejaculantibus.

1908 2891 2043 2928 unus
2078 2877 2130 2927 in
2167 2878 2381 2929 civitate
2404 2893 2433 2929 e
2458 2878 2670 2932 civibus
2698 2880 2933 2947 lapidum
2966 2882 3162 2948 jactor,
3191 2886 3451 2941 divinitus

1905 2968 2221 3033 inSpiratus,
2272 2982 2393 3018 enin
2436 2983 2601 3036 parvo
2641 2970 2825 3036 lapillo
2864 2973 3037 3025 sancti
3075 2972 3330 3028 Demetrii
3359 2992 3455 3029 no-

1904 3070 2022 3106 men
2054 3057 2437 3122 inscripsisset,
2468 3072 2589 3109 eum
2620 3060 2798 3112 emisit
2829 3061 3069 3116 clamans
3117 3082 3129 3118 :
3168 3064 3220 3118 In
3266 3065 3355 3118 Dei
3397 3079 3453 3122 et

246 3154 495 3219 ἠκόντισε
540 3156 764 3221 κράξας,
807 3158 893 3209 Ἐν
921 3157 994 3225 τῷ
1038 3158 1258 3227 ὀνόματι
1298 3160 1388 3211 τοῦ
1419 3160 1551 3213 Θεοῦ
1588 3164 1677 3214 καὶ
1708 3164 1797 3216 τοῦ

1905 3145 2075 3198 sancti
2120 3148 2370 3199 Demetrii
2412 3149 2650 3208 nomine.
2695 3168 2927 3219 cumque
2970 3157 3125 3222 lapis.
3175 3160 3453 3211 similiter-

247 3244 405 3309 ἁγίου
432 3248 766 3315 Δημητρίου·
800 3251 889 3299 καὶ
919 3250 1275 3310 ἀπολυθέντος
1302 3250 1394 3300 τοῦ
1417 3252 1585 3312 λίθου,
1605 3254 1801 3319 ὁμοίως

1902 3254 2006 3305 que
2054 3240 2385 3292 extrinsecus
2439 3254 2465 3291 a
2519 3240 2773 3295 Barbaris
2830 3249 2982 3306 alter,
3036 3246 3127 3312 qui
3184 3249 3344 3314 lriplo
3394 3258 3449 3302 et

246 3334 341 3385 καὶ
392 3334 589 3396 ἔξωθεν
621 3339 682 3386 ὲκ
729 3337 833 3387 τῶν
865 3338 1155 3404 βαρϐάρων
1200 3337 1336 3405 ὑπὲρ
1375 3340 1533 3391 αὑτὸν
1576 3341 1798 3408 τριπλοῦ

246 3422 339 3474 καὶ
357 3425 609 3476 ἐπέκεινα
637 3426 991 3487 καθεστῶτος,
1017 3428 1321 3495 ὑπαντῆσαι
1340 3428 1528 3481 τοῦτον
1550 3432 1642 3482 καὶ
1673 3433 1800 3484 ἀνθ·

244 3516 577 3582 ὑποστρέψαι
612 3517 690 3576 είς
725 3516 822 3585 τὴν
856 3516 1035 3586 χώραν
1073 3519 1169 3586 τῆς
1221 3519 1559 3589 βιρόαρικῆς
1608 3539 1799 3589 πετρο-

243 3603 434 3664 ϐόλου,
494 3605 833 3672 ἀμφοτέρους
885 3608 1244 3668 κατελθόντας
1296 3612 1387 3661 καὶ
1445 3611 1569 3671 τοὺς
1621 3614 1795 3664 ἐκεῖσε

241 3696 559 3747 ἀποκτεῖναι
611 3696 747 3762 μετὰ
783 3697 873 3748 τοῦ
919 3700 975 3748 ὲν
1011 3698 1145 3765 αὑτῇ
1192 3698 1341 3759 ὄντος
1392 3702 1791 3768 μαγγαναρίου,

243 3785 340 3836 καὶ
394 3786 528 3852 μετά
563 3784 803 3837 τοιοῦτον
848 3786 1053 3853 θαῦμα,
1103 3789 1271 3855 μέσης
1312 3789 1411 3858 ήδη
1448 3794 1544 3857 τῆς
1586 3792 1793 3858 ἡμέρας

242 3873 561 3939 γενομένης,
585 3874 735 3941 ἄφνω
758 3874 974 3941 σεισμὸς
1001 3875 1170 3942 μέγας
1198 3876 1432 3941 έγένετο,
1455 3877 1592 3930 ὥστε
1617 3880 1792 3930 πάντα

239 3963 332 4015 τὸν
360 3963 485 4015 λαὸν
513 3966 610 4030 τῆς
646 3964 849 4021 πόλεως
881 3964 1185 4028 ἀνακράξαι
1218 3965 1278 4016 τὸ
1312 3966 1512 4033 Κύριε,
1544 3967 1787 4035 ἐλέησον.

316 4058 451 4120 ροςθ.
486 4051 593 4104 Τοῦ
644 4052 700 4103 δὲ
757 4052 1085 4119 βαρϐαρικοῦ
1132 4054 1367 4120 πλήθους
1398 4056 1696 4122 ἑωρακότος
1729 4058 1788 4108 τὸ

240 4145 414 4209 τεῖχος
451 4143 875 4203 καταπεπτωκὸς
902 4143 1065 4202 anu.
1122 4144 1530 4213 συνεφορμῆσαι
1560 4146 1693 4214 πρὸς
1728 4146 1786 4197 τὸ

241 4231 339 4300 τὴν
367 4233 521 4282 πόλιν
568 4233 731 4295 ἑλεῖν,
792 4233 884 4283 καὶ
915 4234 1327 4301 πλησιασάντων
1363 4234 1541 4285 αὑτῶν
1567 4237 1696 4304 δρᾷν
1729 4238 1786 4289 τὸ

239 4324 413 4387 τεῖχος
443 4320 696 4387 καθάπερ
716 4321 775 4371 τδ
809 4321 1022 4387 πρῶτον
1051 4319 1239 4381 ἑστὼς,
1274 4320 1423 4373 ἔνθεν
1456 4337 1514 4373 τε
1547 4324 1790 4389 ἐπεγνω-

241 4412 391 4462 κέναι
418 4410 506 4462 τὸν
535 4410 631 4479 τὴν
657 4409 907 4478 τοιαύτην
931 4411 1213 4478 ἑωρακότα
1234 4412 1565 4476 έπαγγελίαν
1597 4413 1787 4481 ἀρχιει

1900 3328 2131 3393 amplius
2162 3328 2331 3393 major
2353 3336 2487 3389 erat,
2524 3326 2716 3382 fuisset
2749 3332 3002 3394 emissus,
3036 3333 3236 3387 accidit
3277 3348 3331 3388 ut
3363 3338 3446 3391 hie

1901 3417 1973 3469 illi
2025 3430 2352 3478 occurreret,
2412 3431 2573 3485 atque
2618 3421 2683 3471 ad
2729 3420 2901 3472 locum
2951 3438 3059 3490 quo
3095 3425 3444 3480 barbarorum

1898 3516 2014 3561 erat
2047 3508 2358 3575 petrobolus
2414 3520 2794 3573 reverteretur,
2836 3521 2999 3579 utque
3029 3514 3188 3568 ambo
3223 3516 3448 3570 descen-

1897 3597 2083 3650 dentes
2126 3612 2220 3649 eos
2247 3599 2407 3649 etiam
2443 3599 2532 3664 qui
2586 3599 2778 3649 ibidem
2815 3610 2984 3663 erant,
3014 3617 3115 3655 una
3152 3620 3273 3656 cum
3315 3607 3447 3657 arti-

1896 3689 2012 3747 fice,
2048 3688 2137 3754 qui
2177 3689 2229 3739 in
2263 3704 2326 3739 eo
2358 3697 2490 3747 erat.
2519 3688 2853 3741 occiderent.
2886 3689 2963 3742 Ac
2994 3701 3112 3757 post
3150 3694 3253 3745 tale
3286 3696 3443 3746 mira-

1894 3778 2094 3839 culum,
2158 3790 2279 3828 cum
2314 3777 2484 3828 media
2539 3778 2647 3845 jam
2684 3779 2812 3843 dies,
2840 3786 3006 3844 esset,
3060 3780 3240 3833 subito
3286 3788 3443 3835 terrae

1895 3878 2070 3920 motus
2104 3868 2278 3920 factus
2304 3876 2382 3918 est
2409 3880 2657 3934 magnus.
2693 3869 2763 3919 ita
2793 3876 2852 3920 ut
2890 3870 3069 3923 omnis
3108 3870 3271 3924 simul
3306 3872 3439 3925 civi—

1892 3960 2016 4011 tatis
2048 3958 2273 4024 populus
2305 3956 2586 4018 clamaret,
2614 3955 2860 4020 Domine,
2887 3960 3163 4013 miserere.

1963 4044 2082 4096 176.
2127 4044 2256 4095 Cum
2326 4052 2502 4093 auten:
2567 4044 2845 4097 barbarica
2887 4046 3173 4099 multitudo
3230 4062 3442 4102 murum

1888 4115 2099 4187 omnem
2133 4134 2324 4188 collabi
2348 4136 2583 4195 vidisset,
2618 4143 2674 4186 ut
2701 4134 2973 4187 civitatem
3014 4145 3248 4201 caperet.
3275 4137 3438 4190 simul

1890 4222 2137 4273 universa
2176 4224 2362 4284 movit,
2407 4238 2639 4291 cumque
2672 4224 3190 4291 appropinquasset,
3222 4240 3433 4277 murum

1888 4324 1945 4365 ut
1972 4324 2100 4366 ante
2131 4323 2359 4366 stantem
2399 4313 2548 4374 vidit,
2582 4312 2839 4379 hincque,
2880 4316 2971 4378 qui
3019 4313 3433 4379 promissionem

1889 4403 2196 4471 huiusmodi
2226 4405 2279 4456 in
2307 4404 2514 4455 visione
2546 4411 2847 4470 acceperat,
2871 4403 3333 4469 archiepiscopus.
3364 4405 3433 4456 ei-

245 4500 358 4567 ρέα,
392 4501 471 4551 ὅτι
532 4501 868 4551 ἐπέσκεπται
929 4500 1027 4567 τὴν
1054 4500 1208 4551 πόλιν
1260 4500 1289 4551 ὀ
1323 4500 1521 4569 Κύριος
1572 4501 1661 4553 διὰ
1693 4502 1785 4556 τοῦ

1892 4498 2103 4550 vitalem
2142 4510 2239 4565 per
2283 4511 2438 4549 suum
2488 4494 2838 4549 certaminum
2876 4493 3141 4549 Victorem
3194 4497 3438 4549 visitasse

238 4588 532 4655 ἀῡλοφόρου
560 4588 747 4640 αὑτοῦ.
776 4587 1047 4657 Εὕρηνται
1071 4589 1205 4655 γὰρ,
1236 4589 1311 4649 ὡς
1342 4591 1434 4640 καὶ
1453 4589 1677 4642 πλεῖστα
1703 4608 1792 4645 τι-

240 4677 479 4738 θέανται,
517 4680 579 4728 ἐκ
616 4677 724 4729 τῶν
753 4679 899 4745 παρὰ
937 4678 1043 4728 τῶν
1080 4677 1368 4746 βαρδάρων
1397 4679 1679 4747 ῥιφέντων,
1714 4680 1788 4743 ὡς

239 4767 494 4833 νιφάδων,
534 4766 720 4834 βελῶν,
748 4768 869 4818 τινά
895 4765 952 4829 ἐξ
981 4768 1159 4818 αὐτῶν
1195 4767 1257 4819 τὸ
1282 4768 1657 4837 ἐπτερωμένον
1686 4770 1785 4836 μέο

242 4874 331 4924 ρος
360 4856 437 4925 τῷ
466 4858 635 4924 τείχει
664 4856 1010 4925 κολληθέντα,
1032 4858 1122 4908 τὸν
1149 4857 1204 4908 δὴ
1255 4857 1471 4927 σίδηρον
1497 4860 1631 4929 πρὸς
1658 4861 1785 4923 τοὺς

240 4947 585 5007 ὑπεναντίους
622 4948 861 5013 τρέπειν.
899 4948 1124 5000 Ἐκτοτε
1156 4947 1249 5001 οὖν
1269 4949 1365 5002 τοῦ
1392 4950 1655 5018 προέδρου
1683 4953 1781 5017 τὴν

235 5035 607 5101 γεγενημένην
635 5036 699 5103 τῇ
729 5036 878 5087 πόλει
906 5037 1053 5104 παρά
1083 5035 1216 5087 Θεοῦ
1240 5038 1543 5104 έπισκοπὴν
1578 5036 1663 5087 διά
1685 5038 1781 5105 τῆς

234 5123 326 5175 τοῦ
355 5123 579 5189 σεισμοῦ
606 5128 846 5193 ταραχῆς
883 5129 1297 5195 σαφηνίσαντος.
1356 5127 1450 5179 καὶ
1486 5126 1593 5179 τῶν
1644 5126 1777 5197 βαρ-

233 5214 416 5280 6ἀρων
442 5212 637 5277 ἔξωθεν
663 5214 1137 5282 καταπλαγέντων,
1172 5216 1438 5268 ἑπιπλείω
1474 5218 1522 5269 oi
1560 5219 1658 5286 τῆς
1681 5218 1777 5268 πό-

232 5304 367 5365 λεως
389 5304 609 5372 ἀνδρίαν
636 5303 776 5355 κατά
800 5304 903 5354 τῶν
931 5306 1183 5357 ἐναντίων
1231 5308 1569 5375 ἠμφιέσαντο
1587 5321 1600 5334 ·
1634 5308 1777 5371 τινες

304 5476 416 5545 (ιο)
448 5477 595 5531 Talia
626 5494 756 5549 sane
790 5490 938 5543 sunt,
972 5496 1092 5549 quae
1128 5481 1211 5533 hic
1243 5479 1311 5533 ab
1332 5488 1554 5549 auctore
1590 5489 1774 5534 nostro

233 5554 540 5605 narrantur.
581 5556 657 5611 ut,
686 5548 728 5599 si
754 5550 911 5601 modo
946 5547 1118 5603 locum
1144 5547 1501 5611 obtinuerint.
1525 5549 1773 5602 dubitare

1892 4586 2201 4647 Dominum.
2257 4584 2530 4653 cognovit.
2609 4582 2650 4636 E
2697 4584 2905 4652 sagittis
2966 4595 3243 4651 prctcrea,
3294 4586 3433 4638 nivis

1887 4676 2166 4732 confertim
2190 4676 2429 4730 cadentis
2455 4676 2507 4727 in
2537 4675 2752 4728 modum
2787 4688 2877 4743 per
2906 4674 3166 4729 Barbaros
3194 4678 3432 4739 emissis,

1888 4768 2182 4830 nonnullae,
2216 4768 2353 4819 alata
2388 4766 2473 4819 sui
2504 4774 2657 4833 parte
2686 4780 2841 4817 muro
2866 4763 3059 4826 aliine,
3101 4765 3296 4819 ferrata
3327 4781 3427 4819 au-

1885 4870 1987 4914 tem
2020 4876 2207 4913 versus
2245 4860 2427 4911 hostes
2473 4870 2663 4917 versa,
2716 4857 2946 4908 inventae
3002 4856 3220 4911 fuerunt
3266 4867 3429 4924 atque

1886 4951 2044 5005 etiam
2094 4959 2151 5002 ut
2204 4949 2496 5017 plurimum
2547 4955 2850 5014 conspecta:
2896 4946 3031 5015 (40).
3073 4946 3154 5000 Ab
3185 4961 3249 5001 eo
3296 4960 3428 5014 ergo

1888 5054 2126 5110 tempore
2172 5054 2202 5093 e
2264 5047 2421 5092 terrae
2470 5048 2645 5090 motus
2708 5036 2936 5088 tumultu
2984 5036 3349 5091 visitationem
3393 5053 3422 5089 a

1884 5130 1990 5183 Deo
2019 5128 2221 5182 civitati
2251 5127 2466 5188 factam,
2490 5125 2897 5191 archiepiscopo
2925 5123 3257 5188 declarante,
3291 5123 3420 5177 Bar-

1882 5219 2133 5286 barisque
2187 5218 2318 5272 foris
2365 5214 2742 5277 consternatis,
2787 5213 3106 5268 fortitudine
3161 5214 3423 5270 adversus

1880 5309 2132 5360 inimicos
2192 5309 2481 5359 maximam
2537 5314 2764 5372 partem,
2824 5304 2914 5373 qui
2965 5305 3195 5360 civitatis
3247 5314 3422 5370 erant,

1883 5478 2055 5533 fusam
2106 5495 2269 5547 supra
2297 5479 2338 5532 is
2367 5479 2549 5539 refert.
2582 5478 2749 5543 lapilli
2780 5477 2966 5547 emissi
3001 5477 3267 5529 miraculo
3296 5486 3418 5542 post

1880 5557 2067 5603 secuto
2106 5545 2226 5602 esse
2253 5549 2738 5605 accommodatam.
2781 5545 2967 5598 mirari
3002 5546 3163 5607 subit,
3193 5559 3419 5609 eamque

234 5629 342 5666 non
363 5614 560 5675 sinant.
580 5615 709 5683 quin
741 5626 851 5669 tum
869 5616 1445 5685 Thessalonicensibus
1468 5619 1771 5685 prodigiose
1876 5616 2069 5671 .Ioanni
2100 5632 2127 5669 ιι
2154 5618 2369 5670 laudato
2387 5627 2603 5669 auctore
2635 5629 2729 5681 pro
2758 5614 2982 5669 arbitrio
3012 5627 3133 5669 esse
3186 5614 3417 5668 allictaut

232 5698 260 5733 a
314 5694 502 5736 saneto
555 5686 824 5736 Demetrio
870 5684 1030 5738 fuerit
1068 5700 1407 5739 sui-cursum.
1456 5684 1765 5739 Orationem

233 5753 469 5817 interim,
503 5766 659 5819 quam
704 5769 731 5806 a
754 5751 961 5809 Joanne
988 5752 1451 5810 Thessaloniceusi
1495 5757 1559 5810 ad
1600 5754 1764 5809 Deum

1878 5687 2346 5741 vehementissime
2380 5685 2645 5754 suspicor.
