  <div class='ocr_page' id='page_1' title='image "/cluster/home/n/w/nwhite01/storage/ocr_20150623/116/nnc1.0046980156/755.png"; bbox 0 0 4206 6438; ppageno 0'>
   <div class='ocr_carea' id='block_1_1' title="bbox 786 401 924 466">
    <p class='ocr_par' dir='ltr' id='par_1_1' title="bbox 786 401 924 466">
     <span class='ocr_line' id='line_1_1' title="bbox 786 401 924 466; baseline -0.022 0"><span class='ocrx_word' id='word_1_1' title='bbox 786 401 924 466; x_wconf 76' lang='lat' dir='ltr'><strong>i3i3</strong></span> 
     </span>
    </p>
   </div>
   <div class='ocr_carea' id='block_1_2' title="bbox 2059 401 2691 466">
    <p class='ocr_par' dir='ltr' id='par_1_2' title="bbox 2059 401 2691 466">
     <span class='ocr_line' id='line_1_2' title="bbox 2059 401 2691 466; baseline 0.005 -3"><span class='ocrx_word' id='word_1_2' title='bbox 2059 401 2691 466; x_wconf 75' lang='lat' dir='ltr'><strong>SUPPLEMENTUM.</strong></span> 
     </span>
    </p>
   </div>
   <div class='ocr_carea' id='block_1_3' title="bbox 3854 384 4005 449">
    <p class='ocr_par' dir='ltr' id='par_1_3' title="bbox 3854 384 4005 449">
     <span class='ocr_line' id='line_1_3' title="bbox 3854 384 4005 449; baseline -0.007 0"><span class='ocrx_word' id='word_1_3' title='bbox 3854 384 4005 449; x_wconf 70' lang='grc' dir='ltr'><strong>13η</strong></span> 
     </span>
    </p>
   </div>
   <div class='ocr_carea' id='block_1_4' title="bbox 784 498 2445 584">
    <p class='ocr_par' dir='ltr' id='par_1_4' title="bbox 784 511 2445 584">
     <span class='ocr_line' id='line_1_4' title="bbox 784 511 2445 584; baseline -0.004 -15"><span class='ocrx_word' id='word_1_4' title='bbox 784 515 938 569; x_wconf 76' lang='lat' dir='ltr'><strong>fuere</strong></span> <span class='ocrx_word' id='word_1_5' title='bbox 971 513 1177 567; x_wconf 87' lang='lat' dir='ltr'><strong>induti:</strong></span> <span class='ocrx_word' id='word_1_6' title='bbox 1216 511 1551 568; x_wconf 84' lang='lat' dir='ltr'><strong>timidiorum</strong></span> <span class='ocrx_word' id='word_1_7' title='bbox 1581 520 1762 567; x_wconf 86' lang='lat' dir='ltr'><strong>autem</strong></span> <span class='ocrx_word' id='word_1_8' title='bbox 1808 512 2030 584; x_wconf 86' lang='lat' dir='ltr'><strong>quidam</strong></span> <span class='ocrx_word' id='word_1_9' title='bbox 2065 513 2334 567; x_wconf 79' lang='lat' dir='ltr'><strong>duntaxat</strong></span> <span class='ocrx_word' id='word_1_10' title='bbox 2364 514 2406 565; x_wconf 82' lang='grc' dir='ltr'><strong>Δ</strong></span> <span class='ocrx_word' id='word_1_11' title='bbox 2435 511 2445 562; x_wconf 86' lang='lat' dir='ltr'><strong>l</strong></span> 
     </span>
    </p>
   </div>
   <div class='ocr_carea' id='block_1_5' title="bbox 2350 498 4011 584">
    <p class='ocr_par' dir='ltr' id='par_1_5' title="bbox 2364 498 4011 581">
     <span class='ocr_line' id='line_1_5' title="bbox 2364 498 4011 581; baseline -0.009 -16"><span class='ocrx_word' id='word_1_12' title='bbox 2364 514 2406 565; x_wconf 82' lang='grc' dir='ltr'><strong>Α</strong></span> <span class='ocrx_word' id='word_1_13' title='bbox 2435 511 2490 564; x_wconf 65' lang='grc' dir='ltr'>δὲ</span> <span class='ocrx_word' id='word_1_14' title='bbox 2521 511 2630 564; x_wconf 91' lang='grc' dir='ltr'><strong>τῶν</strong></span> <span class='ocrx_word' id='word_1_15' title='bbox 2653 510 2970 581; x_wconf 75' lang='grc' dir='ltr'>διιλοτέρων</span> <span class='ocrx_word' id='word_1_16' title='bbox 2992 510 3056 579; x_wconf 78' lang='grc' dir='ltr'><strong>τῇ</strong></span> <span class='ocrx_word' id='word_1_17' title='bbox 3085 508 3327 580; x_wconf 72' lang='grc' dir='ltr'>ῥᾳθυμία</span> <span class='ocrx_word' id='word_1_18' title='bbox 3350 506 3452 575; x_wconf 79' lang='grc' dir='ltr'>τῆς</span> <span class='ocrx_word' id='word_1_19' title='bbox 3473 498 3839 571; x_wconf 74' lang='grc' dir='ltr'>ἀσυμπαθοῦς</span> <span class='ocrx_word' id='word_1_20' title='bbox 3863 514 4011 552; x_wconf 62' lang='grc' dir='ltr'>αν-</span> 
     </span>
    </p>
   </div>
   <div class='ocr_carea' id='block_1_6' title="bbox 784 603 2331 673">
    <p class='ocr_par' dir='ltr' id='par_1_6' title="bbox 784 603 2331 673">
     <span class='ocr_line' id='line_1_6' title="bbox 784 603 2331 673; baseline -0.001 -14"><span class='ocrx_word' id='word_1_21' title='bbox 784 607 856 659; x_wconf 89' lang='lat' dir='ltr'><strong>oh</strong></span> <span class='ocrx_word' id='word_1_22' title='bbox 885 605 1114 664; x_wconf 77' lang='lat' dir='ltr'><strong>unitam.</strong></span> <span class='ocrx_word' id='word_1_23' title='bbox 1145 618 1267 672; x_wconf 74' lang='lat' dir='ltr'><strong>quae</strong></span> <span class='ocrx_word' id='word_1_24' title='bbox 1299 603 1655 673; x_wconf 86' lang='lat' dir='ltr'><strong>undeqnaque</strong></span> <span class='ocrx_word' id='word_1_25' title='bbox 1703 605 1810 660; x_wconf 80' lang='lat' dir='ltr'><strong>illis</strong></span> <span class='ocrx_word' id='word_1_26' title='bbox 1853 606 2190 670; x_wconf 89' lang='lat' dir='ltr'><strong>imminebat,</strong></span> <span class='ocrx_word' id='word_1_27' title='bbox 2225 605 2331 658; x_wconf 95' lang='lat' dir='ltr'><strong>vim</strong></span> 
     </span>
    </p>
   </div>
   <div class='ocr_carea' id='block_1_7' title="bbox 784 693 1999 760">
    <p class='ocr_par' dir='ltr' id='par_1_7' title="bbox 784 693 1999 760">
     <span class='ocr_line' id='line_1_7' title="bbox 784 693 1999 760; baseline 0.002 -12"><span class='ocrx_word' id='word_1_28' title='bbox 784 695 1044 748; x_wconf 79' lang='lat' dir='ltr'><strong>immitem</strong></span> <span class='ocrx_word' id='word_1_29' title='bbox 1080 693 1244 745; x_wconf 88' lang='lat' dir='ltr'><strong>animi</strong></span> <span class='ocrx_word' id='word_1_30' title='bbox 1276 695 1575 760; x_wconf 90' lang='lat' dir='ltr'><strong>dejectione</strong></span> <span class='ocrx_word' id='word_1_31' title='bbox 1603 695 1999 750; x_wconf 79' lang='lat' dir='ltr'><strong>detinebantur.</strong></span> 
     </span>
    </p>
   </div>
   <div class='ocr_carea' id='block_1_8' title="bbox 857 783 2332 856">
    <p class='ocr_par' dir='ltr' id='par_1_8' title="bbox 857 783 2332 856">
     <span class='ocr_line' id='line_1_8' title="bbox 857 783 2332 856; baseline 0.005 -19"><span class='ocrx_word' id='word_1_32' title='bbox 857 784 976 837; x_wconf 80' lang='grc'>177.</span> <span class='ocrx_word' id='word_1_33' title='bbox 1034 783 1187 836; x_wconf 82' lang='lat' dir='ltr'><strong>Tunc</strong></span> <span class='ocrx_word' id='word_1_34' title='bbox 1249 784 1566 837; x_wconf 82' lang='lat' dir='ltr'><strong>aﬂlictorum</strong></span> <span class='ocrx_word' id='word_1_35' title='bbox 1634 783 1924 851; x_wconf 87' lang='lat' dir='ltr'><strong>Servator,</strong></span> <span class='ocrx_word' id='word_1_36' title='bbox 1983 797 2332 856; x_wconf 83' lang='lat' dir='ltr'><strong>tempestate-</strong></span> 
     </span>
    </p>
   </div>
   <div class='ocr_carea' id='block_1_9' title="bbox 781 876 2336 944">
    <p class='ocr_par' dir='ltr' id='par_1_9' title="bbox 781 876 2336 944">
     <span class='ocr_line' id='line_1_9' title="bbox 781 876 2336 944; baseline 0.002 -14"><span class='ocrx_word' id='word_1_37' title='bbox 781 891 889 944; x_wconf 84' lang='lat' dir='ltr'><strong>q&#39;ue</strong></span> <span class='ocrx_word' id='word_1_38' title='bbox 948 876 1274 943; x_wconf 77' lang='lat' dir='ltr'><strong>jac-talorum</strong></span> <span class='ocrx_word' id='word_1_39' title='bbox 1356 885 1566 943; x_wconf 85' lang='lat' dir='ltr'><strong>portus.</strong></span> <span class='ocrx_word' id='word_1_40' title='bbox 1607 877 1803 930; x_wconf 85' lang='lat' dir='ltr'><strong>virtute</strong></span> <span class='ocrx_word' id='word_1_41' title='bbox 1861 880 2118 932; x_wconf 81' lang='lat' dir='ltr'><strong>invisibili</strong></span> <span class='ocrx_word' id='word_1_42' title='bbox 2173 895 2336 933; x_wconf 82' lang='lat' dir='ltr'><strong>naves</strong></span> 
     </span>
    </p>
   </div>
   <div class='ocr_carea' id='block_1_10' title="bbox 784 966 2336 1037">
    <p class='ocr_par' dir='ltr' id='par_1_10' title="bbox 784 966 2336 1037">
     <span class='ocr_line' id='line_1_10' title="bbox 784 966 2336 1037; baseline 0.004 -19"><span class='ocrx_word' id='word_1_43' title='bbox 784 968 1048 1035; x_wconf 84' lang='lat' dir='ltr'><strong>plurimas</strong></span> <span class='ocrx_word' id='word_1_44' title='bbox 1098 966 1367 1018; x_wconf 80' lang='lat' dir='ltr'><strong>frumento</strong></span> <span class='ocrx_word' id='word_1_45' title='bbox 1399 967 1630 1035; x_wconf 80' lang='lat' dir='ltr'><strong>aliisque</strong></span> <span class='ocrx_word' id='word_1_46' title='bbox 1665 971 1826 1022; x_wconf 87' lang='lat' dir='ltr'><strong>ctiam</strong></span> <span class='ocrx_word' id='word_1_47' title='bbox 1873 969 2070 1023; x_wconf 83' lang='lat' dir='ltr'><strong>diversi</strong></span> <span class='ocrx_word' id='word_1_48' title='bbox 2122 971 2336 1037; x_wconf 79' lang='lat' dir='ltr'><strong>generis</strong></span> 
     </span>
    </p>
   </div>
   <div class='ocr_carea' id='block_1_11' title="bbox 783 1059 2333 1129">
    <p class='ocr_par' dir='ltr' id='par_1_11' title="bbox 783 1059 2333 1129">
     <span class='ocr_line' id='line_1_11' title="bbox 783 1059 2333 1129; baseline 0.003 -18"><span class='ocrx_word' id='word_1_49' title='bbox 783 1060 1001 1112; x_wconf 82' lang='lat' dir='ltr'><strong>cibariis</strong></span> <span class='ocrx_word' id='word_1_50' title='bbox 1061 1066 1306 1118; x_wconf 79' lang='lat' dir='ltr'><strong>Onustas,</strong></span> <span class='ocrx_word' id='word_1_51' title='bbox 1359 1059 1601 1125; x_wconf 84' lang='lat' dir='ltr'><strong>quotidie</strong></span> <span class='ocrx_word' id='word_1_52' title='bbox 1653 1062 1854 1129; x_wconf 89' lang='lat' dir='ltr'><strong>absque</strong></span> <span class='ocrx_word' id='word_1_53' title='bbox 1908 1063 2333 1126; x_wconf 85' lang='lat' dir='ltr'><strong>intermissione,</strong></span> 
     </span>
    </p>
   </div>
   <div class='ocr_carea' id='block_1_12' title="bbox 783 1150 2339 1217">
    <p class='ocr_par' dir='ltr' id='par_1_12' title="bbox 783 1150 2339 1217">
     <span class='ocr_line' id='line_1_12' title="bbox 783 1150 2339 1217; baseline 0.005 -17"><span class='ocrx_word' id='word_1_54' title='bbox 783 1150 1022 1215; x_wconf 83' lang='lat' dir='ltr'><strong>quandiu</strong></span> <span class='ocrx_word' id='word_1_55' title='bbox 1074 1150 1194 1204; x_wconf 90' lang='lat' dir='ltr'><strong>talis</strong></span> <span class='ocrx_word' id='word_1_56' title='bbox 1233 1150 1597 1203; x_wconf 84' lang='lat' dir='ltr'><strong>Barbarnrum</strong></span> <span class='ocrx_word' id='word_1_57' title='bbox 1648 1156 1927 1206; x_wconf 86' lang='lat' dir='ltr'><strong>contentio</strong></span> <span class='ocrx_word' id='word_1_58' title='bbox 1961 1155 2216 1217; x_wconf 84' lang='lat' dir='ltr'><strong>obtinuit,</strong></span> <span class='ocrx_word' id='word_1_59' title='bbox 2244 1155 2339 1208; x_wconf 89' lang='lat' dir='ltr'><strong>ad-</strong></span> 
     </span>
    </p>
   </div>
   <div class='ocr_carea' id='block_1_13' title="bbox 786 1236 2340 1309">
    <p class='ocr_par' dir='ltr' id='par_1_13' title="bbox 786 1236 2340 1309">
     <span class='ocr_line' id='line_1_13' title="bbox 786 1236 2340 1309; baseline 0.005 -22"><span class='ocrx_word' id='word_1_60' title='bbox 786 1236 990 1298; x_wconf 85' lang='lat' dir='ltr'><strong>venire,</strong></span> <span class='ocrx_word' id='word_1_61' title='bbox 1024 1236 1344 1290; x_wconf 80' lang='lat' dir='ltr'><strong>mirabiliter</strong></span> <span class='ocrx_word' id='word_1_62' title='bbox 1391 1237 1536 1300; x_wconf 75' lang='lat' dir='ltr'><strong>fecit,</strong></span> <span class='ocrx_word' id='word_1_63' title='bbox 1572 1240 1643 1291; x_wconf 92' lang='lat' dir='ltr'><strong>ita</strong></span> <span class='ocrx_word' id='word_1_64' title='bbox 1683 1250 1739 1291; x_wconf 89' lang='lat' dir='ltr'><strong>ut</strong></span> <span class='ocrx_word' id='word_1_65' title='bbox 1772 1253 1958 1308; x_wconf 86' lang='lat' dir='ltr'><strong>portus</strong></span> <span class='ocrx_word' id='word_1_66' title='bbox 2009 1251 2156 1296; x_wconf 90' lang='lat' dir='ltr'><strong>totus</strong></span> <span class='ocrx_word' id='word_1_67' title='bbox 2188 1258 2340 1309; x_wconf 86' lang='lat' dir='ltr'><strong>pars-</strong></span> 
     </span>
    </p>
   </div>
   <div class='ocr_carea' id='block_1_14' title="bbox 784 1329 2334 1394">
    <p class='ocr_par' dir='ltr' id='par_1_14' title="bbox 784 1329 2334 1394">
     <span class='ocr_line' id='line_1_14' title="bbox 784 1329 2334 1394; baseline 0.007 -17"><span class='ocrx_word' id='word_1_68' title='bbox 784 1342 887 1394; x_wconf 87' lang='lat' dir='ltr'><strong>que</strong></span> <span class='ocrx_word' id='word_1_69' title='bbox 909 1329 1088 1382; x_wconf 88' lang='lat' dir='ltr'><strong>omnis</strong></span> <span class='ocrx_word' id='word_1_70' title='bbox 1133 1330 1262 1381; x_wconf 89' lang='lat' dir='ltr'><strong>mari</strong></span> <span class='ocrx_word' id='word_1_71' title='bbox 1292 1329 1544 1394; x_wconf 82' lang='lat' dir='ltr'><strong>adjacens</strong></span> <span class='ocrx_word' id='word_1_72' title='bbox 1577 1347 1603 1382; x_wconf 90' lang='lat' dir='ltr'><strong>a</strong></span> <span class='ocrx_word' id='word_1_73' title='bbox 1641 1343 1787 1384; x_wconf 86' lang='lat' dir='ltr'><strong>tanta</strong></span> <span class='ocrx_word' id='word_1_74' title='bbox 1827 1335 2045 1388; x_wconf 81' lang='lat' dir='ltr'><strong>navium</strong></span> <span class='ocrx_word' id='word_1_75' title='bbox 2082 1336 2334 1390; x_wconf 75' lang='lat' dir='ltr'><strong>multitn~</strong></span> 
     </span>
    </p>
   </div>
   <div class='ocr_carea' id='block_1_15' title="bbox 784 1411 2340 1494">
    <p class='ocr_par' dir='ltr' id='par_1_15' title="bbox 784 1411 2340 1494">
     <span class='ocr_line' id='line_1_15' title="bbox 784 1411 2340 1494; baseline 0.012 -33"><span class='ocrx_word' id='word_1_76' title='bbox 784 1411 908 1464; x_wconf 89' lang='lat' dir='ltr'><strong>dine</strong></span> <span class='ocrx_word' id='word_1_77' title='bbox 964 1413 1312 1480; x_wconf 85' lang='lat' dir='ltr'><strong>impleretur,</strong></span> <span class='ocrx_word' id='word_1_78' title='bbox 1374 1419 1594 1472; x_wconf 82' lang='lat' dir='ltr'><strong>navales</strong></span> <span class='ocrx_word' id='word_1_79' title='bbox 1656 1430 1836 1473; x_wconf 82' lang='lat' dir='ltr'><strong>autem</strong></span> <span class='ocrx_word' id='word_1_80' title='bbox 1895 1424 2109 1478; x_wconf 88' lang='lat' dir='ltr'><strong>illarum</strong></span> <span class='ocrx_word' id='word_1_81' title='bbox 2171 1429 2340 1494; x_wconf 75' lang='lat' dir='ltr'><strong>copia:</strong></span> 
     </span>
    </p>
   </div>
   <div class='ocr_carea' id='block_1_16' title="bbox 785 1505 2337 1582">
    <p class='ocr_par' dir='ltr' id='par_1_16' title="bbox 785 1505 2337 1582">
     <span class='ocr_line' id='line_1_16' title="bbox 785 1505 2337 1582; baseline 0.013 -31"><span class='ocrx_word' id='word_1_82' title='bbox 785 1509 969 1567; x_wconf 90' lang='lat' dir='ltr'><strong>utpote</strong></span> <span class='ocrx_word' id='word_1_83' title='bbox 997 1505 1373 1558; x_wconf 83' lang='lat' dir='ltr'><strong>machinarum</strong></span> <span class='ocrx_word' id='word_1_84' title='bbox 1421 1510 1736 1563; x_wconf 83' lang='lat' dir='ltr'><strong>bellicarum</strong></span> <span class='ocrx_word' id='word_1_85' title='bbox 1777 1515 1986 1579; x_wconf 60' lang='lat' dir='ltr'><strong>peritae,</strong></span> <span class='ocrx_word' id='word_1_86' title='bbox 2016 1519 2337 1582; x_wconf 81' lang='lat' dir='ltr'><strong>petrobolis,</strong></span> 
     </span>
    </p>
   </div>
   <div class='ocr_carea' id='block_1_17' title="bbox 789 1594 2341 1663">
    <p class='ocr_par' dir='ltr' id='par_1_17' title="bbox 789 1594 2341 1663">
     <span class='ocr_line' id='line_1_17' title="bbox 789 1594 2341 1663; baseline 0.01 -20"><span class='ocrx_word' id='word_1_87' title='bbox 789 1594 1116 1659; x_wconf 72' lang='lat' dir='ltr'><strong>reliquisque</strong></span> <span class='ocrx_word' id='word_1_88' title='bbox 1143 1612 1263 1663; x_wconf 79' lang='lat' dir='ltr'><strong>quze</strong></span> <span class='ocrx_word' id='word_1_89' title='bbox 1284 1610 1470 1663; x_wconf 89' lang='lat' dir='ltr'><strong>parata</strong></span> <span class='ocrx_word' id='word_1_90' title='bbox 1501 1611 1678 1663; x_wconf 89' lang='lat' dir='ltr'><strong>erant,</strong></span> <span class='ocrx_word' id='word_1_91' title='bbox 1711 1603 2095 1658; x_wconf 82' lang='lat' dir='ltr'><strong>instrumentis</strong></span> <span class='ocrx_word' id='word_1_92' title='bbox 2132 1608 2341 1660; x_wconf 86' lang='lat' dir='ltr'><strong>bcllicis</strong></span> 
     </span>
    </p>
   </div>
   <div class='ocr_carea' id='block_1_18' title="bbox 795 1683 2342 1762">
    <p class='ocr_par' dir='ltr' id='par_1_18' title="bbox 795 1683 2342 1762">
     <span class='ocr_line' id='line_1_18' title="bbox 795 1683 2342 1762; baseline 0.014 -31"><span class='ocrx_word' id='word_1_93' title='bbox 795 1683 1199 1747; x_wconf 76' lang='lat' dir='ltr'><strong>ministrarent;</strong></span> <span class='ocrx_word' id='word_1_94' title='bbox 1247 1687 1468 1740; x_wconf 81' lang='lat' dir='ltr'><strong>Barbari</strong></span> <span class='ocrx_word' id='word_1_95' title='bbox 1499 1705 1628 1743; x_wconf 91' lang='lat' dir='ltr'><strong>vero</strong></span> <span class='ocrx_word' id='word_1_96' title='bbox 1674 1693 1933 1755; x_wconf 86' lang='lat' dir='ltr'><strong>dicerent,</strong></span> <span class='ocrx_word' id='word_1_97' title='bbox 1973 1705 2213 1762; x_wconf 82' lang='lat' dir='ltr'><strong>tempore</strong></span> <span class='ocrx_word' id='word_1_98' title='bbox 2247 1715 2342 1752; x_wconf 92' lang='lat' dir='ltr'><strong>no-</strong></span> 
     </span>
    </p>
   </div>
   <div class='ocr_carea' id='block_1_19' title="bbox 2435 595 3757 674">
    <p class='ocr_par' dir='ltr' id='par_1_19' title="bbox 2435 595 3757 674">
     <span class='ocr_line' id='line_1_19' title="bbox 2435 595 3757 674; baseline -0.008 -16"><span class='ocrx_word' id='word_1_99' title='bbox 2435 606 2657 674; x_wconf 71' lang='grc' dir='ltr'>ταχὸθεν</span> <span class='ocrx_word' id='word_1_100' title='bbox 2681 604 2820 674; x_wconf 80' lang='grc' dir='ltr'>πρὸς</span> <span class='ocrx_word' id='word_1_101' title='bbox 2846 604 3043 665; x_wconf 74' lang='grc' dir='ltr'>αὐτοὺς</span> <span class='ocrx_word' id='word_1_102' title='bbox 3070 600 3387 672; x_wconf 76' lang='grc' dir='ltr'><strong>συμμαχίας</strong></span> <span class='ocrx_word' id='word_1_103' title='bbox 3423 595 3757 667; x_wconf 67' lang='grc' dir='ltr'>κατεῖχοντο.</span> 
     </span>
    </p>
   </div>
   <div class='ocr_carea' id='block_1_20' title="bbox 2506 764 4004 851">
    <p class='ocr_par' dir='ltr' id='par_1_20' title="bbox 2506 764 4004 851">
     <span class='ocr_line' id='line_1_20' title="bbox 2506 764 4004 851; baseline -0.013 -16"><span class='ocrx_word' id='word_1_104' title='bbox 2506 783 2634 851; x_wconf 75' lang='grc' dir='ltr'>ροζ⁹.</span> <span class='ocrx_word' id='word_1_105' title='bbox 2675 781 2806 834; x_wconf 82' lang='grc' dir='ltr'>Τότε</span> <span class='ocrx_word' id='word_1_106' title='bbox 2845 780 2874 832; x_wconf 94' lang='grc' dir='ltr'><strong>ὁ</strong></span> <span class='ocrx_word' id='word_1_107' title='bbox 2907 778 3017 832; x_wconf 90' lang='grc' dir='ltr'><strong>τῶν</strong></span> <span class='ocrx_word' id='word_1_108' title='bbox 3075 775 3413 844; x_wconf 72' lang='grc' dir='ltr'>ολιδομένων</span> <span class='ocrx_word' id='word_1_109' title='bbox 3451 771 3665 840; x_wconf 80' lang='grc' dir='ltr'>-Σωτὴρ</span> <span class='ocrx_word' id='word_1_110' title='bbox 3715 767 3819 821; x_wconf 79' lang='grc' dir='ltr'>καὶ</span> <span class='ocrx_word' id='word_1_111' title='bbox 3886 764 4004 817; x_wconf 81' lang='grc' dir='ltr'><strong>τῶν</strong></span> 
     </span>
    </p>
   </div>
   <div class='ocr_carea' id='block_1_21' title="bbox 2436 855 4008 942">
    <p class='ocr_par' dir='ltr' id='par_1_21' title="bbox 2436 855 4008 942">
     <span class='ocr_line' id='line_1_21' title="bbox 2436 855 4008 942; baseline -0.014 -16"><span class='ocrx_word' id='word_1_112' title='bbox 2436 872 2846 942; x_wconf 77' lang='grc' dir='ltr'><strong>χειμαζομένων</strong></span> <span class='ocrx_word' id='word_1_113' title='bbox 2865 870 3031 937; x_wconf 76' lang='grc' dir='ltr'>λιμὴν</span> <span class='ocrx_word' id='word_1_114' title='bbox 3056 866 3113 930; x_wconf 73' lang='grc' dir='ltr'><strong>ἐξ</strong></span> <span class='ocrx_word' id='word_1_115' title='bbox 3140 865 3389 932; x_wconf 75' lang='grc' dir='ltr'><strong>ἀοράτων</strong></span> <span class='ocrx_word' id='word_1_116' title='bbox 3417 865 3738 927; x_wconf 63' lang='grc' dir='ltr'>σιτοψὸρους</span> <span class='ocrx_word' id='word_1_117' title='bbox 3761 855 4008 914; x_wconf 79' lang='grc' dir='ltr'>ὁλκάδας</span> 
     </span>
    </p>
   </div>
   <div class='ocr_carea' id='block_1_22' title="bbox 2441 946 4008 1028">
    <p class='ocr_par' dir='ltr' id='par_1_22' title="bbox 2441 946 4008 1028">
     <span class='ocr_line' id='line_1_22' title="bbox 2441 946 4008 1028; baseline -0.014 -14"><span class='ocrx_word' id='word_1_118' title='bbox 2441 963 2578 1027; x_wconf 70' lang='grc' dir='ltr'>μετὰ</span> <span class='ocrx_word' id='word_1_119' title='bbox 2607 962 2700 1012; x_wconf 78' lang='grc' dir='ltr'>καὶ</span> <span class='ocrx_word' id='word_1_120' title='bbox 2735 961 2935 1028; x_wconf 75' lang='grc' dir='ltr'>ἑτέρων</span> <span class='ocrx_word' id='word_1_121' title='bbox 2987 957 3256 1022; x_wconf 82' lang='grc' dir='ltr'>διαφόρων</span> <span class='ocrx_word' id='word_1_122' title='bbox 3296 953 3451 1005; x_wconf 85' lang='grc' dir='ltr'>εἰδῶν</span> <span class='ocrx_word' id='word_1_123' title='bbox 3491 951 3752 1006; x_wconf 80' lang='grc' dir='ltr'>πλείστας</span> <span class='ocrx_word' id='word_1_124' title='bbox 3801 946 4008 1010; x_wconf 75' lang='grc' dir='ltr'>μέχρις</span> 
     </span>
    </p>
   </div>
   <div class='ocr_carea' id='block_1_23' title="bbox 2438 1035 4005 1123">
    <p class='ocr_par' dir='ltr' id='par_1_23' title="bbox 2438 1035 4005 1123">
     <span class='ocr_line' id='line_1_23' title="bbox 2438 1035 4005 1123; baseline -0.014 -18"><span class='ocrx_word' id='word_1_125' title='bbox 2438 1053 2502 1106; x_wconf 86' lang='grc' dir='ltr'>ἂν</span> <span class='ocrx_word' id='word_1_126' title='bbox 2538 1055 2570 1123; x_wconf 82' lang='grc' dir='ltr'>ἡ</span> <span class='ocrx_word' id='word_1_127' title='bbox 2607 1051 2824 1117; x_wconf 79' lang='grc' dir='ltr'><strong>τοιαύτη</strong></span> <span class='ocrx_word' id='word_1_128' title='bbox 2862 1049 2967 1100; x_wconf 85' lang='grc' dir='ltr'><strong>τῶν</strong></span> <span class='ocrx_word' id='word_1_129' title='bbox 3020 1048 3312 1116; x_wconf 73' lang='grc' dir='ltr'>βαρϐάρων</span> <span class='ocrx_word' id='word_1_130' title='bbox 3357 1041 3620 1109; x_wconf 70' lang='grc' dir='ltr'>ἐτύγχανε</span> <span class='ocrx_word' id='word_1_131' title='bbox 3656 1035 4005 1103; x_wconf 75' lang='grc' dir='ltr'>παράταξις,</span> 
     </span>
    </p>
   </div>
   <div class='ocr_carea' id='block_1_24' title="bbox 2439 1126 4009 1209">
    <p class='ocr_par' dir='ltr' id='par_1_24' title="bbox 2439 1126 4009 1209">
     <span class='ocr_line' id='line_1_24' title="bbox 2439 1126 4009 1209; baseline -0.012 -14"><span class='ocrx_word' id='word_1_132' title='bbox 2439 1144 2671 1209; x_wconf 65' lang='grc' dir='ltr'>ἑκάστης</span> <span class='ocrx_word' id='word_1_133' title='bbox 2697 1143 2905 1209; x_wconf 72' lang='grc' dir='ltr'>ἡμέρας</span> <span class='ocrx_word' id='word_1_134' title='bbox 2925 1139 3216 1198; x_wconf 81' lang='grc' dir='ltr'>άνενδὸτως</span> <span class='ocrx_word' id='word_1_135' title='bbox 3248 1132 3590 1203; x_wconf 79' lang='grc' dir='ltr'>εἱσέρχεσθαι</span> <span class='ocrx_word' id='word_1_136' title='bbox 3617 1126 4009 1194; x_wconf 71' lang='grc' dir='ltr'>ἑθαυματούρο</span> 
     </span>
    </p>
   </div>
   <div class='ocr_carea' id='block_1_25' title="bbox 2439 1216 4009 1300">
    <p class='ocr_par' dir='ltr' id='par_1_25' title="bbox 2439 1216 4009 1300">
     <span class='ocr_line' id='line_1_25' title="bbox 2439 1216 4009 1300; baseline -0.015 -14"><span class='ocrx_word' id='word_1_137' title='bbox 2439 1252 2626 1300; x_wconf 81' lang='grc' dir='ltr'>γησεν,</span> <span class='ocrx_word' id='word_1_138' title='bbox 2678 1233 2751 1294; x_wconf 87' lang='grc' dir='ltr'><strong>ώς</strong></span> <span class='ocrx_word' id='word_1_139' title='bbox 2807 1233 2984 1284; x_wconf 80' lang='grc' dir='ltr'>πάντα</span> <span class='ocrx_word' id='word_1_140' title='bbox 3034 1228 3123 1279; x_wconf 68' lang='grc' dir='ltr'><strong>τὸν</strong></span> <span class='ocrx_word' id='word_1_141' title='bbox 3178 1227 3373 1295; x_wconf 76' lang='grc' dir='ltr'>λιμένα</span> <span class='ocrx_word' id='word_1_142' title='bbox 3408 1221 3740 1291; x_wconf 74' lang='grc' dir='ltr'>γεμισθῆναι</span> <span class='ocrx_word' id='word_1_143' title='bbox 3776 1220 3876 1269; x_wconf 77' lang='grc' dir='ltr'>καὶ</span> <span class='ocrx_word' id='word_1_144' title='bbox 3907 1216 4009 1283; x_wconf 69' lang='grc' dir='ltr'><strong>τὴν</strong></span> 
     </span>
    </p>
   </div>
   <div class='ocr_carea' id='block_1_26' title="bbox 2440 1311 4010 1393">
    <p class='ocr_par' dir='ltr' id='par_1_26' title="bbox 2440 1311 4010 1393">
     <span class='ocr_line' id='line_1_26' title="bbox 2440 1311 4010 1393; baseline -0.011 -15"><span class='ocrx_word' id='word_1_145' title='bbox 2440 1326 2705 1393; x_wconf 81' lang='grc' dir='ltr'><strong>παράλιον</strong></span> <span class='ocrx_word' id='word_1_146' title='bbox 2753 1325 2880 1391; x_wconf 79' lang='grc' dir='ltr'>ὅλην</span> <span class='ocrx_word' id='word_1_147' title='bbox 2913 1326 2976 1376; x_wconf 63' lang='grc' dir='ltr'>ὲκ</span> <span class='ocrx_word' id='word_1_148' title='bbox 3027 1322 3137 1375; x_wconf 88' lang='grc' dir='ltr'><strong>τῶν</strong></span> <span class='ocrx_word' id='word_1_149' title='bbox 3181 1322 3449 1372; x_wconf 76' lang='grc' dir='ltr'><strong>τοσούτων</strong></span> <span class='ocrx_word' id='word_1_150' title='bbox 3501 1316 3733 1367; x_wconf 78' lang='grc' dir='ltr'>πλοίων·</span> <span class='ocrx_word' id='word_1_151' title='bbox 3786 1312 3923 1372; x_wconf 69' lang='grc' dir='ltr'>τοὺς</span> <span class='ocrx_word' id='word_1_152' title='bbox 3953 1311 4010 1362; x_wconf 63' lang='grc' dir='ltr'>δὲ</span> 
     </span>
    </p>
   </div>
   <div class='ocr_carea' id='block_1_27' title="bbox 2441 1403 4014 1476">
    <p class='ocr_par' dir='ltr' id='par_1_27' title="bbox 2441 1403 4014 1476">
     <span class='ocr_line' id='line_1_27' title="bbox 2441 1403 4014 1476; baseline -0.012 -8"><span class='ocrx_word' id='word_1_153' title='bbox 2441 1415 2643 1468; x_wconf 87' lang='grc' dir='ltr'>τούτων</span> <span class='ocrx_word' id='word_1_154' title='bbox 2673 1416 2980 1476; x_wconf 81' lang='grc' dir='ltr'>ναυτικοὺς,</span> <span class='ocrx_word' id='word_1_155' title='bbox 3016 1413 3090 1473; x_wconf 84' lang='grc' dir='ltr'>ὡς</span> <span class='ocrx_word' id='word_1_156' title='bbox 3125 1405 3675 1475; x_wconf 67' lang='grc' dir='ltr'>ἐμπειρομαγγάνους</span> <span class='ocrx_word' id='word_1_157' title='bbox 3699 1441 3716 1464; x_wconf 88' lang='grc'><strong>,</strong></span> <span class='ocrx_word' id='word_1_158' title='bbox 3751 1403 3882 1462; x_wconf 77' lang='grc' dir='ltr'>ταῖς</span> <span class='ocrx_word' id='word_1_159' title='bbox 3911 1416 4014 1450; x_wconf 77' lang='grc' dir='ltr'>πε-</span> 
     </span>
    </p>
   </div>
   <div class='ocr_carea' id='block_1_28' title="bbox 2441 1495 4012 1573">
    <p class='ocr_par' dir='ltr' id='par_1_28' title="bbox 2441 1495 4012 1573">
     <span class='ocr_line' id='line_1_28' title="bbox 2441 1495 4012 1573; baseline -0.013 -16"><span class='ocrx_word' id='word_1_160' title='bbox 2441 1506 2697 1573; x_wconf 79' lang='grc' dir='ltr'>τραρέαις</span> <span class='ocrx_word' id='word_1_161' title='bbox 2749 1504 2843 1554; x_wconf 76' lang='grc' dir='ltr'>καὶ</span> <span class='ocrx_word' id='word_1_162' title='bbox 2873 1502 2980 1552; x_wconf 85' lang='grc' dir='ltr'><strong>τῶν</strong></span> <span class='ocrx_word' id='word_1_163' title='bbox 3011 1498 3214 1552; x_wconf 79' lang='grc' dir='ltr'>λοιπῶν</span> <span class='ocrx_word' id='word_1_164' title='bbox 3266 1495 3622 1562; x_wconf 72' lang='grc' dir='ltr'><strong>ἐξυπηρετεῖν</strong></span> <span class='ocrx_word' id='word_1_165' title='bbox 3650 1505 4012 1542; x_wconf 77' lang='grc' dir='ltr'>κατεσκευαο</span> 
     </span>
    </p>
   </div>
   <div class='ocr_carea' id='block_1_29' title="bbox 2444 1580 4012 1661">
    <p class='ocr_par' dir='ltr' id='par_1_29' title="bbox 2444 1580 4012 1661">
     <span class='ocr_line' id='line_1_29' title="bbox 2444 1580 4012 1661; baseline -0.013 -13"><span class='ocrx_word' id='word_1_166' title='bbox 2444 1598 2656 1661; x_wconf 79' lang='grc' dir='ltr'>σμένων</span> <span class='ocrx_word' id='word_1_167' title='bbox 2679 1594 2876 1652; x_wconf 69' lang='grc' dir='ltr'>ὅπλων,</span> <span class='ocrx_word' id='word_1_168' title='bbox 2907 1593 3032 1651; x_wconf 72' lang='grc' dir='ltr'>τοὺς</span> <span class='ocrx_word' id='word_1_169' title='bbox 3075 1591 3132 1641; x_wconf 72' lang='grc' dir='ltr'>δὲ</span> <span class='ocrx_word' id='word_1_170' title='bbox 3183 1586 3499 1656; x_wconf 75' lang='grc' dir='ltr'>βαρϐάρους</span> <span class='ocrx_word' id='word_1_171' title='bbox 3547 1585 3751 1649; x_wconf 75' lang='grc' dir='ltr'>λέγειν.</span> <span class='ocrx_word' id='word_1_172' title='bbox 3793 1580 4012 1644; x_wconf 72' lang='grc' dir='ltr'>ὄτιτὴν</span> 
     </span>
    </p>
   </div>
   <div class='ocr_carea' id='block_1_30' title="bbox 2443 1670 4011 1752">
    <p class='ocr_par' dir='ltr' id='par_1_30' title="bbox 2443 1670 4011 1752">
     <span class='ocr_line' id='line_1_30' title="bbox 2443 1670 4011 1752; baseline -0.012 -14"><span class='ocrx_word' id='word_1_173' title='bbox 2443 1686 2610 1740; x_wconf 80' lang='grc' dir='ltr'>νύκτα</span> <span class='ocrx_word' id='word_1_174' title='bbox 2644 1685 2768 1747; x_wconf 77' lang='grc' dir='ltr'>τοὺς</span> <span class='ocrx_word' id='word_1_175' title='bbox 2800 1685 2896 1752; x_wconf 79' lang='grc' dir='ltr'>τῆς</span> <span class='ocrx_word' id='word_1_176' title='bbox 2956 1683 3158 1741; x_wconf 81' lang='grc' dir='ltr'>πόλεως</span> <span class='ocrx_word' id='word_1_177' title='bbox 3200 1678 3551 1734; x_wconf 77' lang='grc' dir='ltr'><strong>ἀποστέλλειν</strong></span> <span class='ocrx_word' id='word_1_178' title='bbox 3573 1677 3640 1727; x_wconf 78' lang='grc' dir='ltr'><strong>τά</strong></span> <span class='ocrx_word' id='word_1_179' title='bbox 3683 1673 3875 1734; x_wconf 81' lang='grc' dir='ltr'>πλοῖα,</span> <span class='ocrx_word' id='word_1_180' title='bbox 3913 1670 4011 1720; x_wconf 76' lang='grc' dir='ltr'>καὶ</span> 
     </span>
    </p>
   </div>
   <div class='ocr_carea' id='block_1_31' title="bbox 792 1762 2453 1878">
    <p class='ocr_par' dir='ltr' id='par_1_31' title="bbox 792 1778 2453 1878">
     <span class='ocr_line' id='line_1_31' title="bbox 792 1778 2453 1878; baseline 0.011 -52"><span class='ocrx_word' id='word_1_181' title='bbox 792 1783 1007 1835; x_wconf 81' lang='lat' dir='ltr'><strong>ctnrno,</strong></span> <span class='ocrx_word' id='word_1_182' title='bbox 1042 1778 1131 1839; x_wconf 86' lang='lat' dir='ltr'><strong>qui</strong></span> <span class='ocrx_word' id='word_1_183' title='bbox 1171 1780 1407 1832; x_wconf 77' lang='lat' dir='ltr'><strong>civitatis</strong></span> <span class='ocrx_word' id='word_1_184' title='bbox 1439 1793 1610 1845; x_wconf 88' lang='lat' dir='ltr'><strong>erant,</strong></span> <span class='ocrx_word' id='word_1_185' title='bbox 1639 1799 1800 1836; x_wconf 86' lang='lat' dir='ltr'><strong>naves</strong></span> <span class='ocrx_word' id='word_1_186' title='bbox 1823 1787 2086 1848; x_wconf 86' lang='lat' dir='ltr'><strong>emittere.</strong></span> <span class='ocrx_word' id='word_1_187' title='bbox 2119 1789 2339 1843; x_wconf 83' lang='lat' dir='ltr'><strong>diurno-</strong></span> <span class='ocrx_word' id='word_1_188' title='bbox 2371 1825 2411 1878; x_wconf 71' lang='grc' dir='ltr'><strong>Β</strong></span> <span class='ocrx_word' id='word_1_189' title='bbox 2442 1797 2453 1827; x_wconf 62' lang='grc' dir='ltr'><strong>τ</strong></span> 
     </span>
    </p>
   </div>
   <div class='ocr_carea' id='block_1_32' title="bbox 2348 1762 4009 1878">
    <p class='ocr_par' dir='ltr' id='par_1_32' title="bbox 2371 1762 4009 1878">
     <span class='ocr_line' id='line_1_32' title="bbox 2371 1762 4009 1878; baseline -0.012 -48"><span class='ocrx_word' id='word_1_190' title='bbox 2371 1825 2411 1878; x_wconf 73' lang='grc' dir='ltr'><strong>Β</strong></span> <span class='ocrx_word' id='word_1_191' title='bbox 2442 1779 2538 1844; x_wconf 77' lang='grc' dir='ltr'>τὴν</span> <span class='ocrx_word' id='word_1_192' title='bbox 2562 1777 2773 1846; x_wconf 78' lang='grc' dir='ltr'>ἡμέραν</span> <span class='ocrx_word' id='word_1_193' title='bbox 2796 1774 2872 1841; x_wconf 87' lang='grc' dir='ltr'>τῷ</span> <span class='ocrx_word' id='word_1_194' title='bbox 2899 1774 3074 1826; x_wconf 83' lang='grc' dir='ltr'>δοκεῖν</span> <span class='ocrx_word' id='word_1_195' title='bbox 3103 1771 3274 1823; x_wconf 80' lang='grc' dir='ltr'>ταῦτα</span> <span class='ocrx_word' id='word_1_196' title='bbox 3299 1766 3656 1834; x_wconf 69' lang='grc' dir='ltr'>εἰσέρχεσθαι·</span> <span class='ocrx_word' id='word_1_197' title='bbox 3684 1764 3927 1878; x_wconf 60' lang='grc' dir='ltr'>ῗάσκειν</span> <span class='ocrx_word' id='word_1_198' title='bbox 3950 1762 4009 1870; x_wconf 64' lang='grc' dir='ltr'>δὲ</span> 
     </span>
    </p>
   </div>
   <div class='ocr_carea' id='block_1_33' title="bbox 786 1867 2337 1948">
    <p class='ocr_par' dir='ltr' id='par_1_33' title="bbox 786 1867 2337 1948">
     <span class='ocr_line' id='line_1_33' title="bbox 786 1867 2337 1948; baseline 0.014 -35"><span class='ocrx_word' id='word_1_199' title='bbox 786 1879 890 1930; x_wconf 89' lang='lat' dir='ltr'><strong>que</strong></span> <span class='ocrx_word' id='word_1_200' title='bbox 947 1867 1088 1926; x_wconf 77' lang='lat' dir='ltr'><strong>illas,</strong></span> <span class='ocrx_word' id='word_1_201' title='bbox 1145 1877 1201 1921; x_wconf 93' lang='lat' dir='ltr'><strong>ut</strong></span> <span class='ocrx_word' id='word_1_202' title='bbox 1247 1871 1557 1934; x_wconf 84' lang='lat' dir='ltr'><strong>videbatur,</strong></span> <span class='ocrx_word' id='word_1_203' title='bbox 1606 1876 1837 1938; x_wconf 86' lang='lat' dir='ltr'><strong>reverti;</strong></span> <span class='ocrx_word' id='word_1_204' title='bbox 1887 1875 2128 1930; x_wconf 79' lang='lat' dir='ltr'><strong>dicerent</strong></span> <span class='ocrx_word' id='word_1_205' title='bbox 2177 1895 2337 1948; x_wconf 87' lang='lat' dir='ltr'><strong>porro</strong></span> 
     </span>
    </p>
   </div>
   <div class='ocr_carea' id='block_1_34' title="bbox 787 1957 2334 2033">
    <p class='ocr_par' dir='ltr' id='par_1_34' title="bbox 787 1957 2334 2033">
     <span class='ocr_line' id='line_1_34' title="bbox 787 1957 2334 2033; baseline 0.01 -27"><span class='ocrx_word' id='word_1_206' title='bbox 787 1957 1024 2009; x_wconf 85' lang='lat' dir='ltr'><strong>naucleri</strong></span> <span class='ocrx_word' id='word_1_207' title='bbox 1075 1974 1135 2009; x_wconf 93' lang='lat' dir='ltr'><strong>ac</strong></span> <span class='ocrx_word' id='word_1_208' title='bbox 1181 1962 1465 2026; x_wconf 79' lang='lat' dir='ltr'><strong>vulgarent</strong></span> <span class='ocrx_word' id='word_1_209' title='bbox 1515 1965 1755 2016; x_wconf 76' lang='lat' dir='ltr'><strong>divinum</strong></span> <span class='ocrx_word' id='word_1_210' title='bbox 1807 1968 2148 2032; x_wconf 80' lang='lat' dir='ltr'><strong>miraculum,</strong></span> <span class='ocrx_word' id='word_1_211' title='bbox 2197 1986 2334 2033; x_wconf 82' lang='lat' dir='ltr'><strong>sese,</strong></span> 
     </span>
    </p>
   </div>
   <div class='ocr_carea' id='block_1_35' title="bbox 787 2047 2337 2127">
    <p class='ocr_par' dir='ltr' id='par_1_35' title="bbox 787 2047 2337 2127">
     <span class='ocr_line' id='line_1_35' title="bbox 787 2047 2337 2127; baseline 0.012 -31"><span class='ocrx_word' id='word_1_212' title='bbox 787 2047 934 2099; x_wconf 83' lang='lat' dir='ltr'><strong>velut</strong></span> <span class='ocrx_word' id='word_1_213' title='bbox 964 2049 1032 2100; x_wconf 90' lang='lat' dir='ltr'><strong>ah</strong></span> <span class='ocrx_word' id='word_1_214' title='bbox 1062 2052 1243 2116; x_wconf 72' lang='lat' dir='ltr'><strong>ignoto</strong></span> <span class='ocrx_word' id='word_1_215' title='bbox 1277 2054 1509 2117; x_wconf 88' lang='lat' dir='ltr'><strong>quodam</strong></span> <span class='ocrx_word' id='word_1_216' title='bbox 1556 2055 1880 2109; x_wconf 67' lang='lat' dir='ltr'><strong>canet-Mario</strong></span> <span class='ocrx_word' id='word_1_217' title='bbox 1913 2059 2047 2127; x_wconf 76' lang='grc' dir='ltr'><strong>(Η),</strong></span> <span class='ocrx_word' id='word_1_218' title='bbox 2093 2076 2156 2112; x_wconf 90' lang='lat' dir='ltr'><strong>eo</strong></span> <span class='ocrx_word' id='word_1_219' title='bbox 2203 2065 2337 2114; x_wconf 82' lang='lat' dir='ltr'><strong>invi-</strong></span> 
     </span>
    </p>
   </div>
   <div class='ocr_carea' id='block_1_36' title="bbox 785 2139 2338 2214">
    <p class='ocr_par' dir='ltr' id='par_1_36' title="bbox 785 2139 2338 2214">
     <span class='ocr_line' id='line_1_36' title="bbox 785 2139 2338 2214; baseline 0.012 -27"><span class='ocrx_word' id='word_1_220' title='bbox 785 2139 928 2200; x_wconf 86' lang='lat' dir='ltr'><strong>tari;</strong></span> <span class='ocrx_word' id='word_1_221' title='bbox 966 2140 1105 2191; x_wconf 91' lang='lat' dir='ltr'><strong>hunc</strong></span> <span class='ocrx_word' id='word_1_222' title='bbox 1140 2151 1343 2202; x_wconf 87' lang='lat' dir='ltr'><strong>autem,</strong></span> <span class='ocrx_word' id='word_1_223' title='bbox 1377 2145 1630 2211; x_wconf 88' lang='lat' dir='ltr'><strong>quoniam</strong></span> <span class='ocrx_word' id='word_1_224' title='bbox 1658 2157 1709 2198; x_wconf 90' lang='lat' dir='ltr'><strong>et</strong></span> <span class='ocrx_word' id='word_1_225' title='bbox 1739 2147 1868 2214; x_wconf 83' lang='lat' dir='ltr'><strong>ipsis</strong></span> <span class='ocrx_word' id='word_1_226' title='bbox 1898 2152 2130 2204; x_wconf 86' lang='lat' dir='ltr'><strong>secunda</strong></span> <span class='ocrx_word' id='word_1_227' title='bbox 2156 2170 2183 2204; x_wconf 87' lang='lat' dir='ltr'><strong>e</strong></span> <span class='ocrx_word' id='word_1_228' title='bbox 2207 2169 2338 2205; x_wconf 74' lang='lat' dir='ltr'><strong>vcn-</strong></span> 
     </span>
    </p>
   </div>
   <div class='ocr_carea' id='block_1_37' title="bbox 786 2225 2331 2298">
    <p class='ocr_par' dir='ltr' id='par_1_37' title="bbox 786 2225 2331 2298">
     <span class='ocr_line' id='line_1_37' title="bbox 786 2225 2331 2298; baseline 0.01 -21"><span class='ocrx_word' id='word_1_229' title='bbox 786 2225 854 2278; x_wconf 88' lang='lat' dir='ltr'><strong>tis</strong></span> <span class='ocrx_word' id='word_1_230' title='bbox 885 2229 1152 2290; x_wconf 69' lang='lat' dir='ltr'><strong>naiigatio</strong></span> <span class='ocrx_word' id='word_1_231' title='bbox 1206 2229 1419 2290; x_wconf 82' lang='lat' dir='ltr'><strong>fuisset,</strong></span> <span class='ocrx_word' id='word_1_232' title='bbox 1457 2233 1643 2298; x_wconf 67' lang='lat' dir='ltr'><strong>patriae</strong></span> <span class='ocrx_word' id='word_1_233' title='bbox 1693 2243 2026 2288; x_wconf 88' lang='lat' dir='ltr'><strong>servatorem</strong></span> <span class='ocrx_word' id='word_1_234' title='bbox 2073 2252 2191 2291; x_wconf 87' lang='lat' dir='ltr'><strong>esse</strong></span> <span class='ocrx_word' id='word_1_235' title='bbox 2239 2240 2331 2292; x_wconf 72' lang='lat' dir='ltr'><strong>Do-</strong></span> 
     </span>
    </p>
   </div>
   <div class='ocr_carea' id='block_1_38' title="bbox 787 2315 2335 2386">
    <p class='ocr_par' dir='ltr' id='par_1_38' title="bbox 787 2315 2335 2386">
     <span class='ocr_line' id='line_1_38' title="bbox 787 2315 2335 2386; baseline 0.011 -22"><span class='ocrx_word' id='word_1_236' title='bbox 787 2319 1060 2366; x_wconf 85' lang='lat' dir='ltr'><strong>mctrium.</strong></span> <span class='ocrx_word' id='word_1_237' title='bbox 1126 2315 1305 2368; x_wconf 88' lang='lat' dir='ltr'><strong>Talem</strong></span> <span class='ocrx_word' id='word_1_238' title='bbox 1367 2333 1494 2386; x_wconf 79' lang='lat' dir='ltr'><strong>ergo</strong></span> <span class='ocrx_word' id='word_1_239' title='bbox 1577 2320 1926 2376; x_wconf 85' lang='lat' dir='ltr'><strong>barbarorum</strong></span> <span class='ocrx_word' id='word_1_240' title='bbox 1995 2325 2335 2381; x_wconf 83' lang='lat' dir='ltr'><strong>subitaneatn</strong></span> 
     </span>
    </p>
   </div>
   <div class='ocr_carea' id='block_1_39' title="bbox 787 2406 2335 2483">
    <p class='ocr_par' dir='ltr' id='par_1_39' title="bbox 787 2406 2335 2483">
     <span class='ocr_line' id='line_1_39' title="bbox 787 2406 2335 2483; baseline 0.01 -27"><span class='ocrx_word' id='word_1_241' title='bbox 787 2406 1042 2457; x_wconf 77' lang='lat' dir='ltr'><strong>adversus</strong></span> <span class='ocrx_word' id='word_1_242' title='bbox 1068 2406 1334 2459; x_wconf 87' lang='lat' dir='ltr'><strong>civitatem</strong></span> <span class='ocrx_word' id='word_1_243' title='bbox 1362 2409 1756 2476; x_wconf 81' lang='lat' dir='ltr'><strong>expeditionem</strong></span> <span class='ocrx_word' id='word_1_244' title='bbox 1784 2429 1971 2468; x_wconf 85' lang='lat' dir='ltr'><strong>omnes</strong></span> <span class='ocrx_word' id='word_1_245' title='bbox 1999 2416 2335 2483; x_wconf 80' lang='lat' dir='ltr'><strong>ignorabant,</strong></span> 
     </span>
    </p>
   </div>
   <div class='ocr_carea' id='block_1_40' title="bbox 785 2496 2340 2569">
    <p class='ocr_par' dir='ltr' id='par_1_40' title="bbox 785 2496 2340 2569">
     <span class='ocr_line' id='line_1_40' title="bbox 785 2496 2340 2569; baseline 0.011 -24"><span class='ocrx_word' id='word_1_246' title='bbox 785 2509 1012 2560; x_wconf 84' lang='lat' dir='ltr'><strong>eamque</strong></span> <span class='ocrx_word' id='word_1_247' title='bbox 1061 2496 1219 2547; x_wconf 85' lang='lat' dir='ltr'><strong>etiam</strong></span> <span class='ocrx_word' id='word_1_248' title='bbox 1266 2496 1541 2560; x_wconf 85' lang='lat' dir='ltr'><strong>dominus,</strong></span> <span class='ocrx_word' id='word_1_249' title='bbox 1587 2502 1671 2552; x_wconf 91' lang='lat' dir='ltr'><strong>cui</strong></span> <span class='ocrx_word' id='word_1_250' title='bbox 1707 2512 1921 2569; x_wconf 84' lang='lat' dir='ltr'><strong>sceptra</strong></span> <span class='ocrx_word' id='word_1_251' title='bbox 1953 2505 2196 2561; x_wconf 89' lang='lat' dir='ltr'><strong>obtinere</strong></span> <span class='ocrx_word' id='word_1_252' title='bbox 2221 2522 2340 2562; x_wconf 89' lang='lat' dir='ltr'><strong>sors</strong></span> 
     </span>
    </p>
   </div>
   <div class='ocr_carea' id='block_1_41' title="bbox 786 2583 1460 2643">
    <p class='ocr_par' dir='ltr' id='par_1_41' title="bbox 786 2583 1460 2643">
     <span class='ocr_line' id='line_1_41' title="bbox 786 2583 1460 2643; baseline 0.004 -8"><span class='ocrx_word' id='word_1_253' title='bbox 786 2583 1026 2643; x_wconf 86' lang='lat' dir='ltr'><strong>dederat,</strong></span> <span class='ocrx_word' id='word_1_254' title='bbox 1061 2587 1197 2636; x_wconf 86' lang='lat' dir='ltr'><strong>haud</strong></span> <span class='ocrx_word' id='word_1_255' title='bbox 1235 2587 1460 2639; x_wconf 84' lang='lat' dir='ltr'><strong>sciebat.</strong></span> 
     </span>
    </p>
   </div>
   <div class='ocr_carea' id='block_1_42' title="bbox 856 2674 2341 2748">
    <p class='ocr_par' dir='ltr' id='par_1_42' title="bbox 856 2674 2341 2748">
     <span class='ocr_line' id='line_1_42' title="bbox 856 2674 2341 2748; baseline 0.014 -23"><span class='ocrx_word' id='word_1_256' title='bbox 856 2674 977 2726; x_wconf 82' lang='lat'><strong>178.</strong></span> <span class='ocrx_word' id='word_1_257' title='bbox 1018 2674 1212 2728; x_wconf 78' lang='lat' dir='ltr'><strong>Verum</strong></span> <span class='ocrx_word' id='word_1_258' title='bbox 1272 2693 1336 2730; x_wconf 83' lang='lat' dir='ltr'><strong>eo</strong></span> <span class='ocrx_word' id='word_1_259' title='bbox 1384 2679 1691 2746; x_wconf 69' lang='lat' dir='ltr'><strong>praal&#39;ectum</strong></span> <span class='ocrx_word' id='word_1_260' title='bbox 1742 2685 1906 2748; x_wconf 89' lang='lat' dir='ltr'><strong>misit,</strong></span> <span class='ocrx_word' id='word_1_261' title='bbox 1957 2689 2173 2744; x_wconf 89' lang='lat' dir='ltr'><strong>nomine</strong></span> <span class='ocrx_word' id='word_1_262' title='bbox 2208 2689 2341 2746; x_wconf 86' lang='lat' dir='ltr'><strong>Cha-</strong></span> 
     </span>
    </p>
   </div>
   <div class='ocr_carea' id='block_1_43' title="bbox 787 2764 2340 2845">
    <p class='ocr_par' dir='ltr' id='par_1_43' title="bbox 787 2764 2340 2845">
     <span class='ocr_line' id='line_1_43' title="bbox 787 2764 2340 2845; baseline 0.014 -29"><span class='ocrx_word' id='word_1_263' title='bbox 787 2764 923 2817; x_wconf 91' lang='lat' dir='ltr'><strong>riam</strong></span> <span class='ocrx_word' id='word_1_264' title='bbox 977 2765 1112 2831; x_wconf 74' lang='grc' dir='ltr'><strong>ΜΞ),</strong></span> <span class='ocrx_word' id='word_1_265' title='bbox 1165 2771 1254 2834; x_wconf 92' lang='lat' dir='ltr'><strong>qni</strong></span> <span class='ocrx_word' id='word_1_266' title='bbox 1310 2787 1502 2838; x_wconf 86' lang='lat' dir='ltr'><strong>neque,</strong></span> <span class='ocrx_word' id='word_1_267' title='bbox 1540 2789 1661 2826; x_wconf 89' lang='lat' dir='ltr'><strong>cum</strong></span> <span class='ocrx_word' id='word_1_268' title='bbox 1695 2777 1928 2831; x_wconf 87' lang='lat' dir='ltr'><strong>civitatis</strong></span> <span class='ocrx_word' id='word_1_269' title='bbox 1958 2780 2140 2845; x_wconf 87' lang='lat' dir='ltr'><strong>hujus,</strong></span> <span class='ocrx_word' id='word_1_270' title='bbox 2168 2798 2197 2836; x_wconf 91' lang='lat' dir='ltr'><strong>a</strong></span> <span class='ocrx_word' id='word_1_271' title='bbox 2233 2783 2340 2837; x_wconf 69' lang='grc' dir='ltr'><strong>ι’)εο</strong></span> 
     </span>
    </p>
   </div>
   <div class='ocr_carea' id='block_1_44' title="bbox 792 2866 2337 2943">
    <p class='ocr_par' dir='ltr' id='par_1_44' title="bbox 792 2866 2337 2943">
     <span class='ocr_line' id='line_1_44' title="bbox 792 2866 2337 2943; baseline 0.014 -37"><span class='ocrx_word' id='word_1_272' title='bbox 792 2868 1055 2919; x_wconf 79' lang='lat' dir='ltr'><strong>servatze,</strong></span> <span class='ocrx_word' id='word_1_273' title='bbox 1109 2871 1318 2927; x_wconf 85' lang='lat' dir='ltr'><strong>portum</strong></span> <span class='ocrx_word' id='word_1_274' title='bbox 1389 2866 1778 2931; x_wconf 69' lang='lat' dir='ltr'><strong>ingrederetur.</strong></span> <span class='ocrx_word' id='word_1_275' title='bbox 1832 2874 2070 2934; x_wconf 84' lang='lat' dir='ltr'><strong>iactam,</strong></span> <span class='ocrx_word' id='word_1_276' title='bbox 2110 2885 2166 2926; x_wconf 93' lang='lat' dir='ltr'><strong>ut</strong></span> <span class='ocrx_word' id='word_1_277' title='bbox 2222 2892 2337 2943; x_wconf 76' lang='lat' dir='ltr'><strong>pcr-</strong></span> 
     </span>
    </p>
   </div>
   <div class='ocr_carea' id='block_1_45' title="bbox 793 2948 2338 3033">
    <p class='ocr_par' dir='ltr' id='par_1_45' title="bbox 793 2948 2338 3033">
     <span class='ocr_line' id='line_1_45' title="bbox 793 2948 2338 3033; baseline 0.012 -32"><span class='ocrx_word' id='word_1_278' title='bbox 793 2948 1002 3008; x_wconf 83' lang='lat' dir='ltr'><strong>hibent,</strong></span> <span class='ocrx_word' id='word_1_279' title='bbox 1052 2953 1390 3005; x_wconf 73' lang='lat' dir='ltr'><strong>inimicorum</strong></span> <span class='ocrx_word' id='word_1_280' title='bbox 1443 2958 1794 3024; x_wconf 83' lang='lat' dir='ltr'><strong>irruptioncm</strong></span> <span class='ocrx_word' id='word_1_281' title='bbox 1827 2963 2059 3028; x_wconf 83' lang='lat' dir='ltr'><strong>sciebat;</strong></span> <span class='ocrx_word' id='word_1_282' title='bbox 2094 2967 2187 3033; x_wconf 88' lang='lat' dir='ltr'><strong>qui</strong></span> <span class='ocrx_word' id='word_1_283' title='bbox 2217 2972 2338 3021; x_wconf 82' lang='lat' dir='ltr'><strong>cuni</strong></span> 
     </span>
    </p>
   </div>
   <div class='ocr_carea' id='block_1_46' title="bbox 793 3037 2339 3118">
    <p class='ocr_par' dir='ltr' id='par_1_46' title="bbox 793 3037 2339 3118">
     <span class='ocr_line' id='line_1_46' title="bbox 793 3037 2339 3118; baseline 0.013 -28"><span class='ocrx_word' id='word_1_284' title='bbox 793 3037 866 3102; x_wconf 87' lang='lat' dir='ltr'><strong>id,</strong></span> <span class='ocrx_word' id='word_1_285' title='bbox 899 3041 1038 3107; x_wconf 89' lang='lat' dir='ltr'><strong>quod</strong></span> <span class='ocrx_word' id='word_1_286' title='bbox 1067 3057 1336 3107; x_wconf 83' lang='lat' dir='ltr'><strong>evenerat,</strong></span> <span class='ocrx_word' id='word_1_287' title='bbox 1371 3046 1798 3118; x_wconf 80' lang='lat' dir='ltr'><strong>iued‘ahilemque</strong></span> <span class='ocrx_word' id='word_1_288' title='bbox 1822 3054 1980 3105; x_wconf 88' lang='lat' dir='ltr'><strong>etiam</strong></span> <span class='ocrx_word' id='word_1_289' title='bbox 2006 3070 2035 3107; x_wconf 89' lang='lat' dir='ltr'><strong>e</strong></span> <span class='ocrx_word' id='word_1_290' title='bbox 2069 3055 2222 3110; x_wconf 80' lang='lat' dir='ltr'><strong>factis</strong></span> <span class='ocrx_word' id='word_1_291' title='bbox 2251 3074 2339 3110; x_wconf 89' lang='lat' dir='ltr'><strong>ar-</strong></span> 
     </span>
    </p>
   </div>
   <div class='ocr_carea' id='block_1_47' title="bbox 2438 1854 4010 1935">
    <p class='ocr_par' dir='ltr' id='par_1_47' title="bbox 2438 1854 4010 1935">
     <span class='ocr_line' id='line_1_47' title="bbox 2438 1854 4010 1935; baseline -0.012 -14"><span class='ocrx_word' id='word_1_292' title='bbox 2438 1870 2560 1929; x_wconf 78' lang='grc' dir='ltr'>τοὺς</span> <span class='ocrx_word' id='word_1_293' title='bbox 2587 1866 2920 1935; x_wconf 76' lang='grc' dir='ltr'>ναυκλήρους</span> <span class='ocrx_word' id='word_1_294' title='bbox 2944 1865 3036 1916; x_wconf 66' lang='grc' dir='ltr'>καὶ</span> <span class='ocrx_word' id='word_1_295' title='bbox 3062 1863 3393 1932; x_wconf 81' lang='grc' dir='ltr'>δημηγορεῖν</span> <span class='ocrx_word' id='word_1_296' title='bbox 3415 1861 3474 1910; x_wconf 70' lang='grc' dir='ltr'>τὸ</span> <span class='ocrx_word' id='word_1_297' title='bbox 3509 1859 3652 1910; x_wconf 77' lang='grc' dir='ltr'>Θεῖον</span> <span class='ocrx_word' id='word_1_298' title='bbox 3685 1855 3906 1921; x_wconf 78' lang='grc' dir='ltr'>θαῦμα,</span> <span class='ocrx_word' id='word_1_299' title='bbox 3935 1854 4010 1912; x_wconf 78' lang='grc' dir='ltr'>ὡς</span> 
     </span>
    </p>
   </div>
   <div class='ocr_carea' id='block_1_48' title="bbox 2439 1946 4008 2021">
    <p class='ocr_par' dir='ltr' id='par_1_48' title="bbox 2439 1946 4008 2021">
     <span class='ocr_line' id='line_1_48' title="bbox 2439 1946 4008 2021; baseline -0.012 -11"><span class='ocrx_word' id='word_1_300' title='bbox 2439 1959 2546 2010; x_wconf 87' lang='grc' dir='ltr'><strong>άπὸ</strong></span> <span class='ocrx_word' id='word_1_301' title='bbox 2575 1975 2712 2018; x_wconf 89' lang='grc' dir='ltr'>τινος</span> <span class='ocrx_word' id='word_1_302' title='bbox 2743 1953 3020 2021; x_wconf 80' lang='grc' dir='ltr'><strong>ἀγνώστου</strong></span> <span class='ocrx_word' id='word_1_303' title='bbox 3049 1951 3449 2019; x_wconf 79' lang='grc' dir='ltr'>καγκελλαρίου</span> <span class='ocrx_word' id='word_1_304' title='bbox 3475 1946 3716 2000; x_wconf 72' lang='grc' dir='ltr'>ἐνταῦθα</span> <span class='ocrx_word' id='word_1_305' title='bbox 3758 1960 4008 2013; x_wconf 76' lang='grc' dir='ltr'>προτραο</span> 
     </span>
    </p>
   </div>
   <div class='ocr_carea' id='block_1_49' title="bbox 2440 2036 4007 2119">
    <p class='ocr_par' dir='ltr' id='par_1_49' title="bbox 2440 2036 4007 2119">
     <span class='ocr_line' id='line_1_49' title="bbox 2440 2036 4007 2119; baseline -0.011 -17"><span class='ocrx_word' id='word_1_306' title='bbox 2440 2051 2628 2119; x_wconf 84' lang='grc' dir='ltr'>πῆναι,</span> <span class='ocrx_word' id='word_1_307' title='bbox 2655 2047 2842 2100; x_wconf 80' lang='grc' dir='ltr'>τοῦτον</span> <span class='ocrx_word' id='word_1_308' title='bbox 2865 2047 2918 2098; x_wconf 83' lang='grc' dir='ltr'>δὲ</span> <span class='ocrx_word' id='word_1_309' title='bbox 2947 2044 3245 2110; x_wconf 80' lang='grc' dir='ltr'>τυγχάνειν</span> <span class='ocrx_word' id='word_1_310' title='bbox 3279 2041 3368 2093; x_wconf 81' lang='grc' dir='ltr'>τὸν</span> <span class='ocrx_word' id='word_1_311' title='bbox 3426 2039 3780 2105; x_wconf 84' lang='grc' dir='ltr'>σωσίπατριν</span> <span class='ocrx_word' id='word_1_312' title='bbox 3813 2036 4007 2103; x_wconf 67' lang='grc' dir='ltr'>Δημήυ</span> 
     </span>
    </p>
   </div>
   <div class='ocr_carea' id='block_1_50' title="bbox 2438 2127 4009 2209">
    <p class='ocr_par' dir='ltr' id='par_1_50' title="bbox 2438 2127 4009 2209">
     <span class='ocr_line' id='line_1_50' title="bbox 2438 2127 4009 2209; baseline -0.009 -17"><span class='ocrx_word' id='word_1_313' title='bbox 2438 2158 2606 2209; x_wconf 79' lang='grc' dir='ltr'>τριον,</span> <span class='ocrx_word' id='word_1_314' title='bbox 2631 2137 2871 2205; x_wconf 86' lang='grc' dir='ltr'>διὸτιπερ</span> <span class='ocrx_word' id='word_1_315' title='bbox 2913 2137 3004 2188; x_wconf 85' lang='grc' dir='ltr'>καὶ</span> <span class='ocrx_word' id='word_1_316' title='bbox 3037 2136 3144 2186; x_wconf 86' lang='grc' dir='ltr'><strong>τῶν</strong></span> <span class='ocrx_word' id='word_1_317' title='bbox 3197 2134 3416 2200; x_wconf 82' lang='grc' dir='ltr'>ἀνέμων</span> <span class='ocrx_word' id='word_1_318' title='bbox 3469 2130 3656 2190; x_wconf 77' lang='grc' dir='ltr'>αὑτοῖς</span> <span class='ocrx_word' id='word_1_319' title='bbox 3687 2127 4009 2196; x_wconf 70' lang='grc' dir='ltr'>ἐπιτήδειος</span> 
     </span>
    </p>
   </div>
   <div class='ocr_carea' id='block_1_51' title="bbox 2438 2219 4008 2297">
    <p class='ocr_par' dir='ltr' id='par_1_51' title="bbox 2438 2219 4008 2297">
     <span class='ocr_line' id='line_1_51' title="bbox 2438 2219 4008 2297; baseline -0.009 -13"><span class='ocrx_word' id='word_1_320' title='bbox 2438 2233 2729 2297; x_wconf 77' lang='grc' dir='ltr'>γεγένηται</span> <span class='ocrx_word' id='word_1_321' title='bbox 2771 2227 3016 2280; x_wconf 76' lang='grc' dir='ltr'>εὖπλοία.</span> <span class='ocrx_word' id='word_1_322' title='bbox 3077 2227 3188 2294; x_wconf 82' lang='grc' dir='ltr'><strong>Τὴν</strong></span> <span class='ocrx_word' id='word_1_323' title='bbox 3225 2220 3346 2276; x_wconf 68' lang='grc' dir='ltr'><strong>οὗν⁸</strong></span> <span class='ocrx_word' id='word_1_324' title='bbox 3370 2222 3630 2290; x_wconf 83' lang='grc' dir='ltr'>τοιαύτην</span> <span class='ocrx_word' id='word_1_325' title='bbox 3652 2221 3767 2272; x_wconf 85' lang='grc' dir='ltr'><strong>τῶν</strong></span> <span class='ocrx_word' id='word_1_326' title='bbox 3798 2219 4008 2287; x_wconf 80' lang='grc' dir='ltr'>βαρϐά·</span> 
     </span>
    </p>
   </div>
   <div class='ocr_carea' id='block_1_52' title="bbox 2441 2307 4007 2388">
    <p class='ocr_par' dir='ltr' id='par_1_52' title="bbox 2441 2307 4007 2388">
     <span class='ocr_line' id='line_1_52' title="bbox 2441 2307 4007 2388; baseline -0.009 -17"><span class='ocrx_word' id='word_1_327' title='bbox 2441 2338 2548 2388; x_wconf 90' lang='grc' dir='ltr'><strong>ρων</strong></span> <span class='ocrx_word' id='word_1_328' title='bbox 2574 2321 2860 2372; x_wconf 71' lang='grc' dir='ltr'>ἑπέλευσιν</span> <span class='ocrx_word' id='word_1_329' title='bbox 2884 2319 2949 2386; x_wconf 79' lang='grc' dir='ltr'>τῇ</span> <span class='ocrx_word' id='word_1_330' title='bbox 2983 2315 3134 2367; x_wconf 79' lang='grc' dir='ltr'>πόλει</span> <span class='ocrx_word' id='word_1_331' title='bbox 3183 2314 3394 2373; x_wconf 83' lang='grc' dir='ltr'>πάντας</span> <span class='ocrx_word' id='word_1_332' title='bbox 3426 2313 3663 2378; x_wconf 75' lang='grc' dir='ltr'>ἀγνοεῖν.</span> <span class='ocrx_word' id='word_1_333' title='bbox 3699 2307 3840 2361; x_wconf 80' lang='grc' dir='ltr'>άλλὰ</span> <span class='ocrx_word' id='word_1_334' title='bbox 3871 2307 4007 2375; x_wconf 63' lang='grc' dir='ltr'>μηδὲ</span> 
     </span>
    </p>
   </div>
   <div class='ocr_carea' id='block_1_53' title="bbox 2436 2401 4007 2478">
    <p class='ocr_par' dir='ltr' id='par_1_53' title="bbox 2436 2401 4007 2478">
     <span class='ocr_line' id='line_1_53' title="bbox 2436 2401 4007 2478; baseline -0.008 -15"><span class='ocrx_word' id='word_1_335' title='bbox 2436 2414 2526 2463; x_wconf 73' lang='grc' dir='ltr'>τὸν</span> <span class='ocrx_word' id='word_1_336' title='bbox 2565 2411 2751 2478; x_wconf 87' lang='grc' dir='ltr'>κύριον</span> <span class='ocrx_word' id='word_1_337' title='bbox 2791 2407 2901 2460; x_wconf 90' lang='grc' dir='ltr'><strong>τῶν</strong></span> <span class='ocrx_word' id='word_1_338' title='bbox 2945 2406 3241 2474; x_wconf 80' lang='grc' dir='ltr'>σκήπτρων</span> <span class='ocrx_word' id='word_1_339' title='bbox 3297 2404 3519 2473; x_wconf 78' lang='grc' dir='ltr'>κρατεῖν</span> <span class='ocrx_word' id='word_1_340' title='bbox 3555 2401 3794 2470; x_wconf 70' lang='grc' dir='ltr'>λαχόντα</span> <span class='ocrx_word' id='word_1_341' title='bbox 3827 2401 4007 2464; x_wconf 58' lang='grc' dir='ltr'>ἐγνω-</span> 
     </span>
    </p>
   </div>
   <div class='ocr_carea' id='block_1_54' title="bbox 2440 2502 2612 2553">
    <p class='ocr_par' dir='ltr' id='par_1_54' title="bbox 2440 2502 2612 2553">
     <span class='ocr_line' id='line_1_54' title="bbox 2440 2502 2612 2553; baseline -0.006 0"><span class='ocrx_word' id='word_1_342' title='bbox 2440 2502 2612 2553; x_wconf 83' lang='grc' dir='ltr'>κέναι.</span> 
     </span>
    </p>
   </div>
   <div class='ocr_carea' id='block_1_55' title="bbox 2515 2665 4006 2750">
    <p class='ocr_par' dir='ltr' id='par_1_55' title="bbox 2515 2665 4006 2750">
     <span class='ocr_line' id='line_1_55' title="bbox 2515 2665 4006 2750; baseline -0.013 -16"><span class='ocrx_word' id='word_1_343' title='bbox 2515 2679 2648 2750; x_wconf 90' lang='grc' dir='ltr'>ροη’.</span> <span class='ocrx_word' id='word_1_344' title='bbox 2691 2676 2830 2730; x_wconf 79' lang='grc' dir='ltr'>Ἀλλ’</span> <span class='ocrx_word' id='word_1_345' title='bbox 2876 2675 3113 2728; x_wconf 69' lang='grc' dir='ltr'>ἔστειλεν</span> <span class='ocrx_word' id='word_1_346' title='bbox 3164 2674 3405 2741; x_wconf 73' lang='grc' dir='ltr'>ὕπαρχον</span> <span class='ocrx_word' id='word_1_347' title='bbox 3455 2667 3716 2730; x_wconf 68' lang='grc' dir='ltr'>ἐνταῦθα,</span> <span class='ocrx_word' id='word_1_348' title='bbox 3760 2665 4006 2731; x_wconf 67' lang='grc' dir='ltr'>τοῦνομα</span> 
     </span>
    </p>
   </div>
   <div class='ocr_carea' id='block_1_56' title="bbox 2439 2753 4006 2840">
    <p class='ocr_par' dir='ltr' id='par_1_56' title="bbox 2439 2753 4006 2840">
     <span class='ocr_line' id='line_1_56' title="bbox 2439 2753 4006 2840; baseline -0.012 -18"><span class='ocrx_word' id='word_1_349' title='bbox 2439 2771 2668 2840; x_wconf 74' lang='grc' dir='ltr'>Χαρέαν,</span> <span class='ocrx_word' id='word_1_350' title='bbox 2699 2769 2844 2828; x_wconf 88' lang='grc' dir='ltr'>ὅστις</span> <span class='ocrx_word' id='word_1_351' title='bbox 2873 2766 2992 2816; x_wconf 81' lang='grc' dir='ltr'>οὐδὲ</span> <span class='ocrx_word' id='word_1_352' title='bbox 3027 2763 3188 2823; x_wconf 80' lang='grc' dir='ltr'>αὐτὸς</span> <span class='ocrx_word' id='word_1_353' title='bbox 3223 2762 3416 2828; x_wconf 80' lang='grc' dir='ltr'>μέχρις</span> <span class='ocrx_word' id='word_1_354' title='bbox 3442 2761 3566 2812; x_wconf 83' lang='grc' dir='ltr'>ὅτου</span> <span class='ocrx_word' id='word_1_355' title='bbox 3597 2757 3676 2824; x_wconf 84' lang='grc' dir='ltr'>τῷ</span> <span class='ocrx_word' id='word_1_356' title='bbox 3701 2753 4006 2822; x_wconf 80' lang='grc' dir='ltr'>λιμένιτῆς</span> 
     </span>
    </p>
   </div>
   <div class='ocr_carea' id='block_1_57' title="bbox 2441 2844 4004 2921">
    <p class='ocr_par' dir='ltr' id='par_1_57' title="bbox 2441 2844 4004 2921">
     <span class='ocr_line' id='line_1_57' title="bbox 2441 2844 4004 2921; baseline -0.013 -11"><span class='ocrx_word' id='word_1_357' title='bbox 2441 2857 2742 2910; x_wconf 83' lang='grc' dir='ltr'>οεοσώστου</span> <span class='ocrx_word' id='word_1_358' title='bbox 2766 2855 2970 2921; x_wconf 77' lang='grc' dir='ltr'>ταύτης</span> <span class='ocrx_word' id='word_1_359' title='bbox 2997 2851 3296 2909; x_wconf 76' lang='grc' dir='ltr'>εἰσέϐαλεν,</span> <span class='ocrx_word' id='word_1_360' title='bbox 3333 2846 3566 2912; x_wconf 73' lang='grc' dir='ltr'>ἐγνώκει</span> <span class='ocrx_word' id='word_1_361' title='bbox 3590 2847 3691 2913; x_wconf 80' lang='grc' dir='ltr'>τὴν</span> <span class='ocrx_word' id='word_1_362' title='bbox 3717 2844 4004 2910; x_wconf 82' lang='grc' dir='ltr'>ὑπάρχου-</span> 
     </span>
    </p>
   </div>
   <div class='ocr_carea' id='block_1_58' title="bbox 2442 2936 4008 3013">
    <p class='ocr_par' dir='ltr' id='par_1_58' title="bbox 2442 2936 4008 3013">
     <span class='ocr_line' id='line_1_58' title="bbox 2442 2936 4008 3013; baseline -0.01 -13"><span class='ocrx_word' id='word_1_363' title='bbox 2442 2966 2560 3006; x_wconf 85' lang='grc' dir='ltr'>σαν.</span> <span class='ocrx_word' id='word_1_364' title='bbox 2596 2949 2669 3008; x_wconf 85' lang='grc' dir='ltr'><strong>ὡς</strong></span> <span class='ocrx_word' id='word_1_365' title='bbox 2721 2947 2956 3013; x_wconf 75' lang='grc' dir='ltr'>εἴρηται,</span> <span class='ocrx_word' id='word_1_366' title='bbox 3018 2943 3126 2994; x_wconf 89' lang='grc' dir='ltr'><strong>τῶν</strong></span> <span class='ocrx_word' id='word_1_367' title='bbox 3180 2939 3390 3008; x_wconf 65' lang='grc' dir='ltr'>ἐχθρῶν</span> <span class='ocrx_word' id='word_1_368' title='bbox 3427 2938 3808 3005; x_wconf 86' lang='grc' dir='ltr'>παράστασιν·</span> <span class='ocrx_word' id='word_1_369' title='bbox 3855 2936 4008 2994; x_wconf 77' lang='grc' dir='ltr'>ὅστις</span> 
     </span>
    </p>
   </div>
   <div class='ocr_carea' id='block_1_59' title="bbox 2447 3026 4008 3106">
    <p class='ocr_par' dir='ltr' id='par_1_59' title="bbox 2447 3026 4008 3106">
     <span class='ocr_line' id='line_1_59' title="bbox 2447 3026 4008 3106; baseline -0.01 -15"><span class='ocrx_word' id='word_1_370' title='bbox 2447 3037 2633 3106; x_wconf 75' lang='grc' dir='ltr'>μαθὼν</span> <span class='ocrx_word' id='word_1_371' title='bbox 2659 3040 2719 3089; x_wconf 73' lang='grc' dir='ltr'><strong>τὸ</strong></span> <span class='ocrx_word' id='word_1_372' title='bbox 2747 3038 3012 3104; x_wconf 81' lang='grc' dir='ltr'>ὑπάρχον,</span> <span class='ocrx_word' id='word_1_373' title='bbox 3047 3033 3140 3084; x_wconf 79' lang='grc' dir='ltr'>καὶ</span> <span class='ocrx_word' id='word_1_374' title='bbox 3172 3031 3233 3082; x_wconf 81' lang='grc' dir='ltr'>τὸ</span> <span class='ocrx_word' id='word_1_375' title='bbox 3269 3034 3477 3098; x_wconf 75' lang='grc' dir='ltr'>ἄφατον</span> <span class='ocrx_word' id='word_1_376' title='bbox 3511 3029 3609 3097; x_wconf 72' lang='grc' dir='ltr'>τῆς</span> <span class='ocrx_word' id='word_1_377' title='bbox 3658 3026 3911 3096; x_wconf 76' lang='grc' dir='ltr'>ταραχῆς</span> <span class='ocrx_word' id='word_1_378' title='bbox 3947 3028 4008 3077; x_wconf 67' lang='lat' dir='ltr'><strong>ix</strong></span> 
     </span>
    </p>
   </div>
   <div class='ocr_carea' id='block_1_60' title="bbox 793 3117 2454 3200">
    <p class='ocr_par' dir='ltr' id='par_1_60' title="bbox 793 3133 2454 3200">
     <span class='ocr_line' id='line_1_60' title="bbox 793 3133 2454 3200; baseline 0.013 -20"><span class='ocrx_word' id='word_1_379' title='bbox 793 3138 1060 3183; x_wconf 84' lang='lat' dir='ltr'><strong>malorum</strong></span> <span class='ocrx_word' id='word_1_380' title='bbox 1094 3133 1350 3188; x_wconf 81' lang='lat' dir='ltr'><strong>adversus</strong></span> <span class='ocrx_word' id='word_1_381' title='bbox 1375 3138 1599 3189; x_wconf 77' lang='lat' dir='ltr'><strong>invicem</strong></span> <span class='ocrx_word' id='word_1_382' title='bbox 1633 3140 2338 3200; x_wconf 88' lang='lat' dir='ltr'><strong>incursionibustumultum</strong></span> <span class='ocrx_word' id='word_1_383' title='bbox 2369 3136 2409 3191; x_wconf 66' lang='grc' dir='ltr'><strong>Β</strong></span> <span class='ocrx_word' id='word_1_384' title='bbox 2449 3150 2454 3162; x_wconf 82' lang='grc'><strong><em>¹</em></strong></span> 
     </span>
    </p>
   </div>
   <div class='ocr_carea' id='block_1_61' title="bbox 2345 3117 4006 3200">
    <p class='ocr_par' dir='ltr' id='par_1_61' title="bbox 2369 3117 4006 3196">
     <span class='ocr_line' id='line_1_61' title="bbox 2369 3117 4006 3196; baseline -0.01 -14"><span class='ocrx_word' id='word_1_385' title='bbox 2369 3136 2409 3191; x_wconf 86' lang='lat' dir='ltr'>c</span> <span class='ocrx_word' id='word_1_386' title='bbox 2449 3131 2553 3180; x_wconf 81' lang='grc' dir='ltr'><strong>τῶν</strong></span> <span class='ocrx_word' id='word_1_387' title='bbox 2584 3127 2894 3196; x_wconf 80' lang='grc' dir='ltr'>προσδολῶν</span> <span class='ocrx_word' id='word_1_388' title='bbox 2923 3127 3016 3177; x_wconf 79' lang='grc' dir='ltr'>καὶ</span> <span class='ocrx_word' id='word_1_389' title='bbox 3043 3122 3278 3175; x_wconf 82' lang='grc' dir='ltr'>ὁπλιτῶν</span> <span class='ocrx_word' id='word_1_390' title='bbox 3305 3123 3382 3183; x_wconf 68' lang='grc' dir='ltr'><strong>εἰς</strong></span> <span class='ocrx_word' id='word_1_391' title='bbox 3409 3119 3670 3188; x_wconf 80' lang='grc' dir='ltr'>ἀλλήλους</span> <span class='ocrx_word' id='word_1_392' title='bbox 3699 3117 4006 3184; x_wconf 80' lang='grc' dir='ltr'>γινομένων</span> 
     </span>
    </p>
   </div>
   <div class='ocr_carea' id='block_1_62' title="bbox 792 3217 2342 3290">
    <p class='ocr_par' dir='ltr' id='par_1_62' title="bbox 792 3217 2342 3290">
     <span class='ocr_line' id='line_1_62' title="bbox 792 3217 2342 3290; baseline 0.014 -21"><span class='ocrx_word' id='word_1_393' title='bbox 792 3228 822 3269; x_wconf 81' lang='lat' dir='ltr'><strong>e</strong></span> <span class='ocrx_word' id='word_1_394' title='bbox 853 3217 1061 3287; x_wconf 80' lang='lat' dir='ltr'><strong>fragore</strong></span> <span class='ocrx_word' id='word_1_395' title='bbox 1095 3224 1441 3289; x_wconf 81' lang='lat' dir='ltr'><strong>percepisset,</strong></span> <span class='ocrx_word' id='word_1_396' title='bbox 1489 3226 1623 3281; x_wconf 76' lang='lat' dir='ltr'><strong>fusis</strong></span> <span class='ocrx_word' id='word_1_397' title='bbox 1666 3230 1718 3281; x_wconf 92' lang='lat' dir='ltr'><strong>in</strong></span> <span class='ocrx_word' id='word_1_398' title='bbox 1759 3233 1992 3286; x_wconf 85' lang='lat' dir='ltr'><strong>civitatis</strong></span> <span class='ocrx_word' id='word_1_399' title='bbox 2037 3233 2342 3290; x_wconf 87' lang='lat' dir='ltr'><strong>Servatoris</strong></span> 
     </span>
    </p>
   </div>
   <div class='ocr_carea' id='block_1_63' title="bbox 797 3307 2343 3385">
    <p class='ocr_par' dir='ltr' id='par_1_63' title="bbox 797 3307 2343 3385">
     <span class='ocr_line' id='line_1_63' title="bbox 797 3307 2343 3385; baseline 0.016 -29"><span class='ocrx_word' id='word_1_400' title='bbox 797 3307 1043 3360; x_wconf 75' lang='lat' dir='ltr'><strong>Demetrii</strong></span> <span class='ocrx_word' id='word_1_401' title='bbox 1079 3315 1278 3376; x_wconf 86' lang='lat' dir='ltr'><strong>templo</strong></span> <span class='ocrx_word' id='word_1_402' title='bbox 1302 3315 1570 3379; x_wconf 85' lang='lat' dir='ltr'><strong>precibus,</strong></span> <span class='ocrx_word' id='word_1_403' title='bbox 1595 3326 1647 3368; x_wconf 89' lang='lat' dir='ltr'><strong>et</strong></span> <span class='ocrx_word' id='word_1_404' title='bbox 1678 3320 1792 3385; x_wconf 86' lang='lat' dir='ltr'><strong>ipse</strong></span> <span class='ocrx_word' id='word_1_405' title='bbox 1837 3336 1959 3374; x_wconf 90' lang='lat' dir='ltr'><strong>cum</strong></span> <span class='ocrx_word' id='word_1_406' title='bbox 1999 3325 2184 3378; x_wconf 91' lang='lat' dir='ltr'><strong>multis</strong></span> <span class='ocrx_word' id='word_1_407' title='bbox 2224 3344 2343 3380; x_wconf 91' lang='lat' dir='ltr'><strong>mu-</strong></span> 
     </span>
    </p>
   </div>
   <div class='ocr_carea' id='block_1_64' title="bbox 793 3399 2341 3486">
    <p class='ocr_par' dir='ltr' id='par_1_64' title="bbox 793 3399 2341 3486">
     <span class='ocr_line' id='line_1_64' title="bbox 793 3399 2341 3486; baseline 0.019 -42"><span class='ocrx_word' id='word_1_408' title='bbox 793 3409 933 3452; x_wconf 89' lang='lat' dir='ltr'><strong>rum.</strong></span> <span class='ocrx_word' id='word_1_409' title='bbox 965 3399 1128 3451; x_wconf 86' lang='lat' dir='ltr'><strong>armis</strong></span> <span class='ocrx_word' id='word_1_410' title='bbox 1158 3405 1469 3470; x_wconf 87' lang='lat' dir='ltr'><strong>assumptis.</strong></span> <span class='ocrx_word' id='word_1_411' title='bbox 1498 3411 1813 3462; x_wconf 87' lang='lat' dir='ltr'><strong>conscendit</strong></span> <span class='ocrx_word' id='word_1_412' title='bbox 1845 3429 1856 3462; x_wconf 92' lang='lat'><em>:</em></span> <span class='ocrx_word' id='word_1_413' title='bbox 1891 3423 2001 3464; x_wconf 91' lang='lat' dir='ltr'><strong>tum</strong></span> <span class='ocrx_word' id='word_1_414' title='bbox 2041 3431 2188 3479; x_wconf 88' lang='lat' dir='ltr'><strong>vero,</strong></span> <span class='ocrx_word' id='word_1_415' title='bbox 2221 3435 2341 3486; x_wconf 66' lang='lat' dir='ltr'><strong>quae</strong></span> 
     </span>
    </p>
   </div>
   <div class='ocr_carea' id='block_1_65' title="bbox 796 3486 2341 3577">
    <p class='ocr_par' dir='ltr' id='par_1_65' title="bbox 796 3486 2341 3577">
     <span class='ocr_line' id='line_1_65' title="bbox 796 3486 2341 3577; baseline 0.021 -42"><span class='ocrx_word' id='word_1_416' title='bbox 796 3486 862 3536; x_wconf 85' lang='lat' dir='ltr'><strong>ah</strong></span> <span class='ocrx_word' id='word_1_417' title='bbox 889 3487 1118 3541; x_wconf 85' lang='lat' dir='ltr'><strong>inimicis</strong></span> <span class='ocrx_word' id='word_1_418' title='bbox 1151 3503 1328 3558; x_wconf 81' lang='lat' dir='ltr'><strong>parata</strong></span> <span class='ocrx_word' id='word_1_419' title='bbox 1361 3505 1532 3559; x_wconf 83' lang='lat' dir='ltr'><strong>erant,</strong></span> <span class='ocrx_word' id='word_1_420' title='bbox 1562 3498 1915 3556; x_wconf 88' lang='lat' dir='ltr'><strong>instrumenta</strong></span> <span class='ocrx_word' id='word_1_421' title='bbox 1951 3515 2341 3577; x_wconf 77' lang='lat' dir='ltr'><strong>oppugnatoria</strong></span> 
     </span>
    </p>
   </div>
   <div class='ocr_carea' id='block_1_66' title="bbox 797 3576 2339 3669">
    <p class='ocr_par' dir='ltr' id='par_1_66' title="bbox 797 3576 2339 3669">
     <span class='ocr_line' id='line_1_66' title="bbox 797 3576 2339 3669; baseline 0.019 -43"><span class='ocrx_word' id='word_1_422' title='bbox 797 3576 1030 3628; x_wconf 87' lang='lat' dir='ltr'><strong>ludibrio</strong></span> <span class='ocrx_word' id='word_1_423' title='bbox 1064 3582 1275 3634; x_wconf 83' lang='lat' dir='ltr'><strong>tandem</strong></span> <span class='ocrx_word' id='word_1_424' title='bbox 1305 3584 1485 3637; x_wconf 81' lang='lat' dir='ltr'><strong>habita</strong></span> <span class='ocrx_word' id='word_1_425' title='bbox 1513 3589 1831 3658; x_wconf 84' lang='lat' dir='ltr'><strong>inutiliaqne</strong></span> <span class='ocrx_word' id='word_1_426' title='bbox 1863 3610 1955 3660; x_wconf 88' lang='lat' dir='ltr'><strong>per</strong></span> <span class='ocrx_word' id='word_1_427' title='bbox 1993 3576 2136 3653; x_wconf 81' lang='lat' dir='ltr'><strong>vires</strong></span> <span class='ocrx_word' id='word_1_428' title='bbox 2170 3616 2339 3669; x_wconf 90' lang='lat' dir='ltr'><strong>oppo-</strong></span> 
     </span>
    </p>
   </div>
   <div class='ocr_carea' id='block_1_67' title="bbox 794 3663 2338 3756">
    <p class='ocr_par' dir='ltr' id='par_1_67' title="bbox 794 3663 2338 3756">
     <span class='ocr_line' id='line_1_67' title="bbox 794 3663 2338 3756; baseline 0.021 -44"><span class='ocrx_word' id='word_1_429' title='bbox 794 3663 925 3715; x_wconf 73' lang='lat' dir='ltr'><strong>sitas</strong></span> <span class='ocrx_word' id='word_1_430' title='bbox 966 3680 1026 3718; x_wconf 92' lang='lat' dir='ltr'><strong>ac</strong></span> <span class='ocrx_word' id='word_1_431' title='bbox 1061 3683 1154 3734; x_wconf 80' lang='lat' dir='ltr'><strong>per</strong></span> <span class='ocrx_word' id='word_1_432' title='bbox 1199 3673 1550 3726; x_wconf 77' lang='lat' dir='ltr'><strong>certaminum</strong></span> <span class='ocrx_word' id='word_1_433' title='bbox 1585 3675 1815 3733; x_wconf 86' lang='lat' dir='ltr'><strong>Victoris</strong></span> <span class='ocrx_word' id='word_1_434' title='bbox 1869 3686 2126 3738; x_wconf 74' lang='lat' dir='ltr'><strong>auxilium</strong></span> <span class='ocrx_word' id='word_1_435' title='bbox 2164 3663 2338 3756; x_wconf 74' lang='lat' dir='ltr'><strong>inepta</strong></span> 
     </span>
    </p>
   </div>
   <div class='ocr_carea' id='block_1_68' title="bbox 794 3757 2336 3847">
    <p class='ocr_par' dir='ltr' id='par_1_68' title="bbox 794 3757 2336 3847">
     <span class='ocr_line' id='line_1_68' title="bbox 794 3757 2336 3847; baseline 0.02 -42"><span class='ocrx_word' id='word_1_436' title='bbox 794 3757 1000 3807; x_wconf 81' lang='lat' dir='ltr'><strong>reddita</strong></span> <span class='ocrx_word' id='word_1_437' title='bbox 1046 3758 1283 3822; x_wconf 76' lang='lat' dir='ltr'><strong>fuerunt,</strong></span> <span class='ocrx_word' id='word_1_438' title='bbox 1321 3765 1396 3814; x_wconf 91' lang='lat' dir='ltr'><strong>uti</strong></span> <span class='ocrx_word' id='word_1_439' title='bbox 1432 3767 1682 3819; x_wconf 91' lang='lat' dir='ltr'><strong>omnibus</strong></span> <span class='ocrx_word' id='word_1_440' title='bbox 1737 3774 2020 3828; x_wconf 76' lang='lat' dir='ltr'><strong>manilesto</strong></span> <span class='ocrx_word' id='word_1_441' title='bbox 2068 3785 2336 3847; x_wconf 86' lang='lat' dir='ltr'><strong>apparuit.</strong></span> 
     </span>
    </p>
   </div>
   <div class='ocr_carea' id='block_1_69' title="bbox 864 3928 2332 4006">
    <p class='ocr_par' dir='ltr' id='par_1_69' title="bbox 864 3928 2332 4006">
     <span class='ocr_line' id='line_1_69' title="bbox 864 3928 2332 4006; baseline 0.018 -26"><span class='ocrx_word' id='word_1_442' title='bbox 864 3928 984 3982; x_wconf 70' lang='grc'><strong>1⁷9.</strong></span> <span class='ocrx_word' id='word_1_443' title='bbox 1025 3930 1158 3984; x_wconf 90' lang='lat' dir='ltr'><strong>Cum</strong></span> <span class='ocrx_word' id='word_1_444' title='bbox 1205 3936 1345 3987; x_wconf 85' lang='lat' dir='ltr'><strong>enim</strong></span> <span class='ocrx_word' id='word_1_445' title='bbox 1393 3947 1722 3993; x_wconf 79' lang='lat' dir='ltr'><strong>exstructam</strong></span> <span class='ocrx_word' id='word_1_446' title='bbox 1767 3944 1833 3996; x_wconf 87' lang='lat' dir='ltr'><strong>ab</strong></span> <span class='ocrx_word' id='word_1_447' title='bbox 1883 3946 1961 4000; x_wconf 87' lang='lat' dir='ltr'><strong>eis</strong></span> <span class='ocrx_word' id='word_1_448' title='bbox 2025 3951 2218 4003; x_wconf 82' lang='lat' dir='ltr'><strong>turrim</strong></span> <span class='ocrx_word' id='word_1_449' title='bbox 2274 3955 2332 4006; x_wconf 83' lang='lat' dir='ltr'><strong>li-</strong></span> 
     </span>
    </p>
   </div>
   <div class='ocr_carea' id='block_1_70' title="bbox 791 4027 2339 4110">
    <p class='ocr_par' dir='ltr' id='par_1_70' title="bbox 791 4027 2339 4110">
     <span class='ocr_line' id='line_1_70' title="bbox 791 4027 2339 4110; baseline 0.019 -41"><span class='ocrx_word' id='word_1_450' title='bbox 791 4034 1004 4084; x_wconf 68' lang='lat' dir='ltr'><strong>gncam,</strong></span> <span class='ocrx_word' id='word_1_451' title='bbox 1039 4037 1197 4086; x_wconf 90' lang='lat' dir='ltr'><strong>quam</strong></span> <span class='ocrx_word' id='word_1_452' title='bbox 1242 4027 1496 4081; x_wconf 87' lang='lat' dir='ltr'><strong>omnibus</strong></span> <span class='ocrx_word' id='word_1_453' title='bbox 1549 4033 1953 4094; x_wconf 90' lang='lat' dir='ltr'><strong>terribiliorem.</strong></span> <span class='ocrx_word' id='word_1_454' title='bbox 1986 4039 2339 4110; x_wconf 88' lang='lat' dir='ltr'><strong>idoneamque</strong></span> 
     </span>
    </p>
   </div>
   <div class='ocr_carea' id='block_1_71' title="bbox 790 4107 2340 4186">
    <p class='ocr_par' dir='ltr' id='par_1_71' title="bbox 790 4107 2340 4186">
     <span class='ocr_line' id='line_1_71' title="bbox 790 4107 2340 4186; baseline 0.019 -28"><span class='ocrx_word' id='word_1_455' title='bbox 790 4107 1196 4170; x_wconf 75' lang='lat' dir='ltr'><strong>existimabant,</strong></span> <span class='ocrx_word' id='word_1_456' title='bbox 1224 4123 1276 4164; x_wconf 89' lang='lat' dir='ltr'><strong>et</strong></span> <span class='ocrx_word' id='word_1_457' title='bbox 1301 4127 1600 4169; x_wconf 84' lang='lat' dir='ltr'><strong>armassent</strong></span> <span class='ocrx_word' id='word_1_458' title='bbox 1642 4128 1690 4171; x_wconf 90' lang='lat' dir='ltr'><strong>et</strong></span> <span class='ocrx_word' id='word_1_459' title='bbox 1730 4137 1885 4174; x_wconf 90' lang='lat' dir='ltr'><strong>muro</strong></span> <span class='ocrx_word' id='word_1_460' title='bbox 1926 4126 2214 4184; x_wconf 86' lang='lat' dir='ltr'><strong>admovere</strong></span> <span class='ocrx_word' id='word_1_461' title='bbox 2247 4107 2340 4186; x_wconf 79' lang='lat' dir='ltr'><strong>co-</strong></span> 
     </span>
    </p>
   </div>
   <div class='ocr_carea' id='block_1_72' title="bbox 793 4201 2335 4284">
    <p class='ocr_par' dir='ltr' id='par_1_72' title="bbox 793 4201 2335 4284">
     <span class='ocr_line' id='line_1_72' title="bbox 793 4201 2335 4284; baseline 0.019 -38"><span class='ocrx_word' id='word_1_462' title='bbox 793 4206 1074 4259; x_wconf 76' lang='lat' dir='ltr'><strong>narentur,</strong></span> <span class='ocrx_word' id='word_1_463' title='bbox 1107 4201 1288 4252; x_wconf 88' lang='lat' dir='ltr'><strong>divina</strong></span> <span class='ocrx_word' id='word_1_464' title='bbox 1324 4204 1664 4274; x_wconf 84' lang='lat' dir='ltr'><strong>providentia</strong></span> <span class='ocrx_word' id='word_1_465' title='bbox 1709 4209 2212 4284; x_wconf 82' lang='lat' dir='ltr'><strong>instrumentorum,</strong></span> <span class='ocrx_word' id='word_1_466' title='bbox 2241 4238 2335 4274; x_wconf 78' lang='lat' dir='ltr'><strong>ex-</strong></span> 
     </span>
    </p>
   </div>
   <div class='ocr_carea' id='block_1_73' title="bbox 792 4284 2334 4363">
    <p class='ocr_par' dir='ltr' id='par_1_73' title="bbox 792 4284 2334 4363">
     <span class='ocr_line' id='line_1_73' title="bbox 792 4284 2334 4363; baseline 0.019 -28"><span class='ocrx_word' id='word_1_467' title='bbox 792 4284 1098 4338; x_wconf 79' lang='lat' dir='ltr'><strong>sistentium</strong></span> <span class='ocrx_word' id='word_1_468' title='bbox 1131 4290 1180 4340; x_wconf 90' lang='lat' dir='ltr'><strong>in</strong></span> <span class='ocrx_word' id='word_1_469' title='bbox 1212 4304 1295 4349; x_wconf 86' lang='lat' dir='ltr'><strong>ea.</strong></span> <span class='ocrx_word' id='word_1_470' title='bbox 1327 4303 1515 4357; x_wconf 88' lang='lat' dir='ltr'><strong>sponte</strong></span> <span class='ocrx_word' id='word_1_471' title='bbox 1561 4310 1680 4355; x_wconf 82' lang='lat' dir='ltr'><strong>sua.</strong></span> <span class='ocrx_word' id='word_1_472' title='bbox 1709 4298 1836 4351; x_wconf 93' lang='lat' dir='ltr'><strong>dum</strong></span> <span class='ocrx_word' id='word_1_473' title='bbox 1867 4302 2056 4356; x_wconf 88' lang='lat' dir='ltr'><strong>eadem</strong></span> <span class='ocrx_word' id='word_1_474' title='bbox 2092 4321 2334 4363; x_wconf 87' lang='lat' dir='ltr'><strong>movere-</strong></span> 
     </span>
    </p>
   </div>
   <div class='ocr_carea' id='block_1_74' title="bbox 791 4377 2334 4462">
    <p class='ocr_par' dir='ltr' id='par_1_74' title="bbox 791 4377 2334 4462">
     <span class='ocr_line' id='line_1_74' title="bbox 791 4377 2334 4462; baseline 0.018 -38"><span class='ocrx_word' id='word_1_475' title='bbox 791 4382 899 4434; x_wconf 89' lang='lat' dir='ltr'><strong>tur,</strong></span> <span class='ocrx_word' id='word_1_476' title='bbox 958 4377 1326 4444; x_wconf 71' lang='lat' dir='ltr'><strong>gubernaculo</strong></span> <span class='ocrx_word' id='word_1_477' title='bbox 1375 4383 1641 4449; x_wconf 80' lang='lat' dir='ltr'><strong>disrupta,</strong></span> <span class='ocrx_word' id='word_1_478' title='bbox 1687 4401 1946 4454; x_wconf 91' lang='lat' dir='ltr'><strong>armatos,</strong></span> <span class='ocrx_word' id='word_1_479' title='bbox 1990 4395 2080 4462; x_wconf 90' lang='lat' dir='ltr'><strong>qui</strong></span> <span class='ocrx_word' id='word_1_480' title='bbox 2138 4399 2189 4449; x_wconf 92' lang='lat' dir='ltr'><strong>in</strong></span> <span class='ocrx_word' id='word_1_481' title='bbox 2245 4398 2334 4452; x_wconf 90' lang='lat' dir='ltr'><strong>illa</strong></span> 
     </span>
    </p>
   </div>
   <div class='ocr_carea' id='block_1_75' title="bbox 788 4468 2339 4548">
    <p class='ocr_par' dir='ltr' id='par_1_75' title="bbox 788 4468 2339 4548">
     <span class='ocr_line' id='line_1_75' title="bbox 788 4468 2339 4548; baseline 0.019 -34"><span class='ocrx_word' id='word_1_482' title='bbox 788 4473 964 4526; x_wconf 88' lang='lat' dir='ltr'><strong>erant,</strong></span> <span class='ocrx_word' id='word_1_483' title='bbox 997 4468 1140 4521; x_wconf 86' lang='lat' dir='ltr'><strong>viros</strong></span> <span class='ocrx_word' id='word_1_484' title='bbox 1175 4469 1413 4532; x_wconf 88' lang='lat' dir='ltr'><strong>interire,</strong></span> <span class='ocrx_word' id='word_1_485' title='bbox 1468 4475 1604 4531; x_wconf 89' lang='lat' dir='ltr'><strong>alios</strong></span> <span class='ocrx_word' id='word_1_486' title='bbox 1633 4495 1786 4544; x_wconf 89' lang='lat' dir='ltr'><strong>vero,</strong></span> <span class='ocrx_word' id='word_1_487' title='bbox 1820 4483 1913 4548; x_wconf 91' lang='lat' dir='ltr'><strong>qui</strong></span> <span class='ocrx_word' id='word_1_488' title='bbox 1948 4483 2000 4536; x_wconf 91' lang='lat' dir='ltr'><strong>in</strong></span> <span class='ocrx_word' id='word_1_489' title='bbox 2052 4488 2339 4542; x_wconf 84' lang='lat' dir='ltr'><strong>testudini-</strong></span> 
     </span>
    </p>
   </div>
   <div class='ocr_carea' id='block_1_76' title="bbox 2445 3208 4008 3285">
    <p class='ocr_par' dir='ltr' id='par_1_76' title="bbox 2445 3208 4008 3285">
     <span class='ocr_line' id='line_1_76' title="bbox 2445 3208 4008 3285; baseline -0.009 -13"><span class='ocrx_word' id='word_1_490' title='bbox 2445 3223 2507 3272; x_wconf 78' lang='grc' dir='ltr'>ἐκ</span> <span class='ocrx_word' id='word_1_491' title='bbox 2534 3220 2639 3271; x_wconf 86' lang='grc' dir='ltr'><strong>τῶν</strong></span> <span class='ocrx_word' id='word_1_492' title='bbox 2672 3219 2880 3285; x_wconf 77' lang='grc' dir='ltr'>ψόφων,</span> <span class='ocrx_word' id='word_1_493' title='bbox 2913 3213 3299 3284; x_wconf 70' lang='grc' dir='ltr'>προσκυνήσας</span> <span class='ocrx_word' id='word_1_494' title='bbox 3355 3213 3415 3263; x_wconf 71' lang='grc' dir='ltr'>ὲν</span> <span class='ocrx_word' id='word_1_495' title='bbox 3448 3211 3526 3279; x_wconf 83' lang='grc' dir='ltr'><strong>τῷ</strong></span> <span class='ocrx_word' id='word_1_496' title='bbox 3554 3210 3663 3277; x_wconf 81' lang='grc' dir='ltr'>ναῷ</span> <span class='ocrx_word' id='word_1_497' title='bbox 3713 3208 3811 3260; x_wconf 69' lang='grc' dir='ltr'>τοῦ</span> <span class='ocrx_word' id='word_1_498' title='bbox 3841 3225 4008 3259; x_wconf 85' lang='grc' dir='ltr'>σωσι-</span> 
     </span>
    </p>
   </div>
   <div class='ocr_carea' id='block_1_77' title="bbox 2446 3299 4008 3378">
    <p class='ocr_par' dir='ltr' id='par_1_77' title="bbox 2446 3299 4008 3378">
     <span class='ocr_line' id='line_1_77' title="bbox 2446 3299 4008 3378; baseline -0.01 -14"><span class='ocrx_word' id='word_1_499' title='bbox 2446 3312 2656 3371; x_wconf 83' lang='grc' dir='ltr'>πόλιδος</span> <span class='ocrx_word' id='word_1_500' title='bbox 2690 3308 3030 3378; x_wconf 73' lang='grc' dir='ltr'>Δημητρίου,</span> <span class='ocrx_word' id='word_1_501' title='bbox 3063 3308 3198 3375; x_wconf 75' lang='grc' dir='ltr'>πρὸς</span> <span class='ocrx_word' id='word_1_502' title='bbox 3223 3302 3300 3371; x_wconf 82' lang='grc' dir='ltr'><strong>τῷ</strong></span> <span class='ocrx_word' id='word_1_503' title='bbox 3326 3304 3494 3371; x_wconf 75' lang='grc' dir='ltr'>τείχει</span> <span class='ocrx_word' id='word_1_504' title='bbox 3524 3304 3619 3352; x_wconf 76' lang='grc' dir='ltr'>καὶ</span> <span class='ocrx_word' id='word_1_505' title='bbox 3649 3300 3819 3360; x_wconf 76' lang='grc' dir='ltr'>αὐτὸς</span> <span class='ocrx_word' id='word_1_506' title='bbox 3873 3299 4008 3366; x_wconf 71' lang='grc' dir='ltr'>μετὰ</span> 
     </span>
    </p>
   </div>
   <div class='ocr_carea' id='block_1_78' title="bbox 2448 3385 4009 3460">
    <p class='ocr_par' dir='ltr' id='par_1_78' title="bbox 2448 3385 4009 3460">
     <span class='ocr_line' id='line_1_78' title="bbox 2448 3385 4009 3460; baseline -0.006 -12"><span class='ocrx_word' id='word_1_507' title='bbox 2448 3397 2667 3449; x_wconf 84' lang='grc' dir='ltr'>πάντων</span> <span class='ocrx_word' id='word_1_508' title='bbox 2697 3395 3064 3460; x_wconf 79' lang='grc' dir='ltr'>ὁπλισάμενος</span> <span class='ocrx_word' id='word_1_509' title='bbox 3114 3393 3359 3445; x_wconf 68' lang='grc' dir='ltr'>ἄνεισιν·</span> <span class='ocrx_word' id='word_1_510' title='bbox 3399 3385 3519 3440; x_wconf 73' lang='grc' dir='ltr'>εἶτα</span> <span class='ocrx_word' id='word_1_511' title='bbox 3557 3389 3614 3439; x_wconf 67' lang='grc' dir='ltr'>δὲ</span> <span class='ocrx_word' id='word_1_512' title='bbox 3643 3387 3758 3438; x_wconf 91' lang='grc' dir='ltr'><strong>τῶν</strong></span> <span class='ocrx_word' id='word_1_513' title='bbox 3787 3389 3855 3438; x_wconf 64' lang='lat' dir='ltr'><strong>in</strong></span> <span class='ocrx_word' id='word_1_514' title='bbox 3899 3387 4009 3438; x_wconf 76' lang='grc' dir='ltr'><strong>τῶν</strong></span> 
     </span>
    </p>
   </div>
   <div class='ocr_carea' id='block_1_79' title="bbox 2448 3478 4008 3547">
    <p class='ocr_par' dir='ltr' id='par_1_79' title="bbox 2448 3478 4008 3547">
     <span class='ocr_line' id='line_1_79' title="bbox 2448 3478 4008 3547; baseline -0.008 -8"><span class='ocrx_word' id='word_1_515' title='bbox 2448 3488 2699 3539; x_wconf 75' lang='grc' dir='ltr'>ἀντιειων</span> <span class='ocrx_word' id='word_1_516' title='bbox 2729 3483 3280 3538; x_wconf 78' lang='grc' dir='ltr'>κατασκευασθέντων</span> <span class='ocrx_word' id='word_1_517' title='bbox 3315 3479 3673 3547; x_wconf 83' lang='grc' dir='ltr'>μαγγανικῶν</span> <span class='ocrx_word' id='word_1_518' title='bbox 3696 3478 3884 3529; x_wconf 85' lang='grc' dir='ltr'>ὅπλων</span> <span class='ocrx_word' id='word_1_519' title='bbox 3902 3478 4008 3527; x_wconf 79' lang='grc' dir='ltr'>λοι-</span> 
     </span>
    </p>
   </div>
   <div class='ocr_carea' id='block_1_80' title="bbox 2447 3568 4007 3640">
    <p class='ocr_par' dir='ltr' id='par_1_80' title="bbox 2447 3568 4007 3640">
     <span class='ocr_line' id='line_1_80' title="bbox 2447 3568 4007 3640; baseline -0.008 -10"><span class='ocrx_word' id='word_1_520' title='bbox 2447 3580 2548 3630; x_wconf 81' lang='grc' dir='ltr'>πὸν</span> <span class='ocrx_word' id='word_1_521' title='bbox 2575 3575 3062 3630; x_wconf 81' lang='grc' dir='ltr'>καταπτυσθέντων</span> <span class='ocrx_word' id='word_1_522' title='bbox 3093 3576 3187 3625; x_wconf 74' lang='grc' dir='ltr'>καὶ</span> <span class='ocrx_word' id='word_1_523' title='bbox 3218 3574 3522 3640; x_wconf 85' lang='grc' dir='ltr'>ἀπράκτων</span> <span class='ocrx_word' id='word_1_524' title='bbox 3551 3570 3639 3621; x_wconf 73' lang='grc' dir='ltr'><strong>διά</strong></span> <span class='ocrx_word' id='word_1_525' title='bbox 3670 3570 3784 3620; x_wconf 86' lang='grc' dir='ltr'><strong>τῶν</strong></span> <span class='ocrx_word' id='word_1_526' title='bbox 3826 3568 4007 3620; x_wconf 64' lang='grc' dir='ltr'>αὐτῶν</span> 
     </span>
    </p>
   </div>
   <div class='ocr_carea' id='block_1_81' title="bbox 2443 3661 4002 3737">
    <p class='ocr_par' dir='ltr' id='par_1_81' title="bbox 2443 3661 4002 3737">
     <span class='ocr_line' id='line_1_81' title="bbox 2443 3661 4002 3737; baseline -0.008 -15"><span class='ocrx_word' id='word_1_527' title='bbox 2443 3669 2960 3737; x_wconf 78' lang='grc' dir='ltr'>άντιπαρατάξεων,</span> <span class='ocrx_word' id='word_1_528' title='bbox 3021 3670 3114 3718; x_wconf 77' lang='grc' dir='ltr'>καὶ</span> <span class='ocrx_word' id='word_1_529' title='bbox 3171 3662 3561 3729; x_wconf 76' lang='grc' dir='ltr'>ἀνεπιτηδείων</span> <span class='ocrx_word' id='word_1_530' title='bbox 3619 3662 3711 3713; x_wconf 67' lang='grc' dir='ltr'><strong>διὰ</strong></span> <span class='ocrx_word' id='word_1_531' title='bbox 3758 3663 3861 3729; x_wconf 76' lang='grc' dir='ltr'>τῆς</span> <span class='ocrx_word' id='word_1_532' title='bbox 3909 3661 4002 3711; x_wconf 74' lang='grc' dir='ltr'>τοῦ</span> 
     </span>
    </p>
   </div>
   <div class='ocr_carea' id='block_1_82' title="bbox 2444 3753 4006 3830">
    <p class='ocr_par' dir='ltr' id='par_1_82' title="bbox 2444 3753 4006 3830">
     <span class='ocr_line' id='line_1_82' title="bbox 2444 3753 4006 3830; baseline -0.008 -14"><span class='ocrx_word' id='word_1_533' title='bbox 2444 3764 2741 3830; x_wconf 75' lang='grc' dir='ltr'>ἅθλοφὸρου</span> <span class='ocrx_word' id='word_1_534' title='bbox 2767 3761 3087 3830; x_wconf 76' lang='grc' dir='ltr'>συνεργεξας</span> <span class='ocrx_word' id='word_1_535' title='bbox 3117 3756 3575 3824; x_wconf 71' lang='grc' dir='ltr'>ἀποδειχθέντων,</span> <span class='ocrx_word' id='word_1_536' title='bbox 3613 3753 3688 3815; x_wconf 84' lang='grc' dir='ltr'>ὡς</span> <span class='ocrx_word' id='word_1_537' title='bbox 3722 3756 3894 3804; x_wconf 66' lang='grc' dir='ltr'>πᾶσιν</span> <span class='ocrx_word' id='word_1_538' title='bbox 3924 3754 4006 3805; x_wconf 75' lang='grc' dir='ltr'>δε-</span> 
     </span>
    </p>
   </div>
   <div class='ocr_carea' id='block_1_83' title="bbox 2441 3851 2698 3919">
    <p class='ocr_par' dir='ltr' id='par_1_83' title="bbox 2441 3851 2698 3919">
     <span class='ocr_line' id='line_1_83' title="bbox 2441 3851 2698 3919; baseline -0.004 -15"><span class='ocrx_word' id='word_1_539' title='bbox 2441 3851 2698 3919; x_wconf 80' lang='grc' dir='ltr'>δήλωται.</span> 
     </span>
    </p>
   </div>
   <div class='ocr_carea' id='block_1_84' title="bbox 2512 3938 4000 4009">
    <p class='ocr_par' dir='ltr' id='par_1_84' title="bbox 2512 3938 4000 4009">
     <span class='ocr_line' id='line_1_84' title="bbox 2512 3938 4000 4009; baseline -0.005 -16"><span class='ocrx_word' id='word_1_540' title='bbox 2512 3943 2646 4009; x_wconf 84' lang='grc' dir='ltr'>ροο’.</span> <span class='ocrx_word' id='word_1_541' title='bbox 2677 3941 2783 3992; x_wconf 76' lang='grc' dir='ltr'><strong>Καὶ</strong></span> <span class='ocrx_word' id='word_1_542' title='bbox 2804 3941 2908 4007; x_wconf 82' lang='grc' dir='ltr'><strong>γὰρ</strong></span> <span class='ocrx_word' id='word_1_543' title='bbox 2942 3939 3030 3990; x_wconf 84' lang='grc' dir='ltr'>τοῦ</span> <span class='ocrx_word' id='word_1_544' title='bbox 3074 3939 3403 4005; x_wconf 80' lang='grc' dir='ltr'>παράύτῶν</span> <span class='ocrx_word' id='word_1_545' title='bbox 3428 3938 3788 4004; x_wconf 76' lang='grc' dir='ltr'>ξυλοπύργου.</span> <span class='ocrx_word' id='word_1_546' title='bbox 3815 3938 4000 3987; x_wconf 68' lang='grc' dir='ltr'>ὅντινα</span> 
     </span>
    </p>
   </div>
   <div class='ocr_carea' id='block_1_85' title="bbox 2441 4030 4000 4100">
    <p class='ocr_par' dir='ltr' id='par_1_85' title="bbox 2441 4030 4000 4100">
     <span class='ocr_line' id='line_1_85' title="bbox 2441 4030 4000 4100; baseline -0.004 -16"><span class='ocrx_word' id='word_1_547' title='bbox 2441 4033 2658 4084; x_wconf 72' lang='grc' dir='ltr'>ἐδόκουν</span> <span class='ocrx_word' id='word_1_548' title='bbox 2717 4033 2852 4100; x_wconf 63' lang='grc' dir='ltr'>ὑπὲρ</span> <span class='ocrx_word' id='word_1_549' title='bbox 2910 4031 3088 4082; x_wconf 84' lang='grc' dir='ltr'>πάντα</span> <span class='ocrx_word' id='word_1_550' title='bbox 3121 4030 3496 4099; x_wconf 78' lang='grc' dir='ltr'>φοὸερὼτερον</span> <span class='ocrx_word' id='word_1_551' title='bbox 3545 4033 3639 4083; x_wconf 81' lang='grc' dir='ltr'>καὶ</span> <span class='ocrx_word' id='word_1_552' title='bbox 3689 4031 4000 4096; x_wconf 75' lang='grc' dir='ltr'>ἐπιτήδειον</span> 
     </span>
    </p>
   </div>
   <div class='ocr_carea' id='block_1_86' title="bbox 2441 4117 3996 4192">
    <p class='ocr_par' dir='ltr' id='par_1_86' title="bbox 2441 4117 3996 4192">
     <span class='ocr_line' id='line_1_86' title="bbox 2441 4117 3996 4192; baseline -0.003 -18"><span class='ocrx_word' id='word_1_553' title='bbox 2441 4117 2598 4185; x_wconf 81' lang='grc' dir='ltr'>εἶναι,</span> <span class='ocrx_word' id='word_1_554' title='bbox 2625 4122 3056 4182; x_wconf 81' lang='grc' dir='ltr'>καθοπλίσαντές</span> <span class='ocrx_word' id='word_1_555' title='bbox 3086 4139 3144 4172; x_wconf 87' lang='grc' dir='ltr'><strong>τε</strong></span> <span class='ocrx_word' id='word_1_556' title='bbox 3180 4125 3273 4174; x_wconf 72' lang='grc' dir='ltr'>καὶ</span> <span class='ocrx_word' id='word_1_557' title='bbox 3305 4124 3689 4192; x_wconf 60' lang='grc' dir='ltr'>πφσορμῆσαι</span> <span class='ocrx_word' id='word_1_558' title='bbox 3719 4123 3796 4189; x_wconf 84' lang='grc' dir='ltr'>τῷ</span> <span class='ocrx_word' id='word_1_559' title='bbox 3828 4123 3996 4188; x_wconf 76' lang='grc' dir='ltr'>τείχει</span> 
     </span>
    </p>
   </div>
   <div class='ocr_carea' id='block_1_87' title="bbox 2442 4211 3994 4283">
    <p class='ocr_par' dir='ltr' id='par_1_87' title="bbox 2442 4211 3994 4283">
     <span class='ocr_line' id='line_1_87' title="bbox 2442 4211 3994 4283; baseline -0.002 -19"><span class='ocrx_word' id='word_1_560' title='bbox 2442 4217 2794 4282; x_wconf 78' lang='grc' dir='ltr'>πειρώμενοι,</span> <span class='ocrx_word' id='word_1_561' title='bbox 2837 4213 2958 4282; x_wconf 78' lang='grc' dir='ltr'>θείᾳ</span> <span class='ocrx_word' id='word_1_562' title='bbox 3006 4215 3236 4283; x_wconf 75' lang='grc' dir='ltr'>προνοίᾳ</span> <span class='ocrx_word' id='word_1_563' title='bbox 3285 4214 3610 4281; x_wconf 82' lang='grc' dir='ltr'>αὐτομάτως</span> <span class='ocrx_word' id='word_1_564' title='bbox 3639 4214 3697 4263; x_wconf 73' lang='lat' dir='ltr'><strong>tv</strong></span> <span class='ocrx_word' id='word_1_565' title='bbox 3726 4216 3790 4280; x_wconf 75' lang='grc' dir='ltr'>τῇ</span> <span class='ocrx_word' id='word_1_566' title='bbox 3830 4211 3994 4264; x_wconf 71' lang='grc' dir='ltr'>αὑτοῦ</span> 
     </span>
    </p>
   </div>
   <div class='ocr_carea' id='block_1_88' title="bbox 2441 4301 3993 4371">
    <p class='ocr_par' dir='ltr' id='par_1_88' title="bbox 2441 4301 3993 4371">
     <span class='ocr_line' id='line_1_88' title="bbox 2441 4301 3993 4371; baseline -0.003 -17"><span class='ocrx_word' id='word_1_567' title='bbox 2441 4306 2649 4371; x_wconf 81' lang='grc' dir='ltr'>κινήσει</span> <span class='ocrx_word' id='word_1_568' title='bbox 2683 4304 2940 4370; x_wconf 74' lang='grc' dir='ltr'>ῥαγέντος</span> <span class='ocrx_word' id='word_1_569' title='bbox 2976 4301 3070 4353; x_wconf 84' lang='grc' dir='ltr'>τοῦ</span> <span class='ocrx_word' id='word_1_570' title='bbox 3103 4303 3162 4353; x_wconf 72' lang='grc' dir='ltr'>ὲν</span> <span class='ocrx_word' id='word_1_571' title='bbox 3187 4301 3335 4369; x_wconf 79' lang='grc' dir='ltr'>αὐτῷ</span> <span class='ocrx_word' id='word_1_572' title='bbox 3372 4304 3436 4352; x_wconf 80' lang='grc' dir='ltr'>τὰ</span> <span class='ocrx_word' id='word_1_573' title='bbox 3463 4301 3672 4369; x_wconf 78' lang='grc' dir='ltr'>ὄργανα</span> <span class='ocrx_word' id='word_1_574' title='bbox 3703 4301 3993 4361; x_wconf 79' lang='grc' dir='ltr'>ξθύνοντος,</span> 
     </span>
    </p>
   </div>
   <div class='ocr_carea' id='block_1_89' title="bbox 2441 4391 3995 4461">
    <p class='ocr_par' dir='ltr' id='par_1_89' title="bbox 2441 4391 3995 4461">
     <span class='ocr_line' id='line_1_89' title="bbox 2441 4391 3995 4461; baseline -0.005 -14"><span class='ocrx_word' id='word_1_575' title='bbox 2441 4397 2532 4447; x_wconf 67' lang='grc' dir='ltr'>καὶ</span> <span class='ocrx_word' id='word_1_576' title='bbox 2559 4397 2685 4455; x_wconf 76' lang='grc' dir='ltr'>τοὺς</span> <span class='ocrx_word' id='word_1_577' title='bbox 2724 4397 2780 4445; x_wconf 77' lang='grc' dir='ltr'>ἐν</span> <span class='ocrx_word' id='word_1_578' title='bbox 2819 4391 2966 4461; x_wconf 83' lang='grc' dir='ltr'><strong>αὐτῷ</strong></span> <span class='ocrx_word' id='word_1_579' title='bbox 2998 4392 3224 4454; x_wconf 81' lang='grc' dir='ltr'>ὁπλίτας</span> <span class='ocrx_word' id='word_1_580' title='bbox 3257 4393 3576 4455; x_wconf 76' lang='grc' dir='ltr'>ἀποθανεῖν,</span> <span class='ocrx_word' id='word_1_581' title='bbox 3629 4391 3823 4453; x_wconf 74' lang='grc' dir='ltr'>ἄλλους</span> <span class='ocrx_word' id='word_1_582' title='bbox 3851 4392 3907 4442; x_wconf 74' lang='grc' dir='ltr'>δὲ</span> <span class='ocrx_word' id='word_1_583' title='bbox 3940 4396 3995 4442; x_wconf 77' lang='grc' dir='ltr'>ἐν</span> 
     </span>
    </p>
   </div>
   <div class='ocr_carea' id='block_1_90' title="bbox 2437 4481 3995 4552">
    <p class='ocr_par' dir='ltr' id='par_1_90' title="bbox 2437 4481 3995 4552">
     <span class='ocr_line' id='line_1_90' title="bbox 2437 4481 3995 4552; baseline -0.003 -15"><span class='ocrx_word' id='word_1_584' title='bbox 2437 4488 2557 4546; x_wconf 84' lang='grc' dir='ltr'>ταῖς</span> <span class='ocrx_word' id='word_1_585' title='bbox 2576 4485 2831 4552; x_wconf 79' lang='grc' dir='ltr'>χελώναις</span> <span class='ocrx_word' id='word_1_586' title='bbox 2855 4483 3264 4550; x_wconf 87' lang='grc' dir='ltr'>προσάπτοντας</span> <span class='ocrx_word' id='word_1_587' title='bbox 3287 4482 3364 4550; x_wconf 78' lang='grc' dir='ltr'>τῷ</span> <span class='ocrx_word' id='word_1_588' title='bbox 3395 4481 3568 4548; x_wconf 76' lang='grc' dir='ltr'>τειχει</span> <span class='ocrx_word' id='word_1_589' title='bbox 3595 4484 3657 4533; x_wconf 80' lang='grc' dir='ltr'>ὲκ</span> <span class='ocrx_word' id='word_1_590' title='bbox 3687 4483 3794 4533; x_wconf 83' lang='grc' dir='ltr'><strong>τῶν</strong></span> <span class='ocrx_word' id='word_1_591' title='bbox 3814 4484 3995 4533; x_wconf 66' lang='grc' dir='ltr'>ἑπάνω</span> 
     </span>
    </p>
   </div>
   <div class='ocr_carea' id='block_1_91' title="bbox 790 4556 2451 4644">
    <p class='ocr_par' dir='ltr' id='par_1_91' title="bbox 790 4556 2451 4644">
     <span class='ocr_line' id='line_1_91' title="bbox 790 4556 2451 4644; baseline 0.018 -39"><span class='ocrx_word' id='word_1_592' title='bbox 790 4556 889 4608; x_wconf 72' lang='lat' dir='ltr'><strong>Inus</strong></span> <span class='ocrx_word' id='word_1_593' title='bbox 913 4557 1246 4625; x_wconf 82' lang='lat' dir='ltr'><strong>attingebant</strong></span> <span class='ocrx_word' id='word_1_594' title='bbox 1275 4579 1509 4627; x_wconf 89' lang='lat' dir='ltr'><strong>murum,</strong></span> <span class='ocrx_word' id='word_1_595' title='bbox 1534 4580 1564 4618; x_wconf 89' lang='lat' dir='ltr'><strong>e</strong></span> <span class='ocrx_word' id='word_1_596' title='bbox 1587 4569 1851 4635; x_wconf 82' lang='lat' dir='ltr'><strong>superiori</strong></span> <span class='ocrx_word' id='word_1_597' title='bbox 1879 4587 2158 4627; x_wconf 90' lang='lat' dir='ltr'><strong>murorum</strong></span> <span class='ocrx_word' id='word_1_598' title='bbox 2189 4589 2338 4644; x_wconf 89' lang='lat' dir='ltr'><strong>parte</strong></span> <span class='ocrx_word' id='word_1_599' title='bbox 2434 4595 2451 4627; x_wconf 82' lang='grc' dir='ltr'><strong>ἰ</strong></span> 
     </span>
    </p>
   </div>
   <div class='ocr_carea' id='block_1_92' title="bbox 2331 4556 3992 4644">
    <p class='ocr_par' dir='ltr' id='par_1_92' title="bbox 2331 4572 3992 4644">
     <span class='ocr_line' id='line_1_92' title="bbox 2331 4572 3992 4644; baseline -0.005 -13"><span class='ocrx_word' id='word_1_600' title='bbox 2331 4598 2338 4631; x_wconf 74' lang='grc' dir='ltr'><strong>ι</strong></span> <span class='ocrx_word' id='word_1_601' title='bbox 2434 4578 2541 4628; x_wconf 85' lang='grc' dir='ltr'><strong>τῶν</strong></span> <span class='ocrx_word' id='word_1_602' title='bbox 2565 4577 2758 4644; x_wconf 80' lang='grc' dir='ltr'>τειχῶν</span> <span class='ocrx_word' id='word_1_603' title='bbox 2787 4575 2872 4627; x_wconf 81' lang='grc' dir='ltr'><strong>διὰ</strong></span> <span class='ocrx_word' id='word_1_604' title='bbox 2925 4573 3094 4637; x_wconf 78' lang='grc' dir='ltr'>ξύλων</span> <span class='ocrx_word' id='word_1_605' title='bbox 3150 4575 3382 4642; x_wconf 76' lang='grc' dir='ltr'>ἑχόντων</span> <span class='ocrx_word' id='word_1_606' title='bbox 3431 4573 3583 4640; x_wconf 74' lang='grc' dir='ltr'>ξίφος</span> <span class='ocrx_word' id='word_1_607' title='bbox 3638 4572 3899 4634; x_wconf 60' lang='lat' dir='ltr'><strong>omasi;</strong></span> <span class='ocrx_word' id='word_1_608' title='bbox 3931 4574 3992 4622; x_wconf 74' lang='grc' dir='ltr'>ἐκ</span> 
     </span>
    </p>
   </div>
   <div class='ocr_carea' id='block_1_93' title="bbox 789 4646 2450 4734">
    <p class='ocr_par' dir='ltr' id='par_1_93' title="bbox 789 4646 2450 4730">
     <span class='ocr_line' id='line_1_93' title="bbox 789 4646 2450 4730; baseline 0.016 -36"><span class='ocrx_word' id='word_1_609' title='bbox 789 4660 884 4710; x_wconf 84' lang='lat' dir='ltr'><strong>per</strong></span> <span class='ocrx_word' id='word_1_610' title='bbox 919 4646 1084 4714; x_wconf 73' lang='lat' dir='ltr'><strong>ligna.</strong></span> <span class='ocrx_word' id='word_1_611' title='bbox 1120 4664 1240 4717; x_wconf 78' lang='lat' dir='ltr'><strong>qua:</strong></span> <span class='ocrx_word' id='word_1_612' title='bbox 1310 4668 1602 4717; x_wconf 89' lang='lat' dir='ltr'><strong>mucrone,</strong></span> <span class='ocrx_word' id='word_1_613' title='bbox 1639 4661 1874 4714; x_wconf 79' lang='lat' dir='ltr'><strong>vomeris</strong></span> <span class='ocrx_word' id='word_1_614' title='bbox 1921 4665 2156 4730; x_wconf 87' lang='lat' dir='ltr'><strong>speciem</strong></span> <span class='ocrx_word' id='word_1_615' title='bbox 2200 4667 2339 4720; x_wconf 81' lang='lat' dir='ltr'><strong>refe-</strong></span> <span class='ocrx_word' id='word_1_616' title='bbox 2432 4684 2450 4720; x_wconf 86' lang='lat'><strong>1</strong></span> 
     </span>
    </p>
   </div>
   <div class='ocr_carea' id='block_1_94' title="bbox 2334 4646 3995 4734">
    <p class='ocr_par' dir='ltr' id='par_1_94' title="bbox 2334 4660 3995 4734">
     <span class='ocr_line' id='line_1_94' title="bbox 2334 4660 3995 4734; baseline -0.005 -15"><span class='ocrx_word' id='word_1_617' title='bbox 2334 4697 2339 4708; x_wconf 87' lang='lat'><strong><em>-</em></strong></span> <span class='ocrx_word' id='word_1_618' title='bbox 2432 4667 2541 4720; x_wconf 87' lang='grc' dir='ltr'><strong>τῶν</strong></span> <span class='ocrx_word' id='word_1_619' title='bbox 2580 4665 2816 4734; x_wconf 82' lang='grc' dir='ltr'>ὕπερθεν</span> <span class='ocrx_word' id='word_1_620' title='bbox 2846 4663 3135 4733; x_wconf 87' lang='grc' dir='ltr'>χαλώντων</span> <span class='ocrx_word' id='word_1_621' title='bbox 3171 4664 3266 4715; x_wconf 78' lang='grc' dir='ltr'>καὶ</span> <span class='ocrx_word' id='word_1_622' title='bbox 3293 4660 3612 4730; x_wconf 85' lang='grc' dir='ltr'>πηγνύντων</span> <span class='ocrx_word' id='word_1_623' title='bbox 3636 4662 3846 4722; x_wconf 78' lang='grc' dir='ltr'>ταύτας</span> <span class='ocrx_word' id='word_1_624' title='bbox 3905 4663 3995 4711; x_wconf 80' lang='grc' dir='ltr'><strong>ἁν-</strong></span> 
     </span>
    </p>
   </div>
   <div class='ocr_carea' id='block_1_95' title="bbox 788 4739 2449 4826">
    <p class='ocr_par' dir='ltr' id='par_1_95' title="bbox 788 4739 2449 4820">
     <span class='ocr_line' id='line_1_95' title="bbox 788 4739 2449 4820; baseline 0.019 -35"><span class='ocrx_word' id='word_1_625' title='bbox 788 4743 962 4796; x_wconf 84' lang='lat' dir='ltr'><strong>rcnte,</strong></span> <span class='ocrx_word' id='word_1_626' title='bbox 997 4745 1152 4790; x_wconf 88' lang='lat' dir='ltr'><strong>erant</strong></span> <span class='ocrx_word' id='word_1_627' title='bbox 1201 4739 1486 4804; x_wconf 89' lang='lat' dir='ltr'><strong>instructa.</strong></span> <span class='ocrx_word' id='word_1_628' title='bbox 1523 4761 1552 4798; x_wconf 91' lang='lat' dir='ltr'><strong>e</strong></span> <span class='ocrx_word' id='word_1_629' title='bbox 1585 4748 1803 4803; x_wconf 82' lang='lat' dir='ltr'><strong>sublimi</strong></span> <span class='ocrx_word' id='word_1_630' title='bbox 1833 4753 2155 4820; x_wconf 84' lang='lat' dir='ltr'><strong>delabentia,</strong></span> <span class='ocrx_word' id='word_1_631' title='bbox 2192 4758 2337 4814; x_wconf 88' lang='lat' dir='ltr'><strong>illas-</strong></span> <span class='ocrx_word' id='word_1_632' title='bbox 2435 4774 2449 4809; x_wconf 80' lang='grc' dir='ltr'><strong>ε</strong></span> 
     </span>
    </p>
   </div>
   <div class='ocr_carea' id='block_1_96' title="bbox 2333 4739 3994 4826">
    <p class='ocr_par' dir='ltr' id='par_1_96' title="bbox 2333 4751 3994 4826">
     <span class='ocr_line' id='line_1_96' title="bbox 2333 4751 3994 4826; baseline -0.006 -16"><span class='ocrx_word' id='word_1_633' title='bbox 2333 4790 2337 4800; x_wconf 78' lang='grc' dir='ltr'><strong>ι</strong></span> <span class='ocrx_word' id='word_1_634' title='bbox 2435 4757 2769 4826; x_wconf 78' lang='grc' dir='ltr'>εγεέρεσθαι,</span> <span class='ocrx_word' id='word_1_635' title='bbox 2799 4755 2873 4815; x_wconf 89' lang='grc' dir='ltr'><strong>ώς</strong></span> <span class='ocrx_word' id='word_1_636' title='bbox 2933 4754 3119 4807; x_wconf 78' lang='grc' dir='ltr'>λοιπὸν</span> <span class='ocrx_word' id='word_1_637' title='bbox 3162 4755 3290 4815; x_wconf 82' lang='grc' dir='ltr'>τοὺς</span> <span class='ocrx_word' id='word_1_638' title='bbox 3333 4751 3546 4804; x_wconf 74' lang='grc' dir='ltr'>ἔνδοθεν</span> <span class='ocrx_word' id='word_1_639' title='bbox 3604 4753 3855 4818; x_wconf 70' lang='grc' dir='ltr'>γυμνοὺς</span> <span class='ocrx_word' id='word_1_640' title='bbox 3901 4753 3994 4817; x_wconf 74' lang='grc' dir='ltr'>μὲν</span> 
     </span>
    </p>
   </div>
   <div class='ocr_carea' id='block_1_97' title="bbox 786 4830 2447 4915">
    <p class='ocr_par' dir='ltr' id='par_1_97' title="bbox 786 4830 2447 4915">
     <span class='ocr_line' id='line_1_97' title="bbox 786 4830 2447 4915; baseline 0.02 -40"><span class='ocrx_word' id='word_1_641' title='bbox 786 4839 892 4892; x_wconf 83' lang='lat' dir='ltr'><strong>que</strong></span> <span class='ocrx_word' id='word_1_642' title='bbox 944 4830 1262 4892; x_wconf 79' lang='lat' dir='ltr'><strong>conligentia</strong></span> <span class='ocrx_word' id='word_1_643' title='bbox 1312 4833 1516 4888; x_wconf 91' lang='lat' dir='ltr'><strong>turbari</strong></span> <span class='ocrx_word' id='word_1_644' title='bbox 1565 4840 1763 4902; x_wconf 88' lang='lat' dir='ltr'><strong>evenit,</strong></span> <span class='ocrx_word' id='word_1_645' title='bbox 1813 4843 1947 4896; x_wconf 90' lang='lat' dir='ltr'><strong>adeo</strong></span> <span class='ocrx_word' id='word_1_646' title='bbox 1979 4851 2156 4915; x_wconf 90' lang='lat' dir='ltr'><strong>utqui</strong></span> <span class='ocrx_word' id='word_1_647' title='bbox 2191 4850 2336 4905; x_wconf 88' lang='lat' dir='ltr'><strong>intus</strong></span> <span class='ocrx_word' id='word_1_648' title='bbox 2431 4865 2447 4898; x_wconf 80' lang='grc' dir='ltr'><strong>ἰ</strong></span> 
     </span>
    </p>
   </div>
   <div class='ocr_carea' id='block_1_98' title="bbox 2328 4830 3989 4915">
    <p class='ocr_par' dir='ltr' id='par_1_98' title="bbox 2328 4840 3989 4911">
     <span class='ocr_line' id='line_1_98' title="bbox 2328 4840 3989 4911; baseline -0.005 -11"><span class='ocrx_word' id='word_1_649' title='bbox 2328 4869 2336 4905; x_wconf 80' lang='grc' dir='ltr'><strong>ι</strong></span> <span class='ocrx_word' id='word_1_650' title='bbox 2431 4848 2549 4907; x_wconf 75' lang='grc' dir='ltr'>ταῖς</span> <span class='ocrx_word' id='word_1_651' title='bbox 2593 4849 2655 4898; x_wconf 81' lang='grc' dir='ltr'>ἐκ</span> <span class='ocrx_word' id='word_1_652' title='bbox 2688 4847 2794 4898; x_wconf 79' lang='grc' dir='ltr'><strong>τῶν</strong></span> <span class='ocrx_word' id='word_1_653' title='bbox 2823 4843 3057 4896; x_wconf 82' lang='grc' dir='ltr'>ὁπλιτῶν</span> <span class='ocrx_word' id='word_1_654' title='bbox 3087 4842 3180 4895; x_wconf 81' lang='grc' dir='ltr'>τοῦ</span> <span class='ocrx_word' id='word_1_655' title='bbox 3213 4843 3425 4911; x_wconf 77' lang='grc' dir='ltr'>τείχους</span> <span class='ocrx_word' id='word_1_656' title='bbox 3469 4840 3880 4908; x_wconf 50' lang='grc' dir='ltr'>τιτρλ·ί›σκεσθαι</span> <span class='ocrx_word' id='word_1_657' title='bbox 3908 4842 3989 4908; x_wconf 81' lang='grc' dir='ltr'><strong>βο-</strong></span> 
     </span>
    </p>
   </div>
   <div class='ocr_carea' id='block_1_99' title="bbox 785 4917 2332 5006">
    <p class='ocr_par' dir='ltr' id='par_1_99' title="bbox 785 4917 2332 5006">
     <span class='ocr_line' id='line_1_99' title="bbox 785 4917 2332 5006; baseline 0.017 -39"><span class='ocrx_word' id='word_1_658' title='bbox 785 4925 964 4978; x_wconf 85' lang='lat' dir='ltr'><strong>erant,</strong></span> <span class='ocrx_word' id='word_1_659' title='bbox 987 4917 1098 4984; x_wconf 84' lang='lat' dir='ltr'><strong>jam</strong></span> <span class='ocrx_word' id='word_1_660' title='bbox 1149 4921 1275 4973; x_wconf 87' lang='lat' dir='ltr'><strong>nudi</strong></span> <span class='ocrx_word' id='word_1_661' title='bbox 1305 4924 1521 4978; x_wconf 80' lang='lat' dir='ltr'><strong>emissis</strong></span> <span class='ocrx_word' id='word_1_662' title='bbox 1553 4941 1648 4993; x_wconf 91' lang='lat' dir='ltr'><strong>per</strong></span> <span class='ocrx_word' id='word_1_663' title='bbox 1681 4932 1824 4984; x_wconf 88' lang='lat' dir='ltr'><strong>viros</strong></span> <span class='ocrx_word' id='word_1_664' title='bbox 1868 4946 2122 5002; x_wconf 89' lang='lat' dir='ltr'><strong>armatos,</strong></span> <span class='ocrx_word' id='word_1_665' title='bbox 2158 4940 2247 5006; x_wconf 92' lang='lat' dir='ltr'><strong>qui</strong></span> <span class='ocrx_word' id='word_1_666' title='bbox 2279 4942 2332 4994; x_wconf 92' lang='lat' dir='ltr'><strong>in</strong></span> 
     </span>
    </p>
   </div>
   <div class='ocr_carea' id='block_1_100' title="bbox 788 5012 2330 5096">
    <p class='ocr_par' dir='ltr' id='par_1_100' title="bbox 788 5012 2330 5096">
     <span class='ocr_line' id='line_1_100' title="bbox 788 5012 2330 5096; baseline 0.02 -41"><span class='ocrx_word' id='word_1_667' title='bbox 788 5023 943 5058; x_wconf 83' lang='grc' dir='ltr'>ιιιυΓο</span> <span class='ocrx_word' id='word_1_668' title='bbox 993 5019 1165 5074; x_wconf 86' lang='lat' dir='ltr'><strong>erant,</strong></span> <span class='ocrx_word' id='word_1_669' title='bbox 1211 5012 1412 5079; x_wconf 89' lang='lat' dir='ltr'><strong>jaculis</strong></span> <span class='ocrx_word' id='word_1_670' title='bbox 1466 5015 1914 5087; x_wconf 86' lang='lat' dir='ltr'><strong>vulnerarentur;</strong></span> <span class='ocrx_word' id='word_1_671' title='bbox 1971 5027 2113 5082; x_wconf 90' lang='lat' dir='ltr'><strong>unde</strong></span> <span class='ocrx_word' id='word_1_672' title='bbox 2162 5030 2330 5096; x_wconf 86' lang='lat' dir='ltr'><strong>cives,</strong></span> 
     </span>
    </p>
   </div>
   <div class='ocr_carea' id='block_1_101' title="bbox 783 5100 2324 5175">
    <p class='ocr_par' dir='ltr' id='par_1_101' title="bbox 783 5100 2324 5175">
     <span class='ocr_line' id='line_1_101' title="bbox 783 5100 2324 5175; baseline 0.015 -24"><span class='ocrx_word' id='word_1_673' title='bbox 783 5100 874 5166; x_wconf 92' lang='lat' dir='ltr'><strong>qui</strong></span> <span class='ocrx_word' id='word_1_674' title='bbox 910 5101 1059 5166; x_wconf 84' lang='lat' dir='ltr'><strong>prius</strong></span> <span class='ocrx_word' id='word_1_675' title='bbox 1107 5103 1286 5169; x_wconf 87' lang='lat' dir='ltr'><strong>pavidi</strong></span> <span class='ocrx_word' id='word_1_676' title='bbox 1319 5105 1659 5171; x_wconf 77' lang='lat' dir='ltr'><strong>exstiterant,</strong></span> <span class='ocrx_word' id='word_1_677' title='bbox 1692 5111 2033 5168; x_wconf 84' lang='lat' dir='ltr'><strong>delectationi</strong></span> <span class='ocrx_word' id='word_1_678' title='bbox 2083 5133 2145 5173; x_wconf 89' lang='lat' dir='ltr'><strong>ac</strong></span> <span class='ocrx_word' id='word_1_679' title='bbox 2192 5121 2324 5175; x_wconf 85' lang='lat' dir='ltr'><strong>risui</strong></span> 
     </span>
    </p>
   </div>
   <div class='ocr_carea' id='block_1_102' title="bbox 785 5187 1868 5257">
    <p class='ocr_par' dir='ltr' id='par_1_102' title="bbox 785 5187 1868 5257">
     <span class='ocr_line' id='line_1_102' title="bbox 785 5187 1868 5257; baseline 0.014 -16"><span class='ocrx_word' id='word_1_680' title='bbox 785 5187 1091 5247; x_wconf 88' lang='lat' dir='ltr'><strong>habuerunt</strong></span> <span class='ocrx_word' id='word_1_681' title='bbox 1121 5194 1461 5251; x_wconf 87' lang='lat' dir='ltr'><strong>inimicorum</strong></span> <span class='ocrx_word' id='word_1_682' title='bbox 1487 5199 1868 5257; x_wconf 84' lang='lat' dir='ltr'><strong>instrumenta.</strong></span> 
     </span>
    </p>
   </div>
   <div class='ocr_carea' id='block_1_103' title="bbox 854 5389 2324 5471">
    <p class='ocr_par' dir='ltr' id='par_1_103' title="bbox 854 5389 2324 5471">
     <span class='ocr_line' id='line_1_103' title="bbox 854 5389 2324 5471; baseline 0.007 -30"><span class='ocrx_word' id='word_1_683' title='bbox 854 5389 967 5471; x_wconf 61' lang='grc' dir='ltr'><strong>μί)</strong></span> <span class='ocrx_word' id='word_1_684' title='bbox 1003 5389 1333 5471; x_wconf 71' lang='lat' dir='ltr'><strong>vocabulum</strong></span> <span class='ocrx_word' id='word_1_685' title='bbox 1367 5398 1776 5471; x_wconf 78' lang='grc' dir='ltr'>καγκελλάριος,</span> <span class='ocrx_word' id='word_1_686' title='bbox 1804 5403 1948 5471; x_wconf 90' lang='lat' dir='ltr'><strong>quod</strong></span> <span class='ocrx_word' id='word_1_687' title='bbox 1986 5403 2177 5459; x_wconf 85' lang='lat' dir='ltr'><strong>Latine</strong></span> <span class='ocrx_word' id='word_1_688' title='bbox 2197 5423 2324 5459; x_wconf 81' lang='lat' dir='ltr'><strong>can.</strong></span> 
     </span>
    </p>
   </div>
   <div class='ocr_carea' id='block_1_104' title="bbox 786 5459 2323 5540">
    <p class='ocr_par' dir='ltr' id='par_1_104' title="bbox 786 5459 2323 5540">
     <span class='ocr_line' id='line_1_104' title="bbox 786 5459 2323 5540; baseline 0.011 -29"><span class='ocrx_word' id='word_1_689' title='bbox 786 5459 1458 5540; x_wconf 35' lang='lat' dir='ltr'><strong>falaricainterpretatus</strong></span> <span class='ocrx_word' id='word_1_690' title='bbox 1488 5459 1802 5526; x_wconf 42' lang='lat' dir='ltr'><strong>sumfidem</strong></span> <span class='ocrx_word' id='word_1_691' title='bbox 1823 5459 1952 5531; x_wconf 61' lang='lat' dir='ltr'><strong>&#39;hic.</strong></span> <span class='ocrx_word' id='word_1_692' title='bbox 1993 5477 2133 5540; x_wconf 89' lang='lat' dir='ltr'><strong>quod</strong></span> <span class='ocrx_word' id='word_1_693' title='bbox 2164 5493 2182 5525; x_wconf 73' lang='grc' dir='ltr'><strong>ι</strong></span> <span class='ocrx_word' id='word_1_694' title='bbox 2227 5491 2323 5527; x_wconf 82' lang='grc' dir='ltr'>νυ-</span> 
     </span>
    </p>
   </div>
   <div class='ocr_carea' id='block_1_105' title="bbox 787 5529 2324 5609">
    <p class='ocr_par' dir='ltr' id='par_1_105' title="bbox 787 5529 2324 5609">
     <span class='ocr_line' id='line_1_105' title="bbox 787 5529 2324 5609; baseline 0.012 -31"><span class='ocrx_word' id='word_1_695' title='bbox 787 5529 1006 5609; x_wconf 61' lang='lat' dir='ltr'><strong>luntatis</strong></span> <span class='ocrx_word' id='word_1_696' title='bbox 1041 5531 1398 5609; x_wconf 67' lang='lat' dir='ltr'><strong>imperatoria:</strong></span> <span class='ocrx_word' id='word_1_697' title='bbox 1437 5545 1724 5609; x_wconf 80' lang='lat' dir='ltr'><strong>exsecutor</strong></span> <span class='ocrx_word' id='word_1_698' title='bbox 1763 5556 1783 5588; x_wconf 70' lang='grc' dir='ltr'><strong>ι</strong></span> <span class='ocrx_word' id='word_1_699' title='bbox 1829 5529 2135 5609; x_wconf 77' lang='lat' dir='ltr'><strong>signiﬁcare</strong></span> <span class='ocrx_word' id='word_1_700' title='bbox 2175 5545 2324 5596; x_wconf 82' lang='lat' dir='ltr'><strong>vide-</strong></span> 
     </span>
    </p>
   </div>
   <div class='ocr_carea' id='block_1_106' title="bbox 789 5597 2324 5681">
    <p class='ocr_par' dir='ltr' id='par_1_106' title="bbox 789 5597 2324 5681">
     <span class='ocr_line' id='line_1_106' title="bbox 789 5597 2324 5681; baseline 0.012 -34"><span class='ocrx_word' id='word_1_701' title='bbox 789 5606 897 5674; x_wconf 49' lang='lat' dir='ltr'><strong>tur:</strong></span> <span class='ocrx_word' id='word_1_702' title='bbox 929 5597 1193 5681; x_wconf 45' lang='lat' dir='ltr'><strong>lie-eheu,</strong></span> <span class='ocrx_word' id='word_1_703' title='bbox 1225 5615 1385 5681; x_wconf 70' lang='lat' dir='ltr'><strong>quain</strong></span> <span class='ocrx_word' id='word_1_704' title='bbox 1423 5604 1469 5655; x_wconf 89' lang='lat' dir='ltr'><strong>ei</strong></span> <span class='ocrx_word' id='word_1_705' title='bbox 1502 5605 1585 5656; x_wconf 93' lang='lat' dir='ltr'><strong>hic</strong></span> <span class='ocrx_word' id='word_1_706' title='bbox 1620 5597 1908 5681; x_wconf 64' lang='lat' dir='ltr'><strong>convenire</strong></span> <span class='ocrx_word' id='word_1_707' title='bbox 1935 5622 2080 5677; x_wconf 87' lang='lat' dir='ltr'><strong>puto,</strong></span> <span class='ocrx_word' id='word_1_708' title='bbox 2114 5613 2324 5681; x_wconf 74' lang='lat' dir='ltr'><strong>signiti-</strong></span> 
     </span>
    </p>
   </div>
   <div class='ocr_carea' id='block_1_107' title="bbox 787 5668 2323 5735">
    <p class='ocr_par' dir='ltr' id='par_1_107' title="bbox 787 5668 2323 5735">
     <span class='ocr_line' id='line_1_107' title="bbox 787 5668 2323 5735; baseline 0.011 -17"><span class='ocrx_word' id='word_1_709' title='bbox 787 5668 929 5719; x_wconf 83' lang='lat' dir='ltr'><strong>catio</strong></span> <span class='ocrx_word' id='word_1_710' title='bbox 959 5668 1210 5722; x_wconf 82' lang='lat' dir='ltr'><strong>abhorret</strong></span> <span class='ocrx_word' id='word_1_711' title='bbox 1238 5670 1304 5722; x_wconf 86' lang='lat' dir='ltr'><strong>ab</strong></span> <span class='ocrx_word' id='word_1_712' title='bbox 1335 5670 1423 5731; x_wconf 87' lang='lat' dir='ltr'><strong>iis.</strong></span> <span class='ocrx_word' id='word_1_713' title='bbox 1457 5687 1575 5735; x_wconf 73' lang='lat' dir='ltr'><strong>quze</strong></span> <span class='ocrx_word' id='word_1_714' title='bbox 1604 5674 1670 5725; x_wconf 83' lang='lat' dir='ltr'><strong>de</strong></span> <span class='ocrx_word' id='word_1_715' title='bbox 1701 5668 1961 5731; x_wconf 76' lang='lat' dir='ltr'><strong>vocabulo</strong></span> <span class='ocrx_word' id='word_1_716' title='bbox 1995 5668 2096 5731; x_wconf 82' lang='lat' dir='ltr'><strong>isto</strong></span> <span class='ocrx_word' id='word_1_717' title='bbox 2129 5668 2192 5732; x_wconf 67' lang='grc' dir='ltr'><strong>ἰιῗ</strong></span> <span class='ocrx_word' id='word_1_718' title='bbox 2212 5698 2323 5735; x_wconf 78' lang='lat' dir='ltr'><strong>mo-</strong></span> 
     </span>
    </p>
   </div>
   <div class='ocr_carea' id='block_1_108' title="bbox 792 5736 2324 5818">
    <p class='ocr_par' dir='ltr' id='par_1_108' title="bbox 792 5736 2324 5818">
     <span class='ocr_line' id='line_1_108' title="bbox 792 5736 2324 5818; baseline 0.013 -30"><span class='ocrx_word' id='word_1_719' title='bbox 792 5736 893 5788; x_wconf 74' lang='lat' dir='ltr'><strong>dia:</strong></span> <span class='ocrx_word' id='word_1_720' title='bbox 922 5745 972 5791; x_wconf 77' lang='lat' dir='ltr'><strong>et</strong></span> <span class='ocrx_word' id='word_1_721' title='bbox 1002 5736 1194 5792; x_wconf 71' lang='lat' dir='ltr'><strong>intima:</strong></span> <span class='ocrx_word' id='word_1_722' title='bbox 1219 5738 1524 5796; x_wconf 80' lang='lat' dir='ltr'><strong>Latinitatis</strong></span> <span class='ocrx_word' id='word_1_723' title='bbox 1548 5742 1821 5800; x_wconf 67' lang='lat' dir='ltr'><strong>Gloss-ario</strong></span> <span class='ocrx_word' id='word_1_724' title='bbox 1846 5747 2078 5818; x_wconf 74' lang='lat' dir='ltr'><strong>Congius</strong></span> <span class='ocrx_word' id='word_1_725' title='bbox 2112 5765 2138 5804; x_wconf 80' lang='grc' dir='ltr'><strong>ε</strong></span> <span class='ocrx_word' id='word_1_726' title='bbox 2166 5750 2324 5808; x_wconf 78' lang='lat' dir='ltr'><strong>variis</strong></span> 
     </span>
    </p>
   </div>
   <div class='ocr_carea' id='block_1_109' title="bbox 2431 4931 3993 5002">
    <p class='ocr_par' dir='ltr' id='par_1_109' title="bbox 2431 4931 3993 5002">
     <span class='ocr_line' id='line_1_109' title="bbox 2431 4931 3993 5002; baseline -0.005 -13"><span class='ocrx_word' id='word_1_727' title='bbox 2431 4938 2570 5001; x_wconf 85' lang='grc' dir='ltr'>λαῖς,</span> <span class='ocrx_word' id='word_1_728' title='bbox 2594 4937 2714 4988; x_wconf 82' lang='grc' dir='ltr'>ὅθεν</span> <span class='ocrx_word' id='word_1_729' title='bbox 2742 4937 2790 4986; x_wconf 82' lang='grc' dir='ltr'><strong>οι</strong></span> <span class='ocrx_word' id='word_1_730' title='bbox 2826 4937 2886 4986; x_wconf 80' lang='grc' dir='ltr'>τὸ</span> <span class='ocrx_word' id='word_1_731' title='bbox 2911 4935 3042 5002; x_wconf 76' lang='grc' dir='ltr'>πρὶν</span> <span class='ocrx_word' id='word_1_732' title='bbox 3083 4933 3306 5001; x_wconf 76' lang='grc' dir='ltr'>ίκφοσοι</span> <span class='ocrx_word' id='word_1_733' title='bbox 3339 4932 3620 5000; x_wconf 76' lang='grc' dir='ltr'>γενόμενοι</span> <span class='ocrx_word' id='word_1_734' title='bbox 3669 4931 3892 4984; x_wconf 75' lang='grc' dir='ltr'>πολῖται</span> <span class='ocrx_word' id='word_1_735' title='bbox 3918 4935 3993 4993; x_wconf 79' lang='grc' dir='ltr'><strong>εἰς</strong></span> 
     </span>
    </p>
   </div>
   <div class='ocr_carea' id='block_1_110' title="bbox 2425 5022 3992 5097">
    <p class='ocr_par' dir='ltr' id='par_1_110' title="bbox 2425 5022 3992 5097">
     <span class='ocr_line' id='line_1_110' title="bbox 2425 5022 3992 5097; baseline -0.006 -18"><span class='ocrx_word' id='word_1_736' title='bbox 2425 5028 2616 5097; x_wconf 56' lang='grc' dir='ltr'>τέρψιν</span> <span class='ocrx_word' id='word_1_737' title='bbox 2659 5023 2806 5095; x_wconf 77' lang='grc' dir='ltr'>εἶχον</span> <span class='ocrx_word' id='word_1_738' title='bbox 2854 5026 2949 5078; x_wconf 80' lang='grc' dir='ltr'>καὶ</span> <span class='ocrx_word' id='word_1_739' title='bbox 2987 5026 3201 5093; x_wconf 69' lang='grc' dir='ltr'>γὸλωτα</span> <span class='ocrx_word' id='word_1_740' title='bbox 3238 5024 3347 5076; x_wconf 76' lang='grc' dir='ltr'><strong>⁶τῶν</strong></span> <span class='ocrx_word' id='word_1_741' title='bbox 3370 5022 3714 5075; x_wconf 76' lang='grc' dir='ltr'>ὑπεναντίων</span> <span class='ocrx_word' id='word_1_742' title='bbox 3745 5022 3992 5088; x_wconf 72' lang='grc' dir='ltr'>ἀμυντή-</span> 
     </span>
    </p>
   </div>
   <div class='ocr_carea' id='block_1_111' title="bbox 2425 5137 2539 5188">
    <p class='ocr_par' dir='ltr' id='par_1_111' title="bbox 2425 5137 2539 5188">
     <span class='ocr_line' id='line_1_111' title="bbox 2425 5137 2539 5188; baseline 0.026 -16"><span class='ocrx_word' id='word_1_743' title='bbox 2425 5137 2539 5188; x_wconf 84' lang='grc' dir='ltr'>ρια.</span> 
     </span>
    </p>
   </div>
   <div class='ocr_carea' id='block_1_112' title="bbox 2434 5405 3637 5480">
    <p class='ocr_par' dir='ltr' id='par_1_112' title="bbox 2434 5405 3637 5480">
     <span class='ocr_line' id='line_1_112' title="bbox 2434 5405 3637 5480; baseline -0.008 -19"><span class='ocrx_word' id='word_1_744' title='bbox 2434 5407 2747 5480; x_wconf 68' lang='lat' dir='ltr'><strong>auctoribus</strong></span> <span class='ocrx_word' id='word_1_745' title='bbox 2775 5405 3046 5480; x_wconf 69' lang='lat' dir='ltr'><strong>observat.</strong></span> <span class='ocrx_word' id='word_1_746' title='bbox 3271 5471 3291 5480; x_wconf 82' lang='lat'>_</span> <span class='ocrx_word' id='word_1_747' title='bbox 3626 5471 3637 5480; x_wconf 82' lang='lat'>_</span> 
     </span>
    </p>
   </div>
   <div class='ocr_carea' id='block_1_113' title="bbox 2502 5471 3980 5550">
    <p class='ocr_par' dir='ltr' id='par_1_113' title="bbox 2502 5471 3980 5550">
     <span class='ocr_line' id='line_1_113' title="bbox 2502 5471 3980 5550; baseline -0.003 -21"><span class='ocrx_word' id='word_1_748' title='bbox 2502 5477 2613 5545; x_wconf 71' lang='grc'><strong>(42)</strong></span> <span class='ocrx_word' id='word_1_749' title='bbox 2648 5475 2892 5550; x_wconf 77' lang='lat' dir='ltr'><strong>Nominis</strong></span> <span class='ocrx_word' id='word_1_750' title='bbox 2944 5474 3107 5539; x_wconf 83' lang='lat' dir='ltr'><strong>hujus</strong></span> <span class='ocrx_word' id='word_1_751' title='bbox 3155 5471 3496 5550; x_wconf 51' lang='lat' dir='ltr'><strong>praefectum,</strong></span> <span class='ocrx_word' id='word_1_752' title='bbox 3547 5471 3640 5538; x_wconf 87' lang='lat' dir='ltr'><strong>qui</strong></span> <span class='ocrx_word' id='word_1_753' title='bbox 3692 5473 3799 5524; x_wconf 77' lang='lat' dir='ltr'><strong>Stlb</strong></span> <span class='ocrx_word' id='word_1_754' title='bbox 3842 5473 3980 5550; x_wconf 53' lang='lat' dir='ltr'><strong>tien-</strong></span> 
     </span>
    </p>
   </div>
   <div class='ocr_carea' id='block_1_114' title="bbox 2431 5542 3974 5606">
    <p class='ocr_par' dir='ltr' id='par_1_114' title="bbox 2431 5542 3974 5606">
     <span class='ocr_line' id='line_1_114' title="bbox 2431 5542 3974 5606; baseline -0.003 -8"><span class='ocrx_word' id='word_1_755' title='bbox 2431 5542 2605 5598; x_wconf 84' lang='lat' dir='ltr'><strong>stante</strong></span> <span class='ocrx_word' id='word_1_756' title='bbox 2647 5544 2804 5597; x_wconf 90' lang='lat' dir='ltr'><strong>tertio</strong></span> <span class='ocrx_word' id='word_1_757' title='bbox 2843 5542 3079 5594; x_wconf 79' lang='lat' dir='ltr'><strong>alterove</strong></span> <span class='ocrx_word' id='word_1_758' title='bbox 3107 5557 3138 5594; x_wconf 86' lang='lat' dir='ltr'><strong>e</strong></span> <span class='ocrx_word' id='word_1_759' title='bbox 3172 5542 3313 5594; x_wconf 86' lang='lat' dir='ltr'><strong>binis</strong></span> <span class='ocrx_word' id='word_1_760' title='bbox 3344 5542 3510 5606; x_wconf 82' lang='lat' dir='ltr'><strong>hujus</strong></span> <span class='ocrx_word' id='word_1_761' title='bbox 3541 5542 3974 5593; x_wconf 79' lang='lat' dir='ltr'><strong>successoribus.</strong></span> 
     </span>
    </p>
   </div>
   <div class='ocr_carea' id='block_1_115' title="bbox 2431 5610 3979 5686">
    <p class='ocr_par' dir='ltr' id='par_1_115' title="bbox 2431 5610 3979 5686">
     <span class='ocr_line' id='line_1_115' title="bbox 2431 5610 3979 5686; baseline -0.006 -19"><span class='ocrx_word' id='word_1_762' title='bbox 2431 5630 2522 5668; x_wconf 79' lang='lat' dir='ltr'><strong>seu</strong></span> <span class='ocrx_word' id='word_1_763' title='bbox 2550 5612 2775 5673; x_wconf 85' lang='lat' dir='ltr'><strong>Joanne,</strong></span> <span class='ocrx_word' id='word_1_764' title='bbox 2804 5610 3274 5686; x_wconf 78' lang='lat' dir='ltr'><strong>Thessalonicensi</strong></span> <span class='ocrx_word' id='word_1_765' title='bbox 3304 5610 3738 5686; x_wconf 72' lang='lat' dir='ltr'><strong>archiepiscopo,</strong></span> <span class='ocrx_word' id='word_1_766' title='bbox 3769 5611 3820 5662; x_wconf 89' lang='lat' dir='ltr'><strong>in</strong></span> <span class='ocrx_word' id='word_1_767' title='bbox 3853 5611 3924 5686; x_wconf 63' lang='lat' dir='ltr'><strong>vii</strong></span> <span class='ocrx_word' id='word_1_768' title='bbox 3943 5611 3979 5658; x_wconf 62' lang='lat' dir='ltr'><strong>is</strong></span> 
     </span>
    </p>
   </div>
   <div class='ocr_carea' id='block_1_116' title="bbox 2431 5678 3982 5752">
    <p class='ocr_par' dir='ltr' id='par_1_116' title="bbox 2431 5678 3982 5752">
     <span class='ocr_line' id='line_1_116' title="bbox 2431 5678 3982 5752; baseline -0.003 -18"><span class='ocrx_word' id='word_1_769' title='bbox 2431 5691 2646 5752; x_wconf 74' lang='lat' dir='ltr'><strong>agente,</strong></span> <span class='ocrx_word' id='word_1_770' title='bbox 2688 5682 2962 5745; x_wconf 86' lang='lat' dir='ltr'><strong>ﬂoruerit,</strong></span> <span class='ocrx_word' id='word_1_771' title='bbox 3010 5681 3278 5735; x_wconf 84' lang='lat' dir='ltr'><strong>incassum</strong></span> <span class='ocrx_word' id='word_1_772' title='bbox 3327 5681 3468 5748; x_wconf 88' lang='lat' dir='ltr'><strong>apud</strong></span> <span class='ocrx_word' id='word_1_773' title='bbox 3509 5679 3806 5747; x_wconf 82' lang='lat' dir='ltr'><strong>scriptores</strong></span> <span class='ocrx_word' id='word_1_774' title='bbox 3852 5678 3982 5731; x_wconf 72' lang='lat' dir='ltr'><strong>alios</strong></span> 
     </span>
    </p>
   </div>
   <div class='ocr_carea' id='block_1_117' title="bbox 2431 5765 2670 5809">
    <p class='ocr_par' dir='ltr' id='par_1_117' title="bbox 2431 5765 2670 5809">
     <span class='ocr_line' id='line_1_117' title="bbox 2431 5765 2670 5809; baseline -0.013 -4"><span class='ocrx_word' id='word_1_775' title='bbox 2431 5768 2461 5809; x_wconf 82' lang='grc'><strong>(1</strong></span> <span class='ocrx_word' id='word_1_776' title='bbox 2472 5765 2650 5807; x_wconf 64' lang='grc' dir='ltr'>ιικδινι</span> <span class='ocrx_word' id='word_1_777' title='bbox 2660 5789 2670 5802; x_wconf 88' lang='grc'><strong>.</strong></span> 
     </span>
    </p>
   </div>
  </div>
