4206 6438
795 346 928 409 1347

2105 341 2736 404 SUPPLEMENTUM.

3879 348 4021 414 1348

796 461 1022 531 rogabat
1046 459 1157 528 (46)
1211 474 1278 512 ne
1296 470 1454 527 pinna
1476 458 1566 512 illa
1585 457 1696 524 (47)
1722 459 1876 512 nobis
1897 459 1999 512 sub
2025 471 2145 511 sese
2164 459 2345 510 eveni-
2380 464 2426 515 Α

2380 464 2426 515 Α
2457 456 2589 508 Θεὸν
2617 459 2708 510 ἐπὶ
2742 457 2907 510 αὑτοῦ
2953 460 3028 527 μὴ
3063 460 3264 528 ταύτην
3321 462 3452 528 ἡμῖν
3487 461 3740 528 γενιτθαι
3793 462 3896 530 τὴν
3925 468 4026 516 ἒπ-

799 564 902 608 ret.
917 550 1137 605 Factum
1161 558 1340 604 autem
1363 560 1466 613 est,
1501 559 1561 604 ut
1579 559 1632 605 et
1650 565 1816 620 parvo
1856 559 2097 619 tempore
2117 559 2267 611 ante,
2296 547 2350 601 id

798 655 902 707 est,
938 657 1046 696 uno
1076 640 1211 696 forte
1249 655 1434 695 mense
1466 642 1686 696 circiter
1713 641 1779 694 ad
1807 642 1971 694 Deum
2004 647 2228 694 sanctus
2260 639 2352 692 ille

801 732 960 787 Pater
991 741 1174 787 uoster
1205 731 1315 802 (48)
1361 732 1636 800 migraret,
1671 746 1734 785 ac
1762 730 1958 786 deinde
1989 730 2256 786 eruditam
2293 729 2352 782 il-

799 824 903 877 lam
932 838 962 877 a
1005 824 1112 878 Deo
1141 824 1412 878 civitatem
1460 831 1697 876 nostram
1726 825 1941 877 cmlitus
1974 823 2218 890 imtnissa
2243 857 2258 882 ,
2295 827 2352 874 ut

800 915 1006 968 dictum
1077 923 1193 976 est,
1245 911 1595 966 inell‘abilium
1641 913 1856 968 illorum
1901 921 2061 966 terra:
2099 921 2350 963 motuum

801 1018 959 1071 ptena
996 1005 1067 1056 ita
1101 1003 1405 1071 corriperet
1432 1002 1565 1070 (49),
1601 1014 1658 1056 ιιι
1687 1004 1915 1057 maxima
1955 1001 2188 1056 civitatis
2230 1016 2354 1070 pars

803 1107 955 1148 etc...
995 1095 1126 1162 (50).

876 1188 1000 1240 183.
1053 1187 1410 1240 Ineﬂabilium
1462 1201 1590 1255 ergo
1625 1187 2181 1254 celebratorumquea
2229 1185 2356 1238 Bar-

808 1277 956 1330 haris
1012 1277 1394 1330 miraculorum
1450 1277 1765 1330 memoriam
1827 1276 1880 1329 in
1917 1277 2098 1330 latitia
2159 1277 2355 1335 modo.

807 1384 932 1420 cum
961 1369 1349 1436 tranquillitate
1385 1369 1668 1437 conjuncta
1691 1408 1708 1433 ,
1761 1368 1868 1422 Deo
1911 1381 2257 1439 martyreque
2288 1369 2356 1421 ob

807 1460 1037 1512 salutem
1068 1475 1222 1513 suam
1251 1461 1440 1514 civitas
1478 1463 1767 1528 quotannis
1815 1475 2081 1514 renovans
2133 1462 2184 1513 in
2240 1459 2356 1512 ani-

810 1552 1003 1602 mabus
1040 1549 1263 1602 salutari
1293 1550 1574 1604 Curatoris
1614 1551 1697 1603 sui
1746 1553 1946 1618 templo
1990 1565 2110 1603 cum
2142 1550 2357 1616 hymnis

808 1642 1241 1706 conveniebant;
1276 1651 1395 1710 post
1425 1643 1802 1696 brevissimum
1847 1658 1974 1696 vero
2005 1652 2221 1710 tempus
2246 1643 2355 1710 jam

809 1733 1008 1786 iterum
1037 1733 1242 1786 civitati
1267 1733 1551 1788 ineﬂabilis
1584 1750 1614 1787 e
1645 1733 1880 1804 peccatis
1915 1733 2114 1787 nostris
2142 1733 2358 1788 :dllictio

2457 545 2754 608 εξὲλευσιν.
2799 551 2863 600 Ὃ
2887 550 2944 602 δὲ
2970 552 3062 600 καὶ
3098 551 3411 618 γεγένηται,
3439 554 3536 604 καὶ
3567 552 3674 619 πρὸ
3707 552 3860 614 τινὸς
3882 551 4026 619 βρα-

2459 637 2581 704 χέος
2607 638 2824 707 καιροῦ,
2850 641 2993 691 τοῦτ’
3021 640 3160 705 εστι,
3187 642 3328 710 τάχα
3361 658 3462 694 που
3517 641 3686 710 μηνὸς
3727 642 3851 703 ἑνὸς
3886 644 4027 711 πρὸς

2459 730 2590 781 Θεὸν
2628 729 2717 780 τὸν
2774 730 2936 782 αὐτὸν
2990 730 3342 799 ἀποδημῆσαι
3394 733 3537 785 ὅσιον
3575 733 3734 798 ήμῶν
3769 733 4021 800 Πατέρα,

2461 823 2553 872 καὶ
2583 816 2682 872 εἷθ’
2721 819 2863 872 οὕτω
2912 821 3241 874 καταλαϐεῖν
3265 822 3363 891 τὴν
3396 822 3783 876 θεοπαίδευτον
3811 825 4024 889 ταύτην

2458 911 2616 978 ἡμῶν
2633 912 2787 964 πάλιν
2808 912 2905 980 τὴν
2925 914 3032 964 τῶν
3055 913 3474 983 άνερμηνεύτων
3497 913 3722 966 ὲκείνων
3749 914 4024 982 σεισμῶν,

2459 1004 2534 1064 ὡς
2565 1006 2802 1074 εἴρηται,
2838 1005 3097 1073 θεήλατον
3123 1005 3315 1075 ὀργὴν,
3351 1004 3491 1058 ὥστε
3550 1008 3646 1057 καὶ
3678 1007 3740 1057 τὸ
3766 1005 4026 1058 πλεῖστον

2460 1098 2561 1163 τῆς
2585 1097 2792 1158 πόλεως
2813 1137 2827 1158 ,
2859 1114 2913 1150 κ.
2950 1114 3001 1152 τ.
3037 1096 3087 1151 λ.

2535 1186 2678 1256 ρπγ’.
2730 1188 2850 1240 Τῶν
2889 1187 2982 1241 οὖν
3033 1188 3412 1257 άνεκλαλὴτων
3450 1188 3657 1242 τούτων
3722 1189 4030 1255 θαυμάτων

2463 1281 2556 1332 καί
2587 1283 2651 1333 ἐκ
2688 1278 2795 1332 τῶν
2823 1279 3111 1349 βαρϐάρων
3145 1283 3569 1349 κηρυττομινων
3615 1283 3674 1332 tv
3703 1280 4027 1349 εὐφροσύνῃ

2465 1370 2648 1423 λοιπὸν
2679 1369 2795 1438 μεθ’
2817 1370 3048 1438 ἡσυχίας
3086 1371 3118 1437 ἠ
3163 1370 3315 1433 πόλις
3365 1370 3440 1437 τῷ
3475 1369 3593 1440 Θεῷ
3645 1371 3744 1422 καὶ
3775 1369 3859 1436 τῷ
3891 1371 4029 1435 μάρ-

2464 1479 2590 1531 τυρι
2621 1462 2759 1531 ὑπὲρ
2791 1461 2884 1528 τῆς
2907 1463 3113 1514 ἑαυτῶν
3149 1464 3426 1530 σωτηρίας
3454 1461 3578 1513 κατ’
3619 1462 3742 1523 ιτος
3773 1462 4031 1513 ἀνανεοὺο

2466 1570 2619 1622 μενοι
2655 1552 2775 1620 μεθ’
2811 1551 2993 1619 ὓμνων
3040 1552 3456 1620 συνηθροίζοντο
3489 1553 3546 1604 ἐν
3577 1551 3653 1618 τῷ
3682 1553 4032 1619 ψυίοσὼστῳ

2463 1643 2678 1710 τεμένει
2728 1642 2822 1696 τοῦ
2856 1644 3034 1695 αὐτῶν
3083 1644 3416 1712 κηδεμόνος·
3470 1647 3591 1714 μετ’
3625 1646 3916 1710 ὀλιγοστὸν
3941 1643 4033 1696 οὖν

2463 1732 2649 1786 τοῦτον
2672 1733 2772 1802 ἠδη
2791 1736 2980 1802 χρόνον
3007 1734 3211 1797 ἐπῆλθε
3251 1735 3417 1786 πάλιν
3439 1738 3505 1804 τῇ
3540 1735 3698 1786 πόλει
3734 1737 3794 1799 ἐξ
3829 1737 4031 1802 ἡμετέ-

809 1824 1053 1888 obvenit,
1085 1839 1148 1876 ex
1189 1838 1254 1876 eo
1287 1823 1427 1891 quod
1454 1825 1823 1878 venerandum
1870 1839 2266 1892 corporumque
2296 1837 2360 1876 ac
2395 1799 2434 1853 Β
2469 1866 2470 1893 ἰ

2395 1799 2434 1853 Β
2469 1843 2576 1895 ρων
2619 1799 3032 1893 ἁμαρτημάτων
3082 1827 3291 1892 άφατος
3339 1799 3516 1890 omni;
3541 1826 3605 1876 ὲκ
3634 1825 3735 1876 τοῦ
3769 1799 4031 1876 cnim-.-

811 1915 1115 1967 animarum
1149 1914 1382 1968 salutem
1433 1913 1664 1968 aﬂ’erens
1693 1929 1834 1983 saepe
1869 1915 2155 1968 memorati
2187 1916 2357 1967 nostri

811 2011 930 2066 post
978 1997 1144 2052 Deum
1202 2001 1447 2066 domini,
1526 2003 1697 2056 sancti
1754 2003 2008 2072 martyris
2061 2003 2356 2066 Demetrii,

815 2091 1070 2158 templum
1103 2091 1260 2144 modo
1291 2091 1546 2146 invisibili
1580 2093 1739 2146 fuerit
1771 2097 2113 2149 combustum
2149 2095 2361 2164 (5|)....

885 2272 1007 2326 184.
1042 2271 1231 2333 Deum,
1266 2281 1318 2323 ut
1369 2271 1651 2338 Spiritum,
1695 2272 1785 2339 qui
1835 2271 2069 2328 Beselecl
2099 2273 2152 2327 in
2185 2273 2367 2328 taber-

815 2361 992 2415 naculi
1023 2371 1294 2415 structura
1330 2361 1652 2415 illuminavit
1698 2363 1832 2431 (52).
1858 2367 1912 2416 in
1963 2365 2206 2429 animas,
2232 2379 2366 2432 quas

815 2455 927 2520 ipse
969 2454 1240 2522 respexit,
1277 2453 1631 2516 immitteret,
1663 2454 1868 2516 rogavit
1910 2455 2046 2518 (53),
2085 2471 2195 2522 quo
2250 2471 2370 2508 rur-

817 2559 908 2597 sus
951 2545 1166 2598 domum
1206 2559 1356 2598 suam
1405 2545 1638 2612 prepriis
1685 2543 1893 2597 civibus
1945 2544 2221 2613 splendide
2270 2559 2366 2598 es-

814 2637 1029 2689 citaret.
1076 2634 1228 2700 Quod
1265 2644 1317 2686 et
1365 2635 1565 2688 factum
1613 2644 1714 2697 est,
1762 2650 1964 2703 perque
2009 2636 2366 2690 certaminum

821 2727 1055 2782 Victoris
1083 2737 1136 2781 et
1169 2741 1354 2780 curam
1387 2735 1441 2779 et
1468 2726 1728 2779 auxilium
1774 2725 2134 2794 pulcherrima
2165 2727 2251 2780 illa
2283 2741 2370 2780 sa-

821 2823 1151 2890 nitatemque
1181 2820 1432 2882 all‘erens,
1457 2820 1533 2872 uti
1564 2828 1617 2872 et
1643 2834 1785 2872 nunc
1805 2820 2046 2883 cernitis,
2068 2829 2246 2872 erecta
2270 2818 2371 2872 fuit

818 2915 960 2967 aedes
990 2927 1168 2974 sacra,
1195 2927 1313 2980 qua:
1343 2913 1636 2980 peregrinis
1656 2911 1807 2978 juxta
1839 2926 1903 2965 ac
1927 2913 2137 2965 civibus
2167 2912 2372 2966 saluta-

821 3007 916 3067 ris,
944 3005 1175 3074 pristino
1201 3005 1362 3057 etiam
1402 3004 1593 3060 honori
1624 3003 1892 3066 restituta,
1925 3004 2218 3070 laetitiaque
2251 3017 2372 3057 om-

2467 1918 2619 1982 άγιον
2667 1917 2760 1968 καὶ
2797 1916 3157 1984 ίαματοφόρον
3213 1917 3305 1968 καὶ
3333 1916 3726 1987 ψυχορρύστην
3774 1918 3908 1966 ναὸν
3942 1915 4032 1964 τιῦ

2468 2011 2726 2070 πολλάκις
2753 2008 3034 2077 λεχθέντος
3083 2008 3220 2076 μετά
3245 2007 3376 2060 Θεὸν
3407 2009 3669 2059 δεσπότου
3708 2006 3901 2074 ἡμῶν,
3938 2004 4030 2056 τοῦ

2464 2103 2618 2168 ἁγίου
2653 2102 2923 2170 μάρτυρος
2947 2100 3282 2169 Δημητρίου,
3311 2099 3682 2168 πυρίκαυστον
3710 2097 3770 2160 ἐξ
3799 2098 4035 2164 ἀοράτου

2465 2196 2663 2259 τρὲπου
2695 2191 2949 2258 γενέσθαι
2982 2229 2996 2242 .
3032 2229 3046 2244 .
3084 2229 3097 2243 .
3135 2230 3149 2244 .

2538 2281 2672 2352 ρπδ¹.
2701 2283 2773 2334 Τὸ
2815 2280 3032 2349 Πνεῦμα
3078 2282 3316 2349 ᾐτήσατο
3340 2282 3400 2332 τὸ
3439 2281 3496 2332 ιν
3523 2284 3588 2350 τῇ
3623 2283 3802 2350 σκηνῇ
3828 2281 3918 2332 τὸν
3947 2281 4037 2331 Βε-

2467 2372 2659 2442 σελεὴλ
2707 2369 2950 2437 φωτίσαν
3018 2368 3112 2420 τὸν
3164 2367 3299 2420 Θεὸν
3339 2369 3707 2436 καταπέμψαι
3744 2370 3828 2429 si;
3859 2370 4036 2435 ἇσπερ

2467 2467 2626 2529 αὐτὸς
2660 2466 2837 2518 ἐπεῖδε
2867 2464 3066 2533 ψυχὰς,
3100 2464 3190 2516 ἵνα
3217 2463 3383 2517 πάλιν
3413 2465 3505 2516 τὸν
3531 2463 3702 2516 αὑτοῦ
3733 2459 3889 2515 οἶκον
3923 2467 4034 2522 τοῖς

2467 2557 2689 2618 οἰκείοις
2725 2558 2969 2616 πολίταις
2993 2554 3225 2624 φαιδρὸν
3257 2556 3644 2623 ὲγκαταστήσῃ
3670 2571 3684 2585 ·
3741 2555 3888 2621 ὅπερ
3947 2558 4038 2605 καὶ

2466 2648 2778 2715 γεγένηται,
2833 2647 2928 2697 καὶ
2965 2645 3054 2697 διὰ
3098 2646 3197 2712 τῆς
3224 2645 3320 2697 τοῦ
3369 2645 3676 2712 ἀθλοφόρου
3710 2645 3955 2709 σπουδῆς
3980 2661 4035 2694 τε

2469 2742 2563 2790 καὶ
2605 2738 2938 2805 συνάρσεως,
2999 2734 3074 2799 ὡς
3102 2737 3266 2804 δρᾶτε
3320 2737 3406 2787 καὶ
3456 2735 3574 2796 νῦν,
3619 2735 3644 2786 ὸ
3685 2735 4039 2802 strepunt;

2469 2829 2617 2890 οὗτος
2649 2828 2742 2880 καὶ
2774 2827 3143 2895 ίαματοφὸρος
3189 2824 3337 2888 οἶκος
3375 2825 3671 2894 άνιερώθη,
3726 2826 3901 2890 ξένων
3947 2829 4040 2878 καὶ.

2471 2918 2702 2970 πολιτῶν
2730 2919 2994 2985 σωτήριος
3027 2918 3120 2969 καὶ
3147 2916 3247 2984 τῆς
3286 2916 3560 2985 προτέρας
3617 2916 3931 2984 ἠξιωμένος
3965 2933 4041 2966 τι-

2475 3009 2600 3075 μῆς,
2631 3007 2935 3077 εὐφροσύνη
2970 3023 3032 3060 τε
3064 3010 3175 3070 τοῖς
3197 3007 3331 3059 πᾶσι
3363 3009 3684 3074 γεννῖμενος,
3728 3007 3868 3058 πᾶσι
3905 3023 4041 3072 mp-

820 3097 980 3149 nihus
1011 3093 1178 3156 facta,
1210 3096 1588 3148 convenienter
1621 3109 1741 3161 qua:
1771 3094 2039 3160 postulata
2085 3103 2211 3147 sunt
2241 3108 2370 3147 eon-
2401 3114 2446 3172 ο
2478 3122 2481 3147 l

2401 3114 2446 3172 ο
2478 3099 2593 3168 ἄχει
2626 3099 2724 3159 τὰς
2745 3098 2991 3168 αἰτήσεις
3026 3097 3378 3168 προσφόρως,
3435 3099 3493 3152 ἐν
3514 3091 3557 3164 ᾧ
3590 3100 3686 3150 καὶ
3726 3097 4038 3165 πανηγυρί-

895 3276 1006 3340 (46)
1036 3273 1270 3330 Joannes
1310 3274 1536 3336 scilicet,
1563 3270 2063 3326 Thessalonicensis
2094 3271 2367 3339 archiepi-

825 3361 1047 3404 scupus.

900 3413 1010 3480 (47)
1061 3411 1243 3465 Terra:
1289 3419 1539 3480 motuuni
1582 3409 1877 3480 nimirum;
1913 3423 2088 3476 neque
2125 3407 2270 3462 enim
2306 3406 2372 3460 de

827 3477 928 3534 alia
965 3495 1120 3546 pmna
1156 3487 1341 3532 auctor
1368 3487 1494 3531 ante
1519 3477 1620 3530 fuit
1653 3477 1890 3530 locutus.

901 3545 1014 3617 (48)
1049 3549 1181 3602 Cum
1222 3546 1481 3601 Joannem
1513 3546 2048 3617 Thessalonicensem
2079 3558 2176 3599 nec
2217 3545 2369 3617 festis

830 3614 1004 3672 sacris
1035 3618 1351 3683 ascriptum.
1391 3631 1488 3668 nec
1516 3616 1664 3667 cultu
1695 3614 2061 3667 ecclesiastico
2093 3615 2368 3683 condeco-

831 3697 1006 3739 ratum
1041 3682 1251 3753 uspiam
1285 3685 1576 3743 inveniam.
1611 3683 1883 3753 existitntb
1906 3697 2029 3753 eum
2059 3682 2124 3734 ab
2153 3693 2373 3753 auctore

836 3755 1002 3808 nostri
1033 3748 1203 3808 sancti
1233 3753 1386 3804 titulo
1410 3753 1672 3805 duntaxat
1699 3751 1786 3803 hic
1805 3748 1940 3804 allici
1969 3765 2036 3801 ex
2068 3766 2215 3802 more
2244 3750 2372 3802 olim

836 3831 1074 3888 recepto,
1103 3836 1212 3888 quo
1242 3820 1478 3888 cpiscOpi
1523 3829 1636 3871 tum
1673 3820 1912 3872 defuncti
1935 3858 1952 3882 ,
1985 3828 2098 3870 tum
2149 3820 2200 3871 in
2222 3818 2372 3888 vivis

833 3886 1010 3943 adhuc
1041 3886 1376 3956 superstites,
1409 3886 1631 3942 honoris
1670 3901 1831 3940 causa
1863 3901 1956 3956 seu
1991 3900 2082 3952 per
2116 3887 2254 3940 tituli
2281 3886 2377 3938 ho-

833 3961 1037 4011 norarii
1068 3954 1281 4011 modum
1314 3958 1494 4010 Sancti
1528 3957 1782 4024 appellari
1810 3954 2074 4009 solebant.

903 4025 1016 4093 (49)
1067 4026 1200 4079 Cum
1250 4025 1489 4079 Joannes
1514 4023 2014 4076 Thessalonicensis
2052 4025 2251 4079 saeculo
2299 4036 2373 4074 vn

835 4105 1152 4148 senescente
1174 4094 1391 4155 obierit,
1415 4107 1632 4160 unoque
1661 4093 1921 4144 duntaxat
1950 4105 2136 4146 mense
2161 4093 2376 4144 circiter

835 4166 902 4215 ab
927 4165 1078 4215 obitu
1111 4163 1258 4214 illius
1290 4163 1495 4228 elapso,
1529 4163 1608 4213 uti
1637 4171 1825 4213 auctor
1854 4169 2037 4213 noster
2076 4164 2162 4214 hic
2195 4160 2375 4219 docet,

835 4242 990 4284 terra:
1023 4241 1200 4283 motus
1231 4245 1411 4295 poena,
1442 4234 1506 4282 de
1528 4240 1635 4296 'qua
1667 4232 1796 4296 agit.
1820 4230 2077 4287 evenerit.
2105 4240 2380 4294 utcunque

836 4307 1172 4362 compertum
1222 4300 1448 4350 habetur
1482 4307 1716 4366 tempus,
1759 4312 1869 4364 quo
1905 4298 2008 4351 ista
2039 4297 2380 4352 Thessaloni-

836 4382 955 4419 cam
989 4366 1145 4432 amigi
1177 4368 1479 4434 contigerit.

910 4434 1020 4503 (50)
1050 4435 1246 4502 Pagina
1280 4433 1385 4498 hic,
1413 4449 1534 4500 quae
1569 4433 1805 4500 alioquin
1838 4433 2030 4489 luisset
2073 4436 2194 4497 l57.
2222 4448 2252 4486 e
2295 4446 2382 4484 co-

839 4503 958 4554 dice
999 4505 1126 4554 olim
1160 4503 1476 4556 Mazarinaeo
1517 4513 1599 4556 est
1627 4506 1843 4565 excisa;
1889 4504 1976 4555 illa
2007 4513 2185 4556 atttem
2231 4510 2341 4553 tota
2366 4537 2382 4562 ,

840 4581 900 4624 ut
930 4583 1179 4637 apparet,
1232 4574 1532 4637 descriptus
1580 4572 1739 4624 fuerit
1789 4573 2044 4626 terribilis
2081 4573 2169 4625 ille
2227 4580 2384 4622 teme

845 4649 1044 4701 motus,
1072 4655 1230 4708 quem
1266 4655 1357 4707 per
1387 4641 1501 4692 dius
1534 4643 1712 4707 plures
1742 4640 1986 4704 durasse,
2022 4641 2374 4708 adeoqueiex-

844 4711 1048 4759 stitisse
1079 4707 1313 4776 gravem,
1357 4717 1412 4758 ttt
1438 4709 1674 4776 plerique
1707 4708 1894 4760 domos
1929 4712 2232 4774 relinquere
2266 4707 2381 4757 iue-

846 4776 955 4846 rint
985 4777 1276 4842 compulsi,
1309 4789 1497 4846 auctor
1525 4784 1706 4846 postea
1744 4791 1838 4828 seu
1871 4792 1992 4846 pag.
2036 4779 2138 4831 158
2163 4777 2387 4846 ειιὺᾸυιιτ

843 4844 939 4912 git.
969 4847 1129 4898 Addit
1156 4859 1338 4907 porro.
1368 4857 1422 4896 et
1455 4845 1537 4895 hic
1565 4844 1803 4897 eluxisse
1829 4844 2183 4912 prodigiosatn
2213 4844 2383 4898 sancti

843 4911 1098 4964 Demetrii
1129 4914 1195 4965 de
1216 4912 1792 4965 Tliessalouicensibus
1823 4911 2047 4977 curam;
2086 4929 2210 4965 eutn
2242 4913 2385 4964 enim

847 4994 873 5030 a
909 4981 1176 5046 pluribus.
1204 4991 1357 5033 terrae
1392 4991 1537 5033 motu
1569 4980 1818 5043 durante,
1863 4993 1915 5033 et
1953 4983 2218 5037 civitatem
2256 4983 2386 5034 obe-

839 5060 1161 5118 quitantem,
1196 5059 1250 5102 et
1291 5049 1453 5118 hujus
1483 5065 1586 5100 una
1617 5064 1740 5101 cum
1780 5051 1924 5112 aliis,
1954 5060 2011 5102 ut
2062 5050 2341 5118 perhibent
2369 5085 2384 5107 ,

849 5115 1064 5168 Sanctis
1115 5117 1414 5170 custodiam
1462 5128 1733 5184 agentem,
1787 5118 1956 5172 luisse
1997 5115 2384 5185 conspectum,

846 5186 1225 5253 neminemque
1258 5201 1288 5237 e
1334 5186 1554 5255 civibus
1590 5185 1972 5255 ediﬁciorum,
2025 5203 2146 5255 qua:
2193 5200 2387 5254 magno

846 5265 1072 5305 numero
1118 5251 1421 5314 concidere,
1479 5254 1632 5304 ruina
1681 5251 1849 5305 fuisse
1891 5251 2231 5323 oppressum,
2289 5251 2388 5305 ξω

844 5335 1052 5379 omnes.
1078 5333 1322 5374 cessante
1345 5331 1498 5373 terra:
1517 5331 1683 5383 motu,
1710 5323 2006 5376 incolumes
2030 5327 2247 5376 domum
2271 5337 2389 5374 esse

847 5403 1116 5459 rev_ersos_.
1149 5391 1347 5442 Adhaee
1381 5389 1626 5459 Sclavos,
1673 5389 1766 5456 qui
1813 5400 1924 5442 tum
1965 5392 2108 5444 haud
2141 5393 2325 5459 procul
2359 5405 2387 5441 a

846 5456 1545 5510 civitateThessalouicensi
1600 5460 1845 5519 aberant,
1897 5456 2238 5512 bauetameu
2283 5475 2386 5511 nou

847 5538 1163 5590 occupasse,
1201 5529 1360 5593 idque
1385 5541 1449 5578 ex
1478 5542 1541 5579 eo
1569 5525 1789 5586 factum,
1822 5529 1963 5595 quod
2006 5543 2128 5581 cum
2155 5542 2219 5579 ex
2253 5530 2374 5580 emi-

847 5595 1183 5648 ueuttoribus
1209 5595 1631 5665 locisgcivitatem
1661 5596 1871 5665 penitus
1895 5597 2087 5649 collabi
2111 5597 2385 5657 vidissent,

849 5675 1103 5729 civesque
1165 5667 1265 5717 sub
1309 5663 1428 5730 ejus
1484 5663 1926 5731 ruina’sepultos
1979 5667 2388 5726 existimarent,

2481 3274 2736 3340 hincque.
2767 3282 2826 3325 ut
2847 3274 2988 3326 illam
3009 3282 3361 3340 occuparent,
3395 3271 3628 3326 inermes
3652 3273 4037 3331 accessissent.

2489 3343 2724 3410 pristino
2766 3342 2819 3394 in
2856 3350 2992 3396 statu
3023 3354 3230 3402 muros,
3253 3343 3330 3392 uti
3363 3340 3518 3394 multi
3551 3355 3615 3393 ex
3646 3341 3714 3410 iis
3754 3341 3891 3406 ipsis
3923 3354 4039 3405 pes-

2489 3409 2573 3463 tea
2612 3411 2740 3464 fassi
2772 3418 2920 3469 sunt,
2987 3410 3310 3471 invenerint,
3352 3411 3655 3473 armatique
3687 3409 3740 3460 in
3791 3411 3859 3460 iis
3891 3423 4038 3476 pia:-

2481 3479 2692 3534 sidiarii
2775 3477 3030 3544 plurimi.
3095 3477 3220 3530 licet
3294 3479 3512 3530 interim
3595 3476 3726 3529 nulli
3795 3476 3912 3530 l’ere
3986 3480 4035 3529 in

2483 3549 2614 3601 urbe
2667 3549 2813 3602 cives
2865 3546 3066 3605 forent.
3117 3559 3236 3614 sese
3288 3545 3613 3614 spectandos
3665 3546 4033 3598 exhibuerint.

2474 3616 2666 3686 Paucis
2706 3631 2890 3686 porro,
2931 3614 3129 3686 quibus
3171 3611 3707 3686 '[gliessalonicensea
3755 3614 4037 3666 miraculis

2475 3681 2787 3750 huiusmodi
2810 3726 2824 3744 ,
2868 3681 2963 3752 per
2994 3685 3143 3750 ipsos
3189 3681 3456 3734 Barbaros
3483 3683 3700 3752 agnitis,
3735 3692 4034 3742 recreatos,

2476 3763 2540 3809 ad
2576 3757 2752 3809 sancti
2801 3750 3052 3806 Demetrii
3096 3752 3354 3817 templum
3385 3789 3398 3808 .
3441 3750 3667 3818 repetita
3734 3752 4036 3816 quotannis

2477 3823 2840 3884 solemnitate.
2865 3820 3186 3875 convenisse
3217 3830 3425 3879 narrat.
3476 3817 3650 3870 verbis
3673 3817 4032 3884 interpositis.

2480 3912 2616 3948 nova
2657 3907 2779 3944 mox
2822 3903 2919 3943 eos
2949 3889 3298 3946 adversitate.
3335 3887 3463 3940 dicti
3497 3887 3705 3938 scilicet
3738 3889 3925 3952 templi
3962 3888 4034 3935 in-

2476 3964 2665 4017 cendio
2698 3957 2864 4010 fuisse
2897 3954 3144 4017 afﬂictos,
3175 3971 3293 4024 pag.
3323 3954 3424 4008 159
3450 3955 3628 4007 relert.
3678 3953 3880 4014 Verba,
3921 3957 4035 4020 qui-

2482 4036 2579 4084 lius
2620 4031 2671 4082 id
2705 4028 2900 4079 ibidem
2936 4026 3084 4088 iacit,
3117 4038 3178 4075 ea
3211 4027 3324 4089 ipsa
3349 4032 3496 4087 sunt,
3527 4038 3646 4091 quae
3677 4024 3790 4088 hic,
3825 4025 4033 4090 aliquot

2481 4101 2604 4153 aliis
2633 4107 2812 4157 aucta,
2845 4093 3005 4145 modo
3032 4103 3354 4159 sequuntur.

2551 4167 2662 4234 (51)
2695 4164 2849 4216 Modo
2876 4162 2970 4234 hie
3017 4157 3300 4234 in_c_odice
3339 4160 3468 4234 oiim
3513 4157 4034 4234 laxarinzouaddd

2483 4227 2694 4294 auctor,
2726 4232 2910 4299 templi
2933 4229 3106 4286 sancti
3139 4227 3395 4299 Demetrii
3425 4228 3733 4299 incendium
3765 4227 4034 4299 nulia‘ni-

2483 4308 2656 4365 tione,
2683 4293 2921 4354 unde'id
2959 4314 2988 4351 a
3031 4313 3190 4349 manu
3221 4296 3476 4348 invisibili
3512 4297 3807 4365 excitatum
3864 4293 4032 4346 fuisse

2486 4373 2619 4433 vult,
2644 4364 2926 4436 exstingui
2975 4368 3237 4434 potuisse.
3268 4364 3479 4436 etiamsi
3511 4379 3608 4436 nec
3639 4364 3915 4421 homines,
3943 4376 4036 4412 nec

2489 4434 2942 4494 instrumenta—ad
2975 4451 3086 4487 retu
3117 4434 3516 4499 exsequendum
3547 4434 3837 4495 deessent;
3875 4439 4036 4499 atque

2488 4511 2557 4562 ita
2588 4508 2803 4576 quidem
2839 4519 3051 4558 sacrum
3102 4503 3230 4576 illud
3267 4498 3554 4576 indillcium
3589 4499 3824 4551 ﬂammis
3869 4498 4035 4548 fuisse

2486 4571 2852 4636 eotubustum,
2881 4585 2936 4626 ut
2971 4586 3038 4625 ne
3065 4572 3284 4623 minima
3313 4571 3530 4636 quidem
3556 4583 3620 4620 ex
3644 4584 3710 4620 eo
3733 4581 3860 4636 pars
3884 4579 4034 4615 inan-

2487 4649 2618 4700 serit
2653 4635 2968 4710 superstes;
3008 4655 3128 4692 cum
3180 4635 3571 4710 vero’plnrimi
3626 4638 3692 4710 de
3735 4635 4035 4710 intortunio

2488 4716 2580 4768 illo
2607 4701 2930 4780 magnopere
2955 4701 3215 4780 dolerent,
3250 4701 3510 4780 nec'viro,
3533 4707 3628 4757 hes
3664 4707 3805 4780 inter
3838 4701 4034 4752 illustri

2487 4785 2578 4850 qui
2610 4773 2862 4850 tenipiu'm
2897 4779 3083 4850 priori,
3126 4789 3223 4850 nec
3243 4775 3509 4850 eieganiia
3543 4785 3638 4823 nec
3682 4773 3790 4822 ulla
3835 4783 4035 4850 prcru-

2487 4840 2662 4920 gativa
2692 4840 2919 4920 it'tierius
2941 4885 2955 4906 .
2997 4842 3583 4920 brevi‘aedilicanduin,
3608 4853 3788 4920 δείξειε
3824 4840 4031 4920 reveia-

2490 4907 2633 4972 ἶιοιιε
2682 4918 2784 4970 sibi
2835 4917 2971 4968 facta
3019 4914 3270 4964 didicisse
3317 4911 3623 4966 asserebat.
3674 4911 3835 4957 tidem
3885 4907 4032 4956 adhio

2488 4988 2695 5048 berent,
2721 4984 3042 5037 Demetrium
3073 4982 3284 5032 illorum
3309 4980 3605 5048 misertum,
3647 4974 3866 5048 iecisse,
3918 4987 4030 5038 quae

2490 5058 2576 5109 hic
2626 5046 2745 5106 mox
2781 5055 2956 5105 verbis
2988 5049 3340 5114 sequentibus
3383 5047 3654 5114 memoriae
3707 5046 4025 5114 produntur.

2559 5123 2670 5192 (52)
2694 5122 2851 5192 llunc
2868 5111 3136 5192 Dominus
3155 5114 3454 5192 incredibili
3481 5112 3694 5192 metalla
3712 5111 4022 5192 elaborant]:

2488 5203 2541 5245 et
2564 5180 2822 5259 quaelibet
2868 5190 2921 5240 in
2954 5187 3283 5259 meehariicis
3329 5183 3632 5259 inveniendi
3680 5180 3911 5259 scientia
3953 5194 4024 5259 in—

2488 5249 2711 5321 struxit,
2740 5258 3018 5322 eidemque
3048 5253 3260 5321 Moyses
3281 5252 3752 5322 constructionem
3783 5249 4025 5299 taberna-

2489 5331 2593 5381 culi
2627 5318 2843 5380 lcederis
2890 5318 3178 5377 commisit.
3216 5321 3315 5374 Adi
3359 5321 3454 5373 lib.
3487 5318 3661 5372 Exodi
3710 5331 3834 5383 rap.
3878 5329 4019 5371 sui,

2490 5412 2540 5448 v.
2573 5398 2625 5447 2.

2561 5465 2673 5532 (53)
2725 5463 2957 5516 Sanctus
3005 5461 3209 5515 scilicet
3265 5458 3606 5532 Demetrius;
3660 5469 3840 5523 neque
3880 5453 4017 5532 enim

2491 5526 2616 5595 alia,
2643 5526 2709 5585 de
2754 5548 2858 5602 qua
2889 5542 3090 5599 queant
3141 5532 3326 5582 isthzec
3379 5529 3630 5596 intelligi,
3678 5538 3906 5594 persona
3945 5526 4021 5572 hic

2490 5613 2744 5654 OCCUI'I'II.
