4206 6438
274 414 412 480 i353

1310 418 1366 477 S.
1402 415 1770 475 DEME'l'ltlI
1811 415 2195 475 MARTYRIS
2237 416 2440 475 ACTA.

3290 414 3425 479 1'35!

250 526 539 595 σθεναροὺς
594 527 684 578 καὶ
720 527 785 593 τῇ
838 524 933 593 05';
974 524 1788 593 ὑπερλάμπρους.άσπιδιώκτας
1817 527 1866 585 Α
1891 544 1911 577 ι

1767 541 1788 587 ς
1817 527 1866 585 Α
1891 525 2032 579 tium
2060 533 2176 578 utut
2204 525 2343 577 haud
2377 534 2620 591 magnam
2648 521 2859 575 indidit.
2889 521 3098 576 Rursus
3126 534 3301 577 autem
3334 530 3381 579 al
3413 546 3420 577 .-

243 621 358 680 τοῖς
388 616 636 679 πολίταις
668 615 942 684 ινίθηκεν.
980 614 1194 682 Ἐτεροι
1226 615 1283 667 δὲ
1318 616 1478 668 πάλιν
1526 618 1785 683 impiissi-

248 725 350 760 σαν
376 708 466 759 τὸν
512 706 738 773 εὐσθενῆ
775 704 962 758 τοῦτον
996 705 1247 773 μάρτυρα
1305 706 1398 757 καὶ
1451 708 1788 771 σωσίπατριν

244 798 598 866 διατρέχοντα
646 794 860 860 ἔξεδρον
912 794 989 863 τῷ
1044 796 1209 862 τείχει
1268 794 1362 845 καὶ
1400 793 1581 859 ξένους
1636 796 1786 856 τινάς

242 887 538 954 εὐτόλμους
571 883 846 950 ἀξιοῦντα,
882 886 974 937 καὶ
1005 884 1083 946 είς
1131 885 1325 946 τόπους
1352 885 1501 946 τινὰς
1528 884 1636 936 τῶν
1678 902 1786 937 τει-

241 975 383 1042 χέων
418 974 660 1038 ἑστάναι,
702 972 1148 1039 παρατάσσεσοαί
1196 990 1253 1024 τε
1288 978 1383 1028 καὶ
1438 975 1787 1043 παραφυλάτο

241 1078 356 1114 τειν
388 1100 402 1114 .
440 1100 456 1116 .
493 1102 507 1115 .
547 1101 562 1115 .
603 1098 618 1115 .
658 1103 671 1113 .
705 1099 720 1112 .
748 1062 857 1114 Καὶ
887 1062 1076 1114 τούτου
1111 1061 1239 1132 παρ’
1266 1062 1448 1115 αὐτῶν
1475 1066 1781 1135 γινομένου,

238 1153 335 1204 καὶ
367 1154 463 1217 τῆς
492 1151 638 1203 ενδον
669 1152 880 1215 ξυλείας
916 1153 1091 1222 πάσης
1122 1153 1434 1224 καυθείσης,
1476 1154 1598 1224 μηδ’
1647 1156 1784 1217 ὅλως

237 1242 338 1309 τὴν
389 1241 499 1293 τῶν
544 1242 774 1311 σιδήρων
818 1242 1065 1296 σύνθεσιν
1097 1244 1228 1312 πρός
1264 1261 1316 1296 τι
1346 1245 1641 1313 χαυνώσαι,
1668 1244 1781 1298 ἀλλ’

235 1334 314 1393 ὡς
367 1335 886 1402 ἑγιιεχωνιασμένα,
943 1334 975 1404 ἢ
1025 1335 1081 1386 ιν
1122 1336 1291 1404 ἑτέρῳ
1357 1337 1782 1405 προσπεπηγότα

238 1436 390 1472 εῑοει.

312 1531 453 1601 ρπθ⁹.
510 1532 669 1588 Οὕτω
716 1535 773 1587 τὸ
818 1537 947 1589 αὐτὸ
1002 1538 1339 1605 παραπύλιον
1369 1540 1461 1592 καὶ
1486 1542 1616 1593 xciv
1645 1542 1781 1595 σῶον

235 1622 526 1690 διέμεινεν,
577 1625 653 1686 ὡς
707 1628 829 1687 τοὺς
888 1627 1191 1695 βαρϐάρους
1240 1630 1612 1697 ἐκπλαγέντας
1686 1633 1779 1685 τοῦ

234 1715 475 1769 τοιούτου
519 1718 815 1786 ἀποστῆναι
872 1722 1056 1786 τόπου,
1117 1722 1328 1790 πληγάς
1363 1740 1419 1775 τε
1465 1725 1563 1776 οὐκ
1594 1726 1778 1792 ὀλιγας

1890 615 2136 668 viderunt
2165 613 2453 681 benignum
2482 611 2633 665 illum
2663 620 2954 681 martyrem
2987 611 3279 681 patriaque
3309 632 3423 670 ειιι-

1888 715 2127 759 uiatorem
2181 712 2332 758 extra
2386 716 2603 755 murum
2653 712 2999 767 currentem,
3053 707 3425 775 quosdamque

1887 796 2193 864 peregrinos
2219 794 2490 866 robustos,
2520 806 2583 847 ac
2612 802 2833 861 aspectu
2862 793 3228 862 prcfulgidos.
3257 801 3423 851 scuti.

1884 884 2027 939 feros
2058 884 2308 949 audaces,
2338 892 2397 937 ut
2426 880 2750 951 quibusdam
2776 881 2941 935 etiam
2978 898 3257 940 murorum
3293 890 3426 941 locis

1884 984 2112 1038 starent.
2142 976 2460 1030 resisterent
2485 982 2647 1041 atque
2670 974 2931 1027 excubias
2970 987 3211 1043 agerent,
3250 980 3423 1031 addu-

1882 1076 2159 1122 centem...
2200 1068 2278 1119 Ac
2327 1078 2449 1117 cum
2478 1062 2607 1116 illud
2647 1061 2849 1117 factum
2878 1063 2948 1119 ab
2976 1064 3043 1121 iis
3072 1065 3286 1132 fuisset,
3314 1083 3427 1120 Olli-

1883 1156 2074 1225 nisque
2103 1156 2330 1209 interiOr
2348 1154 2523 1223 lignea
2544 1152 2767 1207 materia
2793 1164 2937 1209 esset
2957 1156 3426 1218 combusta.nullo

1884 1247 2040 1300 modo
2068 1248 2335 1300 ferrorum
2378 1246 2794 1301 commissuram
2826 1247 3017 1311 laxari,
3054 1248 3148 1303 sed
3184 1264 3247 1304 ea
3279 1251 3426 1304 velut

1882 1337 1933 1388 in
1964 1351 2129 1389 unum
2165 1336 2385 1390 conflari
2418 1350 2511 1390 seu
2546 1337 2711 1389 alium
2745 1336 2799 1390 in
2832 1345 3030 1392 statum
3072 1353 3426 1394 concrescere

1880 1427 2078 1481 (Venit.

1950 1536 2071 1591 189.
2131 1537 2205 1591 lta
2251 1538 2433 1591 eadem
2472 1537 2715 1605 portella,
2760 1547 2879 1591 utut
2937 1537 3240 1602 combusta,
3277 1538 3421 1594 salva

1886 1630 2202 1695 permansit,
2267 1630 2338 1681 ita
2402 1640 2459 1681 ut
2508 1628 2728 1682 Barbari
2781 1630 3009 1696 perculsi
3060 1645 3090 1682 a
3146 1630 3263 1684 loco
3321 1632 3424 1682 hu-

1876 1720 2113 1787 jusntodt
2144 1722 2481 1781 recederent,
2516 1720 2790 1787 plagaque
2838 1720 2979 1774 haud
3020 1735 3202 1789 pauca
3236 1722 3422 1775 vulne-

235 1800 331 1856 ttai
356 1806 644 1874 τραύματα
673 1811 763 1860 καὶ
788 1810 979 1876 φόνους
1004 1813 1059 1862 ἐν
1091 1815 1201 1873 τοῖς
1254 1812 1433 1874 αὐτοῖς
1488 1811 1777 1883 βαρὸάροις
1807 1836 1853 1895 Β
1883 1825 1896 1860 1

1759 1830 1777 1875 ς
1807 1836 1853 1895 Β
1883 1824 2049 1875 raque
2082 1826 2145 1863 ac
2180 1809 2353 1863 cedes
2382 1810 2436 1861 in
2483 1810 2614 1877 ipsis
2659 1808 2909 1864 Barbaris
2958 1810 3115 1865 modo
3166 1812 3420 1865 invisibili

233 1898 479 1964 ἀοράτως
512 1900 869 1968 γεγενῆσθαι,
924 1902 983 1953 οὺ
1014 1905 1169 1969 μόνον
1199 1903 1257 1953 ιν
1296 1902 1373 1969 τῷ
1408 1904 1556 1971 αὐτῷ
1604 1903 1775 1971 τόπῳ,

234 1985 372 2037 ἀλλὰ
399 1990 488 2040 καὶ
514 1987 582 2038 δι’
610 1989 735 2055 ὅλης
780 1989 874 2055 τῆς
906 1988 1159 2057 χερσαίας
1188 1990 1282 2040 καὶ
1313 1991 1452 2041 κατὰ
1485 1990 1772 2043 θάλατταν.

246 2074 401 2127 Ἐπεὶ
426 2072 519 2129 οὖν
548 2081 696 2145 τρεῖς
729 2081 937 2147 ἡμέρας
970 2079 1139 2142 οὕτως
1176 2119 1189 2132 .
1234 2119 1247 2131 .
1284 2121 1295 2134 .
1323 2084 1442 2141 ταῖς
1462 2083 1656 2146 πύλαις
1683 2086 1777 2137 καὶ

232 2166 370 2233 πρὸς
399 2170 510 2229 τοῖς
547 2168 675 2235 παρ’
705 2168 884 2219 αὐτῶν
938 2170 1310 2238 συνοραθεῖσιν
1353 2172 1644 2234 εὐαλώτοις
1682 2177 1777 2227 καὶ

231 2255 706 2323 εὐμαχιμωτάτοις
760 2256 941 2317 τόποις
1000 2257 1141 2307 κατὰ
1200 2257 1286 2309 τὸν
1327 2259 1509 2326 ὅμοιον
1543 2260 1778 2332 πολεμή-

235 2361 427 2407 σαντες
472 2346 670 2414 τρόπον
723 2346 821 2415 τήν
874 2363 930 2398 τε
978 2346 1265 2415 δυστυχίαν
1294 2351 1436 2416 μετᾶ
1463 2351 1658 2419 θρήνου
1682 2354 1775 2406 καὶ

228 2435 530 2505 ὀλολυγμοῦ
563 2436 680 2505 μεθ’
711 2438 918 2489 ἑαυτῶν
962 2436 1252 2500 λαϐόντες..
1283 2442 1372 2490 καὶ
1415 2442 1537 2503 τοὺς
1592 2440 1775 2497 θεόθεν

232 2530 409 2587 αὐτοί,
435 2530 738 2596 σφαγέντας
768 2528 1033 2596 ἄρχοντας
1082 2529 1172 2582 διὰ
1199 2531 1292 2582 τοῦ
1324 2530 1641 2601 άθλοφόρου,
1678 2537 1773 2586 καὶ

228 2624 355 2680 τοὺς
383 2619 544 2673 αὐτοῦ
576 2621 903 2685 πληγέντας,
932 2621 1046 2687 μετ’
1082 2619 1326 2689 ἀλλήλων
1376 2624 1671 2692 μαχόμενοι
1696 2625 1775 2687 είς

230 2710 356 2767 τοὺς
390 2708 551 2769 ἰδίους
584 2710 777 2770 τόπους
800 2708 1037 2776 ἀπῆλθον
1064 2747 1079 2763 .
1112 2748 1125 2762 .
1155 2745 1171 2762 .
1212 2748 1228 2763 .

308 2816 409 2889 ριί.
470 2820 533 2873 Ol
586 2819 639 2871 ει
683 2819 944 2888 βάρϐαροι
998 2821 1131 2889 πρὶς
1171 2820 1431 2891 ἀλλήλους
1481 2824 1777 2893 μαχόμενοι

230 2913 416 2974 ἔλεγον
444 2911 553 2970 τοις
600 2910 925 2977 διεγείρασιν
958 2910 1151 2971 αὐτούς
1179 2926 1193 2939 '
1226 2912 1337 2962 Οὐκ
1364 2911 1577 2978 ὶλέγετε
1623 2916 1775 2982 ἡμῖν,

236 3001 437 3067 μηδένα
480 3000 538 3051 ιν
596 3003 658 3066 τῇ
690 3000 842 3050 πόλει
890 2999 1126 3062 ὐπεῖναι,
1149 3000 1195 3051 εί
1235 2999 1307 3067 μή
1337 3014 1489 3062 τινας
1518 3001 1778 3069 γέροντας

232 3094 324 3141 καὶ
351 3090 505 3156 ὀλίγα
534 3090 861 3158 γυναικάρια
889 3106 902 3154 ;
936 3088 1035 3140 Καὶ
1060 3086 1271 3158 πόθενὴ
1306 3088 1539 3161 τοσαύτη
1568 3091 1774 3159 πληθὺς

230 3177 325 3230 τεῦ
356 3180 414 3229 ἐν
459 3182 523 3247 τῇ
575 3178 726 3231 πόλει
774 3177 903 3229 λαοῦ
956 3177 1573 3249 ἠάντιπαραταξαμὲνη
1606 3183 1767 3249 ήμῖνς

230 3272 401 3320 Τοὶτο
426 3270 482 3321 δὲ
522 3273 654 3321 πᾶσι
700 3270 857 3336 δῆλον
891 3269 1251 3339 καθέστηκεν,
1296 3270 1370 3332 ὡς
1401 3272 1433 3338 ἡ
1463 3272 1570 3323 τῶν
1602 3273 1770 3338 ἁγίων

229 3359 317 3409 διὰ
343 3358 433 3410 τοῦ
492 3359 787 3427 ἀθλοφόροι)
840 3361 1095 3428 γενομένη
1148 3362 1213 3428 τῇ
1266 3360 1415 3411 πόλει
1445 3361 1582 3434 ὑπὲρ
1618 3362 1770 3429 ἡμῶν

232 3451 516 3518 συμμαχῖα
550 3490 563 3503 .
600 3488 615 3503 .
651 3492 663 3502 .
694 3488 705 3500 .
747 3450 854 3501 Καὶ
876 3448 1011 3519 αὕτη
1042 3448 1095 3501 δὲ
1126 3449 1286 3501 πάλιν
1314 3449 1407 3502 διὰ
1433 3449 1539 3502 τῶν
1561 3450 1651 3503 τοῦ
1684 3469 1769 3518 φι-

302 3650 413 3724 (δι)
452 3650 622 3707 Voces
648 3654 851 3721 aliquot
878 3656 927 3707 in
963 3655 1145 3724 codice
1174 3654 1302 3724 olim
1332 3653 1655 3724 lasaringo
1684 3654 1771 3709 hic

228 3723 404 3775 exesa:
442 3732 595 3786 sunt;
642 3731 698 3774 ιιι
726 3735 903 3776 attlettt
935 3737 965 3775 e
996 3723 1219 3792 reliquis
1249 3737 1447 3792 sensus
1496 3723 1773 3789 perfectus

232 3792 519 3861 formetur,
546 3806 664 3842 esse
696 3802 822 3858 puto
851 3789 1209 3860 supplendum
1233 3791 1389 3861 πρὸς,
1416 3789 1773 3861 Latinamque

232 3860 442 3975 idcilrco.
462 3861 951 3926 interpretationem
970 3863 1151 3913 sensui
1176 3861 1248 3912 ita
1273 3860 1520 3928 suppleto
1558 3874 1773 3913 accom-

233 3944 337 3975 IltOt
362 3944 467 3975 ανι.

233 3944 467 3979 ιιιοιιενι.

305 3998 413 4063 (65)
456 3996 627 4063 Atque
664 3997 755 4054 ita.
808 4006 865 4048 nt
913 3996 1091 4050 verbis
1116 3997 1225 4065 jam
1264 3996 1552 4065 prigmissis
1592 3996 1657 4047 ab
1684 4011 1778 4048 au—

230 4061 382 4116 ctore
408 4061 593 4115 nostro
623 4076 889 4128 narratur,
916 4061 1276 4132 persan'ctum'
1326 4061 1651 4132 Demetrium
1676 4079 1771 4117 seu

235 4134 417 4200 potius
464 4148 557 4197 per
610 4135 850 4200 angelos.
908 4131 1001 4186 illo
1046 4142 1233 4185 sancto
1270 4141 1455 4184 nostro
1502 4147 1531 4183 a
1577 4131 1686 4184 Deo
1719 4132 1769 4184 id

236 4212 575 4267 impetrante,
640 4201 958 4254 Si-lavorum
1011 4201 1314 4262 obsidione,
1347 4215 1460 4267 cap.
1522 4201 1773 4268 praesenti

232 4279 552 4329 memorata,
604 4270 823 4321 liberata
866 4268 967 4322 fuit
1010 4268 1511 4322 Thessalonicensis
1541 4268 1771 4326 civitas;

236 4351 295 4391 ut
326 4348 503 4389 autem
536 4338 586 4388 id
618 4353 741 4390 vere
774 4354 867 4406 per
890 4339 1189 4405 prodigium
1216 4337 1417 4406 factum
1454 4336 1642 4398 fuisse,
1675 4351 1772 4388 au-

230 4418 349 4457 ctor
397 4406 720 4459 lurulentius
772 4405 1040 4474 Ostendat,
1095 4420 1216 4457 mox
1270 4405 1452 4467 etiam,
1487 4414 1770 4474 postquam

1883 1900 2091 1962 ﬂerent,
2121 1913 2228 1952 non
2258 1898 2419 1951 modo
2443 1897 2496 1951 in
2524 1898 2713 1952 eodem
2746 1899 2883 1962 loco,
2916 1912 3102 1953 verum
3138 1900 3296 1954 etiam
3328 1915 3423 1969 per

1878 2003 2090 2042 omnem
2124 1997 2279 2043 terrae
2304 1989 2511 2060 plagam
2536 1996 2699 2057 atque
2727 1988 2783 2043 in
2809 1990 2969 2045 mari.
2999 1989 3291 2060 Postquam
3314 1994 3417 2061 igi-

1879 2090 1965 2133 tur
1998 2084 2069 2135 ita
2100 2098 2195 2151 per
2231 2084 2345 2137 dies
2377 2092 2487 2138 tres
2516 2083 2700 2153 (θη...
2742 2097 2911 2152 prope
2941 2092 3149 2150 portas,
3196 2086 3422 2154 locaque

1877 2186 1995 2241 quie
2024 2172 2091 2225 ab
2115 2173 2193 2225 eis
2227 2181 2385 2241 captu
2419 2171 2597 2225 facilia
2632 2171 2922 2242 laboreque
2950 2173 3100 2226 nullo
3144 2186 3420 2242 expugna-

1876 2263 2004 2315 bilia
2037 2261 2253 2315 fuerant
2295 2261 2631 2328 existimata,
2690 2262 2853 2317 simili
2893 2264 3054 2318 modo
3097 2264 3421 2335 fortunaque

1876 2352 2100 2404 adversa
2126 2360 2468 2418 pugnassent,
2490 2364 2613 2403 cum
2644 2352 2863 2419 planctu
2884 2365 2947 2406 ac
2965 2354 3166 2420 ejalatu
3193 2362 3247 2408 et
3272 2356 3422 2424 prin-

1874 2441 2107 2509 cEpibus,
2158 2442 2249 2507 qui
2305 2440 2563 2493 divinitus
2609 2440 2689 2494 eis
2737 2458 2763 2493 ιι
2805 2444 3159 2497 certaminum
3198 2442 3416 2500 Victore

1876 2530 2089 2583 fuerant
2118 2531 2304 2591 occisi,
2337 2537 2391 2583 et
2427 2530 2491 2583 iis
2519 2530 2610 2599 qui
2642 2530 2707 2585 ab
2734 2544 2798 2583 eo
2838 2531 2929 2585 icti
2958 2530 3193 2596 fuerant,
3228 2549 3413 2590 secum

1877 2621 2132 2687 acceptis,
2178 2620 2244 2673 ad
2278 2620 2394 2673 loca
2423 2619 2641 2689 propria
2687 2628 2989 2690 pugnantes
3033 2623 3297 2679 adversus
3334 2625 3421 2679 in-

1877 2711 2046 2763 vicem
2066 2709 2314 2763 abierunt
2338 2707 2520 2778 (65)...

1948 2821 2066 2875 190.
2106 2820 2329 2874 Barbari
2380 2829 2595 2885 autem,
2641 2835 2766 2878 eum
2807 2824 3033 2879 invicem
3092 2828 3417 2895 pugnabant,

1880 2914 1944 2966 iis
1972 2913 2063 2980 qui
2096 2914 2213 2966 illos
2245 2912 2679 2975 eastimularant.
2708 2915 2996 2970 dicebant:
3020 2914 3206 2972 Nonne
3240 2921 3419 2984 nobis.

1879 3004 2147 3055 neminem
2183 3001 2236 3054 in
2266 3000 2501 3065 civitate,
2537 3004 2641 3056 nisi
2684 3018 2841 3060 senes
2869 3010 3151 3073 quosdam,
3187 3023 3412 3077 paucas.

1876 3107 1983 3160 que
2049 3091 2417 3155 mulierculas,
2479 3106 2763 3162 superesse
2802 3096 3057 3152 dixistis!
3088 3099 3238 3154 Unde
3268 3109 3412 3153 tanta

1876 3196 1995 3248 qua-
2049 3180 2200 3233 nobis
2245 3181 2445 3234 restitit
2490 3181 2546 3236 in
2593 3182 2811 3237 civitate
2857 3187 3041 3253 populi
3085 3188 3420 3244 multitudo?

1876 3271 2197 3325 Sanctorum
2229 3270 2277 3321 id
2313 3268 2481 3322 fuisse
2513 3269 2743 3323 militare
2784 3273 3293 3336 auxilium.civitati
3316 3290 3416 3346 pro

1876 3364 2029 3417 nobis
2063 3376 2155 3428 per
2185 3358 2541 3413 certaminum
2576 3356 2848 3415 Victorem
2886 3364 3138 3431 allatum,
3187 3365 3416 3422 manife-

1875 3463 2016 3507 stum
2053 3448 2302 3503 omnibus
2348 3445 2449 3501 fuit
2501 3448 2685 3516 (66)...
2717 3449 2893 3519 Atque
2935 3451 3039 3508 hoc
3083 3470 3274 3513 rursus
3315 3460 3415 3527 per

1873 3655 2047 3717 sidiis.
2075 3654 2270 3729 quibus
2301 3656 2413 3729 hac
2454 3655 2570 3729 ipsa
2597 3656 2793 3729 civitas
2821 3658 3133 3729 ‘aiiqtiande
3189 3664 3415 3729 impete-

1874 3734 2043 3797 retur.
2093 3726 2143 3776 in
2196 3725 2313 3797 loca
2362 3726 2467 3797 alia
2503 3726 2737 3797 civitatis
2784 3725 3023 3797 ejusdem
3053 3734 3221 3783 muris
3249 3725 3410 3797 quam

1876 3794 2119 3859 proxime
2166 3793 2488 3862 adjacentia,
2523 3793 2873 3861 irruptiones.
2904 3796 3102 3862 quibus
3140 3793 3321 3862 ﬁebat,
3354 3809 3415 3853 ut

1876 3870 1930 3913 et
1960 3862 2153 3930 captivi
2185 3861 2584 3914 abducerentur
2610 3876 2770 3929 qnam
2800 3861 3039 3930 plurimi.
3084 3874 3137 3918 et
3168 3868 3270 3921 alia
3301 3882 3409 3921 non

1879 3944 2047 3994 pauca
2081 3929 2654 3984 'l‘liessalonicensibus
2697 3929 3025 3983 inferrentur
3067 3936 3285 3989 damna.
3317 3937 3411 3990 Est

1883 4010 2066 4068 porro.
2097 3999 2545 4063 quemadmodum
2577 4010 2766 4051 auctor
2809 4003 3175 4066 prosequitur,
3218 4014 3410 4068 praete-

1874 4078 1964 4116 rea
2018 4065 2239 4127 factum,
2292 4074 2366 4125 ut.
2419 4080 2541 4118 cum
2598 4065 2852 4120 continuo
2904 4065 3410 4125 dei'l‘hessa'lonii-a

1875 4134 2181 4203 occupanda
2234 4133 2452 4185 Barbari
2506 4134 2826 4200 cogitarent,
2878 4137 3122 4203 variique
3165 4140 3309 4192 hunc
3353 4140 3409 4194 in

1875 4200 2032 4252 ﬁnem
2082 4204 2225 4272 varia
2273 4202 2625 4272 instrumenta
2653 4203 2839 4255 bellica
2870 4200 3123 4272 efﬁngere
3162 4206 3407 4260 niteren-

1876 4280 1983 4329 tur,
2014 4270 2277 4335 quispiam
2307 4272 2488 4340 esiis,
2540 4270 3017 4323 instrumentorum
3069 4273 3403 4340 ltujusmodi,

1878 4343 1997 4408 utut
2047 4340 2265 4408 natione
2310 4336 2554 4408 Scla_vus,
2608 4342 3093 4408 construendorum
3140 4336 3405 4408 peritior,

1876 4404 1997 4456 miri
2042 4404 2260 4457 artiiicii
2303 4406 2492 4457 turrim
2530 4407 2779 4470 ligneam,
2810 4421 2916 4474 qua
2966 4404 3405 4465 Thessalonicam

233 4475 747 4528 'l'hessalonicenses
813 4476 879 4527 de
938 4471 1083 4527 felici
1132 4473 1239 4526 isto
1277 4471 1562 4543 _snccessu
1618 4487 1769 4526 sutn-
1804 4471 1846 4525 Ι)
1873 4482 2021 4525 certo
2055 4474 2464 4543 expugnandam
2507 4475 2802 4543 asserebat,
2828 4471 3167 4543 excogitarit.
3207 4476 3403 4533 Verum

233 4559 349 4595 mas
404 4544 510 4594 Deo
561 4558 623 4594 ac
667 4543 976 4610 sospitatori
1034 4550 1222 4595 sancto
1277 4539 1544 4610 Demetrio
1598 4546 1773 4610 egisse

232 4612 454 4685 gratias,
475 4610 676 4670 retulit,
704 4609 903 4665 incod.
922 4612 1046 4685 olim
1078 4610 1391 4685 Mazarinaeo
1410 4609 1497 4662 fol.
1528 4610 1627 4685 180
1654 4609 1775 4685 sub-

230 4678 572 4749 ;nngit,'qnu:
603 4690 923 4747 punctorum
974 4678 1368 4747 interpositioni
1413 4684 1651 4745 proxime
1686 4678 1772 4730 hic

234 4751 560 4802 subduntut'.

304 4818 413 4886 (66)
444 4815 539 4869 llic
570 4816 795 4870 modoin
824 4816 943 4869 cod.
964 4815 1088 4886 olim
1108 4813 1425 4869 Mazarinzo
1448 4828 1553 4868 non
1578 4830 1771 4881 pauca,

233 4906 261 4939 ιι
298 4884 453 4938 nobis
486 4889 676 4937 iterum
729 4888 797 4939 ob
839 4884 1095 4952 temporis
1130 4886 1466 4947 brevitatem,
1498 4900 1603 4952 quo
1631 4887 1675 4937 is
1707 4888 1773 4939 ad

237 4970 454 5007 manum
508 4952 627 5016 fuit,
661 4968 764 5006 non
804 4954 1097 5020 descripta,
1142 4964 1330 5006 auctor
1363 4954 1669 5019 subiungit;
1709 4968 1773 5007 ac

236 5027 410 5091 primo
448 5024 660 5090 quidem
696 5023 879 5090 paucis
928 5030 1049 5089 post
1082 5024 1268 5073 diebus
1310 5022 1471 5091 etiam
1515 5022 1632 5075 illos
1678 5023 1769 5091 qui

237 5089 300 5144 ad
334 5089 603 5144 aboetiam
651 5089 1060 5158 a’Bellcgezitis
1091 5091 1368 5143 emendant
1412 5089 1767 5145 fuci-autcum

238 5164 461 5232 nutibus
488 5159 692 5219 emissi,
716 5162 1032 5232 incolumes,
1054 5161 1424 5227 patrocinante
1450 5161 1565 5232 suis
1587 5170 1771 5232 sancto

234 5231 527 5289 Demetrio.
562 5244 663 5280 una
694 5243 815 5283 eum
851 5228 991 5280 baud
1020 5228 1201 5295 parva,
1233 5242 1390 5295 quam
1414 5229 1770 5295 advehebant,

238 5298 493 5350 trntnenti
542 5301 691 5378 copis
740 5314 862 5352 esse
899 5294 1165 5378 reversos,
1208 5294 1328 5349 cum
1384 5297 1493 5378 jam
1539 5294 1771 5378 Thessa-

240 5382 429 5419 ionicte
503 5364 841 5423 obsidionem
916 5365 1163 5419 deserere
1230 5367 1533 5431 compulsos
1601 5364 1771 5419 fuisse

237 5437 638 5505 Sclavos,apud
671 5435 1005 5505 Bellegiaiias
1040 5434 1385 5505 didicissent;
1422 5434 1771 5505 deinde__\-ero

234 5504 409 5568 addit,
440 5502 718 5559 liberatam
755 5502 969 5573 quidem
1002 5503 1166 5573 modo
1197 5518 1225 5573 a
1249 5516 1307 5556 se
1329 5514 1571 5573 exposito
1600 5502 1771 5555 Thes-

236 5576 532 5626 salonicam
551 5570 865 5628 Sciat/orum
898 5570 1175 5623 obsidibne
1206 5572 1398 5631 fuisse,
1428 5570 1563 5623 baud
1588 5580 1766 5623 tamen

236 5651 517 5709 propterea
542 5657 785 5697 cessasse
812 5640 1151 5709 quotidianas
1181 5638 1292 5709 fere
1348 5640 1535 5692 horum
1569 5646 1619 5692 in
1656 5640 1768 5693 loca

237 5707 639 5765 Thessalonicae
670 5707 840 5764 vicina
866 5708 1236 5767 excursiones,
1276 5707 1546 5777 factas-itte
1575 5724 1635 5761 cit
1686 5712 1768 5759 in-

593 5825 850 5883 ΡΑτιιοι..
894 5824 1000 5881 Gn-
1036 5818 1239 5879 CXVI.

1876 4556 2040 4613 cuin,
2088 4551 2253 4613 turris
2301 4542 2446 4593 illius
2503 4542 2861 4613 delineatione
2918 4542 3173 4598 Sclavica:
3229 4549 3405 4613 gentis

1873 4609 2204 4687 principibus
2220 4613 2487 4690 proposita
2506 4624 2569 4662 ac
2590 4611 2898 4690 approbata,
2911 4613 3120 4679 sibique
3138 4609 3403 4690 _p_er'i|los.

1874 4679 1964 4743 qui
2008 4679 2116 4744 jam
2148 4679 2373 4738 civitati,
2406 4692 2515 4745 quo
2558 4679 2814 4732 adversus
2846 4680 2985 4733 hanc
3012 4684 3277 4735 machina
3304 4697 3403 4735 ειν

1874 4746 2145 4797 struendte
2184 4747 2478 4812 periculum
2511 4747 2768 4808 facerent,
2807 4748 2992 4814 capias
3036 4752 3403 4815 inexspectato

1872 4815 2239 4875 admoverant,
2272 4818 2592 4868 necessariis
2618 4816 2681 4867 ad
2714 4817 3169 4871 constructionem
3194 4821 3399 4872 suhmio

1873 4884 2134 4952 nistratis,
2170 4884 2601 4952 manumgoperi,
2657 4884 2840 4937 multis
2891 4887 2937 4937 ei
2984 4900 3140 4952 opem
3184 4885 3401 4940 ferenti-

1834 5004 1837 5007 _
1872 4948 1991 5020 bus,
2037 4950 2353 5002 admoturus
2390 4948 2612 5020 jamjam
2641 4961 2803 5020 esset,
2846 4948 3034 5005 subito'
3066 4954 3115 5006 ei
3148 4964 3399 5019 spectan-

1839 5018 1995 5090 ‘dum
2027 5033 2145 5073 sese
2198 5020 2393 5072 obtulit
2436 5018 2654 5090 sanctus
2686 5019 3003 5083 Demetrius,
3047 5018 3309 5090 alapaque
3346 5023 3399 5075 in

1872 5083 2008 5140 facie
2032 5101 2348 5156 percussum
2383 5088 2577 5141 mentis
2612 5091 2862 5155 impotem
2906 5083 3157 5152 reddidit,
3186 5083 3321 5143 adeo
3344 5103 3401 5143 ut

1872 5156 2050 5223 fugam
2088 5158 2369 5225 celerrime
2411 5157 2722 5223 arripuerit,
2750 5165 2912 5225 atque
2951 5160 3005 5210 in
3049 5169 3257 5212 montes
3303 5161 3397 5210 di:-

1871 5236 2079 5295 sertos,
2132 5224 2332 5279 frustra
2383 5226 2793 5293 insequentibus
2826 5224 2999 5287 aliis,
3052 5240 3295 5295 opusque
3340 5238 3398 5279 ut

1869 5293 2242 5357 eaordiretur,
2306 5296 2757 5355 inclamantibus.
2813 5309 2877 5348 ex
2928 5293 3222 5349 hominum
3265 5308 3398 5347 con-

1871 5371 2073 5428 spectu.
2106 5377 2213 5416 non
2243 5376 2402 5417 secus
2438 5378 2503 5417 ac
2532 5362 2643 5416 fera
2684 5364 2826 5416 hunc
2856 5364 3053 5424 vitans.
3091 5364 3392 5417 secesserit.

1871 5430 1945 5483 lbi
2004 5438 2192 5498 porro.
2245 5434 2415 5485 donec
2478 5433 2675 5495 Sclavi,
2731 5433 2977 5485 machina
3033 5432 3243 5495 bellica,
3286 5447 3396 5498 qua

1872 5498 2307 5552 Thessalonicam
2348 5513 2712 5569 expugnatum
2757 5501 2819 5553 iri
2857 5498 3395 5569 sperarant._infec.a

1869 5572 1938 5618 ob
1961 5570 2234 5621 architecti
2269 5566 2445 5637 fugam
2481 5566 2749 5630 manente,
2775 5566 3038 5635 suscepta
3067 5568 3120 5621 in
3158 5566 3395 5621 Thessa-

1873 5637 2172 5690 lonicenses
2216 5639 2546 5703 expeditioni
2584 5638 2826 5691 nuntium
2856 5638 3132 5699 remisere,
3160 5649 3400 5690 commo—

1872 5717 2019 5758 tatus
2072 5716 2186 5761 οειι
2244 5716 2370 5760 tunc
2433 5716 2609 5759 autem
2670 5716 2897 5759 mentem
2946 5718 3155 5769 sanam,
3212 5718 3395 5772 quant.

2825 5815 2897 5873 h3
