4206 6438
261 397 398 466 i357

1301 407 1357 465 S.
1390 400 1761 464 DEMETRII
1799 403 2179 463 MAIiTYlllS
2222 402 2421 460 ACTA.

3315 395 3446 459 1358

245 506 572 564 πα-δσᾶντων
601 512 695 564 καὶ
733 511 1064 575 διαζεύκτων
1088 509 1285 575 ὃπλων,
1320 516 1455 574 τοῦς¹
1476 510 1793 570 θαλαττίους
1822 511 1867 570 Α
1898 510 1906 562 1

1785 526 1793 570 ;
1822 511 1867 570 Α
1898 510 2085 562 barum
2115 509 2345 577 partium
2378 512 2503 559 sunt
2555 506 2748 573 partim
2810 503 3215 572 quiescentibus
3257 506 3446 559 armis-

248 602 546 669 πλωτῆρας
566 604 690 665 τοὺς
721 604 811 655 ἐπὶ
849 602 1199 674 παρακομιδῇ
1248 600 1475 670 καρπῶν
1504 602 1562 652 ὲν
1600 603 1664 669 τῇ
1703 600 1797 669 βα-

248 693 537 764 σιλευούσῃ
564 696 811 759 ἀνιόντας
841 696 995 749 πόλει
1036 696 1387 766 παμπόλλους
1430 694 1799 764 ἐκπορθήσαν-

247 799 363 844 τας,
394 783 500 834 ἀπό
547 801 607 836 τε
640 784 748 838 τῶν
779 787 957 858 νήσων
1009 788 1100 839 καὶ
1151 787 1250 856 τῆς
1276 787 1466 855 στενῆς
1509 786 1796 853 θαλάττης.

246 874 346 925 καὶ
373 874 481 927 τῶν
501 876 594 927 ἐπὶ
624 877 686 928 τὸ
720 878 923 951 Πάριον
970 878 1068 931 καὶ
1099 877 1440 947 Προκόνησον
1472 876 1671 939 τόπους
1707 874 1801 928 καὶ

245 963 443 1027 αὐτοὺς
476 967 606 1028 τοὺς
656 968 735 1028 είς
796 968 856 1020 τὸ
900 968 1183 1022 τιλωνεῖον
1234 967 1349 1036 ἅμα
1402 966 1510 1018 τῶν
1558 967 1802 1036 πλοΐμων

246 1055 757 1123 αἱχμαλωτίσαντες
787 1059 925 1126 μετὰ
954 1058 1219 1111 πλείστων
1244 1056 1388 1109 νοῶν
1415 1056 1552 1109 οἶκοι
1586 1057 1675 1109 ἐπὶ
1710 1056 1803 1108 θυ-

248 1146 452 1209 λάκους
478 1147 725 1201 ἀπίασιν.

329 1324 472 1386 ρῑ.,α’.
506 1319 639 1373 Τότε
674 1319 732 1373 δι
761 1321 789 1372 ό
810 1320 919 1374 τῶν
945 1322 1283 1392 πραγμάτων
1309 1324 1519 1392 κύριος,
1541 1322 1570 1372 ό
1594 1335 1806 1392 χριστο·

252 1409 456 1478 στεφὴς
475 1410 630 1479 ήμῶν
657 1410 931 1479 βασιλεὺς,
961 1414 1057 1483 τὴν
1084 1414 1344 1483 ἐπιμονὴν
1377 1414 1471 1466 καὶ
1492 1411 1807 1473 ἀλαζονείαν

254 1496 368 1548 τῶν
404 1496 615 1565 ἐχθρῶν
641 1499 779 1568 ὀρῶν
810 1500 869 1552 ού
908 1500 1068 1568 μόνον
1096 1500 1194 1569 τήν
1228 1496 1360 1569 πρὸς
1388 1500 1486 1568 τήν
1517 1498 1639 1552 καθ’
1666 1500 1808 1568 ἡμᾶς

253 1588 429 1651 πόλιν,
467 1587 547 1639 ἔτι
580 1587 633 1640 δὲ
680 1590 775 1641 καὶ
802 1590 934 1657 πρὸς
965 1590 1161 1651 αὐτοὺς
1191 1590 1397 1659 τολμᾶν
1436 1590 1809 1658 ἀντιπαρατὰ-

257 1672 450 1729 εασθαι
481 1675 607 1736 τοὺς
640 1674 989 1743 κρατοῦντας,
1033 1677 1229 1745 ὴξῗωσε
1263 1678 1388 1739 τοὺς
1420 1680 1481 1730 ὲκ
1515 1679 1604 1730 τοῦ
1647 1680 1706 1730 -ιί
1729 1677 1806 1731 ..ἶ

255 1763 603 1833 φιλοχρίστου
648 1766 878 1832 στρατοῦ
923 1765 1012 1820 διὰ
1053 1768 1273 1837 Θρᾴκης
1326 1769 1418 1819 κιιὶ
1457 1769 1566 1821 τῶν
1608 1769 1807 1822 ἀντίων

255 1857 398 1909 κατὰ
440 1855 548 1908 τῶν
587 1855 681 1908 τοῦ
712 1857 1034 1928 Στρυμῶνος
1076 1858 1699 1927 καταστρατοπεδεῦσαι,
1742 1860 1802 1913 ού
1838 1838 1877 1893 Β

256 1944 531 2014 κρυφηδόν
566 1944 686 2014 ἢτοι
710 1945 1002 2015 λαθραίως,
1031 1946 1165 1999 ἀλλὰ
1201 1948 1292 2000 καὶ
1326 1948 1678 2016 προμηνύσας
1704 1949 1803 2001 αὖ..

256 2037 368 2096 τοίς
399 2035 496 2104 τὴν
528 2034 659 2101 πρὸς
685 2036 879 2096 αὐτοὺς
903 2036 1175 2101 ὲξέλευσιν
1199 2053 1211 2066 ο
1244 2037 1437 2099 οἵτινες
1468 2041 1806 2109 προεγνωκό-

250 2141 364 2187 τες,
408 2125 503 2186 τὰς
554 2124 873 2194 κλεισούρας
918 2128 1012 2179 καὶ
1042 2128 1168 2188 τοὺς
1205 2126 1563 2196 όχυροτὲρους
1610 2129 1803 2191 τόπους

251 2215 648 2279 καταλαϐόντες
693 2217 826 2287 πρὸς
873 2217 1182 2270 ἀντίστασιν
1209 2218 1315 2270 τῶν
1353 2217 1673 2285 Ῥωμαῖκῶν
1720 2222 1807 2271 ἐκ·

256 2306 680 2375 στρατευμάτων
714 2305 1128 2368 ἀνθωπλίζοντο,
1178 2308 1356 2360 πᾶσαν
1396 2306 1495 2376 τήν
1533 2307 1805 2378 βάρϐαρον

255 2398 322 2447 ἐκ
353 2394 625 2465 διαφόρων
650 2394 833 2465 ρηγῶν
865 2396 1114 2467 βοήθειαν
1140 2396 1218 2459 είς
1250 2400 1562 2467 συμμαχίαν
1582 2414 1809 2467 προτρια

253 2486 523 2555 φάμενοι.

334 2576 475 2645 ρί.,β⁹.
518 2576 677 2629 Ἀλλὰ
709 2578 799 2628 καὶ
837 2578 894 2628 ιν
927 2576 1100 2647 τούτῳ
1140 2576 1234 2630 τοῦ
1269 2575 1577 2644 εὐσθενοῖης,
1616 2578 1689 2638 ὡς
1720 2578 1806 2630 λέ-

254 2666 466 2727 λεκται,
502 2667 776 2734 μάρτυρος
811 2666 950 2735 μετὰ
982 2666 1088 2718 τῶν
1118 2665 1321 2718 λοιπῶν
1355 2666 1525 2731 ἁγίων
1554 2664 1809 2718 καθοπλι-

262 2758 518 2825 σαμένου,
558 2757 730 2818 νίκαις
758 2758 818 2808 τὸ
856 2755 1161 2822 Ῥωμαϊκὸν
1198 2758 1339 2810 κατὰ
1366 2757 1474 2809 τῶν
1502 2755 1807 2809 Σκλαδίνων

260 2848 488 2910 ἐνέδειξε
528 2847 886 2917 στρατόπεδον
933 2848 1028 2900 καὶ
1060 2849 1137 2909 εἰς
1166 2846 1232 2910 ἃς
1262 2848 1414 2900 αὐτοὶ
1448 2848 1810 2917 πεποιήκασιν

263 2939 481 3006 ἐνέδρας
503 2940 626 2999 τοὺς
648 2937 826 2991 αὐτῶν
856 2938 1145 3007 σθεναροὺς
1174 2938 1267 2991 καὶ
1295 2938 1513 3006 ἐξόχους
1542 2940 1632 2991 καὶ
1658 2938 1812 2991 ὁπλί-

263 3045 361 3086 τας
390 3028 751 3095 κατέσφαξαν,
774 3027 866 3080 καὶ
888 3028 1083 3094 ἔφυγεν
1110 3030 1257 3081 πᾶσα
1282 3030 1315 3097 ἡ
1348 3028 1618 3098 βάρϐαρος
1646 3028 1808 3097 φυλὴ,

264 3119 403 3169 ὥστε
437 3119 586 3178 τινὰς
621 3117 1009 3186 εἰσδραμόντας
1039 3120 1106 3187 τῇ
1138 3118 1257 3171 καθ’
1290 3119 1434 3187 ἡμᾶς
1465 3117 1809 3188 θεοφυλάκτῳ
1835 3158 1877 3215 c

266 3207 416 3258 πόλει
459 3206 729 3277 κρυφηδόν
773 3207 1073 3275 διήγειραν,
1109 3205 1192 3273 ἔφ’
1230 3203 1275 3274 ᾧ
1316 3206 1553 3269 ἔξελθεῖν
1602 3209 1679 3269 είς
1712 3209 1809 3269 τὰς

264 3293 443 3347 αὖτῶν
476 3297 644 3356 κὰσας
676 3297 769 3356 τὰς
807 3294 1051 3362 πλησίον,
1085 3296 1178 3345 καὶ
1210 3297 1449 3361 καρποὺς
1478 3296 1599 3355 τοὺς
1632 3295 1809 3348 αὐτῶν

266 3386 447 3437 λασεῖν
478 3387 563 3436 διὰ
597 3383 687 3435 τοῦ
719 3384 922 3451 ἀφάτου
954 3383 1141 3451 φόόου,
1181 3384 1273 3435 καὶ
1297 3383 1396 3450 τῆς
1428 3384 1723 3452 γενομένης
1756 3386 1812 3435 ὲν

266 3478 445 3537 αὐτοῖς
479 3475 831 3543 κατασφαγῆς
859 3478 955 3537 τὰς
998 3475 1173 3527 αὐτῶν
1208 3474 1467 3542 φαμιλίας
1496 3474 1670 3527 πάντα
1714 3490 1813 3526 κα-

266 3569 585 3629 ταλιπόντας
615 3571 724 3631 τοῖς
754 3567 940 3637 μέρεσι
966 3565 1360 3634 προσπελάσαι,
1390 3567 1484 3618 καὶ
1507 3561 1574 3633 ἦν
1605 3566 1811 3633 θεωρῆ-

267 3677 355 3711 σαι
407 3660 529 3719 τοὺς
582 3658 898 3726 νικηθέντας
954 3658 1046 3709 καὶ
1094 3657 1334 3723 φυγάδας
1384 3656 1638 3719 πολίτας,
1695 3655 1811 3724 ἅμα

267 3749 477 3813 γυναιξὶ
511 3748 604 3799 καὶ
644 3749 853 3808 τέκνοις
891 3747 969 3807 είς
1016 3748 1110 3807 τὰς
1157 3749 1325 3809 κάσας
1354 3748 1459 3798 τῶν
1490 3749 1615 3814 περὶ
1658 3747 1811 3799 πόλιν

268 3838 361 3891 καὶ
390 3837 587 3889 λοιπῶν
616 3836 1020 3906 πλησιαζόντων
1041 3824 1218 3889 τόπων
1239 3836 1493 3898 ἀπιόντας
1510 3838 1603 3889 καὶ
1628 3836 1812 3907 φέρειν

272 3932 435 3989 σῖτον,
466 3926 686 3995 ὄσπρια,
719 3927 812 3980 καὶ
858 3927 1021 3989 ἄλλας
1071 3928 1377 3987 ἀποσκευὰς
1408 3929 1498 3979 καὶ
1536 3930 1603 3979 τὰ
1650 3928 1812 3979 λοιπὰ

269 4018 336 4070 τὰ
378 4019 512 4087 πρός
554 4018 867 4084 ἀποτροπὴν
901 4017 986 4069 ἔπ’
1031 4016 1196 4085 ὤμων
1238 4018 1686 4085 ἁποκομίζοντας,
1721 4017 1813 4070 ἀό-

272 4110 437 4169 πλους
457 4107 549 4159 καὶ
575 4107 647 4168 ὡς
690 4107 862 4158 ἔνεστι
891 4106 977 4158 διὰ
1004 4105 1101 4175 τήν
1149 4101 1262 4159 όδδν
1315 4107 1407 4158 καὶ
1438 4106 1529 4158 τὸν
1565 4106 1814 4160 καύσωνα

270 4196 624 4266 ήμιχίτωνας,
657 4196 749 4248 καὶ
779 4197 910 4263 ὅπερ
942 4196 1093 4248 αὐτοὶ
1126 4196 1263 4247 κατὰ
1290 4194 1389 4261 τῆς
1425 4194 1629 4255 πόλεως
1658 4196 1812 4263 ήμῶν

272 4286 676 4346 ἐϐουλεύσαντο,
719 4282 873 4336 τοῦτο
899 4282 987 4335 διὰ
1026 4282 1118 4334 τοῦ
1163 4282 1431 4352 μάρτυρος
1470 4284 1501 4351 ή
1543 4283 1654 4334 ἀνω
1682 4285 1813 4335 πάν·

274 4390 380 4436 τως
412 4375 637 4441 πρόνοια
668 4374 749 4431 εἰς
774 4364 1327 4440 αύτοίδςίπανήγαγε.

1899 614 2001 667 que
2032 598 2338 666 disjunclis,
2366 605 2559 649 nautas
2591 596 2826 649 marinos
2858 594 3142 661 plurimos,
3180 593 3323 661 quia
3353 594 3449 647 de-

1879 688 2153 746 .vcbendis
2174 689 2237 741 ad
2268 688 2538 740 civitatem
2573 686 2930 752 imperantem
2965 682 3236 737 fructibus
3268 698 3449 736 rever-

1897 779 2164 842 tebantur,
2190 777 2523 843 diripientes,
2543 788 2745 843 eosque
2764 774 2851 841 qui
2876 776 2928 827 in
2949 773 3141 826 insulis
3180 773 3449 840 marisque

1898 873 2142 939 angustia
2156 885 2219 924 ac
2240 868 2455 935 locisliis
2474 883 2590 936 quae
2616 865 2833 919 Parium
2852 880 2913 917 ac
2928 865 3303 918 Proconissnm
3326 879 3451 917 ver-

1900 976 1990 1015 sus
2018 961 2125 1033 (69)
2148 962 2248 1015 sila
2272 968 2417 1024 sunt,
2453 959 2780 1022 habitabant,
2803 966 2963 1024 atque
2993 957 3248 1024 ipsosmet
3285 956 3445 1007 etiam

1899 1053 1990 1120 qui
2025 1067 2055 1105 a
2076 1050 2420 1119 vectigalibus
2454 1057 2625 1114 erant,
2658 1064 2763 1102 una
2792 1063 2912 1100 cum
2945 1045 3010 1100 iis
3048 1061 3167 1114 quae
3194 1047 3257 1099 ad
3302 1046 3452 1099 navi-

1904 1141 2170 1210 gationem
2206 1140 2534 1207 spectabant,
2575 1139 2864 1206 capientes,
2901 1152 3019 1189 eum
3061 1134 3288 1190 navibus
3333 1135 3451 1204 plu-

1903 1230 2057 1284 rimis
2086 1232 2151 1283 ad
2185 1245 2340 1285 casas
2370 1229 2480 1298 (70)
2510 1243 2635 1283 suas
2669 1228 3086 1282 revertebantur.

1977 1319 2095 1373 191.
2160 1317 2310 1373 Tunc
2370 1329 2549 1372 autem
2604 1333 2781 1372 rerum
2829 1316 3119 1391 dominus,
3164 1326 3459 1370 coronatus»

1908 1418 2088 1462 noster
2117 1422 2145 1462 a
2176 1408 2391 1463 Christo
2427 1410 2742 1477 imperator,
2768 1407 3113 1462 inimicorum
3131 1406 3448 1460 obstinatioo

1906 1514 2026 1552 nem
2067 1510 2226 1567 atque
2269 1500 2654 1567 arrogantiam,
2685 1513 2789 1553 non
2836 1498 3007 1552 solum
3040 1498 3313 1554 civitatem
3348 1512 3447 1551 no-

1908 1598 2096 1652 strain,
2116 1588 2206 1643 sed
2232 1598 2485 1657 pra-terea
2510 1589 2670 1642 etiam
2693 1602 2787 1641 eos
2806 1585 2896 1655 qui
2925 1586 3281 1655 principatum
3305 1584 3449 1639 obti-

1909 1678 2128 1740 nebant,
2156 1679 2370 1745 aggredi
2407 1677 2603 1730 audere
2623 1676 2987 1745 conspiciens,
3016 1685 3205 1730 contra
3238 1690 3333 1729 eos
3354 1677 3446 1744 qui

1909 1767 1975 1818 ad
2022 1766 2311 1818 exercitum
2358 1781 2515 1819 suum
2561 1765 2761 1820 Christi
2793 1772 3062 1819 amantem
3110 1767 3446 1832 spectabant,

1907 1864 2090 1909 eontra
2124 1870 2217 1911 eos
2238 1856 2328 1924 qui
2358 1857 2420 1908 ad
2450 1855 2785 1925 Strymonem
2835 1857 2989 1911 sedes
3025 1856 3298 1909 habebant
3341 1871 3446 1910 non

1906 1949 2115 2000 occulte
2141 1958 2230 2000 aut
2259 1947 2469 2011 furtim,
2502 1948 2591 2001 sed
2622 1956 2674 2001 et
2701 1962 2817 2015 qua
2839 1948 3100 2002 adversus
3131 1963 3223 2001 eos
3248 1949 3299 2000 in
3326 1963 3448 2015 pro-

1907 2041 2083 2094 cinctu
2116 2046 2255 2105 erat,
2279 2040 2616 2107 expeditione
2641 2048 2765 2092 ante
2792 2038 3126 2101 denuntiata,
3158 2052 3250 2106 per
3275 2037 3448 2091 Thra-

1908 2131 2045 2181 cium
2076 2132 2299 2197 locaque
2341 2129 2514 2183 vicina
2556 2144 2767 2183 movere
2800 2130 2981 2197 jussit.
3027 2130 3128 2194 Qui
3172 2146 3281 2183 rem
3316 2145 3449 2199 prae-

1908 2230 2212 2281 noscentes,
2245 2221 2506 2286 angustiis
2535 2220 2771 2287 locisque
2804 2219 3133 2273 firmioribus
3168 2222 3449 2289 occupatis

1909 2317 1965 2360 ut
1986 2308 2241 2361 Romanis
2258 2309 2583 2361 exercitibus
2602 2309 2936 2370 resisterent,
2958 2324 3107 2362 arma
3121 2324 3183 2362 ex
3199 2310 3445 2372 adverso,

1909 2398 2177 2451 universis
2225 2399 2496 2451 variorum
2545 2413 2729 2466 regum
2776 2398 3074 2453 barbaricis
3095 2400 3449 2454 auxiliaribus

1908 2487 2077 2554 impiis
2099 2488 2162 2540 ad
2197 2487 2317 2540 belli
2355 2488 2662 2541 sOcietatem
2689 2490 2913 2553 vocatis,
2947 2500 3224 2556 pararunt.

1981 2575 2095 2628 I92.
2137 2574 2330 2628 Verum
2389 2585 2442 2629 et
2495 2576 2594 2629 bac
2639 2576 2694 2629 in
2747 2591 2825 2639 re,
2870 2586 3075 2644 potens,
3146 2585 3203 2630 ut
3248 2580 3447 2634 dictum

1909 2675 2009 2731 est,
2046 2675 2266 2734 martyr,
2300 2666 2521 2734 reliquis
2568 2681 2691 2721 cum
2741 2670 2941 2722 sanctis
2976 2683 3123 2721 arma
3173 2670 3440 2723 submini-

1911 2767 2111 2823 strans,
2141 2756 2443 2811 Romanum
2481 2760 2777 2812 exercitum
2817 2768 3006 2813 contra
3036 2758 3255 2815 Sciavos
3284 2761 3451 2816 victo-

1912 2862 2023 2899 rem
2053 2846 2248 2909 effecit,
2280 2857 2481 2915 perque
2530 2847 2777 2922 insidias,
2827 2863 2962 2916 quas
2996 2849 3208 2917 ipsimet
3236 2859 3449 2904 struxe-

1914 2947 2054 2999 rant,
2112 2937 2277 2992 fortes
2312 2952 2498 2990 eorum
2554 2939 3063 3007 praestantioresque
3111 2953 3173 2992 ac
3215 2951 3450 2994 armatos

1914 3027 2148 3089 occidit;
2179 3036 2338 3095 atque
2366 3027 2545 3080 omnis
2576 3041 2705 3095 gens
2738 3028 2965 3081 barbara
2992 3027 3170 3095 fugam
3202 3030 3450 3098 arripuit,

1913 3119 2044 3171 adeo
2096 3128 2152 3170 ut
2185 3119 2442 3186 quosdam
2491 3118 2582 3185 qui
2629 3118 2699 3171 ad
2752 3128 2987 3172 nostrain
3046 3121 3367 3173 custoditam
3420 3136 3448 3173 ιι

1910 3208 2020 3260 Deo
2042 3207 2311 3260 civitatem
2341 3205 2713 3276 confugerant,
2749 3207 3052 3259 clanculum
3095 3209 3364 3262 monuerit
3393 3220 3451 3261 ut

1910 3298 1975 3349 ad
2012 3312 2164 3350 casas
2194 3312 2320 3351 suas
2344 3312 2507 3363 prepe
2544 3310 2661 3349 eam
2693 3297 2822 3350 sitas
2851 3297 3079 3358 exirent,
3138 3297 3452 3367 fructusque

1910 3390 2217 3441 earumdem
2244 3387 2575 3454 colligerent,
2611 3401 2719 3453 quo
2748 3386 2817 3437 ob
2848 3386 3172 3440 ineffabilem
3202 3389 3448 3442 timorem

1912 3488 2219 3544 tantamque
2250 3478 2301 3529 in
2331 3490 2387 3528 sc
2409 3475 2605 3527 cmdem
2639 3474 2869 3528 familias
2892 3488 3021 3527 suas
3043 3475 3263 3527 omnino
3286 3476 3452 3528 relin-

1911 3575 2157 3635 quentes,
2196 3568 2260 3619 ad
2288 3575 2466 3633 partes
2498 3566 2618 3617 illas
2654 3565 3004 3629 accederent;
3036 3563 3449 3641 popularesque,

1911 3658 2001 3723 qui
2036 3656 2227 3710 devicti
2260 3663 2414 3709 erant
2459 3668 2522 3708 ac
2566 3655 2861 3722 fugiebant,
2916 3669 3038 3707 cum
3076 3655 3337 3709 uxoribus
3385 3671 3449 3709 ac

1912 3748 2095 3801 liberis
2120 3748 2186 3800 ad
2224 3747 2449 3800 sitorum
2477 3761 2641 3813 prope
2670 3744 2817 3799 illam
2851 3744 3294 3814 reliquorumque
3317 3746 3450 3800 vici-

1913 3854 2103 3893 norum
2144 3840 2386 3893 locorum
2431 3851 2586 3892 casas
2630 3838 2887 3891 abeuntes
2919 3833 3361 3905 frumentumque
3387 3851 3449 3891 ac

1912 3928 2059 3981 olera
2111 3929 2365 3989 ferentes,
2390 3936 2503 3979 erat
2529 3926 2736 3989 videre,
2774 3926 2851 3977 uti
2883 3922 3045 3979 etiam
3086 3925 3177 3994 qui
3227 3927 3451 3995 impedi-

1912 4028 2091 4072 menta
2115 4018 2426 4085 reliquaque
2450 4017 2589 4084 fuga
2612 4028 2852 4085 congrua
2876 4018 3121 4071 humeris
3140 4018 3448 4085 portabant,

1912 4110 2051 4162 alios
2087 4109 2346 4172 inermes,
2377 4116 2539 4175 atque
2574 4114 2631 4159 ut
2658 4120 2753 4174 per
2792 4107 2931 4159 viam
2966 4121 3030 4160 ac
3059 4108 3302 4161 ardorem
3328 4108 3451 4161 lice-

1912 4198 2022 4257 bat,
2068 4197 2463 4260 scmivrstitos;
2516 4211 2578 4248 ac
2606 4196 2745 4261 quod
2796 4194 2893 4263 ipsi
2944 4203 3133 4249 contra
3177 4197 3449 4253 civitatein

1912 4295 2151 4339 nostram
2203 4286 2438 4339 meditati
2473 4294 2649 4348 erant,
2684 4286 2733 4338 id
2769 4299 2861 4353 per
2894 4294 3178 4354 martyrem
3211 4300 3448 4354 superna

1914 4376 2249 4443 providentia
2281 4391 2441 4443 supra
2470 4389 2565 4430 eos
2593 4378 2816 4429 omnino
2847 4376 3077 4429 induxit.

352 4468 493 4533 ριιτ.
520 4463 627 4515 τοῦ
663 4462 768 4532 γὰρ
797 4462 1027 4529 στρατοῦ
1061 4465 1235 4515 ἐκεῖσε
1263 4464 1328 4516 ἐκ
1355 4462 1445 4515 τοῦ
1475 4462 1693 4525 δικαίως
1717 4466 1808 4516 καί
1845 4466 1886 4520 ι)
1980 4468 2003 4519 1

1788 4466 1808 4515 ἰ
1845 4466 1886 4520 D
1980 4468 2098 4521 195.
2164 4466 2213 4519 Is
2256 4482 2432 4534 porro,
2486 4468 2575 4533 qui
2614 4468 2762 4535 juste
2810 4481 2873 4519 ac
2937 4466 3022 4534 pie
3066 4465 3223 4520 nobis
3279 4466 3449 4535 impe-

273 4555 509 4615 ιὺσεδὼς
538 4552 842 4621 βασιλεύειν
864 4554 990 4622 ήμῐν
1016 4552 1265 4622 λαχόντος
1293 4554 1571 4616 σταλέντος
1594 4555 1686 4605 ἐπὶ
1710 4570 1811 4607 πα-

278 4646 496 4716 ρατάξει
516 4648 621 4697 τῶν
645 4644 971 4706 Σκλασίνων,
996 4646 1253 4712 σιτοφόρα
1282 4645 1461 4713 σκάφη
1483 4647 1572 4696 καὶ
1594 4647 1696 4712 πρὸ
1716 4645 1812 4712 τῆς

278 4737 434 4806 ἡμῶν
458 4737 722 4806 αἰτήσεως
751 4734 980 4787 ἐνταῦθα
1004 4732 1306 4787 ἀπέστειλε.
1335 4732 1453 4784 Τῶν
1478 4733 1814 4803 κρατούντων

277 4830 372 4881 καὶ
420 4830 476 4880 ιν
528 4829 698 4895 τούτῳ
737 4827 1089 4896 ἀργησάντων
1138 4825 1224 4876 διὰ
1278 4826 1369 4875 τὸν
1415 4823 1596 4891 φόϐον,
1648 4819 1813 4891 οὗπερ

277 4923 533 4991 ιποίησαν
563 4923 626 4971 ἐκ
656 4918 765 4971 τῶν
795 4916 1025 4971 δνταῦθα
1054 4914 1304 4981 ικφορίου
1334 4915 1526 4984 μήπως
1550 4914 1812 4979 γνωσθέν-

277 5029 365 5075 τες
418 5010 778 5077 ἀγανακτήσει
818 5007 911 5059 καὶ
948 5003 1311 5073 ύποὸληοῶσι,
1349 5003 1442 5056 καὶ
1482 5004 1530 5056 εί
1573 5003 1648 5073 μή
1684 5003 1808 5071 ἄχρι

279 5142 606 5211 regionibus,
637 5138 774 5211 haud
815 5136 1212 5211 proenletiam,
1233 5146 1289 5190 ut
1320 5137 1545 5211 dictum,
1575 5149 1603 5188 a
1632 5132 1805 5211 Thcs-

281 5204 519 5281 Baiomca
552 5210 795 5281 remotis,
819 5204 889 5261 ab
924 5207 1166 5275 ipsismet
1202 5207 1615 5281 imperatoribus
1644 5204 1797 5256 sedes

282 5280 511 5333 Subinde
565 5276 881 5339 obtinuiése,
944 5285 997 5327 et
1038 5282 1211 5326 tamen
1255 5276 1395 5327 haud
1446 5288 1569 5325 raro
1618 5281 1803 5325 contra

283 5349 445 5403 hosce
482 5362 628 5401 arma
663 5354 843 5414 postea
877 5343 1051 5396 adhuc
1095 5343 1344 5405 morisse,
1376 5342 1809 5394 excursionibus-

350 5486 461 5555 (69)
486 5482 848 5555 Proconessus
875 5476 1049 5555 insula
1071 5486 1151 5555 est
1178 5475 1316 5528 Asia
1336 5474 1554 5527 Minoris
1594 5475 1652 5555 in
1684 5472 1809 5555 lfroo

317 5543 523 5611 ontide,
571 5566 689 5617 qua:
741 5549 863 5600 aliis
921 5543 1468 5617 olim__Proconnesus
1516 5553 1607 5596 aut
1651 5545 1808 5595 etiam

325 5612 664 5676 razconncs'us
715 5618 998 5686 appellata,
1059 5612 1319 5686 Marrnara
1351 5622 1537 5686 “moue
1609 5625 1814 5686 nuncu-

318 5704 453 5742 atttr.
523 5679 879 5739 Vitlcsisnad
953 5683 1266 5734 anabulnm
1344 5679 1695 5731 Proronnesns
1760 5680 1810 5730 in

328 5772 475 5811 esteo
523 5755 887 5822 Ceographico
936 5750 1329 5803 Bundiandum.
1382 5750 1594 5815 ΙΙαριον,
1634 5750 1811 5813 Mysiae

1912 4571 2035 4610 rare
2082 4566 2161 4609 est
2196 4557 2439 4621 sortitus,
2484 4557 2652 4610 misso
2696 4555 2762 4608 ad
2792 4557 3023 4613 Sclavos
3056 4561 3447 4625 oppugnandos

1913 4647 2175 4710 exercitu,
2206 4645 2414 4715 navigia
2438 4647 2625 4707 etiam,
2655 4644 2926 4699 frumento
2958 4656 3178 4708 onusta,
3210 4647 3276 4701 ad
3311 4647 3447 4716 peti-

1915 4733 2113 4785 tionem
2164 4740 2400 4784 nostram
2447 4732 2553 4784 buc
2595 4730 2761 4783 misit.
2791 4730 2923 4783 Cum
2952 4742 3004 4784 et
3028 4731 3129 4784 hac
3158 4731 3212 4785 in
3248 4746 3323 4793 re,
3352 4732 3446 4800 qui

1915 4820 2297 4887 rempublicam
2338 4820 2804 4894 administrabant,
2849 4821 2919 4872 ob
2948 4820 3215 4885 timorem,
3260 4835 3327 4873 ne
3352 4821 3443 4887 qui

1917 4920 2073 4964 terra:
2101 4921 2393 4979 proventus
2412 4910 2809 4970 distrahebant,
2842 4924 2953 4963 rem
3003 4920 3287 4964 noscentes
3313 4925 3443 4963 con-

1918 5009 1995 5052 tra
2030 5015 2086 5054 se
2131 4998 2554 5067 indignarentur,
2589 4999 2724 5051 nihil
2757 4999 2976 5053 omnino
3023 4998 3257 5053 facerent
3302 4998 3448 5053 dica~

1914 5148 2019 5203 que
2040 5134 2234 5187 damna
2267 5132 2536 5203 illisbaud
2562 5133 2766 5203 modica
2788 5132 3055 5195 intulisse,
3076 5130 3231 5203 facile
3251 5144 3447 5203 ag_noa-

1913 5200 2057 5267 cant,
2106 5203 2194 5268 qui
2233 5202 2312 5254 vel
2346 5200 2686 5271 Constantini
2715 5202 3157 5271 Porpliyrogeniti
3188 5200 3256 5254 de
3303 5200 3447 5271 Tho-

1915 5267 2141 5349 matibus
2196 5270 2731 5338 administrandoque
2789 5267 3016 5335 imperio
3072 5270 3235 5323 libros
3299 5267 3444 5321 evol—

1914 5348 2105 5391 verint.

1916 5472 2137 5527 Minoris
2187 5473 2239 5526 in
2286 5472 2410 5526 Asia
2451 5473 2514 5525 ad
2554 5471 2890 5541 Propontidis
2943 5488 3089 5527 oram
3134 5475 3321 5529 civitas
3340 5485 3449 5531 est.

1989 5543 2097 5610 (70)
2140 5543 2211 5594 Ita
2242 5543 2325 5593 hic
2353 5542 2667 5593 vocabulum
2714 5542 2995 5604 θυλάκους,
3028 5544 3169 5609 quod
3205 5545 3445 5610 ejusdem

1918 5614 2131 5678 proprie
2168 5626 2285 5663 cum
2315 5611 2571 5663 vocabulo
2613 5610 2800 5664 Latino
2831 5627 3009 5665 saccus
3043 5612 3448 5680 significationis

1917 5690 2018 5744 est,
2055 5680 2506 5747 interpretandum
2534 5694 2562 5731 e
2592 5694 2751 5733 sensu
2777 5680 2929 5733 duxi.
