4206 6438
244 384 382 454 13η

1239 395 1297 456 S.
1344 395 1719 457 DEMETRH
1756 397 2145 463 ΕΔΗπῆῐὸ
2200 404 2400 465 ACTA.

3297 403 3438 470 13⁸14

312 497 409 553 06’.
455 497 532 551 Σῦ
554 499 631 570 μὴ
658 501 961 574 ἀμελήσῃς,
990 500 1224 570 ιγειρον,
1265 504 1583 575 ἀρμὲνιοον,
1608 505 1637 557 δ
1666 507 1787 561 ﬁve.
1809 507 1862 566 Δ
1954 510 1973 563 ε

1773 507 1862 566 -Δ
1954 510 2082 566 τοι.
2118 510 2195 567 fu
2244 528 2312 568 ne
2359 514 2564 584 absque
2614 529 2742 569 cura
2769 529 2868 579 srs,
2898 515 3294 587 expergiscere,
3314 520 3434 573 vela

241 606 343 658 μσς
362 591 665 661 ιπιτήδεεός
688 596 854 648 εστιν.
894 593 1024 648 Ἰδοὺ
1054 595 1119 649 σὺ
1159 595 1463 662 καθεύδεις,
1491 598 1585 651 καὶ
1639 598 1787 652 ἄλλοι

237 680 647 751 ἀρμενίζουσιν.
694 685 828 737 Τότε
863 684 1049 737 λοιπὸν
1102 686 1402 755 διεγερθεὶς
1438 687 1528 739 καὶ
1559 689 1737 750 συνεὶς
1760 691 1787 741 6

241 769 550 838 θαυμαστὸς
582 772 678 825 καὶ
705 772 1016 836 ἀξιοθέατος
1051 775 1276 838 εκεῐνος,
1320 777 1413 827 καὶ
1457 776 1623 837 ὅντως
1653 778 1785 845 γνή-

242 878 357 924 σιος
394 864 547 930 φίλος
565 863 658 917 τοῦ
678 864 813 917 Θεοῦ
841 866 934 919 καὶ
960 864 1053 919 τοῦ
1088 866 1358 936 μάρτυρος
1386 865 1461 927 ὡς
1500 866 1619 937 θείᾳ
1650 870 1786 919 ἀπο-

242 951 473 1020 καλύψει
498 955 590 1006 καὶ
618 954 678 1006 ού
714 954 856 1007 κατά
883 956 1183 1022 φαντασίαν
1227 958 1328 1022 τὴν
1357 958 1614 1026 τοιαύτην
1658 976 1787 1028 προ-

240 1043 450 1113 τροπὴν
505 1043 598 1097 τοῦ
655 1044 839 1107 πλοὸς,
879 1045 1075 1099 αὐτίκα
1114 1046 1427 1110 διαναστὰς,
1461 1050 1554 1100 καὶ
1581 1049 1679 1101 οὐκ
1708 1050 1784 1102 ετι

239 1136 367 1188 τινά
394 1136 522 1204 περὶ
553 1136 745 1189 τούτου
776 1138 1109 1206 διερωτήσας
1133 1138 1333 1206 ἢρξατο
1355 1140 1479 1201 τοὺς
1514 1140 1785 1209 καράϐους

239 1228 568 1299 διατρέχειν,
600 1229 693 1281 καὶ
720 1229 1052 1297 προσέταξεν
1082 1229 1329 1300 εξορμετν
1364 1232 1429 1284 si
1454 1232 1586 1299 πρὸς
1617 1232 1785 1301 ἡμᾶς.

238 1320 415 1373 Τινῶν
445 1321 500 1374 δι
550 1320 884 1389 φασκόντων,
918 1322 1029 1374 τῶν
1058 1323 1272 1391 ἀνίμων
1316 1323 1571 1375 ἐναντίων
1597 1322 1782 1387 ὄντων,

237 1413 333 1465 καὶ
354 1412 533 1465 αὐτῶν
562 1410 629 1464 τὰ
660 1412 757 1479 τῆς
806 1414 1002 1480 ἑορτῆς
1044 1414 1221 1466 ἐκεῖσε
1253 1414 1592 1484 εὐτρεπίζειν
1630 1433 1786 1467 σπου-

232 1505 523 1569 δαζόντων,
548 1503 649 1557 ποῦ
674 1503 962 1573 βούλεσθαι
996 1505 1095 1572 ἔφη
1129 1508 1187 1556 ιν
1214 1507 1384 1573 ιτέρῳ
1410 1508 1562 1575 τύπῳ
1586 1508 1784 1574 ἐρημο-

230 1597 381 1666 τέρῳ
400 1596 698 1664 ἀπνιφιρειν
732 1595 950 1657 αὐτούς.
997 1589 1127 1648 Εἶτα
1157 1596 1213 1646 δὲ
1258 1596 1466 1648 ἐκείνου
1497 1598 1559 1647 lx
1590 1597 1686 1665 τῆς
1719 1598 1782 1647 ἐκ

231 1688 419 1753 τρίτου
441 1686 759 1748 ἐπιστασίας
777 1686 872 1738 τοῦ
902 1687 1175 1755 μάρτυρος
1204 1686 1581 1755 ἡκριδωμένου
1612 1686 1783 1754 ύπάρ-

231 1794 439 1844 κοντος,
484 1778 550 1827 las
603 1776 699 1846 τῆς
755 1777 1015 1846 ἑπιμάνου
1078 1777 1242 1831 αὐτοῦ
1292 1777 1564 1847 ὀχλήσεως
1594 1795 1650 1829 τε
1686 1776 1781 1830 καὶ

233 1867 468 1936 θεωρίας
490 1866 583 1921 τοῦ
607 1868 1016 1936 ὑπερασπιστοῦ
1041 1870 1139 1937 τῆς
1176 1869 1382 1930 πόλεως
1416 1870 1573 1937 ἡμῶν
1600 1872 1781 1937 Δημη-

229 1959 404 2027 τρίου,
436 1961 526 2013 τὸν
566 1959 733 2013 πλοῦν
782 1961 933 2030 αὐτῷ
956 1962 1259 2029 ἐπιτήδειον
1315 1959 1555 2023 Εσεσθαι,
1596 1976 1780 2027 κωπη-

228 2051 413 2101 λατεῖν
452 2048 586 2117 πρὸς
617 2051 711 2120 τὴν
744 2051 919 2121 ὁρμὴν
956 2053 1047 2104 τοῦ
1081 2052 1241 2114 πλοὸς
1271 2052 1655 2119 προσέταττεν,
1686 2053 1780 2104 καὶ

226 2143 294 2210 δὴ
344 2143 447 2209 6ρᾷ
482 2140 744 2209 κάραϐον,
794 2142 868 2203 ὡς
903 2142 1008 2193 ἀπὸ
1045 2143 1153 2195 τῶν
1208 2144 1389 2211 μερῶν
1417 2141 1679 2202 Χαλκίδος
1702 2142 1779 2201 είς

225 2232 300 2283 τὰ
344 2230 476 2301 πρὸς
528 2230 721 2291 αὐτοὺς
763 2228 1122 2299 ἀρμενίζοντα
1165 2231 1387 2294 εὐθέως,
1421 2230 1509 2283 καὶ
1538 2229 1779 2301 ἐμνήσθη

226 2319 321 2373 τ’λῦ
354 2322 411 2373 εν
438 2319 778 2390 ἀποκαλύψει
799 2320 1077 2389 λεχθέντος
1103 2321 1275 2391 αὐτῷ.

300 2511 397 2559 σι’.
440 2503 645 2559 Δύτίκα
674 2504 807 2573 γοῦν
834 2507 900 2575 τῇ
943 2503 1137 2573 ἐλασίᾳ
1178 2502 1291 2557 τῶν
1319 2503 1572 2574 καράϐων
1614 2503 1781 2566 liniv-

223 2613 358 2660 των,
410 2596 503 2647 καὶ
538 2594 632 2646 τοῦ
678 2596 900 2663 ἀνέμου,
933 2594 1007 2657 ὼς
1039 2595 1272 2663 ιφημεν,
1320 2595 1461 2647 κατά
1493 2594 1779 2661 πρόσωπον

223 2690 395 2750 ιντος,
446 2688 601 2756 ἄφνω
650 2686 878 2755 νεύματι
926 2686 1059 2755 θείῳ
1097 2686 1185 2738 διά
1212 2687 1318 2739 τῶν
1346 2686 1647 2755 πρεσδειῶν
1688 2687 1778 2739 τοῦ

226 2777 523 2845 ἀθλοφόρου
547 2778 610 2830 ἐκ
628 2776 733 2828 τῶν
750 2775 975 2829 δπισθεν
989 2775 1193 2838 τούτοις
1216 2776 1459 2845 οὐριοδρό
1469 2792 1562 2845 μος
1582 2777 1672 2830 ἀνε
1681 2793 1779 2842 μσς

228 2870 508 2929 κατέπνει,
532 2867 628 2919 καὶ
660 2865 991 2927 πλεύσαντες
1024 2865 1294 2933 ἁρμοδίως
1324 2870 1421 2919 καὶ
1446 2867 1773 2935 ἀρμενίσανο

224 2976 313 3021 τες
347 2957 604 3021 εύθιτως,
647 2959 715 3025 τῇ
743 2957 877 3025 ἀγίᾳ
918 2958 1140 3025 τετράδι
1180 2956 1279 3025 τὴν
1304 2957 1403 3024 τῆς
1438 2956 1597 3021 ἀγίας
1626 2956 1781 3009 εὕδο-

229 3050 392 3119 μάδος
416 3049 564 3118 ὥραν
606 3046 841 3117 ἑϐδόμην
863 3047 960 3117 τὴν
992 3047 1283 3117 θεόρυστον
1309 3047 1513 3113 ταύτην
1546 3048 1777 3099 κατέλα-

1890 601 2080 667 lacias,
2114 605 2385 659 secundus
2422 614 2504 659 est
2543 614 2753 660 ventus.
2792 604 2952 669 Ecce,
3010 618 3067 660 tu
3114 607 3345 672 dormis,
3374 625 3438 664 ac

1889 696 1979 748 alii
2016 696 2287 764 navigant.
2332 694 2506 759 Tunc,
2532 710 2653 749 cum
2690 698 2906 751 tandem
2954 697 3219 751 mirabilis
3246 699 3338 753 ille
3371 714 3436 753 ac

1888 788 2099 841 visione
2127 787 2427 841 honoratus
2474 787 2675 854 Deique
2703 796 2756 840 et
2784 788 3038 857 martyris
3069 791 3279 843 amicus
3310 806 3437 844 vere

1888 879 2155 945 genuinus
2180 886 2322 930 esset
2346 874 2771 945 expergefactus,
2805 890 2868 929 ac
2899 877 3059 928 talem
3084 878 3149 929 ad
3178 878 3436 946 navigan-

1886 969 2012 1023 dum
2043 969 2411 1023 invitationem
2441 983 2471 1021 a
2500 969 2679 1021 divina
2703 968 3053 1026 revelatione.
3078 982 3186 1021 non
3208 969 3276 1022 ab
3298 971 3435 1022 ima-

1888 1062 2166 1131 ginatione
2214 1075 2369 1125 esse,
2421 1059 2763 1128 intelligeret,
2814 1060 2995 1114 statim
3040 1075 3292 1129 surgens,
3336 1075 3434 1113 nec

1887 1170 2218 1224 quemquam
2248 1155 2484 1224 amplius
2509 1154 2573 1208 de
2616 1170 2675 1208 re
2703 1154 2793 1207 illa
2824 1155 3165 1223 interrogans
3208 1154 3434 1207 carabos

1889 1261 2206 1315 percurrere
2235 1249 2421 1315 cmpit,
2449 1256 2612 1314 atque
2664 1256 2723 1299 ut
2769 1260 2954 1299 versus
2995 1254 3177 1313 partes
3220 1256 3433 1301 nostras

1887 1337 2178 1400 solverent,
2202 1338 2475 1405 pracepit.
2495 1338 2630 1390 Cum
2651 1346 2825 1388 autem
2850 1337 3070 1404 quidam
3105 1346 3293 1389 ventos
3314 1350 3435 1390 esse

1886 1426 2211 1489 contrarios,
2245 1441 2409 1494 seque
2441 1435 2499 1479 ut
2547 1426 2614 1480 ad
2658 1425 2854 1480 festum
2903 1426 3202 1494 spectantia
3233 1426 3431 1479 ibidem

1886 1526 2279 1585 prapararenl,
2329 1530 2547 1583 operam
2601 1518 2752 1577 dare,
2805 1525 3133 1576 assererem,
3175 1514 3310 1567 velle
3352 1529 3432 1575 se,

1885 1608 2098 1661 dicebat
2120 1647 2135 1671 ,
2171 1608 2356 1676 aliquo
2391 1606 2458 1659 ad
2493 1607 2665 1659 locum
2715 1606 2967 1672 praesidio
3005 1607 3182 1673 magis
3205 1607 3435 1659 destitu-

1886 1713 1996 1755 tum
2032 1716 2125 1756 eos
2160 1702 2447 1754 abducere.
2481 1698 2681 1751 Deinde
2716 1714 2843 1751 vero
2893 1712 3017 1750 cum
3065 1702 3109 1751 is
3158 1712 3221 1750 ex
3274 1698 3432 1751 tertia

1885 1793 2137 1861 martyris
2165 1791 2525 1859 apparitione,
2560 1803 2680 1842 sese
2715 1804 2810 1856 per
2840 1789 3042 1841 assidui
3080 1789 3223 1841 illius
3253 1789 3432 1841 civita-

1882 1884 1952 1936 tis
1979 1892 2181 1936 nostra
2206 1880 2628 1947 propugnatoris
2653 1877 2906 1931 Demetrii
2939 1877 3428 1944 interpellationem

1881 1990 1943 2029 ac
1977 1971 2502 2027 commendationem
2530 1984 2788 2039 prospera
2816 1970 3158 2036 navigatione
3200 1984 3427 2025 usurum

1879 2066 2044 2134 probe
2074 2070 2277 2125 nosset,
2314 2061 2586 2126 remigari,
2618 2071 2675 2112 ut
2722 2074 2845 2113 cum
2876 2061 3079 2126 impetu
3113 2073 3177 2111 ac
3231 2058 3429 2111 celeri-

1881 2165 1992 2211 tate
2024 2155 2298 2221 navigatio
2327 2154 2666 2221 procederet,
2693 2149 2875 2217 jussit,
2915 2152 3305 2215 carabumque,
3342 2163 3431 2201 ve-

1880 2248 1978 2300 luti
2010 2261 2040 2300 e
2073 2244 2344 2299 Chalcidis
2377 2243 2622 2309 partibus
2653 2242 2762 2309 (97)
2788 2255 3004 2293 cursum
3032 2239 3103 2292 ad
3140 2240 3291 2306 ipsos
3335 2252 3430 2291 ce-

1880 2338 2069 2392 leriter
2124 2336 2469 2398 dirigentem,
2513 2333 2683 2393 vidit,
2709 2331 2961 2397 illiusque
2985 2370 2999 2392 ,
3054 2330 3201 2395 quod
3236 2328 3339 2381 sibi
3372 2328 3427 2381 in

1880 2428 2211 2481 revelatione
2243 2426 2444 2478 dictum
2476 2423 2670 2485 iuerat,
2705 2432 2788 2476 est
2817 2422 3134 2475 recordatus
3167 2420 3301 2487 (98).

1945 2518 2081 2573 205.
2133 2517 2265 2571 Cum
2316 2516 2481 2583 igitur
2537 2513 2689 2565 initio
2741 2513 3063 2565 caraborum
3116 2509 3426 2562 exeumium

1880 2610 2061 2665 cursui
2096 2616 2290 2664 ventbs
2319 2607 2507 2666 etiam,
2542 2613 2602 2658 ut
2633 2603 2888 2665 diximus,
2922 2601 3227 2657 contrarius
3256 2608 3426 2668 esset,

1884 2704 2168 2770 derepente
2222 2710 2354 2755 nutu
2401 2698 2583 2750 divino
2632 2711 2724 2762 per
2775 2696 3138 2748 certaminum
3190 2693 3428 2748 Victoris

1884 2809 2069 2864 preces
2100 2809 2129 2847 a
2160 2804 2306 2858 tergo
2335 2791 2413 2844 eis
2447 2798 2645 2844 ventus
2678 2790 2948 2842 secundus
2996 2785 3196 2839 amavit
3222 2824 3238 2849 ,
3268 2800 3430 2839 cum-

1879 2901 1985 2956 que
2030 2884 2419 2940 convenienter
2449 2881 2798 2949 navigassent
2825 2913 2849 2942 ν
2875 2886 3283 2947 opportuneque
3312 2877 3428 2931 vela

1881 2980 2157 3041 fecissent,
2209 2975 2556 3027 hebdomade
2614 2980 2817 3025 sancte
2869 2971 2959 3023 die
3009 2979 3231 3038 quarta,
3290 2968 3425 3021 liora

1882 3068 2110 3137 septima
2166 3068 2231 3118 ad
2264 3075 2531 3119 servatam
2579 3063 2720 3116 hanc
2763 3077 2791 3113 a
2845 3058 2953 3114 Des
3001 3060 3280 3114 civitatem
3334 3072 3427 3126 per

224 3140 319 3191 δον
343 3138 499 3193 πόλιν
536 3138 622 3190 διὰ
651 3136 745 3190 τοῦ
784 3138 1201 3207 ὑπερασπιστοῦ
1232 3137 1405 3205 αὐτῆς
1445 3139 1775 3206 Δημητρίου.
1801 3141 1847 3205 c
1882 3160 1885 3212 1

1762 3175 1775 3188 '
1801 3141 1847 3205 (ἶ
1882 3136 2042 3226 hujus
2082 3165 2542 3225 propugnatorem
2582 3150 2912 3205 Demetrium
2957 3150 3239 3218 appulcre.
3271 3148 3422 3203 Unde

227 3234 391 3286 Ὅθεν
416 3232 512 3285 τοῦ
538 3231 723 3293 δεινῶς
778 3229 1163 3300 μελετηθέντος
1192 3246 1248 3282 τε
1281 3230 1373 3281 καὶ
1403 3229 1775 3298 στοιχηθέντος

224 3329 498 3395 δράματος
537 3326 632 3377 τοῦ
656 3323 920 3392 δμφυλίου
956 3323 1196 3390 πολέμου
1224 3322 1409 3374 λοιπὸν
1441 3323 1775 3390 ἀργήσαντος

225 3418 375 3485 παρά
402 3414 495 3468 τοῦ
521 3414 749 3483 Μαύρου
782 3415 878 3467 καὶ
906 3411 1015 3466 τῶν
1046 3412 1162 3482 μετ’
1181 3411 1366 3477 αὑτοῦ,
1398 3412 1595 3464 αὐτίκα
1630 3412 1776 3479 φόόῳ

224 3508 317 3559 καὶ
348 3504 558 3575 ἀθυμίᾳ
583 3504 866 3574 συσχεθεὶς
892 3505 920 3556 6
956 3503 1115 3566 αὐτὸς
1159 3502 1403 3571 Μαῦρος,
1431 3503 1647 3573 πυρετῷ
1677 3522 1775 3572 χα·

223 3594 504 3662 λεποτάτῳ
558 3594 622 3645 εκ
674 3594 774 3659 τῆς
807 3591 1046 3657 ἀθυμίας
1091 3589 1405 3659 περιπεσὼν
1461 3590 1773 3643 διατέθεικεν

222 3686 310 3738 επὶ
343 3682 527 3751 κλίνης
576 3682 669 3734 ἐπὶ
732 3681 992 3741 πλείστας
1047 3681 1296 3748 ἡμέρας·
1352 3679 1502 3732 ῐνθεν
1543 3680 1772 3733 καὶτῶν

222 3772 471 3828 δντεῦθεν
505 3772 764 3841 μετεστη,
794 3772 844 3824 ει
873 3772 946 3839 μὴ
975 3773 1004 3823 6
1037 3770 1374 3841 πρρρῤηθεὶς
1410 3771 1548 3841 ἀνὴρ
1572 3770 1601 3821 6
1634 3786 1771 3822 ⁴ναν·

222 3866 470 3933 εὐφημος
486 3863 812 3932 στρατηγὸς,
844 3862 1057 3928 ἀγνοιῖιν
1073 3861 1134 3914 τδ
1164 3860 1475 3931 μελετηθὲν,
1498 3861 1685 3914 τοῦτον
1715 3862 1771 3912 ιν

202 3957 401 4022 λόγοις
433 3954 527 4006 καὶ
546 3956 730 4022 ὅρκοις
756 3953 1164 4019 κατησφάλιστο
1184 3967 1198 3981 ο
1237 3951 1305 4004 τὰ
1332 3952 1387 4004 δι
1422 3952 1516 4003 τοῦ
1550 3952 1772 4020 ὁραθέν-

222 4063 312 4108 τος
334 4043 501 4112 αύτῷ,
528 4026 694 4113 ἦγουν
736 4041 1148 4095 διατυπωθιντα
1198 4043 1348 4112 παρὰ
1373 4042 1465 4094 τοῦ
1495 4045 1770 4114 μάρτυρος

221 4136 351 4205 περὶ
381 4132 475 4187 τοῦ
506 4133 689 4197 πλοὸς,
721 4132 995 4195 πλείστοις
1014 4134 1393 4203 ἀφηγούμενος
1440 4134 1770 4205 ιδημηγόρει

220 4230 318 4298 τὴν
345 4228 584 4296 σπουδὴν
612 4227 709 4280 καὶ
746 4226 844 4295 τὴν
868 4228 1125 4295 πρόνοιαν
1145 4224 1239 4279 τοῦ
1272 4226 1563 4297 μάρτορος,
1592 4228 1770 4298 ἥνπερ

222 4321 378 4389 suos!)
388 4335 516 4373 σατο
541 4318 670 4387 περὶ
688 4318 789 4384 τῆς
814 4317 1045 4382 πόλεως.
1072 4318 1182 4370 Καὶ
1202 4316 1325 4370 τότε
1353 4317 1537 4371 λοιπὸν
1560 4318 1651 4371 τὸν
1676 4319 1772 4371 αύ-

221 4412 309 4463 τδν
344 4408 568 4477 Μαῦρον
604 4406 743 4475 μετά
771 4406 877 4459 τῶν
922 4406 1070 4459 ιδίων
1115 4405 1285 4460 αὐτοῦ
1315 4406 1545 4476 στρατοῦ
1584 4408 1675 4462 τοῦ
1706 4410 1769 4461 εκ

221 4500 326 4552 τῶν
360 4498 617 4568 κσράὃων
645 4497 751 4562 ῑξω
777 4497 873 4565 τῆς
897 4498 1105 4560 πόλεως
1141 4498 1198 4551 ιν
1220 4501 1330 4561 τοῖς
1351 4498 1588 4561 δυτικοϊς
1612 4500 1769 4569 μέρε-

224 4601 307 4638 σιν
334 4585 771 4655 παραφοσσεύειν
817 4584 1169 4649 διετύπωσεν,
1205 4586 1342 4655 πρὸς
1388 4587 1451 4640 τδ
1480 4589 1603 4650 τοὺς
1639 4588 1767 4657 μελ-

222 4676 404 4737 λοντας
434 4678 498 4728 ἐκ
521 4676 628 4728 τῶν
668 4674 924 4727 Σκλάδων
948 4675 1313 4745 προσφεύγειν
1350 4678 1767 4748 Κερμησιάνους

221 4768 391 4829 ἀδεῶς
421 4768 515 4821 καὶ
546 4765 950 4834 ἀνεμποδίστως
999 4766 1424 4836 προσέρχεσθαι,
1461 4770 1555 4843 καὶ
1596 4770 1767 4833 οὕτως

223 4856 499 4925 διέμειναν
528 4855 737 4925 ἡμέρας
760 4854 998 4917 πλείους.

289 5114 399 5179 cf.
444 5115 594 5169 Μετά
632 5115 686 5167 δι
710 5114 880 5167 ταῦτα
910 5115 1207 5179 κελεύσεως
1269 5116 1562 5186 βασιλικῆς
1589 5143 1745 5197 φοιτη

288 5251 397 5319 (97)
452 5250 700 5321 glialcis.
765 5252 1219 5321 quemadmodum
1282 5255 1633 5316 Baudrandus
1698 5267 1750 5320 in

221 5318 421 5397 Leaico
446 5318 817 5397 Geograpbico
840 5322 1015 5397 ducet,
1048 5324 1175 5397 urbs
1191 5335 1274 5397 est
1305 5327 1517 5382 Eubmm
1544 5318 1750 5397 insulm,

221 5392 275 5443 in
305 5390 655 5458 Archipelagu
700 5394 836 5454 sitm,
866 5393 1152 5455 primaria;
1190 5396 1300 5447 haec
1346 5406 1521 5449 autem
1576 5390 1748 5457 insula

223 5462 290 5512 ab
334 5460 399 5511 iis
459 5458 548 5535 qui
601 5474 632 5535 e
676 5460 896 5514 Sciatho
931 5460 1361 5518 Thessalonicam
1414 5468 1688 5535 navigant,
1720 5488 1747 5525 ει

222 5538 372 5595 surgo
402 5528 738 5595 relinquitur.
1066 5538 1070 5541 “

287 5546 372 5579 r'o
402 5546 738 5595 rettnquttur.

287 5546 398 5663 (ξε)
428 5595 563 5660 Quia
584 5599 859 5658 nimirum,
884 5608 939 5652 ut
971 5599 1071 5654 sibi
1102 5600 1152 5651 in
1184 5603 1389 5656 visione
1413 5606 1612 5659 dictum
1636 5607 1747 5662 fue-

219 5677 320 5726 rat,
346 5675 579 5740 _ventum
620 5682 738 5740 esse
770 5665 1210 5740 Thessalonicam
1250 5674 1623 5740 navigamihus
1664 5695 1744 5729 sm

219 5736 483 5809 cundum,
509 5749 538 5789 e
573 5738 714 5801 uari,
742 5753 859 5805 quae
890 5739 1048 5793 celeri
1071 5754 1235 5793 cursu
1260 5742 1322 5796 ad
1357 5736 1503 5811 ipsus
1530 5760 1559 5799 ο
1586 5748 1745 5799 (Πιτα-

1878 3252 2115 3312 tandem,
2148 3248 2291 3317 quod
2332 3262 2359 3298 a
2403 3245 2590 3298 Mauro
2626 3244 2801 3312 iisque
2824 3243 2913 3311 qui
2945 3243 2993 3295 ei
3034 3242 3382 3295 adhaerebant
3406 3277 3424 3301 ,

1876 3340 2093 3406 indigne
2129 3346 2374 3405 paratum
2427 3333 2884 3400 formidatumque
2917 3340 3054 3395 erat,
3105 3332 3233 3386 belli
3286 3332 3425 3386 inte-

1877 3428 2003 3481 stini
2050 3425 2289 3479 facinore
2340 3432 2708 3490 torpescente,
2741 3424 2935 3477 timore
2983 3423 3165 3476 subito
3195 3436 3261 3475 ae
3292 3436 3426 3478 eon-

1874 3520 2213 3575 sternatione
2246 3521 2358 3586 ipse
2390 3517 2610 3571 Maurus
2634 3526 2941 3584 correptus,
2973 3529 3097 3569 cum
3124 3530 3232 3582 pra
3256 3515 3422 3568 animi

1875 3611 2173 3678 dejectione
2230 3610 2280 3662 in
2343 3608 2535 3661 febrim
2588 3608 2969 3675 gravissimam
3024 3606 3323 3668 incidisset,
3366 3606 3420 3659 in

1871 3700 2011 3753 lecto
2043 3712 2139 3767 per
2161 3698 2275 3752 dies
2305 3697 2568 3765 plurimos
2599 3694 2876 3747 decubuit.
2901 3694 3081 3761 Atque
3104 3691 3230 3745 hinc
3258 3690 3421 3744 etiam

1872 3803 1940 3843 ex
1986 3788 2093 3843 hoc
2134 3788 2338 3840 mundo
2378 3787 2642 3848 abiisset,
2678 3784 2781 3837 nisi
2821 3784 3118 3850 prmdictus
3167 3781 3275 3844 vir,
3310 3782 3423 3834 dux

1873 3880 2021 3933 omni
2072 3879 2231 3932 laude
2269 3876 2489 3944 dignus,
2528 3875 2619 3940 qui
2671 3873 2814 3937 quod
2862 3874 3179 3928 meditatum
3225 3871 3423 3935 fuerat,

1875 3969 2185 4033 ignorabat,
2214 3982 2335 4019 eum
2370 3975 2420 4018 et
2448 3964 2625 4017 verbis
2663 3972 2712 4016 et
2740 3962 3067 4031 juramentis
3094 3962 3423 4014 reddidisset

1870 4067 2141 4112 securum.
2192 4056 2321 4121 Quae
2365 4068 2526 4123 porro
2564 4053 2632 4107 ad
2683 4053 2835 4105 illum
2868 4051 2963 4120 qui
3008 4054 3057 4104 ei
3100 4054 3155 4105 in
3212 4050 3421 4106 visione

1872 4153 2221 4215 apparuerat,
2278 4146 2658 4212 pertinebant,
2695 4141 2948 4196 videlicet
2972 4156 3094 4208 qua
3122 4156 3155 4195 a
3185 4152 3421 4211 martyre

1872 4238 1937 4290 de
1982 4236 2326 4304 navigatione
2370 4243 2589 4287 ostensa
2620 4240 2798 4295 erant,
2851 4232 3100 4300 plurimis
3135 4248 3369 4287 narrans
3400 4273 3415 4297 ,

1874 4325 2109 4380 studium
2144 4339 2206 4377 ac
2235 4337 2444 4385 curam,
2477 4337 2635 4389 quam
2677 4334 2775 4388 pro
2819 4320 3036 4374 civitate
3068 4332 3271 4392 martyr
3296 4336 3421 4390 ges-

1874 4417 2072 4475 sisset,
2126 4410 2467 4464 manifestam
2503 4410 2763 4474 iaciebat,
2797 4418 3033 4476 tuncque
3082 4410 3323 4472 tandem,
3363 4418 3420 4463 nt

1869 4504 1983 4572 ipse
2013 4502 2233 4555 llaurus
2259 4515 2378 4555 cum
2408 4501 2663 4553 omnibus
2699 4499 2945 4567 suis,qui
2976 4513 3004 4551 a
3026 4498 3240 4553 Cubero
3269 4500 3419 4567 ejus-

1868 4608 1975 4664 que
2012 4594 2258 4647 exercitu
2295 4592 2531 4654 stabant,
2562 4606 2591 4644 e
2620 4590 2863 4653 civitate,
2889 4604 2999 4657 quo
3041 4588 3375 4643 Cermesiani
3402 4629 3417 4655 ,

1869 4685 1961 4753 qui
2011 4698 2039 4736 e
2089 4680 2299 4734 Sclavis
2350 4679 2471 4747 fuga
2515 4681 2727 4732 evasuri
2783 4688 2987 4739 essent,
3022 4694 3215 4732 secure
3252 4690 3417 4747 atquo

1869 4774 2072 4840 absque
2120 4770 2504 4837 impedimento
2550 4769 2888 4831 advenirent,
2939 4767 3005 4820 ad
3055 4778 3237 4835 partes
3263 4767 3419 4823 Occi-

1870 4864 2118 4918 dentales
2151 4860 2425 4916 secederet
2459 4863 2593 4933 (99),
2619 4864 2710 4926 qui
2746 4862 2959 4915 carabis
2986 4872 3252 4929 praeerat,
3287 4877 3418 4918 con-

1875 4959 2070 5012 stituit.
2100 4959 2277 5025 Atque
2310 4958 2412 5011 boc
2439 4958 2494 5011 in
2521 4965 2662 5011 statu
2684 4971 2779 5025 per
2801 4956 2918 5011 dies
2940 4954 3123 5024 plures
3158 4971 3245 5009 res
3269 4972 3416 5011 man-

1870 5060 2076 5103 serunt.

1946 5140 2070 5195 206.
2126 5140 2254 5195 Post
2318 5139 2432 5193 hec
2500 5147 2674 5192 autem
2733 5152 2856 5192 cum
2916 5138 3168 5205 praedicto
3236 5137 3407 5192 Deum

1862 5274 1979 5327 cide
2018 5290 2108 5327 seu
2140 5274 2337 5329 Euhma
2369 5272 2709 5341 properabat,
2738 5270 3405 5341 certissimeintelligebat.

1863 5344 1935 5395 uti
1975 5346 2171 5411 cuique
2226 5360 2289 5397 es
2350 5344 2414 5397 iis
2468 5340 2585 5411 quae
2619 5341 2685 5393 de
2738 5341 2931 5411 insula
2965 5340 3161 5393 Eubma
3192 5344 3255 5393 ad
3293 5349 3407 5394 not.

1858 5409 2094 5478 praecedi
2122 5415 2329 5474 notavi,
2368 5409 2715 5464 manifestum
2749 5424 2872 5463 esse
2907 5410 3091 5464 debet.

1928 5481 2036 5558 (9‘9)
2094 5481 2165 5535 Ita
2226 5483 2309 5534 hic
2349 5483 2595 5558 _ve_rh_um
2655 5478 3408 5558 παραφοσσεύεινηηιιοάμίη

1859 5548 2025 5603 nullis
2072 5566 2294 5619 prorsus
2348 5551 2537 5603 Iexicis
2571 5548 2815 5602 invenire
2854 5548 3023 5609 licuit,
3078 5548 3407 5619 interpreta-

1854 5628 1939 5671 tus
1968 5613 2110 5685 sum,
2148 5621 2616 5688 signiﬁcationem,
2651 5631 2812 5686 quam
2856 5629 3049 5670 sensus
3077 5617 3289 5683 exigere
3318 5613 3403 5668 vl-

1854 5689 2095 5752 debatur,
2153 5692 2224 5745 illi
2258 5690 2581 5743 attribucns.
