4206 6438
791 323 925 384 1399

2068 326 2704 390 SUPPLEMENTUM.

3873 336 4005 397 ιιυο

2013 580 2746 779 ANALECTA

776 911 865 969 De
907 917 1235 986 unguento
1271 926 1384 968 seu
1421 908 1565 968 oleo
1594 924 1629 967 θ
1665 909 1726 966 5.
1764 907 2060 966 Demetrii
2097 905 2348 965 tumulo
2383 906 2748 984 prodigiose
2802 911 3189 972 scaturieute
3235 914 3514 991 aliisque
3566 915 3782 976 adhuc
3839 919 4003 992 ejus-

854 1015 992 1072 dem
1042 1014 1248 1072 Sancti
1299 1011 1644 1077 miraculis.
1710 1010 1929 1086 partim
1975 1027 2007 1068 e
2070 1008 2484 1083 scriptoribus
2549 1019 2839 1088 typorum
2873 1013 3176 1076 beneficio
3197 1017 3322 1093 jam
3363 1019 3662 1096 vulgatis,
3705 1020 3936 1094 partim
3969 1041 4001 1080 ο

853 1115 1111 1173 Joannis
1153 1113 1454 1173 Stauracii
1495 1129 1563 1172 ac
1588 1113 1885 1171 Demetrii
1919 1110 2314 1187 Chrysolorie
2349 1109 2901 1173 lucubrationibus
2937 1116 3218 1176 nondum
3251 1119 3443 1179 editis
3474 1129 3758 1196 accepta.

780 1466 802 1530 ς
839 1466 873 1526 Ι,
916 1466 1174 1517 Mirm-uin
1198 1510 1210 1525 ,
1244 1483 1434 1518 san-nm
1467 1469 1661 1518 decium
1692 1469 1982 1532 posteriora
2006 1507 2017 1526 ,
2047 1483 2161 1534 qui?
2193 1467 2326 1521 San-
2359 1467 2408 1526 Α
2436 1468 2579 1520 cinio
2599 1465 2978 1519 Thessalonica
3016 1476 3204 1518 contra
3241 1469 3422 1519 omnia
3451 1467 3690 1518 hostium
3717 1468 4000 1520 molimina

844 1548 954 1587 ctus
973 1536 1024 1586 in
1050 1536 1425 1589 Thessalonica:
1455 1539 1678 1603 favorem
1703 1547 1939 1600 patrasse
1967 1548 2233 1588 narratur.

847 1651 894 1702 1.
933 1647 1119 1702 Fuisse
1143 1651 1441 1711 enimvero,
1470 1649 1717 1701 Mauritio
1750 1648 1957 1715 imperii
1988 1647 2212 1701 Romani
2241 1648 2333 1700 lia-

780 1743 944 1792 henas
962 1739 1297 1795 moderante.
1317 1740 1752 1792 Thessalonicam
1777 1739 2083 1806 protligioso
2111 1753 2331 1803 prorsus

780 1828 938 1881 modo
965 1831 1226 1881 adversus
1260 1828 1467 1881 nnitam
1497 1830 1729 1881 Avarum
1764 1829 2099 1894 aliarumque
2133 1825 2328 1878 barbae

777 1926 1010 1974 ricarum
1045 1922 1325 1973 nationum
1360 1921 1461 1971 vim
1495 1937 1520 1969 a
1555 1926 1739 1973 sancto
1773 1919 2062 1984 Demetrio,
2102 1927 2330 1986 patrono

779 2031 898 2075 suo,
924 2013 1224 2074 defensam,
1254 2010 1778 2079 expugnationisqnc
1803 2009 1962 2061 simul
1986 2026 2046 2062 ac
2071 2009 2329 2075 direptio-

781 2110 863 2158 nis
916 2106 1157 2168 periculo
1210 2104 1632 2169 praesentissimo
1691 2110 1966 2167 ereptam,
2044 2101 2324 2159 Joannes.

779 2194 1276 2247 'l'bessalonicensis
1323 2193 1781 2257 archiepiscopus,
1819 2206 1978 2257 supra
2031 2192 2326 2258 smpissinte

782 2289 1054 2348 laudatus,
1087 2287 1175 2351 qni
1221 2285 1297 2337 rei
1341 2293 1506 2351 gestae
1546 2282 1810 2341 interfuit.
1853 2283 2261 2343 miraculorum,
2296 2299 2324 2335 a

782 2389 968 2428 ~ancto
1006 2376 1276 2427 Denwtrio
1309 2385 1667 2442 patratorum.
1713 2372 1806 2425 iib.
1844 2388 1856 2423 ι
1892 2373 2000 2438 jam
2035 2373 2182 2433 datu,
2207 2389 2325 2439 cap.

785 2469 847 2520 15
879 2480 931 2519 et
981 2470 1118 2519 binis
1145 2482 1322 2533 seqq.,
1377 2464 1732 2516 indubitatum
1784 2463 1928 2514 facit.
1977 2466 2150 2530 Atque
2197 2464 2324 2515 illud

782 2561 1020 2623 ιιυίιιι-ιιι,
1048 2560 1121 2610 uti
1153 2572 1214 2611 ex
1249 2556 1552 2618 Aduotatis,
1586 2555 1727 2608 dicto
1759 2555 1921 2621 capiti
1961 2553 2020 2604 l5
2073 2556 2325 2607 snbnexis

784 2654 983 2718 liquet,
1041 2649 1239 2701 saeculo
1289 2655 1438 2700 sexto
1517 2646 1578 2698 ail
1658 2644 1816 2697 finem
1892 2645 2184 2698 inclinante
2229 2660 2323 2697 seu

784 2756 924 2792 anno
959 2740 1058 2792 597
1091 2740 1269 2791 evenit
1292 2753 1306 2797 ;
1331 2736 1495 2788 fuisse
1536 2749 1694 2801 porro
1722 2735 1883 2785 etiam
1917 2732 2162 2785 eamdem
2191 2734 2323 2784 rivi-

2435 1559 2678 1612 stetisset
2714 1559 3054 1620 inconcussa,
3092 1558 3400 1611 mirandum
3439 1573 3602 1626 quam
3635 1557 3874 1610 maxime
3908 1574 4000 1610 ac-

2434 1649 2584 1701 cidit.
2619 1649 2776 1709 Auili,
2816 1649 2909 1716 qui
2958 1658 3263 1716 opportune
3299 1649 3364 1701 al
3405 1649 3721 1700 institutum
3757 1664 3998 1714 praesens

2432 1737 2685 1793 Nico'aus
2719 1740 3022 1807 patriarcha
3060 1742 3176 1793 loco
3218 1755 3380 1807 supra
3413 1739 3503 1792 cit.
3541 1741 3720 1791 verbis
3752 1737 3961 1792 Graecis
3987 1781 4000 1797 ,

2431 1845 2550 1899 quae
2584 1840 2636 1883 et
2665 1832 2714 1882 in
2741 1830 2974 1896 linguam
3009 1829 3254 1882 Latinam
3292 1845 3555 1883 conversa
3591 1829 3764 1883 textui
3814 1828 4003 1881 Graeco

2430 1922 2770 1989 suhjungam.
2807 1921 3076 1988 loquatur.
3130 1920 3262 1982 Ποῖ»,
3301 1922 3494 1989 inquit,
3554 1924 3664 1987 μοὶ,
3718 1924 4000 1989 Δημήτριε

2433 2013 2674 2079 μάρτυς,
2732 2014 2763 2078 ἡ
2828 2013 3093 2080 ἀήττητος
3164 2015 3478 2081 capitalia;
3551 2014 3668 2074 πῶς
3738 2014 3837 2078 τὴν
3906 2015 4003 2078 σὴν

2431 2102 2581 2152 πόλιν
2623 2102 2898 2168 ὑπερεῖδες
2946 2102 3352 2170 πορθςυμένηνς
3415 2103 3530 2161 πῶς
3576 2101 3681 2152 ὑπὸ
3734 2103 3817 2151 συὶ
3854 2101 4004 2151 mit-

2427 2191 2566 2257 ιιύχῳ
2607 2194 2636 2258 ἡ
2683 2189 2895 2259 ἐχθροῖς
2927 2191 3121 2252 ἄϐατος
3169 2190 3259 2256 ἀφ’
3295 2185 3355 2242 οὗ
3387 2192 3575 2258 χρόνω
3612 2190 3822 2256 ταύτην
3851 2191 4004 2256 ἣλιος

2428 2281 2685 2332 ἐθεάσατο
2728 2279 2997 2332 τοσούτων
3027 2281 3208 2331 κακῶν
3250 2282 3330 2340 si;
3368 2284 3561 2346 πεῖραν
3588 2282 3847 2346 ἐγένετθ;
3883 2281 4003 2338 Πῶς

3551 2014 3668 2074 πῶς

2427 2374 2521 2438 τῆς
2577 2371 2689 2422 τῶν
2746 2370 3146 2423 δυσσεϐούντων
3183 2371 3379 2439 copia;
3428 2373 3656 2438 ἡνέσχτιυ
3704 2389 4004 2438 1110910;-

2431 2461 2595 2527 μένης
2621 2463 2717 2528 τῆς
2746 2463 2894 2527 ἱερᾶς
2935 2463 3304 2526 προστασίαςς
3337 2462 3448 2522 πῶς
3491 2463 3795 2528 ὑπέμεινας
3829 2465 4004 2512 ταῦτα

2427 2552 2518 2600 καὶ
2554 2551 3022 2618 διεχλρτέρησαςς
3067 2568 3084 2600 ι
3125 2549 3226 2603 Ubi
3269 2552 3424 2610 mihi,
3462 2549 3696 2602 Demetri
3750 2561 3961 2618 martyr
3987 2591 4001 2611 ,

2428 2640 2625 2692 invicta
2670 2641 2720 2692 in
2768 2641 2907 2694 bello
2938 2642 3107 2693 societ
3125 2635 3209 2693 is?
3248 2639 3348 2704 Qui
3383 2640 3657 2693 civitatem
3712 2649 3894 2702 tuam,
3946 2651 4003 2692 ut

2430 2737 2786 2788 everteretur,
2819 2728 3153 2795 despcxisti?
3189 2728 3278 2796 qui
3313 2728 3414 2781 sub
3461 2737 3511 2781 te
3557 2728 3814 2794 prmsido,
3857 2743 4001 2796 qur,

787 2841 946 2883 tatem
999 2829 1196 2881 seculo
1234 2828 1480 2894 septimo,
1529 2841 1650 2876 cum
1683 2823 1846 2884 idem,
1879 2839 2038 2891 quem
2083 2825 2324 2889 proxime
2360 2804 2396 2856 Β
2429 2837 2456 2873 a
2491 2835 2601 2888 quo
2636 2828 2874 2887 tempore
2905 2817 2984 2871 sul
3015 2817 3161 2870 illam
3191 2818 3498 2886 spectavit,
3533 2817 3777 2870 inimicis
3827 2816 4005 2869 l‘m-rat

789 2918 998 2968 iaudavi
1025 2955 1037 2973 .
1066 2916 1299 2969 Joannes
1328 2913 1864 2968 Tltess:ilouiccnsem
1905 2912 2187 2965 ecclesiam
2216 2911 2323 2976 jam

790 3006 1184 3065 moderaretur,
1227 3015 1387 3072 atque
1435 3002 1611 3056 adhuc
1662 3004 1870 3062 sarius,
1909 3002 2104 3055 smculo
2137 3011 2329 3053 octavo

788 3097 1026 3153 scilicet,
1067 3095 1223 3146 modo
1255 3094 1459 3160 pariter
1498 3106 1718 3158 prorsus
1769 3091 1998 3142 mirabili
2053 3105 2079 3140 a
2129 3091 2329 3141 Sancto

791 3196 975 3238 nostro
1013 3187 1270 3236 adversus
1294 3185 1555 3236 Barbaros
1595 3191 2010 3249 proiingnatam,
2038 3197 2066 3233 e
2099 3189 2330 3248 patrato-

789 3294 904 3329 rum
926 3279 1022 3329 abs
1043 3277 1142 3328 hoc
1164 3274 1545 3328 miraculorum
1574 3273 1660 3324 lib.
1692 3272 2086 3340 n,pariterjam
2111 3273 2254 3332 dato,
2284 3270 2328 3324 si

790 3387 918 3429 non,
964 3368 1105 3436 quod
1141 3368 1300 3432 hujus
1336 3373 1526 3419 auctor
1559 3363 1665 3431 (adi
1694 3363 2154 3416 Commentarium
2191 3378 2330 3430 pra:-

790 3461 939 3510 vinm
978 3473 1126 3509 num.
1155 3455 1246 3520 94)
1287 3455 1443 3507 fidem
1482 3454 1841 3520 undequaquc
1879 3452 2140 3522 integram
2191 3451 2330 3504 haud

796 3558 1099 3609 mereatur,
1143 3545 1366 3598 omnino
1415 3543 1810 3605 indubitatum,
1869 3541 2329 3595 verosimiliimum

792 3639 976 3690 saltem
998 3646 1240 3705 apparet.
1259 3636 1326 3688 Et
1351 3651 1500 3694 vero,
1519 3649 1622 3686 non
1646 3643 1851 3686 tantum
1883 3633 2079 3685 saeculo
2105 3632 2333 3698 septimo

792 3745 853 3782 ac
888 3728 1135 3794 sequenti
1159 3767 1174 3785 ,
1203 3726 1296 3779 sed
1332 3725 1493 3778 etiam
1524 3724 1588 3776 ad
1615 3737 1812 3777 annum
1843 3738 2012 3790 usque
2040 3723 2143 3776 905
2167 3725 2334 3776 'l‘bes-

793 3818 1084 3871 saliinicam
1106 3817 1446 3869 inimicorum
1461 3814 1702 3867 onminm
1722 3813 1946 3880 impetu,
1967 3820 2334 3879 patrocinante

793 3920 978 3962 sancto
1013 3907 1301 3967 Demetrio,
1345 3907 1677 3973 superiorem
1718 3905 2097 3972 permansisse,
2140 3905 2330 3956 variis-

793 4015 896 4067 quc
925 4001 1046 4052 belli
1083 3998 1335 4066 periculis
1365 3997 1532 4048 fuisse
1568 4005 1804 4063 ereptam
1826 4033 1838 4054 .
1872 3994 2110 4048 Joannes
2143 3993 2331 4046 Came-

792 4094 931 4142 niata
959 4105 1121 4157 supra
1154 4090 1329 4139 adhuc
1360 4087 1625 4146 laniatus,
1659 4084 1751 4152 qui
1780 4093 1888 4136 tum
1915 4082 2116 4144 floruit,
2150 4085 2200 4136 in
2231 4099 2325 4136 sua

789 4186 855 4235 «te
895 4181 1292 4234 Thessalonicae
1332 4193 1426 4246 per
1461 4176 1760 4230 Saracenos
1811 4175 2022 4228 excidio
2075 4175 2330 4228 lucubra-

792 4274 958 4330 t‘nne,
985 4286 1048 4322 ac
1074 4268 1322 4322 Nicotaus
1351 4264 1678 4330 patriarcha,
1705 4265 1992 4318 ecclesiam
2021 4263 2333 4319 Constanti-

789 4361 1154 4429 nopolitanam
1199 4369 1327 4412 tunc
1369 4357 1627 4426 temporis
1657 4356 1990 4417 moderatus,
2035 4357 2088 4409 in
2126 4372 2224 4410 sua
2264 4357 2332 4409 de

788 4452 974 4506 eodem
1001 4451 1249 4505 luctuoso
1275 4459 1468 4503 eventu
1506 4447 1752 4502 Monodia
1785 4461 1890 4500 non
1924 4447 2154 4500 obscure
2193 4447 2336 4499 indi-

788 4553 930 4597 Cgtlll.

855 4631 908 4685 2.
953 4629 1150 4682 Verum
1198 4638 1327 4682 tunc
1355 4628 1705 4683 celeberrima
1739 4629 1828 4682 illa
1862 4628 2072 4689 civitas,
2121 4628 2200 4680 uti
2258 4626 2334 4679 rei

787 4721 1036 4772 oculatus
1070 4718 1243 4781 testis,
1273 4735 1431 4786 quem
1458 4719 1652 4772 iterum
1679 4733 1797 4771 mox
1831 4718 2068 4779 laudavi,
2101 4717 2338 4771 Joannes

789 4811 1124 4869 tlameniata.
1143 4826 1171 4863 a
1204 4809 1494 4864 Beitboldo
1520 4808 1746 4863 Nihusio
1779 4825 1920 4863 anno
1947 4807 2079 4862 1653
2101 4807 2337 4861 Colouie

791 4906 1092 4969 Agrippina:
1129 4901 1332 4960 editus.
1374 4916 1668 4970 rursusque
1713 4901 1907 4954 deinde
1954 4915 1983 4953 a
2014 4897 2338 4953 Combeiisio

797 4991 1043 5045 Historia:
1086 4991 1394 5059 Byzantium
1449 5001 1569 5060 post
1611 4989 1996 5058 Theophanem
2051 4990 2339 5056 scriptores

793 5097 931 5133 .‘uno
960 5081 1093 5133 1685
1127 5080 1266 5151 typis
1297 5081 1690 5135 Parisiensibus
1719 5096 1963 5144 recuses,
2002 5080 2158 5132 fidem
2189 5080 2335 5136 facit.

796 5189 814 5222 ι
837 5173 1124 5225 Saracenis
1147 5176 1406 5228 adversus
1424 5173 1657 5227 Leonem
1677 5173 1915 5228 Orientis
1941 5176 2336 5241 imperatorem,

787 5275 1145 5332 cognomento
1187 5261 1535 5330 Sapientem,
1588 5264 1932 5326 bellantibus,
1989 5265 2088 5316 sub
2138 5262 2336 5316 Leonis

789 5353 1094 5423 'l‘ripoliLe,
1145 5355 1448 5420 impiissimi
1496 5365 1784 5423 apostata',
1824 5357 1986 5411 ductu
2035 5365 2336 5425 expugnata

2433 2911 2729 2967 inaccessa.
2767 2911 2832 2960 ad
2871 2919 3021 2962 tanta
3067 2909 3392 2977 experienda
3429 2909 3566 2961 mala
3600 2908 3872 2960 devenit?
3903 2908 4002 2970 Qui

2433 3005 2722 3071 impiorum
2769 3003 2966 3057 fastum
3019 3006 3070 3055 in
3105 3001 3244 3056 εκιςιὶ
3275 3001 3558 3069 patrocinii
3610 3001 4000 3052 contumeliam

2431 3096 2698 3148 exsultare
2730 3095 3074 3148 sustinuisti?
3104 3093 3202 3157 Qui
3242 3095 3355 3145 Inec
3399 3108 3591 3161 passus
3633 3107 3693 3144 es
3740 3102 3908 3156 atque
3937 3092 3999 3142 ad

2431 3195 2728 3238 extremum
2758 3201 2929 3253 usque
2961 3185 3267 3253 pertulisti?
3301 3203 3319 3234 ι
3358 3186 3434 3236 lta
3483 3184 3711 3235 illustris
3758 3185 3875 3244 ille,
3908 3183 3999 3250 qui

2431 3283 2486 3325 ct
2518 3275 2772 3341 mysticus
2797 3273 3240 3340 cognominatur,
3277 3269 3585 3338 patriarcha
3617 3269 4003 3322 Constantino-

2436 3365 2706 3431 politanus
2744 3380 2898 3418 suam
2942 3363 3084 3416 haud
3122 3364 3350 3415 obscure
3395 3362 3461 3413 de
3516 3373 3674 3428 capta
3707 3363 4002 3426 excisaque

2437 3456 2843 3514 Thessalonica.
2878 3470 2998 3508 cum
3032 3453 3097 3507 ad
3148 3470 3301 3507 suam
3345 3468 3514 3521 usque
3542 3463 3762 3506 :etatem
3815 3453 4005 3504 ciiitas

2437 3548 2620 3600 istluec
2655 3547 2858 3614 potenti
2889 3546 3060 3599 saneti
3095 3545 3351 3599 D.-metrii
3383 3545 3686 3625 patrocinio
3727 3553 3844 3595 tuta
3877 3542 4005 3595 fuis-

2435 3649 2534 3699 st-t,
2563 3637 2972 3691 admirationem
3001 3637 3200 3705 plodit,
3231 3651 3352 3699 nec,
3387 3636 3516 3701 quin
3544 3635 3857 3688 communis
3899 3634 4002 3690 ille.

2435 3743 2593 3793 queui
2619 3727 2866 3781 Nicetius
2897 3727 3074 3780 verbis
3097 3727 3238 3778 datis
3267 3725 3540 3792 exprimit,
3570 3723 3858 3775 hominum
3891 3737 4004 3775 oui-

2437 3821 2580 3870 uiuon
2617 3833 2810 3870 sensus
2845 3827 2957 3869 tum
2989 3817 3177 3878 fuerit,
3211 3815 3564 3868 dubitandum
3599 3823 3847 3882 apparet.

2505 3909 2556 3960 ὅ.
2591 3908 2657 3960 At
2693 3923 2818 3962 vero
2846 3923 2944 3961 cur
2981 3907 3304 3970 lientenius,
3341 3907 3454 3973 qui,
3493 3915 3552 3957 ut
3579 3921 3745 3972 supra
3781 3908 3833 3956 in
3861 3905 3996 3959 duo-

2438 4001 2538 4052 bus
2576 4002 2844 4067 prioribus
2878 4001 3257 4053 miraculormn
3303 4001 3418 4069 ejus
3470 3999 3623 4052 libris
3676 4011 3761 4053 rst
3797 4000 3998 4056 mdere,

2437 4105 2587 4144 sua.n
2611 4091 2737 4143 olim
2766 4091 3039 4142 civitatem
3067 4105 3254 4142 t‘0tttt‘a
3281 4089 3652 4142 ferocissimos
3678 4090 3867 4142 hostes
3895 4100 3999 4141 tam

2437 4195 2607 4245 saepe,
2648 4189 2829 4246 totque
2866 4181 3039 4234 modis
3075 4179 3398 4247 ptodigiosis
3435 4179 3669 4232 diversis
3704 4181 3888 4232 fuerat
3920 4190 3999 4232 tu-

2438 4279 2597 4332 tatus,
2623 4287 2650 4323 a
2689 4270 2992 4332 Sat-arenis,
3019 4269 3222 4324 Christi
3258 4269 3528 4330 hostibus,
3551 4279 3664 4320 tum
3699 4273 4000 4337 exitugnazi

2437 4373 2594 4430 atque
2640 4364 2809 4415 everti
2861 4363 3067 4425 siverit,
3103 4362 3209 4415 alta
3251 4361 3364 4421 Dei,
3414 4375 3444 4413 a
3478 4361 3681 4426 quibus
3734 4371 3792 4413 et
3847 4361 4000 4413 nobis

2440 4452 2764 4514 timendum,
2794 4461 2920 4507 sunt
2945 4452 3172 4521 judicia.
3216 4449 3449 4504 Sanctus
3478 4451 3693 4503 interim
3717 4490 3732 4514 ,
3764 4453 3858 4519 qui
3890 4461 3998 4503 tum

2436 4545 2506 4596 ob
2538 4545 2906 4612 cujuscunque
2935 4542 3144 4609 generis
3178 4541 3435 4593 miracula
3457 4582 3471 4602 ,
3523 4556 3719 4609 magno
3769 4557 4000 4593 nume-ru

2439 4644 2665 4704 patrata.
2705 4644 2820 4688 tum
2853 4633 3088 4686 maxime
3119 4632 3190 4685 ob
3217 4630 3663 4686 Thessalonicam
3690 4631 4000 4698 prodigiuse

2438 4739 2628 4779 contra
2677 4725 2858 4778 hostes
2899 4724 3017 4792 plus
3053 4724 3216 4776 semel
3265 4733 3533 4776 servatam
3582 4723 3998 4790 gloriosissimis

2442 4817 2616 4884 magni
2655 4815 2906 4885 martyris
2941 4829 3000 4866 ac
3031 4814 3393 4879 thaumaturgi
3419 4853 3434 4874 ,
3469 4814 3698 4881 aliisque
3749 4813 3804 4864 in
3838 4829 3996 4880 s-Ip:a

2439 4908 2563 4960 data
2606 4906 2830 4960 Joannis
2861 4905 3395 4965 Thessalonicensis,
3441 4905 3854 4972 scriplorisquc,
3908 4906 3992 4970 qui

2439 4995 2697 5049 Joannem
2713 4996 3064 5053 continuavit,
3096 4993 3349 5063 anonymi
3385 4993 3764 5045 lucubratione
3779 5006 3994 5056 expres-

2441 5087 2516 5140 sis
2551 5085 2721 5140 titulis
2750 5085 3140 5139 condecoratus
3185 5083 3383 5152 passim
3428 5097 3457 5136 a
3489 5082 3693 5136 Grmcis
3721 5084 3852 5134 obm
3888 5082 3994 5148 jam

2444 5181 2634 5236 fuerat.
2670 5191 2822 5230 suam
2846 5177 2988 5229 illam
3012 5176 3282 5228 civitatem
3321 5175 3720 5235 natalem,cnm
3754 5174 3824 5226 ab
3847 5175 3992 5224 illato

2444 5283 2536 5334 per
2565 5266 2868 5320 Saracenos
2893 5263 3106 5318 excidio
3130 5267 3474 5324 surrexisset,
3507 5263 3829 5330 clademque
3864 5278 3996 5328 pne-

2447 5360 2659 5410 teritam
2717 5365 3054 5423 reparasset,
3093 5371 3192 5408 suo
3245 5356 3439 5407 iterum
3486 5355 3691 5407 auxilio
3741 5355 3996 5407 adversus

788 5445 909 5506 luit.
940 5446 1366 5514 fcedissimequo,
1405 5447 1593 5500 incolis
1617 5448 1778 5499 etiam
1813 5462 2006 5516 magno
2034 5461 2259 5498 numero
2283 5447 2336 5500 in
2368 5450 2414 5509 υ
2449 5449 2695 5501 inimicos
2741 5447 3051 5515 prodigiose
3098 5446 3198 5498 fuit
3248 5455 3472 5506 tutatus,
3525 5445 3651 5496 licet
3701 5446 3917 5496 tandem
3966 5461 3990 5495 a

785 5540 1150 5606 captiVitatem
1184 5540 1453 5603 abductis,
1484 5540 1688 5607 direpta
1724 5553 1886 5606 atque
1928 5524 2130 5594 excisa.
2164 5545 2336 5608 Atque

790 5633 887 5682 huc
917 5630 1166 5700 quidem,
1199 5632 1344 5700 quod
1391 5632 1455 5685 ad
1512 5632 1640 5686 illttd
1696 5646 1866 5701 usque
1907 5640 2116 5700 tempus
2162 5631 2331 5686 sancti

789 5719 1064 5788 Ilotnetrii,
1092 5723 1167 5777 uti
1191 5723 1438 5778 omnibus
1473 5724 1670 5794 passim
1700 5735 1807 5780 erat
1846 5722 2129 5783 creditum,
2155 5734 2334 5790 pa'ro-

2447 5536 2640 5592 Turcis
2671 5537 2837 5602 illam,
2868 5552 2985 5604 qum
3014 5536 3114 5588 alta
3149 5537 3348 5589 iterum
3385 5535 3868 5599 inscrulabiliaque
3910 5536 3989 5586 lli-t

2446 5640 2568 5685 sunt
2589 5628 2813 5698 judicia,
2847 5642 2989 5681 anno
3025 5626 3156 5680 “39
3191 5626 3509 5696 expugnari,
3544 5626 3808 5691 ﬁrmaque
3844 5628 3988 5678 dein—

2447 5737 2572 5789 erps
2608 5719 2970 5787 po~scssionc,
3000 5717 3064 5771 ad
3100 5719 3239 5772 lnmc
3267 5717 3428 5772 etiam
3459 5731 3633 5785 usque
3651 5717 3791 5770 diem
3823 5728 3987 5783 perse-
