4206 6438
329 414 460 480 “Oi

1349 424 1408 484 S.
1453 421 1828 484 DEMETBII
1876 422 2268 485 MARTYRIS
2309 426 2516 485 ACTA.

3399 415 3541 480 “0‘3

322 539 565 591 \crxnte,
611 530 781 582 teneri
809 528 1889 597 permiserit.Cedrenusinibistoriarurn
1926 538 1963 586 Α
1997 548 2105 599 quo
2137 532 2351 597 Bulgari
2378 573 2390 595 ,
2430 539 2624 585 sancto
2658 531 2932 585 Demetrio
2961 526 3547 583 Thessalonicensibus

320 620 677 685 Compendio,
707 635 830 673 cum
874 623 941 675 de
998 622 1161 674 rebus
1202 622 1303 676 sub
1334 621 1590 676 llieiraele
1625 621 1689 674 ιν
1723 623 1890 693 gestis

323 719 541 774 tractat,
574 713 852 779 sequentia
886 712 1065 781 prodit
1100 712 1377 766 memoria:
1408 731 1423 765 :
1454 730 1473 763 ι
1508 714 1664 767 Anno
1702 713 1885 776 munli

330 821 377 858 se
390 805 503 855 sies
527 802 816 856 millesimo
828 804 1270 872 quingentesimo
1287 804 1703 872 quadragesimo
1721 820 1887 867 nono,

328 894 623 947 indictione
672 906 841 947 nona.
893 910 1077 947 mense
1110 894 1433 962 Septembri,
1466 894 1761 950 Alusianus
1793 912 1889 963 pa-

324 985 519 1038 tricius
561 994 612 1037 ct
655 985 1113 1054 'l'hcodosiopolis
1143 985 1448 1054 prmfcctus,
1481 986 1752 1039 secundus
1782 985 1888 1036 Aa-

324 1077 476 1130 rouis
505 1076 701 1143 (fuerat
757 1076 846 1130 hic
888 1075 1158 1131 Samuelis
1212 1078 1567 1147 Bulgarorum
1617 1080 1886 1148 quondam

325 1169 466 1236 regis
498 1167 683 1234 frater)
731 1170 873 1224 filius
904 1170 1083 1224 subito
1112 1186 1176 1223 ex
1211 1174 1345 1223 urbe
1393 1171 1884 1240 (Constantinopoli

327 1262 546 1327 nempe)
577 1260 859 1328 profugus,
890 1262 954 1313 ad
988 1262 1279 1316 Deleanum
1316 1264 1451 1327 (erat
1486 1263 1532 1316 is
1557 1279 1585 1315 a
1622 1263 1884 1331 Bulgaris,

327 1366 464 1416 qrros
492 1351 556 1403 ad
606 1352 965 1405 delicicndum
1000 1367 1028 1405 a
1055 1352 1256 1407 Graecis
1281 1356 1592 1409 concitarat.
1624 1353 1678 1406 in
1709 1369 1883 1423 rr-gcm

325 1453 561 1509 assuran
574 1459 603 1493 ιι
619 1442 657 1510 ν)
692 1457 749 1495 se
776 1444 1027 1496 contulit.

396 1530 448 1581 Α.
487 1550 504 1580 ι
542 1532 673 1583 Cum
710 1532 854 1585 enirn
889 1533 1170 1601 injustitia:
1193 1542 1481 1588 accusatus
1513 1543 1679 1594 esset,
1713 1534 1883 1601 prius-

326 1633 484 1683 quam
515 1619 580 1670 de
607 1635 768 1672 causa
793 1630 1230 1689 cognosceretur,
1251 1622 1488 1677 Joannes
1518 1625 1884 1691 (imperatoris

327 1710 592 1775 minister)
624 1711 687 1764 ab
714 1727 776 1762 eo
802 1726 1049 1780 exegerat
1073 1714 1191 1767 auri
1224 1714 1388 1767 libras
1414 1728 1467 1775 ι..
1501 1714 1882 1782 adcureratquc

327 1802 373 1852 ci
408 1802 689 1854 mulierem
730 1803 1193 1870 clegantissimarn
1220 1843 1234 1865 .
1275 1820 1435 1873 quam
1486 1806 1538 1857 in
1586 1805 1882 1858 Clrarsiauo

330 1890 588 1955 habebat;
625 1908 856 1959 errmqrre
892 1895 1076 1946 nrultis
1114 1894 1254 1962 apud
1291 1896 1669 1964 imperatorem
1715 1895 1885 1963 preci-

328 1981 425 2033 Irus
462 2000 563 2034 non
598 1984 945 2042 obtinuisset.
980 1995 1035 2038 ut
1066 1987 1148 2039 sui
1185 1988 1473 2041 haberetur
1503 1988 1663 2053 ratio,
1695 1990 1883 2054 despe-

330 2074 459 2124 ratis
488 2075 601 2125 suis
635 2074 817 2139 rebus,
842 2079 1097 2128 Armenio
1126 2078 1308 2131 habitu
1342 2089 1578 2147 sutupto,
1602 2080 1886 2130 simulans-

326 2175 451 2226 que,
501 2178 557 2215 se
593 2163 776 2216 Basilii
824 2164 1167 2219 Theodorani
1218 2166 1477 2220 fanrulurrr
1527 2184 1666 2231 esse,
1723 2150 1885 2231 atque

328 2249 770 2307 Thessalonicam
805 2256 870 2309 ad
905 2257 1289 2324 imperatorem
1325 2261 1423 2322 ire,
1460 2260 1598 2312 clam
1632 2261 1885 2313 omnibus

330 2343 563 2410 aufugit,
592 2344 995 2414 Ostroburnque
1027 2351 1289 2414 pervenit,
1326 2351 1414 2401 ubi
1446 2360 1555 2402 turn
1589 2366 1709 2402 curn
1738 2349 1882 2402 omri

330 2438 568 2490 exercitu
595 2448 770 2491 castra
804 2438 1065 2494 Deleanus
1098 2442 1345 2495 habebat.
1369 2442 1556 2511 Magna
1590 2443 1734 2495 hunc.
1759 2458 1882 2495 cum

328 2526 513 2579 1.ριίιὶ;ι
568 2530 775 2596 accepit
828 2528 1115 2589 Delcauus.
1168 2543 1436 2596 metuens,
1479 2550 1545 2587 ne
1589 2534 1653 2588 ad
1708 2536 1882 2603 ipsum

332 2634 363 2685 p
388 2620 511 2669 .tius
531 2620 852 2674 inclinarent
873 2620 1109 2687 Bulgari,
1132 2633 1187 2673 ut
1216 2624 1362 2691 regio
1396 2626 1658 2689 sanguine
1680 2634 1883 2686 uatum,

329 2717 661 2770 Consortern,
720 2720 778 2763 ut
812 2725 921 2777 pne
965 2725 1021 2763 se
1058 2710 1286 2773 ferebat,
1324 2711 1531 2779 imperii
1578 2714 1787 2775 ascivit,
1823 2729 1884 2766 ae

330 2814 451 2848 cum
480 2800 719 2852 exercitu
748 2802 1098 2869 quadraginta
1129 2804 1354 2856 millium
1380 2805 1443 2856 ad
1470 2806 1881 2871 oppugnandam

331 2889 764 2943 Thessalonicam
791 2892 955 2949 misit.
978 2894 1063 2945 cui
1091 2904 1217 2946 tunc
1248 2905 1473 2961 pra-erat
1498 2897 1883 2949 Constantinus

330 2981 606 3046 patricius,
639 2982 898 3049 patruelis
942 2983 1307 3049 imperatoris.
1341 2985 1417 3038 Eo
1452 2985 1727 3052 profr'ctus
1760 2990 1885 3040 Alu-

330 3070 516 3122 siarrns
562 3073 750 3123 urbem
802 3072 942 3124 vallo
994 3073 1159 3139 cingit
1212 3089 1273 3126 ac
1326 3075 1595 3130 machinis
1656 3077 1886 3133 admotis

1992 624 2186 690 prmire
2218 640 2280 676 ac
2310 638 2407 689 pro
2449 625 2583 675 urbe
2614 622 2894 675 decertare
2924 621 3102 688 palam
3126 626 3445 683 conspecto,
3479 617 3546 668 ab

1944 786 1948 788 _
1989 713 2272 766 obsidione
2310 713 2780 766 Thessalonicensi
2817 712 2953 779 pulsi
2999 719 3165 778 atque
3218 708 3270 759 in
3322 706 3499 767 fugant
3530 745 3544 766 ,

1991 818 2182 869 magna
2230 804 2369 855 edita
2420 819 2641 855 suorum
2686 813 2889 869 strage,
2931 799 3187 866 coniecti,
3225 812 3255 850 a
3300 796 3548 850 Cedreno

1992 901 2308 953 narrantur,
2338 892 2639 959 prodigium
2666 890 2776 956 jam
2808 898 3036 955 spectat,
3059 886 3322 949 Zonaras,
3357 886 3409 937 in
3438 890 3547 937 An-

1993 984 2202 1035 nalibus
2236 984 2302 1033 de
2338 983 2597 1033 Alusiauo
2626 981 2826 1049 pariter
2856 980 3235 1045 Bulgarisque,
3262 978 3378 1042 qui,
3408 975 3551 1028 duce

1992 1072 2248 1135 Delearm,
2274 1072 2585 1126 Grmcorum
2615 1073 2801 1141 jugum
2829 1108 2844 1132 ,
2880 1085 2907 1121 a
2944 1069 3143 1121 Basilio
3187 1068 3368 1123 tertio.
3418 1066 3546 1117 fiui-

1991 1164 2261 1232 garoctorri
2297 1177 2594 1231 cognomen
2622 1170 2904 1229 propterea
2947 1160 3167 1226 adepto,
3204 1158 3314 1225 jam
3346 1157 3413 1208 ab
3446 1157 3543 1205 ali-

1989 1269 2097 1313 quo
2126 1264 2367 1319 tempore
2399 1252 2501 1305 sibi
2534 1250 2849 1317 impositum
2875 1288 2887 1308 ,
2924 1248 3027 1300 sub
3068 1263 3270 1299 amrnru
3321 1244 3543 1298 circiter

1995 1346 2124 1397 l0i0
2151 1358 2466 1398 excussere.
2505 1342 2556 1395 in
2601 1341 2860 1393 Michaele
2890 1349 3088 1407 qrrarto
3118 1342 3427 1391 scrruoneerr‘
3466 1335 3548 1411 in-

1988 1435 2165 1487 stituit
2197 1450 2294 1485 nec
2320 1443 2498 1485 tarrrerr
2537 1431 2795 1500 prodigii,
2828 1445 2937 1497 quo
2969 1430 3260 1497 Alusiaaus
3291 1427 3359 1479 ab
3395 1426 3546 1479 obsi—

1987 1528 2147 1579 dione
2178 1526 2678 1585 Thcssaloniceusi,
2714 1525 2921 1578 civitati
2971 1540 3081 1575 siue
3128 1537 3286 1589 opem
3343 1519 3547 1573 ferr-nte

1989 1626 2178 1669 sancto
2216 1617 2508 1676 Demetrio,
2545 1616 2797 1667 recedere
2841 1614 3002 1665 fur-rit
3031 1612 3368 1680 compulsus,
3400 1627 3546 1662 "1"“-

1988 1710 2185 1760 tiouern
2222 1709 2299 1760 vel
2335 1708 2495 1759 verbo
2534 1705 2679 1759 facit.
2716 1704 2911 1758 Verum
2966 1720 3086 1756 crrru
3128 1706 3170 1756 is
3203 1703 3438 1768 scriptor
3482 1716 3548 1753 uo

1988 1800 2351 1867 expeditionis
2383 1800 2624 1865 quidem,
2670 1798 2737 1850 ah
2772 1799 3039 1850 Alusiauo
3087 1805 3275 1846 contra
3317 1791 3549 1844 The-na-

1989 1891 2222 1944 loniram
2252 1900 2542 1956 suscepta,
2583 1890 2917 1951 meminerit,
2949 1887 3267 1954 laetumque.
3300 1883 3545 1953 proinde,

1988 1999 2092 2050 quo
2122 1982 2259 2034 felici
2297 1981 2396 2032 ista
2434 1996 2694 2033 successu
2720 1979 2883 2032 fuerit
2913 1978 3199 2033 frustrata,
3227 1974 3543 2027 miraculum

1987 2088 2421 2127 commemorare
2453 2079 2760 2139 opportune
2800 2069 2939 2121 haud
2986 2068 3243 2134 pctuer'it,
3276 2081 3380 2118 non
3427 2073 3543 2125 est,

1987 2181 2085 2214 cur
2128 2163 2269 2215 illius
2310 2163 2376 2213 de
2428 2162 2528 2214 hoc
2560 2162 2836 2213 silcntium
2880 2160 3076 2210 mirum
3113 2159 3398 2209 admodum
3431 2157 3547 2209 cui-

1993 2271 2154 2323 quam
2192 2256 2424 2306 accidat.
2466 2255 2532 2306 At
2571 2270 2696 2305 vero
2733 2254 2833 2304 crit
2884 2251 3155 2309 fortassis,
3192 2250 3285 2318 qui
3321 2250 3542 2309 saltem,

1987 2346 2123 2397 idern
2160 2346 2477 2397 miraculum
2517 2347 2734 2397 silentio
2757 2345 2915 2395 etiam
2952 2342 3026 2395 aJ
3054 2358 3210 2393 ranne
3233 2341 3543 2401 Stauracio,

1988 2447 2041 2488 ιιι
2083 2437 2196 2488 Πιτί
2233 2439 2283 2488 in
2322 2438 2479 2505 Ituth
2516 2452 2682 2501 pcncs
2732 2450 2828 2487 nos
2872 2443 3121 2487 exstante
3169 2434 3544 2485 lucubratione

1985 2528 2278 2595 Comperio,
2315 2528 2600 2595 pnteriri,
2633 2527 2936 2595 mirandum
2974 2527 3141 2592 magis
3168 2525 3459 2576 existimet.
3485 2523 3541 2576 fd

1986 2634 2138 2677 Sane,
2189 2634 2311 2670 curn
2371 2620 2455 2670 hic.
2512 2620 2765 2682 seriptor,
2818 2618 2931 2682 qui,
2984 2615 3440 2682 quemadmodum
3488 2616 3541 2667 in

1985 2710 2390 2763 Commentario
2426 2711 2625 2775 pra-vio
2658 2725 2803 2759 rrrrru.
2842 2709 2908 2759 26
2939 2708 3121 2767 docui,
3159 2706 3353 2759 smculo
3380 2708 3543 2759 tertio

1986 2805 2194 2857 decimo
2231 2802 2431 2863 ﬂoruit,
2468 2812 2676 2870 patrata
2713 2818 2737 2852 a
2770 2811 2960 2855 sancto
2996 2801 3270 2854 Demetrio
3302 2803 3364 2852 ad
3408 2801 3540 2852 illud

1988 2911 2157 2956 usque
2197 2903 2408 2956 tempus
2442 2892 2700 2944 u-iracnia
2742 2891 2945 2954 Omnia,
2992 2902 3085 2943 aut
3119 2893 3308 2945 saltem
3344 2892 3541 2943 horum-

1989 2988 2251 3052 przncipua
2286 2986 2479 3037 litteris
2511 2984 2891 3037 commendare
2941 2985 3276 3051 propositum
3308 2985 3409 3036 sibi
3450 2985 3537 3035 Ira-

1990 3078 2185 3138 bucril,
2224 3084 2477 3143 certeque
2508 3091 2566 3126 ca
2599 3075 2763 3133 inter,
2794 3076 2959 3140 quod,
2995 3091 3155 3140 supra
3211 3092 3238 3125 e
3283 3074 3530 3127 Cr‘dreno

331 3175 541 3213 summa
573 3163 833 3215 industria
863 3175 1158 3233 oppugnat.
1194 3166 1298 3219 Sed
1327 3183 1446 3219 cum
1495 3185 1588 3234 per
1633 3185 1727 3221 sex
1769 3171 1882 3224 dies
1911 3183 1950 3235 C
1988 3168 2233 3220 relaturo.
2274 3180 2415 3217 anno
2445 3180 2507 3217 ex
2540 3165 2701 3218 dictis
2738 3166 2865 3217 lOil
2899 3166 3181 3228 acciderit,
3218 3166 3533 3218 miraculum

330 3251 527 3303 frustra
564 3266 921 3321 oppugnasxet
944 3296 957 3315 ,
988 3258 1220 3323 utr-lique
1254 3260 1535 3323 repulsus,
1569 3274 1661 3327 sp:
1707 3276 1879 3327 esp-u-

328 3344 552 3410 gnandar
586 3346 813 3411 ahjecta,
848 3348 1132 3400 obsidione
1156 3364 1273 3400 eam
1303 3364 1495 3416 capere
1527 3352 1734 3405 statuit.

397 3434 448 3485 5.
480 3454 496 3483 ι
531 3436 791 3501 Oppidani
824 3438 1055 3504 quadarn
1081 3438 1170 3490 die
1194 3439 1256 3489 a-l
1291 3440 1599 3505 sepulcrum
1627 3431 1878 3509 martyris

333 3523 582 3577 Demetrii
632 3540 976 3580 acet-ssr-runt
999 3568 1012 3590 ,
1050 3529 1553 3597 supplicatioueque
1588 3547 1680 3595 per
1713 3542 1876 3584 lotam

330 3622 539 3665 noctem
572 3626 739 3670 tracta
767 3618 958 3684 usique
982 3628 1273 3683 unguento,
1301 3620 1443 3687 quod
1461 3636 1522 3673 ex
1540 3634 1604 3673 eo
1627 3623 1874 3690 sepulcro

330 3706 573 3765 scaturit,
604 3722 711 3759 uno
746 3708 943 3774 impetu
980 3710 1180 3775 apertis
1210 3712 1378 3775 portis
1427 3710 1479 3762 in
1518 3709 1779 3776 Βιιιειιτυδ
1815 3728 1873 3765 se

328 3800 657 3857 emiserunt,
688 3798 943 3851 habentes
976 3815 1157 3851 scr-um
1202 3802 1467 3873 legionem
1504 3800 1875 3868 Magnanime-

331 3902 466 3944 rum.
496 3888 807 3955 Ireslemque
832 3890 1118 3956 improvisa
1151 3891 1504 3959 impressione
1529 3896 1871 3958 pertcrritrrn

331 3978 381 4029 in
439 3977 617 4045 fugam
672 3982 1021 4045 conjecerunt
1047 4020 1062 4040 ,
1100 3985 1313 4034 neruiue
1348 3983 1645 4035 subsistere
1689 3994 1780 4036 aut
1820 4000 1880 4037 se

330 4066 614 4120 defundere
655 4084 803 4120 auso.
844 4070 1038 4122 Ductor
1078 4071 1331 4125 Ronranre
1364 4072 1497 4125 acici
1532 4074 1639 4125 fuit
1676 4083 1877 4142 martyr

331 4158 536 4225 iterque
580 4161 974 4226 eornpl.rnavit;
1031 4163 1171 4229 quod
1220 4164 1434 4230 Bulgari
1480 4166 1677 4233 captivi
1718 4167 1871 4235 jura-

331 4259 511 4297 rucrrto
549 4249 958 4313 conlirrnarnut,
991 4252 1257 4315 rlicentes,
1296 4254 1499 4308 vidisse
1533 4271 1590 4309 se
1614 4258 1867 4324 juvenem

331 4336 585 4403 equitem,
619 4340 711 4400 qui
751 4341 1302 4413 lloruaumqrhalangi
1353 4348 1599 4412 przeiret;
1648 4365 1709 4400 ex
1771 4365 1878 4416 quo

333 4428 472 4494 ignis
502 4430 757 4482 exsiliens
789 4431 1047 4484 adversos
1088 4444 1355 4488 cremaret
1392 4435 1594 4490 hostes.
1621 4436 1877 4493 Cecidere

1983 3257 2119 3308 haud
2157 3257 2396 3307 intimum
2427 3256 2603 3305 locum
2635 3255 2898 3315 obtineat,
2934 3254 3062 3306 rrrilri
3095 3255 3331 3319 ipsirnet,
3358 3263 3414 3305 ut
3443 3268 3539 3303 ve—

1978 3363 2096 3399 rum
2126 3346 2312 3404 fatear,
2341 3346 2535 3395 mirum
2571 3342 2865 3397 adrnodrrrn
2888 3345 3131 3398 obvenit.
3157 3342 3376 3407 Verum,
3406 3344 3537 3410 quid

1978 3438 2020 3489 si
2059 3440 2269 3504 quidem
2295 3478 2307 3499 ,
2348 3435 2415 3487 de
2466 3452 2573 3501 quo
2610 3436 2695 3486 hic
2733 3436 3079 3497 disserimus,
3133 3438 3456 3487 miraculum
3497 3450 3527 3486 a

1980 3528 2183 3579 Joanne
2230 3526 2514 3580 Stauracio
2561 3529 2756 3581 litteris
2794 3528 2955 3580 fuerit
3005 3527 3440 3579 commendatum
3485 3534 3536 3577 ret

1983 3627 2156 3668 tamen
2191 3617 2241 3668 in
2276 3617 2465 3671 Leonis
2502 3618 2677 3670 Allatii
2712 3632 2838 3676 ms.,
2870 3616 3014 3683 quod
3068 3617 3354 3668 nobiscum
3386 3632 3536 3667 corn-

1985 3709 2311 3758 rnrrrdcatum
2352 3710 2403 3758 in
2432 3708 2620 3760 codice
2656 3716 2845 3759 nostro
2875 3706 3023 3775 frus.
3068 3706 3169 3760 l93
3214 3716 3413 3769 exstat,
3467 3707 3535 3759 ab

1981 3800 2407 3850 amanuensibus
2433 3800 2501 3851 sit
2534 3801 2795 3850 omissum
2824 3800 2846 3849 ?

2052 3888 2099 3939 7.
2138 3890 2273 3950 Qaid
2332 3890 2373 3938 si
2421 3890 2583 3940 ctiam
2640 3888 2953 3942 Stauracius
2993 3905 3053 3942 ea
3090 3890 3381 3945 duntaxat.
3414 3904 3534 3958 qua:

1982 3979 2198 4044 scriptis
2225 3980 2470 4029 mandata
2502 3980 2722 4033 invenit.
2746 3978 3006 4030 miracula
3030 3980 3079 4029 in
3102 3978 3531 4032 lucubrationetu

1980 4086 2133 4122 s'raar
2184 4071 2461 4121 inferenda
2496 4071 2712 4120 dzrxcrit
2735 4110 2747 4131 ,
2782 4070 3104 4137 nullumque
3136 4069 3273 4123 forte
3319 4070 3535 4122 fortuna

1982 4161 2265 4226 Sr'riptttttr,
2290 4161 2431 4225 quoi
2465 4160 2696 4211 relatum
2722 4176 2748 4211 a
2771 4160 3016 4213 (Ie.|rcno
3042 4161 3364 4214 miraculum
3389 4178 3537 4214 corrr—

1984 4251 2323 4317 pler'teretur,
2374 4250 2437 4302 ad
2490 4266 2708 4301 mannru
2755 4251 3045 4303 habuerit?
3094 4252 3225 4306 Utut
3258 4253 3362 4313 sit,
3391 4252 3537 4306 dicto

1980 4342 2226 4406 equidem
2265 4341 2527 4408 prodigio,
2559 4342 2701 4407 qrrod
2734 4351 2788 4393 et
2817 4358 2842 4392 a
2872 4338 3081 4395 Joanne
3101 4343 3427 4410 Curopalate
3457 4357 3540 4394 re-

1982 4430 2171 4490 fertur,
2207 4440 2477 4500 rrtcrruquc
2508 4433 2835 4501 sum-agatur
2879 4445 3235 4486 mcrnoratrrrn
3284 4435 3335 4487 in
3372 4435 3537 4487 (30m—

331 4520 557 4587 amplius
604 4521 666 4574 l5
718 4523 950 4576 millibus
1000 4523 1351 4593 Bulgarornur
1380 4568 1395 4593 ,
1431 4530 1687 4597 captique
1732 4530 1872 4584 haud
1910 4528 1953 4581 ο
1982 4525 2244 4575 merrtario
2275 4524 2471 4589 prazvio
2508 4540 2656 4576 num.
2694 4524 2792 4575 l38
2831 4533 2881 4575 et
2921 4522 3060 4575 binis
3106 4538 3257 4592 seqq.
3292 4523 3431 4576 Petri
3487 4537 3540 4577 ct

331 4614 647 4679 pruciorcs;
696 4613 885 4681 reliqui
938 4616 1252 4683 turpissima
1306 4616 1427 4684 fuga
1481 4621 1546 4673 ad
1592 4619 1881 4674 De'eanurn

327 4709 632 4752 evaserunt.
679 4719 696 4750 ι
738 4702 914 4755 Priora
980 4704 1089 4756 hac
1133 4713 1215 4759 est
1268 4705 1459 4760 bellica
1502 4709 1797 4775 expeditio,
1830 4710 1881 4761 iu

326 4802 431 4853 qua
464 4787 655 4840 iterrrrn
700 4798 822 4854 post
870 4803 1142 4859 acceptam
1175 4809 1315 4848 anno
1363 4795 1466 4849 904
1515 4798 1582 4849 ah
1624 4799 1883 4866 Agarenis

325 4877 531 4929 cladem
586 4878 816 4931 mirabili
870 4880 1025 4947 plane
1077 4882 1236 4935 modo
1286 4898 1316 4935 a
1365 4894 1554 4937 sancto
1612 4886 1883 4941 Demetrio

324 4968 721 5021 TltCSMIouiuf.
748 4968 916 5023 fuisse
950 4987 1267 5024 succursum
1315 4984 1588 5030 nar-ratur.
1627 4978 1800 5045 Atque
1836 4978 1881 5032 is

324 5059 539 5126 quidem
569 5070 818 5125 eventus,
851 5077 973 5115 cum
997 5076 1140 5116 anno
1171 5064 1352 5116 ruundi
1389 5080 1567 5120 sextos
1602 5067 1883 5121 millesimo

324 5148 756 5217 quingentesimo
790 5154 1209 5222 quadragesimo
1244 5170 1407 5218 nono,
1442 5156 1514 5208 uti
1558 5155 1715 5220 ejam
1749 5157 1883 5209 rer-i-

324 5236 448 5290 ratis
493 5238 721 5292 Cerlreui
770 5240 947 5294 verbis
983 5242 1323 5311 intelligitur,
1372 5245 1549 5297 locum
1601 5244 1878 5310 habuerit,

326 5343 469 5381 anno
502 5329 701 5384 Cirriin
756 5332 885 5387 1041
938 5336 1094 5387 debet
1144 5335 1364 5399 innecti,
1404 5339 1484 5389 uti
1517 5352 1579 5389 ex
1613 5353 1879 5389 annorrrru

327 5417 485 5482 5508,
550 5435 781 5487 qrrorurrr
846 5423 1031 5476 rrltirno
1089 5423 1297 5478 labente
1351 5424 1631 5479 Christum
1692 5440 1878 5479 natum

327 5508 498 5561 Graeci
533 5520 792 5575 statuunt,
831 5513 970 5567 facta
1004 5515 1072 5568 ab
1102 5517 1261 5576 annis
1290 5516 1452 5577 65w.
1482 5533 1709 5586 qrrorrrrrr
1748 5519 1877 5569 ulti-

328 5614 415 5651 mo
447 5614 508 5651 ex
539 5602 697 5655 dictis
723 5616 1016 5658 memorata
1048 5623 1075 5658 a
1103 5606 1350 5661 Cedrcno
1383 5608 1728 5676 Bulgarorum
1766 5610 1875 5660 cla-

324 5689 417 5739 do-s
442 5692 643 5753 evenit,
675 5695 1028 5749 subduetiouc
1066 5698 1410 5751 manifestum
1449 5699 1646 5753 evadit.

396 5782 443 5831 t3.
486 5780 637 5844 Quod
662 5793 840 5840 autem
876 5789 938 5840 ad
975 5803 1081 5842 rem
1111 5789 1279 5856 ipsam
1308 5806 1400 5845 seu
1434 5792 1614 5860 potius
1641 5792 1871 5861 insigne.

1990 4613 2183 4665 Asanis
2231 4612 2482 4677 fratrrun,
2529 4614 2832 4681 principuur
2880 4612 3260 4681 Brrlgaroruru,
3310 4614 3536 4669 factum.

1991 4701 2054 4755 lli
2106 4703 2273 4764 enim,
2303 4718 2409 4769 quo
2452 4704 2780 4758 contribules
2812 4718 2960 4767 suos,
2991 4705 3083 4772 qui
3130 4713 3250 4772 post
3297 4706 3542 4773 proxime

1988 4808 2018 4845 c
2064 4791 2306 4845 Cedrcno
2351 4794 2576 4846 relatam
2639 4794 3173 4849 Thessalonicensem
3228 4796 3353 4849 anui
3405 4796 3532 4849 lO-ll

1988 4883 2195 4936 cladem
2238 4900 2264 4935 a
2310 4884 2571 4938 Michaele
2602 4895 2794 4953 quarto
2826 4888 3041 4954 penitus
3072 4887 3280 4938 subacti
3317 4887 3539 4941 Crtcco-

1990 4994 2106 5029 rum
2157 4977 2384 5044 imperio
2415 4992 2585 5046 usque
2628 4978 2693 5031 ad
2746 4977 2934 5031 Isaarii
2972 4978 3184 5046 Arrgeli,
3223 4994 3364 5031 anno
3397 4978 3534 5033 H85

1990 5068 2195 5137 imperii
2243 5070 2466 5123 habenis
2510 5073 2743 5139 primrrm
2799 5072 3026 5134 admoti,
3072 5080 3286 5137 tempus
3313 5072 3535 5139 pacifica

1988 5172 2300 5213 manserant
2331 5160 2548 5222 annexi,
2577 5161 2642 5213 ad
2677 5161 3036 5225 deiectionem
3071 5162 3263 5213 iterum
3292 5162 3539 5215 concita-

1988 5259 2128 5312 rent,
2168 5261 2416 5303 sanctum
2448 5250 2779 5304 Demetrium
2800 5292 2815 5312 ,
2840 5250 3229 5303 Thessalonica
3262 5268 3290 5305 a
3318 5251 3535 5305 (inero-

1988 5342 2398 5410 ruurquetutela
2432 5343 2642 5407 relicta,
2665 5345 2718 5417 in
2744 5344 3073 5409 Bulgariam,
3101 5344 3187 5395 cui
3210 5359 3363 5411 opem
3393 5352 3539 5397 esset

1988 5428 2229 5493 laturus,
2258 5433 2615 5487 concessisse.
2647 5432 2878 5485 subdole
2919 5431 3141 5491 tinxere,
3180 5431 3331 5485 falsis
3372 5434 3532 5485 etiam

1988 5519 2244 5587 prodigiis
2271 5522 2395 5575 huic
2419 5537 2519 5575 suo
2550 5531 2857 5574 commento
2904 5521 3058 5573 fidem
3108 5522 3401 5574 conciliare
3438 5537 3531 5573 co-

1989 5612 2135 5673 uati;
2174 5613 2222 5663 id
2268 5622 2446 5665 autem
2482 5613 2590 5665 duo
2640 5613 2845 5681 prmfari
2880 5612 3153 5681 principes
3187 5613 3417 5665 maxime
3454 5612 3534 5666 fe-

1988 5704 2126 5755 cisse
2161 5704 2428 5771 videntur.
2469 5706 2545 5755 vel
2581 5706 2744 5772 quod,
2793 5718 2913 5757 cum
2960 5703 3129 5756 cladis
3171 5718 3331 5770 prope
3361 5704 3534 5754 Thr-sa

1987 5793 2277 5845 salurricam
2318 5795 2607 5859 :rrajoribus
2644 5794 2756 5846 suis
2785 5809 2924 5845 anno
2958 5792 3079 5845 ll)“
3119 5809 3146 5845 a
3199 5802 3384 5846 sancto
3431 5792 3531 5848 De-
