4206 6438
280 436 418 501 1405

1321 440 1386 500 S.
1427 439 1799 499 DEMETRII
1834 439 2221 499 MARTYRIS
2246 441 2451 500 ACTA.

3366 435 3503 500 1106

278 552 503 619 θνήσκαι
534 549 745 621 βιαίως,
778 548 951 611 οὕτως
975 550 1004 602 ὀ
1044 549 1227 613 ἄθλιος
1253 554 1352 621 τῆς
1389 556 1595 614 οἰκείας
1630 560 1827 617 κακίας
1857 558 1898 611 Α

1867 558 1898 611 Α
1933 556 2311 607 intestinorum
2346 556 2491 608 illius
2521 556 2780 622 sanguine
2805 571 2834 605 ιι
2883 554 2936 607 in
2987 551 3140 607 mniti
3183 551 3491 621 sanguinis,

275 644 368 695 καὶ
412 642 777 713 ματαιότητος
803 640 1147 712 δρεψάμενος
1190 645 1318 707 τοὺς
1345 648 1610 715 καρποὺς,
1643 649 1832 715 μέχρις

274 734 441 787 αὑτοῦ
480 734 702 804 τρυγιου
740 734 802 787 τὸ
841 736 1000 788 κόνδυ
1047 735 1142 789 τοῦ
1187 735 1364 804 θυμοῦ
1394 736 1620 798 ἐκπιὼν,
1655 741 1836 791 καὶτὸ
1890 802 1891 805 η

273 828 375 892 τῆς
434 825 603 895 ὀργῆς
655 825 864 891 Κυρίου
920 829 1221 895 ποτήριον,
1261 828 1354 879 καὶ
1421 829 1836 896 μεμεθυσμένου

276 918 424 969 ileiou
472 915 633 986 ξυρσιῦ
682 919 763 980 si;
806 920 1001 985 πεῖραν
1047 918 1237 971 item.
1276 918 1627 988 Ἐπαστρὰφη
1671 921 1778 989 γὰρ
1808 920 1837 973 ὁ

276 1007 437 1070 πόνος
487 1008 651 1060 αὐταῦ
704 1012 785 1070 εἰς
836 1010 1077 1081 κεφαλὴν
1131 1010 1316 1073 αὐτοῦ,
1357 1012 1447 1063 καὶ
1476 1013 1569 1064 ἐπὶ
1594 1014 1837 1080 κορυφὴν

280 1098 443 1167 μὲνοή
475 1099 657 1151 domin
687 1099 855 1153 αὐτοῦ
884 1102 1113 1173 κατίδῃ·
1153 1104 1233 1165 εις
1264 1102 1455 1173 βόθρον
1480 1104 1524 1157 δ’
1561 1103 1619 1156 ὃν
1650 1106 1837 1175 εἰργά-

279 1207 433 1251 σατο.
459 1194 737 1255 ximus,
776 1197 872 1248 καὶ
906 1195 1001 1263 μία
1050 1197 1358 1264 μαρτυρικὴ
1396 1195 1541 1264 pou;
1585 1197 1664 1258 si;
1699 1198 1840 1250 ἐκδί-

279 1286 661 1353 κησινῆρκεσε
692 1287 801 1338 τῶν
835 1286 1048 1338 πολλῶν
1080 1286 1288 1339 ἐκείνου
1322 1286 1533 1349 κακῶν,
1568 1291 1661 1342 καὶ
1697 1286 1837 1354 αἷμα

281 1374 459 1443 ιξέχεε
488 1376 693 1428 δίκαιον
723 1376 829 1429 τῶν
859 1377 1110 1444 ἱγκάτων
1141 1376 1308 1431 αὐτοῦ
1346 1377 1558 1432 πολλῶν
1590 1378 1839 1445 αἱμάτων

279 1465 480 1518 ἀδίκων
511 1468 818 1521 ἀντίπῡνον.

357 1602 440 1655 12.
471 1601 547 1656 Εη
584 1620 725 1657 nunc
752 1607 1054 1660 versionem
1081 1606 1363 1661 Latinam:
1389 1607 1555 1662 «Tum
1579 1608 1837 1661 continuo

284 1702 441 1747 nocte
465 1693 787 1763 intempesta
818 1698 1037 1752 ultionis
1058 1714 1169 1753 suae
1194 1699 1429 1767 gladium
1458 1698 1599 1753 Deus
1622 1700 1836 1753 tandem

283 1786 523 1847 strinxit,
577 1796 738 1853 atque
794 1788 843 1840 in
892 1788 1009 1842 zelo
1041 1792 1315 1859 martyris,
1363 1790 1524 1845 veluti
1576 1791 1631 1844 in
1676 1800 1835 1854 cote,

282 1879 516 1930 exacuit.
544 1877 739 1931 Subito
771 1880 934 1947 igitur
961 1890 1147 1934 custos
1173 1897 1295 1935 vere
1321 1881 1467 1950 vigil.
1496 1884 1838 1951 civitatisque
1872 1883 1911 1937 Β

286 1979 480 2022 nostra:
514 1985 711 2035 praeses
746 1986 806 2022 ac
847 1986 1076 2040 magnus
1122 1974 1301 2042 magni
1347 1972 1505 2042 l‘iegis
1543 1974 1695 2027 miles
1734 1975 1838 2029 De-

284 2063 529 2127 metrius,
562 2048 701 2131 equo
731 2066 851 2118 alho
897 2066 1159 2130 insidens,
1194 2067 1544 2135 Bnlgarorum
1582 2069 1695 2137 regi
1744 2085 1838 2139 ap-

286 2164 460 2221 paret.
500 2156 808 2226 miseroque
859 2158 1002 2212 illico
1040 2161 1235 2213 volnus
1269 2161 1465 2214 lethale
1497 2159 1707 2227 inﬂigit:
1743 2160 1839 2215 llic

286 2255 463 2296 antem
530 2246 711 2298 statim
784 2262 1106 2315 magnopere
1157 2249 1461 2302 vociferans
1526 2264 1835 2315 supremum

285 2335 556 2389 exercitus
580 2336 661 2389 sui
694 2336 883 2389 duceni
918 2338 1263 2403 Manastram,
1296 2341 1457 2393 veluti
1500 2341 1746 2393 videlicet
1772 2344 1838 2391 ab

284 2440 348 2478 eo
374 2426 552 2489 laesus,
575 2428 920 2482 inclamabat.
952 2427 1105 2480 iiune
1132 2432 1296 2492 enim,
1320 2431 1409 2497 qui
1435 2432 1721 2498 equitaret,
1746 2446 1835 2497 ge-

284 2531 480 2569 neroso
518 2530 579 2569 ac.
614 2517 754 2578 albo,
779 2504 885 2583 quo
914 2518 1229 2579 vehebatur,
1255 2534 1394 2587 equo
1424 2520 1711 2571 tentorium
1746 2522 1829 2570 in-

286 2620 556 2672 gressum,
595 2608 938 2675 hastamque,
969 2623 1128 2674 quam
1180 2623 1362 2661 Secum
1402 2608 1626 2670 ferebat,
1659 2610 1709 2662 iit
1746 2624 1841 2663 ccr

286 2712 445 2749 suum
482 2696 879 2765 dvmergentem
915 2715 1034 2753 sese
1085 2699 1277 2753 intueri
1332 2700 1705 2761 existimabat;
1742 2701 1838 2752 ιιι·-

287 2799 515 2853 rumque
548 2800 610 2838 ac
658 2800 796 2853 saepe
839 2787 984 2839 illum
1035 2788 1383 2847 inclamabat,
1439 2790 1509 2839 ita
1553 2798 1609 2839 ιιι
1654 2798 1704 2841 et
1757 2790 1838 2841 eis

285 2875 612 2928 clamoribus
641 2879 908 2930 excitatus
942 2879 1185 2946 lectoque
1227 2878 1487 2932 exsiliens
1522 2882 1835 2946 (tentorium

287 2964 428 3018 enim
463 2966 652 3017 eiurat
680 2965 732 3018 in
766 2966 980 3035 vicinia)
1012 2966 1385 3035 ingrederetur
1420 2983 1482 3019 ac
1515 2967 1839 3035 circumspi-

286 3066 454 3121 ceret,
487 3072 652 3127 seque
695 3058 870 3127 ip<um
920 3058 1269 3123 ostenderet,
1319 3076 1379 3113 ac
1424 3062 1513 3128 qui
1546 3059 1625 3113 Tn
1678 3077 1794 3113 mox
1823 3100 1835 3121 .

286 3164 426 3218 equo
454 3158 546 3203 tuo
581 3151 702 3204 albo
737 3152 843 3204 huc
875 3150 1155 3216 advectus,
1192 3151 1344 3205 hasta
1379 3169 1461 3207 ire
1493 3154 1836 3215 interemisti,

288 3242 515 3302 au.iirct.
544 3243 841 3309 timoreque
877 3241 1262 3310 perceiieretur
1288 3258 1349 3297 ac
1383 3244 1583 3296 diceret
1620 3260 1631 3294 :
1658 3242 1733 3296 Ne
1762 3254 1840 3301 tu.

287 3347 406 3393 rex,
436 3333 591 3386 malis
629 3332 820 3386 alienis
841 3331 1096 3387 aiilciaris
1124 3348 1138 3384 :
1168 3335 1351 3402 quieto
1385 3335 1568 3387 animo
1605 3336 1701 3388 sis.
1728 3334 1841 3387 Non

288 3431 373 3477 est
413 3425 486 3485 id,
518 3410 763 3478 nonest.
798 3426 1039 3492 Species,
1074 3440 1182 3479 non
1224 3426 1449 3486 veritas,
1475 3426 1570 3477 tibi
1592 3425 1839 3479 obvenit.

286 3514 403 3578 Ille,
433 3517 585 3583 plaga
621 3514 885 3582 profunde
919 3526 1162 3584 accepta,
1194 3516 1430 3584 graviter
1464 3516 1840 3585 torquebatur,

286 3604 686 3660 vociferabatur
713 3620 777 3661 ac
803 3606 1056 3676 ejulabat.

363 3742 443 3795 l3.
482 3758 501 3792 ι
544 3738 740 3794 Ventre
770 3738 933 3806 igitur
962 3739 1143 3795 statim
1174 3740 1501 3803 lancinatur,
1531 3739 1844 3795 sumcienti-

286 3847 391 3902 que
423 3832 577 3900 copia
612 3832 929 3902 sanguinem
960 3839 1258 3895 recentem,
1291 3840 1350 3885 ut
1386 3832 1481 3885 tibi
1508 3871 1525 3895 ,
1560 3831 1795 3885 Demetri
1824 3871 1839 3892 .

293 3937 393 3992 pro
429 3931 520 3976 tua
553 3923 653 3977 hac
684 3923 903 3977 civitate
939 3924 1280 3978 inimicorum
1314 3925 1576 3991 sanguine
1608 3939 1702 3990 pes
1733 3924 1843 3977 tin-

291 4023 471 4085 gatur,
495 4014 751 4068 deorsum
782 4016 999 4077 emittit,
1027 4015 1250 4083 jamque
1280 4014 1468 4081 incipit
1499 4015 1682 4068 animo
1708 4014 1841 4068 dell-

288 4121 433 4159 cere.
471 4103 595 4159 Hec
620 4120 904 4170 supremus
934 4106 1208 4161 exercitus
1249 4105 1366 4173 ejus
1402 4105 1509 4157 dux
1540 4104 1841 4160 Manastras

290 4196 653 4260 conspicatus,
691 4210 812 4248 cum
848 4210 972 4249 eum
998 4210 1158 4261 quam
1187 4196 1360 4263 potuit
1385 4195 1668 4249 celerrime
1694 4211 1839 4263 equo

289 4289 540 4354 supinum
568 4288 933 4355 imposuisset,
962 4300 1124 4339 cursu
1158 4284 1436 4338 concitato
1460 4285 1617 4355 fugit,
1648 4288 1840 4341 saluti-

289 4396 394 4446 que
411 4379 707 4432 consulens
737 4377 1023 4435 celerrime
1048 4376 1237 4442 pedem
1267 4374 1454 4439 refert,
1486 4392 1700 4445 unaque
1715 4394 1837 4431 cum

290 4474 381 4524 illo
419 4486 481 4524 ac
506 4486 601 4539 per
632 4469 751 4535 eius
781 4470 1089 4520 mandatum
1119 4468 1297 4522 omnis
1325 4482 1387 4522 ea
1421 4468 1698 4522 innumera
1736 4469 1836 4523 mi-

1936 646 2135 714 injuste
2162 646 2337 707 eﬂ'nsi,
2376 660 2590 713 poenam
2624 647 2831 700 eiiuilit.
2867 665 2885 695 ι

2009 739 2095 792 l4.
2128 735 2252 791 llaec
2286 739 2403 791 loco
2438 752 2600 804 supra
2645 737 2813 789 citato
2843 734 3082 789 Joannes
3125 733 3447 787 Stanracins
3479 748 3496 797 ;

1937 847 2123 886 verum
2156 845 2317 891 anne,
2354 831 2429 882 uti
2461 830 2610 882 hisce
2644 828 2829 881 Graece
2861 828 3022 880 simnl
3068 837 3122 879 et
3167 826 3353 878 Latine
3390 827 3499 891 ju-n

1938 924 2177 979 recitatis
2204 923 2383 976 verbis
2415 922 2602 985 tradit,
2632 919 2871 974 Joannes
2901 935 2997 973 seu
3017 915 3345 979 Joannitius,
3380 916 3503 967 lini.

1938 1032 2192 1083 garornm
2222 1030 2337 1077 rex,
2372 1016 2496 1065 dttm
2520 1012 2959 1066 Thessalonicam
2993 1012 3290 1069 obsideret,
3320 1024 3348 1060 a
3381 1023 3501 1060 salt-

1938 1119 2027 1163 cto
2056 1112 2339 1167 Demetrio.
2377 1122 2532 1175 opem
2570 1108 2696 1158 huic
2725 1106 2929 1158 civitati
2964 1120 3078 1157 su:e
3106 1104 3272 1157 natali
3307 1102 3494 1169 prodi-

1939 1204 2089 1270 giose
2119 1200 2344 1260 ferente,
2380 1201 2556 1265 rcipsa
2596 1196 2697 1250 fuit
2735 1195 2991 1249 occisus?
3023 1197 3226 1247 Auctor
3251 1194 3339 1246 ille
3370 1192 3496 1260 qni-

1939 1292 2083 1356 dem,
2115 1292 2568 1358 quemadtnndnm
2592 1291 2643 1343 in
2677 1288 3085 1343 Commentario
3113 1286 3312 1351 pnevio
3341 1299 3493 1351 num.

1937 1383 2007 1438 26
2033 1384 2223 1447 docui,
2255 1384 2451 1436 sarculo
2485 1383 2645 1434 tertio
2684 1380 2897 1433 decimo
2951 1374 3357 1430 verosimillime
3401 1373 3497 1425 ilo-

1941 1479 2072 1541 rnit,
2103 1491 2164 1529 ac
2197 1478 2349 1543 proin
2376 1475 2577 1528 saeculo
2606 1474 2820 1532 eodem,
2859 1487 2967 1539 quo
2990 1470 3274 1527 Joannem,
3299 1466 3495 1533 Bulga-

1939 1584 2123 1622 rorum
2159 1582 2357 1633 regi-tn,
2394 1567 2445 1619 in
2485 1563 2774 1619 obsidione
2808 1559 3279 1615 Tltessalouiccnsi
3314 1558 3493 1609 necari

1939 1673 1969 1711 e
2001 1672 2163 1724 supra
2206 1657 2367 1710 dictis
2413 1654 2677 1721 contigit;
2715 1668 2899 1705 verum
2932 1667 3051 1703 cum
3089 1651 3273 1706 etiam.
3310 1662 3499 1712 quem-

1940 1743 2228 1797 admodum
2262 1741 2398 1795 infra
2424 1742 2654 1798 docebo.
2687 1741 2738 1793 in
2780 1740 2966 1793 codice
2997 1748 3183 1792 nostro
3210 1736 3350 1805 τηις
3398 1736 3495 1787 193

1944 1850 2061 1902 pag.
2085 1834 2153 1887 93
2178 1848 2284 1887 non
2316 1837 2546 1887 obscure
2581 1834 2793 1895 innuat,
2828 1835 2915 1883 diu
2948 1840 3069 1882 ante
3094 1840 3304 1882 aetatem
3339 1842 3492 1879 suam

1943 1924 2141 1978 factum
2172 1938 2293 1977 esse
2327 1924 2400 1985 id,
2430 1924 2573 1988 quod
2595 1922 2933 1977 Emmanueli
2961 1922 3256 1979 Comncno,
3279 1919 3495 1971 Gimco-

1942 2032 2059 2069 rum
2086 2018 2155 2068 ab
2185 2029 2327 2068 anno
2361 2014 2589 2068 “45ml
2637 2030 2838 2067 annum
2888 2027 3056 2080 usque
3097 2012 3229 2065 ll80
3260 2013 3493 2079 impera-

1941 2107 2067 2169 tori,
2102 2122 2130 2158 a
2160 2115 2345 2159 sancto
2378 2106 2647 2159 Demetrio
2676 2108 2964 2161 obvenisse
2992 2146 3006 2169 ,
3042 2106 3237 2157 ibidem
3273 2114 3496 2166 narrat,

1943 2195 2084 2248 haud
2116 2194 2278 2251 citius
2302 2195 2591 2262 equidem,
2642 2210 2803 2263 quam
2850 2197 3039 2247 eodem
3096 2194 3291 2245 seculo
3340 2192 3498 2243 tertio

1941 2286 2151 2339 decimo
2188 2285 2416 2336 ntttlluni
2449 2285 2556 2350 jam
2592 2294 2845 2351 provecto
2890 2284 3143 2335 ﬂoruisse
3185 2282 3395 2333 videtur
3436 2295 3497 2333 ac

1943 2376 2095 2445 proin
2131 2390 2159 2426 a
2192 2372 2416 2427 Joannis
2449 2373 2800 2441 Duigarorum
2838 2373 2981 2439 regis
3015 2387 3167 2433 nece,
3200 2386 3321 2438 qua:
3352 2385 3495 2422 anno

1938 2481 2005 2517 ex
2039 2465 2198 2519 dictis
2225 2463 2359 2517 lim
2397 2465 2595 2523 evenit,
2629 2465 2890 2515 remotius
2924 2463 3187 2522 abfuisse,
3231 2477 3391 2529 quam
3440 2470 3499 2513 ti;

1941 2557 2066 2617 sibi,
2117 2557 2243 2607 dum
2289 2568 2407 2608 eam
2457 2564 2646 2607 sant-to
2697 2553 2966 2606 Demetrio
3016 2553 3303 2614 attribuit,
3341 2551 3496 2605 iidem

1940 2656 2141 2704 certam
2188 2654 2351 2713 atque
2395 2646 2751 2699 indubitatam
2805 2646 3100 2698 conciliare
3134 2656 3315 2712 queat.
3350 2644 3497 2707 Nec,

1940 2742 2038 2793 etsi
2067 2740 2228 2793 etiam
2262 2739 2445 2793 seculi
2485 2739 2614 2791 dicti
2653 2738 2808 2790 initio
2832 2737 3077 2796 dixisset,
3113 2737 3271 2789 aliter
3301 2736 3366 2787 de
3405 2735 3497 2787 illo

1944 2835 2040 2885 hac
2076 2832 2127 2883 in
2168 2847 2226 2884 re
2257 2830 2395 2884 foret
2427 2831 2753 2897 loquendum
2805 2828 3012 2881 Etenim
3055 2827 3341 2889 Joannem,
3367 2826 3491 2879 Bul-

1941 2938 2194 2990 garorttm
2232 2938 2431 2991 regem,
2458 2938 2486 2974 a
2520 2932 2709 2975 sancto
2740 2921 3009 2973 Demetrio
3033 2920 3200 2973 fuisse
3236 2921 3499 2982 occisum,

1943 3029 1970 3065 ι·
2008 3013 2148 3079 vulgi
2176 3014 2434 3088 duntaxat
2467 3013 2604 3064 fatua
2631 3051 2647 3076 ,
2681 3026 2800 3079 quas
2839 3021 2996 3064 aetate
3030 3026 3122 3062 sua
3155 3010 3496 3074 obtinuerit,

1941 3104 2370 3167 verosimillime,
2407 3119 2473 3156 ne
2503 3103 2741 3169 amplius
2785 3103 2912 3168 quid
2949 3102 3123 3155 dicam
3150 3143 3164 3164 ,
3202 3102 3255 3153 in
3290 3102 3499 3155 litteras

1867 3226 1912 3289 Ο
1946 3196 2172 3249 miserit.
2209 3195 2285 3249 ita
2319 3196 2401 3248 vel
2432 3196 2664 3248 maxime
2694 3209 2760 3248 ex
2792 3209 2855 3247 eo
2882 3206 3125 3256 autumo,
3153 3193 3296 3263 quod
3330 3190 3500 3244 Geor-

1944 3288 2063 3354 gius
2096 3288 2427 3354 Acropolita,
2469 3290 2561 3354 qui
2610 3285 2811 3353 pariter
2851 3287 3050 3338 stmulo
3082 3286 3243 3338 tertio
3287 3285 3499 3337 decimo

1945 3379 2149 3441 ﬂoruit,
2189 3380 2395 3449 prmfati
2434 3379 2787 3447 Bulgarorum
2820 3379 2965 3446 regis
3014 3394 3199 3432 necem
3249 3393 3501 3447 supernae

1945 3470 2131 3524 saltem
2162 3471 2345 3523 virtuti
2371 3485 2402 3523 a
2432 3471 2710 3523 nonnullis
2746 3469 2916 3523 fuisse
2943 3470 3289 3531 attributam,
3327 3485 3490 3537 snpra

1945 3565 2050 3615 huc
2080 3562 2419 3629 transcriptis
2453 3562 2631 3615 verbis
2657 3561 2931 3615 memoria
2960 3566 3169 3628 prodat.
3204 3564 3384 3628 itaque
3418 3562 3498 3615 si-

1945 3652 2054 3703 mul
2092 3654 2310 3717 tamam,
2346 3666 2379 3703 a
2403 3652 2678 3705 nonnullis
2712 3651 2841 3714 illis,
2864 3651 2957 3719 qui
2990 3652 3040 3704 id
3067 3650 3261 3716 fecere,
3288 3661 3496 3719 natam,

1943 3739 2184 3794 indicare
2219 3743 2477 3794 videatur.

2012 3827 2101 3883 i5.
2127 3827 2324 3883 Verum
2350 3844 2510 3883 nemo
2541 3845 2645 3883 non
2671 3830 2841 3895 novit,
2867 3846 3026 3899 quam
3053 3846 3193 3899 saepe
3215 3830 3348 3886 falsa
3374 3845 3497 3886 esse

1944 3917 2080 3971 fama
2116 3919 2284 3971 soleat
2307 3958 2323 3982 ,
2358 3921 2590 3973 maxime
2620 3922 2665 3974 si
2696 3922 3004 3975 communis
3036 3922 3180 3974 haud
3212 3922 3312 3985 sit;
3346 3935 3499 3974 com-

1944 4024 2158 4062 munem
2196 4019 2374 4062 autem
2423 4009 2570 4063 illam
2617 4011 2761 4065 haud
2800 4011 3007 4075 fuisse,
3056 4028 3121 4065 ex
3173 4013 3495 4080 Aeropolitze

1940 4104 2120 4157 Verbis
2146 4104 2420 4156 observari
2454 4104 2638 4170 velim,
2677 4104 2939 4174 facileque
2974 4105 3089 4158 ﬁeri
3134 4107 3396 4169 potuisse,
3432 4116 3491 4160 ut

1940 4207 1970 4245 e
1992 4190 2214 4244 Joannis
2240 4193 2383 4259 regis
2412 4195 2645 4258 somnio,
2678 4196 2841 4261 cujus
2872 4196 3011 4248 idem
3053 4196 3369 4263 Acropolita
3397 4197 3496 4250 ibi—

1939 4282 2059 4336 dem
2092 4284 2359 4343 meminit,
2391 4284 2612 4337 sinister
2634 4284 2724 4338 ille
2746 4286 2812 4339 de
2838 4285 2987 4339 iliata
3016 4288 3245 4354 principi
3280 4289 3366 4340 isti
3400 4303 3496 4355 per

1941 4379 2190 4424 sanctum
2220 4370 2545 4424 Demetrium
2580 4387 2714 4425 nece
2749 4387 2935 4427 rmnor
2965 4390 3188 4442 sparsus
3210 4414 3224 4439 ,
3263 4391 3499 4445 moxque

1941 4476 1971 4513 a
1999 4461 2231 4515 credulis
2263 4461 2487 4515 nimium
2532 4462 2683 4532 justo
2726 4464 2942 4518 facilius
2989 4465 3149 4519 fuerit
3176 4469 3451 4523 admissus
3479 4508 3494 4531 ,

290 4563 441 4615 litum
481 4559 787 4619 multitudo.
838 4560 909 4610 ita
952 4556 1291 4619 festinanter,
1313 4572 1376 4611 ac
1408 4558 1452 4611 si
1486 4559 1706 4626 quidam
1750 4573 1834 4613 se-
1867 4556 1911 4610 D
1944 4551 2069 4605 licet
2102 4553 2314 4606 interim
2341 4551 2599 4619 Joannes,
2635 4569 2742 4608 non
2795 4557 3023 4609 violenta
3052 4598 3067 4622 ,
3123 4559 3219 4611 sed
3258 4562 3494 4613 naturali

289 4652 527 4707 cundum
564 4649 799 4703 fabulam
830 4649 1009 4703 Borea:
1038 4648 1131 4701 filii
1162 4662 1256 4702 eos
1285 4649 1719 4716 insequerentur.
1752 4650 1841 4704 'i‘io

293 4760 410 4799 mor
448 4743 590 4797 enim
624 4756 687 4795 ac
719 4749 922 4794 tremor
966 4738 1263 4795 secundum
1313 4754 1506 4793 novam
1552 4741 1836 4808 quamdam

294 4851 471 4889 rerum
508 4832 934 4887 vicissitudinem
971 4830 1127 4885 irruit
1168 4846 1329 4898 super
1364 4845 1479 4885 eos.
1510 4830 1577 4885 At
1624 4846 1755 4886 vero
1788 4831 1837 4883 ci

291 4926 343 4977 in
379 4925 515 4976 vivis
545 4922 635 4976 diu
673 4935 893 4974 manere
923 4920 1063 4973 haud
1094 4920 1327 4989 obtigit,
1361 4922 1457 4976 sed
1507 4924 1619 4989 ipsa
1649 4922 1836 4976 eadem

288 5017 376 5070 die
395 5027 515 5069 ante
535 5014 667 5068 solis
689 5027 966 5075 occasum,
992 5013 1069 5065 uti
1101 5013 1154 5065 in
1175 5012 1418 5068 historiis
1437 5012 1650 5082 legitur.
1675 5014 1838 5069 unius

288 5111 395 5162 diei
436 5106 635 5161 animal
680 5103 911 5158 violenta
965 5113 1135 5157 morte
1174 5104 1469 5157 occumbit.
1526 5102 1600 5157 Ita
1652 5105 1837 5159 miseri

290 5199 355 5253 ad
392 5198 567 5266 ipsum
605 5210 775 5265 usque
822 5193 1048 5249 fundum
1084 5194 1296 5248 Domini
1327 5194 1579 5250 vindicta:
1608 5196 1827 5265 poculo,

292 5284 690 5352 iracundiaque
741 5283 909 5339 calice
965 5282 1273 5345 exhausto,
1332 5290 1492 5352 atque
1543 5282 1839 5337 abundanti

293 5374 569 5430 novacula:
596 5374 792 5428 divinat
818 5373 1191 5441 experimento
1218 5381 1458 5442 sumpto,
1486 5372 1704 5426 malitias
1727 5387 1841 5428 sua

292 5482 355 5519 ac
388 5464 643 5519 vanitatis
678 5463 888 5518 fruetus
923 5463 1162 5534 collegit.
1204 5464 1335 5532 Ejus
1377 5463 1521 5518 enim
1575 5464 1729 5518 labor
1785 5466 1837 5519 in

292 5564 449 5622 caput
477 5555 593 5622 ejus
623 5568 922 5609 convenas
953 5561 1056 5608 est.
1091 5554 1170 5609 Ac
1198 5554 1318 5622 ejus
1344 5553 1561 5623 quidem
1586 5554 1844 5624 iniquitas

292 5662 454 5716 supra
487 5645 743 5701 verticem
772 5643 1091 5709 descendit;
1120 5644 1175 5698 in
1207 5641 1418 5699 loream
1441 5652 1642 5710 suum,
1670 5660 1833 5715 quam

290 5739 439 5801 fecit,
481 5738 714 5798 cecidit.
750 5751 1029 5807 unumque
1059 5737 1314 5808 martyris
1340 5735 1582 5805 jaeulum
1618 5735 1671 5790 in
1704 5738 1839 5790 mul-

295 5843 469 5883 tarum
498 5828 615 5898 ejus
650 5828 991 5899 iniquitatem
1014 5825 1306 5883 vindictam
1328 5824 1566 5890 suffecit,
1581 5825 1834 5896 justeque

1943 4654 2116 4696 morte
2149 4644 2311 4696 vitam
2344 4644 2712 4699 terminasset.
2745 4646 2942 4699 Adbmc
2973 4648 3300 4715 Αιιιιιιιοιὶιο.
3333 4665 3492 4717 quem

1945 4731 2229 4786 Stauracio
2256 4734 2543 4803 suﬂragari
2579 4751 2685 4789 non
2719 4752 2875 4790 nemo
2909 4736 3047 4790 forte
3078 4739 3370 4800 existimet,
3407 4756 3497 4808 ge-

1940 4826 2168 4877 neratint
2205 4826 2464 4878 duntaxat
2490 4827 2658 4880 divini
2688 4825 3066 4899 Nutninisjirx,
3097 4845 3202 4898 qua
3234 4828 3492 4895 Joanne=,

1942 4913 2295 4979 Bulgarorum
2334 4932 2449 4975 res.
2488 4918 2649 4971 fuerit
2677 4928 2904 4973 necatus
2925 4960 2940 4985 ,
2973 4935 3077 4974 non
3117 4930 3296 4975 autem
3330 4925 3491 4976 etiam

1937 5007 2139 5062 diserte
2188 5008 2361 5062 sancti
2400 5008 2651 5062 Demetrii
2704 5013 3034 5064 mentionem
3068 5010 3236 5075 facit,
3275 5027 3376 5067 nec
3408 5014 3492 5066 nl-

1944 5093 2053 5150 lum
2088 5097 2349 5154 hactenus
2378 5108 2517 5154 nota
2543 5098 2663 5153 ﬁdei
2695 5102 3103 5157 anetoritatisve
3148 5104 3488 5170 scriptorem,

1938 5187 2030 5254 qui
2079 5185 2273 5241 Joanni
2309 5188 2598 5242 Stauraeio
2648 5192 3006 5256 assentiatur,
3046 5192 3286 5246 invenire
3316 5192 3486 5261 quivi.

1938 5278 2169 5335 Allatius
2200 5281 2415 5349 quidem
2446 5283 2789 5351 transcriptis
2822 5297 2852 5335 a
2881 5297 3005 5337 sese
3032 5283 3150 5336 loco
3180 5299 3339 5351 supra
3386 5285 3484 5337 eit.

1936 5371 2162 5427 Joannis
2197 5373 2464 5428 Stanracii
2511 5374 2692 5450 verbis
2740 5374 3019 5443 subjungit
3063 5391 3077 5438 ;
3126 5392 3144 5426 t
3201 5374 3255 5427 In
3303 5375 3491 5429 codice

1945 5463 2199 5516 Vaticano
2229 5463 2440 5517 CLXIII
2471 5464 2521 5517 in
2558 5464 2799 5531 margine
2828 5463 3078 5518 Historia!
3103 5465 3376 5519 Cltont'atce
3412 5466 3493 5520 Ie-

1936 5553 2083 5622 gitur
2122 5569 2137 5607 :
2191 5546 2359 5615 υῦεός
2426 5555 2575 5606 ἔστιν
2606 5555 2635 5607 ό
2677 5553 2891 5623 ἀσεϐὴς
2927 5554 3333 5624 Σκυλοῑωάννης
3368 5557 3489 5609 im-

1942 5642 2161 5715 κληθιὶς
2214 5643 2459 5712 ὕστερον,
2521 5642 2581 5696 ὃν
2629 5645 2837 5697 ἀνεῖλεν
2888 5648 2917 5698 ὁ
2968 5646 3142 5715 μέγας
3184 5650 3492 5719 Δημήτριος

1944 5736 2244 5805 πριιὸήλως,
2272 5736 2412 5788 κατὰ
2461 5736 2559 5803 τῆς
2600 5734 2993 5808 Θεσσαλονίκης
3019 5738 3487 5808 ιπιστρατιύααν-

1936 5843 2019 5891 ra,
2074 5826 2149 5889 ὡς
2202 5828 2259 5879 ὲν
2291 5828 2403 5889 τοῖς
2458 5824 2667 5880 ἀκιῐνου
2722 5826 2991 5896 θαύμασιν
3024 5831 3441 5900 ἀναγέγραπται
3472 5847 3489 5864 ο
