4206 6438
228 404 361 468 1409

1242 403 1304 464 S.
1370 402 1746 464 DEMETIUI
1808 401 2197 458 MAIiTYilIS
2254 402 2461 459 ACTA.

3324 404 3459 466 iiii)

219 514 464 567 Zonaras
494 521 549 566 et
581 510 767 580 Lupus
824 510 1213 581 protospatha;
1254 511 1309 564 hi
1356 521 1558 594 autem,
1596 509 1801 578 princi.
1830 522 1870 573 Α
1908 525 2066 561 nemo
2116 512 2372 577 prudens,
2411 523 2671 578 quantum
2718 514 2931 582 opinor,
2982 514 3139 568 fidem
3183 516 3453 583 habuerit,

220 621 338 673 pem
362 604 516 657 illum
546 618 576 655 a
606 599 817 655 Joanne
838 609 1069 668 cognato
1104 615 1232 663 suo,
1264 602 1359 669 qui
1398 600 1452 653 et
1493 600 1783 653 Vladistla-

219 699 322 751 bus
356 694 663 755 dicebatur,
699 693 940 747 occisum
980 692 1168 754 fuisse.
1201 693 1445 747 unanimi
1475 706 1747 746 consensu
1770 734 1783 757 ,

220 788 369 841 nulla
397 799 625 856 prorsus
655 784 830 839 sancti
863 782 1119 839 Demetrii
1159 784 1434 838 mentione
1474 784 1638 847 facta,
1673 800 1787 838 me-
1834 796 1838 798 '

221 879 404 931 muria:
433 880 693 947 produnt.
727 875 1004 931 Cedrenus
1038 878 1092 929 in
1119 873 1480 929 Historiarum
1516 876 1790 929 Parisien-

221 972 296 1024 sis
332 970 458 1023 anni
506 969 642 1023 1647
676 969 931 1025 editionis
981 968 1314 1037 Compendio
1340 1007 1354 1028 .
1405 969 1531 1021 dum
1568 983 1655 1022 res
1687 970 1787 1022 sub

221 1063 423 1117 Basilio
467 1062 755 1117 Macedone
802 1072 983 1131 gestas
1033 1070 1457 1125 commemorat,
1495 1066 1776 1131 sequentia

222 1159 430 1221 istlnec,
453 1170 574 1225 qua
599 1156 663 1210 ad
692 1157 1031 1228 propositum
1055 1167 1301 1209 nostrum
1328 1167 1596 1223 spectant,
1623 1157 1785 1209 verba

222 1248 530 1318 suppeditat
566 1264 578 1299 :
617 1264 635 1299 ι
672 1244 957 1301 Successit
988 1247 1036 1301 ei
1068 1247 1331 1318 (Samueli
1369 1264 1563 1319 nempe
1597 1250 1785 1319 Bulga-

155 1320 160 1327 V
224 1342 318 1395 ria:
352 1341 482 1409 regi)
518 1340 659 1393 filius
691 1339 980 1405 Gabrielis,
1013 1340 1105 1409 qui
1160 1349 1213 1394 et
1257 1339 1534 1395 Romanus
1566 1342 1784 1394 diceba-

224 1442 328 1493 tur,
361 1442 509 1498 patre
538 1430 811 1482 robustior
850 1430 962 1493 ille,
992 1431 1083 1483 sed
1120 1429 1410 1498 prudentia
1454 1432 1609 1500 longe
1642 1432 1782 1485 infe-

226 1523 358 1584 rior,
393 1534 550 1576 natus
580 1522 791 1588 captiva
831 1523 1065 1590 quadam
1102 1518 1386 1575 Larissaea.
1420 1520 1545 1575 iniit
1574 1523 1781 1575 decima

222 1614 404 1680 quinta
437 1612 802 1679 Septembris,
840 1613 1138 1666 indictione
1170 1612 1377 1665 decima
1412 1614 1601 1678 tertia,
1632 1628 1783 1665 cum-

224 1722 331 1773 que
358 1706 595 1759 nondum
621 1705 889 1774 integrum
925 1706 1251 1774 imperasset
1284 1721 1508 1769 annum,
1536 1714 1781 1758 venatum

222 1797 409 1850 exiens
442 1797 765 1850 interlicitur
794 1811 825 1849 a
852 1796 1061 1850 Joanne
1082 1836 1098 1861 ,
1141 1798 1234 1867 qui
1266 1806 1321 1851 et
1351 1795 1778 1859 Vladisthlabns,

1894 604 2126 656 maxime
2154 617 2277 655 cum
2322 618 2350 654 a
2387 602 2690 667 Ratlomiri,
2720 607 2842 661 aliis
2872 605 3139 661 Gabrielis
3167 617 3261 661 aut
3290 612 3451 663 etiam

1895 692 2143 757 lioinani,
2191 702 2354 747 :etate
2407 709 2503 749 seu
2558 697 2740 749 saeculi
2792 698 3060 751 undecimi
3117 699 3292 762 initio,
3343 716 3452 767 quo

1890 786 2194 852 principem
2234 786 2376 839 hunc
2430 787 2613 840 necari
2664 788 2917 855 contigit,
2945 789 3308 843 ducentorum
3345 794 3450 843 cir-

1889 881 2023 929 citer
2067 893 2333 931 annorum
2380 879 2577 946 spatio,
2635 881 2711 933 uti
2757 896 2822 933 ex
2881 881 2947 933 iis
3009 896 3129 948 qua»
3162 884 3227 936 de
3260 884 3350 936 il'o
3396 884 3450 935 in

1888 970 2291 1024 Commentario
2318 974 2539 1037 przevio,
2566 989 2718 1028 num.
2748 973 2836 1037 26,
2868 974 2919 1025 in
2953 974 3185 1027 medium
3217 977 3449 1037 adduxi,

1888 1070 2061 1132 palam
2111 1074 2217 1128 est,
2266 1074 2509 1118 remotus
2566 1068 2759 1120 vixerit
2812 1069 3133 1137 nullumque
3188 1081 3447 1139 praetcrea

1889 1172 2210 1225 ςιιιιριοι-ειιι
2245 1157 2410 1208 alium
2443 1172 2538 1211 seu
2575 1160 2937 1226 antiquiorem
2976 1177 3070 1215 seu
3100 1162 3262 1215 etiam
3308 1164 3450 1217 dnu-

1890 1257 2034 1299 taxat
2086 1250 2438 1301 recentiorem
2492 1249 2595 1303 sibi
2648 1250 3031 1320 Stiil‘ragantem
3080 1253 3317 1317 habeat,
3372 1258 3448 1306 uti

1887 1356 2138 1409 quisque,
2166 1342 2256 1408 qui
2290 1356 2401 1393 rem
2431 1342 2777 1403 examinarit,
2811 1345 3132 1408 comperiet.
3316 1339 3322 1345 ’
3413 1407 3415 1409 ι

1956 1432 2045 1485 Sil.
2080 1431 2428 1486 Radomirum
2472 1449 2634 1501 porro
2667 1435 2718 1486 in
2759 1436 2937 1487 medio
2972 1440 3273 1500 montium,
3321 1442 3449 1491 dum

1887 1525 2158 1576 venationi
2182 1539 2403 1591 operam
2430 1525 2608 1583 daret,
2639 1525 2805 1579 fuisse
2830 1530 3098 1589 occisum,
3126 1529 3267 1581 idem
3294 1530 3455 1583 Stan-

1890 1614 2066 1665 Iacins
2112 1612 2165 1664 in
2215 1615 2524 1665 narratione
2574 1628 2694 1675 sua,
2726 1614 2909 1667 Grece
2956 1616 3117 1667 simul
3167 1626 3215 1669 el
3252 1614 3451 1669 Latino

1886 1718 2048 1769 supra
2094 1704 2355 1765 exhibita,
2386 1704 2551 1758 etiam
2598 1704 2859 1769 aiiirmat;
2907 1706 2957 1758 id
2999 1718 3177 1761 autem
3228 1709 3451 1764 minus.

1888 1812 2046 1863 quam
2083 1813 2193 1849 rem
2220 1814 2247 1850 a
2280 1798 2483 1852 Sancto
2512 1809 2700 1852 nostro
2731 1799 2901 1853 fuisse
2929 1810 3223 1867 patratam,
3256 1815 3283 1853 a
3314 1816 3454 1854 vert-

223 1892 334 1943 lilio
362 1892 614 1954 Aaronis,
648 1907 811 1960 quem
849 1892 964 1961 ipse
997 1894 1115 1946 neci
1151 1864 1447 1962 aliquando
1493 1893 1785 1947 subtraxe-
1817 1864 1858 1919 Β
1893 1898 2001 1941 tate
2035 1890 2310 1951 abhorret,
2339 1892 2463 1945 licet
2498 1892 2715 1945 interim
2743 1864 3007 1957 Cedreno,
3034 1896 3124 1961 qui
3160 1894 3307 1946 illum
3333 1894 3450 1944 Bul-

224 1995 357 2037 ratJ
388 1986 463 2036 Ac
492 1985 655 2053 paulo
683 1994 803 2049 post
833 1985 973 2037 idem
1013 1993 1193 2036 auctet
1235 1985 1307 2036 ita
1334 1983 1525 2036 iterum
1556 1984 1745 2036 scribit
1770 2003 1783 2037 :

227 2091 246 2123 ι
276 2074 475 2141 Quinta
508 2077 595 2129 die
628 2075 1030 2129 Cheirotmetns
1069 2074 1345 2129 Romanus
1392 2074 1481 2141 (ad
1515 2074 1776 2128 Basiliam

224 2170 602 2235 imperatorem
636 2166 969 2237 Mosynopoli
1001 2166 1333 2233 versantem)
1362 2169 1527 2230 venit,
1555 2159 1785 2220 famulos

222 2276 410 2316 secum
445 2260 721 2314 adducens
750 2258 978 2313 Joannis
1010 2258 1388 2322 Vladistblabi,
1411 2259 1643 2313 Aarouis
1672 2259 1785 2322 filii,

223 2361 278 2406 et
320 2353 553 2414 litteras,
588 2352 790 2418 quibus
818 2350 905 2403 hic
944 2348 1314 2415 signiﬁcabat,
1348 2365 1404 2401 se
1433 2347 1671 2400 Gabrieli
1704 2349 1775 2398 \i-

222 2454 330 2495 tam
360 2443 651 2510 eripuisse,
684 2454 936 2508 nuncqnc
967 2440 1031 2493 ad
1082 2454 1140 2493 se
1184 2440 1409 2492 rediisse
1440 2436 1781 2506 Bulgarienm

220 2533 530 2600 imperium,
557 2531 1030 2598 promittebatque,
1062 2544 1118 2583 se
1153 2543 1371 2582 servum
1414 2537 1467 2582 et
1500 2528 1780 2582 sub-iitum

224 2623 533 2691 imperatori
574 2620 708 2675 fore.
746 2639 764 2671 ι

292 2799 383 2855 20.
414 2799 536 2853 Haec
571 2800 752 2855 Omnia
784 2798 1086 2862 Ceilrenus,
1108 2799 1308 2868 quibus
1339 2812 1493 2864 sane,
1526 2796 1785 2851 Radomi-

222 2907 341 2945 rum
377 2907 469 2945 seu
493 2891 823 2956 tiabrielem,
849 2890 941 2959 qui
968 2899 1023 2943 et
1047 2888 1326 2944 Romanus
1346 2890 1648 2956 dicebatur,
1676 2909 1779 2946 non

223 2994 253 3031 a
300 2988 492 3033 sancto
524 2978 819 3043 Demetrio,
854 2979 947 3033 sed
982 2992 1011 3031 a
1054 2977 1286 3039 Joanne,
1326 2994 1461 3042 seu,
1499 2980 1573 3033 uti
1626 2984 1782 3035 aliter

221 3070 383 3123 etiam
421 3071 741 3135 vocabatur,
776 3067 1151 3123 Vladistiiiabo
1187 3070 1564 3139 interemptum
1590 3072 1776 3137 fuisse,

223 3161 563 3228 apertissime
602 3160 785 3213 tradit.
829 3159 937 3212 Nec
980 3161 1160 3213 minus
1190 3161 1240 3212 id
1276 3160 1511 3215 dilucide
1537 3161 1777 3215 Zonaras

223 3252 494 3304 memoriae
538 3251 741 3319 prodit.
788 3248 963 3309 Audi,
1008 3252 1100 3317 qui
1144 3251 1194 3301 iu
1226 3251 1547 3315 Annalibus,
1596 3268 1625 3306 a
1659 3269 1777 3306 sese

222 3343 500 3395 adornatis
529 3356 783 3410 annoque
810 3342 943 3395 1687
992 3341 1217 3396 Parisiis
1258 3345 1497 3407 excusis,
1534 3355 1661 3397 tom.
1693 3346 1732 3397 ll
1759 3387 1773 3408 ,

219 3446 344 3499 pag.
377 3432 771 3500 226ioquatur.
812 3448 832 3484 ε
871 3433 947 3485 Ex
998 3433 1330 3501 cardiogmo,
1364 3436 1537 3501 inquit
1578 3434 1643 3488 de
1682 3436 1777 3486 Sa-

223 3522 399 3577 muele
423 3522 780 3591 Bolgarorum
813 3538 964 3593 rege,
992 3522 1213 3587 interiit,
1245 3524 1549 3592 principatu
1583 3525 1773 3594 Bulga-

221 3630 409 3669 rorutn
441 3616 495 3669 in
537 3615 843 3670 Gabrielem
872 3615 1037 3669 lilium
1059 3656 1075 3680 ,
1103 3616 1197 3681 qui
1227 3623 1282 3668 et
1314 3614 1593 3669 Romanus
1629 3619 1775 3670 dice-

220 3710 403 3772 batur,
465 3708 729 3763 translato
762 3723 777 3760 :
809 3723 968 3776 quem
994 3746 1010 3771 ,
1066 3709 1306 3760 nomium
1360 3724 1504 3761 anno
1547 3710 1733 3775 elapso
1756 3750 1771 3773 ,

223 3800 389 3852 frater
422 3800 707 3867 patruelis,
733 3799 971 3853 Aaronis
1005 3798 1147 3852 filius
1178 3797 1583 3852 Vladistblavus
1616 3799 1777 3853 Joan-

221 3905 322 3943 nes
363 3889 680 3958 (binuminis
716 3888 862 3942 enim
909 3896 963 3942 et
1010 3888 1099 3941 hic
1133 3882 1283 3958 erat)
1323 3889 1547 3943 occidit.
1593 3908 1611 3940 ι
1660 3890 1733 3943 Ac
1758 3930 1772 3951 ,

220 3982 412 4049 paucis
440 3980 797 4047 interpositis,
829 3980 979 4033 addit
1006 3995 1021 4031 :
1059 3979 1157 4032 «At
1185 3978 1456 4034 Samuelis
1489 3980 1631 4035 ﬁlius
1665 3979 1775 4033 Ilo--

221 4086 414 4125 manus
447 4068 662 4124 Gabriel
697 4069 952 4137 (necdum
987 4071 1133 4124 enim
1171 4085 1344 4125 casus
1381 4069 1519 4141 erat)
1555 4086 1649 4138 per
1700 4072 1774 4124 le.

219 4174 374 4231 gatos
403 4163 716 4229 imperatmi
748 4163 971 4232 (Basilio
997 4163 1279 4218 Macedoni
1307 4166 1522 4233 nempe)
1544 4166 1774 4219 servitu-

222 4270 328 4310 tem
378 4256 751 4324 pollicebatur,
792 4268 848 4311 et
896 4268 1138 4325 tempore
1191 4258 1376 4323 aliquo
1429 4260 1770 4326 interposito,

221 4346 448 4401 Joannis
478 4346 831 4401 Vladisthlavi
863 4350 1109 4402 minister
1140 4350 1293 4403 adest
1316 4350 1518 4402 eadem
1551 4349 1777 4404 Gabrie-

221 4440 290 4494 lis
318 4442 387 4492 ab
418 4443 547 4495 hero
579 4456 678 4494 suo
712 4440 909 4494 factam
936 4424 1248 4505 Inuntiaus,
1299 4443 1500 4509 aliique
1524 4443 1679 4496 multi
1706 4458 1773 4498 es

1888 1997 2140 2047 garorum
2178 1998 2383 2050 regem,
2424 2000 2530 2037 non
2561 1999 2679 2037 cum
2716 1984 2906 2037 mediis
2942 1984 2992 2036 iu
3028 1986 3300 2038 montibus
3327 2000 3449 2038 vcr-

1884 2081 2095 2125 Saretut‘
2134 2074 2516 2140 venationique
2545 2089 2769 2141 operam
2803 2074 2919 2145 jam
2960 2072 3133 2133 daret.
3163 2074 3255 2126 sed
3292 2084 3404 2125 tum
3432 2114 3447 2135 ,

1884 2177 2005 2214 eum
2042 2163 2106 2215 ad
2141 2166 2479 2217 venationem
2507 2165 2700 2227 exiret,
2727 2179 2821 2217 seu
2852 2165 2986 2230 jam,
3021 2172 3079 2215 ut
3110 2166 3446 2215 venationem

1886 2252 2294 2321 aggtederetur,
2354 2255 2408 2306 in
2477 2255 2703 2321 prorine
2760 2262 2947 2317 staret,
3006 2264 3279 2322 perempto
3333 2262 3448 2307 tutn

1885 2342 2072 2405 fuisse,
2104 2358 2263 2408 supra
2304 2347 2406 2397 huc
2436 2341 2774 2408 transcriptis
2806 2342 2987 2396 verbis
3023 2344 3224 2406 tradiit,
3259 2358 3448 2397 assen-

1885 2434 1973 2486 tiri
2021 2434 2240 2498 malim;
2290 2435 2431 2499 quod
2484 2434 2569 2484 hic
2618 2432 2870 2485 lectorem
2934 2432 3111 2485 adhuc
3169 2433 3448 2486 monuisse

1882 2534 2193 2588 contentus,
2233 2526 2297 2575 ad
2328 2524 2470 2576 aliud
2511 2524 2689 2585 modo,
2749 2524 2941 2593 inquo
2989 2534 3195 2593 patrem
3245 2524 3447 2593 pariter

1884 2616 2118 2668 Sanctus
2170 2625 2355 2668 noster
2415 2616 2671 2669 habuisse
2740 2628 2992 2668 narratur
3027 2654 3041 2678 ,
3110 2618 3443 2683 progredior.

1881 2707 2193 2771 Christiani,
2227 2708 2499 2775 susceptis
2537 2709 2710 2761 sacris
2748 2723 2849 2776 pro
2880 2711 3249 2774 recuperamla
3279 2707 3444 2760 Terra

1881 2807 2068 2851 sancta
2118 2797 2584 2864 expeditionibus,
2619 2798 2963 2851 Antiochiam
3023 2800 3074 2851 in
3126 2808 3445 2865 potestatem

1881 2902 2035 2941 suam
2068 2901 2209 2940 anno
2239 2886 2372 2941 1098
2398 2889 2508 2956 jam
2540 2888 2885 2957 redegerant,
2914 2905 3033 2942 cum
3064 2889 3207 2943 haud
3242 2893 3316 2941 ita
3347 2889 3447 2942 du-

1880 2980 2007 3033 dum
2056 2992 2174 3048 post
2211 2980 2280 3033 ab
2323 2982 2607 3034 innumero
2652 2979 3046 3035 Saracenorum
3095 2980 3344 3035 exercitu
3389 2982 3443 3034 in

1882 3069 2104 3122 civitate
2133 3070 2221 3121 illa
2251 3069 2402 3123 fuere
2431 3069 2698 3132 conclusi,
2723 3071 3140 3138 arctissimaqne
3164 3070 3446 3124 obsidione

1884 3157 1947 3209 ad
1980 3174 2220 3212 summas
2249 3162 2529 3228 angustias
2557 3159 2755 3213 adacti.
2797 3160 2987 3212 Verum
3024 3177 3147 3213 cum
3185 3163 3403 3215 tandem
3427 3199 3443 3221 ,

1880 3266 1986 3317 quo
2026 3252 2175 3305 hisee
2198 3267 2317 3304 sese
2346 3253 2682 3320 expedirent,
2710 3269 2774 3305 ex
2815 3253 2946 3306 mbe
2976 3252 3200 3307 obsessa
3231 3255 3439 3322 egressi

1880 3344 2127 3397 inimicos
2167 3354 2353 3397 essent
2392 3346 2601 3406 adorti,
2653 3346 2957 3397 albatorum
3008 3348 3299 3410 exercitus,
3350 3347 3438 3400 cui

1878 3433 2182 3487 Demetrius
2213 3435 2416 3501 aliique
2447 3432 2633 3486 Sancti
2665 3436 2853 3502 praeire
2886 3434 3036 3489 fuere
3059 3437 3358 3504 conspecti,
3385 3436 3441 3491 in

1878 3528 2114 3591 ipsorum
2170 3528 2431 3578 auxilium
2482 3535 2674 3579 contra
2732 3525 3035 3581 Saracenos
3087 3542 3117 3581 e
3166 3527 3440 3581 montibus

1879 3617 2090 3684 prodire
2119 3630 2200 3670 est
2230 3619 2399 3670 visas.
2432 3614 2507 3670 Ita
2548 3621 2599 3669 in
2634 3620 2910 3672 variorum
2964 3620 3294 3686 scriptorum
3324 3619 3439 3672 col-

1877 3707 2122 3767 lectione,
2164 3723 2280 3774 qua:
2324 3707 2479 3761 Gesta
2534 3709 2623 3761 Dei
2668 3725 2759 3776 per
2812 3709 3050 3763 Francos
3113 3709 3433 3764 inscribitur

1878 3814 2129 3866 annoque
2165 3799 2291 3850 1611
2334 3801 2592 3853 lianoviae
2631 3802 2731 3853 fuit
2768 3816 3006 3866 excusa,
3058 3800 3442 3854 testatuml‘a-

1877 3892 2028 3943 ciunt
2060 3890 2331 3943 ltobertus
2368 3894 2685 3955 moitachus,
2722 3891 3004 3947 Baltlricus
3058 3890 3301 3945 Doleusis
3347 3906 3437 3944 ar-

1877 3981 2276 4049 chiepiscopus,
2311 3996 2372 4033 ac
2403 3981 2698 4036 Guibcrtus
2731 3983 2937 4047 abbas,
2978 3983 3071 4051 qui
3115 3997 3308 4036 omnes
3360 3983 3436 4036 tei
3486 4018 3491 4024 -

1877 4082 2041 4139 gestae
2079 4076 2312 4138 azqttales
2349 4075 2630 4128 exstitere.

1945 4163 2033 4216 ἓξ.
2072 4165 2418 4232 Singulorum
2448 4205 2462 4228 ,
2512 4180 2633 4234 quae
2683 4165 2748 4219 ad
2784 4181 2895 4219 rem
2927 4173 3175 4220 nostram
3213 4164 3439 4234 potissl.

1877 4271 2023 4308 mum
2071 4256 2293 4315 faciunt,
2328 4256 2486 4309 verba
2522 4257 2628 4311 line
2662 4258 2955 4311 transfero.
3001 4257 3277 4311 Roberttts
3319 4271 3438 4310 mo-

1877 4349 2085 4401 nachus
2112 4384 2126 4408 ,
2160 4363 2280 4415 pag.
2313 4347 2418 4411 6t,
2449 4347 2502 4400 in
2533 4346 2797 4401 adornata
2829 4362 2858 4399 a
2890 4361 3013 4400 sese
3048 4345 3439 4415 Hierosolymi-

1880 4449 2004 4491 taita
2046 4439 2266 4491 historia
2294 4478 2309 4503 ,
2358 4439 2455 4493 lib.
2496 4453 2590 4502 ut,
2633 4437 2707 4491 ita
2741 4436 2936 4492 scribit
2971 4453 2986 4489 :
3021 4454 3038 4486 t
3073 4435 3210 4487 Dum
3260 4435 3341 4488 sic
3386 4435 3438 4495 (a

228 4530 528 4585 illustribus
574 4531 821 4599 Bulgaria
868 4531 933 4585 ad
978 4533 1357 4603 imperatorem
1405 4535 1705 4591 confluunt.
1746 4555 1765 4587 ι
1802 4526 1847 4581 D
1876 4530 2205 4585 Christianis
2251 4529 2535 4583 Antiochia
2584 4526 2847 4597 egressis)
2901 4536 3168 4587 certatur,
3220 4535 3275 4579 et
3325 4536 3436 4577 tam

224 4622 291 4675 Et
322 4637 465 4676 nunc
490 4621 651 4675 etiam
676 4619 813 4690 Lupi
854 4623 1220 4691 protospatliz
1272 4623 1366 4691 qui
1397 4633 1456 4678 et
1487 4627 1606 4695 ipse
1636 4626 1777 4695 apud

221 4712 573 4765 luratorium
594 4750 608 4772 .
636 4719 767 4765 tom.
804 4709 841 4764 V
882 4709 1070 4763 Rerum
1101 4712 1410 4767 Italicarum
1443 4717 1776 4781 scriptorum,

222 4817 346 4871 pag.
381 4802 472 4866 41,
503 4799 782 4856 Radomiri
822 4813 1071 4867 mortem,
1104 4820 1211 4857 non
1245 4815 1439 4860 sancto
1469 4806 1774 4872 Demetrio,

137 4886 141 4889 ’
220 4892 317 4947 sed
362 4892 564 4947 Joanni
613 4907 711 4946 seu
746 4889 1118 4948 Vladisthlabo
1146 4936 1161 4959 ,
1198 4894 1344 4949 illius
1379 4906 1635 4965 cognato,
1680 4900 1778 4953 ad-

220 4984 435 5047 scribit,
472 4985 540 5038 ad
574 4998 686 5038 rem
721 4986 860 5038 hanc
889 4982 1144 5038 facientia
1176 4988 1363 5041 verba.
1395 4985 1487 5043 Sic
1522 4988 1723 5044 habent
1757 5009 1772 5045 :

231 5094 248 5126 ι
292 5078 448 5129 Anno
482 5076 619 5131 1016
647 5079 867 5133 occisus
911 5086 999 5133 est
1030 5079 1176 5132 filius
1222 5080 1460 5143 praedicti
1506 5080 1776 5135 Samuelis

220 5167 290 5219 ab
325 5166 446 5235 ejus
478 5168 812 5222 consobrino
844 5169 955 5223 lilio
990 5171 1183 5223 Aaroni
1224 5182 1275 5224 et
1323 5172 1569 5239 regnavit
1599 5172 1765 5240 ipse.»

218 5258 354 5309 Cum
405 5274 537 5327 ergo
585 5269 697 5313 tres
748 5260 1063 5327 scriptores.
1091 5277 1250 5329 supra
1285 5262 1337 5313 in
1368 5277 1503 5324 rem,
1536 5277 1656 5330 qua:
1686 5265 1774 5315 bic

218 5350 555 5402 conﬁcienda
590 5360 728 5411 erat,
756 5351 992 5415 laudati,
1025 5352 1351 5412 Gabrielem,
1387 5368 1496 5406 non
1526 5368 1553 5404 a
1586 5364 1773 5407 sancto

222 5440 516 5504 Demetrio,
552 5440 646 5494 sed
693 5457 723 5495 a
770 5441 979 5497 Joanne
1029 5460 1125 5497 seu
1180 5443 1566 5508 Vladisthlabo,
1625 5447 1769 5499 nuila

219 5543 444 5595 prorsus
477 5530 662 5583 Sancti
699 5534 970 5587 mentione
1000 5532 1161 5596 facta,
1194 5533 1365 5587 fuisse
1398 5535 1767 5599 interfectum,

217 5622 647 5677 luculentissima
698 5639 849 5689 sane,
905 5626 979 5678 uti
1024 5641 1055 5679 e
1098 5624 1209 5695 jam
1259 5628 1499 5680 recitatis
1555 5628 1765 5680 illorum

217 5713 399 5767 verbis
433 5714 636 5783 liquet,
666 5718 937 5770 memoriie
968 5717 1218 5783 prodant,
1272 5715 1555 5770 Stanracio
1599 5721 1769 5771 enim-

216 5818 369 5872 vero,
416 5808 507 5876 qui
578 5806 778 5863 Sancto
826 5818 1014 5865 nostro
1065 5824 1247 5867 necem
1298 5810 1442 5865 illam
1502 5811 1764 5877 ascribit,

1878 4625 2020 4692 longi
2061 4624 2378 4677 certaminis
2434 4620 2720 4691 prolixitas
2771 4627 2981 4688 poterat
3030 4617 3289 4680 tardiare;
3341 4629 3440 4669 nec

1879 4731 2135 4769 numerus
2170 4716 2408 4769 hestium
2441 4713 2729 4767 videbatur
2756 4712 3096 4775 decrescere,
3134 4708 3437 4760 albatorum

1879 4809 2108 4860 tnilitum
2144 4805 2557 4859 innumerabilis
2595 4804 2869 4858 exercitus
2900 4803 3047 4854 visus
3076 4808 3159 4854 est
3190 4799 3259 4853 de
3285 4814 3438 4853 mon-

1877 4898 2020 4951 tibus
2063 4896 2417 4960 descendere,
2453 4910 2681 4966 quorum
2728 4892 2970 4964 signiferi
3021 4901 3074 4945 et
3117 4891 3286 4943 duces
3316 4904 3441 4943 esse

1876 4994 2131 5045 dienntur
2179 4990 2467 5058 Georgius,
2504 4986 2809 5047 laurilius,
2840 4982 3185 5038 Demetrius:
3218 4994 3357 5047 quos
3382 4988 3436 5029 ut

1883 5084 2115 5151 primum
2144 5082 2276 5135 vidit
2308 5081 2594 5135 Podiensis
2617 5079 2928 5146 episcopus,
2957 5076 3286 5127 exclamavit
3306 5087 3435 5123 voce

1882 5189 2071 5241 magna
2109 5174 2299 5227 dicens
2344 5191 2358 5227 :
2404 5172 2448 5224 0
2483 5171 2707 5233 milites,
2738 5185 2887 5233 ecce,
2926 5167 3072 5220 venit
3126 5165 3390 5219 auxilium
3422 5202 3435 5222 ,

1873 5266 2013 5333 quod
2064 5263 2216 5317 vobis
2271 5263 2521 5331 promisit
2556 5259 2719 5313 Deus.
2761 5259 2824 5311 Et
2859 5267 3009 5311 certe
3064 5254 3235 5309 nostri
3282 5252 3437 5305 valda

1874 5356 2215 5423 expavisseiit
2245 5396 2258 5417 ,
2314 5354 2417 5406 nisi
2474 5354 2665 5428 fuisset
2711 5366 2859 5419 spes,
2911 5363 3073 5418 quam
3112 5347 3166 5399 in
3204 5345 3434 5400 Domino

1877 5446 2165 5498 habebant.
2217 5444 2443 5498 Tremor
2495 5444 2768 5497 maximus
2817 5440 2976 5495 irruit
3029 5441 3080 5493 iu
3137 5440 3344 5501 hostes,
3379 5446 3432 5486 et

1874 5537 2046 5589 versis
2079 5537 2338 5593 vultibus.
2368 5536 2538 5589 scutis
2571 5546 2717 5601 terga
2756 5534 3096 5600 COOPCi‘itll-l,
3128 5539 3180 5583 et
3213 5528 3389 5597 fugam
3413 5566 3429 5588 ,

1875 5627 2307 5693 quottnicuique
2350 5627 2501 5677 locus
2552 5624 2738 5687 dabat,
2786 5623 3073 5689 arripiunt.
3126 5618 3255 5672 Pars
3292 5619 3380 5671 illa
3416 5658 3427 5675 ,

1875 5733 1993 5782 qlia:
2024 5732 2050 5767 a
2094 5726 2244 5784 parte
2278 5716 2551 5783 pugnabat
2590 5716 2777 5774 maris,
2819 5724 2873 5767 ιιι
2902 5712 3035 5765 vidit
3067 5712 3244 5779 lugam
3288 5724 3429 5764 suo-

1875 5824 2017 5873 rum,
2051 5808 2226 5877 ignem
2264 5811 2461 5878 sparsit
2493 5822 2645 5877 super
2683 5822 2903 5877 gramen
2939 5805 3134 5873 campi,
3160 5801 3304 5873 quod
3337 5816 3426 5855 ce-
