4206 6438
749 380 879 443 1411

2026 364 2674 427 SUPI’LEMEN'I‘UM.

3847 349 3979 415 1412

744 495 926 548 lcritt-r
957 491 1114 550 arsit,
1160 488 1283 555 quia
1327 486 1454 536 illul
1509 486 1808 536 εἴρωνα-ιιι
1859 483 2022 534 ardor
2073 482 2376 539 mstati5..A
2406 489 2697 538 testantur,
2723 490 2907 528 verum
2940 475 3103 527 etiam
3131 473 3268 542 apud
3297 471 3594 523 Clicsuium
3615 477 3754 521 tom.
3785 465 3851 519 IV
3881 464 3981 518 Re-

746 589 869 642 llzt-e
905 585 1025 637 ideo
1053 583 1319 640 icCcrtttil.
1349 589 1407 631 ut
1439 577 1545 631 hoc
1573 579 1731 644 signo
1755 577 1829 628 illi
1853 577 1943 642 qui
1971 576 2023 626 in
2056 574 2304 627 tentoriis

743 687 924 738 erant,
960 675 1142 727 statim
1187 673 1455 739 ingerent,
1485 681 1538 722 ct
1563 684 1749 724 secum
1773 667 1968 720 ditiora
2002 665 2172 732 spolia
2205 666 2303 716 tol-

749 773 944 822 lerent.
979 766 1055 819 Illi
1111 763 1286 823 vero.’
1315 763 1534 829 (τοκιιίιο
1586 764 1740 829 signo
1766 800 1781 823 ,
1817 761 1907 827 qui
1944 759 1994 810 iii
2032 759 2306 812 montibus

747 867 923 920 erant,
984 860 1236 926 protinus
1291 853 1542 922 fugerunt
1581 867 1703 902 cum
1761 849 2020 902 Omnibus
2071 847 2305 916 spoliis,

751 967 871 1016 qua:
903 961 1118 1018 portare
1153 949 1460 1001 valuerunt.
1510 959 1533 994 δ
1590 943 1867 997 Hactenus
1904 944 2151 993 laudatus
2186 955 2307 992 mo-

751 1045 963 1098 nachus
1017 1040 1291 1095 Robcrtus
1322 1054 1338 1088 ς
1373 1036 1440 1090 ad
1477 1035 1784 1089 Baldricum
1839 1029 2306 1101 archiepiscopum

746 1134 858 1201 jam
899 1136 1076 1185 venio.

823 1227 915 1280 23.
952 1225 1046 1278 llic
1078 1221 1314 1291 praelatae
1346 1218 1715 1277 Collectionis.
1746 1230 1865 1283 pag.
1917 1215 2034 1276 l2l,
2070 1214 2123 1267 in
2175 1227 2306 1266 con.

753 1327 899 1371 texta
932 1333 959 1368 a
1006 1332 1064 1368 se
1098 1312 1588 1380 Hierosolymitamr
1625 1308 1848 1360 historia
1881 1305 2157 1373 sequentia
2211 1305 2314 1358 ist-

755 1410 868 1462 bce
901 1405 1076 1469 prodit
1112 1402 1386 1456 memoria:
1424 1417 1437 1453 :
1469 1419 1486 1451 ι
1519 1401 1676 1460 Ecce,
1704 1399 1812 1450 lico
1835 1397 2059 1466 gratias,
2093 1395 2314 1464 abipsis

759 1499 1034 1554 montanis
1066 1498 1215 1562 (dum
1250 1496 1457 1550 scilicet
1488 1502 1673 1546 contra
1699 1492 1996 1544 Saracenos
2019 1488 2315 1545 Christiani

758 1605 925 1658 prope
951 1588 1293 1642 Antiochiam
1332 1600 1544 1638 summo
1576 1583 1888 1635 discrimine
1922 1579 2316 1649 prmliarentur)

757 1682 907 1733 visus
937 1687 1020 1731 est
1053 1678 1203 1730 exire
1231 1677 1503 1728 exercitus
1534 1671 1962 1745 innumerabilis,
1991 1674 2149 1739 equis
2180 1671 2320 1721 alhis

758 1769 1079 1829 insidentes,
1113 1776 1166 1820 et
1212 1765 1404 1818 vexilla
1460 1762 1688 1817 candida
1741 1764 1794 1814 in
1846 1762 2096 1814 manibus
2127 1758 2318 1831 pratic-

2409 585 2522 620 rum
2567 567 2939 620 Francicarum
2969 566 3284 632 scriptorum
3314 563 3389 614 rei
3419 562 3671 613 oculatus
3698 558 3861 611 testis
3887 557 3983 610 Pe-

2410 671 2524 713 trus
2545 658 2896 718 'l'udebodus.
2926 656 3269 708 Siuraeensis
3298 653 3578 711 sacerdos.
3601 667 3702 705 seu
3733 652 3920 718 potius
3945 651 3986 705 is

2407 752 2500 820 qui
2545 752 2874 819 prolixiores
2905 746 3190 802 Tudcbodi
3219 745 3671 806 carcinoma-rios,
3709 742 3986 796 narratio-

2409 845 2570 899 nibus
2597 844 2833 897 interim.
2858 858 2996 912 quas
3024 842 3076 893 hi
3100 840 3402 901 continent,
3425 835 3659 890 ﬁdeliter
3678 833 3985 903 expressis.

2407 940 2463 992 iit
2499 936 2882 1004 compendium
2909 934 3204 988 contraxit.

2479 1031 2568 1085 25.
2608 1029 2683 1082 En
2705 1030 2864 1090 adeo,
2885 1042 3009 1079 cum
3037 1026 3089 1079 id
3123 1028 3198 1079 ita
3221 1025 3438 1082 habeat.
3464 1021 3627 1092 huius
3657 1021 3851 1078 etiam.
3873 1031 3991 1086 qua

2415 1123 2482 1178 ad
2518 1136 2758 1191 pra-seris
2786 1121 3096 1174 institutum
3129 1117 3424 1187 pertint-nt.
3462 1114 3752 1182 scriptoris
3784 1114 3984 1164 verba:

2415 1215 2739 1282 «Cmperiint
2767 1223 2841 1265 tui
2860 1229 2956 1264 ritu:
2977 1210 3279 1264 Turcornm
3301 1225 3365 1263 ea
3384 1217 3612 1276 utraque
3633 1215 3797 1272 parte
3820 1203 3987 1264 exire,

2414 1315 2733 1371 nostrosque.
2758 1304 2994 1371 undique
3022 1302 3522 1366 circumcingebant
3547 1337 3562 1360 ,
3596 1294 3908 1365 iaculando
3939 1304 3991 1347 et
4016 1376 4019 1377 ν

2413 1396 2716 1464 sagittando
2739 1407 2795 1448 et
2826 1393 3182 1449 vulnerando.
3211 1393 3476 1446 Exierunt
3499 1405 3726 1459 quoque
3749 1389 3822 1441 de
3843 1401 3991 1439 mon-

2416 1488 2588 1541 taneis
2620 1487 3044 1542 innumerabiles
3076 1487 3370 1548 cieri-itus,
3403 1485 3492 1552 qui
3521 1480 3799 1536 ducebant
3823 1492 3993 1545 equos

2417 1586 2567 1638 albos
2592 1627 2607 1650 ,
2638 1601 2870 1650 quorum
2905 1589 3098 1640 vexilla
3131 1587 3312 1638 omnia
3359 1586 3478 1638 alba
3506 1591 3686 1636 erant.
3736 1581 3993 1633 Videntes

2418 1678 2599 1743 itaque
2643 1678 2812 1730 nostri
2857 1678 3001 1730 hunc
3029 1681 3331 1731 exercitum
3357 1675 3724 1744 ignorabant,
3775 1671 3874 1739 qui
3909 1684 3993 1723 es-

2419 1779 2561 1832 sent,
2599 1768 2772 1822 donec
2804 1779 3174 1837 cognoverunt
3198 1808 3214 1830 ,
3239 1783 3357 1822 esse
3385 1767 3721 1836 adiutorium
3757 1762 3992 1824 Christi,

763 1869 964 1913 rentes.
998 1857 1111 1911 Hoc
1145 1857 1299 1911 multi
1339 1855 1592 1908 viderunt
1621 1853 2079 1916 Christianorum,
2103 1861 2156 1906 et
2177 1853 2318 1906 sicut
2348 1825 2393 1885 Β
2433 1861 2576 1915 sicut
2609 1862 2884 1914 nimiam-it
2928 1861 3034 1913 illis
3078 1875 3176 1936 per
3211 1859 3551 1926 Stephanum
3602 1857 3953 1910 sacerdotem
3980 1891 3994 1914 .

762 1963 980 2017 putant.
1010 1951 1292 2020 gentilium
1323 1967 1339 2014 ;
1371 1957 1426 2000 et
1459 1950 1772 2000 hesitantes
1798 1946 2138 1999 mirabantur
2161 1945 2321 2012 quid-

764 2061 892 2099 nam
925 2053 1090 2098 esset.
1116 2041 1358 2095 Tandem
1392 2040 1607 2106 utrique
1632 2045 2008 2106 cegnoveruiit
2039 2040 2202 2090 duces
2230 2052 2325 2106 ag-

765 2135 929 2187 minis
963 2146 1211 2186 sanciunt
1244 2129 1534 2197 Georgium
1595 2134 1650 2178 et
1693 2136 1942 2179 sanctum
1989 2124 2320 2179 Demetrium

763 2238 812 2277 ei
845 2233 1090 2278 sanctum
1127 2221 1452 2275 Mercurium
1475 2257 1490 2280 ,
1522 2233 1620 2270 sua
1662 2219 1813 2286 signa
1853 2218 2088 2270 ferentes
2121 2231 2322 2284 preco-

765 2318 917 2367 (lcre.
961 2311 1251 2365 Saracenis
1280 2322 1410 2374 ergo
1460 2307 1598 2361 visio
1652 2307 1765 2358 haec
1816 2305 2046 2357 multum
2092 2306 2361 2366 incussit

765 2410 1020 2458 timorem
1045 2444 1060 2467 ,
1091 2401 1417 2456 Christianis
1446 2409 1627 2453 autem
1660 2412 1808 2466 spem
1836 2400 1989 2450 auxit
2009 2398 2281 2452 meliorem
2308 2415 2324 2464 ;

769 2499 906 2550 istos
936 2495 1217 2558 animavit,
1250 2493 1371 2546 illos
1401 2491 1721 2545 exinanivit.
1749 2487 1882 2551 Hoc,
1912 2491 2003 2554 qui
2033 2487 2327 2564 aﬂueruiit,

769 2584 922 2638 miihi
953 2582 1243 2650 centigisse
1272 2581 1450 2634 testati
1483 2578 1648 2639 sunt';
1683 2591 1789 2630 non
1827 2587 2004 2629 tamen
2051 2578 2102 2628 id
2137 2591 2330 2630 omnes

772 2676 954 2726 videre
1005 2681 1338 2741 Potuerunt,
1374 2670 1469 2726 sed
1501 2669 1702 2738 quibus
1737 2667 1999 2722 Dominus
2031 2668 2200 2722 voluit
2235 2682 2324 2720 ar-

769 2779 968 2818 canum
1033 2778 1190 2816 suum
1239 2762 1513 2823 revelare;
1557 2761 1814 2814 revelavit
1878 2767 2057 2813 autem
2110 2760 2233 2813 aiiis
2265 2760 2330 2814 ad

774 2857 1200 2917 confusionem,
1234 2855 1359 2907 aliis
1387 2853 1453 2906 ad
1488 2853 1746 2907 instantis
1779 2851 2037 2919 triumphi
2060 2852 2329 2906 ostensio-

776 2963 924 3000 item.
972 2946 1141 2997 l’orro
1174 2944 1440 2996 mendacii
1485 2956 1647 2995 nemo
1687 2955 1786 2993 nos
1822 2944 2114 3008 redarguat
2139 2981 2156 3005 ,
2203 2941 2333 3008 quia

777 3037 913 3090 nihil
945 3049 1010 3088 ex
1045 3033 1212 3086 corde
1262 3043 1448 3087 nostro
1497 3031 1787 3101 ﬁngimus;
1817 3036 1912 3085 seu
1946 3029 2090 3098 quod
2123 3030 2305 3083 audivi

2423 1968 2656 2022 quorum
2682 1953 2940 2006 ductores
2968 1952 3180 2006 fuerunt
3211 1964 3436 2006 sanctus
3460 1951 3752 2017 Georgius,
3788 1959 3844 2002 et
3867 1949 3994 2000 bea-

2423 2053 2511 2100 tus
2525 2044 2848 2098 Theodorus
2869 2053 2921 2097 et
2943 2054 3162 2098 sanctus
3177 2045 3507 2096 Demetrius.
3530 2040 3656 2094 llzec
3685 2040 3851 2091 verba
3880 2051 3996 2088 ere-

2423 2133 2601 2188 denda
2645 2143 2793 2196 sunt.
2832 2133 2962 2202 quia
2993 2134 3176 2202 plures
3208 2147 3268 2186 ett
3297 2133 3497 2186 nostris
3524 2132 3780 2184 viderunt
3813 2133 3938 2184 hoc.
3975 2148 3991 2178 ι

2421 2234 2600 2294 Atque
2633 2230 2705 2278 ita
2753 2225 3119 2293 prodigiosum
3147 2267 3162 2288 ,
3216 2227 3281 2277 ile
3315 2224 3426 2292 quo
3455 2224 3545 2276 hic
3576 2225 3741 2276 nobis
3777 2239 3960 2276 sermo
3982 2261 3997 2282 .

2426 2316 2648 2378 factum,
2701 2317 3030 2384 scriptorum
3067 2317 3501 2382 synclironorum
3528 2356 3542 2377 ,
3574 2331 3816 2385 quorum
3862 2330 4002 2368 unus

2422 2406 2591 2459 etiam
2621 2405 2869 2472 ipsisniet
2893 2406 3010 2459 suis
3038 2405 3212 2458 oculis
3261 2421 3374 2457 rem
3405 2405 3570 2458 fuerit
3613 2409 3876 2467 intuitus.
3916 2407 4004 2459 fir-

2429 2505 2631 2550 matitm
2681 2496 2976 2558 habemus;
3035 2497 3165 2549 licet
3214 2507 3396 2548 autem
3427 2497 3479 2549 hi
3509 2498 3658 2549 haud
3699 2513 3900 2550 Oll'llr's
3952 2500 4003 2550 in

2428 2585 2732 2638 οωιρειίυιιι
2779 2585 3000 2644 tlucum,
3054 2599 3287 2651 quorum
3340 2586 3602 2637 auxilium
3654 2587 4000 2638 Christianos

2430 2674 2586 2725 aiunt
2619 2683 2896 2740 expertos,
2939 2670 3271 2740 assigiiando
3315 2673 3476 2723 tertio
3523 2672 3892 2737 conveniant,
3937 2674 4000 2725 iis

2428 2770 2611 2816 tamen
2648 2762 2890 2814 unanimi
2937 2775 3208 2815 consensit
3257 2774 3450 2813 omnes
3495 2771 3751 2814 sanctum
3811 2762 4006 2818 Deme-

2431 2858 2598 2908 trium
2666 2869 2770 2907 itna
2823 2869 2947 2907 cum
3009 2864 3201 2906 sancto
3239 2853 3477 2921 Georgio
3532 2868 3853 2908 accensent.
3897 2853 4005 2910 Nec

2431 2956 2646 3000 tantum
2685 2946 2742 2999 lii
2777 2948 3107 3013 posteriores
3156 2946 3342 2999 Sancti
3378 2946 3432 2998 in
3470 2961 3638 3015 supra
3686 2958 4002 3000 memorato

2433 3040 2499 3091 ad
2535 3040 2874 3093 Antiochiam
2908 3039 3116 3107 przelio,
3150 3053 3338 3091 vi-rum
3360 3040 3528 3091 etiam
3551 3042 3604 3091 in
3632 3041 3835 3094 altero.
3862 3040 4004 3108 quod

777 3141 922 3190 ntus,
953 3129 1003 3178 id
1037 3135 1325 3185 testamur,
1356 3131 1411 3176 et
1442 3123 1813 3177 testiinonium
1854 3131 2096 3174 nostrunt
2139 3136 2203 3174 ex
2241 3135 2334 3173 ore

2435 3131 2564 3184 huic
2603 3130 2811 3197 pranvit
2833 3167 2848 3188 ,
2879 3145 3020 3182 anno
3046 3129 3180 3182 1097
3216 3144 3514 3196 paucorum
3546 3130 3762 3181 dierum
3817 3134 4007 3183 itinere

777 3234 964 3272 eorum
999 3218 1088 3284 qui
1121 3215 1187 3267 ad
1223 3215 1461 3276 fuerunt,
1499 3229 1680 3266 verum
1714 3222 1816 3266 est.
1842 3231 1862 3262 ι

851 3307 939 3360 ξι.
984 3305 1059 3358 Ita
1099 3305 1380 3358 Baldricus
1411 3341 1427 3366 ,
1483 3319 1604 3372 qua:
1660 3317 1824 3368 supra
1879 3300 2116 3354 recitatis
2161 3300 2339 3356 verbis

781 3397 1054 3452 Robertus
1099 3397 1400 3450 monachus
1437 3394 1601 3448 tradit
1628 3432 1644 3458 ,
1685 3394 2109 3447 luculentissiuic
2140 3393 2339 3446 contir-

783 3498 914 3541 mat.
947 3488 1055 3542 Nec
1084 3489 1267 3542 minus
1287 3487 1339 3542 id
1375 3489 1676 3542 luculenter
1705 3484 1836 3538 facit
1857 3487 2152 3540 Guibertus
2169 3485 2340 3539 abbas

787 3579 840 3629 in
876 3575 1360 3645 llierosolymitaua
1393 3578 1593 3644 pariter
1616 3591 1648 3628 a
1679 3591 1738 3629 se
1755 3576 2078 3630 concinnata
2102 3573 2342 3629 Historia

784 3669 1125 3722 collectionis
1163 3665 1422 3735 prcfatz,
1454 3669 1543 3720 cui
1577 3675 1628 3720 et
1663 3665 1850 3720 isthicc
1884 3667 2088 3719 inserta
2119 3674 2340 3730 exstat,

788 3773 910 3826 pag.
934 3759 1040 3812 523
1075 3759 1148 3812 ita
1177 3759 1426 3813 scribens
1456 3774 1470 3809 :
1507 3776 1525 3807 t
1565 3756 1629 3810 Et
1653 3771 1803 3819 ecce,
1827 3757 1997 3823 copia:
2027 3757 2343 3810 innumera-

782 3850 926 3903 biles
979 3850 1130 3914 (dum
1194 3847 1492 3902 Christiani
1542 3848 1753 3901 scilicet
1803 3856 1992 3900 contra
2039 3847 2342 3902 Saracenos

787 3954 954 4008 prope
976 3939 1317 3993 Antiochiam
1341 3939 1643 4005 decertant)
1666 3948 1950 4006 ceperunt
1968 3937 2037 3992 de
2066 3940 2343 3994 montibus

788 4046 1085 4101 iziiiergere,
1119 4046 1351 4097 quorum
1387 4039 1440 4084 et
1468 4033 1594 4098 equi
1631 4040 1684 4083 et
1720 4030 1872 4098 signa
1905 4034 2081 4083 multo
2109 4033 2344 4085 candore

789 4121 1071 4185 nitebant;
1095 4122 1297 4174 nostris
1318 4131 1496 4174 autem
1519 4122 1791 4174 maximus
1820 4119 1886 4173 ad
1917 4132 2104 4175 eorum
2125 4123 2343 4176 contui-

791 4221 902 4263 tuin
937 4223 1129 4277 stupor
1163 4212 1414 4274 increvit,
1449 4212 1762 4266 verentibus
1797 4213 2004 4281 utique,
2038 4227 2104 4267 tie
2130 4225 2347 4268 contra-

793 4301 885 4353 ria:
912 4302 1160 4354 venirent
1191 4300 1577 4353 adminiculum
1612 4299 1755 4355 ferre
1789 4303 1925 4369 parti
1951 4341 1967 4363 .
1998 4302 2172 4356 donec
2199 4320 2345 4356 com-

791 4392 1026 4459 periunt,
1079 4391 1131 4443 id
1181 4390 1298 4444 {ore
1332 4392 1496 4445 etiam
1549 4391 1837 4446 visibiliter
1885 4392 1990 4446 sibi
2039 4393 2339 4461 praistitum

2436 3234 2465 3271 a
2487 3217 2663 3271 Nicaea
2686 3219 2976 3272 commissa
2997 3218 3327 3273 Christianis
3347 3234 3513 3275 cruce
3534 3221 4006 3290 signatissuccur-

2437 3311 2575 3363 tisse
2604 3320 2913 3364 narrantur.

2504 3399 2597 3453 26.
2632 3398 2688 3451 In
2717 3414 2878 3468 supra
2905 3399 3145 3465 laudata,
3177 3416 3299 3469 qua
3326 3400 3488 3456 Ceste
3523 3401 3620 3455 Dei
3651 3418 3748 3470 per
3771 3403 4004 3458 France:

2445 3488 2765 3542 inscribitur
2789 3528 2804 3551 ,
2854 3493 3186 3558 scriptorum
3221 3494 3495 3546 variorum
3541 3493 3884 3550 Colle-ctione
3915 3511 4007 3550 au-

2436 3594 2556 3634 ctor
2579 3582 2841 3642 incertus.
2858 3578 3216 3646 Francorum,
3234 3581 3534 3638 Jerusalem
3547 3587 4005 3653 «pugnantium,

2440 3680 2596 3742 gesta
2635 3675 2971 3737 describens,
3002 3675 3192 3738 relato,
3224 3676 3276 3727 in
3319 3691 3429 3745 quo
3463 3695 3491 3729 a
3525 3677 3862 3733 Christianis
3884 3695 4005 3733 cru-

2439 3778 2504 3816 ee
2530 3764 2758 3832 signatis
2787 3765 3030 3818 iirtideies
3063 3781 3254 3835 magna
3285 3769 3440 3823 clade
3496 3779 3621 3836 post
3663 3781 3886 3835 captain
3921 3771 4007 3824 Ni-

2439 3869 2605 3908 caam
2641 3856 2741 3909 fusi
2777 3856 2948 3916 tuere,
2981 3858 3300 3919 certamine.
3335 3873 3460 3912 mox
3489 3861 3775 3930 subiungit
3805 3879 3819 3914 :
3853 3882 3873 3912 ι
3910 3862 4008 3914 ηυ-

2442 3947 2606 4000 latum
2635 3959 2722 4002 est
2749 3959 2878 4018 ergo
2908 3957 3096 4016 postea
3131 3964 3162 4004 a
3185 3951 3534 4018 quihusdam,
3557 3958 3688 4020 quia
3713 3958 3826 4009 duo
3857 3959 4007 4024 equi.

2447 4049 2550 4104 tes,
2587 4040 2641 4093 in
2673 4039 2813 4094 albis
2847 4042 3023 4095 vestiti
3057 4082 3073 4105 ,
3115 4057 3280 4112 super
3326 4059 3500 4112 equos
3535 4047 3685 4100 albos
3716 4050 4005 4107 sedentes.

2444 4125 2663 4182 TUI'COS
2732 4145 2827 4196 per
2885 4132 3128 4185 triduum
3192 4144 3667 4202 persequerentur.
3728 4138 4006 4197 dicentes,

2446 4234 2614 4272 unum
2645 4221 2812 4274 luisse
2841 4220 3130 4291 Georgium
3153 4262 3171 4285 ,
3202 4225 3430 4278 alterum
3461 4241 3601 4280 vero-
3620 4228 3795 4283 fuisse
3826 4229 4010 4282 Deme-

2448 4312 2633 4371 trium.
2669 4320 2935 4382 martyres
2961 4315 3246 4381 gloriosos.
3292 4337 3310 4367 ι
3347 4321 3551 4372 Auctor
3581 4322 3803 4387 quidem
3830 4364 3846 4386 ,
3878 4325 3967 4389 qui
3993 4364 4006 4382 .

2445 4405 2590 4469 quod
2616 4404 2795 4457 verbis
2820 4407 2966 4458 hisce
2992 4408 3280 4468 astruitur.
3314 4412 3580 4476 perhibet.
3606 4414 3825 4480 sibique
3847 4414 4006 4466 etiam

792 4483 1117 4548 adjutorium
1140 4482 1366 4536 Christi.
1391 4483 1632 4547 Quorum
1657 4483 1961 4552 specialiter
1983 4482 2148 4538 fuisse
2167 4483 2338 4538 duces
2371 4490 2414 4544 ι)
2441 4495 2660 4549 Pen-um
2695 4495 2985 4550 diaconum
3026 4499 3079 4552 in
3133 4497 3389 4553 Clu-auito
3434 4503 3765 4566 cauirmui,
3809 4505 3906 4557 lib.
3938 4523 3980 4556 ιιι

793 4577 1000 4641 opinati
1034 4585 1156 4627 sunt
1176 4576 1446 4643 gloriosos
1478 4583 1595 4642 post
1615 4576 1862 4628 militiam
1889 4587 2153 4645 martyres
2176 4573 2340 4628 Geor-

795 4665 962 4730 gium,
990 4663 1318 4717 Mercurium
1340 4674 1503 4732 atque
1526 4662 1877 4718 Demetrium.
1898 4664 2022 4718 Hec
2042 4680 2072 4717 a
2098 4674 2342 4718 nostrum

802 4756 1053 4821 plurimis
1087 4756 1199 4806 visa
1224 4793 1239 4820 ,
1271 4763 1325 4809 et
1360 4770 1479 4808 eum
1509 4755 1805 4824 aliis,'qua:
1838 4756 2097 4818 viderant,
2130 4758 2346 4811 retulis-

792 4855 935 4905 sent,
984 4844 1165 4912 plena,
1203 4854 1261 4898 ut
1308 4861 1402 4913 par
1451 4857 1590 4910 erat,
1624 4849 1726 4901 [ide
1770 4856 1897 4901 sunt
1940 4850 2166 4903 credita.
2201 4849 2268 4902 Et
2300 4851 2343 4903 si

795 4935 1113 4986 Maeliaba‘is
1145 4937 1270 4988 olim
1304 4952 1398 5007 pro
1427 4939 1840 4992 circuiucisione
1862 4951 1915 4992 et
1939 4956 2104 4994 carne
2123 4942 2343 5008 porcina

799 5026 1171 5089 pugnantibus
1219 5026 1444 5080 evidens
1498 5032 1815 5096 apparuisse
1866 5029 2062 5098 legitur
2119 5033 2343 5085 ccc-Iuste

798 5115 1136 5180 SUﬂriiglum,
1172 5129 1377 5179 quanto
1407 5123 1639 5184 amplius
1668 5122 1752 5172 his
1780 5121 1989 5185 debuit,
2025 5123 2112 5189 qui
2143 5138 2239 5190 pro
2271 5139 2349 5177 re-

805 5205 995 5269 purgio
1048 5206 1294 5258 ccclesiis
1339 5206 1645 5260 adhibendo
1697 5217 1748 5261 et
1795 5218 1941 5262 statu
1983 5210 2101 5262 lltlei
2144 5227 2346 5280 propu-

799 5293 1015 5356 giianiio
1044 5291 1145 5344 fusi
1178 5296 1454 5358 sanguinis
1485 5295 1700 5350 Christo
1728 5298 1968 5352 detulere
1998 5302 2298 5354 servitium.
2324 5321 2342 5351 ι

797 5376 905 5433 Nec
947 5383 997 5433 lii
1033 5396 1238 5436 tantum
1270 5395 1378 5437 tres
1409 5390 1705 5455 scriptores
1728 5429 1740 5448 .
1779 5406 1939 5457 supra
1970 5391 2198 5444 laudatae
2224 5392 2342 5445 Col-

799 5467 1022 5522 lectioni
1058 5473 1273 5536 inserti,
1304 5489 1534 5540 quorum
1574 5479 1733 5529 verba
1759 5478 1869 5544 jam
1900 5479 2170 5543 dedimus,
2199 5480 2350 5533 alba-

805 5574 983 5617 torum
1032 5567 1296 5632 militum,
1333 5569 1532 5634 quibus
1566 5581 1788 5622 sanctus
1827 5571 2124 5625 Demetrius
2155 5573 2352 5640 aliique

801 5654 907 5707 tliio
939 5658 1111 5708 sancti
1149 5664 1334 5724 pra-ire
1357 5660 1556 5713 fuerint
1580 5665 1876 5730 coiisivcizti,
1909 5668 2166 5718 visionem
2196 5667 2354 5718 Cliti-

798 5747 992 5803 Slianis
1016 5751 1067 5803 in
1090 5749 1436 5804 celeberi'itita
1455 5753 1519 5806 ad
1538 5755 1875 5808 Antiochiam
1895 5771 2067 5824 pugna
2094 5761 2348 5822 oblatam,

2443 4600 2563 4658 cap.
2603 4589 2690 4653 11,
2728 4590 3111 4659 ιυπτικεηιρω
3143 4594 3338 4658 habet,
3374 4597 3609 4650 militum
3662 4599 3969 4651 albatorum
3995 4642 4008 4660 .

2443 4680 2558 4746 qui,
2616 4682 2821 4734 sanctis
2864 4680 3096 4750 Georgio
3130 4699 3192 4739 ac
3235 4684 3506 4739 Demetrio
3533 4691 3768 4742 ducibus
3790 4731 3807 4752 ,
3838 4694 3892 4744 in
3926 4711 4009 4743 stt-

2446 4784 2539 4838 pra
2582 4770 2752 4824 relato
2781 4774 2848 4824 ad
2878 4773 3221 4829 Antiochiam
3258 4780 3440 4844 praelia
3479 4779 3814 4836 Christianis
3854 4798 4010 4836 crim-

2444 4858 2674 4924 signatis
2696 4865 3072 4914 succurrerint
3096 4902 3110 4924 ,
3149 4865 3407 4918 visionem
3450 4870 3760 4922 n'iiraniiaiii
3795 4876 4010 4927 silent-0

2448 4947 2692 5012 involvit,
2726 4951 2869 5017 quod
2897 4961 2949 5003 et
2979 4951 3164 5006 Petrus
3194 4958 3456 5008 diaconus
3482 4963 3727 5024 pmxnize
3761 4966 4009 5014 laudares

2443 5034 2612 5100 facit;
2647 5039 2776 5092 hinc
2805 5051 2984 5094 autem
3026 5046 3284 5097 visionem
3308 5087 3320 5104 .
3349 5064 3468 5108 utne
3507 5051 3559 5101 in
3591 5053 3777 5117 prtuliu
3809 5057 3873 5105 ::tl
3911 5059 4004 5107 .3."-

2448 5131 2472 5180 ι
2494 5128 2706 5180 ocltiatn
2747 5130 2953 5190 evenit,
2988 5147 3266 5200 perperaiit
3291 5139 3361 5188 Itl
3394 5142 3636 5206 prndium
3659 5183 3674 5202 ,
3712 5161 4004 5206 paururmu

2449 5216 2658 5270 dierum
2694 5219 2884 5274 itinere
2915 5238 2943 5272 a
2986 5221 3160 5276 Niciezi
3198 5239 3352 5280 antea
3383 5236 3760 5292 commissum.
3802 5251 3828 5286 :i
3865 5244 4006 5288 duci-

2452 5308 2554 5363 bus
2582 5311 2691 5365 illis
2723 5315 3085 5381 scriptoribus
3119 5318 3306 5370 referri
3337 5362 3351 5382 ,
3379 5338 3484 5375 non
3522 5341 3680 5376 nemo
3710 5329 3850 5378 forte
3880 5345 4003 5380 con-

2453 5403 2646 5457 lt'ndcl.
2689 5400 2887 5456 Verum
2919 5409 3019 5458 etsi
3052 5410 3216 5459 etiam
3248 5414 3327 5463 vel
3372 5431 3433 5464 cs
3482 5429 3548 5466 eo
3580 5419 3835 5477 maxime,
3874 5423 4003 5485 quod

2454 5491 2582 5542 nulli
2621 5509 2845 5559 prorsus
2877 5498 3184 5562 scriptores”
3205 5504 3290 5552 alii
3323 5503 3570 5565 tisionis,
3609 5523 3730 5574 qua:
3758 5513 3809 5559 in
3841 5527 4002 5576 pugna

2457 5593 2695 5643 proxime
2729 5597 2850 5650 post
2900 5600 3110 5652 captam
3150 5589 3380 5644 Nicaeam
3428 5593 3758 5648 Constinnis
3816 5611 4002 5663 μιτιιιι

2457 5668 2618 5721 fuerit
2649 5675 2857 5734 Oblata,
2904 5680 3233 5736 tttetttioncin
3277 5685 3498 5742 int-tant,
3535 5699 3862 5753 Scriptorum
3897 5693 3996 5740 lari-

2459 5759 2709 5813 datorittii
2739 5779 2893 5817 error
2933 5766 3244 5835 ltujusniodi
3278 5788 3381 5824 non
3417 5774 3693 5828 intuit-No
3725 5793 3878 5843 quea:
3909 5796 3996 5830 ie-
