4206 6438
256 394 392 457 1413

1274 396 1335 460 S.
1378 397 1758 459 DEMETRH
1800 401 2184 463 MARTYRIS
2222 405 2432 466 ACTA.

3315 414 3451 480 14M

230 524 491 579 rosimilis
524 525 718 591 videri,
746 526 859 580 ﬁeri
896 534 1075 581 tamen
1111 535 1326 597 potest,
1361 538 1419 582 ut
1451 529 1776 584 Christianis
1808 545 1853 595 Α
1889 550 2115 601 gnoscas
2153 539 2391 602 profiteri
2417 580 2430 601 ,
2478 540 2689 609 inquire
2718 553 2770 596 et
2813 547 2990 609 hodie.
3024 558 3079 602 et
3127 565 3270 616 cras,
3308 565 3361 609 et
3395 558 3449 611 in

224 617 463 671 visiones
495 618 615 671 dua:
647 618 851 672 similes
888 618 1118 673 diversa:
1142 659 1156 681 ,
1200 622 1367 674 altera
1399 622 1453 675 in
1490 624 1673 691 praelii)
1720 628 1787 677 ad

224 707 617 770 Antiochiam,
669 708 839 762 altera
891 710 945 763 in
1002 711 1187 779 praelia
1242 712 1539 776 anteriori,
1588 713 1787 769 fuerint

222 798 438 862 oblatae,
472 814 705 867 quarum
746 801 979 868 priorem
1014 801 1257 870 quidem,
1309 803 1454 871 quod
1484 820 1607 859 eam
1659 822 1780 873 per-

223 896 461 953 spectam
498 890 637 943 haud
679 889 989 955 habuerint,
1020 892 1208 946 ultiiiio
1236 909 1267 947 a
1305 894 1464 950 nobis
1496 898 1780 951 memorati

222 983 331 1032 ituo
363 989 617 1034 auctores
645 995 751 1034 non
783 983 1075 1044 narrarint,
1111 986 1466 1052 posteriorem
1494 1003 1624 1041 vero
1652 993 1779 1043 scri-

222 1079 405 1137 ptores
450 1070 566 1131 alii.
620 1071 764 1139 quod
813 1087 960 1135 eam,
999 1082 1188 1143 utpote
1221 1091 1383 1143 quam
1437 1080 1594 1145 pauci
1642 1082 1779 1133 dun-

224 1168 393 1222 taxat,
424 1162 497 1213 uti
546 1176 611 1214 ex
664 1162 798 1230 ipsis
834 1164 1074 1232 proxime
1118 1167 1263 1220 datis
1312 1167 1495 1221 verbis
1547 1170 1778 1234 videtur,

219 1258 594 1315 spectassem,
650 1266 748 1319 pro
801 1253 982 1308 minus
1023 1267 1173 1310 certa
1222 1258 1501 1322 haberent,
1556 1261 1774 1315 silentio

223 1343 609 1409 prarierieriiit.

285 1478 373 1530 27.
409 1476 577 1532 Porro
605 1488 915 1534 sanctorum
944 1479 1181 1551 Georgii,
1219 1483 1467 1538 Demetrii
1531 1497 1584 1539 et
1619 1488 1765 1541 Mau-

218 1570 346 1633 ritii,
397 1571 488 1638 qui
536 1571 858 1627 Chiistianis
892 1588 1053 1627 cruce
1079 1575 1305 1644 signatis
1335 1578 1612 1646 suppetias
1659 1578 1737 1631 fei-

214 1667 354 1721 rent,
382 1661 642 1715 visionem
672 1664 901 1717 subinde
922 1665 1164 1733 ipsismct
1184 1664 1399 1729 Turcis,
1422 1668 1547 1720 dum
1578 1670 1764 1723 urbem

211 1751 606 1806 Antiochenam
666 1769 812 1809 anno
864 1757 1001 1811 1098
1064 1758 1382 1813 obsiderent
1433 1759 1764 1825 Christiani,

207 1840 443 1894 oblataiii
480 1841 667 1906 fuisse.
698 1844 898 1901 dixisse
927 1849 1092 1902 etiain
1126 1859 1381 1903 narratur
1412 1852 1630 1923 quidam
1667 1867 1759 1906 eo-

211 1936 455 1987 rumdem
483 1933 786 1991 Tureoruin
811 1939 943 2002 dux,
970 1940 1187 1993 nomine
1214 1940 1467 2011 Pyrrhus.
1499 1941 1615 2006 llic,
1639 1945 1764 1996 dum

211 2032 452 2093 tempore
485 2025 730 2081 brevium
767 2028 1127 2094 induciaruni,
1165 2048 1283 2101 qua
1310 2071 1326 2095 ,
1363 2036 1592 2087 durante
1622 2034 1767 2087 obsi-

208 2111 396 2177 dione,
426 2124 592 2181 pacta:
642 2126 819 2183 erant,
851 2134 971 2171 cum
1006 2123 1248 2189 principe
1290 2121 1583 2177 Tarentino
1622 2124 1759 2175 Boa-

208 2201 427 2264 mnndo,
458 2205 542 2257 cui
580 2216 797 2273 postea,
833 2211 1043 2265 traditis
1072 2211 1118 2262 ei
1141 2250 1155 2274 ,
1190 2227 1325 2280 quas
1354 2215 1607 2266 custodiri
1651 2227 1761 2266 suis

204 2295 608 2347 commendatas
641 2296 899 2360 habebat,
933 2301 1191 2363 turribus,
1222 2302 1561 2353 Antiochiam
1590 2303 1743 2370 prodi

202 2379 280 2433 dit
304 2421 318 2445 ,
353 2382 685 2436 familiariter
719 2385 951 2439 subinde
996 2388 1423 2455 colloqueretur,
1479 2387 1621 2441 inter
1655 2405 1757 2442 ia:-

202 2478 340 2532 tera,
373 2474 823 2538 quemadmodum
860 2491 1022 2543 supra
1066 2477 1320 2530 laudatus
1348 2475 1615 2531 Robertiis
1648 2494 1761 2530 mo-

202 2561 410 2613 nachus
447 2559 697 2615 Historia:
729 2561 1246 2631 llierosolyniitnna,
1280 2565 1373 2619 lib.
1401 2581 1453 2631 ν,
1486 2570 1758 2621 memoriis

1892 626 1979 677 die
2014 630 2203 689 altera,
2231 646 2295 682 an
2324 631 2374 683 in
2404 640 2509 685 tota
2544 633 2757 701 regione
2784 637 2881 689 hac
2906 653 3093 693 eorum
3120 656 3297 699 castra
3330 663 3452 716 pos-

1898 718 2000 769 sint
2050 720 2277 774 inveniri
2336 739 2348 774 :
2402 724 2542 790 quod
2578 725 2621 778 si
2682 727 3041 793 inveniantur,
3078 735 3351 803 redargmi
3396 742 3447 794 iii

1894 819 2183 875 Conspectu
2221 820 2311 864 tuo
2344 826 2372 863 a
2425 816 2731 877 mendacio,
2766 818 3173 876 erubescenius.
3218 824 3278 877 Et
3326 845 3447 883 cum

1890 897 1943 950 in
1980 906 2087 950 tota
2138 901 2356 967 regione
2406 908 2715 970 nequiveris
2746 908 2863 962 illos
2899 910 3177 975 invenire,
3209 920 3253 970 si
3286 922 3447 973 nobis

1892 1002 2113 1043 necesse
2144 991 2271 1055 erit,
2321 994 2373 1045 in
2423 997 2721 1049 crastinum
2775 999 2983 1053 videbis
3039 1002 3252 1058 adesse.
3298 1007 3449 1063 Utiilc

1889 1079 2055 1141 igitur
2085 1090 2193 1134 tam
2230 1083 2341 1135 cito
2374 1086 2620 1150 veniunt,
2655 1089 2755 1139 nisi
2788 1103 2815 1139 a
2846 1094 3095 1156 supernis
3116 1095 3361 1159 sedibus,
3396 1102 3444 1153 iii

1883 1171 2079 1239 quibus
2116 1176 2442 1227 morantur?
2472 1176 2570 1228 Cui
2608 1179 2879 1245 respondit
2912 1178 3146 1249 Pyrrhus
3180 1186 3279 1247 (sic
3301 1189 3444 1239 enini

1883 1274 1998 1316 crat
2027 1278 2221 1319 nomen
2252 1266 2390 1334 ejus)
2417 1286 2427 1320 :
2458 1265 2519 1319 Et
2551 1268 2593 1321 si
2623 1270 2688 1320 de
2711 1270 2851 1323 cado
2874 1273 3115 1335 veniunt,
3138 1278 3223 1327 ubi
3256 1287 3335 1330 tot
3366 1280 3444 1330 al-

1882 1354 1976 1405 bos
2000 1370 2193 1422 equos,
2218 1364 2296 1409 tot
2319 1367 2494 1421 scuta,
2520 1368 2597 1412 tot
2620 1360 2808 1413 vexilla
2841 1364 3155 1419 inveniunt?
3183 1369 3281 1421 Cui
3310 1356 3443 1427 Butt-

1882 1443 2117 1496 miiiidus
2152 1460 2164 1494 :
2204 1443 2281 1497 Tii
2316 1461 2508 1514 magna
2546 1458 2599 1501 et
2639 1465 2803 1515 super
2853 1468 3069 1506 sensum
3112 1472 3300 1511 meum
3357 1473 3441 1509 res

1876 1533 2084 1598 qiiiris;
2117 1546 2419 1603 propterea,
2457 1538 2501 1589 si
2539 1539 2638 1599 vis,
2666 1542 2890 1593 accedat
2921 1559 3070 1596 meus
3108 1550 3437 1613 capellaiius.

1876 1621 1965 1685 qui
1992 1623 2085 1673 tibi
2113 1638 2276 1690 super
2305 1624 2388 1677 liis
2414 1628 2774 1690 respondebit.
2825 1631 2902 1682 Ad
2929 1633 3041 1685 liiec
3081 1637 3393 1700 capellaiius
3421 1656 3434 1691 :

1874 1708 2004 1762 Cum
2040 1713 2389 1777 omnipotens
2423 1714 2656 1769 Creator
2686 1720 2908 1786 angi-los
2949 1738 3077 1776 suos
3113 1726 3224 1777 sive
3256 1726 3437 1792 justo-

1877 1814 1996 1851 ruin
2031 1802 2255 1867 spiritus
2280 1805 2495 1856 mittere.
2526 1806 2766 1873 disponit
2798 1811 2849 1859 in
2881 1819 3097 1873 terrain,
3132 1825 3257 1867 tunc
3286 1833 3435 1870 assu-

1801 1899 1841 1951 Β
1869 1899 2023 1941 munt
2060 1889 2165 1944 sibi
2210 1906 2368 1945 aerea
2404 1908 2651 1961 corpora,
2701 1906 2759 1949 ut
2791 1914 2884 1966 per
2913 1916 2973 1952 ea
3013 1905 3166 1957 nobis
3215 1907 3433 1962 innote-

1869 1991 2042 2035 scaut.
2077 1982 2199 2036 Ideo
2225 1992 2406 2037 autem
2442 2000 2587 2039 nunc
2619 1991 2812 2041 armati
2852 2005 3145 2058 apparent,
3194 2006 3252 2050 ut
3285 1999 3431 2053 indi-

1868 2078 2014 2132 cent,
2047 2072 2192 2138 quod
2228 2075 2279 2125 iu
2316 2075 2454 2126 bello
2486 2076 2809 2132 laboraturis
2847 2083 3049 2135 auxilio
3081 2087 3322 2141 veniunt.

1942 2160 2037 2213 29;
2066 2161 2133 2212 At
2169 2177 2318 2223 vero,
2370 2164 2579 2230 inquiet
2632 2182 2921 2232 nonnemo,
2972 2173 3218 2237 visionis,
3267 2193 3428 2245 quam

1866 2250 2113 2313 ipsismet
2165 2251 2357 2305 Turcis
2409 2255 2644 2307 oblatam
2692 2257 2896 2321 fuisse,
2948 2265 3177 2316 relatum
3237 2268 3431 2323 verbis

1866 2339 2035 2402 hisce,
2060 2340 2203 2409 quod
2232 2341 2604 2399 Boamundum
2640 2348 2781 2400 inter
2805 2358 2857 2401 et
2884 2349 3149 2419 Pyrrhum
3181 2358 3423 2414 habitum

1868 2429 2052 2490 luerit,
2085 2432 2420 2498 colloquium
2469 2438 2657 2501 exigit,
2709 2440 2859 2495 soliis
2895 2445 3137 2496 meminit
3171 2448 3420 2504 laudatus

1862 2518 2130 2575 llobertus
2161 2526 2482 2589 monachus,
2518 2528 2834 2598 nullumque
2863 2534 2947 2588 hic
2972 2536 3211 2600 omnino,
3243 2542 3331 2607 qui
3357 2544 3423 2595 de

1860 2612 2029 2665 sacris
2050 2614 2485 2669 Christianorum
2522 2618 2575 2670 in
2612 2620 2953 2678 Palicstiiiani
2977 2630 3422 2695 expeditionibus

200 2650 411 2718 prodit,
470 2671 486 2702 i
524 2655 756 2721 quodam
803 2655 893 2708 die
935 2655 1214 2723 requisivit
1265 2659 1332 2711 ab
1380 2673 1465 2721 eo,
1535 2659 1752 2712 ubinam

212 2752 393 2796 castra
427 2744 666 2809 posuerit
705 2746 791 2799 ille
824 2746 1235 2799 candidatorum
1272 2750 1539 2803 exercitus
1592 2750 1750 2803 innu-

202 2836 501 2898 morabilis,
551 2852 784 2903 quorum
819 2839 1023 2891 auxilio
1061 2839 1113 2892 in
1160 2842 1414 2895 omnibus
1450 2844 1604 2897 bellis
1634 2843 1751 2897 lul-

198 2927 488 2979 ciebautur
514 2925 832 2982 Christiani.
870 2929 1089 2983 Dicebat
1116 2930 1284 2995 enim,
1307 2934 1433 3000 quia
1466 2934 1749 2986 adventum

197 3013 416 3068 illorum
469 3031 745 3085 nunquam
800 3027 1049 3085 poterant
1100 3021 1370 3075 sustinere
1421 3021 1607 3084 Turci,
1660 3025 1749 3076 scil

197 3110 380 3160 statim
434 3118 490 3161 ut
525 3110 779 3164 videbant
822 3112 965 3173 illos,
1022 3111 1349 3181 incipiebant
1401 3129 1594 3181 pavere
1630 3134 1641 3167 :
1678 3114 1750 3167 illi

196 3210 330 3249 vero
360 3198 505 3261 ipsos
538 3208 595 3251 ut
627 3207 824 3251 ventus
856 3200 1089 3255 turbinis
1118 3202 1496 3270 opprimebant
1524 3242 1537 3263 ,
1573 3212 1625 3257 et
1660 3204 1747 3257 isti
1777 3207 1823 3269 ο

1858 2704 2128 2761 tractarit.
2179 2704 2504 2777 scriptorem
2542 2708 2706 2761 alium
2759 2712 2860 2764 sibi
2898 2724 3171 2785 utcunque
3220 2722 3420 2774 sull'ra-

1854 2801 2066 2858 gantcm
2099 2792 2282 2847 habet.
2315 2793 2532 2862 Fateor,
2575 2799 2655 2852 sic
2711 2802 2908 2867 habet;
2960 2806 3069 2857 imo
3120 2825 3247 2863 vero
3295 2827 3418 2866 cum

1855 2894 2152 2946 sermones,
2181 2898 2316 2949 quos
2350 2888 2490 2940 idem
2525 2889 2763 2955 scriptor
2794 2891 3110 2947 Boaiiiunilo
3136 2908 3189 2949 et
3211 2897 3420 2968 Pyrrho

1857 2972 2125 3034 attribuit,
2146 2975 2256 3026 sint
2286 2976 2617 3043 hujusiiiodi,
2656 2992 2707 3033 ut
2738 2982 2879 3036 ultro
2902 2986 3150 3054 citroque
3179 2990 3244 3042 ab
3269 2991 3417 3047 hisce

1858 3060 2066 3113 habitos
2096 3062 2215 3116 illos
2247 3080 2437 3117 omnes
2465 3065 2659 3130 fuisse,
2694 3072 2852 3123 etiam
2883 3075 2961 3125 vel
3001 3074 3220 3142 idcirco,
3263 3083 3407 3148 quod

1858 3147 2119 3215 Pyrrhum
2150 3155 2311 3206 vcluii
2343 3157 2725 3224 ninterioruiii
2749 3159 2868 3213 ﬁdei
2896 3162 3217 3220 Christiana:
3249 3147 3411 3234 plina

193 3284 645 3348 vulnerabantur;
678 3288 750 3339 illi
789 3288 1111 3352 obruebant,
1143 3301 1196 3344 et
1227 3292 1313 3346 isti
1340 3293 1743 3350 occidebantur.

200 3372 293 3428 'Jui
350 3374 697 3430 Boamuudus
744 3377 819 3429 ait
873 3393 885 3427 :
939 3376 1175 3433 Putasne
1225 3382 1388 3433 alium
1442 3386 1741 3436 exercitum

187 3477 334 3524 esse,
375 3480 535 3531 quain
572 3468 735 3530 hunc,
772 3482 933 3537 quem
970 3470 1142 3530 vides.
1176 3472 1461 3524 nostrum?
1494 3475 1589 3525 (lui
1624 3476 1739 3528 ille:

190 3553 297 3608 Per
325 3553 664 3609 Maizlioniuin
697 3574 873 3610 meum
900 3571 1280 3627 praeceptorem
1308 3562 1453 3629 jnio,
1485 3565 1739 3631 quoniam

1859 3257 2101 3305 ignaiiiin
2131 3255 2534 3310 reprzeseiiient,
2568 3249 2759 3318 hicque
2785 3259 2963 3305 tamen
2990 3256 3119 3307 oliiu
3144 3257 3409 3313 Christia-

1858 3345 1957 3383 niis
1994 3333 2217 3395 luisset,
2259 3350 2445 3400 parum
2479 3340 2784 3393 vi-r0siinilc
2835 3356 3133 3409 appareat,
3170 3363 3267 3403 nec
3312 3366 3414 3418 ego

1857 3418 2150 3481 visionem,
2203 3438 2363 3488 quam
2406 3423 2643 3492 Pyrrhus
2682 3427 2733 3479 iii
2779 3431 3049 3498 colloquio
3098 3450 3221 3487 cum
3278 3436 3385 3494 Bon

1858 3508 2056 3561 iuiindo
2088 3510 2272 3564 habito
2306 3514 2448 3580 apud
2482 3512 2777 3570 Bobertiiin
2812 3522 3138 3574 monachum
3165 3540 3405 3580 coiiiiue~

1858 3610 2051 3663 iiiorat,
2093 3613 2242 3656 certo
2276 3604 2540 3658 habuisse
2597 3608 2803 3671 locum,
2849 3624 3161 3666 asseverare
3190 3619 3405 3680 ansini;

1855 3703 2037 3743 verum
2070 3692 2335 3758 quidquid
2364 3695 2437 3748 sit
2469 3711 2564 3748 seti
2593 3698 2659 3752 de
2688 3698 2895 3753 visione
2927 3702 3028 3755 ista
3061 3719 3155 3757 seu
3184 3708 3249 3757 de
3283 3708 3408 3761 aliis

1850 3794 2015 3844 supra
2052 3796 2082 3834 e
2117 3782 2281 3836 variis
2311 3785 2671 3853 scriptoribus
2705 3790 2908 3854 relatis,
2950 3807 3086 3860 quas
3110 3797 3274 3848 etiam
3305 3795 3405 3854 de-

1849 3879 2015 3935 cepta:
2055 3871 2105 3922 in
2138 3872 2245 3926 illis
2279 3873 2432 3940 ipsis,
2462 3878 2553 3943 qui
2588 3892 2684 3933 eas
2717 3879 2818 3931 sibi
2850 3880 3062 3934 oblatas
3088 3883 3273 3944 tuisse
3319 3888 3404 3939 di-

1848 3974 1993 4020 xere,
2050 3961 2422 4029 iniaginationi
2479 3978 2753 4021 nonnemo
2812 3970 3060 4027 fortassis
3123 3976 3400 4041 (rectene,

1848 4064 1914 4118 ain
1957 4065 2131 4115 set-us,
2176 4068 2279 4105 non
2326 4054 2547 4124 deﬁnio)
2580 4059 2894 4127 ascripserit
2923 4098 2938 4122 ,
2979 4077 3007 4114 a
3042 4064 3217 4127 tribus
3247 4070 3402 4135 equi-

1846 4141 1963 4191 dt'lll
1999 4142 2049 4191 in
2083 4140 2375 4196 lloauiundi
2423 4156 2473 4198 et
2517 4144 2706 4215 Pyrrhi
2751 4151 3023 4219 colloquio
3073 4160 3396 4212 memoratis
3466 4210 3477 4225 ,

1842 4228 2050 4279 Sanctis
2089 4243 2151 4280 ac
2198 4232 2517 4287 nominatim
2564 4248 2592 4285 a
2634 4245 2825 4290 sancto
2868 4238 3181 4305 Demetrio,
3233 4245 3395 4299 Chri-

180 4330 302 4369 ειη
322 4330 338 4378 ;
362 4315 623 4383 “ecquod
644 4317 921 4383 quem,“
945 4332 1009 4370 εχ
1040 4319 1356 4381 “natione.
1387 4319 1480 4372 sed
1503 4336 1569 4373 ει
1594 4322 1731 4377 bona
1843 4315 2038 4369 stiauis
2067 4331 2229 4370 cruce
2255 4322 2481 4388 signatis
2511 4338 2620 4377 non
2651 4332 2860 4378 tantum
2884 4328 2938 4379 in
2974 4343 3149 4398 pugna
3185 4334 3249 4385 ad
3283 4336 3395 4387 An-

183 4406 464 4459 voluiitate
508 4406 823 4473 procedere,
872 4416 928 4460 et
961 4408 1293 4474 respondens
1324 4409 1499 4476 inquit
1530 4426 1545 4463 ;
1582 4412 1732 4468 Licet
1844 4407 2095 4461 tioebiam
2133 4414 2445 4469 commissa.
2477 4428 2667 4469 verum
2693 4417 2855 4470 etiam
2891 4420 2946 4473 in
2980 4422 3149 4477 sacris
3175 4426 3394 4493 expedi-

178 4496 260 4549 sis
291 4503 581 4549 eatraneus
611 4509 641 4547 a
674 4496 788 4561 lege
846 4504 1056 4558 nostra,
1109 4497 1235 4563 quia
1285 4507 1337 4551 te
1386 4498 1547 4554 video
1593 4504 1730 4556 bona
1768 4534 1813 4591 ο
1842 4498 2080 4554 tionibus
2112 4502 2247 4554 alias
2291 4518 2354 4591 ac
2388 4506 2707 4558 nominatim
2744 4508 2796 4560 in
2844 4510 3198 4579 gravissimo,
3248 4517 3391 4580 quod

177 4601 308 4655 erga
336 4600 435 4639 nos
461 4586 737 4640 voluntate
770 4586 1023 4655 bonoque
1048 4587 1242 4655 spiritu
1264 4591 1583 4655 animatum,
1607 4607 1736 4661 ape-
1769 4586 1800 4591 ⁷
1839 4603 2133 4655 paucorum
2164 4586 2374 4644 dierum
2425 4593 2623 4647 itinere
2658 4610 2687 4647 a
2730 4595 2908 4649 Nicias
2942 4602 3163 4664 evenit,
3208 4605 3391 4669 [mulio

181 4676 316 4726 riam
362 4673 459 4725 tibi
512 4673 727 4741 aliquod
775 4674 904 4738 ⁹ηιΙυὶ
953 4685 1157 4728 nostra:
1197 4687 1620 4732 sacramentum.
1676 4679 1733 4733 Si
1848 4679 2018 4734 fuisse
2041 4695 2383 4746 succursum,
2408 4683 2535 4736 mihi
2568 4693 2651 4738 sat
2678 4688 2981 4741 verosiiuile
3015 4704 3255 4757 apparet,
3289 4694 3389 4746 ersi

183 4774 390 4817 tantum
428 4763 681 4832 profundi
714 4765 1022 4819 intellectus
1055 4765 1304 4827 haberes,
1333 4768 1536 4835 gratias
1567 4771 1733 4822 Crea-
1836 4767 2048 4821 interim
2107 4785 2205 4824 nec
2235 4771 2286 4824 id
2327 4786 2550 4840 prorsus
2584 4784 2789 4829 certum
2827 4792 3145 4834 asseverare
3188 4786 3388 4838 ausim.

184 4856 290 4907 tori
357 4855 605 4908 omnium
658 4854 861 4907 referre
919 4853 1169 4918 deberes,
1216 4856 1311 4923 qui
1362 4856 1451 4909 tibi
1501 4859 1737 4913 ostendit
1832 4856 1908 4913 Ea
1942 4860 2093 4915 sedet
2120 4864 2416 4927 sententia,
2460 4866 2633 4931 primo
2665 4866 2919 4931 quidem,
2955 4871 3099 4935 quod
3141 4885 3385 4928 sanctum

177 4946 476 4998 exercitum
500 4944 847 4997 candidatum
881 4960 896 4995 :
925 4954 977 4997 et
1003 4947 1166 5007 scias,
1196 4947 1323 5014 quia
1350 4946 1402 4999 in
1429 4948 1593 5002 terris
1623 4965 1731 5003 non
1829 4958 2077 5003 nostrum
2108 4950 2395 5021 dictosqne
2418 4953 2573 5007 binos
2601 4956 2741 5009 alios
2771 4969 2987 5011 sanctos
3011 4978 3039 5010 ει
3062 4960 3387 5017 Christianis

178 5043 603 5097 conversantur,
643 5033 734 5087 sed
776 5035 831 5086 in
869 5035 1117 5102 superuis
1161 5038 1537 5091 iiiausionibus
1581 5042 1728 5107 regni
1830 5050 1941 5095 tum
1965 5042 2279 5111 frequenter
2310 5046 2586 5098 invocatos
2609 5046 2778 5099 luisse
2806 5059 3083 5115 appareat,
3113 5052 3381 5107 directas-

177 5127 464 5177 crelornm.
498 5124 563 5176 lli
592 5133 739 5183 sunt,
768 5124 858 5192 qui
905 5138 1003 5192 pro
1048 5124 1148 5178 ﬁde
1176 5123 1373 5179 Christi
1415 5130 1728 5198 martyrium
1830 5148 1933 5200 que
1966 5134 2041 5186 illi
2077 5134 2142 5184 ad
2178 5148 2235 5186 se
2269 5148 2457 5199 preces
2491 5136 2671 5188 irritas
2693 5152 2811 5189 esse
2844 5138 3378 5195 verosiiniliterhaud

176 5217 568 5275 sustinuerunt,
608 5224 659 5267 rt
710 5218 761 5267 in
812 5216 959 5268 omni
1009 5225 1152 5269 terra
1202 5228 1386 5269 contra
1424 5219 1730 5274 incredulos
1830 5223 2086 5285 siverint;
2118 5222 2309 5275 deinde
2341 5238 2489 5281 vero.
2513 5227 2676 5291 quod,
2708 5240 2827 5277 cuni
2852 5224 3220 5290 Bnaniiindus,
3249 5236 3372 5282 dum

175 5310 587 5361 dimicaverunt.
610 5305 812 5359 Horum
837 5308 1089 5373 praecipui
1114 5309 1525 5378 suntsigiiifcri,
1554 5309 1722 5363 Geor-
1828 5313 1893 5366 ad
1929 5316 2146 5367 relatam
2176 5328 2203 5364 a
2243 5310 2451 5383 Pyrrho
2490 5317 2752 5367 visionem
2792 5320 3092 5381 respondit,
3124 5320 3173 5370 in
3206 5324 3373 5371 llt'iitl-

175 5400 317 5466 gius,
348 5397 669 5460 Demetrius,
697 5396 981 5451 Iluuritius
1009 5415 1023 5450 :
1051 5401 1140 5466 qui
1175 5401 1225 5451 in
1258 5399 1359 5452 hac
1385 5402 1596 5452 mortali
1624 5403 1727 5455 vita
1836 5418 1952 5455 rum
1984 5405 2239 5471 periculis
2270 5417 2299 5455 a
2326 5406 2529 5456 sanctis
2560 5404 2813 5471 Georgio,
2845 5406 3118 5459 Demetrio
3148 5419 3201 5461 ct
3228 5409 3375 5461 51.!"-

178 5488 432 5540 niilitaria
460 5501 608 5539 arma
638 5499 1031 5556 gestaveruiit,
1065 5498 1123 5540 et
1155 5505 1251 5557 pro
1278 5489 1586 5544 Christiana
1626 5491 1727 5544 ﬁde
1827 5497 1949 5547 ritio
2005 5493 2107 5562 (adi
2173 5509 2319 5546 iiiini.
2381 5492 2622 5561 proxime
2680 5500 3058 5562 pregressiiin)
3122 5504 3373 5552 succurri

176 5582 354 5647 capite
385 5581 524 5648 pleri
551 5593 696 5633 sunt.
725 5579 787 5631 lli
819 5580 1033 5648 quoties
1060 5579 1211 5631 nobis
1239 5580 1724 5647 espeil'rt,jiibriite
1826 5583 2155 5655 Christianis
2202 5582 2517 5642 asserucrit,
2554 5596 2613 5633 ea
2648 5582 2700 5633 in
2737 5584 2989 5645 opinione
3018 5582 3182 5637 hosce
3213 5588 3370 5638 etiam

178 5670 406 5723 Douiiuo
445 5669 570 5724 Jesu
606 5670 843 5731 Christo.
883 5667 1042 5723 nobis
1076 5668 1441 5736 solli-agantur
1466 5709 1481 5733 ,
1533 5681 1586 5724 ct
1633 5686 1725 5740 per
1831 5674 2030 5741 passim
2067 5685 2194 5725 tunc
2226 5672 2417 5730 inisse,
2455 5679 2775 5737 argumento
2810 5670 2859 5721 id
2900 5671 2991 5733 sit,
3015 5678 3375 5739 CXpCflCllilﬂ'

181 5761 1140 5830 hosinimiciitostiiprtecipitantur.
1167 5760 1715 5817 Elltllllc\‘t.'l'ttltt(‘0-
1828 5782 1931 5836 quc
1980 5768 2241 5818 habeaiur
2284 5775 2643 5832 conipeiinni,
2681 5764 2819 5816 haud
2862 5781 2986 5817 raro
3034 5783 3268 5830 cvcnne,
3315 5774 3374 5819 ut

186 3652 237 3699 sl
280 3646 363 3698 hic
387 3646 662 3713 adessent,
691 3657 802 3703 tota
832 3651 941 3704 hac
966 3652 1215 3720 planities
1236 3669 1330 3708 eos
1352 3671 1455 3707 non
1484 3666 1699 3724 czipcri-t
1728 3677 1737 3709 ;

184 3748 380 3789 omnes
412 3735 611 3788 habent
643 3752 813 3806 equos
843 3740 998 3794 albos
1031 3743 1182 3795 mirae
1214 3744 1541 3805 celeritatis,
1573 3756 1623 3797 et
1656 3761 1737 3798 νε-

183 3823 441 3877 siimenta
474 3831 529 3878 et
565 3833 721 3879 scuta
751 3836 806 3879 et
835 3829 1029 3881 vexilla
1064 3829 1308 3898 ejusdem
1337 3833 1557 3887 coloris.
1593 3832 1696 3887 Sed
1725 3874 1739 3896 ,

183 3926 285 3980 przr
313 3911 495 3979 ﬁdem,
531 3928 693 3982 quam
717 3914 885 3970 babes
908 3918 962 3969 iii
991 3915 1197 3983 Iesum,
1223 3920 1313 3975 ubi
1345 3934 1522 3975 castra
1552 3940 1735 3976 eorum

181 4002 362 4056 locata
395 4010 522 4057 sunt
539 4003 563 4055 τ

263 4135 349 4188 28.
389 4152 409 4186 ι
444 4132 799 4191 Boamundus
834 4136 1014 4203 itaque
1052 4138 1249 4206 spiritu
1294 4139 1390 4193 Dei
1437 4141 1739 4198 illustratus

181 4226 334 4278 illico
382 4223 577 4287 sensit,
624 4227 791 4287 hanc,
839 4240 1000 4293 quam
1046 4226 1274 4291 viderat,
1322 4227 1416 4282 Dei
1473 4232 1732 4285 visionem
