4206 6438
773 399 916 465 1415

2061 380 2696 443 ευρριειιεκτυιι.

3870 369 4025 433 1416

776 520 869 580 id,
917 515 1061 583 quod
1110 509 1362 566 omnii-ns
1409 504 1612 576 passim
1648 502 1882 564 videtur,
1929 500 2143 555 veritati
2194 513 2330 551 con-
2362 502 2403 558 Α
2438 494 2758 549 duodecimo
2812 489 3151 559 inperatori,
3207 503 3237 541 a
3275 487 3474 542 Sancto
3519 497 3715 542 nostro
3764 484 3822 540 in
3871 484 4028 540 bello

770 617 946 674 gruat.

841 699 931 751 50.
969 693 1256 760 Uteunque
1297 687 1515 742 interim
1565 687 1667 738 ista
1705 682 1888 738 omnia
1920 722 1934 742 ,
1971 695 2086 747 qua:
2138 677 2331 732 lectori

771 786 1064 857 indicanda
1099 782 1438 848 ulteriusque
1485 775 1834 846 expendenda
1886 773 2158 840 relinquo,
2205 784 2324 823 sese.

775 885 1045 941 habeant,
1086 889 1266 930 rerum
1303 873 1390 925 hic
1426 870 1835 922 tractandarum
1889 865 2088 919 Seriem
2143 877 2336 932 prosa-

773 985 936 1040 quor,
991 976 1047 1021 et
1097 977 1156 1019 ut
1184 1005 1199 1028 ,
1231 979 1340 1032 quo
1364 976 1591 1032 quaque
1621 959 1922 1019 evenerint,
1959 955 2221 1022 temporis
2250 967 2338 1004 or-

775 1066 959 1116 tlrucm
983 1076 1040 1115 se.
1063 1060 1134 1127 pii
1172 1073 1204 1127 p
1225 1071 1410 1125 -rgatu,
1443 1054 1508 1106 ad
1543 1048 1948 1104 Etnmauueletu
1976 1047 2333 1108 Comuenum,

775 1153 867 1216 qui
912 1150 980 1204 ab
1033 1161 1177 1202 anno
1207 1146 1339 1198 1143
1386 1144 1472 1197 ad.
1500 1157 1703 1195 annum
1737 1153 1905 1207 usque
1944 1135 2078 1189 “80
2110 1134 2335 1202 imperio

778 1242 1041 1299 Orientali
1077 1239 1310 1308 praefuit,
1341 1237 1448 1304 jam
1479 1233 1661 1286 venio.
1691 1229 1806 1293 llic,
1837 1230 1884 1284 si
1914 1228 2150 1283 Joannes
2181 1226 2339 1278 Stan-

777 1338 976 1399 racius,
1014 1348 1181 1400 supra
1224 1346 1250 1382 a
1288 1327 1444 1381 nobis
1474 1325 1776 1394 smpissime
1819 1323 1931 1390 jam
1978 1321 2250 1382 laudatus,
2283 1320 2338 1371 in

778 1428 967 1482 codice
997 1425 1189 1479 nostro
1215 1421 1255 1490 1-
1288 1434 1390 1473 ms.
1426 1418 1528 1473 193
1561 1417 1655 1470 [οι.
1695 1429 1839 1468 vers.
1868 1415 1937 1468 92
1966 1421 2023 1467 et
2058 1413 2343 1481 sequenti-

780 1521 880 1572 bus
905 1534 1026 1571 vera
1061 1521 1347 1576 memoret,
1381 1509 1789 1580 imperatoriam
1821 1507 1949 1569 sibi,
1973 1522 2076 1574 qua
2107 1506 2159 1556 in
2193 1502 2348 1557 festis

780 1607 1222 1664 solemnioribus.
1263 1613 1524 1668 tuncque,
1557 1613 1679 1651 cum
1710 1595 2012 1664 principum
2047 1602 2340 1646 extraneo-

783 1715 901 1748 rum
939 1696 1235 1764 legationes
1265 1690 1594 1759 caeipieudm
1623 1687 1822 1749 forent,
1856 1691 2120 1744 uteretur,
2149 1679 2344 1734 coutici

783 1781 987 1842 iecerat
1016 1802 1044 1840 e
1074 1797 1310 1854 purpura
1333 1790 1555 1842 vestem,
1581 1774 1999 1848 pretiosissimis
2035 1769 2349 1839 margaritis

2439 599 2788 648 succursum,
2818 584 2978 652 idque
3015 595 3122 634 non
3175 579 3343 634 semel
3395 587 3634 641 tantum.
3666 577 3764 633 sed
3798 577 4027 645 szrpius.

2448 678 2646 732 Verum
2686 684 2775 740 ut,
2809 688 2933 745 qua:
2985 687 3102 725 mea
3135 671 3205 724 sit
3237 670 3306 724 de
3346 679 3458 723 tota
3499 667 3772 722 Stauracii
3823 681 4027 721 narra-

2441 771 2590 822 tione
2623 768 2832 836 opinio,
2859 765 2972 834 jam
3004 764 3202 824 dicam,
3235 761 3715 818 multum-vereor.
3747 773 3816 813 ne
3852 773 3881 811 a
3929 773 4024 812 ca-

2442 862 2551 931 pite
2581 860 2646 913 ad
2675 859 2878 914 calcem
2909 865 3279 911 commentum
3311 851 3385 907 sit
3411 893 3425 916 ,
3456 866 3524 905 eo
3555 850 3685 912 ﬁne,
3729 850 3779 903 si
3830 864 3943 903 non
3987 864 4017 901 a

2443 947 2730 1002 Stauracio
2753 986 2768 1010 ,
2799 945 2868 998 ab
2911 944 3084 997 altero
3119 942 3372 1012 equidem
3407 938 3659 995 Gmcuio
3711 937 3976 1007 quopiam
4006 977 4022 998 .

2442 1039 2646 1094 fabulis
2678 1037 2969 1092 admodum
3013 1050 3111 1104 pro
3143 1036 3318 1104 gentis
3354 1031 3531 1086 indole
3560 1029 3784 1082 addicto
3805 1068 3823 1092 ,
3860 1029 4024 1081 unice

2443 1134 2764 1194 inventum,
2820 1138 2880 1182 ut
2925 1127 3085 1190 forte.
3138 1141 3261 1180 cum
3311 1122 3768 1194 pretiosissimam
3815 1131 4019 1174 vestem

2443 1232 2638 1280 sancto
2675 1223 2943 1276 Demetrio
2976 1220 3044 1274 ab
3064 1217 3424 1272 Euuuanuelo
3442 1215 3728 1269 Cmuneno
3759 1212 4017 1265 donatam

2446 1315 2612 1370 fuisse
2674 1313 3050 1376 intellexisset,
3080 1312 3520 1380 qualemcunque
3565 1303 3885 1358 donationis
3916 1302 4018 1376 bu-

2442 1409 2533 1478 jus
2565 1421 2810 1469 causam,
2836 1419 2957 1458 cum
3016 1418 3142 1456 vera
3178 1400 3323 1455 haud
3358 1407 3706 1456 nosceretur,
3744 1393 4024 1464 ignoranti

2448 1515 2512 1554 ac
2543 1501 2765 1552 credulo
2806 1498 2961 1566 vulgo
2986 1495 3320 1548 obtruderet.

2519 1592 2604 1645 32.
2648 1589 2780 1644 Utut
2811 1589 2917 1649 sit,
2957 1585 3116 1639 tidem
3146 1583 3398 1650 equidem
3447 1581 3814 1635 indubitatam
3851 1578 4012 1633 Joan-

2453 1701 2572 1738 nem
2599 1683 2944 1736 Stauracium
2971 1678 3025 1730 iu
3056 1692 3154 1731 sua
3184 1673 3510 1742 compendio
3539 1673 3648 1741 jam
3679 1671 3805 1724 data
3838 1685 4014 1723 narra-

2455 1779 2600 1829 tione
2628 1789 2735 1828 non
2768 1771 2989 1831 mereri.
3030 1784 3095 1822 ex
3128 1782 3196 1820 eo
3223 1767 3395 1834 liquet
3421 1804 3438 1828 .
3466 1761 3610 1832 quod
3641 1763 3746 1816 sub
3772 1762 4019 1828 ejusdem

786 1852 1126 1936 distinctam.
1158 1852 1389 1938 Accidit.
1437 1881 1516 1933 ut.
1548 1887 1672 1926 cum
1706 1870 1878 1939 pridie
1906 1864 2345 1920 Resurreetiouis
2375 1852 2422 1911 B

2375 1852 2422 1911 Β
2452 1869 2613 1923 linem
2675 1867 2748 1918 ita
2801 1863 3052 1918 scribat:
3102 1858 3265 1911 ’Δλλὰ
3329 1858 3437 1925 γὰρ
3485 1856 3596 1908 τῶν
3642 1853 4019 1920 παλαιοτέρων

787 1972 1082 2027 Ιιυιιιιηίιω
1106 1985 1168 2022 ex
1201 1966 1549 2034 imperatoris
1571 1964 1850 2024 thesauro,
1871 1974 1980 2028 quo
2006 1960 2091 2012 hic
2117 1955 2346 2010 solemni

789 2067 882 2119 illo
925 2065 1060 2118 [esto
1089 2078 1150 2116 ca
1192 2058 1534 2121 iudueretur,
1575 2055 1766 2108 luisset
1797 2062 2061 2114 extracta,
2091 2065 2122 2103 a
2155 2057 2345 2101 saneto

789 2156 1062 2209 Deiuetrio
1093 2163 1267 2218 noctu
1293 2151 1566 2218 surr'epta,
1607 2160 1873 2214 sacroque
1904 2143 2025 2212 ejus
2043 2141 2349 2194 conditorio

787 2246 1194 2302 Tncssalouica:
1229 2243 1396 2294 fuerit
1451 2241 1727 2302 imposita,
1778 2253 1807 2289 a
1845 2237 2021 2304 capite
2068 2233 2134 2287 ad
2189 2233 2352 2302 pedes

791 2353 964 2406 usque
992 2347 1250 2402 expansa.
1280 2328 1434 2383 Hane
1466 2328 1744 2388 ollieialcs,
1774 2324 1865 2391 qui
1914 2337 1943 2376 a
1993 2336 2049 2376 re
2097 2323 2349 2377 vestiaria

789 2439 970 2490 erant,
1006 2443 1110 2480 nam
1162 2425 1419 2484 iuventa,
1466 2433 1625 2487 quam
1677 2415 1847 2482 pridie
1889 2427 1920 2467 e
1970 2410 2352 2482 gasophylacio

788 2524 1173 2575 extraxerant,
1232 2521 1382 2564 veste
1438 2504 1824 2574 imperatoria,
1890 2514 2054 2569 quam
2117 2500 2354 2551 maxime

793 2613 1118 2669 turbantur;
1169 2602 1407 2657 basilicae
1439 2605 1622 2651 autem
1660 2593 1840 2650 sancti
1884 2589 2140 2646 Demetrii
2178 2588 2354 2642 Thes-

794 2705 1048 2755 salonica:
1068 2697 1326 2754 aedituus.
1348 2697 1662 2756 conspecta,
1690 2701 1813 2740 cum
1845 2687 1983 2738 hanc
2003 2682 2173 2737 multo
2196 2694 2356 2735 mane

793 2802 945 2846 esset
977 2791 1277 2856 ingressus,
1306 2785 1492 2837 eadem
1524 2781 1617 2834 illa
1640 2820 1654 2843 ,
1681 2793 1801 2848 qua
1834 2791 1998 2847 supra
2032 2775 2201 2829 sancti
2227 2787 2357 2827 con-

796 2883 1054 2936 ditorium
1093 2887 1211 2931 erat
1242 2875 1539 2944 explicata,
1571 2877 1720 2923 veste
1753 2865 2103 2937 imperatoria
2126 2903 2143 2928 ,
2189 2863 2289 2917 hat
2302 2870 2356 2916 et

797 2974 1083 3032 attonitus,
1110 2967 1310 3036 templo
1329 2962 1592 3025 excurrit.
1618 2960 1810 3014 iterum
1829 2957 1881 3010 id
1906 2955 2224 3026 ingreditur,
2249 2967 2358 3021 pra

800 3063 1241 3133 margaritarum,
1289 3056 1492 3125 quibus
1527 3053 1698 3107 vestis
1747 3051 1837 3103 illa
1889 3048 2149 3102 distincta
2194 3051 2354 3103 erat.

2449 1959 2711 2028 ἀφέμενοι
2741 1954 3040 2021 θαυμάτων
3076 1947 3172 2002 τοῦ
3223 1947 3500 2016 μάρτυρος
3538 1944 3644 2012 (τίς
3682 1942 3796 2010 γὰρ
3827 1941 3893 1992 ἂν
3922 1940 4018 1991 καὶ

2449 2042 2995 2117 ἐξαριθμήσαιταῦτα
3023 2042 3115 2093 καὶ
3139 2040 3464 2106 διηγήσαιτο
3483 2036 3524 2100 ;l
3546 2039 3657 2095 τοῖς
3686 2033 4022 2102 προσφάτοις

2450 2140 2544 2192 καὶ
2579 2137 2866 2205 νεωτέροις
2899 2134 2992 2185 καὶ
3050 2125 3126 2184 ὧν
3167 2129 3357 2186 πολλοὶ
3395 2127 3489 2179 καὶ
3513 2125 3710 2178 θεαταὶ
3757 2124 3854 2174 καὶ
3885 2122 4024 2190 [adpo

2453 2248 2613 2301 τυρες
2674 2229 2844 2281 εἰσέτι
2896 2224 2973 2292 τῷ
3027 2221 3493 2292 βίῳπερίειοιν,
3565 2214 4025 2282 ἑνδιοτρίψωμεν.

2457 2339 2476 2371 ι
2513 2321 2711 2373 Verum
2755 2314 3156 2380 antiquioribus
3203 2311 3340 2376 (haec
3367 2307 3509 2363 enim
3559 2307 3685 2375 quis
3737 2311 4025 2358 recenseat

2453 2420 2614 2479 atque
2650 2416 2865 2461 enarret
2885 2404 2927 2470 τ)
2959 2401 3141 2456 missis
3164 2399 3421 2468 martyris
3456 2397 3759 2458 miraculis,
3790 2395 3846 2448 in
3874 2394 4028 2448 novis

2454 2519 2516 2557 ac
2551 2499 2946 2556 recentioribus
2973 2501 3029 2548 ct
3067 2506 3302 2562 quorum
3335 2490 3514 2542 adhuc
3542 2488 3699 2540 multi
3739 2493 4020 2554 spectato-

2455 2608 2542 2649 res
2583 2594 2747 2646 etiam
2777 2598 2833 2643 et
2869 2595 3034 2641 testes
3060 2586 3115 2638 in
3143 2582 3284 2637 vivis
3313 2586 3628 2650 supersunt.
3661 2590 3886 2643 operam
3935 2589 4028 2643 po-

2456 2699 2670 2741 uamns.
2713 2701 2732 2733 ι
2783 2678 2995 2745 Quibus
3026 2675 3210 2730 verbis
3237 2683 3394 2726 attate
3430 2685 3550 2725 sese
3578 2684 3607 2722 a
3643 2670 3808 2722 rebus
3832 2706 3848 2729 ,
3889 2679 4028 2733 quas

2458 2780 2600 2834 dicta
2629 2773 2871 2829 narratio
2898 2766 3300 2836 complectitur.
3335 2761 3476 2816 haud
3507 2775 3697 2830 parum
3731 2757 3906 2813 fuisse
3943 2771 4028 2811 re-

2459 2878 2665 2926 motum
2690 2907 2708 2931 ,
2757 2863 2903 2918 haud
2949 2861 3184 2915 obscure
3213 2855 3448 2917 iudicat;
3479 2851 3778 2920 scriptores
3809 2859 3991 2903 autem
4010 2885 4027 2909 .

2459 2972 2517 3018 ut
2541 2961 2644 3016 sibi
2679 2960 2731 3011 in
2764 2955 2964 3009 talibus
2989 2987 3007 3015 .
3038 2955 3227 3016 utpote
3261 2944 3471 2998 credito
3497 2939 3793 2996 admodum
3832 2936 4029 2992 diii-

2458 3054 2623 3113 lihus.
2647 3050 2804 3103 iidem
2833 3043 3194 3099 indubitatam
3221 3035 3706 3096 concilient,ctate
3736 3027 4028 3098 propinqui

803 3123 1007 3223 [uigore
1047 3165 1180 3221 pene
1210 3123 1536 3210 excreatur,
1576 3153 1782 3197 vestem
1810 3139 2071 3194 attentius
2099 3135 2355 3190 conslde-
2383 3177 2427 3232 ο
2462 3172 2464 3197 η

2383 3177 2427 3232 c
2462 3147 2718 3211 nulloque
2737 3157 2799 3195 ex
2831 3140 3009 3206 capite
3033 3134 3273 3202 suspecti
3305 3127 3674 3195 requirantur,
3704 3123 3872 3190 idque
3897 3137 4030 3190 pra:-

2997 3223 3048 3232 -.
3225 3221 3238 3232 .
3426 3231 3438 3232 ,
3472 3216 3541 3232 .4
3574 3229 3617 3232 ,ν
3644 3213 3807 3232 _,___
3862 3211 3993 3232 ,πη

802 3255 907 3308 rat.
949 3261 1058 3297 rem
1093 3243 1250 3296 ocius
1283 3238 1548 3303 divulgat,
1580 3249 1741 3291 senes
1768 3238 2127 3292 concurrunt,
2156 3226 2360 3296 pretio-

801 3353 918 3392 sam
968 3337 1112 3388 illam
1162 3339 1368 3385 vestem
1426 3339 1752 3397 purpuream
1803 3321 2175 3390 speculantur.
2247 3334 2358 3372 rem

803 3443 944 3490 esse.
985 3440 1105 3494 quae
1153 3423 1219 3477 ad
1252 3423 1631 3490 imperatorem
1681 3423 1911 3485 spectet.
1944 3414 2257 3481 npiuantnr,
2295 3411 2362 3462 il-

811 3519 919 3572 lico
947 3519 1038 3586 qui
1073 3516 1226 3578 huic,
1257 3513 1401 3582 quod
1436 3515 1734 3572 evenerat,
1766 3506 2107 3575 significent.
2144 3500 2362 3556 nuntios

811 3610 1053 3668 mittunt,
1087 3602 1450 3672 imperatorio
1482 3601 1645 3663 diem,
1665 3611 1774 3666 quo
1801 3606 2000 3648 vestem
2034 3605 2378 3661 purpuream-

815 3713 974 3753 sacro
1014 3694 1186 3750 sancti
1236 3687 1540 3745 conditorio
1571 3679 1876 3754 impositam
1929 3680 2156 3735 inveniri
2185 3679 2364 3731 couzi-

807 3793 994 3860 gisset,
1044 3785 1290 3855 inquirit,
1367 3794 1490 3837 esse
1539 3778 1693 3831 illum
1752 3777 1951 3842 ipsum,
2004 3786 2114 3840 quo
2160 3779 2362 3823 vestem

811 3879 1211 3948 imperatoriam
1247 3882 1408 3926 noete
1440 3867 1764 3940 praecedenti
1793 3864 1962 3919 fuisse
1983 3861 2244 3924 ablatam,
2263 3860 2363 3912 sibi

811 3972 880 4025 ab
910 3970 1226 4023 oﬂieialibus
1253 3972 1401 4020 esset
1442 3961 1670 4015 relatum
1693 3997 1710 4024 ,
1737 3954 2017 4023 comperit.
2062 3951 2362 4024 prodigium

809 4062 1077 4132 agnoscit,
1119 4074 1290 4128 eoque
1337 4056 1569 4126 primum
1615 4065 1722 4105 uua
1769 4061 1890 4102 cum
1953 4045 2072 4100 aula
2114 4045 2366 4096 universa

757 4198 762 4200 .
812 4149 1164 4218 obstupescit.

882 4243 974 4295 5i.
1005 4239 1206 4293 Deinde
1231 4250 1384 4299 vero,
1416 4243 1474 4288 ut
1501 4235 1569 4288 ad
1621 4233 1671 4286 id
1706 4230 1846 4301 quod
1883 4230 1992 4283 huc
2022 4225 2365 4295 potissimum

815 4342 1043 4401 spectat,
1068 4330 1178 4399 jam
1203 4330 1439 4390 veniam,
1487 4325 1735 4384 Videtur,
1761 4322 1955 4389 inquit,
1982 4325 2051 4371 ob
2079 4320 2367 4378 incuriam,

815 4424 1042 4476 dixerim
1088 4429 1268 4473 autem
1321 4425 1377 4471 et
1423 4416 1492 4469 ob
1541 4414 2005 4483 ingratitudinem,
2041 4421 2241 4477 martyr
2271 4423 2369 4460 nos

2463 3240 2620 3308 cipue
2656 3243 2806 3292 tunc.
2839 3242 2962 3283 cum
2997 3223 3073 3288 id.
3097 3221 3241 3292 quod
3271 3216 3548 3274 memoria
3573 3213 3833 3283 produnt,
3860 3211 4029 3266 silen-

2461 3303 2536 3385 tio
2569 3328 2636 3381 ab
2669 3321 2924 3376 omnibus
2955 3328 3180 3386 prorsus
3203 3311 3346 3374 aliis.
3364 3311 3443 3364 uti
3467 3310 3555 3364 hic
3580 3307 3663 3367 lit.
3697 3303 4027 3376 prateritur.

2462 3421 2661 3473 Adhazc
2683 3407 3001 3467 Emmanuel
3028 3406 3340 3460 Conmenus
3363 3401 3657 3470 imperator
3691 3397 4031 3464 improspera

2463 3512 2576 3566 l'ere
2606 3518 2821 3573 semper
2855 3501 3069 3555 fortuna
3101 3497 3154 3551 in
3185 3495 3346 3548 bellis
3389 3503 3475 3547 est
3522 3504 3677 3553 usus,
3717 3488 4034 3556 nullamque

2462 3616 2708 3672 prorsus.
2739 3609 2902 3666 quam
2929 3631 2943 3656 ,
2990 3588 3228 3645 inimicis
3261 3586 3434 3641 sancti
3478 3581 3734 3637 Demetrii
3773 3594 3880 3649 ope
3910 3593 4034 3647 pro-

2462 3671 2667 3762 digiose
2711 3685 3025 3759 prostratis,
3057 3689 3365 3750 reportasse
3392 3689 3515 3730 eum
3539 3713 3557 3739 ,
3595 3671 3906 3726 verosimile
3937 3684 4032 3738 apo

2467 3793 2673 3855 pareat.
2706 3777 2988 3833 victoriam
3033 3768 3326 3827 admodum
3381 3766 3646 3836 insignem
3699 3778 3729 3817 a
3765 3762 4034 3830 scriptore

2465 3852 2572 3928 iiile
2601 3871 2764 3939 digno
2794 3869 2878 3921 vel
2914 3879 3023 3917 uno
3052 3859 3346 3916 memorari
3382 3856 3620 3911 invenio.
3660 3852 3847 3920 Neque
3880 3865 4030 3911 vero.

2468 3974 2528 4018 ut
2555 3964 2637 4017 vel
2668 3972 2805 4014 tunc
2837 3957 3025 4020 etiam,
3051 3969 3176 4006 cum
3210 3949 3473 4004 adversus
3500 3946 3808 4001 Saracenos
3831 3943 4033 3995 aliosve

2467 4055 2591 4112 ﬁdei
2618 4050 2948 4106 Christiane
2979 4047 3170 4100 hostes
3211 4042 3440 4097 bellaret
3465 4077 3480 4100 .
3520 4039 3744 4092 cmleste
3769 4033 4030 4087 auxilium

2467 4143 2824 4215 experiretur.
2851 4139 3063 4192 ratione
3091 4136 3198 4188 ulla
3226 4134 3426 4200 dignus
3451 4129 3621 4184 fuisse
3640 4128 3856 4182 videtur
3887 4125 4036 4195 priu-

2472 4253 2599 4306 ceps
2631 4235 2743 4298 ille,
2775 4233 2890 4301 qui,
2919 4226 3376 4299 quemadmodum
3397 4238 3462 4278 es
3485 4220 3733 4276 unanimi
3762 4218 3876 4273 iere
3901 4216 4036 4288 scri-

2471 4343 2688 4400 ptorum
2720 4324 3154 4396 syuchronorum
3191 4317 3506 4372 testimonio
3547 4320 3763 4368 constat
3785 4349 3803 4374 .
3839 4309 4034 4363 (Ioren-

2471 4397 2745 4475 tissimum
2771 4413 3215 4469 Christianorum
3251 4406 3549 4463 exercitum
3578 4442 3594 4466 ,
3647 4401 3750 4457 sub
3799 4397 4030 4453 Conradi

816 4512 1111 4582 corripere.
1164 4509 1296 4563 Cum
1327 4510 1473 4562 enim
1522 4505 1720 4574 sa-pius
1772 4504 1887 4572 ipse
1936 4504 1988 4553 in
2036 4500 2233 4568 pra-his
2279 4509 2452 4570 prop

2371 4509 2452 4570 ’Β
2479 4507 2826 4580 imperatoris
2868 4505 3036 4560 ductu
3068 4502 3122 4555 in
3154 4498 3495 4553 Palatinam
3545 4501 3738 4550 contra
3791 4491 4032 4546 inﬁdeles

820 4606 975 4657 uobis
1021 4601 1269 4665 certarit,
1311 4600 1668 4666 ittitttit'antte
1720 4591 1940 4650 uosti'os
1981 4591 2371 4661 prostraverit,

821 4709 921 4750 uos
956 4709 1021 4747 ne
1061 4693 1226 4746 semel
1261 4692 1476 4760 quidem
1505 4689 1586 4742 vel
1621 4703 1784 4756 parvo
1817 4685 2176 4754 qualicunque
2204 4683 2374 4733 iloua-

822 4789 904 4840 rio
933 4783 1121 4838 victori
1150 4783 1353 4852 gratias
1375 4781 1620 4850 egimus;
1657 4789 1715 4830 ut
1742 4777 1920 4838 nobis,
1964 4774 2373 4828 retributionem

821 4892 929 4931 non
964 4875 1303 4936 curantibus,
1339 4884 1539 4926 vestem
1587 4884 1910 4939 purpuream
1955 4867 2170 4920 auferre
2201 4873 2378 4918 certa-

824 4969 1027 5020 minum
1062 4965 1233 5019 victor
1264 4964 1429 5017 fuerit
1466 4972 1706 5015 coaetus.
1745 4959 1869 5012 llaec
1896 4958 2103 5019 Graece,
2131 4971 2250 5024 quae
2273 4956 2378 5009 huc

825 5072 994 5124 usque
1042 5055 1358 5124 eutupcudio
1403 5053 1592 5107 Latino
1631 5052 1755 5105 data
1805 5066 1833 5102 a
1867 5051 2026 5104 nobis
2051 5049 2161 5118 iam
2209 5059 2376 5110 sunt.

825 5148 996 5201 {iustus
1031 5145 1279 5200 uouuibil
1313 5158 1474 5212 supra
1500 5145 1595 5195 cit.
1617 5139 1860 5195 Joannes
1891 5139 2232 5201 Stauraeius.
2255 5152 2378 5190 mox

823 5242 987 5293 etiam
1022 5236 1358 5305 subjungens
1381 5243 1492 5286 tum
1526 5234 1685 5286 verba
1717 5231 1996 5291 nonnulla,
2032 5230 2227 5297 quibus
2253 5239 2380 5282 tunc

829 5328 1148 5382 Brumauuel
1200 5327 1510 5383 Comum-nus
1558 5324 1876 5376 nominatim
1926 5331 2115 5375 sancto
2157 5323 2378 5391 martyri

827 5417 893 5467 de
941 5417 1182 5484 praestita
1225 5415 1327 5467 sibi
1361 5413 1429 5465 ab
1463 5428 1528 5466 eo
1567 5413 1620 5464 in
1673 5412 1825 5465 bellis
1888 5411 2132 5464 subsidio
2179 5415 2380 5479 gratias

827 5505 1019 5571 egerit,
1045 5513 1157 5556 tum
1186 5503 1348 5556 etiam
1380 5502 1664 5564 bonorum,
1688 5514 1808 5569 quae
1828 5499 2024 5560 eidem,
2048 5513 2158 5568 quo
2181 5501 2381 5568 gratias

829 5602 1092 5664 prmterea
1154 5593 1558 5662 qualescunque
1592 5591 1837 5653 referret,
1884 5575 2202 5652 contulerit,
2238 5590 2380 5643 nuri-

831 5687 979 5737 tiam.
1012 5683 1166 5749 Quod
1216 5684 1259 5737 sl
1309 5685 1488 5752 itaque
1519 5683 1772 5750 scriptori
1815 5681 1886 5734 illi
1923 5679 2251 5735 credendum
2289 5682 2377 5743 sit,

831 5774 989 5830 fuerit
1020 5776 1183 5829 etiam
1227 5774 1558 5829 Emntauueli
1589 5773 1884 5837 Conmeuo,
1916 5772 2152 5825 Orientis
2183 5775 2382 5826 ειη-ωηο

2479 4609 2786 4670 pergentem
2810 4636 2828 4662 ,
2866 4594 3135 4650 nefarium
3170 4590 3223 4644 in
3255 4590 3472 4643 modum
3519 4587 3716 4656 partim
3763 4583 4034 4638 submini-

2477 4701 2666 4749 strata.
2697 4687 2784 4741 eni
2823 4685 3025 4739 calcem
3057 4679 3345 4736 admisceri
3381 4677 3621 4741 fecerat,
3657 4674 3864 4734 farina.
3913 4687 4038 4741 par-

2481 4783 2573 4835 tim
2606 4779 2937 4838 Turrorum.
2985 4773 3188 4842 quibus
3226 4771 3376 4824 illum
3417 4769 3636 4838 indigne
3681 4765 3995 4836 prodiderat
4022 4801 4036 4822 .

2479 4870 2695 4926 insidiis
2725 4866 3025 4922 necandum
3053 4862 3282 4916 curavit.
3310 4860 3578 4914 Omnibus
3611 4860 3798 4928 itaque
3847 4857 4040 4912 sedulo

2479 4961 2752 5030 expende.
2819 4956 3053 5010 fueritne
3100 4968 3340 5020 unquam
3389 4949 3728 5005 Emniauueli
3761 4947 4040 5003 Coninenn

2481 5070 2511 5108 a
2557 5061 2748 5106 sancto
2784 5047 3054 5101 Demetrio
3091 5043 3400 5114 prodigiose
3433 5043 3487 5094 in
3508 5039 3652 5094 bello
3679 5052 4000 5092 succursum
4026 5077 4038 5095 ,

2481 5146 2703 5199 dubium
2741 5155 2874 5196 sane
2902 5138 3196 5193 admodum
3224 5175 3240 5200 ,
3274 5150 3340 5188 ne
3384 5134 3626 5188 deterius
3659 5131 3789 5201 quid
3823 5129 3998 5183 dicam
4026 5168 4040 5186 ,

2483 5235 2609 5288 tuihi
2639 5241 2881 5300 apparet.

2550 5325 2638 5377 35.
2674 5321 2780 5375 Nec
2811 5321 2998 5383 etiam,
3031 5331 3089 5371 ut
3118 5319 3182 5370 ad
3217 5317 3268 5370 id
3296 5355 3311 5376 .
3343 5313 3487 5383 quod
3524 5313 3613 5367 hic
3643 5312 3823 5366 adhuc
3855 5311 4043 5362 dicen-

2482 5415 2611 5467 dum
2644 5422 2827 5470 restat,
2861 5414 2968 5478 jam
3003 5423 3244 5477 pergam.
3270 5417 3475 5462 certum
3503 5419 3818 5458 asseverare
3847 5404 4040 5461 ausim,

2483 5505 2794 5560 Andronico
2821 5500 3055 5563 Juniori,
3091 5499 3293 5552 smeulo
3325 5508 3526 5566 quarto
3565 5496 3784 5549 decimo
3829 5493 4043 5548 (ἐγκρυ-

2483 5611 2601 5652 rum
2648 5593 2983 5663 imperatori,
3025 5590 3212 5644 bellica
3255 5589 3309 5642 in
3338 5587 3713 5654 expeditione,
3756 5601 3860 5652 qua
3899 5601 4039 5636 anno

2486 5688 2619 5746 1⁸527
2640 5684 3077 5740 Thessalonicam
3104 5680 3412 5746 occupavit.
3429 5693 3590 5748 opem
3615 5677 3693 5732 fui
3727 5693 3784 5730 se
3804 5697 3832 5729 ει
3857 5690 4040 5730 ςιιιιειο

2489 5775 2757 5833 Demetrio
2790 5775 3000 5825 allatam
3031 5809 3046 5832 .
3082 5770 3159 5823 uti
3181 5808 3195 5825 .
3225 5770 3343 5837 qum
3373 5767 3612 5821 Juannes
3643 5769 3908 5820 (lantaeuz
3950 5781 4042 5817 nus
