4206 6438
277 382 408 447 Ml?

1269 385 1329 445 S.
1375 381 1747 443 DEMETRII
1790 380 2179 441 MARTYRIS
2221 380 2425 438 ACTA.

3321 376 3458 439 1418

270 498 732 552 llistoriarttrrtlib.
762 513 797 561 ι,
820 496 1027 566 ειμὸδ
1045 495 1635 565 suppeditat,verba,in
1657 495 1815 549 Com-
1843 496 1893 555 Α
1921 496 2216 548 nachorum
2281 496 2330 546 iii
2367 493 2433 546 iis
2481 492 2741 558 houtrque
2775 492 3078 561 degentium
3117 492 3460 546 multitudine

267 589 526 642 intentario
582 589 780 656 praevio
841 603 990 642 num.
1041 587 1135 640 121
1182 588 1290 654 jam
1327 586 1813 647 recitata,innuere

267 679 538 733 videntur.
576 680 648 731 Ita
684 682 864 732 animo
891 690 1228 748 comparatus
1257 690 1400 738 sum,
1436 676 1578 743 quod
1614 677 1663 728 in
1702 683 1813 727 tota

267 765 628 821 Cantacuzeni
664 768 728 821 de
758 777 1017 835 occupata
1049 782 1141 836 per
1168 767 1541 820 Andronicum
1577 766 1813 820 Thessa-

269 861 443 912 lonica
472 860 778 913 narratione
808 860 939 911 nihil
968 860 1190 913 omnino
1222 866 1489 924 occurrat,
1519 858 1647 925 quin
1683 858 1813 912 solis

266 957 470 999 natura:
494 947 695 1001 viribus
721 948 833 1000 ﬁeri
858 947 1015 1001 facile
1038 948 1299 1014 potuerit;
1336 948 1604 1016 superiori
1634 956 1811 999 autem

267 1040 457 1092 virtuti
494 1039 716 1103 factum,
757 1051 963 1095 natura
984 1042 1128 1094 vires
1161 1040 1300 1094 haud
1331 1041 1619 1102 excedens,
1649 1039 1816 1092 ascri-

268 1131 396 1184 bere
432 1146 536 1184 non
586 1131 898 1195 debeamus,
928 1132 1032 1185 nisi
1072 1133 1238 1194 forte,
1276 1134 1417 1201 quod
1467 1133 1681 1185 interim
1730 1130 1815 1183 hic

269 1236 375 1275 non
414 1224 489 1286 tit,
523 1223 660 1276 ratio
716 1224 982 1290 quaepiam
1015 1225 1157 1290 justa
1188 1238 1251 1277 ac
1285 1223 1453 1277 solida
1485 1224 1813 1277 contrarium

270 1314 512 1367 suadeat.
551 1312 746 1367 Verum
814 1314 914 1367 etsi
961 1315 1173 1381 quidem
1217 1316 1269 1367 in
1300 1311 1693 1369 Thessalonicae
1725 1328 1816 1379 per

269 1403 633 1456 Andronicum
678 1406 1031 1473 occupatione
1081 1405 1397 1459 miraculum
1419 1443 1435 1468 ,
1467 1412 1524 1458 ut
1554 1414 1771 1474 apparet
1798 1445 1812 1469 ,

273 1510 369 1546 seu
405 1508 700 1563 supernum
743 1509 770 1547 a
813 1503 1001 1549 sancto
1038 1494 1304 1549 Demetrio
1341 1497 1811 1549 subministratum

273 1584 531 1638 auxilium
567 1586 953 1639 admittendum
986 1601 1091 1639 non
1126 1587 1391 1647 videatur,
1426 1586 1690 1640 miracqu
1729 1596 1809 1638 ta-

276 1690 419 1737 men,
461 1691 556 1743 per
586 1686 834 1731 sanctum
871 1678 1196 1732 Demetrium
1242 1687 1472 1745 patrato,
1512 1688 1566 1730 nt
1608 1678 1816 1730 Andro-

278 1763 848 1826 nicus,Thessaiiinica
872 1769 976 1836 jam
1005 1776 1289 1836 occupata,
1310 1768 1372 1820 ab
1402 1769 1695 1821 inveterato
1726 1784 1815 1835 pe-

277 1857 621 1925 riculosaque
667 1858 909 1919 vulnere,
949 1860 998 1909 iu
1036 1858 1170 1927 pede
1205 1867 1443 1925 accepto,
1481 1858 1682 1925 absque
1711 1857 1817 1909 ulla

277 1962 445 2009 mora,
470 1962 589 1999 cum
623 1960 895 2015 unguento
925 1964 954 2002 e
982 1950 1151 2001 sancti
1187 1949 1437 2001 De'netrii
1471 1950 1679 2001 tumulo
1710 1963 1825 2001 sca-

278 2038 528 2101 luriente,
581 2038 920 2090 linereillum
980 2037 1526 2099 decrevisset,l’uerit
1572 2043 1825 2101 sanatus‘,

278 2126 475 2178 factum
507 2129 774 2181 existimo.
806 2127 910 2181 Nec
940 2129 1147 2192 dubito,
1174 2130 1300 2195 qttin
1330 2130 1458 2181 mihi
1496 2144 1819 2182 assensurus

276 2216 365 2278 sit,
402 2217 706 2284 quicunque
743 2218 981 2285 proxime
1040 2218 1270 2280 laudata,
1308 2219 1506 2284 quibus
1537 2218 1693 2270 etiam
1733 2218 1830 2270 mi-

279 2307 462 2358 rabilis
509 2309 598 2359 illa
645 2308 935 2359 Andronici
978 2307 1188 2360 sanatio
1256 2315 1525 2368 narratur,
1567 2305 1828 2359 Cantacu-

281 2397 396 2450 xeni
450 2398 609 2449 verba
656 2406 863 2451 attento
911 2398 1091 2450 animo
1146 2397 1478 2464 cxpendcrit.
1534 2394 1823 2449 Schismati

281 2488 520 2554 quidem,
550 2503 657 2555 quo
693 2488 930 2541 Ecclesia
960 2488 1140 2540 Graeca
1175 2503 1201 2539 a
1228 2487 1423 2540 Christi
1455 2488 1689 2541 Ecclesia
1714 2496 1828 2540 erat

281 2578 542 2643 seiuncta.
574 2578 879 2630 adhmrebat
909 2578 1266 2639 Andronicus;
1300 2592 1480 2629 verum
1508 2577 1823 2630 beneﬁcium

282 2669 413 2721 adeo
445 2668 699 2723 eximium
735 2666 785 2719 in
818 2668 1086 2720 hominem
1122 2669 1283 2721 etiam
1328 2668 1632 2735 hujusntodi
1660 2667 1827 2721 fuisse

284 2759 576 2821 collatum,
624 2757 926 2810 mirandum
987 2774 1089 2810 non
1129 2766 1245 2818 est,
1298 2773 1422 2810 cum
1480 2758 1823 2811 historiarum

286 2849 643 2901 monumentis
682 2850 947 2915 proditum
997 2850 1098 2912 sit,
1156 2849 1384 2915 ingentia
1422 2849 1676 2902 miracula
1726 2849 1826 2901 ali-

284 2938 497 3003 quando
524 2939 573 2989 in
607 2938 853 2990 ethnicos
877 2950 922 2989 et
952 2952 977 2987 a
996 2936 1301 2990 Christiana
1327 2938 1578 3003 religione
1604 2954 1827 3006 prorsus

285 3030 487 3079 alienos
522 3042 548 3079 a
587 3028 715 3080 viris
765 3028 988 3087 sanetis.
1019 3027 1099 3080 rel
1130 3027 1236 3095 jam
1275 3029 1325 3079 in
1356 3029 1552 3080 caelum
1587 3032 1816 3097 receptis

1916 586 2291 644 celeberrimo,
2324 587 2483 637 vitam
2518 584 2808 635 solitariam
2841 582 3067 651 agebat;
3111 597 3233 636 cum
3282 592 3457 635 autem

1919 677 1986 729 ita
2023 676 2164 728 haud
2204 675 2386 743 procul
2438 674 2724 727 admodum
2759 688 2785 725 a
2822 672 3292 726 Thessalonicensi
3330 672 3461 725 civi-

1918 774 2047 831 tate,
2079 776 2260 833 utpote
2303 777 2355 818 ct
2390 767 2501 831 ipsa
2538 766 2586 816 in
2628 763 2937 817 Macedonia
2968 764 3095 825 sita,
3131 775 3460 825 versaretur,

1916 861 1980 911 de
2017 859 2134 912 oleo
2186 874 2280 911 seu
2345 867 2640 925 unguento,
2692 857 2830 923 quod
2886 856 2938 907 in
2993 854 3465 909 Tliessalonicensi

1918 950 2087 1003 sancti
2121 947 2372 1002 Demetrii
2422 948 2639 1000 basilica
2668 961 2695 999 c
2724 961 2877 999 sacro
2930 946 3090 1013 hujus
3133 945 3338 999 tumulo
3380 946 3467 997 in-

1917 1041 2058 1109 genti
2088 1056 2146 1093 ac
2176 1039 2438 1106 stupenda
2467 1040 2619 1106 capia
2644 1039 2894 1091 continuo
2924 1039 3170 1105 stillaret,
3192 1052 3469 1093 sermones

1918 1145 1944 1183 s
1978 1131 2221 1197 pluribus
2250 1130 2465 1183 misceri
2494 1129 2630 1182 haud
2656 1143 2775 1180 raro
2791 1130 3051 1182 audierat.

1986 1222 2095 1277 54⁸.
2130 1220 2324 1275 Verum
2352 1222 2427 1275 rei
2458 1220 2772 1288 prodigiosae
2807 1220 2960 1273 tidem
2994 1220 3129 1273 haud
3161 1220 3466 1274 adhibebat.

1916 1314 2049 1368 Cum
2079 1314 2243 1373 enim,
2274 1314 2502 1376 dicebat,
2528 1314 2696 1365 sancti
2725 1312 2998 1375 Demetrii,
3027 1313 3118 1380 qui
3151 1311 3305 1365 hasta
3338 1312 3473 1365 dun-

1917 1412 2063 1459 taxat
2091 1404 2371 1457 confossus
2412 1403 2682 1464 occubuit,
2719 1417 2817 1455 nec
2845 1403 2995 1471 plura
3040 1411 3305 1456 tormenta
3338 1404 3472 1457 sub-

1917 1497 1998 1559 iit,
2050 1496 2359 1563 martyrium
2424 1493 2554 1546 nihil
2611 1496 2826 1546 omnino
2875 1495 3145 1563 singulare
3189 1496 3470 1563 habuerit,

1918 1594 1975 1636 ut
2010 1584 2097 1653 qui
2134 1599 2239 1651 pne
2269 1584 2467 1636 sanctis
2500 1583 2825 1650 martyribus
2878 1584 3017 1644 aliis,
3053 1584 3143 1651 qtti
3194 1586 3472 1639 atrocissi-

1920 1675 2019 1727 mis
2086 1675 2503 1741 quibuscunque
2571 1676 2809 1726 toleratis
2867 1676 3147 1728 tormentis
3226 1676 3469 1743 martyrii

1922 1766 2145 1833 palmam
2195 1764 2442 1825 retulere,
2481 1764 2646 1831 gratia
2680 1763 2765 1814 illa
2797 1763 2994 1817 Sancto
3040 1765 3125 1817 isti
3172 1765 3326 1833 plane
3361 1767 3474 1817 cxi-

1937 1855 2063 1917 mia,
2083 1862 2139 1905 ut
2163 1869 2191 1907 e
2218 1856 2423 1907 tumulo
2452 1852 2566 1919 eius
2599 1864 2926 1920 unguentum
2948 1896 2961 1918 ,
2991 1858 3246 1912 sanandis
3274 1860 3473 1911 morbis

1933 1948 2188 2003 salutare.
2215 1947 2517 2013 prodigiose
2550 1954 2829 2006 seaturiat,
2858 1948 3113 1999 divinitus
3142 1949 3209 2002 sit
3234 1950 3474 2002 collata?

1934 2035 2129 2089 Adliaac
2154 2074 2166 2095 ,
2217 2051 2335 2085 cum
2382 2046 2707 2103 unguentum
2745 2038 2871 2087 illud
2906 2050 2998 2089 seu
3030 2040 3207 2090 oleum
3243 2039 3472 2090 maxima

1932 2127 2169 2193 quotidie
2198 2128 2347 2193 copia
2376 2140 2401 2177 a
2438 2128 2626 2191 populo
2661 2128 2877 2187 hauriri,
2915 2142 3009 2179 nec
3058 2136 3232 2180 tamen
3264 2130 3367 2180 nlla
3394 2143 3474 2180 ra-

1933 2219 2074 2271 tione
2116 2218 2356 2268 imminui
2415 2218 2615 2265 audiret
2644 2254 2655 2275 ,
2689 2232 2716 2265 e
2750 2216 2925 2267 Sancti
2956 2219 3121 2268 nostri
3164 2232 3390 2285 corpore
3424 2220 3472 2271 id

1930 2306 2151 2365 stillare,
2186 2305 2456 2371 aegerrime
2494 2305 2542 2355 in
2592 2306 2831 2356 animum
2865 2306 3169 2370 inducebat,
3207 2323 3271 2362 eo
3311 2311 3475 2364 etiam

1932 2394 2132 2447 idcirco
2191 2396 2552 2460 propendvns.
2610 2404 2667 2445 ut
2728 2395 2899 2447 Olt‘Ulll
2959 2412 3049 2449 seu
3104 2411 3473 2466 unguentum,

1938 2485 2155 2536 aliunde
2202 2492 2355 2536 antea
2392 2496 2657 2551 paratum,
2692 2502 2795 2538 non
2830 2500 3057 2552 superna
3092 2503 3183 2541 seu
3226 2493 3475 2560 martyris

1928 2575 2147 2637 virtute,
2184 2574 2275 2627 scd
2327 2576 2564 2627 humano
2615 2577 2844 2628 artilieio
2893 2576 3076 2629 eﬂ'ecta
3130 2581 3473 2647 scaturigine,

1934 2664 2127 2733 popqu
2162 2664 2408 2732 profundi
2445 2684 2538 2721 seu
2572 2669 2969 2722 SllbltlittiSlral‘i
3003 2669 3347 2726 existimaret.
3379 2672 3476 2727 Ve-

1931 2772 2046 2807 rum
2099 2757 2367 2811 monacho
2414 2759 2527 2820 illi,
2569 2774 2670 2825 qua
2721 2760 3146 2814 incredulitatem
3193 2779 3343 2817 suam
3378 2764 3477 2818 fuit

1928 2848 2208 2911 dedoctus,
2237 2850 2373 2903 visio
2401 2852 2634 2905 cmlestis
2663 2852 2760 2904 f'uit
2792 2855 2986 2906 oblata.
3012 2855 3155 2909 llanc
3179 2856 3332 2924 ipsis,
3361 2873 3478 2924 quae

1928 2939 2165 2994 Joannes
2216 2940 2533 2993 Stanracius
2586 2943 2703 2996 loco
2759 2948 2850 2996 cit.
2905 2946 3232 3012 suppeditat,
3280 2947 3479 3001 Grzecis

1929 3030 2147 3089 verbis,
2206 3030 2383 3083 addita
2442 3032 2602 3084 etiam
2657 3034 2720 3086 ad
2779 3034 2981 3087 calcem
3039 3038 3480 3105 interpretatione

284 3120 360 3171 vel
388 3119 559 3171 adhuc
585 3122 746 3170 vitam
775 3119 1052 3171 nobiscum
1075 3118 1427 3185 agitantibus,
1454 3129 1661 3186 patrata
1683 3135 1824 3173 esse.
1854 3147 1897 3205 ο
1933 3119 2116 3172 Latina
2146 3161 2157 3182 ,
2216 3120 2402 3174 lectori
2453 3121 2536 3175 hic
2588 3123 2711 3176 libet
2789 3126 3064 3178 exhibere.
3124 3126 3211 3180 Sic
3257 3128 3413 3181 habet
3465 3149 3476 3183 :

286 3211 358 3261 lta
395 3208 506 3261 fere
543 3210 594 3262 in
632 3210 742 3262 suis
777 3210 837 3259 ad
870 3209 1114 3274 proximo
1147 3210 1242 3261 cit.
1274 3208 1636 3261 Cantacuzeni
1670 3219 1829 3277 caput

295 3299 737 3351 Adnotationibus
764 3296 1049 3351 Societatis
1080 3307 1278 3351 nostra:
1306 3299 1559 3351 sacerdos
1588 3298 1826 3353 Jacobus

288 3388 613 3449 Gretserus;
648 3388 737 3455 qui
789 3404 909 3441 cum
960 3388 1153 3439 ibidem
1210 3399 1464 3456 praeterea
1520 3390 1685 3441 multa
1731 3391 1833 3442 alia

292 3480 427 3529 hanc
481 3479 530 3530 in
566 3488 677 3530 rem
710 3488 1008 3545 opportune
1045 3479 1271 3531 disserat
1302 3518 1316 3541 ,
1356 3480 1629 3532 curiosum
1672 3479 1834 3531 lecto-

290 3584 397 3620 rem
430 3572 491 3619 ad
523 3584 643 3621 eum
676 3570 955 3621 brevitatis
987 3584 1145 3622 causa
1178 3572 1412 3631 remitto,
1448 3572 1519 3619 uti
1549 3578 1617 3640 ct’
1639 3572 1701 3620 ad
1735 3584 1793 3621 ea
1816 3605 1832 3632 ,

288 3673 405 3723 qua:
450 3660 629 3725 operis
669 3661 837 3711 nostri
888 3666 1068 3711 tomus
1109 3662 1352 3726 proxime
1408 3660 1732 3712 antecedens
1780 3659 1832 3711 in

288 3748 705 3810 Commentario,
742 3749 886 3801 Actis
939 3748 1037 3801 SS.
1072 3748 1238 3818 Sergii
1284 3758 1336 3804 et
1377 3749 1567 3804 Bacchi
1616 3750 1833 3817 praevio,

288 3837 311 3903 ᾗ
341 3838 390 3899 5,
424 3839 807 3905 complectitur.

293 3947 317 4015 ξ
358 3948 441 4000 111.
500 3946 786 4009 Nonnulla,
826 3964 938 4014 qua:
989 3959 1234 4014 praeterea
1287 3948 1347 4000 de
1395 3949 1691 4014 prodigiosa
1740 3965 1835 3999 un-

362 4030 569 4081 guento,
598 4033 622 4065 ε
647 4020 812 4067 sancti
845 4019 1091 4068 Demetrii
1134 4018 1330 4067 tumulo
1392 4020 1696 4068 sCuturientc
1730 4032 1833 4068 me-

365 4088 541 4137 moria:
570 4095 778 4136 exstant
810 4087 1036 4151 prodita,
1072 4086 1124 4135 in
1152 4086 1376 4137 medium
1411 4087 1762 4137 adducuntur.

367 4196 451 4247 3t.
487 4195 595 4247 Etsi
627 4196 835 4263 quidem
873 4208 1199 4265 unguentum
1221 4212 1249 4249 e
1271 4199 1440 4249 sancti
1472 4198 1720 4249 Demetrii
1754 4206 1836 4249 ιιι-

299 4292 443 4338 mulo
478 4288 600 4338 olim
649 4301 751 4339 non
800 4296 1003 4339 tantum
1061 4289 1314 4347 stillasse,
1372 4288 1462 4341 sed
1524 4296 1576 4340 et
1631 4288 1831 4355 ingenti

297 4391 514 4439 prorsus
555 4390 613 4426 ac
648 4376 907 4443 stupenda
939 4377 1091 4443 copia
1140 4376 1189 4427 id
1246 4376 1464 4437 factum,
1504 4375 1729 4429 adducta
1782 4376 1832 4429 in

1950 3208 2151 3261 Ἐδόκει
2226 3210 2343 3261 καθ’
2399 3212 2595 3272 ὕπνους
2645 3213 2889 3279 yet/£301:
2941 3218 3005 3282 τῇ
3047 3215 3479 3271 Θεσσαλονικέων

1938 3298 2107 3361 πόλει,
2147 3302 2236 3351 καὶ
2284 3301 2372 3352 τὸν
2410 3303 2533 3353 ναὸν
2565 3304 3007 3369 καταλαμϐάνειν
3052 3306 3142 3357 τοῦ
3183 3308 3477 3379 μάρτυρος.

1939 3387 2115 3454 εὑρεῖν
2154 3407 2209 3440 τε
2256 3392 2342 3441 τὸν
2376 3394 2640 3459 νεωκόρον
2680 3399 2771 3446 xu".
2806 3401 3144 3463 προσειπεῖν,
3195 3402 3283 3451 καὶ
3315 3402 3479 3453 ἀκοῦ-

1938 3494 2045 3528 σαι·
2074 3474 2144 3529 ⁷11
2184 3480 2353 3545 βού).ει
2388 3482 2581 3533 ἰδέσθαι
2610 3484 2696 3533 τὴν
2725 3484 3008 3556 μάρτυρας
3038 3493 3128 3539 καὶ
3159 3490 3479 3556 dvo-anus?-

1936 3570 2048 3617 κεῖν
2078 3569 2164 3618 τὸν
2205 3570 2466 3631 Basilio-1,
2494 3575 2585 3621 aut
2616 3574 2731 3625 λίαν
2759 3578 2835 3636 εἱς
2864 3577 3014 3627 τοῦτο
3048 3578 3156 3645 ἔχει
3191 3580 3479 3647 διψητικῶς

1936 3654 2070 3707 ὥστε
2136 3660 2225 3707 καὶ
2287 3660 2409 3709 ἰδεῖν
2466 3661 2557 3711 καὶ
2627 3666 3091 3728 προσπτὰξασοαι.
3157 3669 3261 3720 Kal.
3313 3655 3479 3731 οὕτως

1936 3747 1961 3795 ὀ
1995 3746 2091 3813 μὲν
2124 3751 2414 3813 προηγεῖτο
2456 3750 2483 3800 ὁ
2535 3753 2819 3817 νεωκόρος,
2863 3755 3043 3805 εἵπετο
3076 3756 3128 3805 δὲ
3152 3759 3177 3806 ὁ
3216 3757 3477 3818 Ιὶιτὰλιος.

2010 3834 2096 3886 55.
2138 3835 2221 3895 Ὠς
2250 3836 2302 3885 δὲ
2334 3838 2497 3901 ἐγγὺς
2527 3840 2618 3903 τῆς
2652 3839 2794 3897 Θείας
2830 3840 3059 3891 κιϐωτοῦ
3087 3840 3174 3892 τοῦ
3207 3844 3481 3910 μάρτυρος

1936 3925 2187 3990 γένοιντο,
2224 3925 2526 3992 εἰσελθέτην
2549 3927 2711 3994 ἄμφω
2736 3929 2795 3980 ἐκ
2823 3930 2912 3980 τοῦ
2935 3931 3130 3994 ἐλαίου,
3153 3936 3241 3984 καὶ
3272 3934 3363 3995 τὰς
3389 3934 3481 3987 θύ-

1939 4032 2033 4081 ρας
2064 4015 2366 4081 μετέθεντο,
2388 4020 2479 4068 καὶ
2510 4016 2604 4085 τὴν
2645 4019 2794 4084 ἱερὰν
2828 4021 3159 4089 μετέστησαν
3217 4023 3480 4091 λάρνακα,

1937 4104 2029 4153 καὶ
2059 4104 2372 4170 μαρμάρονς
2391 4099 2528 4170 ἦραν
2553 4106 2756 4157 ἐκεῖθεν
2786 4110 2846 4157 ἔκ
2872 4109 3038 4174 μέσον
3064 4109 3219 4161 ἑπτά·
3243 4112 3482 4180 καὶπρὸς

1936 4192 2134 4259 ὀρυγὴν
2172 4194 2264 4257 μὲν
2291 4194 2612 4259 ὰμοιϐαυτδν
2656 4196 2762 4261 (an.
2809 4197 3094 4263 ἁμοιόαδόν
3121 4200 3160 4265 ?)
3190 4201 3279 4251 τοῦ
3310 4204 3483 4255 tuta:

1938 4281 2177 4348 χώματος
2206 4299 2217 4311 ·
2259 4282 2471 4361 μετάεὸὲ
2519 4284 2644 4348 χοῦς
2675 4284 2855 4351 ἕτερος
2907 4288 3139 4354 καθαρὸς
3169 4290 3483 4355 ἀπηντλείτο

1938 4372 2141 4423 ἐκεῖθεν
2205 4372 2422 4433 εὐωδίας
2481 4372 2734 4440 πλιίστης
2794 4374 3092 4436 ἀνάπλεως.
3166 4376 3312 4429 Ἐπεὶ
3350 4378 3403 4429 δὲ
3453 4383 3484 4446 ή

299 4468 698 4519 Commentario
732 4470 954 4536 praevio,
990 4484 1138 4521 num.
1167 4468 1235 4521 95
1260 4478 1311 4521 et
1345 4469 1430 4533 97,
1461 4467 1660 4522 Niceta:
1691 4468 1829 4523 Cho-
1857 4459 1907 4517 D
1932 4465 1959 4515 ὀ

1824 4499 1829 4507 -
1857 4459 1907 4517 Ι)
1932 4465 2099 4533 ὀρυγὴ
2124 4465 2313 4531 quidam
2346 4466 2557 4534 πήχεων
2576 4468 2698 4535 ἄχρι
2723 4468 2904 4533 τριῶν,
2930 4471 3017 4519 καὶ
3044 4470 3300 4537 μικρόντι
3330 4474 3485 4536 πρὸς,

298 4558 453 4609 ηἱηιαι
483 4568 533 4610 et
562 4556 784 4611 Joannis
822 4559 1145 4627 Anagnostm
1192 4560 1355 4612 verba
1411 4571 1492 4613 sat
1541 4561 1837 4614 luculenter

300 4648 550 4714 prodant,
583 4650 681 4702 hoc
724 4658 901 4700 tamen
934 4658 1263 4715 postremum
1296 4661 1669 4717 argumentum
1701 4665 1838 4703 non-

296 4740 423 4788 dum
467 4751 527 4789 ex
578 4738 823 4790 instituto
859 4739 1109 4798 tractavi,
1143 4738 1303 4805 idque
1341 4739 1473 4792 adeo
1504 4739 1582 4791 vel
1614 4739 1836 4798 idcirco,

300 4828 443 4895 quod
480 4828 738 4879 nonnulla
778 4828 953 4880 adhuc
986 4828 1125 4881 haud
1160 4828 1372 4896 penitus
1418 4838 1713 4882 memoratu
1760 4830 1840 4881 iu-

300 4918 460 4985 digna
509 4917 903 4980 subministret,
948 4918 972 4987 ς
1023 4920 1270 4985 praesenti
1320 4919 1496 4972 facere
1543 4921 1839 4984 constitui,

298 5006 479 5071 itaque
532 5020 646 5070 quze
685 5005 749 5057 de
783 5004 980 5057 Sancto
1012 5005 1327 5059 disserenda
1370 5006 1621 5067 fuerunt,
1668 5006 1842 5057 absol-

299 5107 448 5145 vere.
513 5089 580 5144 Ut
633 5092 815 5160 itaque
868 5094 917 5146 id
966 5095 1191 5147 instituti
1253 5095 1499 5158 meliori,
1552 5110 1659 5163 quo
1728 5094 1840 5148 fieri

300 5192 497 5250 potest,
538 5183 731 5235 ordine
764 5186 1068 5253 mancipem
1109 5185 1341 5247 elIectui,
1384 5200 1409 5237 a
1459 5187 1802 5253 suppeditata
1828 5227 1840 5248 ,

299 5289 416 5341 quin
474 5274 524 5326 in
566 5276 749 5329 codice
800 5288 983 5330 nostro
1034 5277 1072 5345 -ιι
1124 5294 1224 5332 ms.
1279 5280 1375 5331 I93
1430 5278 1522 5333 l'ol.
1576 5294 1734 5332 verso
1777 5279 1843 5332 78

300 5374 353 5417 et
383 5380 532 5432 seqq.
567 5382 595 5418 e
627 5364 817 5420 Leonis
863 5369 1045 5420 Allatii
1079 5385 1179 5423 ms.
1226 5378 1471 5435 excerpta
1508 5379 1699 5432 exstat,
1753 5386 1847 5440 per

302 5453 563 5508 Joannem
606 5455 938 5510 Stauracium
974 5474 1134 5527 supra
1164 5462 1459 5527 saepissime
1489 5462 1756 5514 laudatum
1783 5463 1848 5517 de

304 5550 567 5599 monacho
598 5548 850 5614 quodam,
886 5551 1104 5601 nomine
1134 5548 1348 5614 Vitalio,
1377 5552 1681 5605 narratione
1714 5552 1850 5606 duco

306 5636 537 5691 initium.
567 5636 660 5691 Hic
692 5639 741 5689 in
779 5640 1074 5692 celsissimo
1112 5639 1433 5695 Macedonia:
1482 5651 1661 5696 monte
1686 5644 1847 5704 Atho.

310 5739 413 5782 tum
448 5729 901 5783 monasteriorum
961 5745 1079 5797 qua:
1139 5734 1534 5799 complectitur,
1568 5745 1679 5787 tum
1731 5750 1842 5787 mo-

659 5820 921 5879 Pn'aon.
966 5822 1073 5881 Gtt.
1108 5821 1315 5885 CXVI.

1942 4558 2147 4625 λάρναξ
2184 4560 2351 4626 ἐφάνη
2386 4558 2593 4619 τούτοις
2653 4561 3172 4629 περικεκαλυμμὲνη
3212 4566 3484 4634 μαρμάρῳ

1942 4650 2102 4717 λευκῇ
2136 4688 2149 4711 ,
2202 4650 2267 4716 ἢν
2316 4651 2407 4699 καὶ
2446 4649 2647 4717 ταύτην
2681 4650 2886 4700 ἐκεῖθεν
2922 4650 3224 4720 ὀιάραντες,
3266 4655 3357 4704 καὶ
3390 4654 3485 4720 τὴν

1940 4738 2181 4806 λάρνακα
2222 4738 2716 4805 ἀνακαλυψάμενοι,
2748 4735 2884 4791 εἶδον
2915 4740 3061 4792 ἔνδον
3098 4742 3298 4809 ταύτης
3330 4744 3484 4795 ἀκτι-

1942 4826 2258 4880 νοϐοὶοῦντα
2288 4827 2380 4879 τὸν
2413 4829 2663 4895 μάρτυρα
2693 4827 2961 4893 κείμεκον,
2993 4828 3168 4892 ζῶντα
3201 4829 3482 4899 καθαρῶς,

1950 4918 2043 4969 καὶ
2078 4918 2284 4969 ἐοικότα
2312 4918 2656 4979 ὑπνώττοντι,
2682 4918 3078 4985 ὑπομειδιῶντα
3139 4922 3229 4974 καὶ
3258 4923 3484 4991 φαιδρω-

1944 5010 2055 5060 πόν.
2122 5009 2234 5059 Καὶ
2311 5008 2417 5061 ῑδοίι
2473 5009 2662 5076 μυρίαι
2714 5012 2941 5079 τρώσεις
3004 5012 3079 5079 τῷ
3146 5014 3377 5083 μάρτυρι
3425 5017 3484 5066 ὲκ

1944 5099 2213 5167 τραχήλου
2254 5101 2411 5167 μέχρι
2467 5100 2559 5151 καὶ
2606 5100 2801 5167 ὀσφύος
2837 5102 3002 5166 αὐτῆς
3038 5104 3483 5172 πεπυκνωμέναι.

1950 5192 2040 5240 καὶ
2100 5192 2331 5259 ἀλλήλας
2385 5192 2623 5259 ἀκριϐῶς
2679 5193 3135 5260 «poesy-{Housm
3202 5195 3340 5247 κατὰ
3391 5196 3486 5254 τὰς

1946 5280 2490 5349 κηροπλαστουμένας
2556 5284 2672 5343 ταῖς
2726 5283 3005 5351 italiam;
3065 5284 3235 5346 ὀπὰς,
3295 5284 3487 5346 σκεῦος

1948 5366 2055 5421 οἷον
2098 5374 2317 5438 μυωπδν
2368 5373 2460 5424 καὶ
2497 5372 2676 5441 μύρων
2710 5374 3072 5443 “μυρ;ο;ρλέ6ες
3101 5377 3163 5425 ἐκ
3195 5374 3299 5425 τῶν
3340 5375 3486 5425 ὀπῶν

1946 5460 2310 5529 ἀνιπήγαζον,
2365 5462 2577 5530 σφοδρῷ
2616 5462 2864 5528 καθάπερ
2903 5462 3148 5514 κάτωθεν
3200 5462 3485 5530 ἀναφυσώ-

1953 5570 2107 5621 μεναι
2162 5553 2449 5619 πνεύματι·
2490 5554 2581 5605 καὶ
2631 5555 2827 5621 μικροῦ
2882 5555 2983 5606 δεῖν
3045 5556 3090 5605 οἱ
3128 5555 3310 5624 ἄνδρες
3344 5546 3487 5604 οὗτοι

1954 5646 2045 5694 καὶ
2110 5644 2501 5705 κατεκὶώζοντο
2546 5646 2655 5707 τοῖς
2712 5646 2817 5696 τῶν
2880 5646 3065 5713 μύρων
3120 5644 3485 5710 ἀναπηδίονσι

1958 5734 2238 5803 ῥεύμασιν.
2270 5735 2336 5787 Ὀ
2368 5751 2422 5788 τι
2469 5736 2557 5788 καὶ
2590 5738 2616 5787 ὁ
2657 5736 2890 5797 Birino;
2938 5737 3076 5799 ἰδὼν,
3099 5736 3185 5788 καὶ
3218 5732 3484 5801 ὑπερθαν-

2918 5830 2983 5884 ἰδ
