4206 6438
762 359 896 424 ιιιρ

2037 366 2676 435 SUPPLEMENTUM.

3817 375 3949 440 1420

759 471 955 538 μάσας,
1005 468 1066 520 τὸ
1120 467 1261 522 οεῐον
1327 469 1499 522 ικεῖνο
1539 467 1698 539 σῶμα
1752 469 1846 524 τοῦ
1897 473 2167 542 μάρτυρος
2206 474 2339 538 xui,

2401 487 2457 532 ut
2490 479 2589 537 viri
2635 478 2710 534 illi
2767 479 3074 538 subsilieuti
3117 483 3278 538 etiam
3326 484 3586 555 unguenti
3620 481 3771 538 fluxu
3815 485 3943 539 sub-

756 559 1123 634 προσεκύνησε
1156 562 1249 615 καὶ
1274 561 1578 630 ἠσπάσατο,
1615 563 1708 615 καὶ
1742 563 1932 626 σκεῦός
1994 581 2044 618 τι
2069 565 2143 628 ὡς
2187 566 2296 618 ἐδό-

756 667 842 705 κει
878 651 1055 721 φέρων
1091 653 1289 721 χεροῖν,
1326 652 1355 705 δ
1380 651 1516 721 δῆτα
1561 653 1838 722 ἐγχωρίως
1887 655 2130 707 καλεῖται
2174 672 2298 708 κου-

755 741 982 812 τρίσιον,
1028 739 1189 796 τοῦτο
1239 741 1347 796 τῶν
1399 741 1807 805 ἁναδλυζόντων
1855 744 2061 799 ικείθεν
2111 745 2297 816 μύρων

758 831 1153 902 πεπλήρωκεν·
1189 831 1343 894 αὖθις
1410 825 1505 884 οὖν
1558 832 1655 900 τὴν
1713 833 2020 902 μυροφόρον
2081 833 2298 902 ἐκείνην

753 921 1225 990 ἐπιπωματίζουσι
1250 919 1511 990 λάρνακα,
1537 921 1817 990 καὶταύτῃ
1851 920 1979 990 χοῦν
2006 921 2098 975 τὸν
2123 921 2296 992 εὐώδη

755 1010 1146 1077 περιτιθέασιν,
1185 1009 1282 1066 καὶ
1332 1010 1474 1064 οὓτω
1520 1011 1684 1063 πάλιν
1727 1013 1791 1064 τὸ
1825 1013 1890 1064 εκ
1941 1011 2050 1065 τῶν
2107 1013 2296 1081 μύρων

754 1101 994 1173 πηλῶδες
1030 1103 1223 1166 lascivo,
1252 1102 1350 1166 τάς
1415 1102 1742 1178 μαρμάρους
1777 1118 1836 1157 τε
1892 1103 1988 1156 καὶ
2032 1103 2132 1175 τὴν
2170 1121 2295 1172 φαι-

761 1196 992 1264 νομένην
1021 1196 1185 1248 πᾶσιν
1215 1193 1420 1249 ἄνωθεν
1455 1194 1722 1264 λάρνακα.

827 1283 918 1337 36.
958 1279 1072 1336 Εἴθ’
1098 1283 1240 1338 οὓτω
1265 1283 1363 1353 τὴν
1393 1284 1597 1354 σεπτὴν
1627 1285 1721 1336 καὶ
1761 1282 1914 1338 πάλιν
1956 1286 2298 1355 μαρτυρικὴν

759 1374 987 1428 κιϐωτὸν
1035 1374 1379 1446 Θυρώσαντες
1417 1377 1493 1438 ὡς
1539 1375 1598 1428 τὸ
1640 1379 1899 1445 πρότερον
1942 1375 2160 1444 ἐξῆλθον
2204 1376 2298 1428 καὶ

759 1465 851 1518 τοῦ
881 1465 1006 1520 ναοῦ
1045 1467 1136 1518 καὶ
1167 1466 1262 1534 τῆς
1301 1464 1508 1527 πόλεως
1539 1482 1552 1496 °
1590 1467 1614 1518 6
1651 1465 1747 1534 μεν
1785 1465 2029 1528 Βιτάλιος
2061 1466 2292 1532 τραπεὶς

760 1555 1198 1626 παλιμπόρευτος
1255 1556 1391 1626 πρὸς
1437 1557 1556 1608 ὅθεν
1591 1557 1747 1622 δῆτα,
1781 1557 1854 1617 ὡς
1879 1557 2072 1622 ίδόκει,
2103 1557 2294 1626 εληλυ·

759 1643 850 1694 θεν
876 1659 892 1676 ο
931 1644 958 1695 6
987 1643 1044 1697 δι
1089 1644 1360 1713 νεωκόρος
1399 1643 1474 1707 ὡς
1515 1643 1702 1697 τοῦτον
1743 1644 1906 1714 μιχρι
1955 1646 2096 1707 τινὸς
2131 1645 2296 1698 τόπου

757 1731 1202 1799 διαπευσόμενος,
1235 1731 1498 1800 ’Δλμυρὸς
1525 1731 1601 1801 τῷ
1631 1731 1780 1801 τόπῳ
1807 1732 1868 1784 τὸ
1903 1731 2093 1801 ὅνομα.
2128 1732 2300 1784 Ἐκεῖ-

759 1820 851 1873 θεν
908 1815 1000 1875 οὖν
1055 1821 1202 1893 αύτῷ
1255 1821 1654 1891 συνταξάμενος
1712 1821 1864 1886 αὖθις
1915 1821 2294 1891 ὑπέστρεψεν,
2327 1811 2371 1868 Β

758 1914 1125 1984 αἰτησάμενος
1174 1914 1272 1981 μὲν
1316 1913 1408 1966 τὸν
1447 1914 1690 1968 Βιτάλιον
1747 1915 1810 1967 ex
1861 1914 1955 1968 τοῦ
1995 1914 2166 1982 μύρου
2200 1913 2296 1965 λαο

759 2002 972 2068 σέσοαι,
1008 2007 1140 2070 ὅπερ
1170 2003 1262 2056 τοῦ
1304 2003 1639 2075 μαρτυρικοῦ
1673 2005 1980 2075 άπήντλησε
2027 2005 2294 2073 σώματος’

760 2093 834 2163 μὴ
866 2094 1040 2164 τυχὼν
1089 2093 1144 2146 δὲ
1196 2093 1287 2147 τοῦ
1327 2093 1656 2164 ζητήματος,
1683 2096 1730 2148 εί
1773 2095 1849 2164 μὴ
1902 2094 2059 2163 μόνον
2089 2093 2298 2155 νοτίδας

762 2184 961 2250 μικρὰς
1004 2185 1068 2234 εκ
1104 2184 1291 2235 τούτου
1329 2185 1388 2235 τδ
1428 2186 1677 2250 μέτωπον
1713 2184 2068 2250 σταυροειδῶς
2113 2184 2297 2255 inpi-

759 2275 1011 2340 σάμενος.
1036 2271 1099 2324 Τί
1128 2272 1187 2324 τὸ
1219 2273 1308 2324 ἐπὶ
1339 2271 1582 2337 τούτοις;
1623 2270 1945 2338 Ἀφύπνιστο
1977 2272 2004 2323 6
2031 2271 2293 2336 Βιτάλιος,

757 2364 850 2415 καὶ
877 2361 984 2414 ίδοὺ
1015 2361 1073 2413 τὸ
1103 2360 1440 2432 μαρτυρικδν
1468 2361 1636 2431 μύρον
1660 2363 1776 2424 ταῖς
1797 2363 1950 2431 χερσὶ
1976 2361 2294 2431 περιέφερε,

761 2455 853 2505 καὶ
885 2454 1002 2517 ὅλος
1041 2448 1109 2524 ἦν
1148 2455 1262 2514 τοῖς
1287 2453 1476 2524 μύροις
1502 2452 1804 2523 διάϐροχοςο
1839 2453 1934 2506 καὶ
1953 2453 2069 2515 ὅλος
2106 2450 2173 2523 ἢν
2198 2451 2299 2520 τῆς

761 2544 983 2607 εὐωδίας
1012 2543 1314 2609 ἀνάπλεως,
1345 2541 1619 2614 ἄπληκτος
1650 2545 1790 2608 ὅλος,
1820 2544 1939 2608 ὅλος
1977 2542 2294 2608 δνθουσιῶν,

758 2637 944 2707 τρόμῳ
1003 2637 1339 2706 κεκραμένος
1379 2637 1470 2691 καὶ
1506 2637 1773 2708 χαρμονῇ,
1812 2637 2055 2705 Μήποτε,
2103 2635 2294 2704 λέγων,

760 2730 853 2783 καὶ
887 2729 1053 2784 είσὲτι
1086 2727 1409 2800 ὀνειροπολῶ
1433 2766 1450 2794 ,
1479 2729 1572 2783 καὶ
1604 2728 1750 2799 μύρα
1797 2725 2139 2795 φαντάζομαι
2179 2725 2298 2779 καθ’

763 2821 962 2883 ὕπνους
995 2821 1181 2892 φέρειν
1208 2819 1300 2874 τοῦ
1338 2818 1648 2892 μάρτυρος;
1696 2817 1836 2872 Ἀλλ’
1870 2817 1944 2881 ὡς
1978 2816 2150 2870 ιοικεν
2179 2815 2298 2870 ούδδ

761 2913 826 2962 τὰ
867 2911 962 2979 τῆς
997 2908 1168 2979 ὅψεως
1211 2925 1303 2979 μοι
1327 2907 1460 2977 πρὸς
1487 2909 1641 2978 ὅναρ,
1676 2905 1888 2962 καὶτοῦ
1928 2903 2297 2976 φανταστικοῦ

762 2995 1132 3067 άνατύτπωσις·
1167 2997 1303 3052 ἀλλὰ
1338 2997 1625 3068 σωματικὴ
1658 2997 1887 3065 ίνδημία
1923 3013 2013 3067 μοι
2042 2997 2169 3065 ἄχρι
2201 2994 2299 3063 τῆς

2400 578 2795 638 mergerentur.
2822 569 2977 638 Quod
3008 587 3133 628 cum
3160 572 3396 629 Vitalius
3427 573 3655 631 vidisset
3686 588 3751 629 ac
3778 589 3946 644 supra

2399 660 2618 714 modum
2641 661 3020 728 admiraretur,
3047 663 3293 718 divinum
3319 663 3450 718 illud
3469 665 3724 734 martyris
3746 678 3948 733 corpus

2398 757 2450 801 et
2484 748 2731 803 adoravit
2777 757 2833 804 et
2883 752 3165 815 salutavit,
3202 746 3692 822 quoddamque,°ut
3733 753 3945 807 videhao

2397 842 2510 901 tur,
2542 851 2657 903 vas,
2683 836 2970 893 Cutrihion
2996 837 3253 893 nimirum
3272 841 3567 896 vernacule
3590 842 3949 910 appellatum.

2397 928 2648 982 manibus
2669 936 2911 996 gestans,
2934 930 3057 984 oleo
3084 929 3136 983 id
3165 929 3294 984 inde
3319 931 3650 986 scaturiente
3674 929 3946 999 implevit.

2396 1015 2607 1074 Rursus
2643 1018 2805 1089 igitur
2841 1020 3011 1084 illam,
3051 1035 3082 1075 e
3115 1035 3224 1089 qua
3250 1020 3431 1075 oleum
3464 1021 3731 1083 scaturit,
3764 1031 3948 1074 arcam

2397 1111 2686 1175 claudunt,
2716 1112 2874 1180 eique
2903 1112 3026 1166 boni
3050 1112 3236 1167 odoris
3267 1113 3513 1176 humum,
3549 1111 3732 1178 itaque
3750 1109 3949 1164 iterum

2395 1201 2639 1256 oloosum
2672 1202 2807 1256 illud
2854 1201 3064 1266 lutum,
3100 1203 3418 1272 lapidesque
3469 1214 3834 1264 marmoreus,
3885 1214 3950 1254 ac

2397 1305 2515 1359 qua
2546 1291 2810 1347 divinitus
2843 1293 2966 1344 data
2997 1293 3254 1346 omnibus
3284 1301 3533 1360 apparet.
3587 1289 3798 1344 thecam
3852 1287 3953 1340 im-

2397 1389 2627 1449 ponunt.
2667 1381 2756 1435 Sic
2805 1381 3023 1445 deinde,
3076 1383 3387 1437 venerando
3447 1383 3638 1435 iterum
3697 1379 3982 1447 martyris

2398 1473 2565 1527 etiam
2599 1472 2928 1538 conditorio,
2964 1481 3023 1526 ut
3070 1474 3224 1542 prius
3271 1479 3411 1534 erat,
3443 1473 3657 1532 clauso.
3686 1485 3718 1524 e
3747 1470 3950 1536 templo

2396 1563 2561 1618 etiam
2601 1577 2663 1617 ac
2694 1564 2913 1619 civitate
2939 1573 3067 1618 sunt
3093 1564 3322 1632 egressi,
3345 1562 3575 1617 Vitaiius
3603 1562 3830 1632 quidem
3861 1573 3948 1624 eo,

2398 1653 2541 1708 unde
2580 1654 2858 1718 nimirum,
2893 1664 2954 1708 ut
2988 1654 3301 1723 apparebat,
3337 1662 3592 1715 venerat.
3630 1653 3830 1706 iterum
3867 1666 3954 1706 re-

2398 1743 2576 1812 diens,
2607 1745 2840 1800 adituus
2873 1754 3054 1799 autem
3105 1746 3270 1799 veluti
3325 1745 3476 1798 illum
3511 1745 3907 1798 observaturus
3936 1782 3952 1803 .

2398 1833 2466 1889 ad
2504 1834 2811 1903 quemdam,
2859 1833 2945 1889 cui
2993 1849 3187 1889 nomen
3242 1841 3359 1889 erat
3416 1834 3698 1895 Almurus,
3743 1833 3948 1886 locum.

2399 1921 2537 1977 liinc
2575 1923 2736 1990 igitur
2758 1921 2931 1977 eidem
2957 1923 3263 1992 adjunctus,
3289 1921 3670 1977 cumVitalium
3705 1922 3949 1990 quidem.

2399 2021 2459 2066 ut
2485 2027 2548 2067 ex
2579 2011 2720 2076 oleo,
2749 2014 2894 2080 quod
2927 2025 2959 2066 e
2991 2011 3244 2080 martyris
3274 2025 3501 2078 corpore
3529 2011 3817 2072 hauserat,
3861 2023 3953 2062 ac-

2397 2099 2634 2170 ciperet,
2683 2100 3041 2169 postulasset,
3099 2100 3500 2168 postulatoque,
3552 2100 3598 2151 si
3649 2097 3953 2167 pauxillum

2397 2187 2924 2258 humidiexceperis,
2951 2205 3055 2245 non
3081 2189 3337 2250 obtento,
3350 2204 3415 2242 eo
3442 2189 3625 2242 crucis
3650 2189 3703 2240 in
3731 2188 3953 2238 modum

2397 2278 2630 2335 irontem
2665 2281 2934 2341 unxisset,
2983 2279 3170 2345 pedem
3209 2280 3404 2332 iterum
3439 2288 3582 2332 retro
3631 2278 3777 2330 tulit.
3829 2274 3957 2330 Haec

2399 2369 2539 2424 inter
2569 2367 2796 2422 Vitalius
2827 2367 3101 2437 paululum
3136 2367 3543 2435 expergefactus
3575 2375 3685 2428 est,
3706 2376 3779 2428 et,
3803 2379 3954 2430 ecce,

2397 2460 2648 2529 martyris
2669 2465 2999 2526 unguentum
3030 2455 3282 2509 manibus
3305 2455 3744 2517 circumferebat,
3781 2463 3957 2509 totus-

2397 2563 2501 2618 que
2526 2557 2642 2603 erat
2671 2547 2789 2601 oleo
2816 2545 3087 2609 madidus,
3117 2545 3365 2614 bonoque
3390 2545 3558 2600 odore
3589 2544 3956 2612 undequaque

2396 2641 2612 2712 plenus,
2639 2637 2946 2708 perculsus,
2978 2643 3126 2690 totus
3149 2634 3301 2689 exfra
3351 2649 3411 2689 se
3459 2642 3668 2702 raptus,
3717 2644 3957 2687 tremore

2398 2745 2461 2786 ac
2481 2731 2666 2784 laetitia
2692 2741 3014 2798 suspensus,
3045 2724 3254 2786 Nonne.
3277 2725 3484 2789 dicens,
3505 2724 3685 2778 adhuc
3716 2724 3954 2784 somnio.

2396 2823 2754 2891 martyrisque
2773 2834 2860 2874 me
2885 2818 3026 2873 ferre
3053 2818 3229 2882 oleutn
3251 2818 3304 2871 in
3341 2815 3552 2871 somnio
3574 2815 3881 2883 imaginor?
3906 2832 3924 2864 ι

2467 2915 2558 2968 38.
2596 2931 2615 2964 ι
2652 2911 2872 2974 Verum,
2913 2919 2975 2964 ut
3005 2909 3237 2969 videtur,
3267 2907 3397 2960 mihi
3431 2907 3574 2960 haud
3622 2906 3854 2962 visionis
3903 2905 3956 2959 in

2398 3019 2610 3069 somno,
2653 3000 3061 3069 phantasiaeque
3095 2999 3262 3061 fictio,
3303 2997 3397 3054 sed
3442 3012 3727 3066 corporea,
3779 2997 3855 3050 ita
3903 3003 3961 3048 ut

769 3085 1111 3156 μαρτυρικῆς
1161 3086 1346 3156 τιμίας
1392 3086 1570 3156 σοροΰο
1611 3085 1773 3139 αὐτοῦ
1809 3102 1898 3155 μοι
1931 3084 2024 3137 τοῦ
2063 3084 2299 3152 μεγάλου
2328 3127 2339 3176 1

2401 3093 2655 3164 martyris
2699 3093 2858 3147 etiam
2902 3089 3142 3145 loculum
3188 3095 3476 3143 veneratus
3506 3088 3630 3151 sim,
3665 3087 3957 3156 prasentia

765 3175 832 3244 (ὣ
861 3175 1006 3229 θείου
1044 3178 1324 3247 τεραστίου
1361 3193 1420 3231 τε
1457 3177 1550 3231 καὶ
1576 3176 1912 3246 ἀκούσματος
1935 3175 1974 3244 ί)
2018 3175 2086 3228 τά
2128 3173 2304 3228 πάντα
2336 3173 2339 3176 “

2407 3200 2528 3241 sese
2562 3183 2772 3247 obtulit,
2809 3185 3037 3253 ipsomet
3061 3189 3253 3250 magno
3277 3181 3332 3248 (ο
3360 3180 3601 3234 divinum
3643 3179 3956 3247 prodigium

763 3269 1215 3339 οίκονομήσαντος
1265 3269 1340 3333 ὡς
1377 3269 1451 3340 μὴ
1491 3269 1584 3322 καὶ
1637 3268 1985 3338 βλασφημίας
2044 3268 2305 3338 κρημνοῖς

768 3363 1137 3434 περιπεσοιμι.
1182 3381 1201 3417 t
1226 3363 1285 3418 in
1319 3377 1509 3420 somno
1538 3363 1684 3419 visus
1719 3361 1824 3416 sibi
1850 3369 1934 3418 est
1963 3359 2306 3416 Thessaloni-

763 3475 883 3516 cam
924 3459 1152 3523 delatus,
1201 3472 1266 3514 ac
1305 3457 1562 3528 templum
1617 3456 1873 3526 martyris
1923 3464 2123 3519 tenere,
2173 3453 2306 3508 edi-

765 3562 1019 3618 tuumque
1052 3547 1324 3603 invenisse
1351 3561 1416 3601 ac
1445 3547 1662 3616 alloqui,
1684 3555 1865 3615 atque,
1897 3546 1982 3599 An
2011 3550 2305 3614 martyrem

767 3640 954 3695 videre
987 3637 1113 3694 vis?
1141 3637 1352 3703 audire,
1389 3634 1729 3706 Vitalittsque
1758 3651 2019 3691 annuere.
2049 3635 2112 3689 Et
2155 3648 2304 3701 vero,

767 3737 831 3783 ut
859 3742 979 3783 eum
1001 3737 1055 3782 et
1075 3727 1280 3782 videret
1305 3735 1360 3782 et
1393 3734 1737 3782 veneraretur
1763 3741 1924 3797 quam
1954 3725 2186 3781 maxime
2207 3740 2307 3780 es-

769 3815 1004 3886 petebat.
1037 3819 1214 3884 Atque
1241 3815 1318 3870 ita
1340 3817 1557 3883 quidem
1600 3816 1833 3870 cditutts
1861 3815 2120 3884 praeibat,
2156 3813 2306 3870 Vita-

724 3929 733 3943 α
769 3904 875 3959 lius
906 3919 1034 3960 vero
1055 3900 1402 3974 sequebatur:
1418 3904 1486 3961 Ut
1511 3912 1689 3960 autem
1717 3904 1782 3958 ad
1811 3918 2024 3960 sacrum
2055 3905 2308 3974 martyris

768 3995 1124 4050 conditorium
1151 4001 1437 4060 venerunt,
1485 3995 1643 4050 ambo
1693 4009 1790 4065 per
1837 3994 2016 4049 oleum
2050 4003 2180 4050 sunt
2216 3996 2304 4050 in-

770 4084 960 4154 gressi,
989 4083 1290 4154 jannssque
1319 4084 1605 4140 recludunt
1624 4097 1687 4140 ac
1711 4097 1921 4140 sacram
1945 4084 2156 4139 thecam
2184 4085 2310 4141 sub-

773 4180 1009 4236 movent,
1061 4171 1373 4241 lapidesque
1425 4185 1756 4226 marmoreos
1803 4183 2010 4242 septem
2056 4188 2087 4229 e
2131 4172 2309 4228 medio

771 4259 900 4314 hinc
941 4259 1155 4313 tollunt.
1188 4260 1265 4315 Ac
1311 4259 1365 4314 in
1395 4248 1604 4314 tumulo
1647 4259 1865 4330 quidem
1921 4261 2121 4317 ibidem
2162 4261 2308 4317 exsi-

775 4357 951 4402 stente
992 4363 1086 4417 per
1119 4349 1265 4404 vices
1294 4347 1538 4416 fodiunt;
1568 4360 1690 4419 post
1724 4358 1901 4405 autem
1933 4365 2066 4419 pura
2111 4351 2309 4406 humus

2403 3290 2466 3331 ac
2495 3275 2888 3331 ordinationem
2911 3273 2950 3340 !)
2985 3271 3115 3326 mihi
3142 3271 3388 3330 omnino.
3419 3285 3484 3324 tte
3509 3269 3564 3323 in
3603 3268 3956 3335 blasphemia

2405 3367 2759 3437 praecipitium
2807 3364 3080 3433 prolahar,
3140 3361 3524 3431 prospiciente.
3588 3379 3607 3411 ι
3665 3357 3791 3412 Bac
3841 3359 3956 3411 loco

2405 3470 2572 3525 supra
2617 3455 2709 3508 cit.
2757 3453 3098 3517 Stauracius,
3125 3451 3230 3505 alia
3259 3451 3482 3519 insuper
3508 3449 3688 3518 plura,
3722 3448 3958 3502 brevita-

2407 3546 2478 3600 tis
2509 3559 2655 3615 ergo,
2687 3548 2830 3612 quod
2858 3543 2923 3596 ad
2957 3557 3069 3597 rem
3099 3539 3242 3595 haud
3276 3539 3501 3594 multum
3533 3539 3756 3598 faciant,
3790 3551 3819 3588 a
3853 3549 3958 3589 ao-

2403 3635 2489 3690 bis
2523 3636 2608 3690 hic
2637 3632 2950 3696 omittenda.
2977 3647 3102 3687 mox
3130 3631 3450 3700 adjungens,
3480 3626 3785 3693 Vitalioque
3833 3639 3952 3678 mo-

2407 3724 2581 3779 nacho
2628 3737 2727 3792 pro
2781 3721 3023 3787 arbitrio,
3068 3730 3130 3776 ut
3172 3727 3418 3791 apparet,
3443 3718 3726 3787 afﬁngens.
3753 3718 3955 3786 quibus

2407 3815 2495 3870 hic
2543 3814 2810 3881 stupendo
2861 3825 3025 3880 quam
3079 3813 3308 3864 maxime
3354 3809 3649 3878 unguenti.
3701 3823 3732 3863 e
3777 3812 3954 3862 sancti

2407 3902 2664 3959 Demetrii
2697 3901 2903 3956 tumulo
2932 3901 3086 3968 copia
3114 3912 3401 3970 permagna
3431 3898 3799 3960 scaturientia,
3827 3912 3954 3968 pro-

2405 3996 2548 4063 digio
2582 3992 3072 4048 luculentissimum
3096 4028 3112 4055 ,
3143 4006 3266 4046 cum
3312 3990 3491 4044 oblata
3523 3990 3572 4044 el
3601 4029 3615 4056 ,
3650 4003 3816 4057 quam
3843 3990 3951 4057 jam

2407 4084 2774 4148 exhibuimus,
2799 4081 2935 4137 visio
2975 4081 3186 4144 fuisset,
3231 4081 3600 4136 testimonium
3629 4079 3954 4148 prchuerit,

2409 4174 2833 4230 incredulitatem
2849 4186 3001 4228 suam
3021 4171 3195 4226 isthac
3217 4170 3441 4225 omnino
3463 4167 3955 4224 dedoctusJ'erum

2409 4264 2543 4320 nihil
2572 4276 2814 4333 prorsus,
2861 4261 3006 4331 quod
3038 4259 3124 4316 vel
3166 4259 3414 4314 monachi
3449 4254 3632 4312 Vitalii
3680 4258 3829 4311 aetati
3872 4257 3955 4311 vel

2411 4355 2606 4410 oblatae
2639 4354 2781 4415 huic.
2826 4366 2988 4422 quam
3024 4359 3230 4417 narrat,
3267 4351 3492 4405 visionis
3520 4349 3739 4418 epoeba:
3761 4345 3953 4402 'deter-

774 4437 899 4504 alia,
927 4437 1054 4492 boni
1080 4437 1262 4494 odoris
1296 4439 1646 4509 undequaque
1669 4441 1955 4507 exsistens,
1991 4441 2112 4496 inde
2134 4451 2309 4497 extra-
2337 4439 2386 4501 υ
2414 4443 2684 4502 ιιίηειιᾶω
2706 4452 2980 4511 utcunque
3003 4440 3252 4506 sufliciat,
3272 4438 3587 4514 stauracius
3619 4437 3951 4507 suppeditat;

775 4529 942 4583 hitur.
969 4529 1258 4598 Postquam
1295 4544 1416 4583 vere
1443 4529 1608 4584 fo’ssio
1642 4529 1707 4583 ad
1738 4538 1847 4584 tres
1885 4545 2061 4600 usque
2092 4531 2306 4588 cubitos

775 4634 838 4674 ac
862 4620 1018 4689 paulo
1046 4620 1277 4689 amplius
1306 4621 1692 4690 processisset,
1724 4635 1849 4676 arca
1880 4621 2010 4692 ipsis
2037 4624 2304 4691 apparuit,

775 4707 954 4778 lapide
986 4723 1287 4764 marmoreo
1318 4709 1543 4764 candido
1567 4719 1836 4778 cooperta,
1865 4725 2021 4780 quem
2057 4711 2210 4780 juxta
2248 4725 2310 4766 ac

777 4799 919 4852 illam
943 4812 1064 4853 cum
1088 4799 1212 4854 inde
1242 4800 1594 4864 amovissent,
1619 4813 1909 4869 areamque
1942 4799 2303 4870 aperuissent,

774 4897 1103 4964 martyrem,_
1127 4890 1217 4958 qui
1253 4891 1304 4944 in
1339 4903 1400 4944 ea
1429 4890 1654 4960 iaceret.
1704 4890 1885 4944 radios
1913 4905 1943 4944 a
1979 4905 2098 4946 sese
2144 4891 2305 4945 emit-

773 4986 971 5032 tentem
993 5017 1008 5043 ,
1033 4977 1259 5031 vividum
1285 4979 1503 5034 omnino
1527 4988 1894 5048 apparentem,
1918 4979 2311 5051 dormientique

771 5067 1024 5131 similem,
1058 5056 1417 5123 subridentem
1444 5083 1505 5124 ac
1531 5069 1678 5124 vultu
1710 5071 1931 5125 hilarem
1979 5071 2246 5126 viderunt.
2288 5089 2304 5122 ι

845 5155 933 5209 37.
977 5173 995 5207 t
1031 5157 1113 5222 Et,
1149 5171 1294 5221 ecce,
1346 5157 1514 5228 plaga:
1562 5158 1781 5214 infinita!
1803 5199 1817 5225 ,
1857 5160 2076 5230 martyri
2112 5174 2141 5213 a
2174 5159 2310 5214 collo

775 5242 840 5297 ad
872 5244 1018 5310 ipsos
1045 5260 1217 5314 usque
1247 5246 1460 5302 lumbos
1487 5247 1653 5302 dense
1684 5247 1918 5316 inﬂicta,
1951 5249 2307 5318 invicemque,

777 5347 888 5387 non
909 5348 1068 5390 secus
1096 5349 1156 5388 ac
1186 5333 1469 5402 foramina,
1497 5336 1566 5390 ab
1596 5337 1785 5406 apibus
1806 5352 1837 5394 e
1862 5352 1983 5393 cera
2011 5347 2310 5407 compacta,

770 5422 998 5479 omnino
1034 5425 1429 5495 contingentes,
1483 5434 1812 5495 unguentum
1858 5442 1887 5483 e
1928 5427 2312 5496 foraminibus,

778 5516 926 5570 vasis
959 5514 1215 5584 perforati
1263 5515 1487 5586 oleoque
1535 5517 1744 5572 infinito
1804 5519 2071 5574 seatentis
2107 5519 2161 5574 in
2193 5534 2313 5575 mo-

772 5603 928 5670 dum,
962 5606 1296 5669 emittebant,
1329 5619 1393 5661 ac
1431 5606 1477 5662 si
1510 5619 1540 5659 a
1578 5607 1880 5664 vehementi
1931 5609 2162 5677 quodam
2211 5611 2317 5678 spi-

773 5694 879 5751 ritu
914 5696 1158 5753 deorsum
1195 5699 1424 5755 fuissent
1459 5699 1672 5757 inflata.
1702 5699 1810 5759 Nec
1844 5702 2073 5761 multum
2104 5703 2310 5770 abfuit,

2409 4537 2535 4594 hinc
2585 4543 2761 4589 autem
2789 4533 2869 4598 fit,
2901 4541 2979 4596 ut,
3011 4531 3352 4600 quandonam
3382 4529 3534 4598 copia
3560 4535 3728 4593 tanta,
3755 4537 3956 4598 quanta

2409 4627 2466 4682 in
2501 4625 2704 4679 visione
2740 4624 2904 4678 relata
2935 4622 3350 4688 narrationeque
3389 4619 3528 4673 hanc
3559 4618 3840 4686 complexa
3871 4619 3955 4672 in-

2411 4717 2617 4780 nuitur,
2676 4713 3031 4770 scaturientia
3089 4725 3120 4767 e
3173 4711 3358 4766 Sancti
3411 4724 3641 4779 corpore
3694 4710 3953 4778 unguenti

2411 4807 2713 4877 prodigium
2742 4806 2916 4860 locum
2949 4803 3219 4866 habuerit,
3240 4801 3450 4856 deliniri
3482 4800 3625 4854 haud
3645 4808 3830 4869 queat,
3857 4799 3954 4853 etsi

2414 4895 2628 4949 interim
2656 4932 2671 4958 ,
2699 4902 2761 4947 ut
2793 4891 2884 4946 diu
2913 4900 3036 4946 ante
3075 4889 3345 4944 Stauracii
3376 4895 3588 4942 aetatem
3619 4887 3837 4940 initium
3865 4899 3955 4937 ac-

2413 4986 2634 5056 ceperit,
2687 4982 2991 5038 certissime
3035 4995 3098 5036 ex
3151 4993 3237 5044 eo,
3284 4978 3428 5048 quod
3470 4976 3647 5030 verbis
3685 4990 3840 5029 num.
3891 4974 3956 5027 δί

2425 5076 2682 5140 recitatis,
2719 5075 2770 5128 in
2804 5071 3049 5143 ejusdem
3087 5071 3325 5125 auctoris
3359 5067 3732 5123 lucubratione
3762 5073 3956 5134 [arceat

2414 5164 2551 5218 visio
2601 5161 2843 5234 prafata,
2893 5158 3288 5217 consectarium
3333 5158 3558 5213 omnino
3617 5157 3710 5210 sit.
3763 5153 3956 5208 Verum

2418 5255 2734 5310 Stauracius
2761 5267 2822 5310 ea
2857 5253 3021 5308 etiam
3055 5251 3384 5321 suppeditat,
3417 5247 3640 5320 quibus,
3677 5253 3840 5300 etate
3863 5257 3955 5297 sua

2417 5361 2509 5402 seu
2557 5345 2752 5402 saeculo
2800 5345 2960 5399 tertio
2997 5341 3207 5398 decimo
3244 5339 3384 5395 idem
3412 5339 3576 5394 etiam
3609 5335 3956 5392 scaturientis

2416 5436 2570 5505 copia
2617 5435 2849 5488 maxima
2894 5447 2924 5488 e
2972 5431 3155 5487 Sancti
3205 5429 3412 5486 tumulo
3461 5442 3557 5484 seu
3603 5439 3832 5495 corpore
3868 5437 3956 5476 un-

2419 5525 2601 5592 guenti
2635 5521 2934 5592 prodigium
2956 5511 3278 5584 obtinuisse,
3309 5514 3751 5573 manifestissime
3777 5511 3952 5566 docet.

2493 5614 2580 5668 59.
2607 5611 2817 5668 Etenim
2845 5619 2967 5682 post
2993 5625 3145 5667 suam
3168 5611 3234 5666 de
3254 5607 3610 5679 Bulgarorutn
3632 5619 3756 5674 rege
3779 5602 3951 5670 Scyla-

2427 5701 2632 5760 Joanne
2668 5701 3052 5770 narrationem,
3087 5712 3249 5768 quam
3274 5698 3456 5756 verbis
3488 5711 3638 5752 num.
3671 5691 3741 5750 32
3770 5691 3949 5746 recita-
