4206 6438
220 360 348 426 1421

1229 361 1291 422 S.
1329 360 1704 420 DEMETRII
1747 357 2138 418 MARTYRIS
2176 356 2381 418 ACTA.

3287 348 3424 414 1423

213 482 284 535 tis
312 479 614 548 subiungit,
647 476 852 533 Gra‘cis
884 477 1034 532 hisce
1068 477 1218 540 aliis.
1242 478 1432 540 Latine
1472 477 1538 532 ad
1568 477 1770 531 calcem
1801 476 1844 535 Α

1764 495 1770 528 ι
1801 476 1844 535 Α
1874 475 1965 526 καὶ
1995 478 2059 543 τῇ
2096 474 2236 541 χειρὶ
2280 471 2523 538 κατέχων
2554 470 2850 540 βακτηρίαν
2885 467 3107 535 λεπτὴν.
3133 468 3303 537 ταύτῃ
3328 470 3425 538 τὴν

214 572 456 634 redditis,
491 574 563 624 ita
613 570 802 624 scribit
830 585 844 623 :
878 570 975 631 Ti;
1006 571 1105 622 οὐκ
1143 564 1250 621 οἶδε
1278 570 1376 640 τὴν
1414 570 1476 621 ὲκ
1507 570 1597 621 τοῦ
1629 586 1761 621 παν-

211 664 429 729 εντίμου
487 660 881 730 Δημητριακοῦ,
927 661 1179 727 σώματος
1214 661 1627 721 ἀναϐλύζουσαν
1658 662 1766 710 τῶν

214 754 403 821 μύρων
435 751 635 819 πηγὴν,
668 753 766 819 ὅση
795 751 869 817 τῷ
894 750 1214 820 πληθυσμῷ,
1248 750 1321 810 ὡς
1347 750 1765 818 ὑπερεκχεῖσθαι

212 847 309 896 καὶ
341 844 448 896 τῶν
480 843 662 911 κύκλῳ
696 844 790 911 τῆς
832 842 982 903 θείας
1026 841 1193 895 αὐτοῦ
1252 842 1413 911 σοροῦ
1457 842 1767 910 μυροδὸχων

214 933 521 1001 δεξαμενῶν
548 950 560 998 ;
586 926 752 986 Αῦται
786 934 850 986 ἐκ
889 931 1071 1001 πηγῆς
1101 932 1209 983 τῶν
1248 930 1433 1001 μύρων
1464 930 1553 983 τοῦ
1597 931 1768 998 μάκα-

218 1040 309 1093 ρος
346 1025 538 1092 μέχρις
582 1023 762 1076 αὐτῶν
802 1022 1086 1092 δεχόμεναι
1142 1023 1233 1072 τὸν
1289 1020 1460 1090 εὐώδη
1496 1020 1620 1088 ῥοῦν
1657 1020 1766 1071 διι-

216 1116 632 1185 κρουνιζόμενον
670 1118 784 1177 τοῖς
826 1112 1174 1183 βουλομένοις
1215 1112 1327 1166 τῶν
1361 1112 1768 1182 Χριστωνύμων

172 1261 176 1265 _
216 1209 361 1259 κατὰ
392 1208 575 1261 πᾶσαν
602 1206 751 1276 ῶραν
786 1208 1020 1276 ἰατρεῖον
1044 1205 1363 1276 πρόκεινται
1403 1205 1764 1270 ἑτοιμότατον·

218 1301 314 1351 καὶ
344 1299 499 1365 γένος
556 1298 721 1359 ἅπαν,
781 1299 876 1350 καὶ
923 1297 1106 1368 ἡλικία
1141 1297 1288 1349 πᾶσα
1327 1294 1533 1348 ἐκεῖθεν
1561 1312 1765 1361 πρυτα-

219 1394 359 1444 νεῖον
388 1390 619 1459 ἄφθονον
646 1390 753 1441 τῶν
792 1388 978 1459 μύρων
1019 1388 1309 1441 πλουτοῦσι
1341 1387 1432 1439 τοῦ
1469 1388 1766 1454 μάρτυρος*

218 1482 432 1551 ἄνδρες,
460 1484 712 1548 γυναῖκες
770 1481 863 1532 καὶ
922 1481 1089 1543 νήπια
1129 1481 1280 1540 ὅλαις
1319 1481 1508 1547 χερσδν
1550 1480 1647 1528 ὅσα
1680 1476 1771 1526 καὶ

222 1576 420 1641 sic:th
462 1572 594 1640 πρὸς
636 1572 859 1633 ἑαυτοὺς
920 1570 980 1623 τὸ
1018 1571 1189 1640 μύρον
1224 1569 1428 1622 ἐκεῖθεν
1463 1569 1769 1635 ἐφέλκουσιο

224 1669 321 1718 καὶ
361 1667 410 1717 oi
451 1666 547 1733 μὲν
592 1664 920 1732 ὀφθαλμοὺς,
945 1664 995 1716 οἱ
1034 1664 1088 1715 δὲ
1122 1664 1294 1731 στόμα
1324 1664 1419 1714 καὶ
1446 1656 1559 1712 diu
1592 1660 1768 1728 τούτῳ

225 1757 646 1823 καθαγνὰζουσιν
675 1774 687 1787 ·
730 1759 777 1809 οἰ
822 1758 878 1808 δὲ
929 1758 1022 1809 καὶ
1062 1755 1260 1825 στέρνα
1314 1758 1407 1805 καὶ
1461 1754 1638 1804 πᾶσαν
1677 1751 1769 1802 τοῦ

225 1849 475 1915 σώματος
504 1848 825 1915 ὀλομέλειαν
858 1847 935 1915 τῷ
982 1846 1141 1915 μύρῳ
1172 1843 1641 1914 προσεπιχρίουσι,
1683 1841 1776 1892 καὶ

225 1940 408 2002 ἁπλῶς
445 1940 617 1990 εἰπεῖν
650 1939 962 2006 ἀκορέστως
1004 1937 1187 2005 ἔχουσι
1224 1938 1321 2004 τῆς
1353 1937 1415 1986 ὲκ
1457 1934 1643 1985 τούτου
1678 1950 1776 1984 κα-

224 2032 588 2100 ταμυρίσεως.
627 2050 643 2081 ι
688 2029 821 2095 Quis
874 2031 1130 2098 unguenti
1184 2030 1427 2089 fontem,
1464 2043 1493 2081 e
1547 2028 1777 2100 maxime

222 2125 529 2178 venerando
574 2122 836 2177 Demetrii
884 2135 1114 2188 corpore
1160 2118 1546 2173 scaturientem
1574 2155 1588 2176 ,
1635 2097 1778 2166 haud

224 2215 413 2268 novit?
437 2214 608 2265 Tanta
632 2220 815 2265 manat
837 2212 1010 2278 cepia,
1038 2218 1093 2261 ut
1118 2209 1280 2263 etiam
1305 2216 1455 2260 extra
1479 2208 1774 2267 destinata,

222 2319 341 2374 quae
373 2319 585 2357 sacrum
610 2304 757 2356 illius
786 2302 1052 2355 tumulum
1080 2300 1321 2361 cingunt,
1353 2308 1627 2361 unguento
1650 2309 1776 2346 sus-

222 2395 471 2463 cipiendo
535 2406 661 2447 vasa
708 2404 825 2443 sese
855 2388 1111 2441 effundat.
1154 2386 1273 2439 llaec
1340 2388 1472 2439 bene
1503 2384 1732 2437 olentem
1762 2424 1775 2447 ,

225 2500 343 2553 qua
378 2497 407 2536 e
443 2483 580 2535 beati
616 2490 1014 2549 unguentorum
1063 2479 1212 2531 fonte
1256 2477 1547 2536 emittitur,
1590 2473 1783 2528 ﬂuxio-

225 2591 344 2627 nem
387 2574 439 2627 in
474 2589 594 2628 sese
623 2572 964 2639 recipientia,
996 2571 1423 2639 praesentissima
1456 2568 1779 2621 Christianis

227 2664 528 2716 volentibus
573 2662 719 2715 omni
772 2663 905 2715 bora
954 2670 1169 2715 exstant
1210 2660 1421 2713 oﬂicina
1452 2658 1680 2711 medica.
1718 2656 1780 2709 Et

227 2768 397 2821 genus
435 2753 748 2807 universum
781 2761 833 2806 et
862 2761 991 2806 tetas
1026 2752 1207 2804 omnis
1240 2750 1457 2818 publico
1487 2750 1632 2813 hinc,
1671 2763 1778 2816 quo

228 2842 485 2912 martyris
514 2848 787 2911 unguenta
816 2840 1030 2893 abunde
1078 2840 1318 2900 aluntur,
1366 2840 1485 2891 loco
1532 2838 1778 2904 locuple-

228 2941 428 2984 tantur.
463 2929 575 2983 Viri
604 2969 619 2993 ,
656 2932 909 2984 mulieres
955 2939 1009 2983 et
1066 2930 1217 2997 pueri
1252 2929 1380 2983 tatis
1408 2931 1659 2981 manibus
1689 2942 1781 2995 per

228 3022 390 3076 tubos
416 3027 754 3089 unguentum
801 3020 925 3074 inde
960 3018 1026 3072 ad
1052 3033 1109 3072 se
1138 3020 1381 3073 eliciunt.
1418 3019 1493 3072 Ac
1538 3018 1629 3071 alii
1659 3022 1781 3086 qui-

1808 1804 1823 1814 κ

1808 1813 1845 1864 Β

1867 568 1987 618 ὀδξν
2025 566 2118 617 τοῦ
2164 566 2335 632 μύρου
2371 561 2663 631 διέγραψεν
2702 563 2762 611 ὲκ
2792 563 2889 627 τῆς
2927 559 3240 626 μυροφὸρο.)
3277 566 3423 627 κινῄ-

1870 675 1966 719 σας
2007 656 2211 722 ταύτην
2265 656 2444 723 σοροῦ,
2490 656 2583 706 καὶ
2625 656 2702 715 είς
2750 655 3038 720 πρόςωπον
3071 650 3162 701 τοῦ
3197 651 3422 713 Eiidem;

1868 751 1986 801 κατ’
2020 750 2233 801 εὐθεῖαν
2274 748 2745 815 σληςιατισάμενος
2776 744 2869 795 τοῦ
2901 744 3054 800 ναοῦ.
3096 744 3190 794 καὶ
3218 760 3424 811 παραυ-

1866 842 1992 894 τίκα
2034 842 2217 909 μύρων
2253 840 2434 907 exsto;
2460 838 2666 891 ἐκεῖθεν
2690 835 2901 903 ἐξέρρει
2929 836 3020 887 καὶ
3053 834 3128 900 τῷ
3158 834 3272 902 τοῦξ
3297 834 3424 885 ναοῦ

1867 935 2087 1003 ὁμαλῶς
2140 935 2234 985 καὶ
2289 933 2465 1000 ἠπίως
2531 930 2941 1000 περιελίμναςε.
3012 929 3116 979 Καὶ
3158 929 3422 996 ποταμὸς,

1871 1028 1999 1089 ἰδοῦ,
2037 1025 2175 1078 κατὰ
2210 1024 2373 1076 Δαυῖδ
2406 1025 2693 1091 ἐπεκρότει
2722 1023 2861 1090 χειρὶ
2915 1021 2975 1070 τὸ
3026 1019 3316 1087 θαμάσιον,
3352 1022 3425 1080 ὡς

1869 1118 2120 1172 ἐντεῦθεν
2174 1117 2509 1185 ὲξαπορῆσαι
2561 1115 2652 1166 τὸν
2720 1112 3159 1181 ἐξυπηρετοῦντα
3211 1114 3278 1181 τῇ
3336 1111 3428 1163 τοῦ

1875 1213 2149 1281 μάρτυρος
2183 1210 2447 1279 λάρνακι.
2497 1209 2589 1260 καὶ
2646 1207 2853 1275 ταχέως
2909 1205 3060 1265 αὖθις
3094 1206 3301 1268 ἀνοῖξαι
3330 1204 3430 1263 τὰς

1871 1304 2210 1365 κλεισθείσας
2233 1302 2379 1369 αῦτῷ
2418 1299 2607 1368 πρώην
2642 1299 2965 1367 μυροόὁχους
2994 1296 3305 1363 δεξαμενὰς.
3339 1296 3437 1345 καὶ

1874 1396 2199 1464 συγγνώμην
2223 1394 2440 1462 αἰτῆσαι
2472 1393 2565 1445 τοῦ
2593 1392 2957 1459 ἀγνοήματος,
2988 1395 3078 1441 καὶ
3103 1388 3245 1439 οὕτω
3280 1387 3442 1455 μόλις·

1873 1490 2061 1555 στῆναι
2092 1488 2179 1538 τὸν
2209 1487 2263 1535 ἐν
2299 1486 2444 1552 μέσῳ
2487 1484 2578 1534 τοῦ
2611 1481 2735 1533 ναοῦ
2770 1484 3025 1549 χεόμενον
3060 1479 3429 1548 μυρᾶκρουνον

1874 1578 2137 1646 ποταμὸν.

1940 1670 2028 1723 41.
2066 1690 2081 1720 ‹
2145 1669 2202 1722 Ei
2266 1670 2428 1737 igitur
2487 1669 2538 1721 in
2601 1680 2793 1722 somno
2845 1664 3065 1732 Magnus
3108 1662 3430 1731 (Demetrius

1877 1762 2088 1829 nempe)
2119 1770 2361 1828 apparet,
2407 1759 2587 1825 idque,
2638 1758 2780 1825 quod
2832 1757 3053 1817 fecerat,
3117 1753 3428 1821 expruhrat,

1881 1868 1963 1917 ac,
2000 1851 2067 1906 Ut
2098 1852 2251 1920 quid,
2288 1853 2383 1914 ait,
2431 1849 2713 1912 fluentum,
2762 1849 2902 1916 quod
2940 1862 2967 1901 e
3017 1846 3277 1912 sanguine
3310 1859 3426 1895 ιιιό

1879 1944 2116 2012 quotidie
2164 1958 2190 1995 a
2242 1943 2347 1995 Deo
2380 1942 2593 1994 abunde
2634 1939 3026 2007 suppeditatur,
3064 1937 3308 1987 fidelibus
3346 1936 3427 1984 im-

1879 2036 2058 2087 vidisti
2088 2074 2100 2095 ,
2138 2032 2665 2101 complecteuliaque
2700 2037 3031 2096 unguentum
3087 2024 3427 2093 receptacula

1880 2125 2106 2177 Christri
2142 2124 2453 2175 amantibus
2486 2119 2800 2174 occlusisti?
2835 2125 2906 2169 Ae
2937 2132 3035 2184 ego
3063 2118 3277 2184 quidem
3327 2131 3432 2167 non

1880 2215 1932 2266 in
1967 2229 2214 2267 mensura
2255 2228 2315 2265 ac
2342 2211 2590 2275 guttatim
2620 2248 2634 2273 ,
2688 2208 2780 2262 sed
2832 2208 2894 2258 ad
2945 2206 3285 2259 saturitatem
3334 2220 3434 2255 uit--

1877 2312 2073 2369 guenta
2122 2314 2385 2367 prepono,
2438 2305 2492 2349 tu
2533 2312 2659 2349 vero
2692 2297 2763 2349 ita
2796 2310 2958 2363 parce
2992 2310 3055 2346 ac
3092 2294 3355 2345 invidiose
3382 2301 3436 2345 te

1878 2393 2040 2458 get-is.
2086 2391 2151 2441 At
2195 2401 2342 2448 vero,
2380 2394 2435 2437 ut
2465 2394 2762 2451 martyrum
2796 2383 3103 2435 amantibus
3139 2384 3312 2435 locum
3347 2396 3436 2435 sa-

1879 2495 2029 2533 crum
2052 2478 2193 2532 haud
2220 2492 2455 2544 unquam
2484 2476 2665 2529 discas
2694 2468 3005 2537 oceludere,
3032 2482 3433 2538 unguentorum

1882 2586 2121 2625 meorum
2155 2577 2361 2638 portam
2396 2567 2641 2621 fidelibus
2677 2567 2762 2618 hic
2812 2567 3017 2634 aperui.
3053 2564 3195 2617 Dixit
3222 2605 3236 2626 ,
3267 2579 3329 2616 ac
3363 2574 3440 2616 te-

1881 2682 2039 2720 nuem
2079 2680 2235 2717 manu
2276 2662 2526 2716 baculum
2575 2670 2785 2724 tenens,
2829 2661 2917 2712 illo
2954 2659 3212 2728 unguenti
3251 2659 3390 2709 viam
3422 2698 3436 2719 ,

1882 2773 1909 2810 a
1957 2758 2163 2809 tumulo
2199 2754 2577 2823 unguentifero
2626 2753 2763 2805 hanc
2792 2752 2998 2805 ducens
3054 2759 3302 2817 rectaque
3348 2764 3442 2817 per

1879 2847 2167 2916 pavimenti
2214 2844 2397 2911 templi
2448 2843 2787 2909 superliciem
2844 2840 3133 2894 efformaus
3162 2879 3175 2903 ,
3222 2837 3434 2892 descri-

1884 2939 2027 3006 psit,
2077 2950 2139 2989 ac
2178 2949 2299 2988 mox
2346 2942 2746 3001 unguentorum
2786 2932 2928 2983 illinc
2966 2931 3116 2983 rivus
3149 2928 3396 2981 amuebat
3424 2964 3439 2989 .

1891 3025 2335 3094 aequabiliterque
2368 3031 2419 3077 et
2451 3022 2640 3075 leniter
2666 3022 2719 3075 in
2756 3022 2938 3088 templi
2986 3024 3293 3087 pavimento
3325 3034 3441 3072 ma-

227 3117 349 3168 dem
386 3113 597 3177 oculos,
621 3113 713 3164 alii
746 3122 921 3166 autem
947 3125 1009 3164 08
1030 3125 1094 3164 ac
1113 3126 1269 3165 aures
1296 3110 1385 3164 illo
1418 3119 1775 3173 consecrant;
1810 3143 1853 3202 Ο
1886 3120 2068 3182 nabat,
2094 3126 2146 3171 οι
2173 3132 2299 3170 ecce
2352 3114 2581 3168 miriﬁce
2612 3112 2908 3169 secundum
2957 3110 3210 3165 Davidcm
3244 3109 3439 3164 ﬂumen

228 3206 320 3259 alii
362 3220 489 3259 vero
514 3213 566 3259 et
591 3214 807 3269 pectora
832 3212 887 3257 et
920 3205 1103 3257 omnia
1132 3204 1377 3271 corporis
1406 3203 1646 3256 membra
1676 3216 1781 3253 unc

229 3308 427 3368 guento
458 3300 742 3367 inungunt,
776 3311 859 3358 ac,
883 3303 942 3347 ut
982 3308 1091 3347 uno
1125 3296 1287 3348 verbo
1318 3294 1518 3357 dicam,
1553 3293 1782 3346 insatia-

232 3388 366 3439 biles
406 3386 457 3437 in
501 3385 745 3440 facienda
778 3397 876 3451 per
900 3383 1031 3435 illud
1065 3382 1324 3435 unctione
1353 3392 1497 3435 sunt.
1539 3380 1571 3430 »⁷

302 3475 389 3528 ιι).
427 3474 765 3534 Stauracius,
802 3471 951 3524 hisce
981 3469 1143 3523 modo
1182 3469 1501 3539 prmmissis,
1534 3468 1781 3538 proxime

233 3564 537 3625 subnectit,
568 3560 889 3615 monachum
922 3558 1209 3626 quemdam
1237 3599 1253 3622 ,
1284 3559 1372 3611 cui
1405 3560 1473 3610 ob
1502 3559 1623 3609 vitae
1658 3571 1784 3609 san-

232 3656 470 3708 ctitatem
500 3651 824 3706 Demetriaui
858 3650 1090 3719 sepulcri
1114 3663 1244 3703 cura
1274 3656 1386 3702 crat
1417 3648 1640 3712 credita,
1663 3661 1783 3700 cum

235 3746 497 3817 quotidie.
533 3745 681 3798 nullo
711 3752 925 3797 servato
962 3742 1140 3805 modo,
1182 3741 1546 3809 cujuscunque
1576 3738 1786 3807 generis

234 3852 295 3889 ac
343 3835 517 3889 alatis
546 3834 791 3887 homines
824 3832 1125 3885 scaturiens
1152 3845 1181 3883 e
1216 3829 1399 3885 Sancti
1430 3843 1655 3897 corpore
1688 3842 1787 3880 un-

234 3934 492 3996 guentum
530 3922 838 3976 auferentes
867 3921 1074 3973 videret
1102 3958 1116 3979 ,
1156 3933 1214 3971 re
1257 3918 1432 3972 isthac
1462 3932 1524 3971 ac
1556 3918 1789 3970 maxime

234 4037 297 4071 rx
335 4034 398 4071 eo
433 4014 573 4085 quod
624 4013 855 4066 feminas
895 4011 1081 4072 etiam,
1125 4023 1244 4077 qua:
1280 4008 1371 4061 illo
1419 4015 1474 4061 et
1524 4022 1690 4075 genas
1736 4016 1789 4062 et

240 4116 424 4177 pectus
470 4112 522 4158 et
574 4104 739 4157 ubera
780 4110 833 4156 et
878 4099 1100 4154 brachia
1134 4100 1393 4153 continuo
1424 4099 1748 4166 inungerent
1774 4139 1786 4159 .

236 4207 484 4265 spectare
533 4204 832 4262 cogeretur,
887 4191 1220 4259 indignatus,
1272 4199 1605 4260 unguentum
1640 4204 1789 4244 com-

240 4284 526 4355 plectentia
552 4281 890 4348 receptacula
925 4280 1173 4333 occlusit.
1207 4277 1401 4332 Verum
1435 4278 1513 4342 id,
1550 4289 1609 4332 ut
1631 4280 1790 4346 Stan-

240 4375 416 4429 racius
454 4372 655 4433 subdit,
694 4370 892 4424 Sancto
933 4362 1145 4430 nostro,
1177 4369 1268 4436 qui
1317 4382 1423 4423 non
1455 4378 1663 4423 tantum
1704 4370 1793 4439 ju-

1882 3207 2176 3280 plaudebat
2208 3222 2369 3259 manu
2398 3245 2411 3265 ,
2446 3214 2502 3257 ut
2538 3204 2683 3266 hinc,
2716 3204 2806 3271 qui
2849 3203 3104 3272 martyris
3136 3200 3442 3255 c0nditorio

1882 3296 2245 3356 deserviebat,
2268 3293 2482 3347 consilii
2512 3306 2710 3360 expers
2737 3291 2917 3344 animo
2940 3291 3268 3349 concideret,
3295 3303 3443 3339 mox-

1884 3405 1987 3459 que
2039 3388 2256 3451 iterum,
2293 3400 2412 3453 quze
2458 3385 2687 3453 primum
2742 3382 3050 3445 clauserat,
3102 3390 3439 3446 unguentum

1886 3477 2297 3546 complectentia
2348 3474 2694 3542 receptacula
2730 3472 3003 3539 aperiret,
3038 3484 3098 3521 ac
3137 3468 3348 3521 veniam
3378 3467 3441 3521 de

1887 3584 2069 3623 errore
2102 3566 2399 3635 postularet
2432 3565 2627 3631 vixque
2658 3563 2728 3615 ita
2759 3562 2836 3626 gin
2877 3560 3060 3627 templi
3108 3558 3286 3610 medio
3330 3572 3442 3608 ma-

1888 3675 2043 3721 nans,
2077 3673 2106 3711 e
2135 3669 2241 3725 quo
2270 3662 2607 3722 unguentum
2654 3651 3010 3711 scaturiebat,
3051 3647 3246 3700 flumen
3283 3647 3443 3699 siste-

1889 3758 1987 3800 ret.
2031 3767 2047 3797 ι
2088 3745 2271 3797 Relata
2307 3743 2488 3794 verbis
2524 3743 2672 3794 hisce
2706 3756 2734 3792 a
2775 3739 3059 3792 Stauracio
3091 3736 3226 3789 visio
3271 3734 3353 3785 vel
3380 3748 3444 3785 ex

1878 3854 1952 3906 leo
2003 3837 2131 3889 mihi
2170 3844 2424 3902 suspecta
2462 3843 2542 3885 est
2580 3833 2869 3885 admodum
2903 3870 2917 3891 ,
2949 3830 3092 3898 quod
3144 3828 3441 3891 monachi,

1895 3926 2230 3981 continentia
2295 3934 2628 3990 unguentum
2690 3924 3029 3990 receptacula
3085 3921 3441 3981 occludeutis,

1890 4021 2089 4073 factum
2155 4015 2566 4082 improbaudum
2626 4011 2769 4066 haud
2822 4012 3103 4073 videatur,
3162 4012 3245 4073 si,
3299 4008 3443 4077 quod

1891 4108 2207 4165 Stauracius
2250 4109 2314 4160 de
2358 4104 2612 4168 feminis,
2649 4104 2960 4157 indecenter
2991 4117 3112 4156 sese
3155 4103 3208 4155 in
3246 4101 3444 4169 templo

1890 4203 2147 4257 continuo
2182 4197 2533 4267 ungentibus,
2569 4196 2665 4258 ait,
2699 4194 2910 4247 veritati
2938 4194 3011 4247 sit
3037 4208 3356 4247 consonum.

1959 4290 2045 4342 4'2.
2081 4286 2296 4349 Verum,
2320 4294 2596 4352 utcunque
2622 4300 2707 4337 res
2736 4283 2848 4336 haec
2875 4284 3087 4338 habeat.
3124 4282 3261 4335 visio
3288 4282 3443 4347 cqui-

1892 4381 2011 4432 dem
2034 4381 2139 4447 jam
2165 4380 2355 4439 relata,
2380 4376 2613 4441 aliaque,
2642 4389 2760 4442 qua
2791 4374 2857 4428 de
2884 4373 3170 4435 monacho,
3206 4371 3443 4438 sepulcri

242 4474 373 4527 stos,
426 4464 518 4517 sed
568 4469 881 4530 peccatores
911 4460 1070 4513 etiam
1106 4468 1383 4528 unguento
1434 4474 1533 4514 suo
1581 4460 1787 4514 morbis
1821 4456 1863 4511 υ
1895 4470 1903 4521 |

1781 4478 1787 4512 ί
1821 4456 1863 4511 υ
1895 4469 2214 4522 Demetriani
2256 4467 2497 4530 custode,
2542 4465 2857 4518 Stauracius
2894 4474 3121 4529 narrat,
3156 4464 3442 4531 scriptoris

241 4554 496 4609 sanandis
526 4552 765 4617 salutari,
808 4551 881 4604 uti
920 4549 1153 4611 volebat,
1182 4549 1401 4602 minime
1426 4549 1644 4616 placuit,
1678 4566 1789 4602 mo-

244 4646 583 4711 nachumque
640 4641 843 4696 idcirco
909 4640 1170 4707 corripuit
1218 4638 1271 4691 in
1324 4639 1567 4700 visione,
1627 4654 1787 4706 quam

244 4736 559 4789 Stanracius
606 4733 784 4785 verbis
819 4730 1041 4793 Grmcis,
1074 4728 1260 4781 Latine
1296 4729 1459 4782 etiam
1492 4730 1556 4782 ad
1592 4730 1784 4783 borum

240 4828 440 4879 calcem
472 4822 787 4883 recitandis,
820 4821 1064 4889 sequenti
1096 4818 1255 4871 modo
1299 4818 1520 4886 exponit
1548 4834 1563 4870 :
1599 4819 1789 4871 Τοίνυν

240 4918 332 4968 καὶ
360 4916 488 4983 ὄναρ
520 4915 766 4980 φαίνεται
813 4916 840 4964 ὁ
882 4912 1051 4979 μέγας
1104 4909 1272 4978 αὐτῷ,
1306 4910 1401 4961 καὶ
1434 4910 1786 4972 κατονειδίζει

239 5007 337 5070 τῆς
376 5006 643 5074 πράξεως,
703 5003 796 5055 καὶ
841 5002 959 5053 Ἵνα
1015 5000 1087 5063 τί,
1152 5002 1305 5067 φησὶ,
1353 5002 1463 5062 τοῖς
1514 4999 1789 5052 εὐσεϐέσιν

242 5098 541 5164 ἐφθόνησας
571 5098 660 5147 τὸν
699 5096 762 5146 ὲκ
816 5093 921 5145 τῶν
972 5092 1117 5159 ἐμῶν
1182 5091 1425 5145 αἱμάτων
1479 5091 1613 5158 πρὸς
1652 5090 1788 5144 Θεοῦ

241 5191 510 5249 πλουσίως
557 5188 679 5240 καθ’
730 5187 964 5254 ἑκάστην
1013 5184 1426 5252 δαψιλευὸμενον
1486 5182 1632 5252 ῥοῦν,
1682 5182 1776 5235 καὶ

250 5284 346 5342 τὰς
382 5280 710 5347 μυροεόχους
751 5277 1047 5343 δεξαμενὰς
1107 5278 1214 5336 τοῖς
1263 5275 1622 5342 φιλοχρῐστοις
1664 5290 1791 5325 κατ-

243 5371 479 5438 ἑφραξας
506 5385 519 5432 ;
556 5370 661 5421 Καὶ
690 5368 847 5428 αὐτὸς
878 5367 977 5434 μὲν
1004 5366 1102 5417 οὐκ
1124 5368 1178 5416 ὲν
1208 5366 1385 5433 μέτρῳ
1411 5364 1499 5415 καὶ
1537 5365 1602 5416 τὰ
1643 5364 1788 5432 μύρα

244 5460 558 5526 προτίθημι,
624 5458 687 5508 σὺ
746 5455 801 5507 δὲ
871 5455 1246 5528 πεφεισμένως
1294 5453 1466 5515 οὕτως
1518 5454 1657 5522 ἔχεις
1697 5454 1786 5506 καὶ

246 5547 538 5614 φθονερῶς.
578 5546 739 5598 Ἀλλὰ
771 5545 877 5614 γὰρ
905 5545 978 5607 ὡς
1020 5544 1195 5613 μάθῃς
1233 5544 1305 5612 μὴ
1334 5544 1648 5597 ἀποκλείειν
1674 5547 1787 5606 τοῖς

245 5638 604 5705 φιλομάρτυσι
630 5638 721 5688 τὸν
756 5636 1021 5702 ἁγιασμδν
1050 5635 1331 5704 μηδαμῶς,
1364 5635 1596 5689 ἐνταῦθα
1619 5636 1785 5701 θύραν

248 5728 349 5777 τῶν
390 5727 534 5795 ἐμῶν
585 5730 693 5789 τοῖς
749 5724 996 5778 εὐσεϐέσι
1058 5725 1242 5794 μύρων
1275 5726 1577 5794 ἀνοίγνυμι,
1630 5722 1783 5791 Eine,

1895 4562 2053 4627 hujus
2091 4568 2244 4612 relate
2292 4574 2384 4611 seu
2425 4558 2626 4611 saeculo
2661 4557 2825 4609 tertio
2852 4555 3088 4615 decimo,
3127 4554 3202 4607 uti
3236 4569 3295 4607 ex
3328 4556 3441 4622 jam

1891 4664 2050 4717 supra
2098 4650 2256 4701 dictis
2290 4648 2476 4712 liquet.
2512 4647 2730 4699 indubie
2763 4647 3020 4699 invenere
3049 4662 3065 4709 ;
3097 4646 3224 4697 hinc
3254 4655 3437 4697 autem

1890 4742 2259 4808 consequitur,
2296 4748 2352 4791 ut
2387 4738 2577 4791 eodem
2630 4740 2792 4791 etiam
2836 4739 3036 4791 saeculo
3090 4736 3439 4791 scaturientis

1890 4832 2118 4883 maxima
2147 4831 2297 4897 copia
2328 4844 2356 4880 e
2384 4828 2564 4881 Sancti
2597 4844 2823 4895 corpore
2849 4831 3105 4897 unguenti
3133 4828 3435 4895 prodigium

1892 4921 2067 4971 adhuc
2101 4919 2416 4971 obtinuerit.
2444 4918 2549 4970 Nec
2586 4918 2631 4969 ei
2674 4927 2785 4969 tum
2810 4926 3042 4977 tantum,
3069 4933 3253 4970 verum
3278 4919 3440 4969 etiam

1891 5011 2088 5062 san-ulc
2124 5010 2313 5075 quinto
2354 5008 2568 5060 decimo
2610 5008 2787 5060 locum
2824 5008 2999 5061 adhuc
3049 5008 3235 5071 fuisse,
3288 5007 3445 5061 docet

1892 5115 2009 5159 nos,
2041 5099 2130 5166 qui
2176 5108 2284 5150 tum
2320 5099 2426 5165 (adi
2474 5098 2932 5151 Commentarium
2985 5102 3238 5166 prtevium
3288 5113 3437 5149 num.

1888 5188 1977 5256 ‘28)
2018 5190 2067 5239 iu
2104 5190 2236 5240 vivis
2270 5188 2365 5240 fuit
2404 5188 2706 5242 Demetrius
2737 5189 3110 5257 Chrysoloras.
3139 5187 3237 5240 llic
3272 5187 3441 5249 enim,

1891 5290 2171 5347 postquam
2206 5282 2257 5331 in
2286 5292 2379 5330 sua
2409 5277 2473 5331 de
2512 5290 2699 5331 sancto
2736 5278 3009 5333 Demetrio
3049 5281 3315 5337 oratione,
3345 5292 3441 5329 cu-

1886 5370 1975 5437 jus
2008 5379 2211 5434 partvm
2246 5386 2273 5423 e
2318 5369 2565 5423 biblioth.
2602 5361 2789 5422 Medic.
2824 5370 2955 5436 plut.
2985 5368 3049 5421 10
3076 5369 3195 5420 cod.
3245 5367 3310 5420 15
3349 5366 3440 5420 de-

1891 5459 2143 5525 scriptam
2184 5459 2461 5521 habemus,
2494 5460 2558 5511 de
2585 5461 2769 5511 Sancti
2800 5460 3055 5527 martyrio
3095 5457 3434 5525 patratisque

1891 5548 1955 5599 ab
1980 5563 2041 5599 eo
2064 5548 2333 5599 miraculis
2373 5548 2642 5601 fusissime
2663 5549 2940 5609 disseruit,
2970 5550 3039 5599 ita
3074 5548 3434 5614 prosequitur:

1891 5637 1951 5687 Τί
2001 5638 2054 5687 δὲ
2108 5638 2260 5688 τοῦτό
2307 5639 2486 5701 ἐστινς
2542 5641 2757 5692 Ἐκειτο
2808 5641 2905 5707 μὲν
2946 5642 3153 5691 ἐκείνου
3194 5641 3250 5689 τὸ
3282 5639 3439 5704 σῶμα

1891 5730 1946 5779 τὶ
2000 5727 2148 5792 ᾰγιυν
2192 5730 2390 5796 παγὲν
2453 5723 2863 5799 ἐῤῥιμ;)νένον,ᾢ
2918 5732 3004 5781 καὶ
3055 5728 3433 5797 προσελθόντες
