4206 6438
775 398 912 463 1ιὲ3

1395 384 2018 450 SUPPLEMENTUM.
2061 403 2131 418 ·-
2170 382 2228 440 S.
2263 379 2636 442 DEMETRII
2675 376 3062 439 MARTYRIS
3105 377 3313 437 ACTA.

3845 366 3976 429 ι-ιεε

773 508 1008 576 φιλόθεοι
1039 502 1294 570 φιλοθέως
1320 499 1381 551 τὸ
1429 498 1673 566 φιλόθεον
1713 495 1899 557 νυκτὸς
1931 495 2152 563 ὶθαψαν·
2187 493 2323 561 μετά
2351 499 2395 554 Α
2425 495 2688 559 στρόφους
2740 493 2920 553 αίτίας
2974 491 3255 558 ἀπατῆσαι
3289 486 3414 548 τοὺς
3458 483 3730 576 εὐσεϐεῖς,
3771 482 3844 576 εὖ,
3883 482 3975 576 καὶ

770 599 825 650 δὲ
859 597 1048 664 χρόνον
1092 592 1228 661 ὑπὲρ
1268 590 1329 643 τὸ
1383 589 1541 656 σῶμα
1587 588 1734 655 πηγή
1773 603 1855 647 τις
1904 587 1996 638 νέα
2046 588 2321 652 γεννᾶται,

774 687 966 756 μύρον,
1008 685 1052 736 ῶ
1086 681 1180 734 τοῦ
1230 680 1543 749 θαύματοςί
1587 678 1700 730 ἀνθ’
1743 677 1930 737 ὓδατος
1989 678 2203 745 ῥέουσα,
2262 675 2321 736 ἐξ

769 776 838 848 ἧς
891 775 1134 841 ποταμὸς
1187 773 1370 839 φέρων
1408 769 1632 830 εὐωδίας
1677 769 1746 820 τὰ
1805 768 2069 835 ῥεύματα,
2109 767 2200 831 ἀφ.
2257 759 2320 816 οὗ

770 870 956 938 λίμναι
991 868 1168 934 πάσης
1204 861 1465 931 εὐοσμίας
1497 860 1775 929 ἀνάπλεῳ,
1829 859 1887 924 ἐξ
1926 854 2098 927 οὗπερ
2133 860 2311 912 ὠκεα-

771 959 860 1021 νὸς
910 956 1064 1018 ἀλλος
1122 954 1338 1022 κύματα
1378 951 1712 1020 κεκτημένος
1763 949 1870 1001 τῶν
1917 947 2119 1018 μύρων,
2176 949 2319 1016 άπερ

773 1050 919 1119 ῦδωρ
946 1049 1045 1099 οὐκ
1079 1046 1224 1098 εστιν
1273 1045 1364 1096 ἐπὶ
1395 1043 1485 1095 τὸν
1524 1045 1866 1111 χαρακτῆρα,
1892 1041 2046 1110 φέρει
2083 1038 2322 1108 παχύτε-

777 1156 892 1208 ρον,
927 1137 1038 1189 ἀλλ’
1068 1135 1189 1186 οὐδέ
1247 1151 1353 1185 τινι
1415 1132 1524 1186 τῶν
1571 1135 1627 1184 ὲν
1657 1134 1721 1200 τῇ
1759 1134 1826 1199 γῇ
1861 1131 1891 1199 ἢ
1934 1132 2027 1182 καὶ
2054 1130 2162 1182 τῶν
2192 1130 2320 1196 περὶ

774 1224 941 1292 αὐτὴν
981 1222 1290 1290 ὐγροτέρων
1346 1221 1377 1289 ἦ
1432 1217 1736 1290 ξηροτέρων
1787 1217 1926 1284 ἄλλῳ
1993 1217 2109 1284 μετ’
2143 1216 2318 1270 ἄλλων

773 1315 993 1381 ὅμοιον,
1039 1312 1150 1364 ἀλλ’
1198 1313 1315 1364 οιδὲ
1367 1314 1474 1360 τίῆν
1531 1309 1840 1362 σκευαστῶν
1910 1310 2022 1360 ἴσον
2079 1308 2316 1373 ἑτέρων·

773 1399 912 1465 σάρξ
961 1400 1104 1450 δοκεῖ
1154 1400 1212 1448 τὸ
1265 1398 1584 1464 φαινόμενον
1656 1397 1747 1448 καὶ
1809 1396 1924 1447 οὐδὲ
1989 1398 2146 1446 πάλιν
2185 1395 2317 1447 αὐτὸ

773 1487 1041 1539 παντοίων
1078 1486 1344 1553 εὐόσμων,
1385 1486 1445 1536 οὐ
1478 1484 1584 1534 τῶν
1627 1484 1933 1536 σκευαστῶν
1969 1485 2147 1552 μόνον,
2184 1485 2318 1535 άλλᾶ

777 1580 998 1632 καὶτῶν
1030 1580 1090 1629 ἐκ
1121 1577 1255 1629 Θεοῦ
1287 1577 1532 1644 φυσικῶς
1564 1576 1864 1643 γινομένων
1894 1577 1985 1628 καὶ
2018 1578 2318 1642 γεγονότων

776 1669 1245 1736 θαυμασιώτερον,
1287 1671 1378 1717 καὶ
1417 1668 1660 1724 εἰκότως·
1691 1668 1716 1716 ό
1745 1668 1850 1734 γάρ
1881 1667 2008 1726 Θεὸς
2042 1667 2199 1717 παντὶ
2225 1667 2322 1733 μὲν

2424 582 2588 633 πάλαι
2617 581 2712 634 τὸν
2745 581 2962 650 πρῶτον
3008 582 3057 631 οἰ
3096 580 3349 648 δαίμονες
3394 575 3706 645 ἄνθρωπον·
3737 573 3841 622 οὐκ
3884 566 3975 622 οῦν

2427 671 2630 738 σιγάτω
2663 671 2766 724 κᾶν
2814 673 2994 734 ὁποῖος
3047 670 3112 723 ἃν
3265 669 3424 721 ’Δλλά
3477 666 3652 718 ταῦτα
3702 663 3803 732 μὲν
3850 662 3976 728 περὶ

2420 762 2624 814 τούτων
2671 763 2806 829 ἡμῖν
2843 763 3042 828 ἀρκεῖ,
3077 761 3199 810 ἐπεὶ
3241 759 3440 824 λέγειν-
3475 759 3556 816 εἰς
3598 755 3804 815 πλάτος
3840 750 3977 803 αὐτά

2418 867 2483 918 γε
2513 850 2858 919 βουλομένοις
2895 852 2924 902 ό
2956 849 3068 919 βίος
3095 849 3198 902 οὐκ
3224 849 3457 918 ἀρκετὸς
3495 848 3674 899 ἔσται.

2489 944 2578 998 44.
2606 943 2815 1013 Βραχύς
2843 944 2952 1012 γάρ
2977 943 3120 1003 ἄπας
3136 942 3226 994 ἐπὶ
3248 943 3359 1001 τοίς
3380 941 3654 1008 μάρτυρος
3679 937 3976 1000 θαύμασιν·

2419 1036 2633 1105 διόπερ,
2671 1033 3018 1103 ὦθαυμαστὶ
3056 1034 3152 1086 καὶ
3189 1031 3320 1085 καλὲ
3359 1031 3660 1100 Δημήτριε,
3703 1025 3977 1092 θαυμάσιε

2422 1128 2725 1195 στρατιῶτα
2786 1123 3060 1190 Χριστοῦ,
3111 1125 3177 1176 σὺ
3233 1122 3491 1182 πολλάκις
3545 1119 3650 1188 τὴν
3693 1115 3978 1184 παροῦσαν

2421 1219 2577 1270 πόλιν
2635 1219 2700 1270 ὲκ
2742 1217 2849 1269 τῶν
2899 1216 3099 1284 χειρῶν
3141 1215 3357 1285 ὲρῤύσω
3394 1213 3502 1264 τῶν
3532 1209 3852 1277 ἀλλοφύλων
3888 1209 3977 1257 καὶ

2422 1310 2714 1371 παντοίων,
2761 1307 2947 1374 ἐγένου
2991 1306 3099 1356 τῶν
3136 1306 3453 1372 νοσημάτων
3506 1302 3689 1369 ἰατρὸς
3734 1300 3976 1364 ἄριστος.

2425 1400 2518 1452 καὶ
2559 1398 2619 1448 τὸ
2658 1398 2810 1462 γένος
2870 1395 3022 1463 ἡμῶν
3062 1393 3317 1461 ἠλέησας·
3347 1393 3426 1444 διὸ
3475 1388 3567 1442 σοῦ
3613 1385 3852 1452 δεόμεθα
3900 1385 3979 1434 έτι

2420 1489 2517 1542 καὶ
2566 1487 2681 1549 νῦν,
2717 1488 3018 1553 άνάστησον
3073 1485 3204 1537 αὐτὸ
3257 1484 3511 1550 κείμενον
3569 1481 3663 1531 καὶ
3721 1476 3979 1544 βοηθείας

2418 1583 2668 1650 δεόμενον
2695 1618 2711 1644 ,
2756 1581 3118 1648 ὲλευθέρωσον
3161 1578 3258 1631 καὶ
3325 1576 3589 1644 βοήθησον
3634 1570 3978 1628 ἀσθενοῦντι,

2421 1670 2811 1740 χειμαζόμενον
2847 1671 2905 1722 ὲν
2953 1668 3252 1735 άκυμάντῳ
3295 1665 3472 1732 λιμένι
3515 1663 3733 1728 στῆσον,
3774 1657 3979 1724 ﬁrma-L-

774 1759 998 1810 εὐωδίαν
1026 1757 1274 1824 ἐδωρεῖτο
1298 1757 1499 1823 προῖκα
1535 1754 1737 1823 κοινὴν,
1772 1755 1830 1806 τδ
1854 1756 1910 1808 δὲ
1945 1755 2116 1823 παρὸν
2151 1754 2319 1824 μύρον
2354 1792 2395 1845 Β
2427 1777 2584 1830 μενον
2619 1762 2701 1811 an
2751 1760 2881 1828 πυρὶ
2915 1758 3205 1827 βαρϐάρων
3248 1756 3525 1816 διάλυτον,
3579 1751 3852 1816 εὐκρασίᾳ⁵
3883 1764 3976 1795 σς.)

773 1850 833 1901 τὸ
885 1849 1020 1914 ὑπὲρ
1073 1845 1234 1898 αὐτοῦ
1280 1846 1462 1913 δῆθεν,
1505 1846 1576 1907 ὡς
1624 1848 1930 1914 προσῆκεν,
1960 1846 2318 1914 ἠγωνισμένῳ
2354 1836 2393 1845 ”
2423 1851 2516 1902 καὶ
2560 1849 2746 1917 θυμῶν
2804 1850 3092 1915 καιόμενον
3160 1845 3338 1896 αὐτῶν
3409 1843 3582 1909 θερμῇ
3650 1855 3741 1888 σου
3801 1836 3976 1902 δρόσῳ

773 1941 1081 2008 χαρίζεται.
1115 1936 1396 2005 Δαμϐάνει
1428 1937 1483 1988 δὲ
1512 1936 1667 1988 τοῦτο
1697 1937 1885 1998 κόποις
1931 1938 2079 1995 ἰδίοις
2116 1937 2143 1987 ό
2184 1938 2318 2005 p.59-

775 2048 892 2092 τυς,
928 2032 987 2081 οὐ
1017 2030 1220 2097 χάριτι·
1245 2030 1336 2079 καὶ
1387 2029 1445 2079 τὺ
1485 2027 1655 2096 μύρον
1690 2029 1824 2091 ἐξιὸν
1878 2030 1949 2088 εἰς
2004 2028 2170 2096 άρχάς
2216 2029 2320 2094 άφ-

778 2123 1020 2189 ορίζεται
1052 2121 1165 2180 δύο,
1194 2118 1258 2179 ἃς
1287 2118 1611 2186 διαδέχονται
1638 2118 1730 2169 καὶ
1774 2119 2027 2185 σωλῆνες,
2061 2120 2151 2171 καὶ
2174 2120 2320 2186 γενό·

779 2228 938 2280 μενον
987 2211 1086 2279 ἥδη
1127 2211 1395 2276 μετέωρον
1435 2210 1513 2271 εἰς
1575 2209 1702 2275 ὕψος
1771 2209 2071 2276 ἐξαίρουσιν
2131 2208 2320 2278 ῶσπερ

773 2301 916 2362 τινὸς
956 2299 1198 2351 κάτωθεν
1237 2297 1503 2355 ὠθοῦντος
1560 2299 1712 2357 αὐτὸ,
1748 2302 1840 2346 καὶ
1879 2299 2028 2357 ιιι-ιρὰ
2053 2300 2211 2360 φύσιν
2241 2299 2320 2356 είς

776 2392 844 2442 τὰ
874 2391 983 2442 άνω
1006 2390 1063 2440 τὸ
1093 2388 1229 2456 βαρύ
1271 2390 1496 2454 φέρεται
1532 2387 1624 2436 καὶ
1663 2385 1951 2451 γενόμενον
1980 2383 2220 2434 ἰσόπεδον
2244 2383 2319 2451 τῷ

780 2481 892 2548 ναῷ
932 2480 1220 2549 κραταιῶς
1251 2479 1508 2544 ἡσυχάζει
1559 2477 1650 2527 καὶ
1686 2477 1884 2543 ἠρεμεῖ
1924 2475 2032 2525 τῶν
2071 2475 2321 2542 σωλήνων

775 2571 1031 2638 ἑκάτερος
1093 2568 1276 2634 ῶσπερ
1313 2569 1467 2634 τηρεῖ
1509 2565 1750 2632 παγέντα
1801 2563 1833 2632 ἢ
1883 2565 1974 2615 καὶ
2026 2564 2093 2615 τὰ
2146 2563 2320 2614 ὀπίσω

777 2656 1034 2713 σταλέντα
1065 2660 1155 2711 καὶ
1186 2657 1554 2724 χαλινωοέντα.
1579 2655 1681 2722 τὴν
1710 2656 1790 2715 εἰς
1827 2653 1884 2705 τὸ
1934 2654 2120 2722 πρόσω
2149 2652 2320 2720 φοράν

774 2749 1026 2818 καθάπερ
1060 2747 1233 2815 ἡνίαις
1267 2748 1530 2813 ἀφανέσιν
1559 2742 1978 2811 ἀναχαιτίζεται.

845 2838 935 2893 43.
981 2838 1213 2906 Πλήρεις
1265 2838 1416 2897 ὅντες
1463 2837 1510 2887 οἰ
1567 2834 1803 2902 σωλῆνες
1827 2831 1935 2884 τῶν
1979 2832 2205 2900 μύρων,
2237 2833 2324 2884 ἀεὶ

779 2929 871 2982 καὶ
924 2929 1101 2995 χαίρει
1147 2927 1248 2994 μὲν
1298 2925 1679 2992 ἁντλούμενος,
1710 2923 1824 2974 ἀλλ’
1856 2923 1954 2974 οὐκ
1992 2921 2320 2988 ἐλαττούμε-

779 3037 890 3081 νος,
927 3018 1226 3086 ἀρυόμενος
1254 3056 1266 3080 ,
1325 3017 1436 3067 ἀλλ’
1471 3018 1530 3066 οὐ
1597 3012 1933 3083 μειούμενος,
1984 3011 2322 3079 μεταλαμϐα-

2421 1940 2778 2009 θεράπευσον,
2813 1941 2906 1990 καὶ
2941 1938 3121 1989 παντά
3159 1937 3380 2003 ποίησον
3403 1937 3459 1985 ἐν
3493 1929 3760 1999 θεραπείᾳ
3789 1925 3977 1992 ψυχῶν

2419 2033 2535 2100 ἅμα
2580 2034 2674 2085 καὶ
2730 2033 3000 2099 σωμάτων
3057 2030 3380 2097 πρεσϐείαις
3435 2027 3533 2092 τῆς
3586 2023 3974 2089 παραχράντου

2419 2123 2640 2192 Μητρὸς
2676 2124 2766 2175 τοῦ
2801 2123 3004 2191 Κυρίου
3031 2121 3187 2190 ἡμῶν
3225 2117 3399 2187 Ἰησοῦ
3451 2113 3712 2183 Χριστοῦ,
3755 2107 3800 2176 ᾧ
3851 2110 3976 2176 πρέ-

2420 2231 2511 2266 πει
2557 2215 2705 2279 δόξα,
2737 2214 2972 2282 κράτος,
2999 2211 3132 2279 τιμὴ
3181 2213 3279 2263 καὶ
3317 2207 3690 2278 προσκύνησις
3727 2208 3808 2264 εἰς
3851 2205 3975 2260 τοὺς

2421 2305 2622 2366 αἰῶνας
2671 2304 2777 2357 τῶν
2828 2305 3058 2356 αἰώνων.
3093 2303 3281 2368 Ἀμήν.
3337 2317 3357 2350 ε
3406 2298 3546 2361 Quid
3591 2295 3721 2348 illud
3771 2291 3977 2361 igitur?

2423 2390 2684 2444 Sanctum
2731 2389 2947 2457 quidem
2986 2388 3132 2440 illius
3169 2389 3365 2453 (sancti
3401 2386 3656 2439 Demetrii
3692 2387 3974 2447 nimirum)

2419 2481 2650 2535 cadaver
2678 2479 2894 2547 jacebat
2924 2477 3263 2545 projectum;
3296 2476 3362 2528 ad
3393 2475 3532 2541 quod
3559 2491 3684 2526 cum
3716 2486 3765 2527 et
3804 2473 3972 2525 Deum

2421 2580 2666 2625 amantes
2697 2569 3081 2632 accessissent,
3106 2582 3137 2620 e
3176 2567 3378 2634 pietate
3412 2565 3464 2617 in
3495 2564 3661 2618 Deum
3697 2563 3806 2615 Deo
3845 2563 3978 2614 dile-

2419 2669 2566 2714 ctum
2599 2667 2762 2713 noctu
2793 2658 3162 2726 sepelierunt;
3199 2665 3388 2722 postea
3415 2669 3544 2708 vero
3584 2668 3745 2720 supra
3773 2666 3977 2718 corpus

2423 2764 2597 2802 novus
2627 2749 2846 2818 quidam
2895 2747 3018 2800 fons
3062 2745 3330 2808 nascitur,
3374 2752 3704 2812 unguentum
3753 2743 3811 2810 (ο
3863 2757 3973 2794 rem

2424 2839 2792 2906 mirandam!)
2842 2852 2996 2906 aquae
3049 2837 3169 2890 loco
3234 2833 3544 2897 eﬂundens,
3601 2848 3630 2887 e
3677 2849 3786 2902 quo
3843 2834 3977 2886 bene

2422 2926 2621 2979 olentia
2695 2927 2895 2979 ﬂuenta
2952 2927 3174 2988 vehens,
3230 2924 3326 2993 qui
3375 2931 3564 2991 stagna
3614 2922 3760 2976 bono
3807 2925 3977 2976 odore

2424 3017 2582 3084 plena
2616 3017 2809 3085 gignit,
2837 3016 3031 3070 ﬂuvius
3063 3025 3368 3084 promanat.
3389 3013 3525 3068 llinc
3551 3028 3792 3068 oceanus
3814 3015 3974 3075 alter,

779 3109 1002 3174 νόμενος
1044 3110 1137 3158 καὶ
1183 3107 1320 3166 σῶος
1353 3104 1646 3172 ὁρώμενος·
1679 3104 1770 3155 καὶ
1801 3101 1860 3153 τὸ
1904 3102 2000 3168 μὲν
2024 3101 2163 3164 ἐξιὸν
2196 3117 2316 3168 σχε-
2343 3119 2384 3173 C
2425 3123 2440 3156 π

2312 3132 2316 3139 ·
2343 3119 2384 3173 c
2425 3107 2514 3173 qui
2537 3121 2658 3158 cum
2688 3115 3105 3173 unguentorum,
3134 3117 3252 3171 qua
3281 3104 3347 3156 ab
3378 3118 3514 3170 aqua
3541 3102 3973 3169 distinguuntur,

777 3198 866 3248 δὺν
889 3195 1132 3263 ἄπειρον·
1156 3194 1360 3246 δέδοται
1389 3194 1495 3258 γάρ
1526 3192 1819 3260 λαμϐάνειν
1848 3191 2084 3244 εὐσεϐῶν
2122 3191 2320 3244 ἅπαντι

779 3287 902 3336 ὅσον
935 3284 1000 3336 ἂν
1033 3285 1259 3342 ἕκαστος
1301 3283 1566 3351 βούλοιτο,
1607 3283 1755 3350 μένει
1788 3281 1841 3333 δὲ
1880 3281 1949 3334 τὰ
1990 3282 2168 3350 πηγῆς
2193 3283 2323 3335 άκέ-

776 3391 919 3427 νωτα
955 3374 1048 3426 καὶ
1089 3375 1122 3441 ἡ
1162 3371 1451 3435 ἐλάττωσις
1508 3371 1840 3440 ούδιμόθεν,
1881 3372 1976 3423 καὶ
2034 3372 2092 3424 τὺ
2143 3371 2321 3440 θέαμα

780 3463 932 3527 ξένον
969 3464 1063 3514 οὐκ
1107 3462 1349 3515 εὐσεϐέσι
1407 3462 1585 3531 μόνον,
1642 3462 1778 3515 ἀλλὰ
1829 3461 2060 3514 καὶτῶν
2109 3463 2320 3514 ἀσεϐῶν

782 3553 1008 3604 ἅπαντι·
1037 3551 1140 3602 κᾶν
1175 3551 1280 3618 γάρ
1307 3567 1387 3612 τις
1425 3551 1697 3618 αἱρετικὸς
1735 3551 1767 3620 ἢ
1817 3552 2057 3612 ἀντίθεος
2081 3549 2170 3622 ἦν,
2201 3552 2324 3624 βλαο

779 3643 1016 3710 σφημείν
1041 3641 1174 3702 ὅλως
1213 3643 1486 3706 ἀδυνατεῖ,
1531 3642 1785 3694 τοσοῦτον
1823 3642 1982 3710 ἔργον
2027 3643 2199 3712 μύρου
2230 3645 2323 3697 τοῦ

776 3732 1040 3798 παρόντος
1079 3732 1112 3795 ἡ
1150 3731 1295 3793 δόξα.
1339 3732 1411 3783 Τὸ
1460 3733 1515 3783 δὲ
1576 3734 1757 3802 μεῖζον
1790 3733 1817 3783 ὃ
1849 3734 1986 3801 μηδὲ
2031 3734 2321 3805 σύγκρισιν

776 3819 887 3886 εχει
925 3820 1055 3885 πρὸς
1079 3819 1147 3869 τὰ
1180 3819 1458 3886 λεχθέντα,
1488 3820 1572 3872 ὅτι
1612 3822 1778 3886 σκεύη
1812 3821 1935 3872 τινὰ
1966 3822 2144 3890 πλήρη
2173 3825 2323 3889 γενό-

778 3923 916 3974 μενα
957 3907 1141 3973 μύρων
1189 3909 1251 3958 ἐκ
1297 3907 1405 3959 τῶν
1445 3908 1696 3976 σωλήνων
1741 3911 1834 3962 καὶ
1887 3911 2067 3979 φέρων
2095 3913 2321 3975 ἕκαστος

774 3996 954 4046 οίκάδε
999 3996 1107 4048 τῶν
1142 3996 1379 4048 εὐσεϐῶν
1419 3997 1652 4052 ἕκαστον
1693 4001 2011 4069 ἀνατίθησιν
2055 4001 2185 4071 ἰερῷ
2213 4019 2320 4055 τινι

773 4085 944 4153 τόπῳ,
972 4085 1108 4154 ἔχων
1133 4087 1264 4138 αὐτὸ
1288 4089 1348 4138 οὐ
1377 4089 1535 4155 μόνον
1563 4088 1696 4157 πρὸς
1716 4089 2008 4157 θεραπείαν
2035 4094 2318 4161 σωμάτων,

777 4174 915 4227 ἀλλὰ
947 4177 1040 4226 καὶ
1066 4176 1174 4226 τῶν
1211 4176 1395 4244 ψυχῶν
1424 4176 1530 4228 τῶν
1553 4179 1608 4230 ἐν
1647 4177 1781 4247 οῐκῳ
1808 4181 1899 4232 καὶ
1924 4181 2037 4233 τῶν
2067 4183 2322 4248 γειτόνων

777 4265 958 4318 αὐτῶν
997 4265 1091 4316 καὶ
1130 4267 1234 4317 τῶν
1278 4258 1499 4334 ἀλόγων
1528 4269 1784 4328 πολλάκις
1839 4268 2013 4336 ζώων,
2051 4271 2086 4324 ἃ.
2115 4272 2178 4342 δὴ
2228 4276 2322 4325 καὶ

778 4356 1020 4420 φυσικῶς
1043 4372 1171 4408 ποτε
1205 4357 1530 4420 κενωθέντα,
1567 4361 1612 4410 εί
1641 4359 1874 4425 καθαρὸς
1909 4362 2066 4428 μόνον
2094 4362 2319 4424 ἕκαστος

2424 3194 2618 3247 ﬂuctus
2661 3193 2898 3257 habeat,
2933 3193 3255 3246 crassiorem
3293 3207 3452 3260 quam
3499 3194 3610 3244 haec
3652 3191 3971 3258 qualitatem

2425 3286 2666 3354 praefert,
2700 3301 2802 3341 nec
2831 3293 2888 3338 ut
2917 3285 3019 3337 alia
3050 3285 3422 3338 humidiorum
3455 3284 3818 3336 sicciorumve
3852 3297 3974 3350 qua

2425 3377 2479 3430 in
2511 3384 2657 3431 terra
2692 3377 2772 3430 vel
2801 3376 2944 3430 circa
2971 3375 3116 3428 illam
3147 3385 3311 3436 sunt,
3345 3373 3501 3426 alteri
3551 3374 3641 3425 ulli
3693 3374 3926 3426 similem
3955 3413 3971 3433 ,

2424 3481 2521 3520 nec
2550 3467 2715 3519 talem
2747 3467 2908 3519 etiam
2949 3466 3166 3533 qualem
3199 3464 3304 3516 alia
3333 3478 3453 3532 qua
3479 3472 3594 3516 arte
3622 3462 3765 3515 facta
3801 3473 3929 3516 sunt
3955 3500 3972 3523 ,

2424 3557 2640 3610 habent.
2664 3555 2892 3610 Carnem
2921 3571 3045 3610 esse
3101 3556 3274 3618 dicas,
3305 3555 3464 3622 idque
3484 3555 3840 3606 nihilominus
3862 3567 3971 3606 nan

2423 3648 2616 3715 magis.
2647 3662 2806 3716 quam
2838 3662 2926 3702 res
2957 3648 3227 3710 diversas,
3258 3660 3366 3698 non
3392 3653 3600 3698 tantum
3625 3659 3744 3712 quae
3775 3652 3975 3710 parata

2422 3733 2491 3787 ab
2517 3736 2747 3789 artiﬁcio
2779 3744 2930 3801 sunt,
2978 3749 3164 3789 verum
3195 3736 3360 3787 etiam
3407 3747 3527 3802 qua:
3573 3734 3895 3786 naturaliter
3943 3748 3975 3786 a

2425 3823 2538 3877 Deo
2564 3827 2939 3893 producuntur
2966 3825 3353 3894 productaeque
3394 3831 3558 3886 sunt,
3594 3822 3795 3876 bonum
3823 3838 3977 3890 sparo

2425 3929 2550 3981 gere
2599 3914 2820 3968 odorem
2849 3953 2864 3978 ,
2907 3923 2995 3968 est
3041 3915 3376 3973 mirandum,
3405 3925 3470 3964 ac
3499 3913 3692 3966 merito
3725 3914 3972 3981 quidem.

2422 4003 2562 4058 Deus
2594 4006 2737 4058 enim
2769 4004 2971 4057 bonum
3001 4003 3222 4070 quidem
3260 4004 3486 4058 odorem
3517 4006 3792 4058 communi
3826 4003 3974 4056 dono

2420 4095 2674 4150 omnibus
2707 4094 2947 4163 gratuito
2978 4097 3091 4156 dat,
3115 4109 3354 4164 presens
3382 4105 3563 4150 autem
3591 4106 3928 4162 unguentum
3956 4134 3971 4156 ,

2421 4198 2489 4238 ex
2527 4185 2619 4238 illo
2647 4198 2843 4254 nempe
2880 4183 3128 4248 elliuens.
3156 4185 3207 4239 ei
3238 4186 3333 4254 qni
3382 4185 3608 4239 certavit
3641 4199 3739 4252 pro
3762 4184 3976 4237 meritis

2421 4272 2667 4340 largitur.

2487 4362 2574 4415 45.
2611 4361 2668 4415 id
2720 4376 2848 4417 vero
2901 4372 3107 4431 martyr
3145 4361 3423 4416 laboribus
3460 4364 3598 4427 suis,
3645 4365 3787 4417 haud
3837 4381 3973 4432 pura

777 4447 926 4513 αὐτῷ
969 4447 1144 4515 χρῷτο
1191 4449 1372 4500 σκεύει
1406 4449 1464 4500 ἐν
1496 4452 1560 4518 τῇ
1599 4452 1785 4520 μνήμῃ
1822 4451 1909 4502 τοῦ
1945 4450 2242 4522 μάρτυρος,
2279 4451 2323 4505 ῶ
2354 4439 2397 4493 D
2427 4454 2438 4507 Ι

2308 4473 2323 4504 ι
2354 4439 2397 4493 D
2427 4453 2823 4515 benevolentia,
2858 4453 3076 4522 accipit.
3113 4453 3190 4506 Ac
3219 4464 3575 4524 unguentum,
3608 4455 3702 4509 ubi
3733 4457 3873 4516 exit,
3914 4459 3969 4509 in

775 4536 866 4588 τοῦ
910 4536 1181 4604 θαύματος
1209 4538 1222 4590 l
1259 4538 1432 4608 μύρου
1475 4539 1667 4601 σκεῦος
1695 4541 1920 4592 ἕκαστον
1944 4542 2102 4603 εὐθὺς
2133 4544 2315 4610 γέμει,

2418 4545 2552 4596 duas
2582 4543 2942 4610 scaturigines
2973 4543 3249 4606 dividitur,
3281 4559 3416 4612 quas
3445 4553 3500 4598 et
3525 4546 3638 4600 tubi
3672 4546 3971 4613 excipiunt,

775 4627 962 4693 ῶσπερ
1015 4622 1083 4693 ἦν
1131 4627 1222 4677 ἀπ’
1275 4628 1466 4696 ἀρχῆς.
1508 4628 1572 4679 Τί
1601 4629 1788 4679 τούτου
1832 4628 2012 4695 μεῖζον
2072 4629 2317 4699 ἢῐσονῆ
2414 4634 2431 4702 j

2314 4655 2317 4697 ι
2414 4634 2636 4702 jamque
2689 4632 2910 4686 liuidum
2955 4632 3208 4687 eﬂ‘ecturn
3251 4633 3305 4686 in
3345 4634 3610 4698 sublime,
3660 4650 3725 4688 ac
3758 4637 3806 4688 si
3850 4637 3975 4702 quis

775 4717 941 4779 ἐγγὺς
994 4716 1188 4782 γένοιτ’
1244 4717 1310 4773 άν
1360 4732 1527 4781 ποτε;
1582 4717 1774 4778 Παῖδες
1809 4717 2076 4786 Ἑλλήνων
2127 4723 2316 4785 ἄγουσι

775 4807 965 4872 λίμνας
995 4807 1086 4857 καὶ
1117 4805 1298 4872 πηγάς
1327 4805 1442 4873 ἅμα
1479 4805 1643 4874 ἄλλην
1688 4807 1858 4867 ἄλλως
1898 4806 2024 4858 ἄλλο
2055 4808 2320 4876 κεκτημέ-

781 4912 879 4962 νην
909 4897 970 4946 τδ
1002 4893 1205 4962 θαῦμα.
1241 4894 1409 4962 Εῐπερ
1442 4893 1533 4945 οὖν
1572 4895 1632 4946 οὐ
1666 4894 1829 4962 μῦθός
1858 4913 1918 4960 γε
1951 4895 2018 4948 τά
2056 4896 2321 4963 λεγόμενα

776 4986 921 5042 τότε.
966 4984 1149 5051 μεῖζον
1182 4985 1404 5036 ἐκείνων
1441 4985 1574 5036 πολύ
1605 4987 1665 5037 τὸ
1696 4987 1888 5053 παρόν.
1936 4984 2087 5036 Ἐπεὶ
2129 4987 2185 5036 δὲ
2226 4988 2318 5038 καὶ

781 5071 968 5138 μῦθος,
1018 5072 1091 5131 ὡς
1143 5071 1351 5138 έμοιγε,
1381 5071 1536 5123 τοῦτο
1583 5071 1716 5138 πρὸς
1749 5072 1903 5124 σκιάν
1929 5071 2071 5122 ἑστιν
2098 5070 2321 5137 ἀλήθεια

778 5163 985 5229 φανερά
1036 5162 1130 5214 καὶ
1183 5163 1416 5230 πρᾶγμα
1463 5161 1766 5230 θαυμάσιον
1819 5162 1998 5221 αὐτοῖς
2031 5160 2320 5227 θεωμένοις

780 5253 881 5304 καὶ
923 5255 1036 5313 τοῖς
1081 5252 1342 5303 ἀκούουσι
1383 5251 1559 5318 θέαμα
1601 5254 1692 5303 καὶ
1729 5252 1848 5304 οὐδὲ
1880 5250 2320 5319 παραϐάλλεσθαι

781 5343 1070 5410 δυνάμενον
1109 5343 1251 5410 ἄλλῳ
1279 5360 1291 5372 ·
1325 5343 1418 5394 καὶ
1472 5343 1523 5393 τί
1556 5343 1698 5407 λέγω
1751 5342 1859 5392 τῶν
1911 5343 2039 5410 περὶ
2077 5343 2173 5409 τὴν
2221 5341 2322 5409 γῆν

782 5434 1058 5497 ἐξαισίων,
1109 5434 1238 5485 ὅπου
1282 5448 1344 5497 γε
1394 5433 1485 5484 καὶ
1525 5433 1631 5483 τῶν
1673 5434 1735 5482 έκ
1774 5431 1906 5483 Θεοῦ
1943 5432 2108 5484 πάλαι
2161 5449 2319 5501 τερα-

779 5525 1183 5591 τουργηθέντων
1227 5524 1374 5575 ἐστὶν
1405 5526 1502 5575 οὐκ
1545 5523 1797 5586 έλαττονς
1834 5522 1919 5589 Μὴ
1958 5523 2322 5590 πεμπέτωσαν

782 5615 1007 5667 ἐνταῦθα
1033 5617 1271 5681 γλῶτταν
1325 5617 1608 5684 αἰρετικοὶ,
1637 5614 1768 5683 μηδὲ
1807 5614 2176 5683 μιμείσθωσαν
2206 5615 2319 5666 δαί-

785 5723 971 5774 μονάς.
1031 5705 1207 5775 Ὅμως
1273 5703 1588 5759 ἀδυνατοῦσι
1637 5706 1973 5773 πλασάμενοι
2027 5705 2119 5768 τὰς
2175 5706 2318 5760 ἀντι-

2419 4722 2552 4776 illud
2583 4738 2613 4776 e
2646 4723 2764 4778 loco
2788 4721 3030 4776 inferiori
3062 4722 3346 4792 propellat,
3369 4723 3642 4788 attollunt,
3672 4738 3976 4794 contraque

2417 4821 2685 4873 naturam,
2711 4812 2850 4878 quod
2890 4825 3052 4874 grave
3080 4820 3184 4874 est,
3221 4825 3440 4864 sursum
3487 4811 3658 4866 fertur
3695 4827 3976 4882 ;eumque

2418 4901 2484 4954 ad
2517 4901 2700 4968 templi
2745 4900 3022 4968 planitiem
3057 4901 3340 4968 pervenit,
3382 4900 3528 4955 illico
3561 4903 3824 4969 quiescit,
3863 4917 3976 4955 arn-

2418 4992 2593 5058 boque
2636 4991 2689 5042 in
2719 4990 2908 5042 eodem
2946 4998 3090 5043 statu
3125 4989 3239 5045 tubi
3268 4998 3624 5059 permanent,
3657 4993 3815 5058 quasi
3856 5007 3977 5060 qua:

2423 5089 2682 5133 concreta
2731 5087 2858 5131 sunt
2887 5118 2902 5141 ,
2936 5078 3254 5132 contineant
3277 5118 3291 5143 ,
3322 5089 3414 5131 aut
3443 5079 3605 5132 etiam
3635 5082 3795 5146 quasi
3830 5091 3974 5135 retro

2420 5171 2586 5223 missa
2620 5183 2681 5222 ac
2713 5182 2978 5237 repressa,
3013 5183 3131 5235 qua:
3162 5184 3257 5238 per
3288 5168 3490 5223 factum
3521 5171 3585 5223 ad
3611 5181 3797 5238 partes
3827 5180 3973 5224 ante-

2419 5262 2590 5314 riores
2622 5259 2914 5312 decursum
2941 5257 3112 5321 ﬁeret,
3144 5260 3551 5314 eucuationem
3578 5262 3807 5315 habenis
3837 5276 3972 5329 quo-

2419 5350 2711 5404 dammodo
2743 5349 3047 5403 inhibeant.
3088 5347 3498 5419 Unguentorum
3530 5351 3674 5420 pleni
3707 5366 3832 5404 cum
3865 5353 3974 5406 sint

2420 5443 2560 5506 tubi,
2590 5441 2787 5510 gaudio
2821 5441 3034 5508 quidem
3065 5455 3300 5509 semper,
3337 5441 3426 5510 qui
3459 5443 3676 5500 haurit.
3719 5441 3968 5504 adicitur,

2419 5533 2512 5585 sed
2546 5541 2878 5598 unguentum
2910 5528 3051 5582 haud
3105 5522 3319 5595 minuit,
3369 5532 3422 5583 id
3465 5530 3722 5591 extrahit,
3749 5530 3842 5583 sed
3877 5530 3970 5582 de-

2422 5631 2663 5670 crescere
2699 5616 2842 5669 haud
2898 5614 3050 5680 l‘acit,
3099 5619 3350 5685 percipit,
3399 5633 3673 5687 sanusque
3720 5618 3968 5673 ellicitur.

2422 5707 2592 5775 Atque
2627 5706 2676 5760 id
2725 5705 2966 5775 quidem,
3002 5707 3146 5777 quod
3181 5707 3369 5777 cilicii,
3404 5710 3669 5767 inﬁnitum
3702 5710 3812 5766 fere
3849 5717 3969 5768 est;
