4206 6438
240 410 377 475 1125

894 400 1098 464 ORDO
1136 399 1410 463 BERUM
1444 399 1615 468 ΟΠΞ
1661 397 1737 457 IN
1775 397 1925 458 HOC
1959 397 2167 459 TOMO
2203 400 2770 462 CONTINENTUR.

3299 396 3431 460 1426

234 523 337 594 piis
362 521 505 575 enim
539 514 815 578 omnibus,
843 522 901 567 ut
927 516 1180 583 quisque,
1212 521 1473 581 quantum
1506 507 1738 563 voluerit
1762 545 1777 569 .
1808 509 1855 565 Δ
1885 508 1999 561 haec
2033 509 2097 561 de
2145 508 2251 561 illis
2286 510 2489 564 dixisse
2519 510 2672 563 nobis
2710 504 2937 561 sumciat
2960 546 2974 570 ,
3004 506 3261 574 quoniam
3298 507 3340 559 si
3372 521 3433 558 ea

236 612 466 680 accipiat
488 647 506 673 ,
538 618 627 663 est
654 607 837 661 datum
864 621 880 669 ;
926 603 1047 658 fons
1091 614 1272 658 autem
1307 608 1488 655 manet
1518 598 1783 653 inexhau-

236 711 373 766 stus,
404 714 503 755 nec
537 699 647 753 uUa
682 713 747 751 ea
782 706 934 766 parte
971 695 1289 749 imminutus
1320 703 1561 762 apparet,
1596 700 1786 759 estque

242 808 347 845 non
378 792 483 859 piis
515 790 798 851 duntaxat,
833 787 924 841 sed
961 787 1142 855 impiis
1171 785 1332 839 etiam
1359 783 1609 835 omnibus
1638 796 1788 849 pere-

233 884 445 950 grinum
474 877 864 947 spectaculum.
895 876 1007 930 Etsi
1035 876 1180 929 enim
1220 874 1345 941 quis
1373 871 1662 926 haereticus
1695 876 1787 922 aut

237 973 331 1026 Dei
362 972 615 1024 inimicus
643 969 752 1032 sit,
783 969 890 1022 tale
924 967 1180 1035 unguenti
1210 980 1378 1031 opus,
1422 964 1578 1031 cujus
1612 962 1786 1031 palam

234 1074 317 1118 est
344 1063 511 1131 gloria
537 1102 551 1126 ,
586 1059 959 1128 blasphemare
988 1058 1210 1111 omnino
1240 1071 1345 1109 non
1396 1061 1589 1123 potest.
1630 1049 1786 1116 Quod

239 1168 415 1210 autem
446 1156 615 1223 majus
641 1163 743 1217 est,
781 1168 880 1204 nec
908 1150 974 1204 ad
1015 1151 1158 1203 dicta
1190 1151 1652 1216 comparationem
1689 1144 1788 1197 ha-

234 1250 361 1308 bet,
393 1261 513 1299 cum
562 1259 685 1297 vasa
718 1243 960 1312 quaadam
994 1256 1023 1295 e
1063 1241 1203 1293 tubis
1242 1239 1446 1293 fuerint
1494 1235 1787 1306 unguentis

234 1338 477 1402 impleta,
506 1344 667 1402 atque
701 1349 728 1385 a
766 1334 866 1401 piis
894 1331 1310 1397 quibuscunque
1334 1330 1555 1381 domum
1587 1328 1784 1387 delata,

234 1428 288 1481 in
326 1429 444 1479 loco
482 1426 715 1492 quodam
760 1438 918 1478 sacro
967 1437 1195 1490 quaque
1227 1422 1545 1487 deponunt,
1585 1434 1647 1472 ea
1683 1434 1787 1473 non

237 1528 447 1571 tantum
485 1518 546 1569 ad
576 1532 863 1584 corporum
890 1553 906 1578 ,
943 1529 1125 1566 verum
1152 1515 1313 1566 etiam
1351 1514 1655 1565 animarum
1697 1510 1792 1563 do-

236 1607 585 1660 mesticorum
630 1606 1039 1671 vicinorumque
1075 1617 1321 1663 suorum,
1352 1602 1427 1653 uti
1460 1611 1513 1654 et
1549 1615 1689 1668 saepe
1720 1601 1785 1653 ad

237 1697 548 1749 animalium
592 1695 1010 1756 irrationalium,
1057 1696 1393 1747 curationem
1442 1692 1784 1745 adhibentes.

238 1778 372 1842 Cum
427 1804 555 1841 vero
613 1788 884 1839 exinanita
942 1786 1028 1839 illa
1088 1784 1406 1838 naturaliter
1457 1782 1682 1846 fuerint,
1740 1781 1781 1834 si

241 1883 400 1933 modo
433 1879 747 1946 impollutus
781 1879 1065 1945 quisquam
1106 1891 1229 1929 vase
1281 1876 1370 1929 illo
1418 1876 1471 1927 in
1523 1874 1780 1942 martyris

239 1971 810 2022 commemorationem
847 1977 1059 2031 utatur,
1096 1968 1275 2021 statim
1326 1982 1415 2019 vas
1448 1966 1692 2033 quodque
1730 1966 1783 2024 (ο

238 2060 599 2127 prodigium!)
630 2068 924 2125 unguento,
950 2058 1025 2110 uti
1055 2058 1120 2110 ab
1155 2056 1307 2109 initio
1341 2056 1533 2115 fuerat,
1565 2055 1780 2123 plenum

236 2152 468 2203 exsistit.
509 2151 648 2214 Quid
699 2149 801 2201 hoc
842 2149 1034 2214 majus,
1084 2150 1165 2201 vel
1205 2150 1408 2215 aequale
1438 2146 1517 2199 vel
1550 2133 1781 2198 vicinum

240 2257 472 2310 unquam
499 2241 806 2294 exstiterit?
834 2240 1035 2306 Stagna
1067 2238 1225 2291 simul
1255 2248 1306 2290 et
1336 2236 1782 2305 fontes,quorum

236 2335 376 2386 alius
400 2333 542 2385 aliud
573 2332 674 2384 alia
707 2334 912 2383 ratione
936 2330 1234 2397 prodigium
1262 2328 1425 2381 fuerit
1448 2328 1780 2386 cantplexus,

236 2423 440 2477 ethnici
471 2422 766 2473 celebrant.
799 2415 950 2479 Quod
986 2416 1029 2466 si
1066 2414 1249 2481 igitur,
1287 2429 1405 2480 qua:
1432 2416 1527 2468 abs
1553 2413 1661 2466 illis
1687 2412 1783 2465 ali-

235 2515 454 2581 quando
483 2513 622 2562 dicta
666 2508 919 2569 fuerunt,
952 2506 1131 2558 fabula
1166 2506 1303 2558 haud
1352 2512 1496 2567 sunt,
1543 2506 1688 2557 hisce
1719 2506 1782 2557 il-

233 2605 352 2665 Iud,
380 2602 442 2653 de
467 2613 573 2665 quo
602 2598 850 2666 praesenti
883 2610 1083 2658 sermo,
1112 2598 1278 2647 multo
1302 2603 1385 2648 est
1414 2594 1615 2661 majus;
1641 2596 1781 2661 quod

236 2693 284 2745 si
319 2700 493 2742 autem
519 2728 534 2751 ,
574 2700 629 2741 ttt
660 2689 791 2740 mibi
827 2689 1059 2751 videtur,
1096 2685 1276 2739 fabula
1322 2687 1433 2741 sint
1461 2725 1477 2750 ,
1518 2686 1648 2740 illud
1687 2702 1783 2755 pro

241 2780 431 2834 umbra
458 2778 740 2831 manifesta
763 2788 843 2830 est
872 2780 1096 2841 veritas,
1129 2794 1341 2845 resque,
1367 2792 1486 2846 quae
1518 2779 1779 2847 ipsismet,

239 2873 610 2938 spectaculum
677 2870 1020 2922 cernentibus
1078 2870 1528 2937 audientibusque
1572 2870 1641 2922 sit
1690 2870 1784 2921 ad-

241 2960 509 3021 miranda,
536 2974 635 3011 nec
660 2960 813 3011 alteri
840 2960 1139 3025 comparari
1170 2968 1353 3027 queat,
1374 2973 1458 3024 ac,
1485 2960 1611 3027 quid
1640 2960 1781 3021 dico,

242 3052 309 3104 iis
338 3065 455 3118 qua:
484 3065 512 3102 a
542 3060 680 3103 terra
714 3059 838 3103 sunt
876 3052 1147 3118 producta.
1191 3051 1512 3119 insignibus,
1543 3052 1786 3119 quando-

1891 599 1942 652 in
1973 600 2140 653 latum
2175 616 2600 655 commemorare
2627 603 2971 664 voluerimus,
2998 602 3102 652 vita
3128 599 3267 652 haud
3296 598 3435 651 suﬂi-

1888 690 2039 745 ciens
2077 692 2146 744 sit
2180 690 2395 753 futura;
2440 692 2622 745 omnis
2672 693 2811 745 enim
2866 690 2934 746 ad
2991 690 3245 758 martyris
3296 688 3434 740 cele-

1888 782 2093 837 branda
2132 784 2387 835 miracula
2435 789 2515 836 est
2554 783 2753 842 brevis,
2807 782 2930 848 quin
2973 790 3027 833 tu
3055 821 3069 841 .
3106 796 3139 832 ο
3188 780 3433 830 mirande

1888 888 1951 927 ac
1985 874 2179 927 eximie
2228 873 2497 938 Demetri,
2536 873 2799 942 stupende
2826 872 3029 926 Christi
3064 873 3242 934 miles,
3287 884 3429 936 Saepe

1890 966 2029 1020 hanc
2059 966 2329 1020 civitatem
2355 982 2420 1019 ex
2451 967 2875 1033 alienigenarum
2903 964 3149 1016 manibus
3178 963 3432 1022 liberasti,

1889 1058 2237 1125 optimusque
2272 1058 2583 1110 morborum
2621 1058 2957 1109 diversorum
2998 1056 3238 1107 medicus
3268 1051 3433 1104 exsti-

1892 1148 2022 1211 tisti,
2056 1148 2377 1215 generisque
2416 1147 2584 1200 nostri
2616 1160 2673 1199 es
2711 1146 2983 1198 misertus.
3016 1144 3137 1196 ideo
3160 1152 3211 1197 te
3246 1157 3431 1210 preca-

1891 1254 2032 1301 mur,
2086 1247 2138 1292 et
2183 1255 2325 1293 nunc
2378 1241 2554 1292 adhuc
2587 1238 2754 1300 illud,
2786 1236 2923 1304 quod
2952 1238 3115 1304 jacet,
3148 1236 3310 1298 erige,
3348 1247 3431 1293 ac.

1888 1335 2031 1402 quod
2066 1348 2221 1401 Opem
2264 1334 2534 1401 implorat,
2572 1332 2759 1394 libera,
2798 1332 3171 1395 laborantique
3204 1325 3282 1378 fer
3306 1341 3434 1393 sup-

1889 1427 2083 1496 petias.
2120 1426 2461 1492 Tempestate
2498 1426 2758 1492 jactatum
2797 1433 2971 1477 statue.
3008 1424 3060 1476 in
3098 1426 3252 1488 portu
3288 1427 3451 1467 trait--

1889 1517 2075 1585 quillo,
2111 1516 2467 1569 Barbarorum
2500 1518 2618 1581 igne
2650 1516 2879 1568 delirum
2917 1523 3005 1566 tua
3062 1512 3237 1564 adhuc
3288 1506 3433 1561 beni-

1890 1610 2093 1672 gnitate
2125 1610 2271 1661 solve
2300 1647 2313 1669 .
2346 1606 2764 1673 eorumdemque
2805 1606 3079 1657 furoribus
3130 1600 3429 1664 deﬂagrans

1892 1714 2012 1751 rore
2044 1709 2134 1752 tuo
2165 1699 2450 1752 calescenti
2491 1712 2618 1751 sana
2643 1738 2656 1759 ,
2706 1696 2991 1764 omniaque
3038 1695 3090 1747 in
3123 1696 3423 1745 animarum

1890 1790 2048 1844 simul
2086 1805 2147 1842 ac
2179 1805 2460 1857 corporum
2514 1799 2823 1841 nostrorum
2873 1785 3178 1839 curatione.
3209 1783 3292 1834 fac
3340 1796 3431 1843 per

1885 1897 2069 1951 preces
2133 1883 2493 1936 immaculata:
2556 1879 2742 1931 Matris
2808 1878 3021 1929 Domini
3079 1876 3246 1928 nostri
3303 1871 3430 1925 Jesu

1885 1977 2107 2038 Christi,
2136 1976 2222 2028 cui
2258 1975 2511 2027 convenit
2545 1973 2741 2041 gloria,
2781 1974 2983 2034 virtus,
3017 1971 3191 2021 honor
3219 1975 3271 2019 et
3304 1964 3433 2015 ado-

1886 2070 2025 2121 ratio
2060 2068 2112 2118 in
2146 2066 2337 2119 stecula
2367 2065 2707 2118 steculorum.
2738 2064 2928 2115 Amen.
2973 2078 2992 2107 δ
3027 2060 3299 2111 llactenu‘s
3332 2054 3432 2105 De-

1883 2160 2109 2213 metrius
2155 2157 2510 2224 Chrysoloras
2545 2154 2816 2215 laudatus,
2853 2154 2943 2219 qui
2974 2166 3095 2203 cum
3123 2186 3138 2210 ,
3171 2157 3228 2199 ut
3263 2160 3426 2214 supra

1883 2251 2077 2313 docui,
2131 2249 2330 2302 seculo
2369 2248 2560 2315 quinto
2609 2248 2819 2299 decimo
2872 2245 3133 2303 ﬂoruerit,
3188 2241 3430 2303 haecque,

1882 2350 2003 2403 qua:
2051 2336 2231 2386 verbis
2276 2335 2384 2400 jam
2438 2332 2680 2384 recitatis
2730 2331 3097 2391 continentur,
3157 2328 3433 2381 memoriae

1884 2422 2093 2489 prodat,
2128 2432 2253 2473 tunc
2284 2435 2416 2473 sane
2451 2420 2731 2487 unguenti,
2765 2421 2991 2471 maxima
3021 2419 3174 2485 capia
3209 2418 3429 2471 eaancti

1887 2511 2141 2563 Demetrii
2193 2525 2420 2577 corpore
2472 2510 2857 2571 scaturientis,
2903 2510 3203 2577 prodigium
3253 2512 3430 2562 adhuc

1890 2601 2210 2665 obtinuisse,
2252 2600 2615 2655 indubitatum
2652 2603 2848 2655 evadit.
2887 2601 2995 2653 Nec
3028 2602 3126 2653 hoc
3165 2614 3369 2652 tantum
3399 2615 3429 2653 e

1889 2693 2128 2745 recitatis
2162 2693 2496 2761 Chrysolora
2520 2692 2697 2745 verbis
2718 2692 3003 2754 discimus,
3029 2706 3209 2743 verum
3242 2691 3427 2755 etiam,

1889 2780 1966 2833 uti
1998 2782 2110 2833 haec
2137 2778 2461 2849 expendenti
2493 2788 2751 2846 patescet.
2786 2787 2973 2831 notatu
3006 2778 3141 2830 satis
3166 2778 3323 2847 digna
3357 2778 3425 2832 de

1886 2869 2193 2937 prodigiosa
2217 2869 2389 2924 sancti
2419 2867 2671 2921 Demetrii
2708 2876 2980 2933 unguento
3007 2868 3106 2919 alia
3144 2868 3428 2929 nonnulla,

1885 2976 2116 3030 quorum
2154 2961 2365 3013 interim
2416 2961 2570 3013 tidem
2602 2974 2765 3027 penes
2796 2968 3069 3011 auctorem
3110 2965 3253 3012 stare
3285 2959 3424 3010 volo.

1886 3051 2077 3107 Utrum
2108 3067 2288 3118 porro,
2320 3050 2789 3105 Thessalonicensi
2822 3046 3000 3103 Sancti
3037 3051 3235 3118 templo
3267 3051 3317 3103 in
3356 3052 3432 3103 fa-

237 3140 452 3207 qniilem
484 3149 536 3192 et
566 3143 652 3201 iis,
700 3157 816 3208 qua
850 3157 879 3193 a
915 3143 1023 3195 Deo
1052 3142 1179 3196 olim
1218 3141 1369 3196 tuere
1398 3150 1630 3211 patrata,
1662 3153 1849 3213 pro-C
1882 3160 2009 3198 num
2044 3143 2330 3195 Turcicunt
2354 3180 2368 3203 ,
2404 3150 2461 3193 ut
2495 3155 2655 3208 supra
2690 3141 2740 3191 in
2774 3140 3176 3193 Commentario
3208 3143 3427 3207 praevio,

237 3230 399 3298 digiis
424 3230 563 3281 haud
593 3230 663 3282 sit
692 3231 911 3283 minus?

308 3320 395 3373 ιθ.
433 3336 453 3367 ι
497 3319 757 3387 Linguam
811 3321 967 3387 igitur
1006 3322 1090 3373 hic
1113 3323 1264 3383 haud
1318 3331 1567 3376 moveant
1616 3322 1783 3374 haere-

237 3414 351 3477 tici,
381 3429 477 3467 nec
513 3416 787 3469 daemones
816 3417 1113 3469 imitentur.
1154 3416 1362 3469 Causas
1392 3416 1689 3483 appositas,
1724 3424 1779 3469 ut

236 3505 379 3570 pios,
418 3504 872 3569 quemadmodum
912 3506 1145 3572 primum
1182 3506 1453 3559 hominem
1486 3506 1776 3570 daemones,

237 3594 531 3661 decipiant,
576 3594 835 3662 tingentes
885 3596 1027 3649 haud
1080 3612 1230 3664 atque
1270 3596 1654 3663 pravalebuut.
1703 3596 1781 3650 Ne

240 3684 407 3748 igitur
438 3684 833 3753 qualiscunque
867 3687 1027 3738 etiant
1061 3687 1165 3749 sit,
1202 3688 1546 3740 conticescat.
1584 3684 1778 3739 Verum

1883 3250 2032 3289 num.
2065 3234 2132 3288 92
2162 3234 2318 3287 docui
2346 3272 2359 3293 ,
2406 3234 2515 3300 jam
2550 3246 2813 3284 converso
2836 3268 2851 3295 ,
2887 3232 3209 3298 stupendum
3245 3232 3428 3284 admo-

1881 3324 2031 3387 dum,
2067 3325 2210 3391 quali
2240 3324 2400 3376 etiam
2437 3323 2525 3374 alii
2556 3321 2738 3374 Sancti
2774 3321 3017 3373 nonnulli
3055 3318 3213 3372 modo
3246 3319 3423 3371 adhuc

1880 3430 1910 3469 a
1942 3415 2051 3468 Deo
2086 3415 2433 3469 condecorari
2490 3412 2684 3465 olimve
2737 3421 2881 3465 certe
2934 3410 3275 3464 condecorati
3330 3423 3425 3460 no-

1882 3520 2131 3567 scuntur,
2164 3502 2417 3559 stillantis
2448 3517 2541 3555 seu
2575 3502 2921 3557 scaturientia
2951 3501 3101 3565 capia
3137 3502 3364 3554 maxima
3398 3514 3427 3552 e

1889 3594 2139 3649 Demetrii
2199 3608 2423 3660 corpore
2480 3594 2735 3659 unguenti
2796 3590 3098 3657 prodigium
3165 3590 3429 3657 hodieque

1886 3694 2208 3753 perseveret,
2239 3692 2571 3752 compertum
2604 3683 2742 3734 haud
2780 3683 2970 3734 habeo.

238 3824 3422 3862 ω

1235 3935 1714 4046 OBDO
1782 3931 2422 4042 RERUM

752 4120 1026 4220 QUIE
1105 4120 1229 4207 IN
1311 4117 1549 4208 HOC
1617 4116 1949 4209 TOMO
2022 4114 2925 4206 CONTINENTUR.

551 4371 832 4427 SIHEON
875 4373 1171 4427 HETAPH
1183 4373 1466 4431 RASTES.

301 4488 461 4536 vim
493 4486 864 4536 saucronuu
889 4487 1249 4549 (continuatio).

301 4566 526 4617 MENSIS
552 4566 907 4615 NOVEMBER.

304 4651 390 4699 Die
412 4651 459 4711 2.
488 4650 764 4711 Martyrium
787 4649 876 4695 SS.
897 4648 1153 4711 Acindyni,
1177 4649 1369 4711 Pegain
1386 4654 1437 4700 et
1454 4647 1709 4700 sociorum.
1749 4651 1781 4699 9

297 4711 393 4758 Die
425 4710 469 4758 ι.
497 4710 606 4757 Vita
638 4710 689 4756 8.
723 4708 960 4756 Joannicii
986 4709 1187 4757 abbatis.
1253 4708 1272 4711 '
1721 4711 1782 4759 35

302 4771 394 4819 Die
418 4772 467 4817 5.
503 4770 610 4817 Vita
635 4769 721 4816 SS.
756 4769 1047 4815 Galactionis
1071 4775 1122 4815 et
1146 4768 1440 4827 Epistemes.
1714 4770 1775 4817 93

300 4830 389 4878 Die
411 4832 456 4877 7.
485 4829 759 4888 Martyrium
783 4830 834 4877 S.
866 4827 1091 4875 Hieronis
1111 4835 1162 4875 et
1188 4827 1440 4876 sociorum.
1687 4828 1776 4888 109

301 4890 393 4937 Die
414 4892 460 4935 9.
494 4887 774 4945 Martyrium
798 4889 851 4933 S.
873 4888 1083 4935 Orestis.
1687 4887 1775 4935 119

299 4951 392 4999 Die
424 4950 491 4997 15.
522 4951 799 5000 Martyrium
822 4947 909 4993 SS.
934 4950 1122 5002 Gurle,
1145 4948 1364 4995 Samona
1386 4953 1438 4995 et
1462 4947 1622 4997 Abibi.
1688 4948 1773 4996 127

299 5013 386 5059 Die
409 5012 484 5058 22.
511 5009 618 5055 Vita
638 5008 690 5055 S.
714 5008 918 5057 tlcciiic
938 5015 989 5054 et
1008 5008 1265 5055 sociorum.
1688 5007 1776 5056 163

299 5072 387 5119 Die
411 5072 485 5117 23.
515 5068 624 5115 Vita
651 5069 701 5115 S.
733 5070 1001 5117 Clementis
1026 5066 1267 5125 martyris.
1690 5068 1777 5115 179

298 5130 388 5176 Die
416 5132 491 5177 23.
524 5129 630 5189 Vita
656 5126 965 5189 8.7Cregorii
993 5126 1323 5189 Agrigentini.
1686 5127 1775 5189 189

295 5192 388 5239 Die
412 5191 483 5235 25.
512 5187 621 5235 Vita
643 5189 692 5236 8.
718 5187 963 5237 Mercurii.
1043 5187 1059 5188 ί
1118 5187 1136 5189 “
1684 5188 1773 5234 269

290 5251 384 5298 Die
408 5251 480 5295 Β.
512 5250 615 5296 Vita
638 5250 686 5295 S.
717 5249 1016 5296 Bcateriua.
1684 5248 1775 5296 275

295 5342 877 5393 MENSISDECEMBER.

291 5428 381 5475 ltie
408 5427 450 5473 1.
478 5425 584 5473 Vita
619 5426 669 5474 S.
698 5425 933 5472 Barbare.
1682 5425 1767 5472 301

292 5487 385 5534 Die
417 5490 465 5536 6.
492 5486 595 5533 Vita
627 5486 676 5531 S.
705 5485 886 5532 Nicolai
914 5485 1163 5544 Myrensis.
1679 5485 1769 5528 517

294 5548 384 5595 Die
408 5550 453 5595 8.
492 5547 595 5593 Vita
618 5546 667 5593 S.
702 5547 902 5595 Patapii.
1682 5545 1769 5591 357

292 5610 381 5677 pie
408 5608 480 5677 i9.
507 5605 784 5677 Martyrith
818 5605 864 5677 8ἰ
888 5605 1052 5677 Mena
1075 5606 1405 5668 etzsociorum.
1679 5605 1766 5677 {Si}!

292 5670 381 5717 Die
407 5668 479 5716 ιι.
514 5667 617 5717 Vita
650 5668 696 5717 S.
727 5666 1027 5727 Spyridouis.
1132 5665 1145 5668 ’
1682 5665 1757 5710 117

1936 4369 2031 4420 Die
2053 4370 2127 4419 13.
2153 4372 2429 4430 Martyrium
2453 4372 2541 4419 SS.
2568 4374 2814 4431 Euatratii,
2836 4374 3067 4422 Auxentii
3094 4380 3144 4423 et
3164 4377 3423 4430 sociorum.

1940 4488 2035 4536 Die
2064 4490 2134 4537 i4.
2165 4490 2441 4548 Martyrium
2470 4491 2520 4539 8.
2547 4491 2721 4549 Thyrai
2757 4498 2803 4536 et
2830 4482 3089 4541 sociorum.

1939 4551 2029 4597 Die
2049 4550 2123 4610 2|.
2150 4550 2427 4610 Martyrium
2453 4552 2503 4599 S.
2527 4553 2723 4600 Thema
2742 4552 2963 4610 apostoli.
3331 4559 3423 4607 559

1939 4610 2029 4657 Die
2060 4609 2137 4656 25.
2172 4611 2448 4669 Martyrium
2488 4609 2963 4660 aanctorumrdecem
3000 4623 3264 4673 martyrum
3301 4618 3420 4666 Cre-

1884 4672 2113 4718 tensium.
3329 4672 3421 4726 5333

1942 4728 2034 4777 Die
2058 4730 2138 4778 25.
2164 4728 2441 4789 Martyrium
2470 4731 2521 4780 S.
2555 4731 2818 4780 Anaatasie
2837 4730 3052 4780 Junioria
3083 4738 3135 4781 et
3162 4737 3414 4786 sociarum.

1938 4844 2028 4909 Die
2156 4848 2431 4909 Martyrium
2456 4850 2501 4898 S.
2538 4851 2783 4909 Eugenim.

1941 4905 2029 4971 I_)ie
2052 4908 2125 4971 ἒβη
2154 4905 2342 4971 ΑνίιέΒ.
2372 4905 2797 4971 Τὴεοόοτῖϐηριί
3328 4916 3416 4963 6δῖ

1946 4967 2031 5027 Die
2053 4967 2129 5027 27.
2154 4967 2223 5014 De
2246 4969 2294 5013 8.
2320 4970 2503 5015 Joanne
2527 4967 2844 5027 evangelista.
3326 4976 3417 5022 683

1943 5026 2030 5074 hie
2055 5026 2131 5073 20.
2160 5028 2264 5073 Vita
2293 5028 2341 5074 S.
2374 5029 2586 5074 Marcelli
2612 5026 3018 5077 archimandritas.
3326 5035 3417 5083 705

1938 5086 2029 5133 Die
2060 5088 2137 5135 3t).
2169 5086 2447 5145 Martyrium
2470 5088 2523 5135 S.
2553 5087 2744 5142 Anvsio
2768 5089 3232 5141 Thessalonicensis.
3327 5096 3415 5143 717

1939 5147 2028 5194 Dte
2060 5147 2131 5192 5t.
2166 5147 2443 5206 Martyrium
2479 5148 2529 5195 8.
2557 5148 2759 5195 Melana
2784 5150 3026 5196 Romanun
3324 5155 3413 5203 755

1936 5228 2256 5277 ADDENDA.

1939 5311 2116 5358 Mcrms
2138 5313 2418 5357 JANUARIUS.

1937 5371 2023 5416 Die
2060 5372 2131 5415 20.
2156 5372 2275 5425 Vita
2314 5372 2361 5417 S.
2389 5369 3023 5419 Sebastianietsociorum..

1939 5430 2110 5476 MENSIS
2142 5432 2450 5476 Feunuanws.

1942 5491 2027 5536 hic
2051 5492 2095 5534 5.
2130 5492 2382 5537 Certamen
2406 5490 2454 5537 S.
2480 5492 2625 5539 Blaaii
2654 5496 2705 5537 et
2726 5492 2985 5539 sociorum.
3320 5494 3410 5542 817

1938 5550 2112 5596 Nessus
2141 5555 2339 5595 huius.

1941 5611 2029 5658 Die
2064 5612 2136 5655 ‘29..
2163 5612 2417 5659 Certamen
2455 5611 2539 5659 SS.
2566 5611 2861 5671 Acepaima,
2886 5613 3065 5672 Joseph
3094 5619 3143 5661 et
3167 5612 3406 5662 Eithalae.

3323 5375 3415 5423 795
