4094 6186
377 334 468 420 ἰι
1483 356 1810 421 sseoms
1854 355 2202 420 EPISCOPI
2246 357 2717 421 RHEMENSIS.
3722 360 3800 423 η

392 505 496 546 sus
517 505 674 546 sum.
695 490 772 546 Eo
803 490 1027 547 scilicet
1056 490 1249 557 modo,
1271 494 1336 545 ut
1366 491 1474 562 ipsi
1509 489 1629 546 sint
1656 493 1832 546 testes
1852 487 2035 544 alium
2065 490 2122 556 Α
2149 489 2267 544 lam
2299 482 2704 562 repetitionem
2737 495 2836 546 aut
2869 490 3403 564 interpnllationem
3452 493 3800 552 auctoritate

389 579 740 635 succedendi
770 582 832 634 et
860 579 1243 636 consecrandi
1275 579 1754 652 subrogandique
1800 577 1858 631 in
1911 576 2036 632 loco

389 682 520 722 meo
549 666 652 738 qui
685 666 859 740 digne
891 684 1140 740 praeesse
1160 671 1217 723 et
1234 667 1512 740 prodesse
1537 665 1723 738 possit
1742 663 2033 732 Ecclesiae,

387 755 482 812 cui
513 755 797 812 hactenus
827 755 1068 829 indigne
1098 756 1322 829 praefui.
1356 756 1424 811 Et
1455 759 1518 809 ut
1548 754 1682 809 inde
1712 751 1867 808 ultra
1898 751 2036 808 nul-

2146 577 2428 634 canonica
2459 577 2646 633 facere
2674 577 2924 644 valeam,
2957 595 3138 635 manu
3184 579 3421 654 prepria
3468 596 3601 638 mea
3651 582 3791 638 sub-

2147 665 2411 721 scribens
2461 666 2709 723 ﬁrmavi.
2753 669 2870 724 Eho
2917 669 3214 741 quondam
3262 669 3574 742 episcopus
3623 671 3796 727 subs-

2147 769 2344 824 cr1ps1.

934 1033 1708 1175 EBBONIS
1821 1032 3270 1178 APOLOGETICUM

1524 1245 1711 1318 (Apud
1738 1244 2075 1315 Acherinm,
2106 1243 2330 1318 Spicil.,
2367 1249 2508 1300 tom.
2545 1244 2665 1316 III.)

462 1469 678 1525 Enoms
692 1454 1040 1523 Rhemens'is
1053 1466 1472 1540 archiepiscOpi
1483 1510 1495 1536 ,
1505 1472 1718 1524 sanctae
1732 1469 1891 1525 sedis
1902 1483 2040 1539 apo-

393 1556 612 1616 stolicze
641 1554 816 1628 legati
847 1571 952 1628 pro
973 1555 1348 1612 conversione
1379 1573 1741 1629 paganorum
1774 1557 2040 1628 redemp-

388 1646 668 1717 tioneque
681 1643 1064 1716 captivorum,
1083 1661 1150 1700 ex
1169 1661 1458 1701 consensu
1478 1645 1750 1702 Ludovici
1774 1645 2041 1712 Caesaris,

393 1733 688 1805 totiusque
717 1732 989 1805 palatina:
1011 1733 1314 1806 dignitatis
1333 1735 1462 1806 ejus
1484 1733 1922 1806 directi,postea
1943 1731 2043 1804 qui

395 1821 822 1898 persecutionis
883 1826 1146 1894 tempore
1194 1821 1585 1894 plurimorum
1637 1823 2046 1894 episcoporum

395 1914 856 1982 caaterorumque
874 1909 1161 1966 nobilium
1176 1910 1457 1966 laicorum
1491 1909 1696 1966 exsilia
1709 1925 2044 1982 passorum,

397 1997 712 2058 Rhemcnsi
745 1997 817 2054 ab
847 1997 1094 2054 ecclesia
1124 1998 1750 2070 pulsus,septennique
1781 1998 2049 2055 custodia

398 2104 657 2162 pressus,
691 2087 828 2142 hinc
859 2087 1208 2143 succedente
1237 2087 1505 2143 Lothario
1531 2090 1794 2160 Augusto
1825 2102 2050 2143 revoca-

398 2175 880 2249 tus,publicaque
912 2193 978 2233 ac
1009 2176 1354 2232 auctoritate
1385 2174 1782 2231 ecclesiastica
1811 2175 2047 2231 restitu-

399 2269 518 2334 tus,
535 2264 949 2321 assistentibus
977 2263 1068 2320 vel
1101 2265 1548 2321 decernentibus
1581 2263 1811 2336 magnis
1843 2280 2050 2319 consu-

397 2353 558 2410 libus
587 2353 807 2426 pariter
838 2371 970 2409 cum
1001 2354 1224 2410 sanctis
1247 2352 1341 2408 hic
1363 2350 2050 2424 subscriptislcatholiois

398 2442 770 2516 praesulibus,
786 2442 1050 2515 Drogone
1081 2440 1502 2514 archipalatino
1537 2439 1804 2512 praesule,
1823 2443 2051 2496 sancta-

397 2547 513 2604 que
524 2530 912 2588 unanimitate
935 2530 1016 2586 illi
1031 2547 1236 2588 omnes
1256 2530 1354 2586 isti
1379 2530 1716 2598 concordes,
1730 2528 2050 2601 Autgarius

398 2618 893 2692 archiepiscopus,
924 2618 1291 2675 Amalwinus
1323 2618 1819 2692 archiepiscopus,
1845 2619 2050 2673 Audax

398 2707 895 2780 archiepiscopus,
930 2708 1085 2764 Hetti
1118 2707 1616 2779 archiepiscopus,
1650 2705 1866 2778 Joseph
1899 2706 2054 2777 epis-

400 2813 601 2870 copus,
633 2795 941 2852 Adaluli’us
972 2795 1305 2868 episcopus,
1339 2795 1520 2851 David
1552 2795 1885 2868 episcopus,
1904 2794 2049 2850 Hro-

399 2885 616 2958 dingus
643 2884 1354 2958 episcopus,Gislebertus
1384 2883 1716 2956 episcopus,
1736 2882 2051 2940 Herminus

401 2973 732 3046 episcopus,
753 2973 1090 3030 Frotharius
1121 2973 1452 3046 episcopus,
1479 2974 1803 3029 Badaratus
1825 2971 2048 3044 episeo-

399 3078 532 3136 pus,
565 3062 802 3134 Hagano
832 3061 1164 3133 episcopus,
1197 3061 1543 3133 Hrotgarius
1574 3060 1906 3132 episcopus,
1925 3058 2048 3114 Ado

2147 1471 2402 1539 temqus,
2438 1472 2501 1523 ut
2534 1467 2756 1523 meliori
2789 1469 3035 1540 tempori
3069 1485 3131 1526 se
3163 1473 3644 1537 reservaret,cum
3671 1485 3808 1526 con-

2151 1573 2332 1613 sensu
2363 1557 2770 1630 episcoporum
2804 1556 3124 1629 pontiﬁcali
3149 1555 3390 1614 secessit
3405 1574 3439 1613 a
3455 1557 3804 1626 ministerio,

2153 1645 2296 1700 dum
2344 1646 2498 1700 inter
2543 1649 2797 1701 terrores
2847 1649 2904 1700 et
2953 1646 3276 1702 discordias
3317 1645 3462 1701 ratio
3517 1663 3632 1701 non
3663 1645 3807 1702 sinit

2155 1733 2460 1788 immolare
2489 1733 2783 1802 victimas,
2815 1734 3045 1790 dicente
3074 1734 3321 1790 Domino
3355 1750 3368 1790 :
3402 1734 3466 1790 Si
3493 1734 3652 1806 offers
3679 1749 3803 1789 mu-

2153 1837 2259 1876 nus
2310 1829 2468 1876 tuum
2511 1820 2584 1875 ad
2612 1821 2806 1888 altare,
2839 1831 2890 1878 et
2933 1822 3243 1879 recordatus
3273 1823 3450 1893 fueris
3479 1824 3611 1895 quia
3635 1823 3808 1893 frater

2157 1917 2281 1966 tuus
2313 1910 2470 1965 habet
2499 1909 2716 1981 aliquid
2755 1909 3044 1966 adversum
3081 1910 3160 1978 τε,
3196 1911 3446 1983 relinque
3491 1911 3572 1966 ibi
3605 1927 3808 1966 munus

2157 2007 2331 2065 tuum,
2369 2002 2476 2053 etc.
2513 1998 2717 2065 (Matth.
2753 2016 2807 2064 ν,
2843 2000 2958 2066 23.)
3003 1999 3318 2070 Postquam
3346 2015 3481 2054 vero
3511 1999 3666 2056 Deus
3695 2000 3810 2056 Ec-

2157 2086 2344 2142 clesiae
2378 2103 2495 2140 sum
2519 2085 2928 2158 tranquilliora
2969 2087 3222 2141 reddidit
3268 2093 3553 2158 tempora,
3589 2085 3812 2160 placuit

2159 2174 2522 2246 principibus
2554 2178 2612 2229 et
2631 2175 3076 2246 magistratibus
3099 2173 3605 2240 ecclesiasticis,ut
3619 2176 3809 2231 isdem

2159 2267 2356 2334 pastor
2389 2261 2755 2333 ad,debitum
2788 2261 2932 2317 ovile
2959 2267 3362 2329 reverteretur,
3395 2267 3452 2317 et
3492 2279 3628 2319 oves
3661 2280 3810 2336 quas

2159 2349 2500 2423 compulsus
2531 2351 2864 2422 reliquerat,
2901 2352 3148 2406 tuendas
3181 2351 3463 2423 reciperet
3493 2352 3731 2406 iterum.

2231 2439 2456 2506 Quibus
2478 2443 2536 2494 et
2557 2437 2970 2495 ecclesiasticis
2993 2437 3206 2494 debitis
3233 2439 3482 2512 negotiis
3503 2455 3608 2511 ego
3629 2439 3817 2496 Theo-

2160 2526 2416 2592 dericus,
2449 2526 2886 2584 Cameracensis
2919 2527 3250 2600 cpiscopus,
3285 2543 3594 2582 assensum
3635 2545 3810 2584 eano-

2161 2616 2288 2672 nice
2319 2616 2585 2688 praebens
2618 2633 2631 2672 :
2661 2616 2816 2672 sicut
2845 2615 3009 2688 prius
3040 2617 3112 2673 de
3140 2615 3302 2672 illius
3332 2615 3597 2672 discessu
3645 2633 3810 2672 com-

2162 2705 2436 2778 patiendo
2484 2703 2666 2772 dolui,
2700 2703 2782 2760 ita
2827 2710 2886 2760 et
2934 2706 3108 2760 modo
3157 2705 3229 2761 de
3272 2703 3433 2760 illius
3482 2705 3814 2762 reversione

2161 2794 2558 2865 congaudens,
2591 2793 3045 2849 constitutiones
3076 2793 3184 2850 has
3212 2792 3512 2850 seniorum
3559 2793 3646 2850 vel
3694 2795 3811 2852 fra-

2163 2887 2318 2938 trum
2351 2882 2676 2938 roborando
2707 2881 3029 2954 subscripsi
3057 2899 3070 2948 ;
3103 2881 3242 2954 quia
3263 2881 3402 2938 talia
3432 2899 3586 2954 saepe
3616 2884 3808 2940 conti-

2161 2970 2318 3042 gisse
2349 2973 2407 3024 et
2436 2969 2494 3024 in
2526 2969 2659 3025 aliis
2689 2969 3104 3026 ecclesiasticis
3133 2971 3318 3042 gestis
3343 2969 3480 3043 legi.

2233 3058 2582 3116 Hrodhadus
2612 3058 3050 3115 Suessionensis
3081 3058 3394 3130 epiocopus
3444 3059 3564 3116 haec
3616 3061 3696 3117 ita
3728 3061 3808 3116 si-
3865 3067 3869 3075 '

399 3148 982 3223 episcopus,Samuel
996 3148 1325 3221 episcopus,
1342 3149 1691 3204 Provocatus
1711 3147 2042 3220 episcopus,
2079 3151 2123 3218 ρ
2163 3146 2381 3202 militer
2411 3146 2694 3203 roboravi.

401 3237 786 3295 Hrambertus
805 3235 1136 3309 episcopus,
1171 3236 1480 3294 Rataldus.
1505 3279 1516 3293 .
1539 3276 1552 3295 .
1576 3279 1588 3292 .
1612 3277 1659 3293 ..
1695 3236 2045 3304 Amalricus,

397 3329 638 3384 vocatus
658 3325 988 3398 episcopus,
1003 3341 1138 3381 cum
1157 3325 1377 3382 caeteris
1399 3325 1671 3398 plurimis
1693 3324 2048 3398 presbyteris

399 3431 467 3474 ac
497 3413 864 3484 diaconibus,
879 3413 940 3470 in
963 3413 1357 3488 Ingelenheim
1383 3413 1853 3486 palatiofpublico
1875 3413 2048 3470 assis-

397 3502 680 3560 tantibus.
695 3503 798 3560 His
822 3518 1079 3574 namque
1100 3501 1389 3574 explicitis
1411 3501 1703 3558 canonicts
1724 3501 2046 3558 restitutio-

397 3592 514 3664 nis,
545 3591 822 3664 palatinis
859 3591 1113 3648 summis
1162 3591 1431 3664 negotiis,
1464 3589 2046 3663 comprovincialium

399 3679 748 3754 receptionis
779 3679 1120 3736 solemniter
1149 3679 1418 3735 roborata
1439 3697 1540 3735 νιιι
1556 3679 1694 3735 Idus
1709 3677 2046 3734 Decembris

400 3768 627 3826 exstitit
655 3767 963 3840 principali
1001 3768 1061 3823 in
1091 3767 1338 3824 ecclesia
1367 3772 1425 3822 et
1457 3772 1662 3822 sancta
1708 3767 1844 3822 sede
1892 3765 2045 3820 Rhe-

402 3857 615 3927 mensi,
635 3857 866 3914 obviam
908 3857 988 3912 ibi
1025 3857 1473 3914 occurrentibus
1505 3855 1734 3910 cunctis
1763 3855 2046 3910 dioecesos

399 3946 752 4018 prasulibus
773 3951 874 4002 aut
886 3946 1248 4011 missis,cum
1262 3944 1599 4001 convicibus
1612 3941 2049 4014 inclytis,eccle-

397 4033 636 4090 siastica
654 4037 758 4088 aut
768 4032 1007 4104 publica
1019 4031 1363 4088 necessitate
1374 4030 1459 4086 vel
1475 4030 1727 4085 utilitate
1739 4028 2044 4102 promotis,

397 4121 614 4194 quibus
639 4118 907 4175 veniendi
936 4118 1382 4190 impossibilitas
1415 4117 1538 4173 sola
1561 4135 1676 4174 non
1709 4117 1940 4184 restitit,
1955 4133 2047 4190 ge-

396 4209 578 4268 nerali
591 4211 876 4264 conventu
891 4207 1270 4279 congratulan
1278 4207 1542 4274 tes,hanc
1555 4205 2045 4279 subscriptionem

393 4297 694 4373 publicam
707 4295 976 4352 concordi
991 4295 1375 4351 unanimitate
1389 4294 1698 4362 celebrata,
1716 4293 2043 4368 priscorum

391 4387 630 4444 Patrum
660 4382 940 4457 exemplis
970 4384 1156 4440 edocti
1191 4383 1618 4439 rationabiliter
1637 4383 1977 4439 ediderunt.

2229 3233 2654 3291 Hildemannus
2687 3236 3050 3292 Belvacensis
3082 3237 3370 3293 similiter.

2230 3325 2481 3396 Symeon
2517 3323 2926 3380 Laudunensis
2957 3325 3250 3383 similiter.

2229 3413 2545 3484 Erpwinus
2572 3411 3021 3469 Silvanectensis
3052 3414 3344 3470 similiter.

2229 3499 2626 3572 Raginharius
2653 3500 3067 3558 Ambianensis
3100 3503 3396 3558 similiter.

2229 3589 2434 3644 Emme
2466 3589 2970 3646 Nomiomacensis
2991 3589 3294 3646 similiter.

2232 3676 2567 3732 Folcwinus
2599 3679 3026 3735 Taravanensis
3057 3678 3351 3736 similiter.

2229 3765 2292 3820 In
2320 3765 2554 3821 nomine
2589 3766 2820 3822 Domini
2853 3768 3037 3822 nostri
3068 3769 3207 3824 Jesu
3233 3768 3448 3824 Christi
3499 3769 3602 3825 Dei
3646 3784 3808 3826 sum-

2157 3855 2261 3919 mi,
2278 3854 2530 3926 glorioso
2557 3855 2884 3926 imperante
2916 3857 3210 3914 Ludovico
3239 3857 3486 3924 Caesare,
3506 3859 3676 3931 cujus
3699 3858 3815 3930 pri-

2157 3959 2256 3998 ma
2285 3949 2549 4015 tempora
2593 3945 2755 4016 regni
2812 3962 3152 4018 quanquam
3211 3945 3379 4002 valde
3435 3951 3815 4004 coruscarent

2157 4048 2456 4104 prospera,
2475 4030 2684 4088 ultima
2717 4038 2911 4088 tamen
2946 4036 3074 4105 ejus
3103 4051 3382 4091 concessa
3402 4035 3587 4091 nimia
3615 4036 3815 4096 adven-

2157 4120 2330 4174 sitate
2377 4119 2633 4174 divinam
2678 4121 2848 4192 quasi
2891 4121 3352 4194 indignationem
3401 4120 3564 4176 illam
3607 4138 3812 4193 passa,

2156 4223 2332 4279 quam
2365 4207 2436 4262 de
2467 4207 2806 4264 novissimis
2835 4209 3200 4282 temporibus
3230 4209 3317 4266 vis
3357 4225 3589 4280 semper
3631 4214 3818 4266 terret

2155 4296 2508 4368 evangelica,
2540 4297 2741 4354 dicens
2777 4315 2788 4352 :
2830 4298 3016 4354 Tradet
3044 4307 3224 4355 autem
3268 4301 3440 4369 frater
3491 4301 3718 4368 fratrem
3750 4300 3814 4354 in

2155 4393 2400 4452 mortem,
2432 4393 2483 4441 et
2508 4394 2664 4457 pater
2693 4387 2897 4456 ﬁlium,
2928 4396 2979 4442 et
3011 4390 3294 4458 insurgent
3321 4390 3432 4459 ﬁlii
3472 4391 3530 4442 in
3558 4395 3814 4458 parente:

460 4475 591 4532 Haec
639 4475 721 4532 ita
763 4472 1070 4530 scribendo
1118 4487 1319 4528 omnes
1361 4472 1751 4529 subternotati
1786 4471 2037 4528 antistes
2069 4517 2118 4585 D
2153 4473 2363 4542 (.‘lIutth.
2397 4491 2453 4540 Χ,
2487 4473 2602 4544 21).
2637 4472 2805 4528 Multi
2835 4473 3091 4546 denique
3120 4474 3254 4530 hinc
3287 4479 3554 4546 potentes
3583 4475 3810 4548 expulsi

389 4562 750 4620 unanimiter
775 4561 1506 4634 przeﬁgentes-sanxerunt.

459 4651 643 4708 Deum
661 4667 777 4706 non
795 4650 1046 4705 habetur
1066 4648 1616 4721 incognitum,quod
1641 4665 1674 4704 a
1687 4647 1954 4721 pluribus
1967 4649 2044 4704 vi-

389 4740 559 4796 detur
577 4755 706 4796 esse
728 4742 1116 4810 compertum,
1142 4737 1396 4808 qualiter
1426 4737 1684 4792 Ecclesia
1713 4737 1834 4792 haec
1858 4736 2039 4794 maxi-

387 4845 486 4886 ma
515 4827 835 4886 Galliarum
884 4828 993 4883 sub
1045 4826 1329 4899 regimine
1379 4826 1734 4881 Francorum
1790 4827 2036 4882 diversis

386 4917 946 4992 perturbationibus,
972 4932 1038 4972 ac
1071 4915 1382 4971 discordiis
1414 4915 1748 4986 principum
1773 4915 2040 4989 indigna-

385 5007 543 5064 tione
589 5005 862 5073 violenta,
917 5004 1010 5060 bis
1060 5004 1428 5075 temporibus
1479 5004 1701 5076 agitata
1748 5009 2034 5060 vexatur:

387 5097 544 5152 unde
573 5100 631 5153 et
660 5093 899 5168 plurimi
929 5093 1338 5165 episcoporum
1360 5092 1413 5146 vi
1449 5091 1702 5164 propriis
1733 5109 1768 5147 a
1798 5093 2036 5148 sedibus

382 5183 631 5255 expulsi,
665 5187 765 5238 aut
792 5183 1005 5238 timore
1038 5179 1333 5235 derelictis
1364 5179 1661 5253 gregibus,
1697 5181 1944 5236 diversis
1976 5180 2036 5236 in

381 5270 649 5345 partibus
680 5271 1042 5326 exsulantur.
1063 5269 1219 5352 inter
1250 5286 1396 5340 quos
1421 5269 1596 5324 etiam
1615 5269 1732 5324 Ebo
1757 5269 2035 5340 archiepi-

381 5376 596 5432 scopus
623 5358 976 5416 Rhemensis
1005 5357 1281 5425 ecclesiae,
1308 5363 1510 5430 raptus
1544 5375 1576 5412 τι
1607 5357 1843 5429 propria
1874 5358 2030 5423 sede,

373 5449 712 5524 principum
743 5448 1154 5522 indignatione
1185 5446 1421 5503 violenti
1445 5446 1648 5502 exsilio
1672 5447 1884 5501 ductus
1924 5451 2030 5500 est.

375 5538 540 5596 Unde
570 5542 628 5596 et
649 5538 928 5594 reduetus
958 5538 1066 5594 sub
1090 5537 1377 5602 custodia,
1395 5540 1460 5589 ut
1482 5533 1807 5606 periculum
1830 5535 2034 5588 evade-

374 5631 480 5698 ret,
494 5633 552 5686 et
582 5627 810 5685 furores
829 5625 1320 5702 persequentium
1352 5620 2034 5695 mittigaret,redimendo

2151 4567 2290 4617 sunt
2319 4579 2352 4617 a
2381 4561 2570 4633 patria
2595 4580 2608 4629 ;
2633 4561 2889 4633 episcopi
2918 4579 3150 4634 quoque
3183 4563 3308 4628 Dei,
3339 4562 3509 4619 aliive
3551 4563 3812 4620 ministri

2150 4651 2448 4705 custodias
2478 4655 2536 4704 et
2551 4649 2770 4706 'exsilia
2803 4651 2996 4723 passi;
3030 4651 3270 4724 quidam
3295 4651 3470 4707 etiam
3497 4651 3812 4724 utriusque

2149 4754 2321 4794 sexus
2352 4737 2578 4794 nobiles
2603 4738 2736 4794 laici
2767 4740 2838 4795 ad
2880 4739 3273 4798 monasticum
3323 4739 3592 4797 habitum
3645 4755 3806 4796 com-

2149 4826 2324 4900 pulsi,
2381 4831 2448 4882 ut
2498 4827 2708 4883 saltem
2762 4828 2853 4884 his
2903 4829 3151 4903 ﬂagellis
3199 4831 3368 4886 celeri
3423 4830 3810 4902 castigatione

2145 4917 2506 4988 compuncti,
2545 4917 2802 4972 remedia
2834 4917 3045 4974 salutis
3073 4919 3436 4990 reciperent;
3471 4918 3609 4990 quia
3657 4935 3806 4990 quos

2146 5003 2362 5059 blanda
2393 5004 2699 5060 vitiaverat
2729 5007 3106 5076 prosperitas,
3141 5021 3379 5060 necesse
3409 5012 3533 5061 erat
3581 5011 3646 5062 ut
3676 5006 3806 5064 dira

2145 5097 2422 5164 purgaret
2479 5092 2826 5160 adversitas,
2880 5110 2950 5148 ne
2999 5093 3071 5149 ad
3122 5098 3440 5150 tartaream
3480 5094 3802 5153 vindictam

2143 5180 2340 5236 divina
2371 5179 2520 5234 ultro
2556 5181 2781 5236 saeviret
2813 5181 3113 5251 majestas.

2218 5268 2319 5323 liis
2349 5267 2564 5323 etenim
2593 5269 2921 5324 manifestis
2944 5269 3195 5342 cognitis
3227 5269 3638 5344 periculis,ego
3663 5272 3808 5330 Rhe-

2145 5357 2366 5412 mensis
2381 5358 2496 5411 Eno
2516 5356 2798 5429 indignus
2820 5357 3152 5428 episcopus,
3172 5357 3326 5414 inter
3347 5365 3585 5416 caeteros
3602 5362 3805 5418 anxios

2141 5446 2332 5502 tribus
2381 5444 2638 5500 afﬂictus
2689 5446 3004 5517 pressuris,
3053 5447 3110 5502 id
3166 5452 3274 5514 est,
3328 5449 3578 5505 sublatis
3625 5451 3805 5506 rebus

2144 5533 2444 5601 omnibus,
2465 5533 2526 5589 in
2557 5531 2645 5590 ira
2673 5533 2764 5589 vel
2787 5536 3057 5592 custodia
3075 5553 3393 5610 oppressus
3410 5537 3804 5612 principis,in~

2142 5637 2318 5694 super
2341 5627 2398 5678 et
2411 5622 2599 5679 fessus
2612 5625 2956 5696 aegritudine
2971 5625 3252 5700 corporis,
3265 5630 3470 5682 sancto
3488 5643 3623 5684 cum
3641 5626 3800 5686 Psalc

3641 5896 3672 5914 ρ

3589 5928 3860 6016 ‘6‘...
