4094 6186
287 348 367 409 l3
1681 349 2310 419 APOLOGETICUM.
3607 353 3701 425 ἠ

289 482 468 536 mista
497 480 693 536 dicere
726 497 844 538 non
876 484 1112 540 erubui:
1148 485 1496 559 Iniquitatem
1527 505 1937 544 mcamannun-
1966 489 2020 554 Α
2051 504 2228 559 quam
2283 488 2664 546 homicidium
2719 494 3032 562 cxsecravi,
3083 497 3332 552 testante
3383 493 3645 566 apostolo
3681 511 3694 548 :

283 569 454 639 tiabo,
487 577 539 624 et
582 571 827 640 cogitabo
853 588 952 643 pro
977 583 1190 644 peccato
1218 591 1335 631 meo
1363 577 1534 645 (Psal.
1567 594 1776 644 xxxvn,
1812 578 1936 645 19);

282 656 500 714 divinis
532 658 782 730 flagellis
817 662 1074 717 monitus
1107 663 1154 718 si
1188 664 1245 718 in
1278 665 1573 737 prosperis
1610 665 1796 737 legem
1829 667 1938 722 Do-

284 748 427 802 mini
466 747 803 821 neglexi,ad
835 751 1022 822 ipsam
1043 751 1100 807 in
1124 754 1384 810 adversis
1409 755 1934 827 confugeredebui;

281 837 360 891 ita
397 838 543 904 ut,si
569 854 742 909 quem
767 856 871 909 per
891 842 1213 912 potentiam
1239 845 1537 914 quondam
1563 844 1934 915 injustelarsi,

281 926 420 980 hinc
455 926 513 980 in
548 927 840 998 angustiis
873 946 964 984 me
997 929 1307 986 lzedentem
1344 933 1490 988 ferre
1521 932 1808 1005 patienter
1835 933 1936 988 de-

277 1015 430 1069 vovi.
469 1015 527 1071 Si
563 1017 655 1071 cui
687 1016 865 1072 etiam
894 1017 1114 1090 aliquid
1142 1018 1403 1075 indebite
1451 1021 1690 1088 abstuli,
1723 1021 1934 1077 ablatis

281 1103 428 1159 mihi
463 1105 744 1161 omnibus
777 1123 891 1161 non
919 1107 1266 1176 contradixi,
1299 1111 1400 1164 sed
1447 1109 1728 1166 auferenti
1776 1111 1933 1166 tuni-

278 1209 433 1258 cam,
453 1193 630 1249 etiam
661 1199 717 1250 et
747 1193 991 1266 pallium
1025 1195 1255 1269 reliqui.
1290 1199 1348 1254 Si
1379 1199 1536 1254 enim
1583 1201 1934 1272 quandoque

278 1282 524 1338 unicum
557 1282 783 1356 neglexi
817 1283 1122 1340 inimicum
1155 1285 1567 1360 diligere,hinc
1597 1293 1656 1344 et
1686 1305 1788 1360 pro
1812 1305 1934 1360 per-

276 1371 652 1427 secutoribus
678 1388 844 1428 orare
859 1373 1060 1429 didici.
1082 1374 1293 1446 Sicque
1304 1375 1511 1430 humili
1535 1377 1931 1433 satisfactione

274 1461 697 1533 memetipsum
729 1477 1038 1528 accusans,
1071 1463 1298 1520 furores
1330 1467 1809 1538 persequentium
1827 1467 1931 1521 mi-

271 1546 484 1618 tigans,
499 1545 634 1618 plus
647 1564 825 1619 quam
841 1548 1070 1622 litigare
1083 1551 1308 1608 decrevi
1329 1571 1342 1619 ;
1374 1557 1577 1609 sancto
1605 1553 1929 1610 instruente

269 1635 594 1702 Abraham,
627 1635 728 1707 qui
763 1635 917 1692 inter
947 1639 1205 1710 pericula
1236 1658 1268 1695 a
1291 1640 1622 1711 prielatione
1648 1644 1842 1700 uxoris
1867 1662 1926 1700 se

275 1740 518 1786 exuens,
553 1723 669 1778 vim
705 1725 1058 1782 facientibus
1101 1727 1404 1785 humiliter
1433 1732 1665 1787 credere
1715 1734 1924 1804 magis,

274 1828 454 1882 quam
486 1812 902 1867 damnabiliter
933 1816 1203 1872 resistere
1235 1816 1428 1890 elegit.
1451 1821 1700 1875 Sanctus
1725 1823 1928 1893 utique

280 1899 592 1972 Apostolus
622 1918 738 1955 non
773 1903 970 1957 minus
1005 1905 1205 1960 eadem
1237 1907 1603 1975 docuit,cum
1625 1909 1925 1965 dixitzNo-n

275 1991 620 2060 vosmetipsos
670 1989 1034 2060 defendentes,
1076 1993 1410 2061 cli/irissimi,
1443 1997 1534 2051 sed
1582 1998 1702 2053 date
1751 2001 1927 2055 locum

273 2080 379 2132 irae
401 2078 576 2146 (Rom.
612 2095 714 2141 xn,
750 2079 856 2150 19).
901 2085 1059 2135 Inter
1107 2082 1304 2138 divina
1347 2086 1636 2156 siquidem
1689 2089 1928 2144 verbera

271 2167 482 2221 beatus
511 2167 622 2222 Job
656 2184 771 2222 non
806 2187 1198 2240 murmurare,
1229 2174 1329 2228 sed
1353 2192 1517 2231 orare
1548 2181 1723 2248 atque
1746 2180 1924 2233 conti-

265 2255 372 2308 teri
402 2261 644 2327 peccata
675 2257 1051 2326 maluit,cum
1084 2261 1292 2316 anxius
1325 2263 1477 2318 inter
1505 2270 1709 2322 ezetera
1741 2267 1928 2323 multa

266 2343 532 2399 lamenta
563 2345 738 2401 dixit:
774 2348 1029 2403 Peccavi:
1062 2350 1194 2421 quid
1223 2353 1425 2422 faciam
1455 2355 1620 2420 tibi,o
1649 2365 1821 2412 custos
1839 2357 1927 2412 ho-

261 2434 688 2501 niinumﬂlob.
716 2452 818 2504 vn,
853 2436 969 2508 20.)
1015 2439 1239 2503 Quibus
1289 2441 1655 2499 multimodis
1686 2444 1923 2500 Patrum

264 2522 570 2578 animatus
596 2524 904 2597 exemplis,
937 2527 1151 2582 ductus
1199 2529 1402 2584 eodem
1456 2533 1756 2588 mundano
1809 2534 1924 2588 im-

267 2614 427 2682 petu,
465 2611 815 2684 compulsus
861 2615 932 2670 ad
979 2615 1240 2672 tribunal
1304 2618 1652 2691 palatinum,
1687 2640 1800 2678 non
1851 2627 1922 2681 ad

265 2699 615 2770 synodalem
633 2706 970 2758 sanctorum
984 2710 1356 2773 conventum,
1377 2725 1491 2779 quo
1514 2709 1793 2767 violenter
1809 2731 1923 2770 non

269 2787 401 2844 licet
435 2788 616 2856 trahi,
651 2791 752 2845 sed
783 2793 974 2864 magis
1005 2792 1256 2850 liberum
1298 2798 1575 2854 canonice
1623 2803 1922 2858 convocari

268 2878 640 2950 episcopum.
657 2879 918 2954 Contigit
938 2886 1129 2938 tamen
1151 2901 1243 2939 me
1261 2885 1318 2940 in
1337 2887 1529 2942 media
1547 2890 1924 2948 multitudine

270 2972 615 3022 sanctorum
651 2969 907 3026 astitisse
937 2972 1455 3040 fratrum,hiemali
1491 2979 1927 3036 vexationediu-

271 3057 394 3111 tina
413 3057 496 3110 ibi
521 3058 902 3127 afflictarum,
916 3077 1167 3132 quorum
1186 3064 1579 3122 consolatione
1599 3068 1691 3139 pia
1711 3086 1924 3127 recrea-

268 3145 503 3212 tus,illa
533 3145 682 3202 mihi
711 3147 990 3204 divinitus
1013 3149 1297 3223 inspirata
1317 3154 1608 3210 sententia
1622 3156 1924 3214 charitatis

2052 577 2159 642 Qui
2177 576 2290 632 odit
2314 578 2542 647 fratrem
2566 595 2751 646 suum,
2777 579 3053 638 homicida
3089 589 3170 639 est
3215 584 3391 651 (Joan.
3441 598 3527 650 in,
3582 581 3694 651 15).

2049 664 2264 719 Eodem
2297 667 2469 722 modo
2512 669 2884 725 mendacium
2927 671 3148 743 respui,
3180 675 3246 726 ut
3283 670 3475 728 scelus
3510 669 3696 743 pessi-

2047 768 2234 821 mum,
2259 754 2331 808 de
2362 770 2479 826 quo
2521 755 2801 812 divinitus
2844 757 3094 814 habetur
3133 761 3464 832 praefixum:
3496 757 3696 814 Perdes

2046 859 2230 898 omnes
2282 845 2378 915 qui
2424 845 2722 915 loquuntur
2764 847 3110 902 mendacium
3146 850 3318 917 (Psal.
3354 867 3408 916 v,
3437 849 3494 919 7)
3531 863 3544 900 :
3578 863 3695 919 quo

2045 931 2262 986 scelere
2289 931 2602 988 offenditur
2632 933 2935 1003 Deus,deei
2944 934 3104 1006 pitur
3122 935 3445 1008 proximus,
3463 935 3616 1007 perit
3635 939 3695 990 et

2045 1018 2169 1090 ipse
2209 1020 2442 1092 propria
2490 1021 2837 1077 necessitate
2887 1021 3142 1078 dolosas.
3176 1024 3400 1087 Quibus
3451 1023 3691 1095 quidem

2043 1106 2294 1180 aliisque
2325 1109 2620 1166 similibus
2652 1109 3219 1167 formidolosissimis
3268 1111 3530 1183 pestibus
3577 1115 3690 1166 ter-

2043 1195 2191 1250 ritus
2222 1201 2397 1268 atque
2427 1203 2838 1270 compunctus,
2874 1217 2987 1254 non
3020 1199 3174 1269 ﬁcte,
3208 1199 3309 1256 sed
3340 1200 3543 1255 devote
3572 1215 3694 1255 cor-

2041 1283 2287 1356 ripiente
2320 1301 2414 1341 me
2445 1285 2692 1343 Domino
2737 1287 3017 1359 ingemui,
3069 1288 3169 1360 qui
3224 1303 3354 1360 quos
3399 1295 3566 1356 autat,
3597 1303 3690 1343 ar-

2039 1375 2175 1443 guit,
2206 1375 2448 1444 ﬂagellat
2475 1391 2689 1431 omnem
2735 1377 2938 1446 ﬁlium,
2972 1392 3126 1448 quem
3174 1378 3370 1449 recipit
3398 1375 3550 1446 (lleb.
3583 1392 3686 1446 xu,

2037 1461 2114 1532 6),
2148 1467 2351 1517 sancto
2396 1462 2687 1519 clamante
2733 1464 3009 1536 Apostolo
3045 1481 3058 1519 :
3109 1465 3241 1520 Cum
3282 1465 3628 1538 judicamur,
3657 1481 3693 1520 a

2037 1552 2271 1607 Domino
2300 1553 2655 1624 corripimur,
2689 1561 2748 1609 ut
2776 1570 2886 1610 non
2916 1571 3038 1609 cum
3069 1554 3167 1610 hoc
3211 1553 3414 1611 mundo
3463 1553 3690 1610 damne-

2036 1656 2164 1693 mur
2193 1641 2239 1708 (Ι
2271 1643 2400 1697 Cor.
2427 1659 2503 1708 x1,
2539 1643 2652 1710 32).
3501 1637 3508 1647 ’

2111 1727 2190 1782 Ne
2216 1727 2393 1799 igitur
2414 1730 2716 1785 szevientes
2741 1731 2796 1783 in
2822 1748 2912 1785 me
2939 1731 3194 1802 amplius
3217 1735 3541 1804 peccarent.
3563 1731 3687 1788 Sal-

2035 1817 2252 1870 vatoris
2278 1818 2458 1872 nostri
2487 1819 2764 1872 evadendi
2792 1836 2935 1874 usus
2957 1836 3088 1874 sum
3114 1821 3586 1892 argumento,qui
3609 1821 3690 1876 in-

2037 1908 2125 1959 ter
2156 1921 2365 1960 manus
2398 1907 2872 1977 persequentium
2907 1924 2968 1962 se
3000 1909 3326 1976 abscondit,
3344 1914 3399 1963 et
3420 1909 3592 1964 exivit
3616 1909 3686 1963 de

2036 1992 2277 2064 templo,
2312 2010 2498 2064 neque
2532 1993 2805 2065 periculis
2840 1995 3288 2052 imminentibus
3307 1996 3510 2052 distuli
3532 1996 3686 2052 exire

2036 2082 2106 2135 de
2135 2081 2376 2154 templo,
2411 2086 2466 2136 et
2497 2083 2766 2137 secedere
2797 2101 2831 2138 a
2861 2083 3180 2154 pontiﬁcali
3211 2085 3430 2156 officio,
3451 2085 3551 2155 qui
3575 2083 3688 2141 vio-

2037 2169 2224 2224 lenter
2258 2170 2507 2224 triennio
2530 2171 2655 2241 jam
2689 2170 2963 2227 exclusus
2994 2189 3152 2227 eram
3181 2189 3213 2227 a
3246 2171 3438 2227 debito
3470 2173 3686 2227 sacriﬁ-

2035 2259 2203 2312 candi
2238 2257 2383 2313 loco.
2426 2259 2570 2313 Nam
2603 2263 2659 2314 et
2689 2259 2936 2330 apostoli
2969 2264 3230 2332 tempore
3258 2259 3550 2332 passionis
3570 2263 3683 2316 ter-

2037 2347 2276 2414 riti,non
2301 2347 2479 2401 ritum
2505 2346 2894 2414 saeritieandi,
2913 2349 3012 2403 sed
3037 2349 3280 2420 provida
3299 2349 3684 2421 Circumspec-

2034 2434 2190 2488 tione
2223 2435 2422 2488 abdita
2452 2440 2683 2490 tantum
2714 2434 2840 2490 loca
2870 2437 3152 2491 orationis
3183 2437 3524 2508 quaerebant
3545 2435 3682 2492 lati-

2034 2523 2195 2577 tandi
2227 2539 2240 2576 :
2274 2523 2413 2594 quia
2441 2528 2636 2578 metus
2666 2524 2924 2578 fraterna
2965 2541 3100 2580 cum
3150 2525 3446 2581 discordia
3487 2524 3683 2580 divina

2035 2610 2141 2666 rite
2172 2629 2287 2666 non
2319 2611 2571 2667 celebrat
2603 2612 2979 2682 charismata,
3012 2614 3190 2669 etiam
3222 2618 3281 2670 et
3309 2618 3544 2686 tempus
3591 2613 3682 2670 lu-

2033 2701 2205 2772 gendi
2240 2718 2352 2755 non
2385 2703 2644 2772 exposcit
2670 2699 2976 2773 solemnia,
3010 2703 3112 2758 sed
3163 2703 3360 2774 potius
3401 2701 3682 2760 evadendi

2035 2790 2308 2858 remedia,
2343 2789 2586 2845 dicendo
2620 2807 2633 2844 :
2671 2791 2971 2861 Conﬁtebor
2998 2791 3289 2847 adversum
3326 2809 3412 2848 me
3459 2792 3680 2864 injusti-

2033 2880 2137 2932 tias
2165 2894 2312 2932 meas
2346 2897 2364 2931 :
2393 2886 2445 2932 et
2491 2886 2550 2932 tu
2597 2881 2863 2933 remisisti
2908 2881 3237 2950 impietatem
3279 2882 3486 2952 peccati
3519 2881 3631 2935 mei
3659 2897 3680 2933 :

2029 2983 2129 3038 pro
2161 2966 2263 3020 hac
2292 2966 2470 3021 orabit
2498 2966 2568 3020 ad
2598 2974 2646 3020 te
2675 2969 2851 3021 mimis
2879 2975 3098 3022 sanctus
3127 2969 3188 3022 in
3216 2975 3451 3040 tempore
3487 2984 3678 3039 oppor-

2032 3064 2163 3111 tuno
2195 3055 2364 3126 (Psal.
2396 3071 2548 3122 xxxi,
2581 3055 2658 3122 6).
2685 3054 2746 3109 In
2771 3054 2880 3110 hoc
2903 3071 3038 3126 ergo
3061 3059 3322 3128 tempore
3349 3060 3680 3128 opportuno

2033 3145 2083 3200 si
2115 3143 2299 3199 sancti
2336 3160 2439 3215 pro
2471 3143 2814 3199 remissione
2844 3148 3216 3215 peccatorum
3247 3143 3682 3217 laborant,peo-

269 3237 480 3304 praesto
510 3235 787 3307 apparuit
815 3222 1273 3306 condolentium,
1307 3241 1457 3297 sicut
1486 3244 1769 3316 scriptum
1802 3252 1917 3303 est;
1952 3222 1996 3289 C
2030 3238 2255 3289 catores
2286 3233 2489 3303 utique
2521 3232 2591 3287 ad
2615 3231 2999 3289 confessionis
3023 3231 3280 3288 remedia
3307 3249 3540 3289 currere
3561 3249 3677 3289 non

267 3323 400 3377 Cum
428 3325 646 3395 patitur
695 3341 869 3380 unum
916 3327 1238 3399 membrum,
1287 3334 1688 3403 compatiuntur
1732 3339 1918 3392 omnia

263 3413 508 3467 membra
537 3412 602 3484 (I
633 3414 762 3469 Cor.
798 3432 900 3482 xu,
931 3417 1052 3486 26);
1087 3434 1337 3490 quorum
1391 3421 1632 3478 consilio
1677 3425 1918 3496 adjutus

264 3507 380 3555 tres
402 3500 553 3556 mihi
573 3517 640 3556 ex
662 3502 808 3574 ipsis
830 3501 973 3575 elegi
993 3506 1417 3563 secretissimos
1443 3511 1919 3582 adjutores,Aiul-

263 3589 386 3643 fum
418 3589 696 3646 videlicet
725 3591 1250 3666 archiepiscopum,
1284 3597 1650 3654 Badaradum
1696 3602 1914 3657 Modoi-

262 3693 528 3750 numque
560 3678 1037 3752 episcopos,eum
1062 3684 1279 3754 quibus
1308 3686 1377 3741 de
1393 3686 1708 3744 Salvatoris
1731 3692 1913 3746 nostri

262 3766 640 3822 institutione
687 3773 1561 3846 peccatorumquercmissione
1609 3777 1916 3850 diligenter

260 3855 512 3922 contuli,
531 3872 760 3911 memor
771 3859 1084 3931 evangelici
1101 3864 1371 3934 praecepti
1391 3864 1641 3922 dicentis
1655 3883 1668 3921 :
1683 3868 1746 3922 Si
1755 3869 1914 3940 offers

259 3959 465 3999 munus
514 3951 672 4000 tuum
699 3945 770 4000 ad
817 3947 991 4010 altare
1035 3957 1086 4005 et
1115 3950 1195 4004 ibi
1239 3952 1550 4009 recordatus
1579 3957 1753 4026 fueris
1784 3961 1916 4029 quia

261 4033 436 4103 frater
466 4041 595 4088 tuus
642 4033 802 4090 habet
849 4037 1063 4108 aliquid
1104 4038 1391 4096 adversum
1433 4051 1500 4109 te,
1543 4045 1792 4117 relinque
1836 4047 1916 4103 ibi

262 4138 468 4176 munus
493 4130 652 4176 tuum
680 4131 808 4179 ante
846 4125 1019 4180 altare
1048 4127 1252 4194 (Matth.
1303 4146 1358 4196 ν,
1405 4132 1519 4199 23).
1572 4132 1687 4187 Hac
1737 4133 1915 4205 igitur

266 4210 614 4264 auctoritate
635 4226 902 4278 cernens,
928 4212 1065 4283 quia
1083 4214 1279 4282 frater,
1305 4222 1525 4287 quanto
1548 4220 1736 4290 magis
1775 4221 1914 4292 quia

268 4296 541 4368 princeps
560 4315 730 4354 meus
751 4306 1080 4357 commotus
1102 4303 1408 4360 adversum
1433 4323 1524 4362 me
1545 4311 1687 4376 erat,
1704 4309 1910 4381 reliqui

267 4400 488 4439 munus
511 4385 825 4441 oblationis
847 4405 989 4443 mea)
1011 4395 1144 4445 ante
1166 4390 1368 4461 altare,
1391 4399 1448 4449 et
1468 4411 1702 4451 summa
1739 4398 1911 4452 satis-

265 4473 515 4528 factione
557 4475 686 4545 jam
738 4476 1028 4534 dictorum
1069 4496 1360 4536 consensu
1392 4485 1793 4540 confessorum
1827 4487 1910 4542 vel

2027 3322 2299 3378 differant
2331 3338 2569 3376 necesse
2599 3325 2708 3376 est.
2743 3321 2902 3376 Unde
2952 3327 3010 3377 et
3059 3338 3430 3394 nequaquam
3481 3322 3673 3392 noxia,

2027 3412 2129 3468 sed
2153 3411 2346 3483 potius
2369 3410 2754 3466 saluberrima
2776 3410 3043 3467 habenda
3061 3415 3151 3467 est
3170 3410 3271 3467 illa
3289 3411 3676 3468 confessionis

2027 3517 2168 3555 mea:
2193 3499 2427 3571 publica
2449 3499 2896 3570 1nscriptio,per
2935 3517 3113 3571 quam
3147 3499 3485 3572 perhibetur
3512 3504 3673 3558 certa

2025 3595 2399 3662 peccatorum
2432 3603 2603 3661 posse
2636 3589 2759 3642 ficri
2793 3588 3236 3657 remissio,dum
3268 3588 3366 3645 lux
3396 3590 3676 3662 pceniten-

2025 3679 2336 3750 tium,qum
2369 3695 2401 3732 a
2435 3694 2678 3732 maerore
2711 3678 2942 3750 incipit,
2960 3678 3030 3733 ad
3063 3677 3280 3750 gaudia
3299 3677 3508 3735 merita
3535 3694 3673 3735 con-

2023 3769 2446 3839 surgit,divina
2467 3767 2694 3822 dicente
2716 3767 3005 3822 sententia
3030 3783 3042 3821 :
3072 3768 3178 3834 Qui
3203 3769 3479 3824 seminam
3500 3769 3560 3823 in
3583 3769 3671 3824 la-

2021 3861 2244 3930 crymis,
2301 3859 2360 3911 in
2407 3855 2607 3927 gaudio
2655 3862 2854 3909 malent
2903 3855 3079 3920 (I’sal.
3131 3870 3292 3921 cxxv,
3337 3855 3426 3925 6);
3484 3871 3672 3926 neque

2021 3947 2177 4001 enim
2199 3944 2482 4000 Dominus
2516 3941 2813 4014 despicere
2844 3945 2947 3997 aut
2989 3942 3292 4012 damnare,
3323 3941 3426 3999 sed
3474 3941 3669 4015 potius

2021 4053 2230 4092 sanare
2260 4039 2433 4106 atque
2465 4033 2685 4104 erigere
2716 4032 3000 4087 contritos
3032 4032 3203 4088 corde
3244 4031 3478 4104 legitur.
3513 4032 3671 4088 Sub-

2021 4124 2396 4196 scriptionem
2419 4138 2554 4193 ergo
2569 4120 2711 4175 mihi
2727 4121 2785 4176 in
2801 4121 3493 4194 angustiis,nequaquam
3511 4122 3671 4181 dam-

2022 4212 2277 4268 nationis
2299 4211 2400 4267 sed
2421 4210 2618 4282 potius
2635 4210 2956 4282 ereptionis
2980 4210 3149 4265 titulo
3171 4209 3533 4282 edidi,quam
3551 4228 3668 4267 non

2021 4301 2343 4366 convictus,
2380 4299 2480 4354 sed
2513 4296 2678 4352 valde
2713 4296 3066 4353 constrictus
3088 4297 3320 4370 pertuli,
3341 4297 3552 4354 melius
3573 4298 3667 4354 hic

2021 4389 2390 4446 inserendam
2415 4386 2789 4442 adnotatione
2808 4386 3042 4458 publica
3064 4387 3297 4459 praevidi
3317 4387 3376 4442 in
3401 4388 3666 4444 testimo-

2021 4481 2118 4535 nio
2140 4477 2418 4544 veritatis,
2437 4493 2508 4531 ne
2531 4479 2701 4530 aucta
2726 4475 3667 4549 autminutamaculeturalieujus

263 4561 512 4616 fratrum
527 4565 923 4620 succumbens
939 4573 1768 4644 prOpter(spem)rccnpcx-andi
1784 4591 1914 4629 con-
1947 4587 1991 4651 D
2021 4569 2213 4623 aemuli
2231 4567 2580 4637 quandoque
2603 4564 3011 4631 mendaciis,ut
3036 4569 3092 4619 et
3113 4565 3265 4636 quod
3283 4569 3421 4620 tunc
3433 4570 3665 4638 gestum

260 4651 524 4704 cordiam
547 4649 742 4708 illatas
762 4670 966 4709 omnes
995 4657 1282 4727 patienter
1302 4661 1532 4732 suscepi
1556 4661 1826 4732 injurias,
1860 4671 1915 4719 et

261 4739 526 4808 puritate
557 4739 944 4798 confessionis
976 4745 1382 4802 remissionem
1417 4757 1786 4820 peccatorum
1820 4770 1912 4808 ve-

260 4829 563 4899 niamque,
583 4833 642 4882 et
665 4845 776 4884 non
800 4832 1346 4890 condemnationem
1368 4838 1658 4910 percipere
1671 4840 1909 4908 credidi,

259 4915 399 4986 quia
420 4917 763 4986 superbiam
788 4918 845 4974 in
865 4923 1224 4992 mejudicavi
1245 4930 1306 4978 ut
1321 4943 1516 4980 necem
1539 4927 1908 4997 diabolicam,

259 5019 474 5058 vanam
508 5003 780 5076 gloriam,
807 5009 1036 5066 ruinam
1071 5017 1408 5084 perpetuam
1446 5031 1458 5068 :
1494 5016 1697 5070 mundi
1733 5017 1910 5088 hujus

260 5091 441 5162 (quod
463 5096 558 5146 est
580 5099 910 5153 amatorum
931 5101 1158 5172 mundi)
1182 5102 1410 5156 noxiam
1435 5104 1909 5177 amicitiam,qu:e

260 5179 459 5235 divino
482 5181 824 5240 testimonio
849 5187 921 5241 ad
942 5188 1038 5243 Dei
1063 5191 1314 5260 pertinet
1336 5190 1793 5259 inimicitiam,in
1818 5210 1910 5248 me

258 5268 538 5324 damnavi
577 5274 642 5324 ut
671 5288 899 5342 pugnam
931 5279 1444 5343 tartaream,sacra
1474 5280 1702 5336 dicente
1723 5282 1910 5354 Serip-

257 5360 390 5412 tura
421 5376 440 5410 :
479 5357 590 5424 Qui
617 5358 784 5430 hujus
807 5363 998 5418 saeculi
1024 5368 1234 5420 amicus
1282 5368 1467 5436 fuerit,
1505 5370 1765 5424 inimicus
1815 5372 1911 5424 Dei

255 5444 615 5517 deputabitur
643 5449 779 5518 (Jac.
814 5466 890 5517 ιν,
926 5451 999 5518 4).
1032 5453 1250 5508 Fratris
1280 5455 1628 5524 convicium,
1653 5462 1716 5511 ut
1753 5457 1912 5515 fatue

254 5533 654 5618 dictum,lege
685 5539 1019 5610 evangelica
1046 5541 1318 5612 deputavi
1344 5546 1408 5596 ut
1435 5542 1758 5614 gehennale
1779 5563 1912 5618 sup—

257 5617 534 5694 plicium:
561 5621 942 5681 mendacium
971 5642 1204 5700 quoque
1230 5627 1318 5683 vel
1349 5629 1548 5686 odium
1575 5647 1691 5687 non
1713 5617 1912 5691 minus

2023 4663 2112 4713 est
2141 4660 2360 4711 secreto
2392 4651 2708 4724 ereptionis
2739 4653 3261 4724 argumento,hinc
3277 4653 3402 4725 jam
3434 4653 3668 4727 publico

2023 4747 2238 4817 ubiqne
2271 4741 2620 4797 discutiatur
2642 4741 2713 4796 ab
2742 4740 3019 4798 omnibus
3049 4759 3192 4796 vera:
3223 4741 3529 4800 charitatis
3550 4749 3668 4800 stu-

2021 4837 2138 4902 dio,
2154 4839 2210 4889 et
2230 4834 2369 4887 dum
2393 4829 2622 4885 nullum
2648 4829 2725 4883 ibi
2750 4835 2976 4885 certum
3000 4831 3397 4888 damnationis
3409 4833 3663 4906 praefigi-

2021 4929 2117 4980 tur
2147 4923 2386 4986 crimen,
2422 4917 2756 4973 nullatenus
2789 4918 2974 4973 ullum
2998 4921 3186 4991 possit
3206 4920 3360 4976 ultra
3383 4921 3503 4992 pati
3525 4938 3661 4976 con-

2021 5011 2270 5068 fusionis
2301 5007 2774 5063 discrimen.Non
2809 5009 2978 5064 noxia
3007 5026 3164 5082 ergo,
3197 5011 3300 5065 sed
3330 5007 3495 5064 valde
3526 5023 3659 5080 pro-

2019 5104 2171 5156 ficua
2191 5098 2458 5154 habenda
2477 5101 2566 5152 est
2587 5095 2720 5150 talis
2742 5097 3258 5169 suliseriptio,quze
3280 5097 3503 5150 furores
3526 5112 3657 5169 per-

2019 5187 2393 5261 sequentium
2428 5184 2737 5256 mitigavit,
2768 5183 3050 5240 hiemales
3080 5184 3280 5238 anxias
3326 5184 3661 5242 vexationes

2021 5281 2265 5334 fratrum
2298 5278 2560 5346 porrecta
2589 5272 2879 5344 levigavit,
2912 5289 3001 5326 me
3032 5269 3209 5325 etiam
3242 5269 3314 5326 ab
3346 5269 3434 5327 ira
3464 5289 3660 5345 perse-

2019 5367 2323 5440 quentium
2355 5360 2850 5433 eripuit;insuper
2880 5363 2936 5412 et
2963 5357 3287 5415 secundum
3319 5367 3657 5420 sanctarum

2020 5455 2455 5526 Scripturarum
2478 5446 2882 5504 auctoritatem
2897 5444 3038 5499 mihi
3053 5448 3351 5504 confitenti
3366 5451 3660 5508 remissio-

2021 5561 2153 5600 nem
2185 5540 2427 5615 porrigit
2442 5537 2828 5608 peccatorum,
2847 5532 2894 5586 si
2919 5549 3355 5605 perseveravero
3378 5537 3656 5598 divinitus

2020 5633 2340 5706 castigatus
2387 5627 2542 5682 certa
2588 5620 2648 5674 in
2695 5621 3104 5683 emendatione
3150 5641 3403 5686 morum.
3436 5626 3657 5703 Scripsi
