4094 6186
1492 334 1824 398 EBBONIS
1867 333 2219 398 EPISGOPI
2264 333 2736 397 RHEMENSIS.

3729 335 3816 398 ’46

409 460 617 534 utique
646 465 708 522 in
737 483 852 539 quo
883 472 1038 543 apud
1069 471 1254 527 Deum
1301 487 1416 526 non
1467 470 1681 538 corrui,
1713 472 1814 528 sed
1864 469 2056 543 potius
2083 471 2141 538 Α
2171 470 2405 526 nonnisi
2437 471 2562 526 sine
2594 476 2830 542 peccato
2853 486 3212 542 quemquam
3228 471 3508 527 damnare
3528 470 3818 543 acquievit

412 549 626 609 humili
654 557 1051 616 satisfactione
1089 559 1376 628 convalui,
1411 563 1468 615 et
1516 560 1637 616 haec
1685 560 1767 616 ita
1811 560 1927 616 vim
1977 561 2060 616 fa-

414 638 706 704 cientibus
736 647 893 704 edita
922 647 1128 717 obtuli,
1151 647 1289 720 quia
1318 651 1513 703 certus
1542 665 1697 717 sum,
1725 653 1783 706 et
1815 648 1936 705 scio
1967 647 2062 703 cui

416 737 639 793 credidi
677 737 878 793 dicens
911 754 923 791 :
957 739 1075 808 Ego
1123 737 1242 792 Ebo
1274 736 1554 810 indignus
1584 737 1915 811 cpiscopus,
1950 742 2059 794 etc.

427 826 554 882 Vide
583 827 991 897 confessionem,
1021 843 1210 899 supra.

485 913 546 970 Si
581 912 711 984 quis
743 929 876 970 vero
910 931 1012 986 per
1041 914 1363 972 salutarem
1394 916 1546 972 hanc
1576 916 1636 972 in
1659 916 1950 990 pressuris
1983 931 2066 971 ro-

413 1005 638 1075 pcrtam
672 1003 1124 1076 conscriptionis
1157 1005 1470 1061 formulam
1515 1022 1609 1062 me
1659 1007 2063 1062 damnandum

411 1090 749 1159 decreverit,
765 1091 1036 1149 similiter
1065 1098 1122 1149 et
1151 1093 1211 1150 in
1235 1094 1507 1152 omnibus
1535 1095 1769 1168 scriptis
1795 1095 1941 1150 meis
1973 1111 2066 1150 me

415 1178 747 1252 opprimere
780 1180 1016 1254 poterit,
1046 1181 1107 1238 in
1140 1183 1357 1254 quibus
1388 1201 1695 1256 nunquam
1727 1201 1821 1240 me
1841 1183 2067 1255 justiﬁ-

417 1283 506 1337 co,
539 1268 640 1325 sed
671 1286 906 1343 semper
936 1269 1249 1345 indignum
1298 1273 1639 1347 episcopum
1689 1273 2068 1330 subscribens

418 1356 638 1431 ubique
666 1359 1102 1417 denuntio.Nec
1133 1366 1331 1432 tamen
1364 1379 1456 1418 me
1479 1361 1540 1419 in
1570 1362 1679 1419 hac
1701 1363 1906 1420 eadem
1937 1363 2070 1419 sub-

417 1443 734 1518 scriptione
764 1446 922 1504 ullus
949 1447 1292 1506 violatorem
1324 1455 1426 1506 aut
1468 1451 1812 1507 mendacem
1864 1451 2068 1523 depre-

417 1533 670 1592 hendere
700 1537 915 1608 poterit
948 1556 960 1593 :
997 1538 1136 1609 quia
1165 1556 1336 1595 nemo
1360 1539 1439 1594 ibi
1473 1544 1676 1612 postea
1705 1539 1904 1596 utilior
1932 1555 2072 1611 pras-

416 1623 659 1694 fuit,sed
688 1628 962 1698 septonni
994 1628 1175 1684 ferme
1207 1629 1318 1684 sub
1350 1630 1702 1700 poenitentia}
1735 1630 2069 1701 spatio,quo

414 1712 475 1769 in
507 1719 713 1772 sancta
744 1715 1002 1773 Ecclesia
1051 1722 1426 1790 peccatorum
1477 1719 1895 1790 pcenitentibus
1945 1719 2071 1774 fieri

413 1802 564 1859 solet
595 1805 1200 1877 remissio,patienter
1228 1811 1592 1879 exspectans,
1626 1807 1844 1863 nemini
1877 1824 2075 1864 conse-

423 1891 704 1948 crationis
743 1891 824 1948 ibi
855 1892 1202 1966 dignitatem
1254 1893 1554 1967 impedivi.
1586 1895 1761 1952 Nolite
1805 1912 1951 1967 ergo,
1986 1897 2075 1952 di-

422 1984 589 2036 cente
619 1980 868 2037 Domino
897 1981 1014 2038 Deo
1048 1988 1273 2052 nostro,
1300 1984 1680 2050 condemnare,
1711 1993 1764 2041 et
1807 2002 1921 2041 non
1947 2002 2078 2042 con-

427 2068 831 2125 demnabimini
857 2088 877 2124 .'
909 2071 971 2125 in
991 2088 1097 2143 quo
1124 2074 1274 2128 enim
1297 2072 1516 2144 judicio
1549 2073 1955 2146 judicaveritis,
1979 2077 2078 2146 ju-

418 2155 750 2214 dicabimini
778 2159 932 2229 (Luc.
969 2177 1048 2228 v1,
1077 2162 1192 2230 37).

492 2245 856 2320 Conscriptio
885 2247 1083 2321 itaque
1113 2250 1234 2305 haec
1265 2250 1511 2307 diversis
1545 2253 2077 2323 necessitatibus,id

425 2341 538 2406 est,
562 2335 910 2393 delictorum
942 2338 1030 2394 vel
1060 2340 1537 2412 persequentium
1584 2342 1889 2398 occasione
1937 2359 2079 2399 con-

433 2426 606 2498 fecta,
637 2423 688 2482 si
712 2425 905 2484 adhuc
935 2427 1354 2484 scandalizanti
1384 2429 1558 2486 alicui
1587 2431 1932 2504 scrupulum
1979 2447 2078 2506 ge-

432 2520 622 2586 nerat,
652 2516 1058 2573 universorum
1087 2517 1168 2573 ibi
1198 2535 1395 2590 quasso
1433 2519 1743 2576 verborum
1791 2522 2078 2577 rationem

433 2603 736 2675 discutiat,
763 2605 824 2660 in
854 2621 973 2678 qua
1002 2611 1159 2662 certo
1180 2606 1426 2663 crimine
1457 2607 1880 2679 invento,unde
1912 2627 2078 2667 cano-

434 2692 568 2750 nica
595 2692 705 2751 rite
733 2699 1020 2767 sequatur
1049 2695 1370 2765 damnatio,
1391 2698 1553 2769 juste
1601 2715 1804 2770 precor
1829 2717 1843 2768 ;
1876 2704 1933 2755 ot
1962 2717 2078 2756 non

434 2781 609 2838 livide
629 2783 862 2855 judicet
890 2784 1247 2856 proximum,
1261 2785 1522 2858 dumque
1543 2803 1606 2842 se
1627 2788 1881 2844 aestimat
1902 2793 2078 2858 stare,

427 2871 622 2927 videat
650 2889 722 2928 ne
752 2873 946 2943 cadat,
977 2873 1118 2946 quia
1145 2871 1362 2931 lividus
1381 2875 1566 2946 judex
1595 2876 1880 2933 festucam
1911 2878 1972 2933 in
2004 2876 2084 2933 al-

427 2959 616 3017 terius
645 2977 914 3034 qutsrens
941 2963 1194 3034 trabem,
1224 2962 1286 3019 in
1339 2981 1447 3020 suo
1495 2981 1871 3039 nequaquam
1903 2967 2083 3023 sentit

428 3049 616 3107 oculo.
646 3052 801 3107 Luce
831 3051 1047 3108 clarius
1078 3069 1332 3126 namque
1362 3054 1643 3110 canonica
1674 3055 1858 3128 fulget
1887 3060 2081 3112 aucto-

427 3137 596 3208 ritas,
626 3141 782 3211 quod
815 3140 970 3196 sicut
999 3140 1127 3198 sine
1157 3146 1314 3197 certo
1346 3142 1589 3199 crimine
1619 3144 1897 3200 canonice
1927 3162 2080 3201 nun-

2165 560 2349 627 -(Joan.
2382 575 2505 625 νιιι,
2537 559 2594 628 3)
2627 575 2640 614 :
2674 575 2790 631 quo
2822 559 3056 631 pietatis
3085 559 3349 632 exemplo
3397 561 3816 631 compunctum

2173 649 2345 705 corde
2397 665 2511 703 non
2562 650 2934 718 mortiﬁcare,
2977 650 3077 705 sed
3127 648 3589 705 misericordiam
3634 649 3822 722 magis

2172 755 2350 808 quam
2385 737 2740 794 sacrificium
2781 756 2842 794 se
2891 737 3034 794 velle
3088 738 3437 793 monstravit
3464 737 3606 806 (Ose.
3636 756 3712 806 vr,
3744 738 3822 810 6).

2175 827 2556 882 Publicanum
2579 828 2870 899 siquidem
2885 828 2964 884 sei
2977 844 3147 899 psum
3171 832 3547 883 accusantem
3565 844 3679 882 non
3696 845 3829 882 con-

2174 917 2472 972 demnavit
2521 918 2670 983 (Luc.
2723 934 2881 983 xvm,
2932 917 3041 986 13),
3089 917 3206 972 sed
3242 917 3430 988 magis
3453 917 3827 988 justiﬁcavit,

2177 1023 2280 1061 nec
2313 1007 2627 1077 oppressit,
2662 1006 2765 1062 sed
2798 1005 3024 1069 extulit,
3057 1022 3191 1060 cum
3233 1022 3350 1061 non
3383 1007 3529 1061 dixit
3562 1023 3575 1060 :
3613 1007 3727 1078 Qui
3771 1021 3829 1064 se

2176 1095 2436 1151 humiliat
2464 1093 2970 1164 condemnabitur,
3006 1096 3108 1150 sed
3154 1094 3488 1150 exaltabitur
3525 1095 3678 1164 (Luc.
3709 1113 3826 1164 xxv,

2176 1184 2289 1252 11).
2322 1183 2678 1240 Semivivum
2711 1182 2984 1239 similiter
3014 1188 3376 1255 prostratum
3407 1201 3525 1239 non
3575 1181 3830 1254 respuit,

2176 1274 2278 1330 sed
2310 1274 2744 1346 procurandum
2759 1272 2979 1329 sanctis
2999 1272 3339 1329 stabulariis
3367 1271 3587 1345 ligandi
3610 1271 3834 1328 solven-

2178 1363 2354 1434 diquc
2384 1366 2734 1435 potestatem
2783 1361 3137 1418 habentibus
3186 1361 3504 1429 commisit,
3554 1365 3613 1418 et
3653 1377 3834 1434 super

2179 1452 2376 1508 divina
2403 1454 2641 1524 accepta
2668 1451 3044 1507 denariorum
3076 1449 3386 1522 reparandi
3409 1467 3656 1506 munera
3677 1465 3834 1506 com-

2178 1540 2450 1613 passione
2494 1540 2723 1610 proprie
2770 1537 3075 1594 condolere
3124 1555 3228 1610 pro
3279 1543 3502 1594 mternaa
3544 1536 3834 1594 mercedis

2181 1631 2342 1685 lucro
2375 1629 2737 1684 commonuit
2767 1627 2967 1684 dicens
3005 1645 3017 1681 :
3072 1627 3434 1698 Quodcunque
3480 1643 3836 1699 supereroga-

2179 1723 2341 1786 veris,
2375 1736 2469 1790 ego
2497 1735 2621 1772 cum
2666 1717 2897 1782 rediero,
2933 1715 3156 1772 reddam
3203 1715 3306 1770 tibi
3337 1716 3488 1786 (Luc.
3524 1732 3580 1784 x,
3615 1716 3834 1788 30-35).

2180 1808 2451 1864 Davidica
2482 1807 2697 1879 quippe
2729 1804 3101 1877 compunctio
3127 1809 3560 1872 momentanea,
3596 1821 3711 1860 non
3743 1805 3838 1860 de-

2178 1899 2495 1970 jectionem
2528 1898 2629 1954 sed
2662 1895 3162 1967 recuperationem
3198 1893 3431 1950 meruit.
3468 1893 3664 1950 Sancti
3698 1909 3843 1965 quo-

2185 2005 2300 2062 que
2348 1985 2596 2060 apostoli
2645 1985 2717 2040 dc
2766 1983 3058 2058 promissa
3086 1999 3153 2039 ac
3183 1983 3429 2038 mentita
3460 1982 3518 2036 in
3564 1981 3840 2054 passione

2185 2075 2636 2150 perseverantia,
2667 2079 2800 2147 post
2831 2073 3319 2130 resurrectionem
3347 2088 3480 2127 vero
3521 2071 3592 2127 de
3640 2069 3838 2126 stulti-

2185 2166 2292 2236 tia,
2323 2171 2382 2221 et
2427 2162 2836 2220 incredulitate
2883 2160 2970 2216 vel
3021 2161 3214 2216 cordis
3245 2159 3463 2216 duritia
3502 2159 3786 2233 increpati
3820 2176 3836 2216 :

2188 2255 2335 2312 Petri
2368 2255 2544 2310 etiam
2577 2251 2806 2324 negatio
2837 2250 3186 2307 contritione
3215 2249 3407 2306 cordis
3437 2253 3705 2321 purgata.
3732 2249 3842 2304 Ne-

2187 2360 2486 2416 quaquam
2529 2343 2839 2397 damnatos
2888 2339 3017 2408 hos,
3068 2355 3269 2395 verum
3318 2337 3495 2394 etiam
3543 2341 3840 2394 correctos

2187 2432 2570 2506 pristinisque
2603 2429 2990 2502 dignitatibus
3023 2428 3325 2483 restitutos
3357 2443 3470 2482 non
3519 2425 3711 2482 solum
3741 2443 3838 2483 ce-

2187 2523 2394 2590 lebrat,
2426 2521 2525 2577 sed
2559 2520 2754 2592 potius
2785 2519 2855 2574 de
2888 2516 3250 2589 reparatione
3281 2515 3580 2588 lapsorum
3605 2515 3840 2572 imitan-

2187 2613 2261 2667 do
2309 2609 2594 2684 gloriatur
2657 2608 2873 2680 ubique
2921 2607 3120 2680 gavisa
3169 2611 3370 2662 sancta
3406 2605 3509 2660 Dei
3554 2605 3836 2662 Ecclesia.

2189 2699 2467 2757 Moderna
2494 2697 2767 2770 equidem
2798 2696 3146 2752 auctoritate
3185 2693 3448 2766 palatina
3496 2694 3839 2766 compulsos

2189 2790 2249 2846 in
2297 2787 2588 2861 angustiis
2637 2787 2708 2841 ad
2757 2785 3149 2841 monasticam
3191 2783 3532 2857 pmnitentis
3563 2783 3839 2839 habitum

2189 2879 2500 2949 utriusque
2530 2892 2703 2931 sexus
2732 2873 2932 2944 laioos,
2954 2874 3210 2945 itemque
3239 2889 3380 2945 pace
3411 2872 3639 2928 reddita
3658 2872 3844 2929 redis-

2187 2985 2252 3025 so
2299 2968 2372 3024 ad
2423 2971 2645 3022 statum
2693 2962 2890 3021 saeculi
2941 2962 3257 3036 pristinum
3289 2961 3671 3017 manifestum
3703 2966 3836 3030 est;

2189 3075 2304 3131 quo
2333 3056 2507 3112 etiam
2541 3054 2656 3110 ritu
2691 3051 2918 3109 nullum
2950 3067 3078 3108 osse
3107 3051 3360 3106 dedecus
3391 3054 3641 3122 constat,
3669 3051 3718 3106 si
3750 3050 3839 3106 of-

2189 3148 2390 3204 fensus
2429 3143 2674 3200 clericus
2727 3147 2858 3214 post
2901 3140 3184 3196 humilem
3229 3139 3688 3196 satisfactionem
3727 3140 3838 3196 sui

427 3243 609 3300 quam
639 3229 913 3301 dejicitur
944 3229 1363 3302 episcopus,ita
1393 3248 1497 3287 nec
1527 3231 1894 3288 absolutione
1910 3250 2082 3306 spon-
2108 3216 2152 3284 ί]
2190 3235 2452 3292 debitum
2485 3232 2822 3290 clericatum
2855 3235 3180 3302 recuperat.

426 3319 622 3387 tanea,
652 3318 810 3389 quod
842 3317 1040 3375 minus
1072 3318 1326 3376 violenta
1363 3318 1602 3376 alterius
1653 3321 1764 3377 sub
1813 3323 2083 3380 custodia

428 3421 544 3463 non
576 3405 712 3463 licet
741 3407 1006 3464 recedere
1028 3407 1366 3480 episcopum
1399 3408 1524 3464 sine
1541 3408 1812 3466 concordi
1835 3427 2082 3483 praesen-

415 3495 531 3566 tia,
559 3495 650 3553 vel
683 3512 976 3554 consensu
1009 3496 1223 3554 civium
1253 3497 1647 3554 subditorum.

497 3585 773 3644 Presvalet
805 3603 941 3661 ergo
973 3587 1180 3643 merito
1215 3587 1272 3643 in
1305 3587 1581 3644 omnibus
1610 3587 1703 3645 his
1735 3586 2076 3646 ecclesiasti-

425 3691 496 3732 ca
518 3676 784 3749 repetitio
814 3693 996 3751 supra
1024 3694 1408 3750 quascunque
1438 3677 1584 3734 alias
1633 3677 2076 3734 adinventiones

423 3763 706 3823 violentas
737 3771 839 3822 aut
864 3766 1086 3838 libitas,
1122 3784 1230 3824 sua
1259 3768 1449 3840 magis
1481 3785 1658 3840 quam
1689 3768 1830 3824 Jesu
1861 3767 2075 3824 Christi

423 3855 832 3927 quaerentium.
865 3855 1036 3913 Juste
1065 3872 1201 3929 ergo
1246 3857 1596 3927 judicantur
1641 3857 1841 3912 omnia
1886 3857 2072 3927 irrita,

421 3961 786 4018 quaecunque
810 3963 926 4001 non
957 3946 1188 4000 fuerant
1216 3946 1559 4002 auctoritate
1593 3946 1872 4003 canonica
1902 3947 2076 4002 undi-

421 4048 538 4104 que
568 4032 733 4088 fulta.
749 4033 1099 4090 Fidissimus
1129 4035 1378 4107 denique
1408 4040 1493 4092 tot
1527 4037 1859 4109 tabilusque
1883 4037 2076 4109 praesi-

423 4119 538 4179 diis
569 4120 981 4178 ecclesiasticis
1012 4139 1076 4179 ac
1109 4125 1348 4180 statutis
1395 4127 1708 4196 praesentia
1737 4132 1812 4198 ‘et
1858 4131 2073 4184 wtcrna

422 4212 664 4284 quasivi
693 4213 1128 4283 remedia,dum
1155 4213 1332 4268 nimis
1357 4216 1601 4270 tacendo
1621 4215 1678 4269 in
1703 4220 1965 4288 tempore
1987 4216 2070 4272 lo-

421 4302 662 4373 quendi,
680 4302 972 4375 nimisque
993 4301 1357 4375 loquendoin
1381 4305 1640 4374 tempore
1651 4304 2073 4372 tacendi,inter

421 4394 629 4448 cetera
641 4392 1055 4464 memetipsum
1078 4392 1250 4448 noxia
1271 4391 1615 4462 reprehendi
1639 4392 2070 4464 contagia,divi-

421 4498 560 4538 nam
584 4483 952 4554 maiestatem
973 4480 1314 4554 implorans,
1331 4485 1396 4534 ut
1408 4485 1588 4552 ponat
1607 4479 1757 4535 ultra
1770 4479 2069 4537 custodiam

2261 3324 2443 3396 Igitur
2473 3338 2608 3378 nam
2631 3319 2960 3377 manifestis
2982 3318 3121 3375 Novi
3141 3336 3207 3374 ac
3222 3317 3450 3374 Veteris
3471 3317 3837 3374 Testamenti

2185 3414 2401 3470 divinis
2418 3411 2588 3468 nobis
2610 3411 2864 3467 ostensis
2886 3409 3301 3465 beneﬁciorum
3315 3406 3696 3479 exemplis,ad
3703 3408 3835 3478 jam

2187 3503 2404 3560 dictam
2452 3500 2624 3573 vulgo
2674 3505 2872 3554 notam
2921 3497 3380 3554 satisfactionem
3422 3495 3708 3552 humilem
3739 3513 3837 3554 me

2185 3593 2427 3649 devotus
2445 3589 2652 3658 obtuli,
2668 3606 2732 3645 eo
2751 3589 2906 3661 quod
2928 3585 3426 3659 recuperationem
3450 3585 3641 3658 magis
3654 3599 3834 3657 quam

2186 3681 2621 3738 damnationem
2653 3694 2914 3750 unquam
2929 3677 3000 3733 ab
3019 3677 3184 3731 initio
3199 3692 3431 3748 semper
3450 3673 3696 3730 humilis
3708 3691 3838 3731 me-

2185 3772 2303 3826 ruit
2334 3770 2674 3826 satisfactio.
2711 3768 3026 3840 Postquam
3057 3783 3188 3821 vero
3220 3765 3686 3838 persecutionem
3710 3781 3842 3822 suc-

2185 3861 2422 3917 cedente
2454 3859 2656 3916 oll‘ensi
2691 3856 2972 3930 principis
3003 3856 3253 3929 glorioso
3285 3854 3513 3909 haerede
3561 3853 3838 3910 Lothario

2183 3951 2425 4016 Caesare,
2448 3964 2579 4003 mox
2612 3945 2754 4000 mihi
2787 3945 3182 4001 ecclesiastica
3213 3943 3483 3999 restituta
3499 3947 3588 3998 ost
3602 3959 3839 3998 concor-

2183 4041 2371 4108 dia,et
2400 4040 2701 4092 vacantem
2731 4034 3270 4106 Ecclesiam,quam
3298 4032 3592 4105 quondam
3615 4031 3837 4088 violen-

2181 4132 2268 4185 ter
2297 4127 2608 4182 amiseram
2633 4123 2954 4191 inveniens,
2972 4140 3085 4178 non
3115 4120 3652 4194 prmsumptivo,sed
3675 4137 3838 4192 repe-

2180 4217 2438 4273 tentibus
2464 4215 2544 4270 ibi
2565 4213 2784 4269 sanctis
2800 4211 3103 4269 ordinibus
3126 4211 3320 4267 debite
3343 4214 3680 4282 septennem
3710 4209 3836 4268 fore

2180 4311 2310 4378 post
2341 4304 2794 4360 satisfactionem
2830 4301 3469 4373 recepi,assistontibus
3499 4315 3633 4354 cum
3665 4295 3829 4371 prin-

2178 4395 2304 4465 cipe
2336 4391 2664 4463 magniﬁcis
2692 4387 3612 4462 praesulibusplurimis,quorum
3637 4391 3832 4442 aucto-

2179 4483 2349 4537 ritate
2366 4480 2632 4536 omnium
2652 4483 2970 4548 revocatus,
2989 4478 3138 4533 hanc
3150 4477 3588 4532 annotationem
3611 4475 3827 4530 futuris

420 4573 506 4627 ori
531 4589 671 4639 meo,
702 4580 753 4629 et
779 4574 978 4628 ostium
1025 4571 1449 4627 circumstantia:
1490 4569 1652 4624 labiis
1683 4571 1836 4624 meis.
1868 4570 1946 4626 Ne
1973 4570 2065 4626 de-
2092 4591 2140 4656 Β
2177 4569 2538 4642 temporibus
2582 4569 2963 4637 recitandum,
2997 4567 3230 4638 scriptis
3260 4565 3352 4622 bis
3399 4563 3822 4619 memoralibus

418 4661 585 4717 clinet
613 4678 704 4718 cor
730 4678 912 4718 meum
943 4662 1002 4716 in
1034 4659 1194 4716 verba
1223 4660 1453 4714 matitire
1501 4658 1571 4714 ad
1597 4658 1936 4715 excusandas
1965 4677 2060 4716 ea:-

419 4743 720 4806 cusationes
753 4752 813 4805 in
837 4753 1069 4822 peccatis
1101 4767 1118 4803 :
1149 4750 1248 4805 sed
1283 4751 1546 4820 corripiat
1588 4766 1674 4804 me
1708 4751 1891 4822 justus
1920 4766 2058 4805 sem-

411 4853 514 4910 per
542 4840 599 4893 in
628 4837 1002 4894 misericordia
1037 4838 1206 4906 (Psal.
1241 4854 1363 4904 CXL,
1397 4838 1450 4891 3.
1478 4838 1556 4907 6).
1591 4837 1735 4893 Cum
1765 4838 1920 4892 enim
1954 4854 2058 4892 nec

408 4928 640 4998 justum
667 4925 779 4982 nisi
809 4928 866 4981 in
917 4926 1316 4982 misericordia
1346 4931 1513 4982 sanat
1543 4927 1828 4998 corripere
1865 4927 2061 4981 divina

413 5017 676 5088 potentia
709 5033 721 5070 :
759 5016 1048 5087 quomodo
1079 5021 1350 5087 peccator
1381 5021 1742 5086 peccatorcm
1780 5016 2059 5070 damnare

412 5104 572 5160 licite
602 5104 813 5176 poterit
845 5105 1038 5160 divina
1069 5105 1194 5160 sine
1224 5104 1480 5160 vindicta
1503 5106 1530 5160 ?
1561 5105 1845 5161 Dominus
1859 5104 2059 5176 utique

418 5192 848 5252 dominantium
879 5193 1243 5252 meretricem
1266 5193 1548 5267 legalibus
1581 5193 1766 5266 poenis
1798 5194 2057 5265 dignam,

2171 4663 2228 4716 in
2263 4661 2533 4714 universa
2565 4657 2822 4714 Ecclesia
2854 4657 2951 4713 Dci
2976 4655 3264 4712 catholica
3295 4653 3664 4710 manifestam
3692 4653 3822 4708 fieri

2169 4749 2410 4823 placuit,
2443 4754 2498 4803 et
2528 4748 2798 4803 sinistras
2819 4745 3122 4818 opiniones
3145 4745 3424 4800 falsorum
3444 4743 3690 4798 fratrum
3709 4741 3821 4796 hac

2169 4844 2324 4896 certa
2356 4839 2594 4892 veritate
2626 4837 2850 4908 prolata
2879 4835 3328 4902 delere,sanctis
3347 4832 3610 4903 verisque
3626 4831 3819 4886 fratri-

2169 4930 2280 4984 bus
2314 4929 2369 4982 in
2405 4927 2496 4981 bis
2527 4926 2804 4981 omnibus
2836 4926 3172 4980 satisfacere
3222 4923 3436 4989 decuit,
3479 4926 3536 4976 et
3583 4920 3714 4992 plus
3747 4921 3820 4976 de

2169 5019 2358 5091 gratia
2389 5016 2846 5087 recuperationis
2871 5015 3235 5085 congaudere
3267 5028 3443 5084 quam
3466 5011 3536 5064 de
3557 5010 3822 5081 nequitia

2169 5106 2568 5162 damnationis
2599 5103 2813 5173 dolere,
2843 5120 3163 5175 suggerens
3199 5102 3372 5173 (sicut
3395 5099 3671 5172 oportuit)
3700 5099 3817 5154 fes-

2168 5197 2288 5252 tiva
2317 5195 2436 5251 hac
2469 5193 2759 5252 restitutio
2792 5194 2908 5252 Deo
2939 5192 3132 5264 dignis
3163 5190 3413 5264 posteris
3459 5187 3816 5261 procumbit.

1690 5478 2538 5532 ψ
