4094 6186
271 346 353 409 i?
646 440 651 445 ν
1487 341 1939 406 DEPOSITIOB

2050 370 2055 395 ς
2080 341 2511 408 NARRATIO.
2814 314 2819 319 ’
3623 345 3702 414 η

875 650 1476 740 NARRATIO
1534 644 2301 738 CLEBICORUM
2371 652 3113 764 BHEMENSUM,

272 836 564 922 Qualiter
608 837 775 922 Esse
823 833 1205 922 Rhemorum
1254 825 1994 922 archie_piscopus,quo_d
2046 827 2115 922 in
2153 828 2559 922 .Ludovicum
2611 832 2788 922 Pium
2836 834 2991 914 imp.
3052 836 3547 922 conspiraverat,
3610 836 3698 922 a_b

358 915 674 997 episcopis
702 914 1025 995 depositus
1056 932 1223 975 anno
1252 913 1394 986 835,
1427 907 1499 973 et
1515 907 1671 992 post
1685 909 1880 990 ipsius
1929 912 1939 970 J

359 999 593 1058 iterum
626 995 908 1075 dejectus
939 1001 1052 1057 est.

2047 907 2231 970 lovici
2282 916 2551 973 mortem
2601 914 2733 974 sedi
2784 907 3314 991 suae-restitutus,
3342 936 3423 979 ac
3470 907 3696 980 deinde

1511 1116 1816 1179 (Duchesn.,
1847 1112 2038 1176 Script.
2070 1113 2191 1164 Rer.
2225 1116 2434 1179 Franc.)

345 1324 667 1379 Deserente
698 1319 859 1375 omni
882 1318 1096 1393 populo
1120 1316 1478 1373 Ludovicum
1501 1317 1935 1389 imperatorem,
1968 1312 2024 1378 Α
2054 1314 2377 1371 remedium
2429 1316 2767 1388 pcenitendi,
2794 1323 2848 1373 et
2892 1317 3142 1374 salutem
3193 1318 3398 1375 anima:
3439 1335 3599 1389 mea},
3633 1322 3700 1378 ut

273 1416 333 1467 et
361 1411 713 1466 transeunte
736 1408 805 1464 ad
831 1406 1016 1463 ﬁlium
1041 1407 1169 1478 ejus
1193 1404 1730 1473 Lotharium,Ebbo
1760 1401 1939 1459 etiam
2050 1404 2375 1459 recedercm
2409 1404 2480 1459 ab
2513 1405 2701 1461 ofﬁcio
2748 1411 2803 1461 et
2851 1406 3175 1464 ministerio
3221 1407 3559 1481 pontiﬁcali,
3583 1425 3699 1482 quo

273 1499 590 1573 episcopus
621 1497 775 1553 inter
804 1513 903 1553 eos
934 1497 1004 1552 ad
1040 1495 1311 1552 eumdem
1345 1510 1406 1549 se
1437 1492 1682 1550 contulit
1723 1491 1939 1549 Lotba-
2048 1506 2141 1548 me
2174 1508 2521 1566 recognosco
2553 1510 2682 1549 esse
2712 1495 3046 1568 indignum,
3079 1500 3136 1551 et
3165 1496 3425 1553 alienum
3459 1515 3551 1555 me
3574 1499 3701 1557 red-

274 1589 454 1645 rium.
475 1586 587 1657 Qui
616 1585 844 1643 scilicet
875 1584 1185 1642 Lotharius
1216 1585 1451 1639 veniens
1483 1598 1585 1655 per
1615 1580 1939 1655 imperialia
2048 1580 2214 1649 dens,
2240 1599 2342 1654 pro
2374 1583 2633 1639 reatibus
2666 1583 2831 1653 meis,
2850 1584 2907 1639 in
2940 1585 3157 1657 quibus
3188 1602 3281 1643 me
3305 1603 3578 1660 peccasse
3608 1602 3699 1646 se-

272 1676 772 1753 palatimadduxit
801 1692 1000 1731 secum
1024 1680 1251 1747 patrem
1273 1689 1448 1729 suum
1470 1688 1658 1745 usque
1679 1671 1938 1727 Suessio-

276 1768 370 1824 nis
399 1768 473 1823 ad
493 1765 925 1822 monasterium
949 1765 1007 1820 S.
1029 1762 1318 1830 Medardi;
1344 1762 1541 1835 ibique
1562 1760 1936 1817 hortantibus

276 1860 338 1913 et
384 1855 735 1929 iubentibus
795 1852 1018 1909 caateris
1073 1851 1386 1924 episcopis,
1416 1868 1518 1907 seu
1576 1847 1935 1923 primoribus

278 1945 467 2021 regni,
501 1946 735 2000 coactus
765 1946 857 1997 est
886 1941 1066 2009 Ebbo,
1101 1939 1239 2012 quia
1268 1939 1329 1994 in
1362 1938 1595 1995 dimcesi
1627 1938 1755 2010 ejus
1785 1940 1931 2002 erat,

268 2033 357 2090 illi
387 2032 691 2106 imponere
719 2028 1019 2103 publicam
1051 2027 1475 2102 pmnitcntiam.
1494 2027 1659 2083 Uude
1688 2025 1933 2082 nimiam

265 2126 323 2178 et
350 2124 701 2196 perpetuam
728 2120 859 2192 ejus
875 2117 1122 2175 incurrit
1146 2116 1451 2173 offensam.
1478 2115 1618 2172 Inde
1646 2130 1781 2170 vero
1801 2112 1933 2187 plu-

265 2210 421 2267 rima
450 2225 592 2283 pars
622 2223 932 2283 procerum
963 2223 1029 2263 ac
1059 2204 1259 2279 populi
1291 2208 1593 2262 verterunt
1630 2221 1693 2259 se
1718 2203 1932 2259 iterum

265 2299 339 2355 ad
356 2299 491 2371 jam
512 2297 738 2353 dictum
767 2296 1202 2369 imperatorem,
1220 2294 1555 2351 deserentes
1584 2294 1713 2365 ejus
1742 2292 1930 2348 ﬁlium

267 2386 644 2455 Lotharium,
671 2389 731 2441 et
762 2383 1149 2443 restituerunt
1176 2400 1313 2439 eum
1341 2381 1400 2439 in
1430 2382 1745 2457 imperium
1776 2382 1931 2454 apud

267 2473 706 2533 monasterium
734 2474 795 2531 Β.
830 2472 1112 2546 Dionysii.
1165 2471 1502 2529 Morabatur
1544 2475 1742 2528 autem
1791 2475 1933 2527 tunc

265 2563 561 2639 temporis
592 2562 753 2619 Ebbo
783 2561 1095 2636 episcopus
1144 2562 1203 2616 in
1244 2560 1596 2617 monasterio
1627 2560 1686 2615 S.
1716 2558 1929 2630 Basoli,

2045 1673 2201 1726 creto
2234 1670 2351 1727 illis
2382 1673 2687 1729 confessus
2718 1690 2874 1740 sum,
2898 1690 2963 1729 eo
2994 1673 3219 1731 scilicet
3248 1676 3442 1745 modo,
3475 1680 3541 1733 ut
3586 1676 3700 1751 ipsi

2045 1764 2184 1814 sunt
2216 1764 2393 1817 testes
2425 1760 2606 1816 alium
2640 1763 2991 1818 succedendi
3014 1767 3070 1818 et
3090 1767 3469 1822 consecrandi
3493 1767 3699 1824 subro-

2042 1848 2337 1921 gandique
2359 1848 2416 1905 in
2437 1849 2563 1906 loco
2586 1866 2735 1919 meo,
2754 1851 2856 1923 qui
2881 1852 3056 1925 digne
3075 1871 3325 1926 praeesse
3343 1859 3401 1912 et
3419 1857 3699 1928 prodesse

2043 1936 2230 2008 possit
2255 1936 2654 2006 Ecclesiae,cui
2688 1938 2973 1995 hactenus
2996 1938 3272 2013 indignus
3290 1942 3523 2015 prmiui;
3557 1947 3614 2000 et
3633 1948 3701 2000 ut

2044 2024 2180 2081 inde
2207 2026 2363 2083 ultra
2377 2026 2602 2083 uullam
2622 2027 3030 2101 repetitionem
3049 2033 3153 2085 aut
3170 2030 3697 2103 interpellationem

2041 2114 2385 2170 auctoritate
2415 2115 2697 2172 canonica
2741 2116 2929 2172 facere
2973 2116 3414 2188 valeam,manu
3462 2121 3700 2193 propria

2040 2220 2173 2259 mea
2198 2204 2578 2261 subscribens
2601 2206 2847 2262 ﬁrmavi.
2864 2227 2891 2256 η
2920 2208 3177 2273 Quorum
3203 2207 3443 2264 testium
3459 2206 3547 2265 vel
3568 2225 3703 2266 con-

2041 2291 2329 2349 fessorum
2360 2293 2767 2351 testimonium
2809 2294 2868 2352 in
2898 2295 3271 2352 successione
3312 2301 3372 2353 et
3401 2296 3461 2353 in
3502 2312 3704 2355 cense.

2040 2382 2299 2439 oratione
2346 2382 2587 2440 alterius
2637 2384 2837 2441 nullus
2881 2401 3145 2456 unquam
3206 2384 3530 2458 requisivit,
3561 2403 3699 2445 cum

2040 2471 2217 2527 etiam
2251 2489 2406 2529 unus
2437 2489 2663 2539 eorum,
2697 2473 3035 2530 Badaradus
3087 2473 3325 2542 scilicet,
3360 2474 3421 2532 in
3462 2474 3698 2533 restitu-

2040 2560 2197 2617 tione
2219 2561 2477 2618 Ebbonis
2508 2561 2699 2618 fuerit.

264 2647 1930 2747 infraparochiamRbemensem,claudusutroquepedc,
1962 2679 2011 2747 Β
2114 2648 2303 2707 Finito
2353 2655 2549 2706 autem
2599 2651 2865 2719 concilio,
2900 2652 3179 2708 reductus
3234 2656 3323 2709 est
3380 2654 3491 2710 sub
3538 2657 3700 2719 arcta

264 2749 325 2802 et
354 2742 550 2799 nimia
582 2740 838 2797 afflictus
872 2739 1232 2795 inﬁrmitate.
1256 2738 1498 2794 Timens
1516 2754 1650 2793 vero
1672 2737 1810 2810 quia
1829 2753 1936 2795 nec

266 2850 403 2889 cum
439 2830 721 2887 Lothario
753 2828 908 2885 exire
928 2832 1174 2901 poterat,
1200 2844 1305 2884 nec
1326 2827 1590 2883 animum
1620 2826 1934 2898 imperato-

267 2923 348 2979 ris
378 2922 705 2978 adversum
740 2935 803 2974 se
830 2917 1154 2990 quidquam
1187 2915 1513 2972 emollitum
1544 2915 1816 2983 habebat,
1839 2931 1935 2981 ne,

264 3012 420 3068 sicut
472 3008 581 3065 tali
630 3006 866 3063 turbine
916 3006 1130 3062 furoris
1177 3004 1300 3062 ﬁeri
1352 3005 1519 3072 solet,
1552 3002 1840 3060 alevibus
1879 3006 1938 3060 et

262 3097 735 3174 indisciplinatis
754 3095 1295 3167 hominibus,quasi
1317 3111 1421 3166 pro
1444 3092 1723 3149 ﬁdelitate
1734 3093 1935 3148 domni

264 3187 648 3262 imperatoris
680 3185 1038 3258 perderetur,
1047 3183 1230 3255 jussit
1250 3200 1311 3238 se
1334 3181 1629 3255 deportari
1650 3182 1723 3236 ad
1740 3197 1938 3253 quem-

264 3281 403 3334 dam
426 3275 683 3332 ﬂuvium
707 3273 944 3329 nomine
966 3271 1316 3340 Matronam,
1336 3270 1436 3343 qui
1459 3269 1700 3343 propius
1722 3275 1866 3340 erat,
1882 3274 1940 3326 et

265 3366 425 3423 mitti
459 3365 521 3420 in
557 3362 781 3431 navim,
802 3367 977 3435 atque
998 3361 1257 3417 Parisius
1279 3360 1352 3416 ad
1374 3360 1695 3432 quamdam
1726 3360 1937 3416 deduci

265 3454 549 3513 cellulam
580 3452 894 3525 cujusdam
925 3450 1183 3516 Reclusi,
1216 3465 1462 3523 sperans
1489 3448 1572 3504 ibi
1604 3453 1729 3505 tnte
1766 3465 1938 3522 posse

268 3559 536 3611 manere,
571 3556 765 3614 usque
794 3540 938 3595 dum
973 3543 1074 3597 aut
1103 3538 1370 3595 animum
1400 3537 1772 3610 imperatoris
1801 3555 1940 3611 quo-

270 3652 387 3708 quo
410 3632 598 3688 modo
617 3629 851 3703 placare
870 3628 1178 3701 potuisset,
1194 3632 1297 3684 aut
1324 3632 1560 3700 accepta
1581 3626 1834 3683 sanitate
1854 3626 1940 3682 ire

270 3726 405 3798 post
424 3719 783 3778 Lotharium
803 3718 1039 3774 valeret.
1054 3717 1312 3774 Audiens
1331 3734 1465 3773 vero
1487 3718 1741 3772 domnus
1761 3716 1839 3771 im
1848 3734 1940 3789 pe-

273 3817 435 3869 rator
462 3825 606 3867 eum
634 3806 778 3864 illuc
819 3806 1226 3880 transfugisse,
1243 3805 1442 3876 ,misit,
1475 3810 1533 3861 et
1569 3804 1756 3877 jussit
1800 3821 1936 3861 eum

271 3899 487 3958 deduci
510 3899 627 3955 sub
648 3896 919 3953 custodia
939 3897 1011 3951 ad
1032 3895 1277 3951 Voldam
1300 3895 1721 3950 monasterium
1740 3890 1938 3950 Sancti

272 3987 587 4057 Bonifacii,
621 3985 821 4059 ibique
851 3986 1090 4052 servari,
1118 3988 1176 4040 et
1214 3987 1347 4057 post
1376 3982 1681 4038 biennium
1721 3983 1934 4039 adduci

271 4045 344 4136 ad
372 4045 894 4135 Teotouis-villam
943 4074 1001 4129 in
1051 4045 1325 4146 parochia
1352 4072 1644 4141 Mettensi,
1679 4072 1777 4127 ubi
1810 4077 1937 4129 erat
1964 4045 2009 4112 C

272 4167 560 4241 placitum
614 4162 987 4238 imperatoris
1030 4160 1355 4234 publicum.
1399 4161 1791 4217 Praesentatus
1829 4178 1941 4217 au-

275 4260 395 4313 tem
424 4252 679 4311 concilio
707 4252 1138 4324 episcOporum,
1161 4253 1474 4306 accusatus
1522 4253 1613 4305 est
1652 4250 1724 4305 ab
1757 4249 1942 4322 impe-

284 4348 490 4413 ratore,
513 4348 697 4415 atque
727 4341 825 4396 diu
859 4339 1058 4396 nimiis
1088 4338 1408 4395 terroribus
1441 4338 1942 4407 maceratus,inito

280 4434 515 4490 tandem
533 4429 787 4488 consilio
805 4446 939 4484 cum
963 4427 1185 4485 caeteris
1202 4426 1561 4500 coepiscopis
1588 4432 1645 4483 et
1665 4426 1942 4483 fratribus

281 4520 578 4594 suis,quia
593 4519 909 4593 cpiscopus
927 4534 1031 4573 nec
1043 4516 1520 4589 archiepiscopus
1532 4517 1656 4572 suis
1670 4516 1945 4573 omnibus

284 4610 452 4667 bonis
483 4607 870 4681 exspoliatur,
887 4606 1115 4678 subque
1137 4604 1403 4661 custodia
1434 4609 1727 4674 tcntus,et
1757 4607 1829 4661 ab
1861 4623 1947 4661 ec-

283 4698 462 4755 clesia
490 4715 605 4755 sua
636 4699 1064 4768 sequestratus,
1084 4696 1143 4750 in
1166 4695 1389 4767 synodo
1411 4692 1733 4766 apostolica
1755 4698 1949 4751 aucto-

283 4789 453 4845 ritate
482 4804 603 4844 non
625 4789 959 4854 convocata,
976 4800 1165 4857 neque
1184 4784 1312 4856 ejus
1337 4782 1625 4856 legatione
1655 4784 1946 4853 roborata,

284 4874 556 4934 damnari
570 4873 1090 4946 nullatenusjuxta
1105 4874 1337 4930 decreta
1357 4877 1696 4930 sanctorum
1712 4873 1947 4930 Patrum

283 4965 711 5043 potuisset,nec
733 4962 959 5018 diutius
981 4962 1040 5018 in
1062 4960 1280 5019 talibus
1300 4966 1751 5035 torqueretur,et
1770 4962 1948 5018 etiam

287 5071 464 5111 sanus
480 5067 727 5125 corpore
748 5051 897 5107 iram
911 5049 1149 5107 maximi
1166 5050 1448 5123 principis
1466 5067 1815 5123 quocunque
1832 5068 1952 5107 mo-

286 5143 357 5199 do
382 5140 974 5210 declinaret,coactus
990 5138 1227 5213 scripsit
1244 5137 1507 5196 libellum
1531 5139 1688 5195 hunc
1722 5155 1735 5195 :
1772 5163 1799 5189 ‹‹
1830 5142 1949 5214 Ego

286 5231 442 5288 Ebbo
488 5229 781 5303 indignus
829 5229 1127 5302 quondam
1179 5228 1489 5303 episcopus
1529 5246 1950 5303 recognoscens

289 5319 672 5394 fragilitatem
697 5332 894 5374 meam
915 5322 972 5373 et
987 5318 1249 5391 pondera
1269 5321 1641 5390 peccatorum
1658 5334 1948 5388 meorum,

2043 2740 2312 2795 custodia
2330 2739 2402 2795 ad
2424 2740 2716 2808 eumdem,
2734 2740 2932 2797 Sancti
2954 2739 3177 2797 scilicet
3198 2740 3480 2798 Bonifacii
3502 2759 3701 2802 mona-

2043 2826 2309 2884 sterium.
2343 2827 2479 2884 Post
2498 2827 2864 2901 aliquantum
2892 2845 3027 2885 vero
3057 2829 3360 2902 temporis,
3398 2847 3699 2889 commen-

2043 2917 2215 2972 datus
2243 2921 2333 2972 cst
2353 2915 2622 2973 similiter
2651 2917 2723 2972 ad
2753 2916 3203 2973 custodiendum
3226 2918 3490 2976 Freculfo
3511 2921 3698 2978 Lexo-

2042 3005 2225 3062 viensi
2255 3005 2696 3078 episcopo,inde
2721 3005 2895 3062 etiam
2929 3006 3139 3063 Bosoni
3171 3005 3370 3064 abbati
3399 3007 3460 3063 in
3492 3026 3693 3068 mona-

2044 3095 2289 3151 sterium
2310 3094 2507 3150 Sancti
2531 3095 2846 3162 Benedicti,
2863 3096 2973 3151 sub
3005 3095 3175 3167 cujus
3197 3112 3377 3151 manu
3392 3096 3701 3156 exsulabat

2045 3183 2278 3256 quando
2301 3182 2577 3239 dominus
2598 3183 2917 3256 imperator
2931 3183 3084 3239 viam
3100 3182 3282 3239 totius
3293 3183 3598 3256 ingressus
3608 3192 3703 3247 est

2044 3270 2260 3328 carnis.
2293 3271 2576 3327 Defuncto
2609 3275 2805 3328 autem
2839 3273 3212 3345 imperatore,
3238 3273 3518 3331 reductus
3546 3279 3636 3333 est
3664 3293 3701 3335 ι

2037 3360 2163 3431 jam
2195 3359 2353 3416 dicto
2374 3361 2598 3416 Bosone
2620 3360 2827 3417 abbate
2858 3362 2931 3417 ad
2965 3360 3328 3431 Lotharium,
3350 3367 3409 3421 et
3448 3363 3704 3425 obviavit

2045 3449 2096 3503 ei
2116 3449 2271 3520 apud
2295 3448 2712 3521 Ingelenhaim.
2734 3450 2841 3506 Ubi
2873 3455 3225 3523 congregata
3255 3452 3478 3524 synodo
3498 3457 3698 3510 aucto-

2047 3537 2215 3593 ritate
2245 3537 2567 3612 apostolica
2599 3544 2656 3595 et
2686 3539 3072 3612 praeceptione
3104 3538 3363 3596 Lotharii
3381 3539 3698 3613 imperato-

2047 3628 2150 3695 ris,
2180 3628 2335 3700 apud
2367 3643 2497 3683 eam
2528 3628 2835 3685 restitutus
2864 3633 2954 3684 est
2983 3629 3054 3685 ab
3085 3628 3178 3685 his
3220 3628 3532 3702 episcopis,
3555 3629 3698 3687 Dro-

2046 3733 2195 3789 gonc
2225 3716 2685 3790 episcopo,Hecti
2708 3716 3458 3792 archiepiscOpo,0thgario
3483 3716 3701 3777 archie-

2047 3805 2307 3878 piscopo,
2339 3804 2519 3860 David
2551 3805 3010 3877 archiepiscopo,
3042 3804 3375 3862 Amalwino
3412 3806 3698 3878 archiepi-

2045 3911 2241 3966 scopo,
2255 3894 2471 3965 Joscph
2503 3893 2957 3964 archiepiscopo,
2970 3892 3215 3947 Andaux
3238 3886 3696 3968 archiepiscopo,

2045 3982 2374 4054 Adalulpho
2422 3982 2714 4053 episcopo,
2747 3979 3005 4035 Erminio
3052 3980 3349 4053 episcopo,
3396 3981 3697 4041 Badarado

2047 4071 2341 4144 episcopo,
2370 4072 2645 4143 Aganone
2666 4069 2960 4141 episcopo,
2993 4068 3234 4125 Samuel
3263 4070 3558 4143 episcopo,
3592 4071 3704 4129 Ro-

2049 4160 2225 4233 dingo
2255 4159 2548 4232 episcopo,
2574 4158 2880 4214 Frothario
2911 4157 3206 4231 episcopo,
3236 4158 3562 4217 Gisleberto
3591 4160 3709 4233 epi-

2050 4266 2246 4322 scopo,
2260 4248 2458 4304 Adone
2478 4247 2773 4320 episcopo,
2787 4247 3132 4320 Hramperto
3162 4247 3456 4322 episcopo,
3473 4248 3710 4306 Ratulfo

2048 4342 2252 4396 vocato
2283 4337 2577 4411 episcopo,
2613 4336 2919 4392 Ilarcarrio
2950 4339 3151 4391 vocato
3183 4336 3478 4410 episcopo,
3507 4338 3712 4396 Amal-

2052 4426 2170 4484 rico
2193 4431 2394 4483 vocato
2424 4425 2718 4498 episcopo.
2765 4426 2989 4481 Bosone
3019 4425 3229 4481 abbate
3257 4441 3327 4481 ex
3357 4426 3713 4483 monasterio

2053 4516 2250 4574 Sancti
2269 4516 2382 4572 Ben
2391 4514 2585 4582 edicti,
2600 4530 2733 4569 cum
2753 4513 2885 4569 aliis
2902 4530 3079 4585 quam
3086 4512 3359 4586 pluribus
3376 4514 3713 4584 abbatibus,

2054 4604 2406 4679 presbyteris
2435 4607 2610 4675 atque
2640 4602 3006 4659 diaconibus.
3026 4602 3330 4659 Remissus
3351 4608 3442 4659 est
3462 4607 3661 4661 autem
3682 4621 3719 4667 a

2046 4697 2172 4767 jam
2205 4693 2359 4750 dicto
2391 4694 2740 4764 imperatore
2770 4689 3064 4759 Lothario,
3096 4706 3202 4747 seu
3233 4708 3268 4747 a
3307 4692 3548 4763 praefato
3582 4708 3717 4750 con'

2056 4783 2297 4853 cilio,ad
2315 4782 2513 4839 sedem
2544 4780 2863 4853 propriam,
2882 4780 3274 4837 Rhemensem
3294 4779 3521 4838 scilicet
3538 4780 3717 4839 eccle-

2056 4874 2228 4929 siam.
2261 4872 2346 4927 Ad
2376 4887 2554 4943 quam
2585 4868 2824 4926 veniens
2855 4886 2957 4925 vm
2998 4868 3137 4925 Idus
3172 4869 3531 4938 Decembris,
3558 4884 3714 4925 rece-

2058 4967 2195 5035 ptus
2243 4965 2329 5016 est
2379 4961 2451 5016 ab
2501 4960 2793 5031 episcopis
2843 4956 3230 5031 suifraganeis
3270 4958 3415 5026 suis,
3450 4956 3716 5015 Rothado

2057 5050 2351 5124 episcopo,
2368 5049 2640 5104 Simeone
2661 5048 2954 5120 episcopo,
2972 5047 3134 5120 Lupo
3158 5042 3715 5119 episcopo,Erpuino

2057 5140 2484 5213 episcopo,una
2516 5154 2650 5193 cum
2683 5136 2890 5211 legatis
2914 5137 3178 5192 omnium
3212 5133 3464 5190 aliorum
3498 5131 3720 5205 episco-

2057 5245 2266 5302 porum
2298 5226 2650 5284 Rhemensis
2680 5225 3013 5293 diceceseos,
3048 5224 3147 5295 qui
3178 5219 3359 5278 variis
3388 5221 3612 5279 detenti
3633 5222 3721 5282 in.

2058 5316 2436 5374 ﬁrmitatibus
2456 5316 2597 5373 illuc
2614 5314 2897 5387 corporali
2918 5310 3229 5386 praesentia
3260 5326 3570 5369 occurrere
3594 5327 3725 5375 non

286 5413 459 5467 testes
488 5413 548 5465 et
578 5407 975 5475 confessores,
997 5407 1258 5463 Aiulfum
1280 5406 1548 5463 videlicet
1567 5407 1949 5481 archiepisco-
1980 5415 2028 5480 D
2060 5407 2336 5475 valentes,
2354 5424 2524 5464 suam
2556 5412 2751 5462 tamen
2785 5422 2887 5475 per
2915 5399 3344 5458 ecclesiasticos
3393 5401 3620 5476 legatos
3666 5404 3725 5463 et

290 5515 447 5571 pum,
482 5501 541 5554 et
576 5495 983 5552 Bradaradum
1005 5496 1604 5568 episcOpum,necnon
1643 5501 1701 5552 et
1728 5498 1952 5553 Modoi-

2064 5496 2460 5555 excusatorias
2492 5494 2714 5549 litteras
2765 5491 2848 5547 illi
2891 5489 3287 5547 exhibuerunt
3326 5489 3722 5563 praesentiam.

293 5604 429 5643 num
461 5586 840 5659 episcopum,
874 5584 1148 5640 constitui
1181 5584 1321 5640 mihi
1348 5584 1580 5656 judices
1610 5585 1953 5642 delictorum
2066 5589 2311 5658 Insuper
2331 5586 2507 5641 etiam
2528 5600 2560 5637 a
2582 5580 2879 5637 canonicis
2903 5584 2960 5637 et
2981 5580 3309 5650 monachis,
3341 5583 3518 5653 atque
3533 5594 3726 5638 corre-

298 5692 583 5744 meorum,
600 5679 657 5731 et
678 5690 897 5747 puram
917 5672 1059 5745 ipsis
1080 5673 1504 5730 confessionem
1528 5675 1956 5747 dedi,quaerens
2065 5673 2398 5749 gionalibus
2429 5670 2639 5727 litteris
2660 5669 2839 5727 totius
2858 5671 3145 5740 dioecesis,
3165 5687 3301 5729 cum
3324 5669 3555 5728 inﬁnita
3574 5668 3727 5727 mul-
