4120 6184
1447 307 1782 372 EBBONIS
1825 303 2184 371 EPISGOPI
2227 305 2704 371 RHEMENSIS.

299 483 307 488 -
364 443 622 504 titudine
641 442 952 517 utriusque
973 433 1283 516 sexus,qui
1311 457 1514 498 omnes
1536 457 1672 497 cum
1695 440 1878 497 ramis
1906 439 2026 512 pal-
2049 439 2108 506 Α
2135 438 2596 496 Hirmint‘rednm
2616 440 3043 512 presbyterum,
3052 442 3254 512 postea
3265 453 3398 494 vero
3419 433 3784 494 Belvaccnsis

365 550 600 591 marum
628 537 687 591 et
714 533 900 590 cereis
928 532 1292 598 ardentibus,
1312 529 1636 602 laudesque
1655 529 1773 586 Deo
1793 529 2020 584 intimis

365 639 436 680 ex
463 621 739 680 cordibus
769 627 828 678 et
849 619 1263 678 excelsissimis
1293 619 1535 674 vocibus
1565 618 2019 690 proclamantes,

363 711 537 785 longe
567 711 618 768 ei
653 711 726 768 ab
757 708 1004 768 ecclesia
1051 708 1452 773 obviaverunt,
1485 710 1544 764 et
1581 723 1770 780 usque
1809 707 1880 762 ad
1929 722 2020 760 ec-

364 799 604 857 clesiam
636 798 1034 854 indesinenter
1063 795 1380 868 psallentes
1421 813 1555 852 eum
1603 797 2020 868 perduxerunt.

363 891 528 947 Tunc
548 888 808 944 oratione
827 884 1139 958 completa,
1159 883 1508 956 silentioque
1527 883 2026 957 imposito,ascen-

362 978 450 1034 dit
478 976 783 1036 Rothadus
833 974 1144 1048 episcopus
1193 973 1528 1041 umbonem,
1556 973 1778 1029 ducens
1823 988 2022 1028 secum

362 1067 741 1140 lngobertum
763 1063 1216 1131 monachum,et
1244 1063 1436 1134 primo
1460 1061 1750 1118 allocutus
1772 1065 1862 1116 est
1889 1077 2026 1133 gau-

361 1153 522 1211 denti
542 1152 710 1226 plcbe
730 1153 802 1208 de
831 1150 1206 1208 desiderabili
1239 1151 1565 1206 reversione
1585 1149 1804 1222 proprii
1827 1151 2020 1221 pasto-

363 1243 467 1313 ris,
499 1246 558 1300 et
587 1241 840 1316 qualiter
869 1239 1179 1296 restitutus
1209 1257 1245 1296 a
1275 1243 1478 1296 sancto
1531 1237 1796 1308 concilio,
1815 1255 1918 1294 seu
1949 1238 2024 1293 ab

365 1331 718 1405 imperatore
749 1329 1044 1397 Lothario,
1077 1328 1162 1386 eis
1187 1329 1620 1384 remittebatur.
1643 1328 1714 1382 Et
1735 1326 1919 1400 jussit
1939 1327 2026 1382 ln-

363 1421 672 1495 gobertum
684 1418 1042 1476 monachum
1054 1417 1176 1474 alta
1189 1435 1326 1474 voce
1349 1417 1537 1490 ipsam
1560 1417 1689 1489 ejus
1707 1415 1962 1472 restituti
1969 1431 2026 1470 o-

365 1525 500 1566 nem
531 1508 740 1584 legere.
765 1507 1062 1564 Dederuut
1080 1505 1258 1562 etiam
1279 1509 1566 1578 prasente
1587 1503 1746 1561 omni
1778 1503 2025 1561 ecclesia

363 1597 538 1672 legati
562 1598 968 1671 episcoporum
1011 1595 1419 1668 unusquisque
1449 1611 1759 1652 assensum
1793 1593 2021 1667 proprii

363 1689 457 1746 sui
479 1687 738 1761 episcopi
757 1689 821 1744 ut
844 1685 1032 1760 plebis
1068 1683 1504 1763 scriptumzqui
1533 1699 1736 1738 omnes
1767 1683 2022 1738 ecclesia:

365 1777 438 1834 ab
465 1777 774 1873 Ingpberto
805 1766 1357 1873 monacho'publice
1378 1772 1572 1873 reiecti
1600 1777 1758 1873 sunt.
1773 1771 1857 1872 A_d
1880 1771 2022 1872 ulti—
2051 1807 2100 1873 Β

366 1882 532 1922 mum
553 1864 712 1922 dedit
729 1865 928 1920 Iutaus
945 1862 1194 1936 (Vitaus)
1221 1862 1677 1935 chorepiscopus
1694 1864 1750 1918 et
1769 1859 2020 1917 vicarius

364 1954 704 2013 Theoderici
734 1953 992 2026 episcopi
1016 1968 1324 2009 assensum
1348 1951 1500 2006 infra
1519 1951 2018 2023 scriptum.Quem

363 2044 582 2101 idcirco
612 2043 708 2098 hic
738 2059 854 2115 prae
885 2040 1107 2097 caeteris
1135 2038 1811 2111 inseruimus,qnatinus
1852 2039 1910 2092 in
1955 2055 2020 2094 eo

366 2135 424 2190 et
469 2148 562 2188 res
603 2135 771 2204 gesta
797 2129 934 2185 licet
973 2127 1224 2184 breviter
1269 2127 1693 2200 comprehensa
1741 2125 2022 2198 liquidius

367 2219 640 2296 cognosci
671 2218 878 2292 possit,
911 2222 968 2274 et
997 2232 1322 2274 consensus
1353 2233 1556 2272 eorum
1581 2217 1680 2288 qui
1707 2217 2022 2288 praesentes

369 2311 576 2368 adesse
588 2325 706 2366 non
715 2305 1026 2364 valuerunt
1037 2305 1097 2360 in
1110 2303 1479 2362 restitutione
1493 2302 2021 2376 ejus,manii‘estius

369 2397 691 2470 intelligi.»
733 2395 886 2452 Dum
925 2410 1042 2450 non
1089 2393 1342 2454 habetur,
1384 2391 1769 2465 incognitum,
1802 2391 1957 2463 quod
1990 2407 2024 2445 a

369 2486 640 2560 pluribus
668 2485 900 2540 videtur
927 2499 1056 2540 esse
1084 2485 1471 2554 compertum,
1492 2479 1746 2552 qualiter
1766 2477 2025 2535 Ecclesia

371 2575 494 2634 hac
515 2574 772 2630 maxima
783 2571 1102 2629 Galliarum
1125 2571 1234 2628 sub
1255 2569 1538 2643 regimine
1562 2569 1918 2624 Francorum
1939 2567 2021 2623 di-

367 2663 552 2722 versis
583 2659 1124 2737 perturbationibus
1154 2675 1222 2716 ae
1250 2657 1560 2714 discordiis
1582 2657 1916 2730 principum
1934 2657 2020 2710 in-

370 2753 708 2828 dignatione
722 2749 976 2806 violenta
991 2748 1120 2804 istis
1137 2747 1501 2820 temporibus
1523 2747 1742 2820 agitata
1761 2750 2020 2802 vexatur.

369 2839 536 2899 Unde
579 2845 637 2898 et
687 2837 926 2912 plurimi
975 2836 1382 2910 episcopornm
1426 2853 1462 2891 a
1487 2834 1742 2908 propriis
1785 2834 2024 2891 sedibus

367 2929 614 3003 expulsi,
649 2931 752 2984 aut
779 2928 992 2982 timore
1019 2924 1312 2982 derelictis
1359 2923 1637 2998 gregibus
1687 2921 1931 2980 diversis
1963 2923 2024 2978 in

363 3017 632 3091 partibus
659 3015 1020 3072 cxsnlantur.
1053 3013 1212 3068 Inter
1239 3029 1386 3085 quos
1415 3011 1594 3068 etiam
1624 3011 1784 3068 Ebbo
1807 3009 2024 3067 archieL

365 3105 644 3180 piscopus
673 3102 1022 3160 Rhemensis
1043 3100 1300 3156 ecclesia)
1324 3104 1526 3172 raptus
1547 3118 1582 3155 a
1602 3099 1836 3172 propria
1857 3099 2016 3165 sede,

2132 527 2386 584 ecclesia:
2407 528 2770 601 episcopum.
2787 527 3038 585 Sinistra
3058 531 3254 584 autem
3285 543 3465 582 manu
3485 526 3784 583 sustinens

2130 633 2265 673 eum
2297 617 2533 674 Simeon
2558 615 3179 691 episcopus,similiter
3206 632 3325 672 sua:
3356 614 3541 688 partis
3573 615 3784 688 Erpui-

2132 723 2274 760 num
2303 705 2740 778 episcopum,et
2767 705 3003 761 Vitaum
3029 704 3320 777 (Jutaum)
3349 703 3786 760 Cameracensis

2131 794 2388 850 ecclesia
2419 793 2932 867 chorepiscopum.
2966 795 3038 849 Et
3066 794 3152 849 sic
3181 792 3254 848 ad
3285 795 3554 848 sanctum
3603 791 3786 848 altare

2131 899 2268 940 cum
2299 902 2366 940 co
2387 885 2788 956 procedentes,
2809 885 2880 940 ad
2897 883 3196 956 propriam
3225 884 3424 940 sedem
3445 899 3579 938 eum
3602 883 3784 938 dedu-

2131 977 2358 1039 xerunt,
2374 978 2550 1046 atque
2580 991 2717 1029 cum
2747 991 2814 1030 eo
2832 972 3028 1029 cuncti
3047 973 3342 1039 sedentes,
3355 972 3416 1027 in
3447 971 3606 1028 omni
3648 989 3784 1044 pon-

2131 1061 2332 1117 tificali
2362 1062 2555 1118 ofﬁcio
2576 1063 2706 1134 ipsa
2723 1061 2818 1118 die
2835 1063 2886 1117 ei
2915 1060 3516 1117 communicaverunt.
3533 1061 3788 1116 Fuerunt

2132 1155 2328 1207 autem
2361 1168 2463 1223 per
2492 1151 2734 1224 longum
2765 1151 3022 1223 spatium
3047 1151 3176 1221 ejus
3205 1149 3506 1206 cxsulatus
3534 1149 3787 1205 ordinati

2131 1240 2390 1314 episcopi
2421 1257 2487 1296 eo
2513 1239 2776 1309 absente,
2809 1238 3045 1314 Simegn
3075 1237 3410 1312 episcopus,
3429 1238 3630 1310 Lupus
3659 1237 3786 1310 cpi-

2132 1346 2366 1402 scopus,
2401 1329 2696 1402 Erpuinus
2722 1328 3064 1402 episcopus;
3097 1327 3252 1400 quod
3282 1327 3638 1382 omnimodis
3659 1344 3788 1382 san-

2131 1418 2415 1475 ctissimis
2445 1417 2794 1491 prohibetur
2814 1417 3160 1473 canonibus.
3193 1415 3302 1482 Qui
3328 1413 3619 1488 completa
3652 1431 3788 1472 cum

2132 1507 2293 1562 omni
2323 1507 2540 1582 gaudio
2571 1511 2628 1563 et
2657 1505 2860 1562 laetitia
2889 1505 3327 1562 consecratione
3347 1508 3407 1560 et
3421 1503 3792 1561 solemnitate

2131 1595 2402 1653 sacriﬁcii
2419 1599 2706 1668 praesente
2719 1594 2877 1651 omni
2895 1593 3155 1651 Ecclesia
3171 1591 3463 1667 deprecati
3473 1597 3617 1650 sunt
3630 1609 3789 1661 eum,

2133 1689 2198 1740 ut
2218 1684 2406 1757 ipsius
2422 1683 2774 1740 auctoritate
2799 1699 3003 1739 eorum
3025 1687 3386 1740 statueretur
3405 1698 3473 1738 ac
3493 1683 3792 1741 roborare-

2131 1778 2230 1830 tur
2258 1772 2690 1838 ordinatio.Qui
2714 1770 3140 1845 benignissime
3169 1787 3370 1828 eorum
3390 1787 3590 1844 preces
3619 1771 3793 1828 obau-

2129 1863 2298 1918 diens
2327 1861 2490 1918 dedit
2530 1861 2614 1918 eis
2663 1859 2896 1932 publice
2946 1877 3143 1917 coram
3195 1863 3569 1916 sacrosancto
3617 1860 3787 1917 altari

2130 1951 2379 2008 annulos
2406 1956 2464 2006 et
2480 1948 2721 2006 baculos
2745 1967 2862 2006 sua:
2886 1949 3252 2006 auctoritatis
3273 1948 3332 2004 in
3349 1949 3791 2006 confirmatione

2129 2057 2331 2098 eorum
2357 2037 2764 2107 ordinationis,
2797 2043 2855 2094 et
2904 2037 3196 2096 allocutus
3241 2043 3330 2094 est
3380 2039 3451 2094 de
3495 2037 3580 2095 eis
3628 2038 3789 2096 omni

2131 2128 2420 2195 Ecclesiae,
2454 2132 2522 2184 ut
2547 2128 2765 2184 scirent
2787 2125 3045 2183 universi
3070 2143 3132 2183 se
3163 2126 3222 2182 in
3245 2125 3550 2196 charitate,
3574 2142 3702 2200 qua
3723 2143 3792 2184 ex

2131 2217 2246 2274 Deo
2278 2221 2384 2285 est,
2401 2231 2604 2273 eorum
2637 2214 3004 2272 ordinatione
3043 2215 3394 2285 consentire,
3412 2219 3590 2289 atque
3649 2216 3788 2272 sub-

2131 2307 2362 2364 sistere.

2203 2395 2408 2452 Postea
2428 2411 2562 2451 vero
2585 2395 2880 2468 accipiens
2901 2393 3190 2451 auxilium
3210 2399 3269 2451 et
3288 2393 3639 2468 legationem
3663 2394 3791 2467 jam

2132 2501 2283 2557 smpe
2313 2484 2415 2540 fati
2450 2483 2708 2540 Lotharii
2743 2483 3220 2556 imperatoris,ad
3250 2483 3460 2540 limina
3485 2484 3790 2540 beatorum

2134 2573 2386 2646 perrexit
2407 2573 2825 2646 apostolorum,
2856 2590 2973 2628 non
3003 2572 3148 2628 satis
3178 2571 3404 2628 habens
3433 2571 3495 2628 in
3544 2571 3790 2628 restitn-

2132 2661 2289 2718 tione
2311 2679 2420 2719 sua
2435 2663 2562 2718 sine
2579 2661 2910 2735 apostolicae
2934 2660 3092 2718 sedis
3111 2661 3476 2731 auctoritate,
3491 2677 3783 2718 consensu

2133 2755 2432 2806 tantorum
2463 2751 2896 2824 episcOporum,
2931 2754 2988 2806 et
3017 2749 3268 2805 aliorum
3289 2749 3578 2806 bonorum
3601 2749 3786 2806 homi-

2134 2857 2298 2895 num.
2333 2839 2438 2895 Ubi
2491 2856 2525 2895 a
2574 2838 2842 2912 piissimo
2889 2856 2957 2894 ac
3007 2837 3254 2910 spiritali
3303 2841 3468 2910 patre
3495 2838 3788 2911 Gregorio,

2133 2929 2350 2984 domno
2361 2927 2631 2983 videlicet
2641 2927 2885 3000 apostoli
2893 2925 3410 3000 co,benignissime
3426 2930 3516 2986 est
3525 2933 3792 3000 receptus

2132 3022 2192 3074 et
2206 3017 2525 3089 apostolica
2545 3017 2890 3072 auctoritate
2912 3015 3252 3088 plenissime
3284 3014 3792 3085 restitutus,sicuti

2137 3121 2316 3178 penes
2346 3123 2454 3162 nos
2501 3105 2812 3164 habemus.
2845 3105 3214 3160 Postremum
3263 3103 3514 3176 denique
3559 3105 3794 3162 functos

366 3171 702 3266 principum
733 3190 1138 3263 indignatione
1165 3171 1422 3244 violenta
1450 3188 1510 3243 in
1559 3171 1762 3244 cnsilio
1811 3189 2024 3243 ductus
2053 3171 2098 3239 C
2137 3171 2377 3266 paciﬁce
2407 3193 2540 3266 plus
2572 3211 2751 3266 quam
2782 3192 3018 3250 biennio
3053 3192 3330 3249 omnibus
3361 3171 3793 3266 episcopalibus

366 3285 478 3340 est.
511 3281 675 3339 Unde
703 3283 762 3336 et
791 3280 1069 3336 reductus
1119 3277 1231 3334 sub
1278 3277 1566 3342 custodia,
1601 3280 1665 3332 ut
1694 3275 2047 3350 periculumi

368 3369 689 3427 imminens
719 3369 1078 3436 evaderet,et
1109 3368 1336 3422 furores
1358 3364 1834 3439 persequentium
1863 3363 2020 3421 miti-

367 3457 552 3533 garet,
587 3457 928 3514 redimendo
959 3461 1194 3528 tempus
1217 3459 1282 3510 ut
1313 3453 1539 3510 meliori
1569 3470 1632 3510 se
1662 3455 1910 3526 tempori
1936 3473 2020 3512 re-

367 3551 646 3614 servaret,
671 3563 805 3602 cum
837 3561 1128 3601 consensu
1155 3543 1564 3616 episcoporum
1586 3542 1905 3614 pontificali
1927 3561 2022 3600 se-

367 3636 547 3694 cessit
575 3653 610 3692 a
635 3632 988 3701 ministerio,
1015 3633 1156 3689 dum
1181 3632 1334 3688 inter
1353 3635 1604 3688 terrores
1622 3636 1678 3687 et
1699 3631 2022 3688 discordias

367 3723 517 3782 ratio
547 3741 664 3780 non
685 3722 826 3780 sinit
846 3721 1154 3778 immolare
1167 3721 1459 3788 victimas,
1485 3719 1712 3776 dicente
1733 3719 1980 3778 Domino
2007 3739 2019 3776 :

363 3813 428 3872 Si
479 3814 640 3887 oﬂ'ers
693 3829 896 3868 manus
945 3819 1100 3868 tuum
1146 3810 1218 3866 ad
1261 3812 1453 3876 altare,
1485 3819 1539 3866 et
1585 3811 1666 3865 ibi
1713 3811 2022 3867 recordatus

361 3905 538 3976 fueris
567 3905 700 3976 quia
727 3903 903 3974 frater
948 3909 1074 3956 tuus
1132 3900 1292 3956 habet
1345 3898 1562 3971 aliquid
1606 3898 1897 3954 adversum
1951 3909 2017 3967 te,

362 3993 614 4062 relinque
644 3991 724 4045 ibi
749 4005 953 4045 manus
984 3997 1160 4052 tuum,
1192 3991 1251 4044 et
1279 3991 1506 4054 caetera,
1542 3986 1857 4059 Postquam
1887 4005 2020 4044 vero

365 4077 522 4136 Deus
551 4076 822 4134 Ecclesia:
865 4093 984 4132 suae
1015 4074 1422 4146 tranquilliora
1450 4079 1716 4148 tempora
1746 4075 2019 4148 reddidit,

363 4166 586 4240 placuit
601 4163 968 4238 principibus
981 4171 1037 4220 et
1053 4163 1496 4237 magistratibus
1515 4163 2021 4232 ecclesiasticis,ut

361 4253 552 4312 isdem
575 4257 776 4327 pastor
793 4253 867 4309 ad
899 4252 1163 4310 debitum
1204 4251 1352 4308 ovile
1387 4255 1786 4322 reverteretur,
1801 4257 1858 4308 et
1885 4271 2019 4311 oves

362 4360 536 4418 quas,
553 4341 897 4416 compulsus
919 4341 1254 4414 reliquerat,
1268 4341 1518 4396 tuendas
1539 4340 1692 4396 idem
1716 4342 2014 4414 reciperet.

361 4431 589 4500 Quibus
618 4435 676 4488 et
702 4429 1117 4487 ecclesiasticis
1145 4427 1360 4485 debitis
1390 4427 1662 4502 negotiis,
1690 4445 1796 4502 ego
1831 4430 2018 4488 Theo-

2133 3283 2364 3352 ol‘ticiis,
2381 3283 2607 3339 vocavit
2633 3300 2742 3340 nos
2755 3283 2880 3354 jam
2907 3299 3057 3355 szepe
3077 3282 3197 3338 fata
3221 3285 3410 3338 mater
3440 3281 3791 3338 Rhemensis

2133 3371 2414 3428 eccclesia
2445 3372 2514 3427 ad
2567 3372 2788 3444 gradus
2835 3369 3286 3439 ecclesiasticos,
3319 3371 3390 3426 ad
3441 3387 3609 3443 quos,
3632 3371 3790 3428 Deus

2133 3460 2314 3528 novit,
2349 3478 2463 3516 non
2498 3459 2831 3532 importune
2864 3477 2970 3516 nos
3019 3459 3338 3532 gessimus,
3371 3461 3475 3516 sed
3505 3458 3792 3517 electione

2133 3549 2540 3606 ministrorum
2573 3548 2861 3615 Ecclesize,
2897 3548 3432 3621 magistrorumque
3454 3552 3788 3606 nostrorum

2133 3637 2755 3706 acclamatione,etiam
2789 3640 2964 3708 atque
2995 3635 3287 3692 oblatione
3316 3635 3497 3693 totius
3515 3636 3788 3694 Ecclesia;

2133 3725 2308 3782 delati
2355 3742 2583 3782 sumus.
2619 3725 2756 3783 Post
2801 3725 2922 3780 haec
2971 3742 3104 3781 vero
3150 3723 3476 3780 dividentes
3524 3723 3678 3780 inter
3722 3743 3788 3784 se

2132 3829 2311 3888 regna
2339 3820 2602 3886 paterna,
2635 3813 2950 3870 Lotharius
2983 3813 3301 3886 imperator
3321 3830 3388 3870 ac
3418 3813 3673 3870 domnus
3692 3831 3789 3872 no-

2129 3907 2250 3958 ster
2279 3902 2517 3958 Carolus
2547 3903 3010 3976 gloriosissimus
3050 3902 3420 3971 rex,devenit
3457 3901 3585 3974 jam
3635 3919 3787 3976 saepe

2131 3991 2286 4046 dicta
2317 3995 2502 4046 mater
2531 3994 2732 4046 nostra
2753 3989 3100 4046 Rhemensis
3129 3989 3373 4046 ecclesia
3401 3990 3462 4044 in
3485 3993 3708 4062 partem
3728 3995 3789 4047 et

2131 4079 2410 4134 ditionem
2423 4077 2834 4152 gloriosissimi
2849 4078 3004 4151 regis
3019 4077 3372 4148 Caroli,cum
3395 4095 3508 4150 quo
3525 4082 3651 4134 erat
3660 4095 3788 4150 gra-

2129 4168 2400 4224 tissimus
2429 4185 2494 4222 ac
2525 4166 2976 4240 potentissimus
3012 4166 3228 4222 Fulcho
3261 4167 3462 4235 abbas,
3477 4165 3782 4238 quiipsam

2127 4257 2432 4314 ecclesiam
2455 4255 2657 4312 domni
2680 4255 2956 4311 Ludovici
2970 4254 3340 4328 imperatoris
3361 4258 3533 4310 antea
3549 4255 3782 4328 presby-

2127 4350 2216 4401 ter
2244 4345 2596 4412 obtinuerat,
2627 4347 2685 4400 et
2727 4343 2918 4416 gratia
2965 4343 3231 4414 ejusdem
3281 4341 3458 4414 regis,
3486 4358 3623 4398 cum
3666 4359 3783 4414 quo

2125 4437 2270 4500 erat,
2295 4433 2506 4488 iterum
2539 4432 2784 4504 adeptus
2815 4436 2905 4488 est
2933 4431 3280 4502 eam.Cujus
3296 4429 3583 4501 impetum
3605 4433 3784 4503 atque

359 4520 594 4578 dericus
609 4519 1047 4577 Cameracensis
1065 4517 1375 4591 episcopus
1391 4532 1702 4574 assensum
1719 4519 2017 4577 canonicis
2045 4536 2096 4602 D
2129 4520 2383 4576 furorem
2417 4522 2685 4575 metuens
2708 4519 2838 4591 jam
2868 4534 3020 4590 saepe
3044 4515 3236 4572 dictus
3263 4515 3423 4572 Ebbo
3443 4513 3783 4589 episcopus,

357 4607 814 4686 prabens,sicut
841 4607 1006 4680 prius
1036 4609 1108 4663 de
1137 4605 1298 4663 illius
1321 4606 1584 4663 discessu
1603 4607 2011 4680 compatiendo

361 4696 544 4766 dolui,
565 4697 647 4752 ita
693 4697 868 4752 modo
915 4697 986 4753 de
1033 4696 1222 4768 ipsius
1259 4695 1587 4752 reversione
1615 4699 2009 4770 congaudens,

359 4784 812 4842 constitutiones
839 4784 948 4840 has
967 4784 1265 4841 seniorum
1294 4783 1384 4840 vel
1414 4784 1662 4841 fratrum
1684 4785 2011 4844 roborando

357 4873 688 4948 subscripsi
721 4890 736 4930 :
768 4874 908 4946 quia
937 4873 1079 4929 talia
1107 4891 1258 4946 saepe
1305 4873 1620 4948 contigisse
1664 4879 1723 4932 et
1769 4875 1829 4930 in
1881 4877 2012 4934 aliis

359 4963 542 5038 gestis
567 4962 983 5020 ecclesiasticis
1011 4961 1146 5036 legi.
1185 4986 1206 5011 ι»
1243 4963 1344 5018 His
1372 4963 1457 5018 ita
1485 4965 1758 5036 peractis,
1797 4965 2008 5022 iterum

361 5052 740 5108 reboantibus
761 5050 968 5124 signis,
991 5055 1048 5108 et
1075 5051 1422 5108 vociferante
1446 5053 1606 5108 omni
1644 5054 1918 5124 Ecclesia,
1947 5059 2012 5112 Te

359 5138 532 5196 Deum
560 5139 871 5207 laudamus,
905 5139 1120 5194 ductus
1149 5141 1240 5195 est
1261 5139 1389 5210 jam
1427 5156 1581 5212 saepe
1627 5141 1820 5198 dictus
1852 5143 2012 5199 Ebbo

359 5225 672 5300 episcopus
695 5227 757 5283 in
785 5226 1151 5294 vestiarium,
1182 5231 1240 5284 et
1287 5227 1530 5284 indutus
1579 5229 2012 5304 episcopalibus

357 5313 743 5384 vestimentis,
757 5313 1029 5372 similiter
1047 5316 1224 5374 etiam
1245 5315 1343 5372 alii
1360 5317 1702 5390 episcOpi,et
1720 5335 2013 5390 processe-

361 5406 502 5459 runt
520 5418 655 5457 cum
676 5419 744 5458 eo
759 5403 833 5458 ad
854 5403 1301 5460 celebrationem
1323 5404 1688 5461 Missae.Nam
1707 5407 2010 5462 Rotbadus

359 5489 884 5563 episcopusdextra
905 5507 1083 5548 manu
1114 5509 1248 5550 eum
1279 5493 1862 5558 sustentans,habuit
1890 5512 2007 5550 suae

359 5577 544 5651 partis
573 5579 804 5652 Lupum
826 5579 1270 5638 Catalaunensis
1293 5579 1549 5637 ecclesiae
1570 5580 1932 5652 episcopum,
1952 5589 2008 5638 et

2127 4607 2344 4681 quippe
2365 4607 2464 4680 qui
2489 4607 2709 4664 nedum
2731 4623 2867 4662 cum
2889 4607 3092 4662 eodem
3115 4621 3249 4680 rege
3265 4601 3608 4678 pacificatus
3635 4610 3782 4675 erat,
3893 4603 3902 4610 ’

2123 4713 2259 4752 cum
2283 4695 2576 4764 Lothario,
2601 4695 2703 4768 qui
2735 4695 3009 4768 primitus
3039 4695 3384 4759 adhaeserat,
3401 4693 3778 4762 remanendo,

2121 4785 2382 4854 secessit,
2401 4788 2613 4839 etcum
2645 4800 2712 4840 eo
2743 4789 3007 4840 moratus
3036 4783 3252 4839 timens
3274 4781 3414 4854 quia
3443 4779 3778 4838 nullatenus

2121 4891 2290 4930 suam
2315 4872 2559 4946 adipisci
2593 4875 2791 4945 posset
2812 4872 3054 4944 paciﬁce
3083 4868 3640 4944 sedem,apostolica
3669 4887 3778 4926 au-

2119 4961 2388 5019 ctoritate
2417 4966 2476 5017 et
2501 4978 2794 5017 consensu
2826 4959 3426 5034 episcoporum,dono
3459 4959 3636 5015 etiam
3662 4959 3778 5016 Lu-

2119 5051 2308 5107 dovici
2339 5051 2492 5122 regis
2522 5049 2846 5106 Germaniae
2863 5050 3112 5122 adeptus
3127 5054 3218 5105 est
3245 5065 3351 5121 pro
3369 5053 3631 5121 tempore
3653 5048 3778 5122 ipse

2121 5156 2336 5196 vacans
2354 5135 2657 5194 vacantem
2680 5138 2878 5194 sedem
2902 5135 3610 5209 Hiltinesheim,aspirans
3631 5153 3778 5194 scm-

2121 5246 2225 5302 per
2253 5229 2327 5284 ad
2356 5225 2650 5300 propriam
2677 5225 2894 5282 sedem.
2929 5227 3116 5293 Quam
3159 5223 3456 5296 siquidem
3495 5241 3530 5281 a
3558 5225 3776 5282 domno

2119 5317 2322 5374 Carolo
2353 5331 2505 5388 rege,
2525 5313 2662 5370 licet
2679 5312 2874 5369 valida
2893 5313 3112 5385 pedum
3129 5312 3473 5370 infirmitate
3501 5330 3778 5387 gravare-

2121 5411 2238 5473 tur,
2258 5404 2535 5476 repetisse
2584 5401 2903 5457 multorum
2948 5401 3288 5459 testimonio
3337 5402 3772 5476 comprobatur.

2119 5493 2282 5550 Unde
2311 5490 2656 5547 necessitate
2685 5491 3048 5563 compulsus,
3083 5492 3154 5548 ad
3189 5491 3524 5564 praedictam
3571 5491 3773 5548 sedem

2117 5579 2526 5640 Hiltinesheim
2584 5583 2898 5650 revertens,
2957 5582 3284 5640 secundum
3341 5579 3771 5637 restitutionem
