4120 6184
353 323 432 386 21
1862 324 2292 399 ΡΟΕΜΔΤΙΑ.

3697 343 3779 413 32

355 460 690 533 apostolica!
721 460 878 518 sedis
910 458 1224 536 episcopali
1250 460 1440 519 officio
1471 463 1708 521 functus
1742 480 1929 537 usque
1960 465 2019 520 in
2048 463 2106 531 Α
2136 467 2258 522 nire
2308 470 2543 525 meruit.
2588 467 2708 528 Illis
2758 476 2953 530 autem
2997 470 3077 532 ita
3131 474 3645 550 contendentibus,
3674 496 3781 539 nos

356 551 538 607 ﬁnem
570 551 698 607 vitae
748 550 1200 609 immutabiliter
1246 553 1428 609 fuisse
1479 554 1865 610 convincitur.
1911 554 2019 610 Ubi

354 641 511 696 inter
540 644 746 696 caetera
778 640 969 696 multa
999 642 1170 708 bona,
1201 643 1463 698 diversas
1484 643 1661 698 etiam
1696 643 1831 699 fecit
1867 644 2019 698 ordi-

354 730 645 797 nationes,
662 747 788 802 quze
808 730 1032 803 absque
1053 729 1173 786 ulla
1189 748 1451 803 unquam
1476 732 1925 803 reprehensione
1948 732 2020 788 ab

350 819 634 876 omnibus
665 820 780 876 Deo
807 820 1162 875 amabilibus
1190 822 1515 891 gaudenter
1552 821 1980 894 amplexantur.

425 910 657 964 Interea
684 925 817 963 vero
850 910 1258 981 unusquisque
1290 916 1559 967 nostrum
1586 911 1644 965 in
1674 927 1780 966 suo
1813 911 2019 968 ordine

350 998 595 1071 paeitice
619 998 999 1065 ministravit,
1019 1002 1191 1070 atque
1212 1015 1345 1054 cum
1367 1000 1642 1056 omnibus
1659 1000 1729 1055 ad
1748 1002 2015 1056 eamdem

351 1090 604 1142 matrem
672 1086 993 1143 Ecclesium
1046 1087 1509 1155 conﬂuentibus,
1556 1094 1672 1144 tam
1724 1090 2014 1162 episcopis

348 1192 529 1248 quam
552 1177 731 1231 etiam
766 1178 1021 1248 regibus,
1049 1181 1223 1249 atque
1242 1176 1468 1232 cunctis
1482 1179 1839 1249 potentibus,
1863 1195 2014 1234 com-

352 1265 709 1320 municavit:
732 1266 913 1321 donec
932 1268 1056 1337 jam
1080 1267 1454 1338 supradictus
1476 1266 1718 1323 Carolus
1742 1284 1838 1322 rex
1861 1286 2013 1324 eam-

345 1354 482 1409 dem
508 1353 817 1409 ecclesiam
848 1355 1020 1427 longo
1061 1361 1195 1428 post
1235 1360 1494 1428 tempore
1538 1358 1848 1412 reverendo
1888 1358 2009 1413 viro

343 1443 665 1499 Hincmaro
704 1443 1149 1516 gubernandum
1185 1444 1500 1499 commisit.
1526 1444 1630 1510 Qui
1660 1446 1860 1500 statim
1876 1452 2009 1518 post

341 1533 777 1588 ordinationem
797 1549 965 1587 suam
990 1532 1159 1587 nobis
1181 1532 1430 1589 infestus
1451 1534 1785 1589 ministrare
1808 1533 2004 1606 prohi-

341 1622 615 1679 buit.Cui
637 1639 773 1678 cum
794 1621 1100 1677 humiliter
1121 1622 1353 1695 culpam
1377 1627 1637 1679 nostram
1658 1623 2004 1694 abjectionis

338 1711 658 1785 quaerendo
672 1711 1454 1784 interrogasscmus,nullam
1480 1710 1649 1767 nobis
1661 1711 2003 1784 culpam'ob.

2132 572 2363 629 semper
2393 558 2696 616 humiliter
2738 567 2796 616 et
2840 565 3077 634 paeiﬁce
3127 571 3390 623 nostram
3439 569 3782 627 sustinendo

2133 645 2491 716 portavimus
2522 649 2975 720 ignominiosam
3008 654 3414 725 dejectionem.

2203 734 2483 791 Defuncto
2503 742 2695 793 autem
2712 741 2836 809 jam
2852 740 3004 796 dicto
3020 743 3352 801 ordinatore
3366 752 3562 803 nostro
3582 762 3783 806 mense

2132 823 2572 890 Martio,statim
2608 828 2862 884 obtinuit
2892 831 3169 888 dominus
3200 838 3397 890 noster
3427 836 3778 895 Hincmarus

2130 914 2283 984 apud
2317 913 2583 969 Carolum
2606 932 2821 987 regem,
2838 922 2899 972 ut
2925 927 3267 977 convocaret
3289 926 3577 995 synodum
3609 927 3778 984 Sues-

2128 1001 2309 1057 sionis
2340 1003 2493 1074 apud
2527 1006 2945 1061 monasterium
2979 1009 3175 1064 Sancti
3209 1011 3487 1081 Medardi,
3512 1019 3571 1070 et
3592 1015 3775 1086 jussit

2127 1107 2232 1145 nos
2264 1091 2382 1146 fere
2416 1095 2554 1147 tunc
2576 1093 2855 1163 temporis
2886 1098 3328 1166 quatuordecim
3350 1118 3593 1158 numero
3614 1119 3771 1174 pres-

2124 1179 2355 1250 byteros
2384 1185 2440 1235 et
2471 1181 2746 1237 diaconos
2780 1183 2916 1239 illuc
2946 1186 3047 1251 ire,
3078 1188 3423 1257 promittens
3455 1207 3517 1245 se
3548 1192 3618 1245 de
3663 1209 3766 1248 no-

2122 1265 2211 1321 bis
2242 1267 2695 1325 misericorditer
2742 1276 3145 1328 tractaturum.
3181 1275 3288 1340 Qui
3335 1281 3669 1346 renuentes,
3708 1284 3766 1335 et

2122 1355 2426 1411 humiliter
2457 1359 2852 1430 deprecantes,
2871 1378 2940 1416 ne
2965 1379 3070 1418 nos
3100 1363 3238 1419 illuc
3262 1365 3329 1419 ad
3357 1366 3638 1436 majorem
3671 1385 3767 1424 no-

2119 1447 2301 1500 stram
2334 1447 2735 1504 confusionem
2770 1450 2848 1504 ire
2882 1452 3091 1507 faceret
3125 1459 3179 1508 et
3207 1453 3610 1525 dejectionem,
3648 1473 3762 1513 non

2117 1534 2357 1601 audivit,
2384 1538 2486 1591 sed
2518 1538 2713 1609 potius
2761 1527 3063 1612 magistris
3101 1542 3317 1597 nostris
3370 1544 3659 1617 praecepit,
3700 1549 3765 1602 ut

2114 1623 2469 1681 omnimodis
2492 1643 2597 1681 nos
2619 1627 2756 1682 illuc
2778 1628 2859 1683 ire
2886 1630 3142 1685 facerent
3176 1646 3187 1684 :
3224 1632 3376 1701 quod
3402 1636 3457 1688 et
3479 1633 3757 1691 fecerunt.

2111 1711 2421 1770 Venientes
2447 1720 2644 1770 autem
2666 1715 2822 1783 illuc,
2842 1718 3113 1789 praecepit
3146 1719 3313 1775 nobis
3337 1721 3473 1776 dare
3495 1721 3759 1779 libellum

329 1805 516 1879 jicere
534 1802 847 1869 voluit,sed
862 1800 1831 1873 tamenapropriisofficiiscessare
1859 1820 2001 1874 prae"
2028 1833 2080 1903 Β
2109 1801 2580 1872 proclamationis
2615 1822 2627 1858 ε
2664 1806 2815 1875 quod
2853 1806 3095 1861 minime
3125 1808 3485 1877 volebamus,
3507 1811 3758 1869 scientes

339 1887 628 1967 cepit.Qui
643 1896 838 1947 autem
854 1890 926 1945 ab
939 1888 1184 1945 ecclesia
1204 1888 1517 1946 Rhemensi
1550 1906 1617 1946 ex
1647 1891 1815 1947 nobis
1840 1909 1993 1949 rece-

336 1986 479 2041 dere
506 1999 610 2056 pro
630 1982 741 2037 hac
765 1980 969 2036 eadem
1001 1978 1408 2035 interdictione
1422 1979 1755 2049 noluerunt,
1772 1982 1993 2054 absque

334 2074 460 2131 ulla
496 2069 957 2129 contradictione
990 2070 1194 2140 postea
1223 2084 1454 2140 semper
1486 2069 1986 2127 ministraverunt.

332 2163 501 2220 Unde
523 2163 745 2234 quanta
753 2158 953 2231 jurgia
973 2162 1029 2213 et
1043 2158 1446 2213 contentiones
1462 2157 1615 2213 inter
1630 2176 1763 2215 eum
1787 2165 1843 2216 et
1864 2179 1992 2218 nos-

330 2256 496 2308 trum
529 2248 923 2306 ordlnatorem
947 2247 1073 2317 jam
1105 2244 1430 2318 sepissime
1447 2246 1669 2303 dictum
1690 2249 1988 2306 Ebbonem

328 2337 942 2411 exstiterint,longum
964 2340 1054 2392 est
1072 2334 1284 2391 litteris
1314 2336 1824 2408 comprehendere,
1849 2340 1989 2411 quia

328 2431 494 2505 quod
507 2427 824 2501 expetierat
835 2425 1113 2497 consequi
1134 2423 1851 2497 nequivit.0btinuitenim
1866 2433 1988 2500 tan-

327 2521 468 2575 dem
490 2518 647 2590 apud
668 2516 1003 2589 piissimum
1019 2514 1270 2569 Leonem
1286 2516 1989 2589 papam,utdareteijudi-

327 2626 429 2665 ces
452 2625 573 2665 sua:
595 2603 1036 2670 vicissitudinis,
1062 2603 1389 2675 Drogonem
1420 2603 1780 2676 episcopum,
1805 2606 1983 2679 Otga-

326 2697 488 2754 rium
513 2691 1206 2767 archiepiscopum,Hecti
1225 2690 1817 2765 archiepiscopum,ct
1833 2696 1987 2751 Gun-

323 2785 577 2842 baldum
616 2781 1140 2854 archiepiscopum.
1160 2780 1323 2836 Unde
1346 2783 1404 2835 et
1439 2780 1651 2837 litteris
1675 2783 1799 2854 jam
1829 2784 1983 2841 dicto

323 2876 645 2932 Hincmaro
674 2871 916 2927 mittens
947 2869 1311 2941 praecepit,ut
1339 2870 1423 2924 eis
1452 2886 1621 2926 suam
1635 2871 1985 2929 vicissitudi-

322 2980 461 3019 nem
492 2962 851 3018 habentibus
882 2960 951 3015 ad
984 2975 1191 3013 causas
1224 2958 1549 3015 reddendas
1580 2962 1978 3018 contraEbbo-

323 3070 459 3108 nem
478 3069 542 3107 se
563 3050 827 3106 Treveris
848 3052 1240 3120 praesentaret.
1257 3049 1417 3113 Quod
1438 3048 1980 3115 minime,variisin-

322 3140 787 3197 tervenientibus
827 3138 1256 3205 occasionibus,
1281 3138 1351 3193 ad
1394 3137 1664 3193 effectum
1697 3142 1974 3210 pervenit.

2099 1892 2226 1961 jam
2251 1908 2320 1945 ex
2350 1896 2532 1963 parte,
2568 1892 2720 1947 sicut
2757 1899 2814 1948 et
2844 1898 3044 1965 postea
3073 1896 3442 1953 manifestius
3493 1900 3755 1971 cognovi-

2104 1980 2416 2052 mus,quid
2438 1982 2507 2035 de
2540 1980 2708 2037 nobis
2726 1983 3104 2038 tractabatur.
3124 1985 3341 2040 Tamen
3378 1986 3516 2042 licet
3544 1988 3751 2061 coacti,

2104 2068 2375 2125 dedimus
2406 2069 2867 2143 caeteri,excepto
2912 2074 3185 2145 uno,qui,
3207 2074 3549 2147 priusquam
3589 2077 3749 2134 Ebbo

2102 2148 2742 2226 removeretur,1itteris
2774 2160 3071 2217 canonicis
3102 2162 3353 2219 traditus
3383 2166 3471 2218 est
3504 2164 3748 2222 Liutado

2098 2246 2493 2302 Vincentiensi
2525 2247 2816 2319 episcopo,
2851 2253 2909 2303 et
2940 2254 3140 2320 postea
3187 2250 3420 2307 licentia
3459 2256 3517 2308 et
3545 2253 3747 2326 depre-

2099 2337 2323 2391 catione
2354 2335 2542 2408 ipsius
2576 2336 2882 2391 nobiscum
2915 2339 3239 2395 ordinatus.
3278 2341 3405 2413 Ipse
3433 2341 3590 2397 enim
3621 2349 3747 2401 erat

2097 2440 2231 2479 cum
2266 2424 2466 2480 Carolo
2502 2429 2736 2497 rege,-et
2767 2426 3102 2482 nullatenus
3133 2429 3203 2483 ad
3231 2430 3522 2502 synodum
3547 2433 3742 2489 venit:

2098 2512 2310 2585 quippe
2343 2513 2516 2584 cujus
2540 2514 2812 2585 proprius
2841 2515 3149 2587 episcopus
3180 2516 3260 2571 ibi
3291 2534 3406 2573 non
3455 2523 3599 2575 erat.
3633 2520 3746 2577 Sed

2096 2619 2200 2657 nec
2222 2601 2553 2674 ipse,sicuti
2573 2607 2630 2657 et
2649 2619 2774 2667 nos,
2796 2605 2866 2657 ad
2901 2606 3188 2676 synodum
3216 2608 3491 2663 canonice
3506 2612 3744 2667 vocatus

2094 2692 2423 2746 advenerat.
2446 2690 2696 2762 Ideoque
2727 2708 2903 2747 suum
2931 2709 3142 2748 nomen
3166 2694 3305 2750 illuc
3319 2696 3606 2769 scriptum
3626 2716 3742 2755 non

2093 2780 2274 2860 misit,
2310 2779 2443 2834 licet
2472 2780 2701 2835 dicatur
2733 2780 3039 2852 scripsisse
3073 2783 3129 2836 in
3161 2782 3357 2839 libello
3389 2803 3423 2840 a
3454 2785 3623 2843 nobis
3652 2804 3743 2842 vo-

2093 2868 2232 2923 lenti
2269 2868 2652 2940 praeceptione
2684 2870 3109 2941 subscripto,ct
3139 2889 3241 2942 per
3268 2872 3661 2945 Sigloardnm,
3684 2879 3742 2932 et

2094 2958 2430 3023 Lcutonem,
2448 2961 2623 3027 atque
2644 2958 2977 3023 Isaac,illuc
2999 2960 3398 3016 transmisisse
3422 2980 3434 3015 :
3461 2964 3613 3033 quod
3638 2963 3741 3018 mi-

2091 3047 2248 3100 nime
2281 3046 2432 3100 fecit.
2486 3045 2628 3100 Dato
2671 3050 2862 3101 autem
2919 3046 3131 3112 libello,
3167 3064 3414 3119 surgens
3463 3051 3737 3107 dominus

2092 3139 2286 3190 noster
2310 3133 2655 3189 llincmarus
2678 3135 3151 3207 archiepiscopus
3169 3136 3341 3209 elegit
3355 3139 3465 3193 sibi
3482 3140 3737 3211 judices,

323 3232 446 3287 Ista
466 3247 596 3302 quae
616 3228 1026 3283 interhzecduo
1050 3227 1218 3297 signa
1234 3199 1976 3298 habentur,abipsomona-
2009 3199 2054 3268 ο
2093 3222 2453 3280 Wenilonem
2477 3199 3003 3295 archiepiscopum.
3036 3199 3395 3282 Amalricum
3419 3199 3739 3303 archiepis;

322 3319 506 3375 choet
523 3318 598 3373 ab
621 3317 715 3372 his
734 3318 834 3389 qui
856 3316 1247 3371 interfuerunt
1266 3315 1632 3371 audivimus:
1660 3333 1764 3373 nos
1783 3323 1976 3374 tamen

321 3407 439 3480 ipsi
456 3424 575 3462 non
587 3406 904 3461 vidimus.«
921 3404 1206 3461 Similiter
1224 3403 1401 3459 etiam
1425 3408 1489 3459 ut
1510 3406 1869 3471 fertur,sicut
1883 3425 1979 3463 au-

321 3497 582 3553 divimus
615 3495 848 3567 quando
879 3493 1121 3565 pallium
1154 3493 1226 3548 ab
1274 3492 1594 3565 apostolica
1635 3497 1977 3554 auctoritate

318 3586 510 3641 isdem
525 3584 591 3639 Hi
603 3599 878 3639 ncmarus
894 3581 1081 3655 petiit,
1096 3599 1209 3637 non
1242 3586 1417 3637 antea
1437 3582 1750 3654 impetrare
1765 3586 1974 3657 potuit,

318 3691 501 3747 quam
532 3673 607 3729 ab
638 3672 991 3727 Ermenardo
1021 3671 1276 3742 quodam
1325 3670 1639 3727 Orbacensi
1690 3676 1974 3732 monacho

314 3764 509 3819 eidem
542 3764 759 3817 sancta:
789 3760 1062 3815 Romamn
1108 3760 1231 3815 sedi
1273 3764 1637 3816 sacramento
1674 3764 1971 3819 ﬁrmatum

312 3854 428 3917 est,
461 3849 761 3903 Ebbonem
790 3848 914 3919 jam
948 3846 1160 3902 saeculo
1209 3847 1558 3915 decessisse;
1592 3865 1726 3905 cum
1759 3852 1968 3918 adhuc,

309 3938 452 3995 licet
479 3940 781 3993 senectute
812 3940 870 3991 et
889 3934 1523 3992 variisinﬁrmitatibus
1553 3943 1846 4009 gravatus,
1879 3959 1972 3996 su-

314 4031 545 4100 perstes
580 4029 802 4090 tamen,
817 4025 1013 4079 sedem
1041 4023 1447 4079 Hiltinesheim
1481 4025 1718 4095 pacilice
1750 4035 1971 4099 regeret

314 4131 381 4171 ac
403 4114 780 4187 gubernaret.
801 4112 912 4167 Sed
946 4115 1142 4166 tamen
1163 4110 1222 4165 in
1243 4110 1389 4183 ipsis
1410 4111 1739 4183 apostolicae
1771 4118 1967 4170 aucto-

316 4203 511 4258 ritatis
556 4201 789 4268 litteris,
823 4200 1041 4272 quibus
1071 4197 1259 4254 eidem
1294 4196 1603 4253 Hincmaro
1635 4215 1778 4253 usus
1811 4199 1969 4270 pallii

317 4308 636 4347 concessus
667 4293 780 4357 est,
814 4293 1000 4351 caute,
1035 4292 1100 4341 ut
1135 4286 1195 4342 in
1240 4285 1473 4341 serintis
1523 4291 1737 4342 sancta:
1768 4288 1971 4343 matris

320 4381 593 4437 Romanis
616 4378 887 4435 Ecclesia:
909 4377 1152 4432 inveniri
1185 4379 1393 4448 potest,
1415 4375 1700 4431 inscrtum
1720 4376 1932 4449 legitur
1954 4394 1967 4431 :

316 4470 708 4525 Concedimus
739 4467 847 4523 tibi
888 4483 1062 4521 usum
1097 4464 1276 4537 pallii,
1312 4464 1469 4519 salva
1502 4470 1695 4521 tamen
1730 4472 1970 4521 conten-

2088 3312 2652 3385 copum,Pardulum
2678 3329 2909 3383 quoque
2943 3313 3280 3386 episcopum
3314 3333 3486 3372 suum
3534 3320 3739 3378 suifra-

2087 3400 2798 3473 ganeum,commendans
2831 3401 2877 3454 ei
2914 3402 3088 3456 etiam
3122 3403 3315 3459 locum
3338 3407 3738 3466 suum.Jussit

2087 3494 2281 3544 autem
2326 3506 2430 3543 nos
2461 3488 2809 3559 eligere,qui
2832 3492 2957 3559 jam
2992 3492 3063 3545 ab
3099 3492 3222 3563 ipso
3275 3493 3418 3562 solo,
3444 3496 3491 3549 si
3533 3496 3621 3553 fas
3649 3501 3739 3555 est

2086 3580 2419 3644 dicere,non
2444 3578 2719 3634 canonice
2732 3580 3218 3636 cxcommunicati
3235 3597 3488 3639 eramus.
3506 3584 3738 3643 Manen-

2083 3674 2170 3724 tes
2192 3672 2386 3723 autem
2408 3667 2467 3721 in
2490 3667 2597 3721 hac
2617 3667 2872 3722 maxima
2896 3668 3563 3738 tribulatione,timcntes
3580 3677 3733 3747 quod

2083 3758 2130 3814 si
2166 3774 2279 3812 non
2311 3756 2679 3825 eligeremus,
2714 3757 2997 3827 superbiae
3028 3762 3086 3812 et
3115 3760 3460 3830 arrogantiae
3491 3763 3731 3834 deputa-

2082 3851 2273 3909 retur;
2296 3844 2342 3901 si
2376 3849 2569 3900 autem
2594 3844 3312 3915 eligeremus,nullatenus
3343 3849 3510 3904 nobis
3540 3852 3733 3920 profu-

2080 3942 2277 3990 turum
2312 3934 2661 3995 sciebamus,
2678 3948 2811 3986 cum
2836 3933 3034 3986 omnia
3053 3933 3333 3989 violenter
3356 3935 3523 3992 nobis
3546 3942 3735 3994 extor-

2079 4023 2430 4095 quebantur,
2461 4020 2599 4090 quia
2630 4019 2852 4074 scilicet
2882 4037 2986 4074 nos
3036 4020 3301 4093 proloqui
3350 4040 3722 4097 nequaquam

2080 4111 2343 4175 cedebat,
2374 4109 2461 4164 vel
2493 4108 2999 4164 condemnationis
3030 4111 3560 4181 prtejudiciumﬂel
3593 4132 3731 4171 evo-

2082 4200 2229 4254 catio
2264 4214 2377 4252 non
2409 4197 2611 4269 legalis
2656 4198 2728 4252 ad
2778 4199 3086 4269 synodum.
3116 4200 3356 4257 Judices
3400 4202 3601 4273 etiam,
3633 4205 3732 4276 qui

2079 4291 2245 4344 erant
2276 4286 2444 4341 nobis
2474 4286 3040 4357 e1igcndi,quoniam
3075 4305 3188 4342 non
3214 4289 3557 4362 interposita
3588 4297 3733 4349 tem-

2082 4378 2238 4449 poris
2271 4375 2567 4441 dilatione,
2602 4393 2801 4430 verum
2837 4376 3043 4431 subitae
3079 4379 3532 4437 necessitudinis
3566 4382 3737 4438 inter-

2083 4466 2394 4538 pellatione
2424 4469 2621 4519 essent
2669 4463 2953 4535 eligendi;
2986 4481 3118 4519 cum
3166 4469 3492 4523 secundum
3540 4470 3735 4543 legum

317 4561 474 4615 tione
505 4575 634 4631 qua:
666 4557 820 4612 inter
864 4562 918 4610 te
941 4560 997 4609 et
1020 4555 1315 4609 Ebbonem
1350 4554 1663 4609 habetur.»
1688 4556 1770 4609 Ad
1798 4572 1972 4625 quam
2009 4568 2056 4631 Β
2090 4554 2405 4610 constituta
2440 4570 2538 4623 per
2570 4553 2846 4623 temporis
2887 4554 3140 4623 spatium
3193 4555 3326 4627 eligi
3370 4557 3602 4627 judices
3637 4560 3735 4615 de-

312 4646 707 4703 contentionis
736 4644 901 4699 litem
933 4644 1271 4709 ﬁniendam,
1307 4641 1466 4697 nullo
1524 4643 1786 4714 imperio,
1815 4642 1979 4699 nulla

312 4751 577 4807 unquam
598 4732 963 4789 auctoritatis
987 4732 1369 4803 praeceptione
1391 4731 1577 4786 isdem
1600 4731 1760 4786 Ebbo
1784 4748 1974 4803 perve-

2087 4644 2280 4708 beant,
2300 4647 2361 4696 ut
2386 4640 2934 4712 possintdiligenter
2956 4643 3181 4698 edoceri
3208 4645 3423 4715 quibus
3459 4647 3530 4703 de
3563 4649 3736 4705 rebus

2086 4730 2205 4786 sint
2228 4728 2569 4801 judicaturi.

1454 4996 1827 5085 EBBON
1832 4998 1930 5085 IS
1990 4996 2598 5085 POEMATIA.

1574 5147 1898 5209 (Flodoard.,
1926 5147 2059 5197 Hist.
2090 5146 2227 5196 Eccl.
2261 5146 2472 5209 Rhem.)

1870 5272 2211 5284 m—

1136 5369 1157 5423 Ι

314 5495 605 5567 Inscriptio
640 5509 805 5566 quam
855 5492 996 5548 Ebbo
1044 5492 1292 5563 prwfixit
1318 5492 1561 5549 ecclesiae
1591 5493 1775 5550 Sancti
1802 5495 1969 5550 Petri.

320 5619 653 5676 Ludovicus
683 5618 876 5675 Carsar
905 5618 1094 5673 factus
1125 5621 1435 5673 coronante
1466 5617 1759 5689 Stephano

2156 5371 2273 5426 Hac
2305 5371 2361 5423 in
2394 5371 2528 5426 sede
2561 5387 2710 5443 papa
2741 5387 2950 5444 magno
2985 5389 2996 5425 :
3034 5374 3171 5425 tunc
3202 5376 3258 5427 et
3283 5372 3402 5430 Ebo
3447 5377 3704 5447 pontifex

2087 5460 2493 5516 Fundamenta
2526 5461 2818 5517 renovavit
2849 5464 3059 5515 cuncta
3085 5459 3193 5517 loci
3226 5463 3416 5534 istius,

2084 5547 2410 5618 Urbisjura
2441 5546 2550 5601 sibi
2584 5546 2840 5600 subdens
2873 5547 3083 5617 praesul
3118 5551 3278 5605 auxit
3308 5554 3522 5607 omnia.
