4120 6184
330 326 406 392 25
1522 334 1536 345 '
1691 331 1793 392 DE
1838 328 2379 393 GHAMMATIGA.
3658 336 3737 400 26

1679 607 2380 701 FRAGMENTA

810 777 947 925 EX
1060 776 1377 925 Lillll0
1484 777 2141 926 HERMANRICI
2245 778 2377 924 illi
2479 779 3153 927 GRAMMATICA
3226 782 3259 820 ³

1354 998 1446 1053 AD
1488 996 1976 1054 GRIMOALDUM
2015 976 2716 1053 ARCHICXPELLANUM

1403 1125 1522 1187 Ubi
1546 1126 1737 1187 multa
1768 1124 1839 1187 de
1870 1126 2013 1186 viris
2046 1124 2370 1187 illustribus
2404 1124 2467 1187 S.
2510 1124 2687 1189 Galli.

1663 1258 1930 1328 (Mabill.,
1961 1257 2089 1314 Vet.
2122 1256 2404 1321 Analect.)

404 1484 515 1539 Diu
549 1499 691 1539 sane
724 1480 867 1537 mihi
901 1484 1300 1554 poi-tractanti,
1326 1489 1745 1557 praceptorum
1769 1486 1981 1543 doctis-
2013 1489 2067 1556 Α
2095 1487 2186 1544 bis
2203 1492 2318 1543 tam
2342 1485 2651 1558 limpidum
2676 1491 2849 1557 atque
2869 1486 3162 1544 salubrem
3178 1488 3507 1547 totiusboni
3522 1492 3740 1549 fontem

328 1574 503 1639 sime,
555 1588 672 1644 quo
722 1571 912 1644 primo
960 1573 1260 1629 exordium
1324 1574 1712 1647 adipiscenda:
1761 1575 1984 1633 dilecta:

330 1661 609 1719 amicitiae
639 1665 840 1717 vestrae
870 1676 1161 1733 caperem,
1196 1663 1346 1719 inter
1378 1665 1565 1721 multa
1596 1667 1791 1722 animo
1813 1683 1988 1739 oppo-

331 1751 449 1807 sita
477 1754 862 1806 occurrerunt
895 1750 1037 1805 mihi
1071 1751 1185 1806 duo
1233 1769 1447 1826 magna
1497 1754 1812 1812 luminaria
1848 1775 1858 1810 :
1897 1757 1983 1811 lu-

334 1841 560 1896 minare
590 1839 809 1910 majus,
837 1855 948 1911 quo
970 1838 1380 1899 illuminamur
1409 1848 1475 1899 ut
1507 1844 1784 1919 diligatur
1805 1846 1982 1917 Deus,

332 1934 402 1987 et
428 1927 717 1985 luminare
748 1929 947 1985 minus
978 1930 1133 1986 unde
1164 1932 1464 2004 proximus
1499 1953 1510 1989 :
1546 1936 1619 1991 ad
1663 1951 1790 2007 qua;
1839 1955 1983 2009 prte-

328 2022 503 2091 cepta
522 2021 732 2073 caetera
751 2018 1062 2086 cohazrent,
1077 2019 1253 2076 veluti
1273 2021 1447 2079 etiam
1468 2024 1688 2080 nomini
1709 2030 1765 2081 et
1788 2027 1980 2095 verbo,

329 2110 397 2164 in
444 2107 664 2181 quibus
723 2123 1033 2178 personam
1082 2113 1351 2167 tenemus
1396 2117 1454 2167 et
1506 2120 1722 2179 actum,
1768 2121 1985 2172 cmteraa

327 2201 534 2271 partes
562 2212 768 2253 omnes
796 2195 1045 2254 invicem
1080 2200 1431 2272 appendent.
1465 2202 1611 2258 Cum
1661 2205 1817 2261 enim
1870 2223 1984 2261 non

324 2286 541 2360 ignoro
572 2288 631 2342 te
659 2290 783 2341 tam
815 2284 874 2341 in
906 2292 1173 2358 poemate
1205 2304 1381 2360 quam
1413 2290 1472 2346 in
1497 2293 1656 2348 omni
1687 2298 1810 2351 arte
1840 2296 1987 2367 prio-

324 2391 470 2431 rum
500 2371 769 2448 adprime
799 2380 1062 2443 cautum,
1094 2375 1154 2433 in
1186 2382 1441 2448 tantum,
1464 2385 1530 2436 ut
1569 2380 1865 2439 interdum
1897 2401 1990 2439 co-

322 2465 557 2521 thurno
587 2463 832 2524 comico.
865 2462 1182 2538 aliquando
1211 2483 1345 2522 vero
1387 2472 1546 2525 veste
1595 2472 1984 2544 septemplici,

323 2569 519 2627 quam
548 2551 768 2625 Sophia
797 2552 909 2609 sibi
939 2555 1063 2610 suis
1110 2556 1384 2613 manibus
1432 2562 1714 2627 texuerat,
1743 2560 1988 2619 indutus

324 2642 586 2698 mirifice
618 2642 905 2713 procedis.
941 2642 1152 2700 Praeter
1179 2645 1302 2701 haac
1340 2648 1517 2703 etiam
1566 2651 1816 2721 gemmis
1862 2668 1989 2707 om-

325 2732 508 2787 nium
554 2729 837 2785 virtutum
884 2730 1222 2801 adornatus,
1256 2733 1585 2791 humilitate
1635 2737 1991 2811 praecipuus,

246 2846 257 2849 -
317 2818 571 2893 justitia
610 2822 965 2891 temperans,
991 2820 1333 2879 fortitudine
1380 2841 1642 2891 serenus,
1678 2827 1989 2897 prudentia

326 2914 573 2974 cautus,
607 2908 995 2980 temperantia
1036 2911 1362 2981 modestus,
1396 2913 1515 2969 zelo
1559 2915 1657 2971 Dei
1707 2916 1993 2985 fervidus,

329 2998 630 3070 patientia
684 2997 1047 3065 lenissimus,
1100 3000 1159 3055 in
1211 3002 1471 3059 adversis
1526 3003 1886 3073 Iustissimus,
1930 3005 1991 3061 in

330 3085 641 3158 prosperis
670 3086 1042 3143 humillimus
1071 3106 1261 3161 pares.
1295 3092 1365 3147 Et
1404 3108 1520 3147 non
1574 3093 1866 3150 immerito
1897 3095 1991 3151 his

328 3175 626 3251 virtutum
658 3174 768 3231 alis
797 3179 1035 3232 caeteros
1064 3178 1348 3249 priscellis
1375 3198 1388 3236 :
1414 3181 1554 3253 quia
1582 3182 1772 3255 primo
1801 3184 1989 3240 {etatis

331 3263 585 3321 ﬂosculo
616 3265 773 3320 inter
799 3264 1022 3323 aulicos
1050 3267 1357 3325 beatorum
1381 3272 1777 3344 Augustorum
1798 3289 1991 3329 mores

328 3353 790 3410 decentissimos
812 3355 1107 3412 enutritus
1137 3372 1222 3424 es,
1252 3362 1374 3415 tam
1406 3359 1621 3432 dogma
1648 3361 1834 3417 totius
1865 3361 1990 3418 dis-

330 3440 593 3513 ciplinm,
616 3458 795 3514 quam
820 3459 1085 3501 normam
1119 3451 1271 3503 recte
1298 3448 1525 3504 vivendi
1554 3450 1625 3505 ab
1646 3450 1730 3505 eis
1751 3450 1991 3507 didicis-
2022 3456 2024 3459 ’

329 3532 402 3599 ti,
439 3532 541 3601 qui
574 3531 638 3586 in
669 3532 830 3587 omni
861 3533 1106 3606 imperio
1137 3553 1272 3592 cum
1304 3537 1418 3593 Deo
1449 3540 1668 3594 summi
1703 3541 1880 3596 tuere.

406 3620 523 3676 Sed
546 3624 608 3675 et
626 3619 909 3677 hactenus
940 3622 1060 3680 rivo
1083 3626 1520 3695 jucundissimo
1539 3645 1605 3683 ac
1626 3628 1683 3683 in
1708 3629 1867 3684 omni
1886 3630 1992 3683 vir-

330 3713 539 3766 tutum
561 3712 875 3767 stemmate
895 3711 1239 3786 prasfulgido
1262 3731 1330 3771 ex
1351 3716 1707 3787 primoribus
1728 3716 1988 3774 fontibus

329 3796 524 3853 totius
552 3798 796 3870 Europae
828 3802 1125 3857 emananti
1158 3803 1433 3870 cohaares,
1459 3806 1747 3861 Ludovico
1770 3807 1992 3864 scilicet

332 3885 728 3942 dilectissimo
760 3888 879 3960 regi
907 3893 1127 3957 nostro,
1152 3891 1253 3963 qui
1283 3891 1417 3947 licet
1451 3894 1774 3966 augustiori
1804 3895 1989 3952 limite

332 3980 656 4042 terrarum,
687 3977 902 4033 virtute
935 3981 1129 4034 tamen
1152 3981 1332 4036 vincit
1353 3982 1659 4039 Herculem
1680 3989 1989 4041 centauros

331 4064 767 4135 dominantem,
799 4071 857 4123 et
885 4066 1144 4140 agilitate
1175 4069 1461 4141 Ulyssem.
1499 4073 1798 4145 Interroga
1828 4075 1987 4130 Scia-

330 4168 441 4207 vos
470 4153 530 4208 in
562 4169 724 4227 gyro,
760 4159 818 4210 et
852 4171 965 4211 non
998 4156 1229 4214 miraris
1259 4160 1517 4232 epitoma
1544 4176 1762 4217 meum.
1798 4162 1990 4218 Habe-

2014 2868 2063 2934 B

2095 1576 2562 1641 concessit,unde
2593 1578 2802 1631 cuncta
2823 1576 3066 1647 paciﬁca
3086 1581 3143 1633 et
3159 1577 3331 1635 utilia
3351 1596 3583 1655 semper
3603 1581 3745 1638 hau-

2094 1665 2300 1731 rimus,
2336 1665 2735 1736 haustumque
2758 1663 2884 1736 ipse
2915 1666 3190 1723 omnibus
3223 1668 3295 1723 ad
3328 1686 3392 1727 se
3416 1685 3741 1742 properan-

2094 1754 2254 1809 tibus
2285 1753 2628 1809 indeﬂciens
2659 1754 2877 1825 praebet
2908 1758 2964 1809 et
2984 1755 3147 1826 cupit
3176 1755 3417 1812 hauriri.

2166 1843 2276 1899 Sed
2309 1842 2483 1897 eheu!
2518 1841 2673 1898 idem
2702 1841 2825 1913 ipse
2854 1846 2975 1897 tam
3000 1842 3194 1898 labilis
3217 1844 3348 1901 fons
3369 1861 3440 1900 ne
3463 1845 3574 1903 late
3598 1848 3740 1905 ﬂue-

2096 1938 2201 1999 ret,
2235 1948 2411 2003 quam
2444 1947 2596 2003 sape
2635 1930 3125 1987 machinamentis
3176 1935 3565 2005 quorumdam
3616 1940 3740 1994 tam

2094 2019 2660 2092 privatorum,quam
2673 2018 2849 2075 etiam
2863 2019 3231 2076 ethnicorum
3247 2038 3350 2078 seu
3368 2028 3741 2082 externorum

2094 2109 2401 2164 hominum
2433 2108 2739 2180 dispendio
2767 2107 3113 2177 obstruitur,
3149 2126 3381 2167 aremus
3430 2114 3644 2185 prodit,
3675 2132 3744 2172 ac

2095 2198 2292 2255 bestias
2324 2197 2667 2270 loquuntur,
2701 2198 2884 2253 donec
2917 2202 3292 2273 restagnatus
3315 2198 3375 2256 in
3396 2207 3610 2269 sese,et
3626 2220 3743 2260 non

2094 2289 2223 2344 sine
2252 2286 2506 2359 periculo
2538 2286 2629 2342 sui
2663 2285 3094 2359 patientissime
3122 2304 3186 2343 se
3205 2289 3744 2365 exedebat,Deoque
3790 2282 3793 2285 ’

2094 2393 2229 2433 eum
2260 2380 2597 2449 protegente
2627 2374 2810 2432 armis
2842 2376 3266 2448 rempublicam
3289 2377 3743 2438 defendebatzin

2095 2467 2266 2534 cujus
2297 2464 2474 2520 etiam
2505 2464 2730 2520 laribus
2760 2469 2824 2520 tu
2856 2464 2981 2536 ipse
3008 2463 3188 2521 veluti
3224 2466 3416 2523 ﬁdelis
3445 2466 3578 2525 Jola
3606 2487 3744 2526 con-

2092 2552 2664 2625 versatus,latusque
2692 2554 2997 2613 dexterum
3026 2554 3363 2625 observans,
3396 2559 3580 2614 nostri
3622 2577 3745 2616 me-

2096 2643 2212 2699 lius
2242 2659 2418 2715 quam
2442 2642 2920 2713 incomparabilis
2952 2644 3032 2699 sit
3060 2644 3189 2715 ejus
3229 2645 3439 2716 pietas,
3472 2647 3661 2705 virtus
3689 2653 3751 2706 et

2096 2732 2420 2804 ingenium,
2453 2731 2700 2787 aliarum
2731 2731 2996 2803 gentium
3028 2731 3289 2805 legibus!
3323 2733 3541 2808 quippe
3561 2739 3660 2809 qui
3685 2739 3749 2794 in

2098 2820 2215 2875 Deo
2245 2820 2724 2891 solo.potentiam
2773 2820 3054 2889 possidet,
3090 2826 3148 2876 et
3192 2823 3359 2894 copia
3405 2824 3751 2883 divitiarum

2099 2910 2228 2979 ejus
2258 2913 2349 2964 est
2389 2907 2684 2978 sapientiai
2734 2907 2933 2961 decus.
2969 2908 3193 2980 Quippe
3240 2909 3370 2965 aliis
3418 2913 3645 2984 sophia,
3680 2919 3748 2970 ut

2099 2997 2323 3052 dictum
2355 3001 2462 3063 est,
2497 2997 2709 3067 impar,
2735 3011 2838 3050 avo
2872 2999 3101 3051 tantum
3134 3001 3300 3069 parte
3328 3014 3568 3055 censore
3589 3002 3747 3072 judi-

2100 3090 2266 3143 catus
2302 3102 2319 3140 ι
2349 3090 2642 3157 quatenus
2672 3100 2739 3139 eo
2770 3084 3099 3155 superstite
3122 3085 3366 3158 habeas,
3394 3088 3551 3145 unde
3578 3090 3745 3164 inge-

2100 3173 2265 3229 nium
2296 3173 2602 3246 grandaevo
2623 3172 2750 3243 jam
2782 3171 2945 3228 senio
2982 3172 3205 3228 fessum
3252 3191 3524 3243 exacuas,
3554 3183 3613 3235 et
3641 3196 3745 3236 seu

2099 3262 2369 3319 Carolum
2402 3261 2694 3333 optimum
2725 3278 2842 3333 prie
2863 3260 3048 3316 oculis
3068 3260 3270 3332 habes,
3288 3264 3369 3321 nil
3392 3266 3470 3322 sit
3487 3267 3575 3324 vel
3589 3270 3746 3341 quod

2100 3350 2320 3418 doleas,
2352 3349 2438 3406 vel
2468 3350 2870 3423 pertimescas.
2903 3350 3015 3406 Sed
3048 3349 3170 3407 haec
3202 3351 3381 3409 latius
3406 3355 3575 3414 alias.

2171 3441 2477 3504 Caeterum,
2514 3439 2594 3493 mi
2626 3437 2973 3494 charissime
3010 3439 3328 3512 didascale,
3359 3460 3433 3500 ne
3478 3461 3573 3502 me
3619 3447 3744 3504 lon-

2099 3529 2235 3600 gius
2262 3527 2334 3583 ab
2362 3528 2613 3598 incmpta
2640 3528 2737 3583 via
2764 3543 3067 3600 egressum
3107 3530 3403 3604 objurges,
3437 3534 3611 3591 redeo
3641 3536 3744 3591 de-
3852 3534 3865 3541 ’

2101 3634 2264 3673 mum
2297 3616 2472 3689 adjid,
2501 3633 2618 3688 quo
2644 3633 2847 3672 omnes
2868 3616 3115 3674 virtutes
3141 3621 3543 3693 spectant,hoc
3563 3627 3747 3694 est,ut

2100 3706 2288 3778 primo
2339 3705 2653 3777 diligamus
2705 3705 2889 3761 Deum
2938 3711 2997 3761 et
3033 3706 3348 3765 Dominum
3380 3716 3646 3769 nostrum
3678 3730 3748 3770 ex

2099 3800 2219 3851 toto
2247 3795 2438 3862 corde,
2472 3797 2529 3850 et
2557 3811 2625 3848 ex
2657 3797 2780 3849 tota
2811 3795 3026 3859 anima,
3062 3801 3120 3849 et
3147 3811 3215 3851 ex
3244 3800 3367 3853 tota
3396 3804 3610 3868 mente,
3642 3802 3743 3873 qui

2101 3889 2187 3940 est
2218 3888 2433 3939 aeterna
2492 3881 2886 3954 pulchritudo,
2938 3885 3155 3938 aeterna
3212 3883 3479 3955 dulcedo,
3531 3891 3746 3947 interna

2100 3973 2380 4039 suavitas,
2408 3975 2626 4026 interna
2655 3970 3215 4042 fragrantia,¢eterna
3234 3974 3745 4050 jucunditas,per-

2100 4065 2314 4134 petuus
2344 4061 2548 4126 honor,
2583 4058 2924 4114 indeﬁciens
2956 4058 3225 4117 felicitas.
3248 4062 3393 4122 Dein
3427 4063 3746 4139 diligamus

2100 4150 2393 4222 proximos
2425 4151 2657 4204 nostros
2680 4151 2963 4220 tanquam
2995 4165 3103 4204 nos
3133 4150 3315 4222 ipsos.

334 4256 481 4295 mus
508 4242 761 4314 denique
792 4260 918 4311 nos,
952 4245 1140 4318 ipsius
1170 4247 1391 4303 alumni
1426 4250 1788 4322 pauperculi,
1810 4251 1869 4305 in
1901 4267 1988 4307 eo-
2019 4238 2061 4305 C
2169 4240 2358 4294 Ροειθα
2385 4245 2573 4293 παίδων
2599 4239 2714 4306 agit
2741 4236 2807 4292 ἀσ
2834 4239 3021 4293 anima
3050 4246 3103 4293 σί
3131 4242 3375 4311 ratione;
3398 4249 3514 4298 tum
3532 4244 3743 4302 subdit:

337 4328 475 4385 dem
505 4329 628 4386 rivo
660 4332 915 4404 majores
945 4334 1141 4408 copias
1165 4336 1431 4409 Scythico
1452 4337 1630 4394 Canai
1653 4338 1989 4412 formasque

334 4417 501 4490 ipsas
531 4418 663 4476 Nilo
691 4421 1080 4492 praeferentes.
1099 4423 1163 4479 Ei
1189 4425 1406 4497 gratias
1437 4427 1868 4500 referimus,qui
1894 4445 1990 4485 no-

409 4560 436 4596 s
465 4543 529 4624 In
561 4543 916 4624 bibliotheca
947 4547 1145 4624 Sancti
1163 4548 1331 4624 _Galli_
1356 4550 1589 4624 libellus
1624 4555 1800 4624 cujus
1831 4553 1957 4624 frag
1976 4586 1989 4595 -

333 4619 544 4683 menta
563 4614 776 4670 damus
796 4623 987 4674 exstat
1004 4635 1139 4675 cum
1163 4620 1270 4676 hoc
1292 4620 1462 4677 titulo
1483 4640 1496 4677 :
1521 4614 1746 4680 Orditu'r
1763 4614 1932 4683 crista

332 4686 651 4760 Ennearici
676 4688 915 4760 episcopi
941 4689 1012 4745 ad
1053 4690 1319 4747 damnum
1359 4692 1699 4751 Grimotdum
1744 4686 1990 4752 abbatem

332 4703 648 4743 ιηηεηηα
676 4703 914 4814 εῗωοορι
941 4703 1012 4745 aa
1053 4703 1319 4747 damnum
1359 4703 1699 4751 Grimotdum
1744 4703 1988 4752 abbatem

330 4757 702 4851 “ﬁt”???
714 4759 941 4851 MPF}:
973 4760 1171 4851 9990K
1217 4765 1471 4851 εειμοιοτίε
1515 4771 1683 4851 rem
1733 4767 1988 4851 scriptus

331 4827 542 4909 saguid
565 4827 656 4886 est
679 4831 750 4909 ab
773 4831 943 4909 annis
967 4833 1316 4909 octingentis
1341 4853 1355 4909 ξ
1379 4852 1493 4909 quo
1511 4842 1771 4909 tempore
1792 4827 1988 4896 sancti

332 4898 489 4980 galli
509 4903 863 4980 monasterio
884 4898 1495 4980 praeeratilrimold‘us,
1510 4910 1609 4980 qui
1630 4898 1788 4964 illius
1806 4927 1989 4965 emno-

334 4966 419 5044 ἔξίὶ
452 4972 716 5044 regimen
748 4966 1057 5030 iniit'anno
1087 4977 1214 5043 841,
1240 4982 1385 5032 teste
1412 4966 1985 5036 EklfehardoLibelli

333 5040 551 5123 titulus
570 5044 864 5123 primaria
895 5040 1374 5123 manuexaratus
1407 5056 1494 5105 est
1524 5056 1733 5123 praeter
1776 5069 1987 5108 nomen

334 5116 973 5238 gixopﬁsecundaria,
1008 5118 1108 5174 sed
1141 5120 1403 5192 antiqua,
1430 5116 1609 5178 manu
1642 5125 1986 5205 ascriptum.

389 5186 717 5238 rmenricus
750 5188 844 5238 hic
875 5189 986 5238 fuit
1017 5191 1342 5238 monachus
1374 5193 1693 5238 Antrinmziq,
1734 5194 1882 5238 alme
1915 5196 1985 5238 nh

389 5186 717 5261 rmenricus
750 5188 844 5243 hic
874 5189 986 5261 fuit
1017 5186 1342 5261 monachus
1371 5186 1698 5261 Augiensis,
1733 5186 1882 5251 alius
1914 5196 1985 5251 ab

330 5253 676 5341 Ermenrico
700 5259 987 5341 monacho
1010 5260 1440 5341 glewangepsi.
1455 5253 1626 5341 Ferro
1643 5253 1711 5321 ea
1728 5266 1821 5322 his
1842 5266 1990 5341 frag-

332 5328 558 5410 mentis
571 5328 740 5410 inter
759 5328 1299 5410 aliaintolligimus,
1313 5333 1607 5410 Walafred
1616 5353 1717 5392 um
1743 5328 1990 5410 Augien-

328 5410 467 5480 sem
496 5398 887 5480 abbatem_,cu_j
895 5419 966 5480 _u_s
979 5398 1135 5480 more
1146 5405 1205 5459 in
1219 5398 1440 5480 annum
1452 5406 1559 5480 849
1569 5424 1636 5463 ex
1646 5398 1986 5480 Hepidiinno

329 5473 397 5551 et
409 5468 741 5551 H‘ermanno
755 5468 982 5551 incidit,
995 5475 1212 5551 abiisse
1228 5468 1797 5551 i_nAlega_tione,quam
1811 5482 1986 5551 jussu

330 5538 617 5597 Ludovici
648 5538 976 5622 Germaniae
1004 5547 1157 5620 regis
1186 5548 1256 5604 ad
1278 5538 1549 5605 Carolum
1573 5538 1702 5622 ejus
1724 5538 1982 5622 fratrem,

328 5620 727 5682 cognomento
758 5615 1020 5685 Calvum,
1046 5615 1474 5690 susceperatln
1498 5615 1771 5693 pracdicto
1796 5615 1990 5680 codice

2100 4326 2229 4383 Haec
2259 4325 2495 4392 idcirco,
2529 4324 2599 4379 de
2645 4323 2852 4379 animze
2902 4329 3057 4382 statu
3097 4326 3184 4382 vel
3236 4328 3590 4399 substantia,
3622 4338 3743 4390 tam

2098 4414 2210 4471 late
2239 4412 2549 4486 protuli,ut
2578 4412 2768 4468 sciant
2799 4413 3076 4486 legentes,
3096 4416 3196 4487 qui
3218 4433 3280 4473 se
3297 4418 3481 4475 Deum
3504 4420 3745 4495 diligere

2098 4534 2751 4613 deest_libellus,_g_uem
2781 4537 2862 4613 de_
2887 4540 3207 4613 ίηαξριίοηθ
3253 4546 3593 4613 monasterii
3622 4545 3743 4602 Αυ-

2096 4606 2338 4682 giensis,
2372 4613 2452 4682 et_
2457 4607 2523 4662 de
2556 4606 2674 4682 Vita
2696 4606 3114 4682 ejusdemil'oci
3162 4612 3588 4671 monachorum
3618 4634 3655 4674 a
3682 4634 3745 4675 se

2097 4678 2384 4762 scriptum
2413 4678 2787 4762 Ermenricus
2817 4680 2928 4735 sub
2960 4681 3137 4737 finem
3166 4683 3541 4757 superiorum
3589 4688 3743 4762 frag-

2098 4746 2430 4807 ineritorum
2462 4749 2631 4805 dixit.

2169 4822 2457 4898 Homerus
2488 4826 2679 4898 poeta,
2710 4821 3228 4898 cujusnmentioﬂt
3265 4827 3376 4884 sub
3425 4830 3624 4898 ﬂnem,
3656 4834 3746 4886 est

2097 4891 2436 4964 Grimaldus
2458 4891 2857 4964 magister,cui
2869 4893 3231 4953 walal‘ridus
3246 4898 3494 4955 Strahus
3507 4891 3741 4957 carmen

2098 4964 2393 5043 quoddam
2426 4962 2813 5043 inscribit,_de
2840 4964 3120 5043 βτίγηαιᾴρ
3147 4972 3607 5041 magistr-mquam
3642 4987 3741 5043 po.

2098 5034 2221 5092 stes
2251 5035 2565 5090 Homerum
2592 5034 2808 5107 apellat
2840 5035 2933 5093 his
2963 5039 3155 5095 verbis
3186 5056 3199 5095 :

2222 5157 2475 5225 Quamvis
2500 5156 2684 5207 subter
2714 5170 2841 5222 agas
2870 5174 3059 5224 regum
3080 5162 3350 5225 tabularia
3378 5164 3563 5225 vitam,

2221 5222 2347 5285 Non
2365 5224 2416 5269 te
2446 5225 2724 5285 praitereo,
2759 5222 3096 5285 specufiusne
3126 5223 3339 5285 latebis,
3369 5222 3615 5278 Homere.

2220 5283 2353 5349 {iovi
2384 5296 2615 5349 namque
2647 5283 2839 5349 Sicana
2866 5284 2960 5332 tibi
2988 5284 3165 5345 spelea
3192 5283 3422 5349 placere,

2221 5345 2377 5394 Solus
2408 5345 2497 5395 ubi
2528 5345 2728 5395 mensis
2759 5346 3031 5394 Musarum
3062 5350 3115 5395 et
3142 5345 3322 5400 amore
3352 5345 3565 5402 fruaris.

2096 5458 2301 5538 [taque
2332 5460 2483 5538 alius
2514 5460 2639 5538 fuit.
2664 5459 2949 5515 Homerus
2998 5460 3109 5517 iste
3150 5464 3487 5538 Angilberto
3536 5469 3743 5527 abbate

2095 5528 2453 5609 Ceiitulensi,
2488 5531 2589 5609 cui
2626 5528 2732 5582 hoc
2764 5546 3009 5609 nomen
3051 5528 3373 5609 ascriptum
3424 5543 3512 5595 est
3544 5556 3556 5593 :
3590 5541 3742 5599 alius

2018 5608 2066 5673 D
2097 5606 2237 5660 item
2270 5620 2302 5658 a
2333 5599 2630 5659 Grimaldo
2664 5599 3149 5676 archioapellano.
