4094 6186
392 358 470 426 27
1427 364 1860 430 ERMANRICI
1904 365 2262 432 MONAGHI
2307 371 2754 437 AUGIENSIS.

392 496 760 570 profitentur,
796 499 953 572 quod
981 498 1064 557 ita
1091 515 1225 556 eum
1257 498 1496 572 diligere
1527 497 1741 554 debent
1768 496 1944 555 veluti
1977 503 2040 556 tu
2071 501 2124 568 Α
2153 501 2280 559 sine
2303 503 2482 559 dubio
2509 503 2868 562 domicilium
2895 504 3198 578 proprium
3219 503 3551 580 habet,quaa
3572 505 3682 564 etsi
3700 523 3802 580 pro

391 586 608 659 diligis,
642 605 711 644 ex
738 591 859 646 tota
886 589 1153 644 videlicet
1183 587 1400 652 anima,
1433 587 1491 641 id
1521 592 1610 643 est
1634 604 1768 643 cum
1792 587 2035 656 ratione,

389 680 600 733 etcum
633 677 908 734 omnibus
937 677 1210 733 sensibus
1231 675 1376 745 suis,
1403 677 1516 732 {ide
1540 676 1838 749 firma,spe
1859 682 2038 746 certa,

389 765 672 823 charitate
703 769 990 839 perfecta;
1014 766 1256 822 credens
1279 767 1338 821 in
1359 781 1515 833 eum,
1533 783 1776 838 sperans
1799 765 1857 820 in
1880 783 2038 833 eum,

389 855 639 928 diligens
686 872 823 910 eum
855 873 889 910 a
919 871 1034 927 quo
1083 855 1303 923 omnia,
1335 853 1392 909 in
1425 871 1540 928 qno
1589 856 1806 922 omnia,
1841 859 1897 910 et
1938 871 2040 928 per

389 963 565 1020 quem
595 944 794 1001 omnia
823 949 964 1001 sunt
993 944 1166 1012 bona,
1201 949 1376 1014 atque
1406 944 1829 1015 permanentia.

459 1036 546 1090 Ob
575 1035 747 1106 cujus
776 1049 1057 1100 amorem,
1081 1033 1218 1088 licet
1239 1031 1441 1088 habitu
1471 1032 1709 1097 haereus,
1735 1034 1930 1088 animo
1959 1038 2039 1088 ta-

386 1143 522 1182 men
555 1124 785 1198 spernis
816 1139 1071 1194 prmeens
1102 1120 1404 1188 saeculum,
1437 1122 1682 1194 cupiens
1713 1121 1949 1178 dissolvi
1979 1128 2038 1180 et

385 1231 516 1271 esse
545 1230 680 1269 cum
713 1212 942 1268 Christo
967 1227 980 1264 :
1005 1215 1235 1266 terrena
1264 1213 1439 1282 atque
1471 1210 1816 1282 temporalia
1847 1213 2036 1283 magis

385 1319 568 1374 agens
599 1319 666 1358 ex
699 1300 914 1365 debito,
949 1315 1128 1370 quam
1151 1315 1219 1354 ex
1239 1297 1594 1366 intentione;
1622 1299 2035 1356 misericordia

385 1391 660 1464 operibus
690 1389 942 1456 deditus,
977 1387 1370 1459 hospitalitate
1403 1386 1752 1460 praecipuus,
1788 1389 1888 1445 Dei
1921 1407 2037 1445 ser-

381 1480 522 1536 vitio
555 1479 836 1544 intentus,
863 1494 1035 1533 omne
1065 1478 1218 1548 quod
1253 1476 1325 1531 ad
1347 1476 1694 1543 cultum,vel
1717 1479 1787 1532 ad
1813 1478 2034 1551 religio.

383 1591 518 1632 nem
551 1570 760 1628 divina:
792 1567 1025 1642 pietatis
1057 1567 1328 1638 pertinet,
1361 1566 1517 1638 quod
1548 1566 1729 1622 Graeci
1761 1575 2035 1624 Θιοσιὸιίαν

380 1666 610 1729 xocant,
635 1673 1010 1730 summopere
1030 1655 1193 1710 colis.
1209 1655 1552 1711 Sacerdotes
1573 1655 1786 1710 Christi
1811 1655 2030 1728 diligis,

378 1769 636 1823 vasaque
666 1763 967 1805 sacrarum
1000 1745 1212 1802 aedium
1237 1749 1552 1810 restauras,
1579 1746 1936 1802 monasteria
1953 1745 2034 1800 vi-

377 1843 546 1908 sitas,
579 1857 646 1896 ac
675 1837 910 1892 visitata
939 1835 1418 1934 patqrnqati‘ectu
1442 1833 1728 1934 disponis,
1756 1839 1814 1934 et
1835 1851 2026 1907 aequa-
2060 1867 2108 1934 Β

378 1929 634 1996 nimiter,
670 1927 717 1984 si
753 1943 870 1998 qua
895 1928 1035 1980 sunt
1063 1924 1120 1979 in
1155 1923 1240 1978 eis
1270 1921 1562 1991 anomala,
1598 1923 1826 1996 dirigis,
1853 1928 2032 1996 atque

376 2022 450 2078 ad
480 2022 702 2076 statum
734 2013 1028 2087 aequitatis
1060 2013 1355 2085 perducis.
1389 2013 1458 2066 Et
1477 2016 1717 2085 prepter
1743 2028 1920 2084 quem
1942 2015 2029 2070 vel

373 2111 612 2182 propter
642 2104 783 2177 quid
815 2103 936 2160 haec
967 2102 1116 2174 agis,
1145 2100 1259 2156 nisi
1283 2104 1522 2172 propter
1541 2101 1724 2156 Deum
1750 2117 1924 2172 quem
1947 2103 2028 2157 di'

373 2197 528 2270 ligis,
561 2199 620 2251 et
644 2196 880 2267 propter
907 2189 1240 2264 proximum
1290 2205 1467 2262 quem
1523 2190 1603 2246 ita
1649 2189 1847 2263 diligis
1878 2194 1944 2246 ut
1972 2195 2029 2247 te

370 2287 592 2361 ipsum,
626 2299 694 2340 ac
743 2280 1043 2337 interdum
1095 2279 1412 2352 plusquam
1445 2283 1503 2335 te
1550 2279 1794 2352 ipsum?
1822 2279 2026 2337 Nonne

370 2391 508 2434 cum
538 2373 736 2430 cibum
764 2369 852 2426 vel
883 2371 1106 2425 vestem
1154 2367 1262 2422 tibi
1293 2367 1612 2436 subtrahis,
1647 2372 1706 2424 et
1734 2367 2022 2441 indigenti

369 2462 604 2528 tribuis,
635 2459 1000 2534 indigentem
1029 2455 1364 2530 proximum
1394 2456 1711 2530 plusquam
1743 2461 1798 2514 te
1827 2457 2022 2531 ipsum

370 2551 558 2608 colis?
585 2551 656 2606 Et
685 2552 754 2605 ut
787 2545 892 2604 tibi
921 2548 1167 2619 pernota
1194 2545 1482 2601 incutiam
1507 2561 1520 2600 :
1545 2562 1678 2602 ecce
1710 2563 1815 2618 pro
1843 2545 2022 2603 invic-

369 2640 601 2697 tissime
629 2654 763 2710 rege
791 2639 990 2692 nostro
1022 2637 1154 2706 post
1172 2633 1380 2701 Deum,
1403 2637 1683 2706 tanquam
1709 2652 1812 2708 pro
1832 2637 2021 2709 capite

371 2733 590 2794 nostro,
624 2727 794 2800 eique
827 2723 1180 2780 charissima
1219 2722 1446 2779 laterali
1495 2728 1676 2792 costa,
1710 2729 1886 2797 atque
1916 2743 2018 2798 pro

369 2822 494 2875 tota
521 2815 700 2872 simul
727 2813 888 2889 prole
916 2813 1052 2868 inde
1082 2813 1447 2884 procedente,
1480 2812 1716 2884 quantis
1747 2813 2020 2886 precibus

368 2905 684 2975 incumbis,
717 2906 1084 2978 quantasque
1114 2899 1346 2974 vigilias
1377 2901 1612 2973 pateris,
1639 2907 1782 2974 quot
1809 2901 2019 2960 itinera

367 2995 629 3060 conficis,
651 2996 989 3068 quantaque
1017 2989 1152 3046 hinc
1171 2994 1230 3046 et
1245 2989 1380 3046 inde
1398 2989 1454 3044 in
1474 3006 1785 3046 commune
1804 2990 2016 3064 vulgus

366 3083 688 3158 expendis?
719 3079 1020 3146 Ambulas,
1055 3079 1263 3145 curris,
1295 3079 1356 3133 in
1401 3077 1702 3134 montibus
1757 3083 2012 3151 reptans,

367 3173 430 3228 in
459 3171 806 3227 fluminibus
834 3171 1074 3234 natans;
1099 3166 1276 3222 silvas
1298 3167 1705 3238 pertransis,et
1723 3167 1930 3223 volitas
1952 3168 2009 3223 in

2151 595 2412 663 tempore
2443 593 2742 665 aliquanto
2774 594 2831 649 in
2865 593 2996 650 aliis
3030 593 3173 651 locis
3204 599 3569 652 commorata
3603 595 3798 663 fuerit,

2149 684 2207 735 et
2237 681 2628 752 particulatim
2661 699 2722 738 se
2755 683 2832 738 ibi
2871 682 3312 748 ostenderit,hic
3343 687 3540 740 tamen
3572 701 3804 758 semper

2149 785 2283 824 cum
2318 769 2436 826 lilia
2466 777 2522 826 et
2548 771 2818 827 ministra
2847 775 2967 827 tota
2999 770 3287 828 consistit.

2220 858 2333 913 Nec
2363 863 2451 914 est
2472 859 2910 914 adventantium
2942 859 3242 932 hospitum
3277 859 3454 927 ullus,
3477 861 3568 916 cui
3602 862 3675 917 ab
3707 862 3799 920 his

2146 946 2338 1003 tribus
2368 964 2482 1002 non
2513 952 2901 1003 occurrratur.
2921 948 3072 1004 Sunt
3091 948 3250 1004 enim
3272 948 3497 1020 jugiter
3515 948 3692 1006 simul
3719 951 3802 1007 in-

2146 1034 2541 1101 dissolubiles,
2575 1040 2641 1091 ut
2671 1035 2968 1092 funiculus
3017 1036 3248 1108 triplex,
3282 1042 3340 1092 et
3389 1037 3545 1094 inter
3592 1056 3797 1096 omnes

2145 1141 2382 1197 sparszs,
2417 1125 2652 1197 integrae
2675 1130 2871 1180 tamen
2897 1142 3078 1180 unum
3101 1125 3379 1181 omnibus
3400 1125 3795 1185 ministerium

2145 1215 2425 1286 praebent.
2458 1216 2503 1268 A
2535 1215 2706 1285 cujus
2737 1214 2960 1271 scilicet
2989 1215 3294 1271 charitatis
3325 1216 3607 1273 uberibus
3638 1219 3796 1274 suxit

2145 1303 2399 1358 domnus
2430 1303 2804 1375 Engilpertus
2825 1303 3177 1375 largitatem,
3201 1308 3259 1359 et
3279 1303 3795 1376 ingeniosissimus

2143 1391 2493 1448 Hcrimodus
2519 1393 2940 1465 benignitatem
2966 1409 2978 1446 :
3005 1393 3178 1448 ambo
3213 1396 3331 1447 tam
3355 1392 3470 1449 Deo
3493 1409 3673 1465 quam
3697 1395 3796 1451 ho-

2143 1479 2404 1536 minibus
2435 1479 2789 1552 dignissimi,
2819 1479 2927 1536 tibi
2956 1480 3132 1535 etiam
3165 1479 3402 1537 domino
3443 1480 3792 1540 charissima

2144 1586 2245 1642 per
2273 1569 2472 1624 omnia
2501 1568 2850 1636 fidelissimi,
2881 1585 2986 1624 ceu
3018 1585 3196 1625 aurea
3225 1569 3576 1626 candelabra
3595 1569 3794 1628 lucent

2141 1657 2200 1712 in
2233 1659 2406 1713 domo
2455 1662 2557 1713 tua
2607 1663 2741 1713 ante
2789 1657 2994 1713 Deum.
3030 1658 3146 1714 Nec
3193 1655 3364 1714 nocet
3403 1659 3453 1714 si
3483 1660 3663 1716 unius
3692 1660 3792 1718 lux

2141 1746 2316 1819 paulo
2348 1747 2664 1803 ferventius
2694 1747 2878 1815 ardet,
2912 1745 3156 1803 alterius
3203 1763 3336 1803 vero
3386 1747 3602 1815 lenius,
3627 1754 3688 1805 et
3715 1751 3789 1807 ob

2139 1835 2248 1890 hoc
2277 1835 2512 1907 longius
2538 1852 2549 1890 :
2575 1851 2708 1890 cum
2739 1837 3054 1905 utrumque
3075 1833 3385 1906 placoat,et
3404 1835 3608 1892 botrus
3629 1837 3728 1909 qui
3755 1854 3790 1894 a

2142 1924 2332 1980 calore
2363 1923 2504 1980 solis
2535 1923 2730 1992 citius,
2763 1927 2820 1978 et
2847 1923 2949 1996 qui
2971 1940 3100 1980 sero
3126 1923 3500 1993 maturescit;
3523 1928 3582 1980 et
3600 1942 3789 1998 equus

2137 2012 2321 2080 velox,
2351 2017 2408 2068 et
2437 2011 2535 2084 qui
2566 2011 2982 2085 pedetemptim
3012 2011 3296 2082 ambulat,
3320 2028 3484 2085 (eque
3513 2013 3790 2071 laudatur

2137 2101 2210 2157 ab
2241 2100 2352 2170 bis,
2387 2101 2486 2173 qui
2530 2101 2824 2156 interdum
2873 2099 3073 2171 hujus,
3105 2099 3402 2157 interdum
3445 2117 3581 2158 vero
3627 2103 3784 2160 illius

2137 2189 2410 2258 utilitate,
2441 2194 2615 2262 prout
2643 2206 2736 2245 res
2767 2187 2958 2254 liceat,
2991 2191 3260 2246 utuntur.

2209 2279 2472 2352 Longum
2505 2283 2598 2335 est
2626 2293 2768 2334 sane
2799 2293 2902 2349 per
2931 2277 3198 2351 singulos
3243 2277 3593 2335 nominatim
3640 2280 3785 2338 velle

2133 2369 2480 2434 discurrere,
2507 2371 2782 2440 quantos,
2803 2365 3124 2438 qualesque
3146 2365 3246 2423 Dei
3269 2367 3521 2424 famulos
3539 2368 3600 2423 in
3621 2369 3784 2425 omni

2131 2461 2254 2514 arte
2274 2461 2332 2513 et
2347 2457 2632 2513 virtutum
2656 2459 2967 2512 stemmate
2988 2454 3290 2512 redimitos
3303 2455 3383 2513 ibi
3397 2455 3782 2514 viderim.Sed

2131 2545 2390 2618 nequein
2405 2544 2666 2600 zedificiis
2688 2543 3097 2600 construendis
3119 2561 3188 2600 ex
3209 2545 3370 2600 omni
3387 2544 3780 2614 materia,tam

2127 2633 2450 2690 industrios
2479 2633 2653 2700 viros,
2678 2631 2768 2688 vel
2791 2649 2921 2688 raro
2944 2649 3197 2704 usquam
3221 2633 3406 2706 reperi
3429 2633 3604 2690 sicuti
3629 2637 3783 2693 bene

2127 2722 2188 2778 in
2207 2722 2343 2778 nido
2360 2721 2832 2795 apparet,quales
2852 2721 3118 2778 volucres
3143 2721 3222 2776 ibi
3237 2722 3779 2780 inhabitant.Cerne

2125 2810 2429 2868 basilicam
2447 2816 2507 2868 et
2521 2810 2768 2866 cmnobii
2790 2809 3202 2878 claustrum,et
3225 2828 3340 2866 non
3363 2810 3597 2868 miraris
3619 2813 3776 2884 quod

2125 2901 2408 2956 refero.Et
2435 2917 2508 2956 ne
2537 2901 2608 2956 de
2637 2899 2912 2955 omnibus
2942 2898 3168 2968 sileam,
3202 2899 3345 2971 quid
3367 2902 3459 2956 est
3479 2899 3776 2957 Uvinihar-

2122 2993 2241 3058 tus,
2273 2989 2386 3046 nisi
2419 2990 2545 3061 ipee
2575 2987 2886 3046 Daedalus?
2915 2987 3002 3043 vel
3031 2987 3164 3060 quis
3195 2988 3506 3055 Isenricus,
3523 2987 3634 3045 nisi
3670 2990 3774 3046 Be-

2124 3079 2603 3136 seleelsecundns
2624 3079 2650 3132 ’ἲ
2671 3078 2729 3132 in
2748 3078 2918 3148 cujus
2941 3081 3120 3132 manu
3144 3081 3410 3133 versatur
3429 3093 3663 3149 semper
3675 3078 3774 3134 do-

2123 3168 2615 3238 labrum,excepto
2648 3165 2881 3238 quando
2914 3169 3030 3220 stat
3059 3166 3130 3220 ad
3163 3165 3363 3221 altaris
3395 3165 3543 3221 sacri
3599 3165 3774 3221 mini-

366 3260 628 3333 campis:
656 3274 760 3314 nec
791 3261 880 3312 est
919 3257 1044 3327 jam
1063 3231 1069 3234 ”
1091 3255 1184 3310 his
1231 3231 1396 3310 labor
1444 3231 1743 3327 diligentis
1791 3257 2008 3326 animo,
2041 3231 2085 3299 (ἶ
2123 3231 2391 3312 sterium.
2426 3231 2613 3310 Tanta
2643 3231 2947 3310 humilitas
2977 3254 3036 3308 in
3059 3253 3144 3310 eis
3168 3258 3278 3322 est,
3303 3258 3371 3309 ut
3389 3257 3509 3309 tam
3532 3254 3773 3328 perfecti

367 3349 509 3423 quia
534 3347 702 3403 labor
730 3345 883 3418 parit
912 3343 1278 3416 patientiam,
1305 3343 1588 3415 patientia
1617 3343 2008 3413 tolerantiam,

367 3435 680 3496 tolerantia
708 3431 1136 3500 assiduitatem,
1171 3431 1488 3488 assiduitas
1539 3437 1732 3488 autem
1775 3434 2013 3490 adducit

365 3527 436 3585 ch
443 3527 526 3584 ari
533 3529 708 3582 tatem
719 3565 732 3578 .

441 3618 575 3672 Tum
609 3613 785 3668 multa
819 3611 978 3684 aﬂ'crt
1005 3609 1070 3666 de
1099 3609 1388 3666 dilectione
1429 3611 1692 3681 proximi,
1725 3611 1919 3669 deinde
1945 3613 2013 3670 de

365 3697 897 3778 quatuoruirtutibus
908 3698 1362 3766 cardinalibus,et
1377 3699 1764 3756 intellectualib
1772 3705 2009 3760 us.Post-

362 3792 582 3850 modum
609 3787 884 3847 descendit
909 3787 982 3845 ad
999 3788 1525 3860 grammaticalia,ac
1545 3787 1762 3846 demum
1782 3791 1877 3848 red
1883 3794 1925 3848 it
1942 3793 2014 3848 ad

362 3881 598 3938 moralia
623 3879 690 3937 dc
715 3878 1018 3946 dilectione,
1034 3877 1099 3934 de
1125 3877 1404 3945 anima,dc
1431 3877 1834 3950 redemptione;
1863 3889 1916 3937 et
1941 3881 2014 3937 ad

364 3969 582 4028 laudem
612 3970 787 4042 ipsius
819 3966 1121 4024 Grimoaldi
1143 3965 1484 4038 postmodum
1511 3966 1630 4024 hazc
1673 3968 1856 4025 subdit
1884 3989 1902 4024 :
1933 3973 2011 4026 Ac

365 4075 438 4115 ne
451 4074 544 4112 me
559 4057 619 4111 in
641 4056 736 4112 his
757 4054 1034 4110 laudibus
1053 4054 1420 4126 hypocritam
1441 4054 1880 4124 sentiasﬁicam
1904 4059 2011 4116 tibi

366 4147 590 4218 absque
621 4144 752 4199 fuco
783 4141 1546 4214 simulationis,quia,prout
1566 4146 2014 4214 nosti,beatissi-

366 4251 462 4290 mo
493 4234 842 4306 praeceptore
872 4247 1000 4285 meo
1031 4228 1402 4286 Walahfredo
1432 4247 1536 4302 pro
1567 4249 1846 4304 responso
1867 4253 2010 4309 quo-

365 4325 501 4380 dam
532 4319 734 4377 domni
757 4317 910 4390 regis
931 4317 1003 4372 ad
1028 4317 1300 4372 Carolum
1323 4333 1670 4390 germanum
1693 4340 1866 4378 suum
1891 4341 2014 4395 per-

365 4415 557 4486 gente,
591 4409 789 4480 ibique
820 4407 1111 4471 dcfuncto,
1146 4405 1382 4461 interim
1413 4422 1529 4476 quo
1559 4425 1693 4464 eum
1725 4409 1859 4466 inde
1881 4429 2011 4484 spe-

365 4500 538 4556 rabas
569 4497 902 4555 incolumen
933 4510 1324 4560 reversurum,
1341 4495 1576 4565 jussisti
1609 4513 1702 4552 me
1733 4500 1804 4554 de
1833 4501 2013 4558 Auva-

2117 3344 2224 3400 viri
2256 3360 2372 3400 non
2404 3343 2793 3416 dedignentur
2820 3360 2969 3415 opus
3011 3343 3297 3399 rusticum
3348 3359 3451 3416 per
3497 3359 3560 3399 se
3611 3343 3772 3416 ipsos

2119 3433 2377 3501 actitare,
2394 3435 2707 3505 pensantes
2724 3431 3008 3504 scriptum
3029 3450 3042 3486 :
3064 3431 3409 3488 Humilitate
3429 3436 3774 3504 penetratur

2119 3523 2352 3590 caelum,
2369 3527 2425 3578 et
2441 3521 2725 3577 charitate
2745 3522 3080 3594 pervenitur
3101 3521 3172 3576 ad
3196 3537 3442 3595 regnum
3467 3521 3776 3592 sempiter-

2120 3630 2283 3668 num.
2308 3611 2454 3678 Quid
2489 3627 2805 3666 memorem
2830 3610 2900 3666 de
2919 3610 3134 3666 domno
3155 3609 3553 3682 Amalgero,in
3576 3609 3774 3666 consi-

2120 3701 2214 3758 liis
2242 3700 2502 3774 provido,
2534 3705 2593 3755 et
2621 3699 3000 3754 universitate
3032 3716 3264 3755 morum
3287 3699 3591 3754 honestate
3620 3716 3776 3770 prte-

2119 3789 2320 3847 claro?
2349 3789 2410 3845 In
2442 3788 2637 3844 divino
2667 3790 2864 3843 autem
2897 3787 3060 3842 cultu
3103 3804 3280 3860 quam
3333 3786 3642 3859 religiosus
3673 3787 3773 3855 sit,

2121 3884 2370 3936 testatur
2398 3878 2580 3934 altare
2607 3893 2872 3944 aureum,
2908 3880 3042 3932 ante
3071 3877 3224 3948 quod
3249 3875 3454 3933 sedulo
3477 3876 3776 3944 sedet,nec

2111 3969 2269 4040 jacet
2297 3983 2488 4024 orans.
2523 3966 2707 4022 Taceo
2738 3965 2808 4020 de
2840 3966 3055 4020 domno
3089 3964 3510 4038 Radgoro,viro
3541 3963 3782 4038 simpli-

2121 4056 2379 4122 cissime,
2403 4071 2706 4126 usquequo
2728 4057 2963 4108 ventum
2989 4053 3163 4110 fuerit
3183 4055 3256 4122 ad
3280 4053 3570 4125 hoc,quod
3593 4051 3776 4110 latius

2120 4147 2180 4202 id
2208 4145 2430 4201 valeam
2453 4159 2756 4215 exponere,
2780 4141 3034 4214 qualiter
3053 4143 3248 4200 omnis
3271 4141 3645 4214 congregatio
3667 4141 3775 4198 illa

2120 4251 2223 4308 per
2251 4237 2439 4290 totum
2469 4232 2623 4288 diem
2654 4230 3019 4288 laboraverat
3047 4230 3106 4286 in
3139 4248 3254 4287 una
3276 4229 3684 4286 columnarum
3705 4229 3776 4285 il-

2117 4323 2332 4391 larum,
2347 4339 2475 4394 quas
2493 4320 2552 4376 in
2567 4319 2812 4376 basilica
2826 4319 2955 4392 ipsa
2972 4319 3466 4376 circumstanLAd
3491 4318 3772 4375 ultimum

2119 4412 2396 4468 omnibus
2419 4411 2545 4480 jam
2577 4408 2769 4474 fessis,
2797 4425 2863 4464 ac
2893 4409 3029 4464 inde
3047 4406 3644 4476 secedentibus,solus
3671 4406 3774 4463 ille

2121 4501 2193 4556 ab
2224 4500 2474 4570 incmpto
2506 4512 2678 4569 opere
2709 4514 2825 4552 non
2853 4498 3125 4565 recessit;
3158 4497 3259 4554 sed
3305 4502 3503 4553 tamen
3552 4496 3775 4553 frustra

363 4587 527 4644 vensi
559 4583 934 4650 monasterio,
967 4583 1039 4638 ad
1075 4582 1494 4638 monasterium
1525 4585 1740 4641 S.Galli
1760 4603 2009 4646 commo-
2043 4599 2089 4664 ι)
2124 4587 2396 4654 sudabat,
2421 4590 2738 4657 antequam
2768 4585 2828 4640 in
2860 4586 2980 4642 haec
3011 4585 3185 4642 verba
3215 4585 3502 4658 prorupit,
3527 4583 3769 4640 dicens:

366 4677 556 4743 randi,
588 4680 646 4731 et
674 4673 934 4730 discendi
967 4671 1156 4744 gratia
1195 4671 1504 4742 proficisci,
1539 4672 1733 4746 ibique
1764 4694 1798 4732 a
1821 4679 2011 4734 fratri-

366 4764 479 4820 bus
534 4761 851 4818 honoritice
903 4757 1198 4832 receptum
1246 4759 1590 4832 aliquandiu
1639 4767 2010 4837 commorari,

364 4851 523 4925 quod
543 4854 602 4907 et
623 4849 730 4905 feci
753 4848 926 4920 juxta
954 4851 1308 4920 praeceptum
1358 4848 1736 4922 benignitatis
1782 4859 2006 4914 vestrae.

257 4971 270 4977 -
363 4941 581 4998 Navem
610 4936 944 5003 conscendi,
969 4941 1144 5008 atque
1165 4934 1305 4991 illuc
1326 4953 1460 4992 cum
1483 4939 1644 4994 omni
1667 4944 2013 5015 prosperita-

363 5035 441 5098 te,
475 5029 590 5086 Deo
619 5027 1004 5101 gubernante,
1039 5023 1296 5096 perveni,
1326 5029 1638 5098 tantasque
1674 5027 1918 5090 virtutes
1948 5035 2008 5090 in

363 5115 573 5173 iisdem
608 5113 888 5170 fratribus
918 5111 1288 5183 conspexi,ut
1314 5112 1408 5166 vix
1439 5111 1670 5181 illas,ne
1701 5117 1860 5176 dicas
1891 5137 2006 5192 me,

365 5204 468 5261 sed
489 5221 678 5276 neque
708 5201 1095 5274 Pythagoram
1125 5199 1196 5254 de
1235 5200 1410 5256 Samo
1456 5217 1760 5273 egressum
1807 5213 2006 5280 putem

363 5291 556 5364 eloqui
587 5308 777 5362 posse.
808 5289 972 5347 Alius
1003 5288 1161 5346 enim
1183 5287 1297 5344 alio
1320 5287 1680 5360 humilior,et
1699 5297 2010 5366 patientior

365 5380 793 5446 invenitur,nec
822 5385 912 5435 est
931 5377 1092 5435 zelus
1110 5393 1348 5434 amarus
1369 5375 1522 5431 inter
1539 5381 1750 5446 eos,vel
1777 5383 2008 5444 invidiae

364 5469 545 5526 livor:
571 5467 672 5523 sed
704 5465 830 5522 sola
875 5467 1129 5523 charitas
1168 5465 1248 5521 ibi
1277 5465 1660 5539 principatur,
1693 5475 1752 5528 et
1773 5474 2011 5546 justitia

365 5555 665 5630 regnat.Et
688 5555 772 5610 sic
794 5555 1048 5610 charitas
1070 5560 1260 5610 mater
1279 5558 1367 5610 est
1386 5554 1689 5624 virtutum,
1704 5564 1762 5614 et
1779 5578 2010 5621 concor-

367 5647 464 5703 dia
490 5644 608 5702 filia
637 5644 790 5715 ejus,
818 5659 884 5699 ac
916 5642 1262 5716 simplicitas
1290 5659 1492 5700 earum
1541 5645 1862 5720 pedisequa
1890 5652 2009 5710 illic

2123 4680 2334 4736 Sancte
2367 4674 2547 4742 Galle,
2584 4674 2740 4730 ﬁnde
2770 4673 2952 4745 illam,
2977 4675 3310 4747 mirumque
3343 4675 3402 4729 in
3436 4673 3677 4729 modum
3710 4673 3775 4729 in

2121 4768 2214 4823 his
2242 4764 2432 4822 verbis
2463 4761 2808 4836 simpliciter
2836 4764 3045 4820 edictis
3075 4764 3239 4836 rupis
3271 4763 3429 4818 illius
3453 4761 3637 4818 moles
3658 4761 3774 4817 im-

2120 4872 2346 4921 mensa,
2377 4870 2487 4909 sua
2517 4855 2724 4924 sponte
2757 4853 2891 4908 inde
2923 4852 3063 4908 fissa
3091 4851 3489 4918 enituit,unde
3518 4854 3642 4906 tota
3670 4849 3778 4908 illa

2119 4941 2434 5000 mnltitudo
2455 4944 2590 4996 ante
2610 4938 2911 5012 laboravit,
2930 4946 2997 4996 ut
3018 4946 3215 5014 aperte
3236 4941 3477 4996 daretur
3497 4937 3772 5011 intelligi,

2117 5033 2274 5105 quod
2292 5031 2442 5086 hanc
2463 5029 2684 5086 ﬁndere
2706 5047 2820 5086 non
2845 5029 3008 5086 labor
3026 5027 3466 5096 hominum,sed
3489 5027 3772 5082 meritum

2117 5120 2302 5178 sancti
2334 5118 2482 5175 Galli
2513 5119 2722 5191 potuit,
2755 5136 2884 5191 qua:
2919 5135 3022 5192 per
3049 5117 3478 5174 invocationem
3509 5113 3772 5170 nominis

2115 5212 2246 5283 ejus
2276 5207 2631 5280 simplicem,
2663 5213 2783 5263 tam
2811 5207 2979 5263 facile
3009 5207 3152 5265 ﬁssa
3187 5205 3481 5281 apparuit.
3512 5205 3586 5262 Et
3630 5204 3778 5277 quia

2117 5301 2270 5356 idem
2305 5297 2429 5370 ipse
2462 5298 2638 5353 frater
2667 5297 2940 5352 columna
2979 5295 3308 5369 spiritualis
3355 5294 3584 5351 aedificii
3634 5294 3770 5362 fuit,

2118 5389 2177 5444 in
2196 5387 2298 5444 tali
2329 5385 2612 5442 miraculo
2640 5387 2858 5457 optime
2889 5385 3121 5442 claruit.

2193 5479 2456 5548 Longum
2469 5479 2559 5530 est
2571 5472 2825 5544 denique
2836 5473 2884 5528 si
2897 5474 3342 5532 omniaillorum
3361 5474 3609 5530 fratrum
3623 5471 3776 5528 bene

2118 5563 2524 5640 gesta,quibus
2547 5578 2652 5634 per
2671 5563 2946 5617 meritum
2971 5565 3157 5620 sancti
3185 5562 3332 5620 Galli
3363 5560 3770 5636 prmeminent,

2116 5655 2291 5712 velim
2322 5657 2444 5708 tam
2475 5649 2634 5706 brevi
2665 5666 2933 5709 sermone
2971 5653 3338 5720 concludere,
3372 5652 3514 5708 dum
3564 5664 3772 5706 omnes
