4120 6184
348 329 432 395 39
1714 333 1817 395 DE
1862 330 2407 399 GRAMMATICA.
3683 345 3760 411 30

353 479 540 524 unum
573 462 714 536 sint,
746 466 805 520 et
832 461 946 536 ipsi
980 461 1038 519 in
1067 460 1316 530 Christo,
1351 466 1409 520 et
1438 428 1706 522 Christus
1758 465 1818 520 in
1864 465 1948 522 eis
1980 483 1992 520 :
2026 466 2083 534 Α
2112 468 2232 524 ὴωο
2262 469 2438 525 etiam
2470 470 2539 526 de
2556 489 2671 528 uno
2689 470 2847 529 fonte
2865 489 2980 528 non
2999 472 3227 546 putavit
3244 472 3581 534 sitihnndus
3599 477 3758 535 sitim

355 555 495 628 quia
510 553 655 609 nihil
677 552 1042 625 impossibile
1058 557 1146 608 est
1161 553 1335 625 capiti
1355 555 1492 620 Deo,
1509 555 1606 626 qui
1623 555 1812 627 diligit
1828 573 2005 611 mem-

353 645 460 700 bra
488 660 596 698 sua
628 658 642 696 :
677 642 779 697 sed
812 658 918 697 nec
939 641 1161 714 aliquid
1182 643 1254 697 ad
1276 641 1744 715 impretrandum
1768 646 2003 702 difficile

353 733 466 789 erit
493 730 776 786 membris
806 729 1058 802 suis,qui
1092 731 1176 785 sic-
1207 731 1500 787 cohaerent
1528 733 1703 806 capiti
1735 752 1861 790 suo.
1898 737 2000 791 Fa-

351 819 702 886 teor,omnia
729 818 1051 874 laudabilia
1077 819 1193 874 vidi
1222 820 1279 874 in
1307 820 1476 887 eis,et
1501 823 1790 895 prazeipue
1815 824 2001 879 chari-

350 914 531 966 tatem
565 908 874 976 ridentem,
899 913 956 963 et
973 927 1157 964 unum
1175 909 1260 964 vel
1278 913 1696 983 nusquam,vel
1718 914 1774 968 in
1799 915 2003 985 paucis

351 998 448 1054 hic
471 997 701 1052 nullum
724 998 1138 1053 mussitantem
1161 1017 1173 1066 ;
1197 998 1641 1072 completurque
1659 1002 1716 1057 in
1739 1003 1824 1058 eis
1847 1005 2000 1075 quod

351 1087 491 1143 olim
516 1088 671 1143 Deus
692 1103 795 1157 per
812 1087 1158 1158 Prophetam
1183 1106 1359 1142 suum
1386 1090 1658 1161 promisit
1679 1091 1879 1147 dicens
1903 1110 1915 1147 :
1941 1094 2006 1148 Et

351 1178 576 1232 veniens
603 1175 856 1230 habitabo
881 1192 1006 1230 cum
1034 1178 1134 1244 eis,
1167 1185 1219 1232 et
1239 1179 1349 1248 ipsi
1374 1195 1606 1247 mecum,
1627 1188 1678 1235 ct
1708 1183 1849 1236 inter
1879 1182 2002 1236 illos

348 1264 661 1329 ambulatio,
693 1271 743 1318 et
765 1279 858 1318 ero
890 1265 1116 1320 illorum
1144 1265 1306 1331 Deus,
1339 1275 1389 1321 et
1419 1268 1528 1338 ipsi
1555 1277 1717 1324 erunt
1742 1269 1885 1325 mihi
1899 1286 2000 1341 ρος

342 1355 536 1426 palus.
573 1355 643 1409 Et
663 1354 837 1424 juxta
867 1353 1188 1410 Psalmistze
1222 1355 1892 1426 cohortationem,senes
1921 1360 2001 1415 ibi

347 1459 489 1500 cum
510 1442 854 1514 junioribus
885 1460 1116 1514 semper
1146 1443 1390 1501 laudant
1419 1463 1631 1503 nomen
1663 1449 1916 1515 Domini.

422 1531 898 1604 Quapropter,mi
915 1531 1261 1588 charissima
1273 1533 1441 1590 Pater
1451 1536 1663 1592 domne
1684 1537 1999 1607 Grimolde,

348 1621 452 1676 diu
473 1620 822 1692 opitulatum
845 1620 1060 1676 mentis
1081 1639 1220 1677 mea)
1235 1623 1619 1682 intentionem
1635 1644 1791 1682 nunc
1814 1627 2000 1684 reclu-

348 1710 606 1765 dendam
637 1710 848 1766 sentio.
869 1710 1014 1776 Quia
1035 1715 1229 1766 tamen
1255 1713 1408 1768 bona
1431 1713 1489 1768 in
1517 1720 1594 1782 te,
1615 1720 1673 1771 et
1693 1717 1752 1771 in
1778 1718 2003 1773 familia

2113 576 2281 614 suam
2315 577 2485 630 posse
2516 563 2727 617 sedari.
2760 563 2845 616 Ad
2879 580 3038 619 mare
3067 566 3347 633 cucurrit,
3380 565 3606 623 scilicet
3647 568 3758 624 Ho-

2113 665 2341 704 merum
2374 651 2566 706 nescio
2597 668 2771 722 quem
2795 669 3008 707 novum
3033 670 3135 724 pro
3159 654 3265 710 hac
3294 672 3355 711 re
3376 655 3655 714 invocans
3676 658 3760 714 cis

2115 738 2409 805 Rhenum,
2443 739 2540 811 qui
2573 740 2631 794 in
2672 757 2895 796 morem
2948 741 3135 796 Flacci
3171 760 3284 798 non
3316 745 3499 799 currit
3528 744 3588 800 in
3622 763 3758 818 poe—

2113 831 2288 893 mate,
2323 829 2421 882 sed
2455 828 2603 882 fluit.
2625 829 2867 900 Insuper
2888 834 2944 884 et
2964 829 3138 902 Alpes
3172 830 3664 904 philosophantur
3684 837 3762 890 vi-

2114 933 2266 980 rum,
2302 917 2413 970 sub
2446 916 2662 986 quibus
2696 918 2909 988 jugum
2962 918 3377 974 Sambutinum
3431 922 3758 993 Radpcrtus

2113 1002 2290 1076 lyrico
2323 1005 2584 1076 possidet
2615 1021 2755 1058 sono
2788 1021 2801 1058 ε
2835 1008 2892 1058 et
2923 1005 2971 1058 si
3004 1010 3202 1060 nosset
3230 1011 3398 1062 antra
3430 1009 3754 1080 Musarum,

2111 1097 2266 1148 esset
2301 1093 2453 1158 talis,
2489 1097 2552 1146 ut
2583 1092 2865 1163 Cynthius
2895 1093 3116 1164 Apollo.
3141 1096 3318 1164 Cujus
3344 1099 3537 1167 poesis
3567 1100 3757 1171 prisco

2113 1182 2161 1236 si
2186 1182 2480 1236 interdum
2509 1181 2835 1236 alternatur
2856 1198 3034 1248 more,
3061 1182 3416 1240 Hartmodus
3438 1187 3564 1256 ejus
3587 1205 3758 1245 aures
3859 1185 3872 1188 ’

2112 1269 2325 1337 avellit,
2343 1273 2479 1341 apta
2496 1269 2807 1341 repingens
2831 1269 3345 1341 proprietati.Nam
3364 1276 3421 1327 et
3438 1272 3561 1345 ipse
3578 1275 3758 1332 scien-

2112 1359 2254 1414 tiam
2286 1358 2734 1431 philosophandi
2766 1358 2961 1427 habet,
2996 1363 3060 1412 ut
3089 1359 3425 1416 Aristoteles
3465 1362 3757 1420 calamum

2112 1447 2172 1504 in
2205 1453 2456 1503 mentem
2489 1446 2738 1520 erigens.
2772 1448 2842 1502 Et
2871 1447 3012 1519 quia
3050 1448 3237 1503 multa
3289 1454 3428 1504 sunt
3476 1451 3759 1510 miracula

2112 1538 2300 1593 sancti
2363 1537 2534 1605 Galli,
2594 1536 2790 1608 plures
2841 1537 3008 1592 decet
3065 1537 3280 1592 habeat
3345 1539 3758 1611 astipulatores

2113 1627 2585 1699 multiplicesque
2613 1625 2967 1682 laudatores.
2983 1628 3061 1680 Ac
3079 1642 3152 1681 ne
3173 1625 3335 1683 solus
3355 1626 3414 1682 in
3436 1629 3564 1699 ejus
3586 1629 3760 1686 laude

2113 1716 2339 1784 sileam,
2372 1732 2560 1788 usque
2589 1715 2875 1769 beneﬁcia
2904 1714 3195 1770 immensa
3219 1715 3278 1770 in
3301 1732 3394 1772 me
3417 1717 3544 1788 ipso
3565 1734 3760 1790 exper-

346 1802 472 1866 tua,
494 1815 596 1870 per
626 1798 727 1853 Dei
747 1785 997 1869 gratiam
1017 1801 1424 1872 conspexi,ceu
1449 1804 1682 1860 basium
1704 1808 1998 1877 quoddam
2034 1838 2083 1905 Β
2115 1808 2209 1860 tus
2253 1823 2406 1873 sum,
2441 1809 2560 1859 tam
2611 1802 2670 1858 in
2718 1803 2876 1858 vocis
2925 1801 3208 1869 claritate,
3243 1821 3420 1874 quam
3470 1806 3645 1861 etiam
3698 1808 3756 1863 in

353 1887 679 1958 rependens
699 1885 969 1942 charitati
986 1891 1209 1955 VBStNB,
1225 1889 1468 1962 cogitavi
1485 1893 1702 1966 scripto
1715 1911 2007 1952 commen-

354 1975 492 2030 dare
521 1991 648 2046 quzs
681 1973 825 2030 mihi
856 1979 1128 2032 constant
1159 1977 1229 2033 de
1257 1983 1451 2035 vestra
1481 1981 1740 2039 bonitate
1771 1988 1928 2052 nota,
1948 1990 2007 2041 et

349 2062 722 2136 dignissima.
753 2063 826 2119 Et
855 2080 959 2119 cur
987 2081 1102 2120 non
1126 2067 1420 2123 memoria:
1441 2070 1732 2126 tradimus
1755 2072 1908 2128 facta
1928 2075 2006 2128 vi-

347 2167 552 2206 rorum
582 2167 720 2206 cum
750 2151 981 2208 Christo
1010 2154 1408 2221 viventium,si
1440 2161 1602 2214 tanto
1635 2160 1830 2216 studio
1861 2161 2003 2235 legi-

347 2256 488 2296 mus
517 2240 672 2295 facta
691 2240 1001 2297 hominum
1033 2242 1371 2316 iniquorum
1395 2252 1849 2315 mortuorum,et
1869 2267 2003 2306 cum

347 2328 585 2384 diabolo
617 2329 677 2383 in
709 2329 935 2386 inferno
965 2332 1375 2404 sepultorum?
1404 2336 1550 2402 Quid
1576 2337 1733 2393 enim
1753 2339 2002 2410 Jupiter,

345 2417 440 2472 vel
472 2418 723 2485 Mavors,
756 2417 870 2475 nisi
900 2419 1170 2477 homines
1200 2424 1488 2494 pessimi?
1508 2429 1566 2480 et
1585 2426 1726 2498 quid
1750 2445 1780 2482 e
1803 2433 2006 2484 contra

348 2511 598 2563 sanctus
618 2506 1103 2574 Columbanus,et
1119 2517 1362 2568 sanctus
1373 2513 1576 2570 Gallus
1598 2515 1710 2570 nisi
1734 2516 2006 2573 homines

349 2594 563 2668 optimi
600 2596 881 2651 fuerunt?
910 2615 1162 2668 quorum
1213 2601 1456 2670 familia,
1491 2604 1670 2659 tantis
1717 2609 2004 2661 terrarum

351 2683 566 2756 spatiis
592 2684 910 2756 dirempta,
937 2687 1070 2744 talis
1101 2693 1209 2756 est,
1237 2694 1301 2745 ut
1321 2708 1438 2746 una
1457 2691 1568 2760 sit;
1595 2697 1874 2765 tantaque
1896 2699 2003 2762 est,

351 2775 424 2827 ut
450 2789 556 2843 per
584 2772 685 2827 Dei
717 2773 966 2845 gratiam
999 2776 1168 2848 signa
1197 2779 1508 2836 faciat.Sed
1542 2782 1680 2852 quia
1711 2783 1780 2837 de
1812 2784 2006 2838 omni-

356 2861 469 2916 bus
500 2861 744 2934 longum
771 2868 860 2918 est
889 2881 1369 2935 commemorare,
1403 2869 1490 2924 vel
1532 2871 1602 2926 de
1649 2871 1769 2927 vita
1817 2875 2004 2929 sancti

355 2949 528 3016 Galli,
554 2951 726 3021 cujus
752 2955 814 3006 tu
837 2957 1037 3024 pastor
1055 2973 1233 3026 quam
1257 2958 1474 3029 optime
1495 2961 1797 3032 tugurium
1819 2961 2006 3034 possi-

353 3038 484 3103 des,
499 3042 558 3092 et
573 3038 859 3094 familiam
881 3041 1068 3113 regis;
1095 3042 1264 3099 liceat
1284 3047 1503 3102 amoris
1526 3065 1704 3104 causa
1723 3051 2007 3106 virtutum

353 3127 487 3197 ejus
508 3129 799 3198 quosdam
819 3129 1105 3187 floscellos
1121 3133 1450 3205 decarpere,
1471 3139 1529 3190 et
1550 3137 1806 3193 metricis
1830 3139 2006 3194 melo-

2116 1893 2314 1948 luctus
2346 1893 2458 1948 mei
2492 1891 2796 1958 solamine,
2832 1891 2914 1945 ita
2960 1895 3024 1945 ut
3073 1895 3247 1946 noctu
3291 1896 3426 1947 ante
3477 1893 3756 1951 tinnitum

2115 1984 2281 2052 noles,
2315 1984 2472 2039 hunc
2501 1998 2734 2038 versum
2769 1982 3033 2035 cantaret
3063 1984 3196 2036 ante
3226 1997 3319 2036 me
3351 1997 3363 2035 :

2439 2172 2479 2221 Ο
2508 2171 2739 2230 alumne,
2771 2173 2894 2218 tuos
2922 2169 3212 2232 comprime
3242 2168 3434 2219 luctus.

2115 2347 2296 2411 Quom
2328 2344 2502 2399 etiam
2536 2341 2761 2396 luctum
2789 2357 2892 2412 pro
2925 2339 3186 2395 manenti
3217 2340 3614 2408 corcordia,ne
3636 2359 3761 2413 pro-

2114 2440 2244 2506 pter
2272 2450 2365 2488 me
2395 2431 2613 2486 ibidem
2647 2445 2908 2501 unquam
2939 2433 3284 2497 mutaretur,
3311 2429 3368 2485 in
3392 2434 3592 2503 crypta
3610 2432 3764 2512 ejus-

2115 2525 2249 2578 dem
2275 2521 2460 2577 sancti
2484 2521 2599 2575 Deo
2625 2518 3139 2588 fudi.Quapropter
3158 2517 3290 2572 licet
3304 2535 3483 2590 supra
3499 2519 3759 2576 nomina-

2115 2612 2192 2667 tis
2223 2610 2410 2682 poetis
2440 2608 2552 2663 sim
2586 2605 2883 2677 abjectior,
2913 2610 2968 2660 et
2989 2606 3060 2659 ob
3090 2605 3353 2677 ipsorum
3382 2607 3630 2663 facetam
3663 2626 3758 2663 ur-

2115 2701 2436 2756 banitatem
2466 2697 2608 2752 satis
2640 2699 2892 2766 spretus,
2919 2694 3057 2766 quia
3077 2711 3180 2749 nec
3203 2698 3431 2766 poetam
3464 2713 3568 2751 nec
3601 2714 3760 2752 amu-

2116 2794 2386 2845 szeterum
2418 2784 2776 2858 [ἀμυσώτερον]
2811 2799 2903 2838 mc
2925 2799 3052 2837 esse
3083 2783 3387 2854 profiteor:
3413 2789 3608 2840 tamen
3639 2802 3763 2841 ves-

2115 2883 2204 2934 tra
2236 2876 2577 2932 auctoritate
2599 2873 2866 2942 jubente,
2899 2871 3116 2942 quibus
3143 2871 3316 2926 verba
3348 2871 3657 2941 delectant,
3690 2875 3762 2929 de

2116 2965 2348 3036 magnis
2377 2979 2551 3035 parva
2581 2976 2844 3030 excerpo,
2878 2963 2987 3014 etc.

2192 3058 2350 3108 Inter
2378 3052 2500 3106 haec
2529 3049 2707 3104 etiam
2733 3051 2791 3102 et
2820 3047 3128 3118 cujusdam
3160 3045 3424 3102 Scotticae
3474 3063 3623 3119 perae
3668 3049 3760 3120 ja-

2117 3143 2250 3198 cula
2287 3157 2506 3204 vereor,
2539 3155 2642 3193 seu
2693 3153 2761 3191 ex
2808 3135 2986 3190 latere
3035 3135 3271 3202 emissa,
3306 3152 3431 3206 quae
3479 3137 3652 3192 modo
3701 3137 3757 3192 in

354 3215 492 3282 diis,
527 3233 634 3272 ceu
669 3217 910 3274 floreum
943 3220 1214 3277 diadema
1243 3225 1417 3296 capiti
1461 3229 1562 3281 tuo
1611 3243 1958 3299 componere
1989 3245 2000 3282 :
2037 3209 2080 3275 C
2120 3231 2384 3305 partibus
2413 3226 2682 3284 Ausonia;
2715 3225 2940 3297 puttoni
2978 3223 3285 3294 Littonias,
3315 3223 3403 3278 vel
3435 3223 3591 3280 aliud
3621 3225 3760 3297 quid

357 3311 423 3360 ut
454 3307 503 3360 si
528 3305 804 3378 superius
825 3312 879 3363 te
900 3311 1059 3365 omni
1079 3309 1359 3368 virmtum
1383 3315 1587 3370 decore
1610 3316 1727 3370 dixi
1753 3333 2008 3388 gemma-

352 3399 502 3461 tum,
530 3395 662 3450 sine
678 3412 892 3452 corona
907 3402 1135 3455 tantum
1154 3419 1268 3457 non
1289 3405 1343 3457 te
1363 3402 1557 3458 videat
1578 3404 1662 3460 sol
1685 3404 2008 3462 stella'mm:
2053 3451 2057 3456 ,

352 3483 604 3553 Scripsit
632 3483 831 3556 itaque
861 3487 1126 3557 ejusdem
1163 3491 1512 3548 confessoris
1564 3493 1778 3548 Christi
1827 3495 2013 3551 vitam:

352 3574 734 3646 supradictus
748 3582 1065 3649 praeceptor
1077 3595 1264 3646 meus,
1279 3579 1366 3634 vir
1381 3581 1491 3636 sim
1500 3580 1553 3653 pl
1566 3581 1835 3638 icissimaa
1853 3584 2002 3651 vitae,

350 3667 406 3719 et
439 3679 545 3735 per
573 3663 774 3718 omnia
803 3670 988 3733 rectae,
1025 3668 1278 3724 domnus
1310 3669 1716 3725 Walhafredus
1765 3672 1866 3727 tibi
1902 3690 2004 3727 ro-

351 3751 647 3816 tissimus,
677 3769 852 3823 quem
883 3753 1058 3809 etiam
1084 3759 1147 3810 tu
1180 3756 1302 3828 ipse
1333 3763 1398 3812 ut
1427 3760 1652 3832 peritus
1699 3761 2006 3834 cathegeta

350 3841 610 3912 peritum
645 3842 971 3918 sophistam
1003 3847 1295 3914 enutristi,
1311 3852 1368 3903 et
1385 3852 1450 3903 ut
1470 3849 1603 3920 plus
1625 3850 1684 3905 in
1707 3851 1879 3907 domo
1903 3851 2004 3908 Dei

347 3928 592 3995 luceret,
624 3928 847 3986 lumine
877 3933 979 3987 Dei
1009 3939 1367 4005 praeventum
1390 3955 1564 4010 super
1585 3939 2001 3996 candelabrum

348 4017 612 4073 elevasti.
632 4018 744 4073 Sed
776 4018 891 4075 heu
923 4038 1026 4092 pro
1058 4023 1254 4078 dolor!
1277 4042 1434 4079 mors
1459 4027 1686 4094 acerba,
1707 4044 1834 4099 qua:
1856 4029 2003 4084 nulli

347 4106 803 4178 parcere'novit,
833 4109 1028 4165 subito
1060 4128 1194 4166 eum
1246 4113 1416 4168 nobis
1452 4115 1588 4170 tulit
1621 4131 1633 4169 :
1669 4133 1774 4170 nec
1805 4121 2001 4173 tamen

349 4193 464 4248 sibi
494 4194 756 4248 animam
807 4195 970 4252 illam
1017 4199 1536 4273 vindicavit,quam
1585 4203 1855 4261 Christus
1903 4223 2001 4260 as-

350 4282 623 4355 sumpsit.
643 4281 844 4339 Voluit
857 4302 990 4341 vero
1006 4286 1102 4342 ille
1124 4289 1348 4360 poetico
1371 4290 1654 4347 cothurno
1678 4297 1843 4364 gesta
1866 4295 2000 4349 bea-

349 4371 566 4426 tissimi
599 4370 749 4428 Galli
781 4389 1029 4442 comere,
1054 4379 1152 4432 sed
1177 4382 1361 4435 morte
1383 4381 1914 4450 prmventus,vitam
1941 4382 1998 4437 in

346 4459 466 4515 vita
495 4462 704 4518 finivit.
731 4463 896 4519 Unde
920 4480 1025 4537 ego
1049 4472 1286 4538 rogatus
1303 4485 1436 4523 sum
1457 4486 1490 4524 a
1511 4467 1866 4540 quibusdam
1891 4472 2001 4527 fra-

2117 3319 2400 3391 incogniti
2433 3316 2546 3372 cibi
2578 3314 2820 3387 colligit,
2843 3318 2900 3368 et
2929 3312 3064 3368 licet
3089 3313 3292 3368 attrita
3311 3314 3765 3386 fronte,appare-

2116 3403 2858 3480 bit,quando*pntta'indet
2881 3401 3159 3473 gustabit.
3193 3402 3424 3457 Tertius
3467 3402 3644 3458 timor
3672 3420 3765 3458 me

2117 3493 2593 3570 prex.1rit;.Calvus
2612 3491 2976 3564 jamidictus-
2995 3490 3260 3562 partibus
3291 3490 3384 3546 his
3415 3490 3637 3560 favens,
3659 3493 3762 3547 sed

2115 3592 2217 3642 tuo
2245 3583 2542 3657 privilegio
2574 3597 2806 3653 semper
2837 3578 3016 3635 salvo.
3051 3578 3399 3634 Consolatur
3417 3596 3510 3634 me
3532 3596 3652 3634 una
3670 3596 3763 3636 res

2114 3687 2294 3748 super
2323 3669 2766 3742 eozqaiatalis
2787 3668 3010 3724 Calvus.
3030 3683 3335 3738 nunquam
3383 3666 3494 3722 erit
3542 3667 3760 3734 salvus,

2113 3765 2232 3820 imo
2264 3765 2375 3819 crit
2403 3761 2632 3828 salvus,
2648 3759 2705 3813 si
2739 3757 2900 3813 bene
2916 3756 3091 3814 fuerit
3119 3755 3348 3810 Calvus.

2185 3854 2460 3923 Hancque
2491 3846 2991 3918 horripilationem
3024 3845 3218 3897 forsan
3249 3843 3310 3896 in
3343 3847 3517 3914 ponte
3546 3845 3756 3900 Cumc-

2112 3941 2264 3998 tensi
2296 3933 2834 4006 hauserat,quando
2865 3933 2936 3986 de
2959 3929 3306 3986 Bobionensi
3340 3931 3603 3986 cmnobio
3633 3932 3761 3987 reli-

2113 4031 2283 4103 quias
2313 4027 2496 4085 sancti
2529 4021 2877 4080 Columbani
2909 4037 3107 4076 secum
3137 4019 3328 4075 ferens
3373 4019 3564 4091 rediit,
3597 4025 3655 4077 et
3683 4022 3756 4076 ob

2112 4117 2399 4174 incuriam
2424 4113 2741 4187 quamdam
2776 4111 2848 4166 de
2879 4110 3006 4164 navi
3039 4109 3366 4181 egrediens,
3402 4126 3634 4181 proram
3657 4110 3762 4165 im-

2113 4206 2355 4280 pegit,et
2382 4204 2441 4258 in
2473 4219 2634 4258 mare
2681 4199 2892 4255 cecidit
2923 4215 2935 4253 :
2970 4198 3222 4269 indeque
3253 4215 3286 4252 a
3314 4197 3757 4256 sublevantibus

2109 4311 2394 4359 emersus,
2429 4290 2746 4363 putabatur
2775 4305 2808 4342 a
2839 4287 3034 4342 nautis
3068 4290 3133 4341 ut
3175 4290 3331 4341 esset
3370 4286 3606 4342 Paulus.
3641 4288 3750 4346 Sed

2111 4385 2250 4458 quia
2274 4387 2338 4438 ut
2367 4379 2662 4453 quondam
2695 4376 2874 4431 Jacob
2908 4373 3294 4442 claudicabat,
3323 4374 3593 4446 cognitus
3615 4379 3704 4431 est
3723 4394 3758 4433 a

2109 4471 2481 4536 ducentibus,
2514 4471 2581 4522 ut
2611 4467 2662 4521 is
2692 4468 2864 4531 esset,
2900 4462 2999 4535 qui
3031 4467 3203 4518 antea
3232 4477 3335 4533 per
3363 4480 3424 4518 se
3449 4463 3582 4518 talis
3603 4463 3759 4519 ince-

345 4547 560 4619 tribus,
585 4556 641 4606 et
670 4552 963 4625 praecipue
983 4571 1017 4609 a
1039 4556 1414 4612 devotissimo
1440 4558 1818 4629 Gozperto,ne
1840 4561 2000 4618 dicas
2029 4574 2076 4638 D
2109 4563 2302 4617 debat.
2326 4557 2555 4615 Grande
2576 4559 2768 4608 tamen
2804 4556 3034 4606 tantum
3059 4551 3405 4622 periculum,
3434 4555 3491 4604 et
3515 4549 3758 4606 laudan-

345 4637 540 4706 Calvo,
575 4640 678 4696 sed
711 4640 846 4713 pilis
877 4643 1103 4715 cephali
1145 4651 1458 4701 auretcnus
1506 4648 1682 4717 nudo,
1719 4649 1876 4704 omni
1911 4653 1999 4704 ta-

347 4742 486 4782 men
518 4733 721 4784 sancta
752 4731 1154 4788 benevolentia
1183 4734 1374 4806 pleno,
1409 4734 1736 4792 felicissimi
1768 4739 1997 4795 abbatis

344 4816 615 4887 Gozperti
644 4823 874 4891 nepote,
907 4837 1041 4876 cum
1075 4823 1329 4894 quadam
1360 4822 1412 4877 vi
1436 4822 1822 4895 impulsus,ut
1841 4828 1996 4898 quod

344 4905 635 4976 magister
663 4907 906 4964 devotus
937 4927 1051 4965 non
1080 4911 1368 4982 impleret,
1403 4928 1510 4984 ego
1542 4912 1724 4969 cliens
1775 4917 2000 4972 assecla

344 4993 677 5065 compleam
707 4996 848 5052 illud
875 4999 1394 5067 factum,asserens
1415 5019 1543 5057 esse
1567 5020 1749 5058 unum
1771 5009 1889 5060 tam
1913 5006 1997 5060 in-

344 5082 622 5153 cipientis
650 5101 720 5139 ex
751 5087 1163 5159 animo,quam
1188 5090 1542 5161 perﬁcienlis
1564 5093 1997 5162 prmmiumFe-

342 5169 972 5245 cissemque,fateor,in
995 5177 1104 5233 hac
1134 5195 1196 5233 re
1214 5177 1361 5233 votis
1383 5179 1600 5245 satis,si
1619 5182 1994 5251 supradictus

340 5257 594 5316 dilectus
626 5268 826 5319 noster
853 5265 912 5319 in
933 5264 1041 5322 hac
1070 5267 1350 5338 petitione
1371 5267 1628 5339 aliquam
1652 5270 1991 5340 patientiam

340 5345 669 5404 habuisset.
704 5352 804 5408 Est
832 5355 990 5409 enim
1020 5358 1141 5409 tam
1170 5355 1446 5412 ferventis
1475 5357 1675 5423 studii,
1694 5363 1759 5412 ut
1785 5359 1842 5413 in
1876 5378 1992 5417 una

338 5437 666 5510 eademque
698 5439 860 5509 hora,
885 5448 944 5497 et
963 5442 1054 5498 lac
1080 5443 1217 5499 velit
1245 5444 1597 5517 mulgere,et
1617 5463 1851 5502 caseum
1873 5466 1993 5520 pre-

339 5539 504 5580 mere
535 5542 547 5579 :
583 5543 717 5581 cum
751 5547 853 5584 nec
881 5531 1066 5586 Roma
1096 5549 1212 5587 una
1242 5533 1332 5588 die
1363 5535 1440 5589 sit
1469 5535 1722 5601 condita,
1758 5539 1859 5592 sed
1892 5555 1988 5594 ne-

338 5628 454 5682 que
485 5614 747 5671 triticum
774 5619 976 5674 eodem
1011 5620 1106 5676 die
1135 5619 1518 5692 metitur,quo
1541 5620 1884 5678 seminatur.
1905 5626 1989 5680 Ad

2108 4652 2221 4706 dus
2251 4649 2425 4713 Deus,
2458 4644 2560 4715 qui
2590 4658 2724 4699 eum
2757 4640 3021 4695 liberavit
3052 4656 3154 4710 per
3174 4656 3351 4694 suum
3374 4639 3751 4696 miraculum.

2107 4741 2354 4809 Haecque
2383 4733 2528 4790 alias
2559 4748 2666 4787 suo
2693 4729 2818 4785 loco
2849 4727 3096 4784 dicenda
3127 4726 3416 4799 relinquo.

2178 4828 2483 4888 Caeterum,
2519 4820 2599 4874 mi
2629 4818 2914 4892 magister
2941 4821 2999 4871 et
3017 4815 3252 4871 domine
3282 4815 3659 4884 amabillime,
3693 4816 3752 4871 in

2106 4916 2261 4973 calce
2277 4912 2456 4982 hujus
2481 4906 2738 4980 epistolze
2761 4904 3133 4961 sanctitatem
3154 4909 3410 4960 vestram
3433 4904 3640 4960 obnixe
3660 4905 3733 4958 de

2106 5020 2301 5078 posco,
2338 5005 2403 5054 ut
2432 5013 2620 5069 nugas
2652 4993 2956 5068 praesentis
2987 4993 3203 5065 eloquii
3235 4993 3349 5048 mei
3372 4993 3453 5046 ita
3473 4990 3752 5060 suscipia-

2104 5095 2200 5160 tis,
2233 5089 2410 5146 veluti
2441 5085 2662 5158 optime
2691 5083 2921 5138 confido
2951 5081 3011 5136 in
3044 5081 3450 5153 paternitatem
3473 5081 3749 5134 vestram.

2175 5177 2428 5251 Adjunxi
2459 5179 2655 5230 autem
2688 5176 2745 5227 et
2773 5170 2910 5226 huic
2950 5170 3110 5241 operi
3158 5169 3326 5223 breve
3373 5164 3748 5237 opusculum,

2103 5271 2258 5345 quod
2292 5270 2363 5323 de
2392 5263 2743 5334 incmptione
2772 5259 2955 5315 nostri
2988 5253 3752 5345 ccenohii,etfratrumiibi-

2103 5341 2234 5418 dem
2258 5359 2371 5413 Deo
2396 5350 2808 5408 famulantium
2827 5347 2943 5400 vita
2960 5341 3278 5414 conscripsi
3300 5362 3314 5412 ;
3336 5343 3579 5415 ipsaque
3595 5344 3750 5399 dicta

2100 5452 2222 5504 viro
2245 5464 2345 5519 per
2365 5441 2564 5498 omnia
2586 5435 2922 5492 doctissimo
2945 5433 3161 5486 domno
3180 5430 3463 5487 Gotbaldo
3475 5431 3749 5519 episcopo

2099 5538 2186 5593 vel
2216 5518 2612 5607 approbanda,
2640 5541 2740 5580 seu
2767 5521 3075 5576 refutanda
3095 5518 3751 5590 commendavi.thuia

2099 5627 2197 5683 ille
2225 5626 2344 5680 haec
2369 5618 2480 5676 sibi
2507 5617 2674 5687 grata
2699 5608 3255 5681 dijudicavit,vestro
3278 5626 3391 5665 non
3416 5608 3750 5680 ingrataju-
