4120 6184
405 339 477 400 31
1323 329 1882 394 ERCHAMBERTI
1930 325 2468 389 FRISINGENSIS
2511 326 2885 388 EPISCOPI.
3739 319 3816 384 32

407 469 558 528 dicio
582 465 970 526 examinanda
1022 463 1325 523 destinavi.
1361 462 1549 521 Simul
1580 465 1639 518 et
1666 459 1776 517 hoc
1821 459 2045 527 scitote,
2079 459 2132 527 Α
2166 459 2402 516 Rhenus
2434 458 2507 514 ab
2531 457 2804 515 Ausoniis
2835 457 3194 516 descendens
3226 454 3530 513 montibus
3557 454 3715 524 altis,

407 563 564 636 quod
595 576 699 615 nec
733 559 791 613 in
824 575 956 614 cera
983 556 1072 613 vel
1102 556 1160 610 in
1193 554 1394 610 tabula
1436 553 1556 608 haec
1613 550 1892 622 expressi,
1928 549 2051 614 sed,

408 652 563 709 sicut
593 651 652 705 in
686 648 1070 720 praesentibus
1101 644 1318 702 scholis
1347 643 1566 699 dictata
1611 646 1770 708 sunt,
1806 641 1888 695 ita
1917 645 2056 694 sunt

406 740 571 796 vobis
601 740 856 794 directa:
885 740 946 791 ut
967 736 1016 790 si
1049 736 1242 790 forsan
1275 749 1472 789 coram
1504 731 1652 787 lecta
1683 747 1796 785 non
1831 729 2055 800 placue-

407 829 546 896 rint,
571 845 686 882 non
717 827 794 881 sit
825 824 989 880 dolor
1018 823 1427 897 perisse,quod
1462 825 1694 877 constat
1714 817 1826 873 vile
1851 819 2049 873 fuisse.

409 919 472 974 In
500 917 678 990 priori
710 915 947 987 quidem
980 930 1152 985 opere
1181 912 1449 966 Anicium
1482 909 1743 966 Boetium
1772 925 1901 962 sum
1929 908 2052 961 imi-

405 1011 581 1068 tatus,
617 1006 675 1058 in
700 1005 812 1060 isto
843 1021 975 1058 vero
1020 1001 1283 1072 l’rosperi
1318 999 1500 1055 nostri
1537 1013 1759 1053 morem
1791 1013 1856 1052 ex
1889 1001 2052 1066 parte

406 1099 666 1151 secutus.
691 1095 778 1148 Tu
806 1109 959 1157 vero,
983 1093 1184 1145 doctor
1205 1087 1603 1160 sagacissime,
1627 1086 1846 1158 lynceis
1868 1085 2050 1140 oculis

405 1186 462 1240 in
488 1183 705 1239 talibus
729 1185 919 1249 utens,
944 1179 1308 1235 orationibus
1330 1177 1447 1233 tuis
1478 1193 1570 1231 me
1601 1177 1830 1248 adjuva,
1847 1179 2050 1246 quate-

407 1291 518 1328 nus
540 1274 610 1328 ad
638 1274 870 1343 portum
893 1268 1105 1340 quietis
1127 1268 1477 1339 quandoque
1495 1281 1768 1337 prospere
1789 1267 2049 1319 evectum

406 1362 613 1417 audias
637 1376 730 1415 me
761 1360 914 1413 inter
942 1356 1275 1412 laetissimos
1308 1355 1570 1410 celeuma
1599 1370 1668 1408 ex
1699 1352 1813 1408 alto
1840 1367 2051 1406 canen-

405 1457 545 1506 tem.
565 1450 780 1506 Sancta
801 1452 857 1504 et
877 1445 1285 1519 inseparabilis
1325 1443 1584 1500 Trinitas
1604 1459 1703 1497 vos
1725 1458 1858 1497 cam
1889 1441 2048 1496 omni

403 1556 578 1613 grege
631 1539 821 1593 vestro
876 1537 1021 1592 bene
1075 1533 1262 1590 valere
1299 1533 1492 1597 faciat,
1529 1531 1641 1587 mei
1674 1529 2051 1586 memorande

405 1645 638 1701 semper
668 1626 726 1682 in
760 1641 896 1682 aevo.
928 1624 1133 1680 Amen.

474 1762 518 1819 Ο
553 1760 685 1817 felix
714 1762 872 1814 vates
913 1756 1159 1813 senioris
1192 1753 1425 1808 nomine
1457 1752 1700 1827 dignus,_

546 1849 849 1905 Poscimus
880 1848 1140 1917 optatam
1173 1844 1269 1896 det
1300 1841 1405 1895 tibi
1437 1840 1704 1894 Christus
1735 1843 2048 1909 opem,ete.
2081 1833 2130 1900 B

399 1988 551 2044 Sane
582 1987 896 2054 antequam
919 1981 990 2034 de
1011 1977 1146 2033 Vita
1166 1975 1350 2032 sancti
1371 1973 1516 2031 Galli
1543 1973 1765 2046 aliquid
1789 1978 2049 2046 tangam,

401 2076 471 2131 de
499 2076 713 2130 sancta:
753 2066 1062 2125 Trinitatis
1090 2064 1345 2122 essentia
1373 2062 1460 2118 vel
1491 2063 1824 2119 substantia
1868 2078 2055 2134 pauca

401 2163 613 2228 dicam,
645 2163 755 2216 etc.

472 2251 664 2307 Primo
696 2263 858 2314 sane,
878 2248 1194 2316 antequam
1217 2243 1288 2299 de
1311 2241 1441 2296 Vita
1472 2240 1656 2296 sancti
1689 2239 1837 2296 Galli
1856 2244 2054 2312 tanga-

400 2358 558 2409 mus,
577 2339 649 2394 de
670 2335 789 2394 situ
814 2331 1014 2409 patria:
1035 2333 1214 2405 hujus
1235 2335 1291 2388 et
1314 2329 1660 2386 fluminibus
1681 2329 1830 2400 ejus,
1866 2328 2050 2384 Rheni

398 2429 624 2487 scilicet
651 2431 710 2484 et
729 2424 1001 2493 Danubii,
1027 2421 1340 2478 dicendum
1364 2418 1706 2476 summatim
1731 2421 1920 2473 ratum
1943 2418 2049 2472 du-

397 2519 612 2576 ximus.

397 2607 565 2664 Nunc
595 2605 852 2680 primum
888 2602 1016 2658 loca
1047 2603 1353 2673 tangentes
1383 2613 1516 2653 cum
1551 2595 1792 2652 flumine
1826 2596 2046 2663 Rheno,

399 2699 462 2753 In
494 2697 711 2769 quibus
742 2697 834 2749 cst
866 2693 1265 2748 commoratus
1296 2686 1683 2759 dignissimus
1712 2686 1904 2756 heros,
1937 2689 2045 2740 etc.

399 2785 514 2842 Has
543 2785 776 2854 Europa
801 2785 962 2837 tenet
991 2779 1181 2852 prisco
1213 2777 1324 2833 sub
1356 2774 1593 2831 nomine
1622 2779 1846 2846 gentes,

398 2877 554 2940 Quas
582 2873 775 2929 Hister
803 2886 1000 2926 secum
1032 2868 1243 2924 retinet
1269 2864 1515 2920 divortia
1546 2863 1753 2919 Rheni.

397 2964 467 3019 Et
497 2961 641 3019 satis
671 2961 808 3016 hinc
839 2960 1085 3024 dictum,
1109 2956 1333 3013 clarum
1357 2970 1511 3010 nunc
1533 2970 1780 3025 persono
1805 2953 2044 3009 flumen.

2165 550 2227 606 In
2264 548 2666 620 Brigantinum
2701 564 2859 603 mare
2891 563 2953 602 se
2984 550 3256 619 stagnarc
3282 547 3530 602 videtur.

2162 637 2414 708 Antiquo
2445 653 2512 692 ex
2546 636 2718 692 fluvio
2749 638 2832 691 sic
2863 636 3054 691 dictus
3084 636 3319 691 nomine
3351 635 3590 703 Pontus,

2163 727 2270 794 Qui
2305 727 2478 782 modo
2511 726 2856 782 Podamicus
2885 726 3175 780 vocitatur
3205 725 3435 799 gurgite
3465 730 3621 780 noto.

2163 817 2232 871 Et
2262 817 2404 872 dum
2438 832 2499 871 se
2530 814 2787 871 extendit
2811 814 3030 869 circum
3063 831 3166 886 per
3195 813 3370 886 longa
3399 814 3650 879 viarum,

2165 905 2479 962 Fertilitatc
2511 906 2600 960 sui
2637 904 2813 960 nullis
2846 909 3043 959 manet
3066 904 3516 976 zequiparandus

2166 994 2554 1060 Fluminibus,
2589 999 2873 1066 priestans
2906 994 3117 1066 piscosi
3145 994 3431 1066 germinis
3459 1008 3691 1066 agmen.

2163 1085 2307 1139 Ilinc
2339 1101 2535 1155 aequor
2565 1084 2822 1138 medium
2859 1087 3016 1138 secat
3044 1088 3102 1137 et
3131 1082 3540 1154 complectitur
3585 1083 3809 1151 urbem,

2161 1173 2408 1228 Nomine
2440 1191 2566 1244 qua:
2600 1173 2816 1244 proprii
2849 1176 2937 1227 est
2970 1172 3122 1245 regis
3150 1170 3493 1227 Constantia
3527 1171 3702 1239 dicta,

2161 1265 2346 1330 Quam
2379 1261 2656 1317 Salomon
2691 1279 2844 1316 nunc
2878 1261 3121 1317 antistes
3151 1261 3519 1317 clarissimus
3549 1264 3738 1328 ornat,

2161 1351 2433 1406 Doctrina
2462 1356 2520 1405 et
2552 1351 2764 1423 pietate
2795 1351 2894 1405 Dei
2927 1352 3203 1422 cultuque
3233 1350 3545 1424 benignus.

2161 1439 2304 1496 Exin
2337 1441 2714 1512 progrediens
2749 1440 2900 1512 parit
2928 1443 3148 1496 Auvam
3180 1439 3396 1511 cespite
3426 1439 3666 1506 claram,

2161 1528 2358 1585 Insula
2388 1545 2511 1600 qum
2543 1535 2632 1585 est
2662 1528 2790 1584 aliis
2822 1528 3189 1601 prmstantior
3215 1528 3403 1601 Augia
3433 1528 3574 1583 sola.

2157 1621 2346 1691 Auget
2376 1617 2529 1673 enim
2565 1618 2815 1673 indoctis
2846 1618 3077 1673 doctam
3123 1633 3259 1672 cum
3301 1618 3574 1690 dogmate
3602 1618 3804 1688 vitam,

2163 1707 2387 1764 Fertilis
2421 1707 2728 1762 arboribus
2754 1724 2886 1762 cum
2919 1707 3135 1762 vitibus
3166 1706 3424 1779 undique
3452 1706 3660 1762 cincta.

2160 1799 2280 1862 Quo
2315 1797 2489 1852 ﬂores
2515 1801 2758 1851 vernant
2789 1812 3038 1868 semper,
3075 1813 3189 1868 quo
3223 1796 3345 1851 lilia
3375 1797 3616 1868 spirant.

2159 1889 2293 1952 Quae
2325 1903 2417 1941 me
2449 1888 2636 1941 nutrit
2662 1902 2865 1953 ovans,
2892 1890 2948 1940 et
2977 1901 3111 1941 cum
3144 1885 3464 1941 nutrimine
3495 1889 3695 1941 sancto
3721 1903 3736 1953 ;

2163 1979 2347 2041 Quam
2381 1974 2578 2031 laudet
2607 1974 2926 2047 populus...
2961 1974 3098 2030 hinc
3129 1991 3317 2046 usque
3347 1974 3657 2031 Britannos

2159 2065 2342 2135 Cujus
2374 2065 2540 2119 adest
2570 2063 2903 2119 Folcwinus
2929 2068 3148 2132 custos,
3181 2062 3500 2131 Candidus,
3535 2064 3738 2132 abbas,

2161 2156 2446 2226 Tempore
2475 2154 2574 2224 qui
2608 2151 2781 2224 longo
2811 2152 3008 2208 salvus
3040 2153 3117 2208 sit
3145 2152 3361 2208 charus
3389 2153 3626 2225 adopto,

2160 2244 2231 2298 Et
2262 2241 2464 2298 multis
2493 2240 2664 2296 annis
2696 2241 3015 2314 tranquilla
3045 2257 3188 2314 pace
3217 2242 3464 2298 fruatur.

2161 2331 2464 2388 Possideat
2495 2330 2621 2386 sine
2652 2331 2766 2386 fine
2798 2347 2976 2397 novis,
3009 2335 3068 2386 et
3097 2348 3246 2387 nova
3273 2331 3488 2405 gaudia
3513 2331 3663 2399 vita),
3693 2335 3806 2388 etc.

2159 2421 2307 2488 Quin
2341 2419 2536 2493 potius
2566 2425 2810 2476 cunctos
2839 2420 3143 2476 dimittens
3174 2437 3272 2476 ore
3303 2420 3594 2494 Pelasgos,

2158 2512 2370 2566 Totum
2404 2525 2466 2565 se
2494 2513 2688 2564 versat
2718 2507 2949 2565 Gallum
2982 2513 3214 2565 cantate
3242 2509 3502 2576 beatum,
3617 2511 3804 2583 [num,

2158 2598 2409 2665 Gallum,
2434 2597 2697 2671 inquam,
2725 2598 2978 2666 Domini,
3004 2603 3273 2655 sanctum
3291 2602 3352 2655 et
3371 2599 3582 2672 pietate
3602 2600 3804 2674 benig.

2158 2689 2338 2759 Cujus
2365 2704 2562 2743 amore
2588 2687 2825 2759 quidem
2845 2686 3117 2760 cupimus
3130 2704 3237 2744 nos
3251 2689 3502 2745 scribere
3515 2690 3802 2763 quaedam.

2157 2777 2269 2832 Sed
2291 2780 2354 2832 tu
2387 2777 2603 2832 blanda
2649 2793 2828 2832 manu
2883 2777 3004 2832 haec
3050 2783 3116 2832 tu
3147 2795 3220 2833 ne
3249 2777 3504 2848 scindas,
3538 2779 3804 2836 Homere.

2156 2867 2306 2932 Quin
2336 2866 2509 2921 etiam
2544 2881 2790 2938 magnas
2818 2867 3048 2939 magnis
3079 2869 3330 2924 concede
3359 2867 3697 2942 magistris:

2154 2957 2228 3008 At
2259 2959 2465 3025 parvas
2496 2953 2690 3025 parvis
2723 2957 2952 3010 nostras
2985 2955 3058 3009 da
3088 2955 3370 3012 carminis
3400 2957 3563 3013 odas.

399 3148 834 3160 ...ψ’-ι-

1734 3271 1892 3317 ANNO
1937 3272 2151 3316 DOHINI
2196 3273 2334 3317 DCCC
2344 3274 2470 3317 LIII.

1856 3394 2874 3570 aMBERTUS

1160 3666 1209 3698 ο.
1382 3667 1400 3709 ε
1605 3636 2131 3710 .Fnlsmemsls
2162 3637 2574 3710 splseoaus.

1055 3866 1452 3939 NOTITIA
1531 3863 2051 3936 HISTORICA

2170 3865 2223 3933 N
2301 3865 3128 3939 ERCHAMBEBTUM.

1509 4006 1781 4076 (Fabric.,
1816 4003 2092 4061 Biblioth.
2125 4004 2278 4058 med.
2309 4007 2366 4059 et
2394 4003 2498 4058 inf.
2535 4005 2682 4073 Lat.)
2759 4045 2764 4051 .

463 4243 875 4297 ERCHAMBBRTI
898 4241 1291 4312 fragmentum
1307 4255 1376 4312 ea
1387 4239 1658 4312 breviario
1672 4255 1856 4310 regum
1882 4241 2047 4312 Franf
2073 4240 2115 4305 C
2155 4238 2514 4312 Scriptorum
2548 4239 2617 4292 (lo
2650 4237 2824 4312 rebus
2838 4239 3257 4312 *FrancorumL
3274 4255 3406 4312 pag.
3434 4241 3560 4307 780,
3591 4241 3722 4308 781,
3751 4245 3812 4298 et

392 4330 580 4370 corum
635 4321 686 4384 et
736 4311 1198 4384 majorunalomus
1243 4327 1294 4384 αΔ
1321 4309 1919 4384 Chlodhariqusque
1971 4311 2043 4364 ad

393 4380 1148 4475 "Tlh‘eodqr‘isum'lgagoqerti
1166 4380 1782 4475 junioris'ﬁcl‘iumisive
1803 4380 2042 4475 ali'anno

389 4457 496 4526 613
513 4455 584 4510 ad
602 4457 709 4509 727
733 4455 884 4526 apud
914 4452 1401 4526 Freherum,tom.
1430 4453 1451 4507 Ι
1473 4452 1836 4526 Scriptorum
1872 4453 2044 4526 Fran:

391 4525 614 4596 eorum,
638 4523 926 4600 pagf167;
961 4525 1112 4598 apud
1141 4525 1431 4580 Andream
1453 4525 1531 4579 du
1563 4523 1810 4590 Chesne,
1843 4528 1985 4580 tom.
2020 4524 2043 4580 Ι

2157 4308 2309 4432 apud
2343 4308 2689 4391 Ruinartum
2723 4311 2790 4364 ad
2826 4309 3168 4432 Gregorium
3213 4308 3635 4380 Turonensem,
3671 4329 3807 4386 pag.

2158 4382 2314 4432 L52.
2345 4380 2490 4432 Vide
2540 4385 2596 4432 et
2639 4381 2906 4432 Carolum
2979 4398 3034 4432 te
3077 4382 3298 4432 Cointn-
3332 4386 3472 4432 tom.
3509 4382 3581 4432 ιν
3610 4383 3807 4432 Anna-

2158 4380 2314 4435 l352.
2345 4380 2490 4434 Vide
2540 4385 2596 4434 et
2639 4381 2906 4436 Carolum
2946 4380 3034 4436 Le
3077 4382 3298 4448 Cointe,
3332 4386 3472 4438 tom.
3509 4382 3581 4438 lV
3609 4380 3808 4440 Anna-

2155 4451 2324 4519 lium,
2356 4467 2487 4523 pag.
2525 4443 2643 4506 17Ό.

402 4659 3796 4689 W

1687 4819 2304 4908 ERCHAMBE
2321 4820 2500 4904 BTI

503 4991 785 5072 Epistola
814 4991 892 5052 ad
925 5009 1070 5050 suos
1099 4990 1177 5050 de
1209 5008 1471 5069 corpore
1502 4989 1703 5050 sancti
1734 4987 2186 5049 Bartholomaai
2219 4987 2489 5068 apostoli
2519 4987 2582 5046 in
2613 4988 2947 5059 Boiariam,
2984 4993 3054 5048 ut
3083 4988 3426 5060 ferebatur,
3464 4987 3681 5048 allato.

1533 5139 1685 5208 (Pez,
1718 5137 2057 5194 Thesaurus
2085 5136 2324 5204 Anecd.,
2359 5141 2500 5190 tom.
2534 5135 2656 5205 VI.)

460 5363 1051 5432 Eacnamssarusﬁci
1070 5363 1258 5436 gratia
1278 5361 2035 5432 donante,humilisepisco-
2066 5363 2112 5427 D
2144 5361 2278 5416 dam
2296 5361 2660 5429 vir,nomin3
2690 5361 2982 5430 Felz'x,per
3003 5357 3254 5415 missum
3286 5375 3462 5415 suum
3494 5358 3809 5418 demanda-

392 5470 522 5525 pus,
556 5451 830 5508 omnibus
865 5453 1141 5508 fratribus
1173 5451 1400 5508 Christo
1433 5449 1822 5506 militantibus
1855 5450 1912 5503 in
1936 5449 2041 5504 Do-

393 5541 552 5595 mino
585 5541 857 5596 salutem.

465 5627 724 5704 Denique
756 5637 1065 5702 cognoscat
1087 5629 1486 5688 benevolentia
1509 5633 1700 5685 vestra
1730 5628 1884 5698 quod
1907 5628 2034 5699 qui-

2148 5449 2229 5503 vit
2260 5449 2474 5504 seniori
2507 5453 2707 5504 nostro
2741 5446 3103 5519 regc,dicens
3135 5465 3197 5504 se
3231 5465 3443 5520 corpus
3477 5449 3536 5504 S.
3565 5448 3808 5505 Bartho—

2151 5537 2336 5594 lomaai
2361 5537 2604 5609 apostoli
2622 5542 2679 5592 et
2697 5536 2944 5592 aliorum
2965 5541 3302 5593 sanctorum
3334 5553 3577 5608 corpora
3598 5553 3800 5593 secum

2150 5626 2362 5683 nostris
2396 5626 2659 5696 partibus
2690 5625 2964 5683 detulere.
3000 5629 3160 5693 Quod
3195 5643 3299 5682 nos
3334 5641 3466 5681 cum
3499 5625 3713 5697 gaudio
3743 5627 3801 5680 et
