4094 6186
289 390 365 453 45
895 393 997 454 DE
1041 391 1686 457 DISSENSIONIBUS
1733 392 2113 455 FILIORUM
2162 393 2527 456 LUDOVICI
2575 394 2700 456 PII.
2746 429 2823 441 —-
2866 396 3016 458 LIB.
3062 397 3110 458 Ι.
3620 394 3699 458 46

289 529 396 591 set,
428 540 572 581 voce
602 541 819 599 magna
847 527 1263 599 pronuntiavit,
1289 527 1489 583 dicens
1518 545 1529 581 :
1563 525 1943 582 Constantino
1972 527 2025 593 Α
2056 525 2237 593 utilis,
2272 532 2331 581 at
2358 527 2417 583 in
2448 528 2746 601 republica
2768 529 3140 586 versantibus
3167 528 3338 603 plane
3376 530 3707 586 necessaria

292 613 604 669 universali
668 615 1012 686 patriarcha:
1063 614 1283 672 multos
1329 632 1534 683 annos,
1586 637 1613 664 ››
1668 619 1776 670 etc.
1820 614 1949 670 Haec

287 720 440 767 vero.
474 703 825 776 neutiquam
853 722 887 760 a
916 721 1010 760 me
1040 722 1144 777 pro
1173 704 1326 761 veris
1347 703 1515 777 plene
1542 708 1765 760 asserta
1785 721 1951 760 nove-

289 792 393 859 ris,
441 791 648 848 lector.
702 792 994 861 Quinimo,
1048 793 1095 850 si
1143 794 1295 850 hanc
1343 793 1729 849 litteraturam
1773 792 1947 848 calles

289 881 435 953 (qum
468 880 529 936 in
566 882 779 937 forensi
811 882 1043 955 quidem
1075 884 1329 956 palestra
1359 883 1785 938 dcsuclantibus
1816 900 1946 955 per-

2058 620 2169 685 est)
2198 615 2439 688 tibique,
2472 619 2613 690 quid
2646 618 2856 675 melius
2888 619 3039 688 istis,
3072 618 3422 688 occurrerit;
3458 635 3550 676 me
3580 635 3707 675 eru-

2058 705 2300 762 ditionis
2331 711 2443 762 tuze
2474 725 2820 780 przeconem,
2846 709 3046 782 tuique
3072 726 3383 782 sequacem
3407 707 3703 766 invenisti.

2059 792 2270 850 Fruere
2302 795 2521 851 interea
2550 799 2607 851 et
2633 798 2777 853 vive.

2489 884 2736 956 Sapienti
2760 903 2933 957 puum
2963 888 3266 958 sufﬁciunt.

1559 1214 2431 1317 NITHABDI

782 1402 1138 1449 ANGILBERTI
1181 1403 1347 1462 FILII,
1396 1402 1611 1448 CAROLI
1654 1402 1849 1450 IAGNI
1891 1402 2297 1450 IHPEBATORIS
2340 1404 2420 1449 EX
2462 1404 2703 1450 BERTIIA
2746 1405 2905 1450 FILIA
2952 1406 3219 1463 NEPOTIS,

714 1559 855 1643 DE
911 1554 1834 1645 DISSENSIONIBUS
1898 1555 2475 1646 FILIORUM
2534 1558 3100 1649 LUDOVICI
3157 1562 3297 1647 PII
3352 1694 3357 1699 ἱ

1647 1712 1866 1781 LIBRI
1917 1710 2350 1795 QUATUOR.

1594 1833 1713 1914 (Ad
1746 1850 1983 1895 annum
2015 1853 2213 1913 usque
2243 1834 2412 1913 843.)

1265 1945 1355 1997 AD
1391 1944 1702 1997 CAROLUM
1743 1944 2009 1998 CALVUM
2052 1943 2453 1997 FRANCORUM
2495 1944 2737 1998 REGEM.

371 2069 560 2122 (terens
590 2085 625 2121 a
650 2066 939 2149 meridiem
966 2067 1410 2149 corruptionibas
1434 2068 1739 2149 innumeris
1750 2068 2077 2149 “expurgati,
2106 2069 2312 2149 partim
2340 2083 2435 2149 ope
2464 2069 2817 2149 vetustissimi
2844 2084 2946 2149 ius.
2981 2067 3198 2149 codicis,
3231 2070 3329 2149 gui
3356 2076 3531 2124 exstat
3560 2071 3615 2124 in

665 2138 983 2194 bibliotheca
1014 2139 1077 2192 ι).
1112 2137 1410 2194 Alexandri
1435 2140 1622 2194 Petan
1651 2137 1707 2191 S.
1740 2137 2063 2210 P.,’partim
2088 2137 2409 2210 conjecturis
2440 2156 2470 2194 a
2501 2155 2662 2195 sensu
2692 2138 2941 2195 historia:
2970 2137 3288 2212 desumptis.

1603 2352 1716 2439 LI
1729 2352 1929 2439 BER
1985 2350 2407 2440 PRIMUS

926 2583 1321 2640 PREFATIO.

364 2674 533 2741 Cum,
568 2676 635 2728 ut
664 2672 906 2744 optime,
939 2671 1017 2727 mi
1047 2672 1303 2741 domine,
1328 2672 1503 2740 nosti,
1523 2673 1650 2743 jam
1683 2689 1827 2745 pene
1850 2691 1949 2727 an—

291 2764 387 2818 nis
417 2763 654 2817 duobus
684 2762 907 2817 illatam
959 2779 994 2817 a
1040 2762 1215 2817 fratre
1262 2766 1454 2817 vestro
1482 2761 1946 2834 persecutionem

287 2869 391 2907 vos
448 2851 746 2924 vestrique
806 2850 965 2906 haud
1019 2867 1317 2923 quaquam
1385 2850 1577 2906 meriti
1635 2851 1946 2923 pateremi-

290 2942 374 3008 ni,
426 2945 749 3012 antequam
811 2939 1277 2995 Cadhollonicam
1342 2939 1751 2995 introissemus
1809 2940 1947 2994 civi-

296 3033 499 3096 tatem,
561 3028 940 3102 przeccpistis,
1012 3032 1076 3084 ut
1155 3045 1248 3084 res
1312 3030 1523 3084 vestris
1588 3028 1949 3101 temporibus

293 3125 493 3192 gestas
523 3118 661 3190 styli
695 3118 886 3174 ofﬁcio
917 3118 1211 3174 memoria:
1250 3118 1560 3173 traderem.
1611 3118 1952 3190 Opportuna

295 3209 535 3281 quidem
569 3207 915 3280 placidaque
946 3223 1056 3275 res,
1092 3208 1293 3275 fateor,
1329 3208 1517 3262 fuerat
1545 3212 1853 3281 prmcepta,
1900 3209 1948 3263 si

293 3297 480 3352 otium
531 3295 683 3352 tanti
734 3296 951 3369 negotii
1001 3300 1066 3351 ut
1112 3295 1287 3368 digne
1340 3300 1776 3369 exsequeretur,
1805 3296 1949 3352 fuis-

292 3391 380 3441 set
409 3400 788 3442 concessum.
839 3385 1004 3442 Nunc
1053 3389 1249 3441 autem
1297 3385 1347 3441 si
1398 3385 1539 3458 quid
1593 3386 1813 3453 minus,
1862 3385 1951 3442 vel

292 3474 586 3532 incultius
637 3491 816 3547 quam
861 3474 1198 3547 oportuerit,
1252 3491 1356 3547 pro
1402 3492 1599 3530 rerum
1658 3476 1950 3548 magnitu-

291 3565 427 3621 dine
457 3563 603 3620 huic
634 3563 793 3637 operi
824 3561 1163 3620 inveneritis
1195 3564 1503 3631 insertum,
1536 3568 1698 3620 tanto
1730 3564 1955 3620 facilior

288 3654 458 3710 venia
487 3671 523 3709 a
551 3652 719 3709 vobis
746 3652 1073 3725 vestrisque
1104 3651 1249 3707 mihi
1293 3652 1557 3721 debetur,
1593 3657 1809 3726 quanto
1858 3670 1954 3710 me

290 3741 479 3798 nostis
509 3742 720 3799 eodem
750 3740 983 3797 turbine
1031 3757 1145 3813 quo
1197 3745 1253 3797 et
1300 3759 1425 3810 vos,
1456 3742 1598 3797 dum
1645 3742 1753 3797 hoc
1802 3760 1951 3816 opus

1976 2584 2025 2650 Β
2054 2586 2271 2639 terrore
2302 2582 2383 2639 ita
2404 2584 3015 2655 repressit,utnihilin
3053 2585 3298 2661 imperio
3338 2588 3528 2646 moliri
3568 2606 3707 2663 prie.

2055 2674 2145 2728 ter
2172 2673 2326 2743 quod
2362 2673 2604 2745 publica:
2629 2673 2865 2729 utilitati
2891 2677 3267 2748 congruebat,
3283 2679 3590 2735 manifeste
3610 2697 3707 2735 au-

2058 2761 2574 2833 derent.Regnavit
2604 2762 2850 2819 feliciter
2879 2782 2981 2837 per
3009 2783 3197 2822 annos
3228 2767 3376 2822 duos
3406 2772 3464 2823 et
3501 2768 3707 2841 trigin-

2059 2854 2137 2917 ta,
2171 2850 2519 2921 imperiique
2548 2852 2944 2924 gubernacula
2975 2852 3360 2911 nihilominus
3389 2873 3524 2911 cum
3547 2858 3708 2912 omni

2058 2938 2331 2993 felicitate
2360 2955 2463 3009 per
2492 2957 2677 2995 annos
2700 2942 3145 3012 quatuordecim
3177 2943 3458 3014 possedit.

2133 3029 2323 3084 [lieres
2340 3031 2535 3083 autem
2555 3032 2728 3085 tantze
2747 3029 3131 3087 sublimitatis
3148 3030 3544 3088 Lodhuwious
3566 3030 3711 3089 ﬁlio.

2061 3135 2191 3171 rum
2205 3118 2255 3188 ej
2266 3119 2362 3189 usj
2372 3123 2501 3173 usto
2515 3119 2890 3176 matrimonio
2903 3125 3312 3192 susceptorum
3330 3119 3709 3191 novissimus,

2060 3206 2282 3263 caeteris
2330 3208 2768 3277 decedentibus,
2814 3210 3117 3265 successit.
3155 3210 3285 3276 Qui,
3318 3214 3382 3265 ut
3411 3227 3517 3283 pro
3558 3215 3715 3267 certo

2060 3301 2286 3368 patrem
2319 3297 2536 3353 obiisse
2564 3298 2849 3370 comperit
2878 3298 3048 3371 (815).
3074 3298 3271 3371 Aquas
3302 3298 3374 3356 ab
3403 3299 3717 3372 Aquitania

2062 3386 2330 3458 protinus
2361 3386 2544 3443 venit:
2562 3404 2677 3459 quo
2702 3387 2961 3459 undique
2995 3387 3067 3443 ad
3101 3404 3163 3443 se
3188 3387 3515 3445 venientem
3536 3405 3716 3460 popu-

2061 3473 2207 3545 lum,
2242 3476 2465 3548 absque
2496 3474 2757 3548 quolibet
2786 3475 3352 3549 impedimento,sua3
3382 3476 3589 3532 ditioni
3610 3477 3713 3533 ad-

2061 3564 2232 3633 dixit;
2265 3564 2336 3619 de
2366 3563 2609 3635 caeteris,
2643 3564 2743 3636 qui
2771 3564 2881 3621 sibi
2923 3565 3146 3622 creduli
3172 3563 3537 3635 videbantur,
3561 3564 3712 3622 deli-

2061 3654 2317 3710 beratus.
2352 3652 2521 3709 Initio
2554 3653 2792 3727 quidem
2832 3654 3061 3727 imperii
3082 3720 3087 3727 ί
3110 3652 3367 3727 suscepti
3397 3654 3709 3728 pecuniam

2062 3742 2284 3815 ingenti
2315 3759 2558 3798 numero
2589 3759 2623 3799 a
2652 3748 2814 3814 patre
2844 3743 3106 3799 relictam
3137 3742 3422 3798 trifariam
3453 3742 3711 3799 dividere

291 3832 647 3905 peregerim,
708 3846 837 3887 esse
901 3830 1205 3902 agitatum.
1267 3830 1563 3886 Praeterire
1598 3835 1817 3907 autem
1885 3849 1953 3888 ea
2051 3832 2319 3904 jussit,et
2348 3849 2525 3887 unam
2556 3836 2783 3904 partem
2816 3832 2875 3885 in
2906 3848 3145 3886 causam
3169 3830 3390 3886 funeris
3411 3830 3706 3902 expendit,

291 3937 422 3992 quis
454 3919 826 3993 temporibus
875 3918 955 3992 pii
1004 3920 1186 3992 patris
1234 3919 1410 3976 vestri
1440 3924 1606 3992 gesta
1631 3925 1791 3989 sunt,
1825 3920 1950 3976 disc
1990 3955 2033 4022 Ο
2062 3921 2210 3975 duas
2238 3937 2371 3976 vero
2402 3920 2555 3974 inter
2584 3936 2646 3975 se
2677 3923 2734 3974 et
2763 3935 2990 3974 sorores
3021 3934 3159 3973 suas
3181 3921 3393 3990 apatre
3403 3918 3568 3989 justo
3590 3933 3709 3973 ma-

290 4026 635 4082 posueram,
668 4009 771 4064 sed
802 4008 1032 4064 facilius
1080 4008 1319 4065 cuilibet
1358 4009 1570 4081 legenti
1617 4009 1948 4066 altercatio~

291 4115 440 4153 num
470 4103 807 4154 vestrarum
856 4097 1070 4153 veritas
1118 4099 1360 4169 patebit,
1404 4098 1454 4152 si
1503 4098 1793 4169 quendam,
1826 4115 1954 4171 quae

290 4202 402 4243 suo
435 4187 495 4243 in
528 4192 796 4259 tempore
835 4185 1149 4258 contigisse
1196 4187 1487 4256 novimus,
1544 4192 1954 4243 summotenus

294 4276 699 4345 praelibavero.
746 4274 849 4330 Avi
889 4291 1121 4348 quoque
1168 4274 1411 4348 insuper
1455 4276 1630 4332 vestri
1682 4294 1957 4333 veneran-

295 4362 439 4419 dam
488 4364 838 4421 memoriam
887 4380 989 4436 per
1035 4363 1232 4420 omnia
1279 4364 1588 4420 obmittere
1618 4370 1810 4421 ratu-m
1844 4366 1954 4421 mi-

292 4452 457 4510 nime
483 4454 734 4510 videtur.
766 4454 844 4509 Ac
875 4469 978 4526 per
1007 4453 1115 4509 hoc
1147 4457 1339 4511 textus
1384 4454 1522 4510 hinc
1567 4461 1765 4512 sumat
1792 4474 1953 4513 exor-

290 4541 486 4599 dium.

359 4631 625 4689 Karolus
653 4631 818 4688 bonae
850 4632 1230 4700 memorianet
1262 4634 1467 4691 merito
1500 4635 1956 4708 Magnus,impe—

286 4724 453 4776 rator
484 4722 557 4776 ab
590 4720 881 4776 universis
913 4721 1249 4778 nationibus
1280 4730 1538 4792 vocatus,
1571 4724 1715 4780 hora
1751 4724 1951 4780 videli-

284 4814 378 4865 cet
410 4809 553 4882 plus
584 4809 787 4864 minus
820 4809 933 4866 diei
966 4809 1158 4879 tertia,
1184 4811 1244 4866 in
1277 4815 1573 4867 senectute
1607 4813 1759 4869 bona
1788 4813 1953 4868 dece~

283 4899 709 4967 dens,omnem
733 4899 1024 4970 Europam
1047 4900 1205 4955 omni
1238 4900 1494 4956 bonitate
1526 4902 1803 4973 repletam
1830 4903 1957 4958 reli~

281 4988 555 5059 quit.Vir
586 4987 803 5059 quippe
833 4987 993 5042 omni
1025 4988 1311 5060 sapientia
1342 4994 1399 5044 et
1428 4990 1585 5044 omni
1612 4991 1951 5059 virtute,hu-

283 5092 540 5131 manum
574 5092 763 5149 genus
797 5094 905 5132 suo
932 5075 992 5131 in
1025 5080 1284 5150 tempore
1314 5079 1458 5133 adeo
1498 5078 1854 5150 przecellens,
1890 5085 1955 5134 ut

282 5167 578 5223 omnibus
610 5165 811 5222 orbem
846 5165 1313 5223 inhabitantibus
1352 5167 1649 5238 terribilis,
1684 5169 1954 5225 amabilis

2064 4008 2338 4065 trimonio
2369 4012 2673 4079 susceptas
2704 4006 3076 4079 divisit,quas
3096 4011 3154 4063 et
3172 4006 3464 4063 instanter
3494 4024 3530 4063 θ,
3558 4005 3711 4080 pala-

2062 4096 2142 4153 tio
2176 4098 2248 4152 ad
2283 4114 2391 4151 sua
2420 4096 2778 4152 monasteria
2809 4095 2968 4150 abire
2998 4095 3290 4168 przecepit.
3315 4095 3544 4152 Fratres
3565 4113 3710 4168 quo-

2063 4202 2179 4258 que
2208 4186 2399 4241 adhuc
2443 4189 2641 4240 tenera
2689 4187 2874 4252 aetate,
2910 4184 3261 4256 Drogonem,
3296 4184 3621 4257 Hugonem,
3654 4188 3714 4241 et

2064 4274 2508 4343 Theodericum,
2539 4272 2857 4346 participes
2887 4289 3101 4328 mensa:
3147 4271 3355 4343 effecit,
3389 4290 3536 4346 quos
3566 4277 3623 4330 et
3651 4273 3710 4328 in

2065 4362 2281 4437 palatio
2330 4381 2448 4418 una
2494 4379 2695 4419 secum
2746 4361 2956 4418 nutriri
3009 4361 3301 4434 praecepit,
3332 4365 3391 4418 et
3418 4362 3712 4419 Bernardo

2065 4453 2259 4526 nepoti
2309 4470 2415 4509 suo
2464 4451 2583 4508 filio
2632 4451 2861 4524 Pippini
2909 4466 3156 4523 regnum
3205 4450 3381 4507 Italiae
3424 4450 3714 4508 concessit

2066 4544 2233 4613 (818).
2268 4542 2396 4612 Qui,
2430 4541 2709 4614 quoniam
2743 4541 2814 4596 ab
2845 4557 2910 4595 eo
2942 4538 3116 4612 paulo
3146 4543 3278 4619 post
3304 4539 3532 4609 defecit,
3547 4540 3712 4613 capi-

2064 4636 2178 4700 tur,
2212 4635 2268 4687 et
2298 4649 2331 4686 a
2379 4630 2734 4687 Bertmundo
2785 4629 3199 4702 Lugdunensis
3228 4629 3535 4702 provinciae
3566 4647 3713 4703 prie-

2065 4722 2210 4777 fecto
2241 4720 2568 4775 luminibus
2597 4719 2816 4790 pariter
2832 4723 2889 4774 et
2915 4717 3032 4774 vita
3062 4717 3494 4792 privatur.llinc
3515 4722 3713 4775 autem

2064 4816 2333 4867 metuens
2362 4826 2435 4865 ne
2465 4812 2596 4881 post
2626 4806 2762 4862 dicti
2796 4807 3002 4863 fratres
3033 4809 3246 4881 populo
3278 4807 3588 4864 sollicitato
3617 4824 3711 4862 ea-

2064 4901 2195 4956 dem
2231 4900 2502 4966 facerent,
2537 4898 2608 4952 ad
2642 4900 2991 4953 conventum
3026 4897 3325 4969 publicum
3371 4912 3471 4952 eos
3519 4894 3712 4949 venire

2065 4988 2356 5061 praecepit,
2389 4987 2660 5054 totondit,
2714 5003 2780 5041 ac
2831 5004 2934 5059 per
2980 4984 3331 5043 monasteria
3368 4984 3477 5039 sub
3529 4981 3743 5041 libera.

2065 5077 2331 5135 custodia
2379 5076 2809 5132 commendavit
2856 5076 3026 5148 (819).
3084 5078 3205 5140 Quo
3254 5074 3506 5143 peracto,
3561 5069 3717 5137 ﬁlios

2064 5184 2202 5223 suos
2227 5168 2389 5239 justo
2422 5165 2796 5223 matrimonio
2818 5164 3035 5237 junxit,
3069 5166 3125 5217 et
3158 5160 3495 5217 universum
3526 5158 3712 5232 impe-

278 5255 633 5327 pariterque
690 5258 748 5310 et
805 5254 1168 5312 admirabilis
1218 5255 1550 5325 videretur;
1584 5276 1650 5314 ac
1698 5276 1799 5331 per
1845 5258 1955 5314 hoc
1988 5325 2021 5331 _
2062 5258 2214 5313 rium
2250 5257 2401 5311 inter
2431 5273 2529 5311 eos
2562 5256 2641 5311 ita
2672 5255 2869 5311 divisit
2893 5253 3039 5325 (821)
3069 5255 3133 5304 ut
3164 5248 3443 5320 Pippinus
3474 5250 3715 5322 quidem

278 5360 462 5399 omne
498 5343 819 5416 imperium
851 5344 1125 5400 omnibus
1158 5346 1372 5415 modis,
1401 5350 1464 5401 ut
1488 5348 1714 5403 cunctis
1763 5349 1950 5403 mani-
1984 5325 2030 5388 D
2059 5343 2859 5420 Aquitaniam,Lodhuwicus
2892 5343 3083 5395 autem
3120 5337 3713 5410 Bajoariam,Lodba-

277 5432 430 5487 feste
462 5432 705 5500 claruit,
740 5433 1055 5488 honestum
1087 5438 1143 5489 et
1178 5435 1316 5491 utile
1349 5436 1557 5491 effecit.
1592 5437 1737 5491 Nam
1779 5456 1955 5509 super
2067 5438 2189 5491 rius
2217 5452 2350 5491 vero
2382 5438 2513 5506 post
2543 5432 2867 5487 discessum
2886 5427 3013 5497 ejus
3038 5426 3375 5500 universum
3398 5428 3715 5501 imperium

275 5537 459 5577 omne
494 5521 658 5593 quod
689 5520 1036 5577 admirabile
1067 5524 1252 5579 fateor
1284 5523 1786 5592 fore,Francorum
1822 5528 1955 5582 Bar-
2070 5526 2310 5581 haberet
2344 5540 2356 5578 :
2391 5521 2483 5577 cui
2515 5525 2571 5575 et
2603 5535 2719 5574 una
2747 5532 2945 5573 secum
2979 5514 3351 5589 imperatoris
3374 5534 3587 5575 nomen
3617 5516 3718 5574 ha-

275 5611 697 5683 barorumque
750 5610 965 5666 ferocia
993 5628 1060 5666 ac
1092 5612 1276 5668 ferrea
1305 5614 1501 5681 corda,
1536 5631 1661 5686 quae
1713 5633 1817 5671 nec
1852 5617 1962 5673 Ro-
2071 5615 2207 5671 bere
2238 5609 2544 5670 concessit.
2580 5608 2805 5663 Interea
2835 5606 3228 5680 Irmcngardis
3258 5607 3460 5681 regina
3498 5610 3717 5664 mater-

272 5717 460 5760 mana
512 5701 781 5777 potentia
827 5700 1068 5760 domare
1098 5702 1302 5775 valuit,
1336 5703 1431 5760 hic
1460 5703 1622 5762 solus
1654 5706 1954 5767 moderato
2065 5722 2180 5783 que
2208 5704 2442 5760 illorum
2474 5696 2820 5770 decessit,ac
2841 5695 3017 5776 paulo
3037 5701 3172 5777 post
3192 5694 3589 5757 Lodhuwious
3608 5692 3719 5771 im.
