4120 6184
325 340 411 407 49

942 343 1045 408 DE
1087 342 1728 410 DISSENSIONIBUS
1774 342 2152 409 FILIORUM
2195 346 2561 415 LUDOVICI
2602 349 2728 415 PII.
2762 384 2839 397 -
2867 348 3018 415 LIB.
3064 346 3114 417 I.

3647 346 3735 417 εςο

323 504 454 550 ωσι
483 489 671 548 sancti
703 485 964 559 Dionysii
1014 501 1132 540 una
1178 497 1313 538 cum
1362 480 1653 554 episcOpis
1700 482 1757 536 et
1804 478 1964 536 omni
1994 478 2051 547 Α
2081 484 2209 552 mit,
2242 486 2307 540 ut
2336 483 2487 543 infra
2535 486 2660 543 dies
2710 492 2960 546 statutos
3006 488 3253 563 Alpibus
3301 487 3621 559 excederet,
3654 501 3724 547 ac

324 581 484 640 eiero
515 579 843 645 confluunt,
875 575 1079 631 laudes
1110 574 1226 629 Deo
1257 573 1459 627 devote
1499 570 1775 637 referunt,
1811 586 1972 625 coro-

323 688 463 730 nam
496 675 558 726 et
586 678 752 725 arma
781 664 903 739 regi
935 681 1040 721 suo
1071 663 1406 733 imponunt,
1430 664 1487 716 et
1516 660 1586 715 ad
1619 662 1823 715 eaitera
1839 658 1975 714 deli-

321 759 585 821 beraturi
634 756 1016 814 contendunt.
1068 751 1425 808 Lodharium
1483 754 1647 823 pater
1698 748 1970 820 persequi

320 850 573 911 distulit.
610 849 711 906 sed
740 847 985 919 legatos,
1016 843 1116 916 qui
1150 858 1284 898 eum
1317 841 1465 896 citra
1492 839 1664 912 Alpes
1694 840 1971 896 festinare

313 943 613 1015 juberent,
630 940 762 1011 post
781 935 949 991 illum
972 932 1201 999 direxit,
1219 929 1554 1003 Pippinium
1574 930 1646 985 ad
1671 946 1732 986 se
1743 929 1972 985 venien-

316 1037 436 1089 tem
485 1029 739 1101 benigne
783 1024 1026 1096 excepit,
1058 1020 1276 1095 gratias
1325 1020 1383 1075 in
1416 1036 1502 1087 eo,
1537 1019 1691 1091 quod
1722 1036 1825 1091 pro
1858 1036 1969 1074 sua

316 1118 689 1179 restitutione
733 1115 1113 1179 laboraverat,
1147 1108 1311 1183 egit:
1360 1127 1427 1165 ac
1474 1109 1683 1165 reverti
1734 1124 1867 1163 eum
1904 1108 1963 1162 in

315 1207 720 1284 Aquitaniam,
752 1203 836 1260 uti
866 1201 1163 1276 petiverat,
1184 1199 1471 1272 permisit.
1495 1198 1641 1253 Hinc
1675 1198 1809 1253 inde
1834 1198 1969 1252 fide-

316 1299 420 1367 les,
457 1297 561 1371 qui
592 1296 916 1360 evaserant,
946 1294 1002 1347 et
1029 1288 1452 1362 rempublicam
1488 1303 1685 1361 regere
1717 1301 1966 1342 consue-

313 1391 540 1455 verant,
595 1383 943 1441 confluunt:
993 1396 1128 1435 cum
1177 1377 1393 1450 quibus
1444 1377 1652 1432 itinere
1711 1380 1963 1449 arrepto,

312 1477 500 1551 Aquis
546 1475 874 1532 hiematum
920 1469 1085 1544 petit,
1126 1468 1484 1540 tandemque
1536 1466 1965 1523 Lodhuwieum

311 1568 647 1626 venientem
679 1564 978 1637 gratanter
1004 1558 1228 1630 excepit
1258 1572 1273 1612 :
1307 1572 1481 1629 quem
1514 1559 1571 1611 et
1617 1572 1735 1611 una
1764 1571 1964 1611 secum

313 1672 497 1715 causa
524 1650 784 1728 przssidii
814 1664 943 1706 esse
969 1646 1262 1721 przecepit.
1280 1646 1508 1701 Interea
1528 1644 1613 1712 hi,
1635 1644 1737 1716 qui
1757 1643 1963 1700 Judith

310 1746 371 1803 in
394 1740 909 1805 ltaliaservabant,
925 1734 1227 1793 audientes
1243 1735 1399 1805 quod
1422 1732 1746 1789 Lodharius
1764 1733 1963 1805 fugam

2084 573 2377 647 deinceps,
2426 575 2551 633 sine
2602 578 2784 649 patris
2826 579 3116 650 jussione,
3152 580 3297 637 ﬁnes
3349 578 3602 636 Franciae
3633 578 3723 635 in-

2080 661 2244 733 gredi
2278 681 2391 720 non
2424 671 2818 737 praesumeret,
2853 673 2911 724 et
2939 673 3100 724 extra
3129 670 3314 741 patris
3360 668 3736 725 voluntatem

2082 750 2141 806 in
2190 752 2318 823 ejus
2368 754 2611 827 imperio
2658 756 2933 830 deinceps
2965 757 3110 813 nihil
3152 758 3342 814 moliri
3392 760 3722 831 temptaret.

2081 840 2243 906 Quod
2277 847 2332 897 et
2363 844 2447 899 ita
2476 860 2538 900 se
2567 850 2623 901 et
2653 863 2791 901 suos
2823 851 3171 914 servaturos,
3205 851 3326 902 tam
3360 846 3409 904 is
3439 864 3619 919 quam
3670 850 3728 903 et

2080 929 2173 986 sui
2204 938 2569 990 sacramento
2603 936 3002 992 ﬁrmaverunt.

2151 1019 2250 1075 His
2282 1020 2363 1077 ita
2395 1024 2737 1095 compositis
2759 1024 3122 1097 (838),pater,
3153 1026 3238 1080 uti
3263 1030 3318 1081 et
3349 1043 3483 1082 cum
3505 1024 3723 1098 quibus
3771 1072 3778 1080 .

2077 1116 2475 1181 consueverat,
2492 1113 2806 1185 imperium
2838 1115 3090 1186 regebat.
3110 1114 3327 1170 Videas
3347 1119 3543 1171 autem
3564 1104 3731 1187 quod,

2076 1199 2331 1270 populus
2362 1200 2523 1257 nullo
2555 1202 2728 1257 modo
2760 1201 2965 1258 diebus
2996 1202 3123 1257 vitae
3157 1219 3273 1258 sum
3324 1202 3493 1258 illum
3544 1202 3719 1258 relin-

2077 1306 2273 1361 quere,
2309 1291 2391 1345 uti
2419 1296 2818 1359 consueverat,
2849 1290 3041 1359 vellet,
3074 1296 3360 1348 conventu
3389 1291 3571 1364 Aquis
3597 1290 3721 1348 hie-

2076 1393 2170 1433 me
2198 1376 2437 1447 indicto,
2469 1381 2798 1451 portionem
2830 1381 2991 1455 regni
3024 1380 3116 1438 his
3141 1381 3410 1437 terminis
3463 1383 3720 1437 notatam

2078 1465 2283 1523 Karolo
2316 1469 2493 1534 dedit,
2528 1470 2586 1524 id
2618 1474 2708 1525 est
2741 1487 2773 1525 a
2806 1470 2952 1525 mari
2984 1488 3086 1544 per
3117 1471 3264 1527 ﬁnes
3311 1470 3573 1527 Saxoniaa
3620 1486 3719 1526 us-

2076 1572 2188 1628 que
2220 1558 2291 1613 ad
2326 1557 2473 1613 fines
2516 1559 2951 1627 Ribuariorum,
2985 1563 3168 1615 totam
3218 1560 3486 1629 Frisiam,
3518 1564 3577 1617 et
3620 1575 3724 1633 per

2075 1645 2221 1701 fines
2254 1646 2667 1703 Ribuariorum
2701 1648 3015 1704 comitatus
3039 1648 3420 1719 Moilla,Halt,
3445 1649 3723 1705 Traham-

2074 1734 2318 1802 molant,
2340 1735 2679 1807 Masagobbi
2712 1737 3109 1810 (Masagouvi).
3140 1737 3361 1794 Deinde
3386 1755 3519 1795 vero
3550 1738 3718 1810 quid-

311 1826 549 1899 i‘nierat,
582 1834 642 1887 et
671 1832 839 1902 pater
867 1823 1180 1897 imperium
1214 1822 1471 1894 regebat,
1499 1825 1732 1919 arrepta
1758 1820 1962 1878 Judith
1994 1853 2042 1919 Β
2076 1823 2216 1896 quid
2244 1823 2395 1879 inter
2422 1824 2645 1880 Mosam
2677 1829 2734 1881 et
2764 1826 3096 1896 Sequanam
3113 1843 3301 1899 usque
3317 1827 3717 1899 Burgundiam

311 1920 519 1999 fugam
549 1921 780 1987 ineunt,
812 1915 995 1988 Aquis
1034 1927 1307 1986 prospere
1340 1910 1709 1999 perveniunt,
1730 1913 1964 1983 gratum

315 1997 537 2070 munus
566 2003 905 2080 imperatori
937 2002 1222 2060 deferunt.
1244 1999 1663 2055 Verumtamen
1697 1997 1852 2054 haud
1876 2002 1967 2055 est

312 2101 482 2160 thoro
534 2097 693 2172 regio
737 2095 990 2165 recepta,
1024 2091 1208 2147 donec
1237 2104 1301 2146 se
1339 2087 1689 2144 criminibus
1720 2086 1964 2158 objectis

313 2188 634 2255 innoxiam,
667 2183 806 2257 quia
833 2181 1172 2239 criminator
1200 2179 1417 2245 deerat,
1452 2179 1815 2233 sacramento
1846 2193 1964 2232 una

314 2291 447 2337 eum
480 2271 829 2350 propinquis
860 2285 1056 2326 coram
1085 2266 1253 2340 plebe
1282 2265 1493 2322 effecit.

382 2368 492 2424 Per
520 2366 678 2421 idem
707 2366 943 2432 tempus
964 2355 1111 2430 (835)
1128 2354 1490 2434 Mathl‘ridus
1507 2358 1564 2410 et
1588 2354 1958 2424 Lambertus,

314 2455 622 2527 easterique
650 2470 684 2509 a
713 2453 875 2524 parte
907 2444 1381 2517 Lotharii,penes
1404 2443 1659 2499 Marcum
1680 2442 1963 2498 Britanni-

315 2562 441 2604 cam
495 2542 900 2600 morabantur.
932 2536 1017 2593 Ad
1066 2551 1214 2607 quos
1261 2532 1562 2606 pellendos
1609 2531 1828 2587 missus
1871 2536 1961 2588 est

312 2634 493 2701 Vodo,
525 2635 586 2688 et
614 2644 820 2687 omnes
852 2627 1003 2682 inter
1032 2624 1363 2696 Sequanam
1395 2625 1452 2676 et
1474 2607 1958 2694 Ligerim'degen-

311 2722 763 2789 tes.Qui,manu
792 2714 986 2772 valida
1016 2712 1275 2779 collecta,
1293 2710 1431 2766 hinc
1463 2714 1637 2782 atque
1668 2710 1803 2766 inde
1822 2726 1957 2766 eon-

308 2814 613 2868 venerunt.
659 2808 730 2862 Et
776 2805 883 2860 hos
932 2800 1171 2874 quidem
1232 2798 1519 2872 paucitas,
1571 2815 1637 2855 ac
1692 2815 1794 2871 per
1847 2798 1958 2855 hoc

308 2912 547 2959 summa
576 2892 916 2960 necessitas,
948 2889 1260 2946 unanimes
1290 2888 1496 2945 effecit.
1530 2886 1830 2943 Vodonem
1862 2905 1959 2944 au-

304 2996 424 3047 tem
454 2992 514 3044 et
544 3001 686 3041 suos
715 2981 973 3038 maxima
1000 2977 1317 3034 multitudo
1350 2992 1611 3044 securos,
1634 2976 1955 3045 discordes,

304 3084 365 3135 et:
410 3073 780 3133 inordinatos
828 3066 1100 3126 reddidit.
1139 3067 1503 3138 Quapropter
1552 3063 1748 3137 prtelio
1798 3080 1954 3120 eom-

306 3167 513 3232 misso,
547 3161 849 3234 fugerunt.
882 3155 1104 3212 Cecidit
1137 3153 1323 3221 Vodo,
1371 3158 1430 3210 et
1477 3154 1620 3219 Odo,
1650 3153 1951 3221 Vivianus,

2073 1926 2195 1967 una
2225 1929 2359 1968 cum
2390 1912 2745 1969 Virdunensi
2778 1914 3050 1970 consistit
3081 1931 3095 1969 ι
3131 1919 3190 1970 et
3235 1916 3306 1971 de
3353 1915 3714 1987 Burgundia,

2073 2001 2436 2071 Tullensem,
2484 2003 2906 2071 Ordonensem,
2966 2005 3306 2072 Bedensem,
3359 2004 3713 2070 Blesensem,

2072 2090 2472 2159 Parthensem,
2508 2098 2787 2165 utrosque
2818 2093 3152 2160 Barrenses,
3185 2091 3718 2159 Brionensem,Tri-

2071 2180 2359 2249 casinum,
2389 2181 2951 2251 Autisiodorensem,
2983 2180 3355 2249 Senonicum,
3387 2180 3719 2236 Wastinen-

2071 2285 2218 2337 sem,
2240 2268 2712 2338 Milidunensem,
2734 2271 3166 2343 Stampensem,
3191 2270 3580 2339 Castrensem,
3604 2269 3715 2327 Pa-

2070 2357 2348 2415 risiacum
2374 2377 2387 2427 ;
2421 2363 2478 2415 et
2505 2360 2715 2415 deinde
2746 2376 2848 2432 per
2878 2360 3210 2433 Sequanam
3244 2376 3430 2433 usque
3462 2359 3522 2416 in
3554 2376 3714 2418 mare

2069 2445 2388 2514 Oceanum,
2421 2453 2477 2503 et
2507 2466 2608 2521 per
2638 2448 2833 2521 ipsum
2867 2465 3026 2505 mare
3071 2466 3256 2521 usque
3307 2449 3366 2504 in
3416 2449 3662 2506 Frisium
3696 2466 3710 2505 :

2068 2552 2272 2593 omnes
2312 2537 2578 2594 videlicet
2626 2537 3017 2611 episcopatus,
3053 2538 3340 2606 abbatias,
3375 2538 3710 2611 comitatus,

2069 2625 2262 2694 fiscos,
2297 2631 2354 2681 et
2385 2628 2582 2683 omnia
2613 2627 2765 2683 infra
2793 2626 3100 2700 praedictos
3131 2628 3276 2684 ﬁnes
3305 2627 3710 2697 consistentia,

2067 2731 2201 2770 cum
2234 2716 2507 2773 omnibus
2531 2717 2601 2772 ad
2620 2734 2681 2773 se
2710 2716 3230 2790 pertinentibus,in
3264 2732 3715 2789 quaeunquero—

2065 2803 2238 2875 gione
2285 2805 2700 2873 consistebant,
2732 2810 2789 2862 et
2831 2804 2920 2861 sui
2961 2805 3118 2877 juris
3149 2821 3276 2863 esse
3312 2804 3661 2861 videbantur
3692 2820 3706 2860 :

2066 2907 2184 2947 una
2213 2909 2349 2948 cum
2381 2893 2725 2949 auctoritate
2756 2894 2953 2949 divina
2976 2898 3150 2966 atque
3180 2898 3442 2966 paterna,
3470 2893 3709 2965 praefato

2064 2977 2187 3037 ﬁlio
2210 2999 2315 3038 suo
2340 2981 2545 3038 Karolo
2571 2981 2751 3049 dedit,
2768 2982 3121 3054 firmumque
3139 2986 3203 3038 ut
3222 2984 3589 3054 permaneret
3603 2980 3706 3037 Dei

2062 3070 2480 3143 omnipotentis
2503 3070 2870 3127 clementiam
2887 3071 3162 3127 exoravit.
3177 3069 3489 3129 Hilduinus
3508 3074 3704 3127 autem

2066 3158 2249 3214 abbas
2279 3159 2536 3216 600168l83
2567 3161 2753 3216 sancti
2786 3160 3068 3233 Dionysii,
3101 3164 3159 3217 et
3188 3160 3481 3218 Gerardus
3511 3176 3707 3216 comes

303 3223 724 3319 Pulbertusjae
755 3245 938 3320 plebis
968 3243 1279 3299 innumera
1295 3242 1808 3320 multitudo.Quod
1832 3242 1955 3315 qui—
1985 3223 2028 3289 C
2067 3246 2325 3305 Parisios
2354 3248 2607 3304 civitatis
2638 3223 2957 3322 casterique'
2976 3223 3179 3306 omnes
3225 3248 3531 3322 praedictos
3561 3248 3708 3304 fines

302 3346 437 3403 d‘em
468 3342 652 3398 citato
684 3353 862 3393 cursu
883 3334 1131 3390 victores
1162 3332 1451 3389 Lodhario
1482 3335 1953 3406 notantes,m_an-

304 3435 448 3492 dant
474 3434 545 3487 ut
574 3425 927 3502 quantocius
954 3427 1152 3497 posset
1176 3421 1297 3480 illis
1316 3438 1452 3478 eum
1481 3421 1736 3478 exercitu
1761 3439 1957 3479 oecur-

298 3526 407 3578 rat.
461 3519 575 3586 Qui
630 3516 880 3572 libenter
933 3512 1148 3586 paruit,
1195 3516 1253 3568 et
1293 3511 1658 3567 Cavillonum
1714 3511 1955 3569 collecta

301 3616 483 3668 manu
514 3607 713 3664 valida
741 3605 918 3671 venit,
943 3602 1233 3659 civitatem
1264 3600 1567 3658 obsidione
1595 3601 1800 3658 cinxit:
1817 3620 1955 3674 pra:-

299 3701 500 3758 liando
530 3697 800 3754 triduum
830 3692 1078 3758 obsedit,
1108 3696 1166 3746 et
1194 3690 1434 3746 tandem
1464 3692 1671 3747 urbem
1722 3696 1953 3765 captam

299 3804 418 3847 una
446 3803 592 3845 cum
622 3783 885 3841 ecclesiis
908 3779 1186 3836 incendit.
1218 3781 1571 3853 Gerbergam
1603 3798 1763 3838 more
1781 3782 1955 3839 male-

297 3874 547 3936 ﬁeorum
583 3875 644 3930 in
674 3872 903 3929 Ararim
933 3869 1117 3943 mergi
1158 3869 1448 3941 praecepit.
1484 3869 1865 3928 Gozhelmum
1898 3877 1956 3929 et

297 3967 561 4025 senilem
593 3959 998 4035 (Gauzelinum
1029 3964 1088 4014 et
1134 3957 1416 4030 Sanilam)
1466 3958 1657 4031 capite
1703 3960 1950 4033 punivit.

295 4055 539 4114 Warino
572 4057 772 4108 autem
800 4048 980 4105 vitam
1013 4045 1267 4118 donavit,
1290 4050 1347 4102 et
1375 4050 1441 4102 ut
1469 4064 1531 4103 se
1558 4047 1831 4122 deinceps
1850 4068 1953 4123 pro

295 4141 526 4201 viribus
545 4142 801 4215 juvaret,
808 4136 1195 4210 jurejurando
1227 4136 1570 4192 construxit.
1586 4137 1730 4194 Hinc
1755 4143 1952 4195 autem

298 4230 641 4290 Lodharius
667 4232 725 4284 et
754 4226 846 4283 sui
877 4226 1106 4282 duobus
1131 4222 1347 4297 praeliis
1377 4224 1619 4281 feliciter
1639 4226 1819 4298 gestis
1838 4244 1955 4282 ma-

299 4322 618 4397 ghanimes
649 4315 855 4387 effecti,
873 4314 1209 4370 universum
1238 4312 1549 4386 imperium
1579 4314 1851 4385 perfacile
1872 4316 1952 4372 in-

296 4410 511 4467 vadere
561 4408 891 4479 sperantes,
925 4403 996 4458 ad
1043 4406 1248 4457 caatera
1291 4399 1663 4457 deliberaturi
1694 4405 1953 4463 Aurelia-

299 4510 547 4555 nensem
583 4494 793 4551 urbem
824 4490 1229 4564 petunt.Quod
1260 4494 1424 4562 pater
1443 4490 1755 4559 audiens,e
1779 4495 1955 4551 Fran-

2064 3336 2458 3394 inhabitantes
2490 3342 2899 3407 convenerunt,
2916 3338 3210 3410 fidemque
3230 3340 3594 3394 sacramento
3605 3337 3712 3393 Ka-

2064 3425 2187 3483 rolo
2208 3426 2514 3484 firmaveru
2524 3430 2605 3482 nt.
2620 3428 2780 3491 Quod
2806 3427 3041 3499 quidem
3062 3426 3386 3483 Lodharius
3402 3429 3460 3483 et
3476 3427 3711 3483 Ludbu-

2062 3514 2255 3577 wieus
2285 3515 2608 3581 audientes,
2640 3515 2891 3588 graviter
2920 3514 3184 3572 ferebant
3215 3532 3227 3571 :
3265 3516 3418 3571 unde
3448 3519 3506 3573 et
3532 3515 3709 3573 collo-

2063 3604 2271 3677 quium
2292 3605 2645 3660 indixerunt.
2679 3606 2761 3659 Ad
2797 3606 2950 3676 quod
2979 3605 3449 3674 veuicntes,cum
3470 3605 3617 3662 nihil
3641 3623 3710 3662 ex

2063 3693 2157 3751 his
2179 3692 2469 3767 indignari
2493 3710 2555 3749 se
2565 3693 3027 3765 posseviderent,
3043 3693 3171 3749 calli
3180 3695 3250 3749 de
3266 3693 3709 3752 dissimulantes

2063 3782 2366 3856 quippiam
2398 3800 2460 3838 se
2489 3786 2690 3838 contra
2721 3780 2903 3852 patris
2932 3780 3287 3836 voluntatem
3318 3782 3510 3837 moliri
3540 3782 3707 3851 velle,

2064 3872 2480 3930 discesserunt.
2512 3870 2929 3925 Verumtamen
2962 3869 3036 3923 ob
3066 3868 3123 3923 id
3157 3868 3511 3941 colloquium
3547 3886 3705 3925 eom-

2064 3963 2244 4018 motio
2288 3978 2402 4016 non
2448 3958 2676 4015 modica
2723 3960 2921 4013 exorta
2967 3962 3075 4029 est,
3105 3958 3207 4013 sed
3257 3956 3425 4013 facile
3463 3942 3723 4030 quievit:

2065 4051 2209 4106 [line
2240 4052 2436 4105 autem
2467 4047 2821 4105 Carisiacum
2845 4046 3135 4102 mediante
3153 4045 3515 4120 Septembrio
3531 4046 3706 4118 venit,

2063 4137 2525 4209 seditionemque
2548 4137 2866 4208 quamdam
2886 4134 3157 4192 similiter
3172 4134 3444 4208 perfacile
3463 4134 3706 4206 sedavit,

2064 4245 2132 4285 ac
2173 4227 2411 4301 praefato
2462 4225 2668 4281 Karolo
2717 4242 2881 4281 arma
2929 4228 2986 4281 et
3031 4241 3331 4297 coronam,
3382 4240 3605 4281 necnon
3651 4227 3711 4280 et

2064 4316 2383 4390 quamdam
2416 4313 2741 4389 portionem
2772 4314 2935 4388 regni
2965 4312 3118 4368 inter
3147 4313 3479 4385 Sequanam
3528 4316 3585 4370 et
3616 4312 3708 4370 Li-

2064 4422 2263 4480 gerem
2295 4404 2472 4474 dedit,
2505 4403 2819 4476 Pipinnum
2855 4419 2918 4458 ac
2951 4401 3245 4470 Karolum,
3284 4406 3351 4458 ut
3379 4401 3708 4471 videbatur,

2066 4494 2375 4551 unanimes
2405 4492 2595 4548 effecit
2628 4509 2640 4547 ε
2677 4509 2740 4547 ac
2772 4491 2981 4548 deinde
3013 4490 3346 4564 Pippinium
3376 4490 3437 4546 in
3466 4491 3712 4563 Aquita-

297 4580 611 4645 cia'manu
637 4582 833 4639 valida
863 4579 1125 4649 collecta,
1164 4580 1405 4652 insuper
1450 4579 1809 4639 Lodhuwieo
1837 4583 1957 4641 filio
1992 4594 2040 4659 Β
2070 4584 2227 4639 niam
2260 4582 2421 4637 abire
2450 4597 2583 4636 cum
2617 4579 2804 4653 gratia
2829 4579 3121 4652 permisit;
3158 4578 3432 4635 Karolum
3483 4595 3614 4636 vero
3652 4579 3713 4634 in

295 4690 579 4749 suo,eum
614 4670 1029 4743 universis,qui
1062 4674 1225 4725 trans
1255 4669 1524 4725 Rhenum
1558 4671 1957 4743 morabantur,

296 4769 360 4824 in
394 4763 692 4823 auxilium
724 4761 835 4818 sibi
869 4764 1194 4832 assumpto,
1209 4763 1439 4814 tantum
1462 4759 1689 4815 facinus
1710 4777 1743 4816 a
1765 4760 1882 4817 filio
1904 4763 1963 4818 in

295 4853 631 4930 imperium
648 4848 1450 4907 commissumvindieaturus
1468 4848 1965 4921 perrexit.l.odha-

296 4945 431 5002 rius
456 4956 702 5017 quoque
726 4940 930 4996 eadem
953 4954 1076 5010 spe,
1106 4954 1224 5010 qua
1255 4937 1506 4994 Francos
1531 4938 1820 4995 abducere
1836 4955 1967 4995 con-

296 5028 1044 5100 sueverat,animatus,ire
1075 5027 1281 5082 obvius
1309 5030 1500 5083 ratum
1532 5028 1724 5086 duxit.
1762 5030 1842 5085 Ac
1864 5046 1969 5101 per

298 5124 417 5180 hee
444 5122 595 5178 hinc
623 5119 762 5173 inde
802 5117 1129 5183 conﬂuunt,
1162 5132 1457 5188 supraque
1503 5116 1768 5186 ﬂuvium,
1792 5117 1967 5189 juxta

298 5211 511 5269 villam
544 5226 677 5283 qua:
728 5206 1030 5264 Calviaeus
1078 5204 1293 5261 dicitur
1338 5210 1531 5262 castra
1576 5211 1819 5279 ponunt.
1855 5207 1967 5263 Sed

298 5300 547 5367 Franci,
577 5314 647 5354 eo
678 5296 836 5368 quod
867 5296 1286 5367 imperatorem
1316 5294 1410 5351 bis
1441 5294 1813 5367 reliquerant,
1843 5313 1970 5368 pce-

299 5388 586 5447 nitudine
616 5384 972 5457 correpti,et
1001 5386 1066 5437 ut
1097 5383 1305 5439 deinde
1336 5382 1451 5438 tale
1480 5383 1619 5455 quid
1652 5385 1974 5441 committe-

298 5481 443 5534 rent
474 5481 652 5547 turpe
674 5473 1037 5545 judicantes,
1073 5471 1143 5527 ad
1178 5470 1560 5528 defectionem
1599 5471 1821 5544 impelli
1870 5474 1974 5530 de-

298 5564 542 5640 dignati
577 5561 1149 5629 sunt.Quamobrem
1176 5577 1310 5617 eum
1335 5577 1440 5616 nec
1474 5561 1762 5633 fugze,nec
1795 5561 1975 5633 przelii

299 5656 517 5714 locum
545 5652 792 5722 videret,
807 5667 877 5709 ea
906 5649 1173 5724 pactione
1204 5648 1520 5709 novissime
1550 5650 1815 5723 praelium
1836 5650 1983 5708 dire-

2071 4677 2296 4746 partem
2328 4669 2511 4743 regni,
2528 4686 2701 4741 quam
2720 4671 2771 4726 ei
2794 4670 3048 4737 dederat,
3064 4668 3289 4725 direxit.
3308 4671 3432 4738 Quo
3454 4669 3713 4738 veniens,

2070 4777 2274 4819 omnes
2303 4759 2410 4816 hos
2443 4759 2587 4815 ﬁnes
2618 4758 3013 4814 inhabitantes
3044 4759 3116 4814 ad
3147 4758 3315 4815 illum
3344 4763 3647 4829 venerunt,
3660 4762 3719 4816 et

2073 4852 2248 4906 ﬁdem
2281 4852 2646 4904 sacramento
2678 4848 3070 4904 commendati
3096 4849 3284 4905 eidem
3316 4850 3715 4906 ﬁrmaverunt.

2072 4939 2290 4995 Eodem
2308 4941 2568 5011 tempore
2584 4936 2892 4993 nuntiatur
2911 4939 3066 5011 quod
3086 4939 3485 4995 Lodhuwicus
3506 4956 3540 4994 a
3555 4940 3720 5010 patre

2075 5045 2182 5085 suo
2212 5027 2569 5094 descivisset,
2603 5031 2661 5083 et
2689 5028 2974 5102 quidquid
3024 5034 3189 5085 trans
3237 5030 3507 5085 Rhenum
3555 5026 3721 5100 regni

2077 5118 2504 5186 continebatur,
2528 5117 2639 5172 sibi
2671 5118 2965 5174 vindicare
2995 5117 3183 5174 vellet.
3203 5117 3365 5183 Quod
3396 5119 3565 5188 pater
3590 5116 3722 5187 ejus

2079 5207 2345 5275 audiens,
2379 5205 2595 5262 indicto
2625 5211 2931 5274 conventu,
2964 5206 3321 5279 Magontiam
3344 5207 3632 5276 convenit,
3656 5223 3725 5263 ac

2078 5298 2322 5370 trajecto
2353 5297 2606 5352 exercitu
2635 5297 2834 5370 fugere
2850 5296 3017 5351 illum
3048 5298 3107 5351 in
3139 5295 3466 5368 Bajoariam
3490 5313 3727 5369 compu-

2081 5386 2169 5443 lit.
2206 5387 2339 5443 Post
2364 5385 2547 5457 Aquis
2576 5386 2872 5442 exsultans
2903 5383 3092 5454 rediit,
3125 5384 3425 5456 quoniam,
3458 5402 3727 5459 quocun-

2085 5492 2197 5548 que
2220 5479 2560 5541 severterat,
2582 5478 2726 5527 nutu
2746 5471 2941 5527 divino
2960 5471 3144 5529 vietor
3154 5476 3297 5529 erat.
3311 5475 3727 5530 Verumtamen

2086 5563 2392 5637 ingruente
2424 5561 2589 5617 senili
2623 5564 2807 5629 astate,
2832 5565 2891 5616 et
2922 5566 3157 5634 propter
3175 5562 3366 5619 varias
3389 5562 3732 5619 afﬂictiones

2086 5667 2235 5725 pene
2251 5644 2545 5722 decrepita
2555 5647 2918 5722 imminente,
2932 5656 3122 5708 mater
3134 5668 3199 5709 ac
3213 5653 3498 5726 primores
3509 5650 3734 5726 populi,
