4094 6186
356 282 430 395 3i
1414 321 1794 386 NI'I‘HARDI
1838 319 1901 382 S.
1949 318 2296 381 RICHABII
2343 318 2692 382 ABBATIS.
3679 320 3758 380 52

354 462 459 538 qui
489 462 550 519 in
581 459 879 519 voluntate
901 459 1086 534 patris
1107 477 1210 533 pro
1231 457 1997 521 Karololaboraverant,me-
2027 454 2080 519 Α
2112 452 2232 509 rolo
2263 453 2641 522 conferretur,
2655 451 2970 522 consensit,
2985 453 3042 509 et
3058 468 3177 508 una
3199 467 3332 508 cum
3365 454 3530 526 patre
3559 469 3758 510 coram

357 557 613 621 tuentes,
647 553 696 609 si
731 552 963 608 infectis
995 551 1170 606 rebus
1216 547 1537 613 decederet,
1571 545 1707 601 odia
1754 544 2000 598 fratrum
2111 542 2268 600 omni
2301 542 2514 615 populo
2548 542 2630 597 ita
2677 559 2738 596 se
2784 541 2928 597 velle
2959 541 3344 597 annuntiavit.
3381 541 3529 600 Hinc
3563 546 3759 600 autem

357 657 546 716 usque
577 642 649 698 ad
675 640 1128 696 internecionem
1155 637 1267 693 sibi
1290 636 1814 707 insurgere,ratum
1833 634 2006 688 duxe-

357 736 498 789 runt
528 735 594 786 ut
623 727 946 802 quemlibet
975 743 1005 781 e
1037 726 1174 780 ﬁliis
1207 728 1373 796 pater
1414 724 1473 778 in
1525 721 2002 794 supplementum

358 820 470 878 sibi
502 819 828 876 assumeret
863 831 876 870 :
911 818 969 870 et
1000 815 1048 870 si
1082 818 1216 885 post
1262 812 1592 868 discessum
1637 812 1766 882 ejus
1813 811 2002 866 caeteri

358 907 674 966 concordes
705 921 832 960 esse
861 901 1099 971 nollent,
1117 901 1323 958 saltem
1357 899 1416 956 hi
1443 901 1559 956 duo
1581 899 1890 955 unanimes
1923 898 2003 954 ef-

360 995 514 1064 fecti,
536 993 794 1050 valerent
823 990 1094 1048 resistere
1110 989 1441 1046 invidorum
1473 987 2006 1060 tactioni.Cumque

361 1081 706 1170 neqessitate
737 1081 1096 1144 instante,ac
1126 1095 1230 1151 qer
1258 1079 1367 1134 hoc
1396 1077 1654 1133 assiduis
1684 1075 2009 1132 meditatio-

361 1165 538 1230 nib'us
586 1171 645 1227 in
694 1171 805 1226 hac
848 1169 1127 1224 electione
1169 1171 1566 1234 versarentur,
1601 1165 2007 1222 universorum

362 1260 656 1320 sententia
685 1257 1004 1325 consensit,
1039 1256 1087 1312 si
1119 1255 1448 1312 Lodharius
1477 1259 1702 1311 certum
1725 1270 1788 1310 se
1809 1253 1868 1309 in
1900 1253 2009 1310 hoc

361 1351 594 1425 negotio
625 1349 882 1422 prmbere
909 1345 1100 1414 vellet,
1131 1361 1265 1402 cum
1299 1361 1365 1400 eo
1393 1344 1583 1400 fcedus
1608 1343 1742 1399 iniri
1775 1345 2005 1400 debere.

361 1437 632 1508 Nam,uti
661 1435 1033 1510 prwmissum
1063 1437 1170 1502 est,
1187 1433 1342 1489 idem
1373 1431 1510 1488 olim
1544 1431 1694 1505 patri
1720 1431 2011 1505 matrique

363 1547 430 1587 ae
459 1526 667 1586 Karolo
691 1526 1014 1598 juraverat,
1047 1527 1113 1578 ut
1142 1525 1366 1594 partem
1416 1521 1579 1594 regni
1613 1538 1792 1594 quam
1839 1518 2013 1576 vellet

274 1679 278 1682 ,
363 1623 551 1692 pater,
569 1617 760 1673 eidem
789 1615 975 1681 daret,
995 1615 1054 1668 et
1082 1612 1350 1668 eamdem
1383 1627 1444 1666 se
1466 1610 1796 1667 consentire
1809 1613 1868 1665 et
1887 1626 2014 1682 pro-

361 1711 554 1780 tegere
585 1703 668 1759 illi
701 1706 905 1760 contra
933 1715 1139 1756 omnes
1170 1699 1442 1754 inimicos
1473 1697 1750 1754 omnibus
1803 1698 2012 1754 diebus

2114 636 2277 706 pater
2298 633 2716 704 fratres,prout
2745 631 2946 693 valuit.
2971 630 3280 687 unanimes
3311 632 3521 700 effecit,
3548 650 3762 706 rogans

2115 738 2180 776 ac
2213 721 2532 793 deprecans
2561 724 2626 775 ut
2657 720 2902 775 invicem
2924 737 2986 775 se
3016 719 3344 792 diligerent,
3359 723 3418 776 et
3437 725 3502 776 ut
3523 719 3672 778 alter
3689 723 3764 778 ab

2115 810 2296 865 altero
2322 813 2723 881 protegeretur
2751 809 3090 875 adhortans,
3120 815 3336 878 exorat,
3369 813 3426 864 et
3457 811 3613 883 quod
3643 811 3765 868 fieri

2117 899 2603 970 desiderat,nptat
2638 897 2862 964 Quibus
2893 898 3162 970 peractis,
3179 899 3428 970 benigne
3449 903 3508 954 et
3528 900 3767 971 pacifice

2118 988 2476 1044 Lodharium
2497 988 2552 1042 in
2573 986 2800 1042 Italiam
2817 987 3070 1042 ditatum
3094 988 3458 1044 remissionis
3475 990 3684 1062 gratia,
3700 1009 3768 1046 ac

2118 1075 2280 1148 regni
2315 1075 2681 1143 muneribus,
2701 1075 3025 1144 remittens,
3057 1081 3427 1134 sacramenta
3455 1095 3584 1150 quae
3615 1097 3768 1152 saepe

2108 1166 2430 1236 juraverat,
2447 1163 2676 1236 quoties
2706 1164 2764 1218 in
2797 1163 2964 1219 illum
2991 1163 3336 1237 deliquerat,
3371 1166 3604 1239 quoties
3625 1167 3766 1223 deli-

2119 1258 2214 1310 cta
2260 1253 2450 1310 eidem
2503 1254 2839 1321 donaverat,
2872 1251 2933 1308 in
2984 1253 3330 1310 memoriam
3368 1256 3676 1326 reducens,
3701 1274 3769 1313 ac

2119 1343 2235 1417 piis
2263 1341 2588 1398 visceribus
2621 1357 2888 1411 monens,
2908 1343 3351 1400 contestabatur
3379 1361 3452 1401 ne
3481 1345 3688 1402 saltem
3713 1346 3770 1404 id

2121 1432 2276 1506 quod
2309 1435 2448 1487 tunc
2479 1429 2798 1486 novissime
2828 1435 3191 1504 peregerunt,
3207 1449 3523 1506 coramque
3542 1435 3772 1494 cunctis

2119 1521 2204 1578 ita
2233 1538 2296 1577 se
2323 1519 2469 1577 velle
2497 1519 2958 1590 eonfirmaverat,
2995 1521 3262 1579 frustrari
3305 1523 3570 1597 quolibet
3599 1527 3772 1584 modo

2121 1609 2442 1683 permittat.

2192 1699 2409 1754 Eodem
2450 1703 2730 1784 tempore,
2767 1703 2833 1756 ut
2881 1701 3166 1774 Pippinus
3207 1665 3576 1771 decessisset,
3611 1708 3778 1776 pater

363 1795 492 1850 vita:
523 1811 642 1865 sua
673 1791 925 1847 deberet.
960 1788 1351 1887 Quamobrem
1391 1787 1606 1843 missos
1639 1786 1923 1886 deligunt,
1957 1791 2014 1886 et
2043 1825 2090 1890 Β
2122 1787 2394 1842 nuntium
2433 1792 2755 1860 acceperat,
2787 1792 2845 1844 et
2875 1807 3010 1862 pars
3055 1791 3324 1862 quaedam
3373 1791 3600 1864 populi,
3631 1793 3772 1866 quid

363 1883 423 1939 in
457 1881 684 1938 Itatiam
717 1879 788 1936 ad
823 1877 1164 1934 Lotharium
1196 1875 1482 1934 mittunt:
1515 1875 2011 1948 promittentes,si

365 1971 550 2046 patris
570 1969 930 2026 voluntatem
943 1967 1219 2039 deinceps
1232 1981 1370 2040 erga
1381 1964 1656 2021 Karolum
1669 1981 2013 2021 conservare

362 2059 554 2126 vellet,
587 2057 785 2114 omnia
815 2073 943 2128 quas
991 2055 1050 2111 in
1082 2054 1252 2110 illum
1300 2053 1586 2110 hactenus
1620 2051 2008 2124 delinquerat,

365 2146 609 2214 remitti,
639 2149 697 2202 et
744 2161 920 2201 omne
965 2159 1235 2217 regnum,
1271 2143 1494 2214 absque
1543 2139 1827 2213 Bajoaria,
1860 2141 2014 2196 inter

365 2237 535 2294 illum
567 2239 626 2293 et
655 2232 930 2290 Karolum
962 2231 1362 2288 dividendum.
1389 2232 1524 2296 Quae
1552 2229 1830 2302 quoniam
1865 2229 2012 2285 Lod-

365 2325 532 2382 hario
562 2327 622 2380 et
649 2323 776 2380 suis
806 2324 933 2378 rata
960 2320 1328 2391 videbantur,
1355 2322 1601 2392 utraque
1637 2336 1706 2374 ex
1736 2323 1899 2390 parte
1929 2318 2014 2374 sic

364 2413 530 2482 velle,
565 2430 632 2470 ac
663 2411 747 2469 sio
769 2427 832 2468 se
859 2410 1135 2483 perficere
1157 2409 1523 2482 juraverunt.

437 2504 586 2576 Ergo
618 2501 692 2558 ad
721 2499 928 2556 urbem
947 2497 1316 2572 Vangionum
1341 2499 1626 2554 conventu
1649 2495 1865 2553 indicto
1884 2514 2015 2552 con-

363 2593 652 2647 venerunt
665 2585 836 2660 (839),
857 2586 917 2642 in
947 2603 1062 2659 quo
1096 2585 1422 2642 Lodharius
1450 2584 1779 2640 humillime
1809 2585 1880 2640 ad
1915 2602 2012 2657 pe-

365 2680 470 2736 des
491 2676 674 2751 patris
696 2691 892 2732 coram
914 2674 1144 2732 cunctis
1167 2673 1434 2748 procidit,
1450 2673 1678 2730 dicens:
1699 2695 1726 2724 «
1749 2673 1888 2730 Novi
1921 2689 2014 2730 me

365 2785 563 2826 coram
612 2767 728 2823 Deo
777 2769 836 2822 et
882 2769 958 2836 te,
1013 2764 1249 2820 domine
1296 2766 1478 2836 pater,
1511 2761 1854 2835 deliquisse.
1885 2763 2012 2820 Non

364 2871 634 2931 regnum,
657 2855 758 2911 sed
791 2852 1318 2926 indulgentiam,et
1348 2857 1412 2908 ut
1441 2851 1690 2926 gratiam
1713 2857 1875 2908 tuam
1899 2870 2014 2908 me-

365 2963 514 3012 rear,
528 2960 742 3018 quisse.
761 2965 790 2994 »
825 2942 983 2998 Idem
1016 2945 1236 3010 autem,
1272 2944 1338 2996 ut
1365 2941 1499 3014 pius
1528 2959 1595 2996 ac
1625 2941 1884 2997 clemens
1911 2959 2012 3014 pa-

361 3039 470 3104 ter,
483 3039 542 3091 et
571 3033 785 3089 delicta
807 3029 1480 3104 postulantiindulsit,et
1507 3030 1756 3102 gratiam
1782 3030 2012 3102 roganti

364 3122 654 3180 concessit
685 3137 700 3176 :
733 3137 800 3176 eo
831 3119 1056 3176 scilicet
1085 3121 1253 3190 pacto
1277 3123 1340 3173 ut
1371 3118 1644 3188 deinceps
1663 3117 1808 3172 nihil
1831 3117 2014 3190 quoli-

2120 1893 2262 1932 avus
2286 1876 2358 1932 de
2383 1893 2560 1949 regno
2580 1877 2668 1932 vel
2693 1877 3003 1950 nepotibus
3023 1878 3280 1949 juberet,
3295 1880 3770 1952 praestolabatur:

2120 1982 2258 2038 pars
2287 1968 2504 2034 autem,
2535 1971 2764 2039 arrepto
2795 1965 2916 2022 ﬁlio
2947 1967 3076 2038 ejus
3117 1967 3383 2041 Pippino,
3445 1970 3585 2042 quia
3631 1975 3774 2029 natu

2121 2055 2415 2110 maximus
2445 2059 2588 2122 erat,
2633 2056 3006 2128 tyrannidem
3056 2057 3378 2114 exercebat.
3412 2061 3776 2134 Quapropter

2121 2145 2214 2200 his
2246 2144 2346 2212 ita,
2381 2147 2449 2199 ut
2477 2145 2784 2216 prisfatum
2815 2148 2924 2214 est,
2957 2163 3091 2202 cum
3144 2147 3431 2220 Lodhario
3477 2150 3771 2221 perfectis,

2121 2231 2361 2288 collecta
2389 2249 2568 2288 manu
2597 2232 2807 2301 valida,
2843 2250 2948 2307 per
2975 2233 3776 2304 Cavillonem,Clarummon—

2121 2324 2240 2377 tem
2270 2339 2389 2377 una
2419 2338 2554 2377 cum
2583 2321 2786 2378 Carolo
2805 2338 2871 2378 ac
2903 2327 3092 2380 matre
3123 2328 3290 2397 pater
3319 2327 3504 2398 petiit,
3541 2345 3609 2384 ac
3640 2346 3773 2402 par-

2121 2413 2239 2465 tem
2265 2409 2484 2483 populi,
2518 2427 2644 2483 qua:
2675 2410 2842 2467 illum
2874 2412 3321 2484 praetolabatur
3349 2415 3774 2491 inibi,benigne

2121 2499 2356 2571 recepit.
2372 2499 2440 2554 Et
2469 2498 2747 2570 quoniam
2780 2499 2919 2556 alim
2950 2516 3196 2574 regnum
3218 2502 3544 2574 Aquitania:
3567 2504 3772 2563 Carolo

2122 2587 2456 2655 donaverat,
2473 2591 2538 2642 ut
2565 2585 2648 2642 illi
2667 2605 2730 2644 se
2745 2589 3243 2659 commendarent,
3259 2590 3547 2650 hortando
3561 2595 3782 2663 suasit,

2112 2676 2316 2748 jussit.
2351 2675 2459 2742 Qui
2485 2691 2690 2732 omnes
2721 2678 3138 2747 commendati,
3172 2677 3362 2736 eidem
3395 2687 3768 2740 sacramento

2123 2765 2298 2820 ﬁdem
2329 2765 2728 2820 ﬁrmaverunt.
2763 2766 2900 2822 Post
2943 2767 3099 2839 quod
3144 2769 3438 2840 quomodo
3488 2774 3772 2842 tyrannos

2122 2857 2536 2926 compesceret,
2571 2855 2892 2910 contendit.
2925 2855 3032 2911 Per
3063 2855 3218 2911 idem
3269 2861 3506 2929 tempus
3538 2859 3771 2916 Ludho-

2121 2941 2311 2998 wicus
2333 2960 2367 2998 a
2391 2941 2661 3013 Bajoaria
2685 2942 2856 2998 solito
2874 2960 3035 3000 more
3052 2960 3344 3017 egressus,
3359 2944 3771 3006 Alamanniam

2121 3031 2354 3098 invasit,
2372 3048 2507 3087 cum
2539 3031 2893 3104 quibusdam
2925 3033 3197 3107 Toringis
3226 3038 3284 3090 et
3313 3034 3641 3092 Saxonibus
3662 3036 3776 3093 sol-

2121 3121 2360 3175 licitatis
2385 3119 2553 3192 (840)..
2587 3121 2977 3186 Quamobrem
3008 3125 3172 3192 pater
3200 3122 3330 3194 ejus
3360 3122 3432 3178 ab
3457 3123 3776 3196 Aquitania

363 3213 462 3268 bet
490 3209 664 3265 modo
695 3212 900 3265 contra
919 3189 1103 3263 suam,
1117 3205 1475 3262 voluntatem
1498 3222 1603 3262 nec
1624 3206 1683 3261 in
1706 3189 2010 3278 Karoilum,
2039 3189 2083 3256 (ἶ
2123 3189 2448 3276 revocatus,
2481 3207 2726 3264 dimisso
2755 3189 3026 3266 videlicet
3043 3189 3246 3266 Carold
3271 3228 3390 3267 una
3417 3189 3553 3268 cum
3584 3217 3775 3270 matre

361 3315 470 3374 nec
499 3298 559 3354 in
589 3313 839 3371 regnum
869 3295 1084 3352 alicubi
1115 3294 1353 3368 egisset.
1387 3293 1530 3350 Dein
1562 3294 1813 3367 benigne
1843 3292 2012 3350 illum
2123 3297 2251 3370 ejus
2269 3297 2546 3353 Pictavis:
2578 3297 2703 3370 ipse
2731 3314 2864 3354 vero
2887 3302 3160 3355 sanctum
3193 3299 3417 3356 Pascha
3433 3300 3584 3374 Aqui
3614 3301 3772 3358 cele—

363 3386 610 3460 excepit,
643 3402 712 3442 ac
743 3383 1112 3451 deosculans,
1149 3381 1366 3457 gratias
1405 3383 1522 3438 Deo
1553 3400 1656 3456 pro
1688 3381 1808 3438 filio
1838 3400 2012 3456 quem
2123 3385 2330 3452 bravit,
2345 3392 2403 3442 et
2429 3385 2512 3441 sic
2535 3401 2648 3440 uno
2665 3386 2983 3458 eodemque
3013 3387 3221 3444 itinere
3241 3387 3557 3463 Toringam
3579 3389 3769 3462 petiit.

364 3491 634 3534 aversum
667 3473 1139 3530 reconciliaverat
1167 3472 1306 3544 egit.
1338 3472 1422 3527 Ad
1453 3471 1767 3544 prandium
1803 3471 2012 3527 deinde

365 3563 627 3622 conversi
659 3566 820 3630 sunt,
845 3559 904 3616 in
927 3561 1251 3616 crastinum
1275 3559 1344 3615 de
1371 3558 1616 3626 cazteris,
1643 3575 1771 3630 quin
1797 3559 1886 3615 sui
1912 3560 2009 3630 ju-

365 3656 652 3720 raverant,
685 3649 1082 3706 deliberaturi.
1114 3647 1217 3706 Die
1246 3652 1440 3704 autem
1487 3647 1668 3704 altera
1696 3646 2009 3704 concilium

364 3743 588 3799 ineunt.
623 3741 770 3798 Hine
801 3743 982 3812 pater,
1017 3742 1083 3794 ut
1111 3738 1202 3794 sui
1225 3738 1880 3810 juraverant,perficere
1909 3755 2008 3792 cu-

362 3831 528 3906 piens
561 3848 575 3886 :
611 3853 638 3882 «
670 3831 836 3896 Ecce,
870 3827 974 3896 fili,
1009 3831 1075 3883 ut
1116 3827 1523 3901 promiseram,
1557 3842 1805 3899 regnum
1836 3843 2008 3882 omne

358 3936 554 3978 coram
586 3923 642 3976 te
673 3921 789 3986 est;
809 3917 1001 3972 divide
1023 3915 1167 3972 illud
1195 3919 1370 3988 prout
1388 3913 1644 3970 libuerit.
1669 3915 1831 3980 Quod
1864 3915 1911 3970 si
1945 3920 2008 3970 tu

360 4008 647 4076 diviseris,
671 4006 926 4080 partium
958 4005 1162 4061 electio
1193 4003 1380 4060 Caroli
1411 4004 1540 4060 erit.
1575 4003 1633 4060 Si
1677 4007 1872 4059 autem
1901 4020 2008 4060 nos

359 4097 506 4153 illud
519 4095 914 4166 diviserimus,
928 4093 1198 4149 similiter
1219 4093 1473 4165 partium
1496 4091 1699 4148 electio
1718 4097 1820 4149 tua
1831 4092 1959 4149 erit.
1975 4115 2002 4145 ››

358 4184 521 4252 Quod
545 4183 701 4239 idem
723 4198 857 4238 cum
884 4196 986 4253 per
1005 4181 1270 4236 triduum
1293 4179 1550 4236 dividere
1567 4180 1755 4248 vellet,
1773 4182 1873 4236 sed
1896 4182 2004 4236 mi-

358 4274 519 4330 nime
538 4275 755 4345 posset,
769 4269 1078 4343 Josippum
1108 4273 1283 4340 atque
1313 4268 1668 4324 Riehardum
1691 4269 1764 4324 ad
1779 4273 2005 4340 patrem

357 4361 587 4430 direxit,
603 4361 922 4432 deprecans
954 4363 1018 4414 ut
1046 4357 1144 4414 ille
1173 4362 1231 4413 et
1261 4356 1350 4413 sui
1386 4371 1630 4428 regnum
1657 4356 2000 4424 dividerent,

357 4450 734 4526 partiumque
753 4447 955 4506 electio
981 4446 1094 4504 sibi
1125 4446 1558 4502 concederetur.
1586 4445 1830 4518 Insuper
1844 4463 2001 4514 vero,

2118 3476 2295 3546 Aqua
2317 3473 2675 3530 Lodhuwico
2697 3474 2816 3530 ﬁlio
2838 3475 2967 3546 ejus
2979 3474 3170 3548 pulso,
3189 3493 3291 3549 per
3310 3477 3546 3534 Sclavos
3563 3477 3772 3536 itinere

2121 3563 2442 3636 redempto,
2465 3580 2599 3619 eum
2633 3563 2692 3618 in
2725 3564 3049 3636 Bajoariam
3080 3565 3280 3637 fugere
3321 3566 3623 3638 compulit.
3645 3569 3772 3635 Quo

2121 3656 2374 3724 peracto,
2395 3651 2519 3708 Kal.
2533 3652 2674 3708 Julii
2707 3653 2780 3708 ad
2801 3652 3174 3725 Vangionum
3194 3655 3399 3710 urbem
3419 3660 3768 3713 conventum

2118 3739 2346 3808 indixit,
2383 3741 2455 3796 ad
2488 3741 2641 3813 quod
2676 3741 3031 3797 Lodharium
3063 3741 3250 3798 ﬁlium
3283 3759 3458 3800 suum
3499 3745 3572 3801 ab
3603 3744 3774 3802 Italia

2115 3828 2311 3886 venire
2339 3829 2638 3902 praecepit;
2662 3847 2796 3884 cum
2820 3847 2908 3898 eo,
2927 3830 3266 3904 caeterisque
3287 3832 3399 3888 sibi
3422 3833 3676 3890 credulis
3696 3835 3771 3891 de

2120 3919 2478 3974 Lodhuwico
2509 3917 2962 3975 deliberaturus.
2977 3918 3240 3992 Cumque
3262 3937 3324 3977 se
3345 3919 3470 3978 hzsc
3492 3921 3572 3977 ita
3592 3922 3773 3979 habe-

2116 4011 2265 4075 rent,
2281 4013 2339 4063 et
2369 4007 2696 4063 Lodharius
2727 4007 2786 4063 in
2809 4006 2996 4075 Italia,
3012 4008 3410 4066 Lodhuwicus
3430 4013 3595 4067 trans
3617 4011 3768 4068 Rhe-

2115 4113 2281 4164 num,
2317 4101 2374 4152 et
2401 4095 2650 4152 Karolus
2681 4096 2740 4152 in
2770 4097 3084 4168 Aquitania
3113 4103 3334 4170 essent,
3366 4099 3770 4158 Lodhuwicus

2115 4185 2454 4258 imperator,
2471 4187 2751 4257 paterque
2773 4183 3028 4254 illorum,
3043 4185 3101 4240 in
3123 4186 3318 4244 insula
3329 4188 3584 4260 quadam
3592 4189 3618 4262 j
3627 4193 3770 4247 uxta

2116 4273 2556 4346 Magonciacum
2585 4291 2665 4328 xu
2695 4273 2822 4329 Kal.
2855 4271 2996 4330 Julii
3029 4274 3192 4332 obiit.
3229 4277 3412 4342 Quem
3445 4275 3636 4350 Drogo
3656 4277 3768 4335 fra-

2113 4364 2220 4428 ter,
2252 4365 2308 4416 et
2338 4360 2666 4433 episcopus,
2697 4367 2874 4434 atque
2903 4361 3405 4435 archicapellanus
3425 4365 3574 4437 ejus,
3593 4365 3767 4425 Motis

2113 4448 2339 4506 civitate
2395 4467 2504 4506 sua
2556 4451 2710 4522 apud
2761 4456 3032 4506 sanctum
3084 4451 3416 4516 Arnulfum.
3470 4471 3588 4511 una
3626 4471 3764 4512 cum

357 4540 416 4596 in
441 4556 509 4596 ea
531 4539 662 4606 (ide,
687 4553 864 4610 quam
905 4536 1022 4592 illis
1043 4537 1407 4608 juraverant,
1433 4535 1629 4590 testati
1662 4539 1820 4603 sunt,
1847 4537 2002 4606 quod
2033 4557 2080 4621 D
2113 4537 3224 4613 episcopis,abbatibus,comitibusque
3254 4558 3513 4616 congruo
3543 4542 3766 4601 honore

354 4645 460 4701 pro
491 4627 654 4683 nulla
682 4643 744 4682 re
773 4625 908 4695 alia,
931 4626 1046 4682 nisi
1077 4624 1202 4680 sola
1231 4623 1563 4698 ignorantia
1584 4623 1908 4697 regionum,
1945 4625 2001 4680 id
2112 4625 2423 4698 sepulturas
2455 4625 2716 4681 tradidit.
2751 4625 2906 4681 Vixit
2935 4643 3038 4698 per
3069 4644 3254 4684 annos
3287 4629 3595 4703 sexaginta
3615 4646 3764 4702 qua-

353 4732 629 4790 peragere
659 4715 937 4771 differret.
956 4715 1346 4782 Quamobrem
1367 4717 1550 4787 pater,
1574 4718 1639 4769 ut
1670 4715 1896 4786 aequius
1913 4732 2004 4771 va-

351 4805 486 4873 luit,
499 4820 747 4878 regnum
769 4820 942 4860 omne
959 4805 1190 4876 absque
1201 4803 1468 4876 Bajoaria
1487 4819 1622 4860 cum
1643 4803 1769 4860 suis
1781 4803 1998 4873 divisit,

2109 4718 2262 4770 tuor.
2291 4714 2456 4770 Rexit
2483 4715 2860 4786 Aquitaniam
2891 4731 2994 4787 per
3021 4732 3204 4773 annos
3235 4716 3480 4790 triginta
3511 4721 3761 4791 septem.

2109 4802 2414 4875 Imperiale
2441 4820 2574 4860 vero
2605 4820 2817 4860 nomen
2849 4821 2952 4877 per
2978 4821 3164 4862 annos
3193 4805 3398 4880 viginti
3429 4811 3676 4880 septem,
3702 4811 3764 4865 et

353 4899 413 4952 et
439 4912 476 4951 a
504 4894 668 4950 Mosa
698 4896 921 4966 partem
949 4892 1278 4948 Australem
1319 4891 1644 4949 Lodharius
1691 4909 1826 4948 cum
1875 4893 2001 4949 suis
2109 4908 2213 4964 per
2243 4908 2474 4948 menses
2505 4909 2604 4948 sex
2633 4892 2908 4948 obtinuit.

353 4984 548 5058 elegit,
581 4983 846 5058 quinimo
876 4988 934 5039 et
962 4983 1202 5056 accepit.
1235 4982 1552 5039 Occiduam
1602 4999 1754 5050 vero,
1785 4987 1850 5039 ut
1887 4982 1998 5040 Ca-

1529 5262 1872 5350 LIBER
1933 5189 2580 5352 SECUNDUS;

1845 5421 2241 5435 ῆ-

974 5520 1374 5578 ΡΒκΕΡΑΤΙΟ.

2101 5526 2428 5578 vestrarum
2463 5523 2668 5591 initiis,
2703 5539 2734 5578 e
2765 5522 2978 5596 quibus
3009 5525 3226 5598 quippe
3257 5524 3438 5582 lector
3466 5525 3616 5583 seire
3647 5544 3752 5583 cu-

420 5605 718 5680 Explieitis
750 5624 852 5680 pro
881 5611 1141 5680 tempore
1173 5625 1238 5665 ac
1277 5609 1498 5665 viribus
1555 5607 1990 5667 dissensionum
2099 5611 2265 5682 piens
2295 5611 2673 5681 quamobrem
2707 5616 2840 5684 post
2857 5612 3083 5668 obitum
3115 5613 3300 5686 patris
3321 5612 3755 5683 vestri,Lodha—
