4120 6184
349 314 429 378 53
954 312 1057 382 DE
1097 318 1739 385 DISSENSIONIBUS
1785 321 2162 389 FILIORUM
2206 324 2570 391 LUDOVICI
2615 322 2849 405 PII,~—-
2877 326 3027 392 LIB.
3073 323 3151 393 II.
3675 322 3755 395 54

350 454 478 511 rius
508 469 610 510 vos
640 453 1001 527 fratremque
1048 457 1319 529 persequi
1371 457 1660 527 statuerit,
1702 458 1993 526 decernat,
2030 460 2081 525 Α
2112 474 2174 515 se
2204 458 2289 515 illi
2323 465 2380 515 et
2410 460 2741 533 subjectum
2774 463 2895 519 fore
2943 461 3206 532 velle,ita
3254 465 3321 521 ut
3363 460 3753 539 primogenito

346 544 611 617 colligat,
663 550 719 601 et
769 545 818 601 si
862 546 1022 616 juste
1071 547 1271 618 egerit,
1306 551 1662 620 cognoscat:
1699 548 1836 603 hinc
1875 549 2002 619 jam

347 651 467 707 qua
498 634 712 691 virtute
753 653 819 691 ac
850 635 1140 692 industria
1188 637 1297 692 hoc
1345 641 1654 695 exsecutus
1703 638 1798 705 sit,
1832 641 2003 709 prout

346 726 632 779 memoria
666 724 936 796 viresque
968 724 1382 796 suppleverint,
1406 730 1607 783 notare
1636 726 2001 783 curabo.Vos

343 831 482 868 vero
515 812 894 869 difficultates
926 831 1053 886 qua)
1085 830 1153 869 ex
1184 815 1385 870 eadem
1438 815 1705 872 molestia
1730 816 1999 889 parvitati

347 920 490 958 mea:
522 902 859 959 obstiterint
891 903 1177 975 inspicere
1227 905 1498 976 deposco.
1531 906 1600 961 Et
1648 906 1694 960 si
1746 905 1886 977 quid
1937 905 1997 960 in

345 992 459 1048 hoc
488 1010 665 1065 opere
697 992 1024 1065 neglexcro,
1048 996 1112 1048 ut
1142 994 1461 1066 ignoscatis
1493 1011 1710 1065 quaeso.

422 1172 680 1228 Audiens
693 1171 1019 1227 Lodharius
1038 1174 1259 1242 patrem
1279 1188 1452 1227 suum
1467 1172 1993 1240 obisse,confestim

348 1263 591 1319 nuntios
604 1260 842 1332 ubique,
859 1261 1182 1332 praesertim
1206 1277 1308 1332 per
1330 1264 1510 1316 totam
1535 1261 1997 1329 Franciam,mit-

345 1353 439 1419 tit,
473 1351 574 1423 qui
602 1366 664 1405 se
692 1353 1002 1404 venturum
1027 1348 1088 1403 in
1115 1347 1621 1421 imperium,quod
1653 1349 1789 1406 olim
1808 1351 1997 1406 fuerat

340 1440 431 1497 illi
463 1441 689 1507 datum,
710 1438 1005 1494 afﬁrment
1038 1454 1050 1492 :
1084 1438 1430 1510 promittens
1461 1439 1779 1511 unicuique
1810 1440 1992 1496 hono-

341 1547 438 1587 res
468 1547 504 1585 a
528 1532 691 1602 patre
706 1544 1014 1585 concessas
1030 1544 1091 1582 se
1111 1528 1444 1595 concedere,
1461 1534 1516 1582 et
1531 1529 1762 1585 eosdem
1783 1545 1994 1602 augere

341 1619 508 1677 velle.
543 1618 761 1674 Dubios
792 1633 1024 1689 quoque
1054 1617 1166 1671 fide
1199 1622 1565 1673 sacramento
1598 1617 1817 1673 firmari
1850 1635 1991 1689 pra;-

343 1707 518 1781 cepit.
547 1707 791 1778 Insuper
818 1709 1014 1761 autem
1038 1704 1239 1776 jussit,
1268 1709 1334 1760 ut
1362 1706 1711 1777 quantocius
1733 1711 1990 1778 possent,

346 1799 579 1854 obviam
609 1795 695 1851 illi
728 1795 1129 1868 procederent.
1171 1794 1516 1897 Nolen‘tibus
1566 1812 1721 1867 vero,
1749 1796 1994 1868 capitale
2027 1832 2075 1897 B

344 1886 705 1960 supplicium
726 1890 793 1940 ut
822 1884 1491 1956 prmdiceretur,indixit.
1521 1887 1651 1958 Ipse
1670 1891 1867 1941 autem
1898 1903 1995 1958 pe-

348 1974 721 2047 detemptim,
755 1990 870 2045 quo
901 1990 963 2028 se
1008 1988 1102 2028 res
1150 1976 1421 2041 verteret,
1462 1978 1779 2046 antequam
1824 1974 1997 2046 Alpes

345 2064 644 2135 excedere,
677 2063 828 2118 scire
855 2060 1077 2117 volens.
1112 2061 1261 2133 Ergo
1312 2062 1632 2133 cupiditate
1662 2066 1997 2136 terroreque

342 2153 527 2211 illecti
551 2152 812 2224 undique
853 2151 925 2206 ad
958 2149 1125 2206 illum
1165 2150 1492 2222 conﬂuunt,
1523 2157 1580 2207 et
1613 2152 1721 2208 hoc
1752 2169 1997 2210 cernens

343 2260 448 2317 spe
469 2242 810 2314 viribusque
826 2239 1241 2314 magnanimus
1258 2240 1518 2309 effectus,
1538 2241 1754 2314 quibus
1772 2242 1997 2300 artibus

343 2333 687 2389 universum
713 2329 1030 2403 imperium
1061 2328 1303 2385 liberius
1325 2329 1597 2387 invadere
1628 2332 1997 2403 posset,deli—

342 2424 549 2479 berare
581 2419 773 2493 coepit.
809 2419 1240 2475 Lodhuwicum
1288 2435 1541 2492 quoque,
1575 2437 1751 2492 quem
1801 2421 1994 2477 itineri

342 2527 454 2568 suo
483 2508 827 2582 contiguum
859 2524 986 2563 esse
1017 2509 1415 2581 prospexit,ut
1444 2508 1702 2581 primum
1734 2510 1794 2566 in
1827 2510 1994 2566 illum

345 2616 593 2656 manum
624 2597 903 2664 mitteret,
920 2600 1110 2653 ratum
1144 2597 1337 2661 duxit;
1376 2603 1433 2653 et
1466 2602 1531 2653 ut
1560 2601 1831 2655 eumdem
1857 2600 1994 2655 viri-

344 2691 459 2745 bus
481 2686 834 2753 annullaret,
852 2702 1087 2759 operam
1110 2686 1269 2741 omni
1286 2686 1500 2743 virtute
1522 2688 1751 2759 adjecit.
1770 2690 1997 2745 Interea

345 2779 419 2834 ad
452 2777 732 2833 Karolum
766 2777 825 2830 in
845 2775 1221 2847 Aquitaniam
1241 2774 1465 2847 legatos
1487 2775 1693 2832 callide
1713 2776 1991 2851 dirigens,

346 2868 591 2923 mandat
621 2882 683 2921 se
705 2881 842 2938 erga
873 2864 1230 2932 illum,sicut
1260 2868 1425 2937 pater
1452 2869 1758 2932 statuerat,
1777 2872 1831 2922 et
1845 2869 1997 2924 sicut

343 2973 483 3029 erga
514 2953 762 3010 ﬁliolum
796 2971 864 3010 ex
892 2954 1246 3026 baptismate
1292 2955 1615 3025 oportebat,
1649 2955 1993 3013 benevolum

342 3043 1013 3109 esse.Verumtamen,ut
1042 3042 1237 3114 nepoti
1269 3059 1375 3097 suo
1410 3041 1526 3097 ﬁlio
1559 3042 1994 3115 Pippini,donec

2113 547 2277 603 fratri
2310 566 2438 604 esse
2461 554 2772 621 oporteret.
2790 553 3036 623 Insuper
3056 550 3232 619 etiam
3257 553 3541 626 quidquid
3563 554 3756 611 hacte-

2112 654 2224 691 nus
2259 638 2315 693 in
2349 638 2525 694 illum“
2548 638 2893 710 deliquerat,
2914 640 3210 712 pollicitus
3240 645 3328 698 est
3377 660 3439 699 se
3468 660 3538 699 ex
3582 645 3758 702 corde

2113 726 2425 795 remittere,
2444 728 2786 800 deprecatus
2817 745 2888 784 ne
2911 729 3163 801 amplius
3183 748 3321 788 suos
3337 731 3633 803 sollicitet,
3646 750 3769 791 nec.

2112 831 2357 886 regnum
2392 817 2503 871 sibi
2536 817 2703 873 aDco
2744 817 3127 874 commissum
3160 820 3755 891 peturbet.Cederent

2109 904 2371 976 undique
2399 905 2525 977 paci
2559 910 2733 977 atque
2764 908 3106 976 concordiae,
3138 912 3194 962 et
3223 907 3333 964 hoc
3364 924 3428 965 se
3476 926 3587 967 sua
3628 928 3762 970 suo~

2109 1010 2357 1066 rumque
2370 1012 2438 1050 ex
2461 1000 2625 1067 parte
2645 1001 2834 1052 ratum
2847 997 3062 1063 videre,
3084 1015 3150 1053 ac
3167 1000 3389 1071 porhoc
3409 1014 3753 1060 conservare

2105 1082 2270 1152 velle,
2311 1084 2626 1139 mandavit.
2672 1087 2856 1153 Quod,
2879 1086 2989 1142 etsi
3020 1086 3166 1142 alter
3213 1088 3321 1143 hoc
3364 1088 3449 1145 ita
3475 1106 3603 1148 esse
3634 1108 3751 1148 non

2106 1174 2751 1246 crederet,quocunque
2773 1175 2942 1230 vellet
2975 1177 3168 1245 modo,
3193 1193 3262 1232 ex
3290 1176 3384 1232 his
3421 1176 3589 1234 illum
3621 1195 3748 1237 cer-

2106 1264 2229 1316 tum
2263 1279 2325 1317 se
2345 1263 2574 1318 efﬁcere
2604 1262 2894 1335 promisit.
2912 1265 3044 1330 Qua)
3068 1264 3306 1337 quidem
3330 1265 3656 1323 Lodharius
3677 1268 3751 1324 si-

2105 1351 2340 1408 mulans
2359 1369 2420 1408 se
2441 1352 2690 1425 benigne
2710 1353 3028 1425 suscipere,
3043 1353 3264 1427 legatos
3285 1358 3517 1411 tantum
3535 1355 3750 1414 saluta-

2103 1441 2280 1497 tionis
2312 1459 2492 1498 causa
2521 1444 2708 1499 redire
2740 1442 3107 1514 pormisit,ac
3131 1460 3235 1516 per
3264 1462 3403 1501 suos
3425 1462 3487 1502 se
3507 1461 3747 1519 respon-

2104 1547 2309 1586 surum
2362 1531 2430 1587 de
2477 1532 2703 1589 caeteris
2741 1548 2867 1588 esse
2910 1533 3226 1605 respondit.
3261 1535 3506 1608 Insuper
3544 1536 3745 1609 etiam,

2104 1620 2383 1691 quoniam
2416 1623 2487 1677 ad
2522 1622 2717 1694 ipsum
2750 1638 2811 1678 se
2840 1626 3061 1678 vertere
3092 1624 3370 1680 frustrata
3398 1624 3514 1681 fide
3544 1625 3746 1684 nolue-

2105 1714 2260 1773 runt,
2287 1709 2629 1777 honoribus,
2650 1727 2797 1781 quos
2830 1714 2993 1782 pater
3022 1710 3138 1768 illis
3184 1712 3444 1782 dederat,
3478 1715 3743 1787 privavit.

2107 1797 2189 1852 Ita
2220 1796 2359 1868 quid
2392 1797 2556 1853 fratri
2581 1799 2768 1854 facere
2801 1799 3101 1871 cogitaret,
3121 1801 3323 1858 nolens
3344 1802 3628 1860 indicium
3650 1807 3751 1862 da-

2106 1887 2225 1942 bat.
2261 1888 2485 1942 lntcrea
2512 1903 2716 1941 omnes
2748 1888 2898 1944 inter
2928 1887 3151 1945 Mosam
3183 1892 3241 1945 et
3270 1891 3601 1963 Sequanam
3642 1895 3747 1950 de-

2106 1980 2307 2049 gentes
2339 1975 2410 2031 ad
2444 1975 2715 2031 Karolum
2749 1975 3059 2045 miserunt,
3093 1979 3545 2048 mandantes,ut
3578 1986 3750 2039 ante-

2106 2081 2283 2137 quam
2306 2082 2340 2121 a
2362 2064 2650 2120 Lodhario
2672 2069 3236 2137 praeoccuparentur,
3254 2066 3476 2124 veniret
3498 2086 3511 2125 :
3536 2072 3751 2127 adven-

2106 2159 2232 2210 tum
2247 2156 2373 2226 ejus
2386 2171 2448 2210 se
2461 2152 2894 2227 prazstolaturos
2918 2155 3345 2226 promittentes.
3361 2159 3751 2222 Quamobrem

2106 2260 2242 2300 eum
2274 2243 2582 2317 perpaucis
2603 2243 2850 2300 Karolus
2871 2243 2980 2299 hoc
3002 2244 3111 2300 iter
3129 2244 3478 2315 accclerans,
3496 2247 3569 2303 ab
3580 2249 3752 2322 Aqui-

2104 2334 2266 2388 tania
2295 2333 2655 2389 Carisiacum
2674 2333 2852 2398 venit,
2866 2338 2921 2388 et
2951 2350 2985 2387 a
3009 2333 3379 2392 Carbonariis
3411 2339 3471 2392 et
3497 2335 3652 2393 infra
3678 2338 3751 2394 ad

2107 2439 2170 2477 se
2200 2422 2497 2478 venientes
2528 2423 2777 2495 benigne
2809 2422 3277 2494 suscepit.Extra
3295 2440 3428 2482 vero
3458 2426 3752 2482 Herenfri-

2108 2511 2824 2578 dus,Gislebertus,Bovo,
2851 2529 2916 2567 ac
2949 2513 3137 2567 cazteri
3160 2514 3231 2569 ab
3254 2513 3465 2571 Odulfo
3497 2514 3748 2588 decepti,

2105 2600 2399 2655 firmatam
2434 2600 2609 2654 tidem
2643 2598 3001 2671 negligentes
3036 2600 3390 2657 defecerunt.

2175 2690 2390 2745 Eodem
2422 2693 2683 2761 tempore
2713 2688 2932 2744 missus
2958 2689 3031 2744 ab
3061 2690 3374 2762 Aquitania
3402 2692 3579 2760 venit,
3593 2709 3752 2748 nun-

2102 2778 2259 2834 tians
2278 2778 2431 2850 quod
2456 2777 2737 2849 Pippinus
2760 2794 2893 2832 cum
2916 2777 3008 2832 his
3028 2778 3127 2850 qui
3152 2778 3303 2850 parti
3324 2796 3441 2836 snas
3460 2780 3749 2850 favebant,

2105 2884 2282 2939 super
2312 2871 2557 2922 matrem
2590 2866 2780 2921 Karoli
2814 2866 3033 2921 irrucre
3061 2866 3264 2922 vellet:
3290 2884 3357 2924 ac
3387 2885 3491 2940 per
3509 2869 3617 2925 boc
3636 2873 3750 2926 Ka-

2105 2955 2264 3011 rolus
2298 2955 2548 3010 Francos
2582 2954 2726 3009 inibi
2758 2954 3335 3026 omittens,mandat,
3350 2955 3399 3010 si
3421 2955 3553 3013 illos
3573 2957 3753 3013 frater

2104 3062 2250 3100 suus
2289 3045 2469 3099 donec
2499 3046 2882 3099 reverteretur
2912 3042 3239 3114 opprimere
3284 3043 3477 3113 vellet,
3519 3043 3749 3101 obviam

344 3150 478 3188 cum
509 3150 576 3187 eo
609 3131 964 3203 loqueretur,
998 3135 1260 3203 parceret
1289 3132 1631 3202 deprecatus
1663 3136 1769 3188 est.
1804 3133 1872 3188 Et
1901 3134 1992 3190 his
2035 3203 2061 3206 ,Α
2104 3134 2217 3189 sibi
2243 3132 2903 3206 procederent.1nsuper
2925 3132 2997 3186 ad
3030 3130 3750 3206 Lodharium,Hugonem,

343 3222 426 3277 ita
445 3220 814 3292 compositis,
846 3220 917 3274 ad
952 3221 1155 3274 urbem
1186 3219 1554 3293 Vangionum
1600 3220 1712 3276 iter
1759 3223 1985 3277 direxit.
2020 3203 2064 3270 (ἶ
2100 3203 2517 3288 Adelhardum,
2569 3220 2957 3288 Gerhardum,
3008 3224 3087 3275 et.
3123 3218 3462 3293 Hegilonem
3520 3203 3750 3292 direxit,

340 3311 558 3365 Eodem
592 3314 854 3380 tempore
886 3308 1283 3364 Lodhuwicus
1301 3313 1525 3381 partem
1544 3311 1828 3367 exercitus
1849 3311 1993 3368 inibi

342 3415 521 3454 causa
551 3396 834 3453 custodia:
859 3395 1191 3468 reliquerat,
1224 3401 1279 3452 et
1311 3398 1637 3454 Saxonibus
1668 3399 1994 3457 sollicitatis

340 3488 574 3544 obviam
589 3485 709 3541 illis
726 3487 1468 3558 perrexerat.Quamobrem
1484 3488 1806 3545 Lodharius
1818 3508 1993 3563 parvo

340 3576 621 3633 conﬂictu
651 3576 925 3631 custodes
956 3575 1155 3647 fugere
1201 3576 1501 3647 compulit.
1540 3577 1809 3634 Rhenum
1858 3596 1993 3635 cum

340 3664 617 3720 universo
642 3662 897 3719 exercitu
930 3663 1242 3731 transiens,
1286 3665 1707 3721 Franconofurt
1750 3668 1860 3724 iter
1906 3669 1993 3723 di-

340 3754 508 3822 rexit,
523 3770 645 3824 quo
675 3753 972 3824 insperato
994 3752 1131 3807 hinc
1155 3752 1500 3822 Lodharius,
1525 3753 1660 3810 inde
1683 3756 1991 3813 Lodhuwi.

339 3860 447 3898 cus
475 3842 789 3898 confluunt
820 3858 831 3897 :
868 3857 1124 3913 paceque
1153 3842 1261 3897 sub
1294 3847 1462 3898 nocte
1492 3844 1837 3916 composita,
1851 3846 1997 3902 alter

341 3931 509 4002 inibi,
542 3931 695 3987 alter
721 3947 856 3985 vero
887 3947 1003 4002 quo
1035 3929 1191 3985 Moin
1222 3929 1282 3984 in
1313 3930 1582 3986 Rhenum
1613 3933 1875 4001 confluit,
1899 3951 1992 3990 ca-

340 4024 435 4075 tra
460 4019 624 4075 haud
656 4019 913 4074 fraterno
941 4035 1137 4074 amore
1166 4024 1548 4091 componunt.
1581 4020 1846 4093 Cumque
1886 4024 1992 4078 Lo-

342 4109 662 4164 dhuwicus
678 4108 920 4164 viriliter
933 4107 1248 4174 resisteret,
1263 4112 1321 4163 et
1344 4108 1669 4165 Lodharius
1681 4109 1851 4165 illum
1869 4112 1996 4167 abs-

343 4216 456 4270 que
483 4198 685 4272 praelio
706 4199 818 4252 sibi
841 4197 1109 4269 subigere
1131 4198 1437 4265 difﬁderet,
1454 4215 1696 4270 sperans
1720 4200 1994 4256 Karolum

346 4287 575 4343 facilius
588 4285 855 4358 superari
871 4302 1062 4357 posse,
1079 4302 1147 4340 ea
1166 4285 1431 4357 pactione
1448 4286 1715 4358 praelium
1733 4287 1990 4355 diremit,

344 4379 409 4430 ut
436 4392 499 4430 ιιι
530 4376 671 4430 Idus
703 4373 1045 4429 Novembris
1076 4374 1280 4429 eodem
1326 4374 1452 4431 loco
1504 4393 1739 4432 rursum
1789 4394 1993 4434 conve-

346 4465 532 4529 niant,
578 4469 637 4519 et
685 4462 744 4518 ni
792 4464 1103 4519 concordia
1152 4464 1388 4519 statutis
1435 4465 1799 4533 interveniat,
1854 4467 1993 4538 quid

2104 3316 2314 3367 cuncta
2343 3327 2472 3382 quae
2504 3316 2644 3365 tunc
2675 3326 2860 3381 nuper
2885 3308 2966 3364 illi
2999 3310 3377 3365 mandaverat
3411 3309 3701 3383 replicans
3732 3326 3748 3367 :

2105 3418 2209 3456 nec
2240 3418 2353 3455 non
2386 3405 2441 3456 et
2473 3417 2574 3471 pro
2597 3399 2713 3453 Deo
2732 3399 3074 3469 deprecatus
3105 3402 3211 3466 est,
3229 3415 3301 3454 ne
3319 3416 3459 3455 suos
3476 3398 3588 3455 sibi
3609 3400 3752 3456 sub-

2102 3490 2363 3555 trahens,
2384 3505 2651 3561 regnum,
2668 3488 2819 3559 quod
2846 3488 3019 3555 Dens,
3036 3491 3317 3559 paterque
3334 3505 3440 3543 suo
3458 3503 3750 3548 consensu

2104 3580 2186 3634 illi
2221 3576 2749 3649 dederat,amplius
2769 3575 3119 3648 dissipet.Et
3148 3576 3240 3631 his
3273 3576 3354 3632 ita
3383 3578 3746 3650 compositis,

2102 3669 2161 3723 in
2173 3666 2547 3739 Aquitaniam
2568 3666 2813 3720 festinus
2838 3665 3105 3735 perrexit,
3121 3682 3413 3737 superque
3437 3665 3748 3738 Pippinum
3810 3692 3817 3697 ν

2102 3761 2161 3813 et
2192 3773 2330 3812 suos
2362 3756 2611 3819 irruens,
2639 3754 2776 3825 fuga
2805 3752 2936 3807 illos
2969 3753 3127 3808 abire
3148 3752 3448 3825 compulit.
3469 3754 3747 3812 Peridem

2104 3850 2357 3917 tempus,
2381 3860 2514 3900 cum
2549 3841 2872 3898 Lodharius
2895 3858 2929 3896 a
2951 3840 3309 3896 Lodhuwico
3341 3846 3748 3911 reverteretur,

2102 3939 2160 3991 et
2188 3951 2390 3990 omnes
2420 3933 2567 3988 citra
2596 3930 2977 3992 Carbonarias
2999 3929 3072 3985 ad
3103 3928 3270 3984 illum
3287 3929 3571 3999 venirent,
3587 3931 3751 3987 Mosa

2102 4026 2364 4095 trajecta,
2399 4025 2589 4076 ratum
2622 4020 2786 4075 duxit
2816 4023 2883 4073 ut
2916 4019 3249 4091 Sequanam
3280 4034 3468 4092 usque
3485 4020 3754 4091 procede-

2105 4114 2348 4176 ret.Quo
2382 4112 2522 4164 dum
2556 4108 2835 4175 tenderet,
2857 4106 3171 4162 Hilduinus
3195 4108 3379 4164 abbas
3404 4107 3606 4164 Sancti
3626 4108 3756 4166 Dio-

2106 4199 2277 4273 nysii,
2302 4202 2359 4254 et
2390 4197 2682 4252 Gerardus
2714 4212 2908 4250 comes
2943 4195 3147 4250 Parisii
3180 4195 3507 4263 civitatis,a
3544 4196 3753 4253 Karolo

2096 4287 2596 4355 deﬁcientes,fide
2634 4287 2916 4340 frustrata
2946 4286 3017 4339 ad
3050 4284 3220 4340 illum
3250 4289 3557 4341 venerunt.
3589 4285 3753 4351 Quod

2106 4377 2343 4451 quidem
2375 4374 2656 4449 Pippinus
2687 4373 2844 4429 ﬁlius
2868 4372 3143 4429 Bcrnardi
3166 4374 3319 4447 regis
3341 4374 3753 4447 Langobardo-

2105 4483 2258 4533 rum,
2294 4464 2602 4535 czeterique
2652 4466 2974 4527 cernentes,
3010 4460 3310 4534 elegerunt
3357 4461 3551 4534 potius
3591 4475 3753 4518 more

345 4554 556 4625 cuique
588 4553 889 4618 debeatur,
923 4551 1103 4607 armis
1134 4552 1466 4609 decernant.
1492 4555 1561 4610 Et
1591 4554 1683 4611 his
1714 4555 1795 4610 ita
1825 4556 1998 4612 omis-
2029 4572 2074 4636 ι)
2106 4570 2404 4612 servorum
2435 4553 2610 4607 ﬁdem
2662 4551 2950 4618 omittere,
2976 4551 3317 4620 juramenta
3357 4552 3748 4617 contemnere,

346 4641 448 4708 sis,
484 4640 762 4697 Karolum
794 4640 907 4696 sibi
940 4641 1210 4714 subigere
1244 4643 1563 4698 contendit.

419 4729 524 4785 Per
550 4729 709 4783 idem
741 4732 975 4801 tempus
1008 4730 1253 4794 Karolus
1286 4730 1573 4787 Bituricus
1591 4734 1662 4788 ad
1687 4733 1991 4802 Placitum,

347 4835 459 4889 quo
472 4817 811 4890 Pipinnium
826 4818 917 4873 sui
923 4819 946 4890 j
957 4822 1264 4874 uraverant
1278 4823 1723 4888 venturum,ven
1732 4826 1872 4878 erat.
1888 4823 1994 4889 Qui

345 4906 583 4978 quidem
616 4921 685 4961 ex
715 4907 992 4963 omnibus
1024 4908 1229 4964 nuntio
1264 4913 1512 4982 recepto,
1547 4910 1997 4979 missos,videli-

347 4999 437 5050 cet
463 4995 775 5051 Nitardum
806 5000 864 5052 et
894 4996 1292 5070 Adelgarium,
1329 4998 1565 5071 delegit,
1596 5003 1654 5055 et
1697 5000 1781 5055 uti
1832 5000 1993 5055 ocius

348 5082 544 5150 valuit,
579 5084 653 5139 ad
689 5084 1049 5140 Lodharium
1081 5085 1290 5141 direxit
1320 5104 1334 5142 :
1371 5089 1662 5143 mandans
1695 5105 1760 5144 ac
1791 5089 1993 5161 depre-

351 5187 507 5241 cans,
539 5177 606 5227 ut
636 5189 864 5230 memor
895 5173 973 5230 sit
1013 5180 1519 5232 sacramentorum
1566 5195 1692 5250 qua;
1742 5178 1893 5233 inter
1937 5195 1999 5233 se

342 5260 700 5330 juraverant,
716 5266 774 5317 et
802 5268 992 5323 servet
1021 5280 1147 5335 quae
1179 5265 1331 5321 inter
1358 5265 1490 5322 illos
1512 5270 1676 5338 pater
1692 5271 1994 5323 statuerat.

350 5349 590 5422 Insuper
610 5350 791 5406 etiam
813 5352 1099 5421 fraternae,
1116 5352 1396 5426 filiolique
1425 5356 1780 5412 conditionis
1799 5356 1999 5412 memi-

348 5439 497 5494 nerit
525 5457 539 5493 :
572 5440 821 5496 haberet
849 5459 957 5498 sua
987 5441 1122 5513 sibi,
1155 5446 1212 5497 et
1239 5444 1395 5515 quod
1428 5442 1513 5498 illi
1545 5448 1708 5515 pater
1728 5461 1836 5500 suo
1858 5461 1994 5501 con-

349 5542 520 5582 sensu
551 5535 941 5598 concesserat,
977 5532 1199 5604 absque
1243 5532 1516 5587 conﬂictu
1565 5532 1732 5588 illum
1781 5533 1994 5590 habere

350 5616 650 5686 permittat
679 5619 849 5690 (840).
886 5620 1239 5677 Promittens
1270 5622 1317 5677 si
1351 5621 1460 5676 hoc
1492 5622 1727 5691 faceret,
1761 5622 1992 5680 ﬁdelem

2107 4660 2285 4716 quam
2309 4643 2380 4697 ad
2404 4641 2699 4697 modicum
2725 4644 2959 4710 tempus
2982 4637 3288 4694 facultates
3310 4637 3751 4710 relinquere.Ae

2104 4751 2208 4807 per
2236 4733 2365 4799 hoc,
2399 4731 2512 4784 ﬁde
2544 4729 2764 4795 relicta,
2797 4728 2951 4799 quod
2985 4743 3163 4798 supra
3188 4727 3645 4784 memoravimus
3659 4744 3751 4785 se-

2105 4821 2243 4888 cuti,
2280 4821 2468 4876 eidcm
2516 4834 2577 4873 se
2622 4817 2927 4871 dederunt.
2962 4815 3108 4871 Hinc
3162 4833 3394 4890 quoque
3424 4814 3751 4874 Lodharius

2104 4909 2520 4983 magnanimus
2551 4906 2791 4961 etl‘ectus
2833 4906 3167 4976 Sequanam
3209 4904 3751 4979 excessit,prasmit-

2104 5005 2234 5055 tens
2255 5015 2417 5054 more
2444 4996 2615 5053 solito
2634 4994 2733 5068 qui
2753 4995 2824 5050 ad
2844 4994 3227 5051 defectionem
3249 4996 3403 5051 irter
3421 4996 3750 5067 Sequanam

2103 5093 2160 5145 et
2181 5087 2432 5160 Ligerim
2449 5087 2746 5158 degentes,
2763 5083 2979 5156 partim
2998 5084 3198 5151 minis,
3214 5084 3430 5157 partim
3449 5080 3752 5139 blanditiis

2107 5178 2523 5234 subducerent.
2550 5174 2681 5246 Ipse
2710 5191 2942 5246 quoque
2964 5173 3049 5229 uti
3080 5175 3458 5229 consueverat
3484 5170 3644 5227 lento
3663 5168 3757 5225 iti-

2107 5284 2244 5323 nere
2273 5266 2647 5331 subsecutus,
2676 5263 3084 5318 Caremtenam
3115 5260 3406 5317 civitatem
3454 5259 3751 5316 tendebat.

2106 5358 2367 5427 Cumque
2398 5350 2847 5417 Theodericum,
2868 5350 3102 5406 Ericum
3128 5352 3185 5404 et
3211 5348 3338 5417 hos,
3354 5347 3455 5421 qui
3477 5346 3646 5404 illum
3669 5362 3754 5403 se-

2103 5446 2205 5518 qui
2237 5444 2717 5509 deliberaverant,
2753 5440 2825 5494 ad
2856 5456 2918 5494 se
2965 5443 3243 5495 venturos
3292 5437 3618 5507 didicisset,
3648 5452 3751 5509 spe
3806 5518 3817 5525 ἔ

2104 5531 2503 5589 multitudinis
2530 5548 2647 5586 sua:
2678 5526 3149 5599 fretus,Ligerim
3172 5544 3359 5600 usque
3390 5531 3454 5584 ut
3472 5526 3751 5600 produce-

2104 5620 2587 5690 ret,deliberavit.
2618 5615 2863 5671 Karolus
2896 5634 3127 5689 quoque
3158 5635 3190 5673 a
3218 5618 3375 5692 fuga,
3402 5634 3516 5690 qua
3548 5614 3746 5688 Pippi-
