4094 6186
425 319 502 384 ne
1400 363 1404 370 .
1479 317 1856 381 NITHARDI
1895 315 1961 377 s.
2010 312 2362 377 RICHARII
2407 279 2771 380 ABRATIS.
3756 316 3836 382 ne

426 468 570 516 lum
602 456 660 510 et
688 448 828 511 suos
855 453 1228 527 disperserat,
1245 468 1530 518 reversus,
1555 456 1614 506 et
1643 449 1920 523 quoniam
1952 464 2070 502 ma—
2093 447 2150 519 Α
2183 447 2348 513 velle,
2366 452 2424 504 et
2453 449 2502 504 si
2533 451 2762 507 efﬁcere
2793 456 2993 523 posset
3014 469 3132 508 una
3148 467 3346 507 secum
3365 451 3455 508 sui
3474 451 3842 524 devenit-ent,

427 548 578 600 trem
609 543 714 605 ubi
743 547 871 600 tuto
905 544 1263 614 relinqueret
1293 559 1406 596 non
1456 540 1731 605 habebat,
1767 538 1985 611 pariter
2013 537 2083 591 ad

433 634 687 690 Francia:
720 637 914 705 partes
948 632 1318 704 properabat.

500 720 757 778 Audiens
789 725 984 776 autem
1019 721 1264 775 Karolus
1323 720 1736 789 interea,quod
1771 717 1828 772 hi
1861 732 2084 781 omnes,

432 829 579 883 quos
606 827 785 882 supra
814 809 1290 875 memoravimus,
1309 810 1381 863 ab
1398 825 1463 863 eo
1486 808 1924 872 defecissent,et
1943 806 2085 860 Lod‘

430 901 636 960 harius
667 915 798 954 cum
832 897 1056 970 ingenti
1089 897 1344 952 exercitu
1377 895 1649 967 persequi
1683 895 1850 949 illum
1899 910 2086 964 usque

431 989 508 1044 ad
537 987 992 1043 internecionem
1026 985 1352 1050 statuisset,
1381 983 1517 1038 hinc
1550 987 1744 1038 autem
1780 983 2084 1054 Pippinus,

431 1081 492 1133 et
516 1077 657 1133 hinc
682 1077 973 1132 Brittones
1005 1074 1200 1130 infesti
1225 1077 1409 1140 erant,
1435 1074 1574 1144 quid
1608 1074 1882 1137 facerent,
1900 1070 2084 1125 conci-

429 1167 578 1224 lium
607 1168 946 1231 commeant,
981 1165 1206 1230 ineunt,
1239 1164 1426 1234 deque
1459 1162 1550 1216 his
1590 1161 1867 1216 omnibus
1915 1158 2082 1214 facile

432 1252 1006 1321 deliberaturi,facile
1022 1251 1334 1308 consilium
1357 1250 1631 1322 perfacile
1649 1250 1949 1304 inventum
1970 1252 2079 1303 est.

432 1345 506 1401 Et
535 1343 814 1416 quoniam
839 1342 980 1396 nihil
1003 1345 1210 1413 praiter
1229 1339 1407 1395 vitam
1440 1343 1496 1394 et
1525 1357 1766 1411 corpora
1787 1338 2078 1410 reliquum

431 1433 751 1503 habebant,
783 1431 1081 1504 elegerunt
1100 1429 1294 1501 potius
1317 1428 1591 1485 nobiliter
1611 1428 1756 1484 mori
1790 1443 1967 1499 quam
2000 1443 2082 1483 re-

435 1523 565 1594 gem
597 1521 896 1593 proditum
946 1518 1370 1590 derelinquere.
1411 1518 1800 1583 Quamobrem
1849 1517 2079 1572 obviam

438 1611 725 1667 Lodhario
747 1612 1200 1682 pergunt,atque
1219 1606 1695 1663 Aurelianensem
1716 1606 1920 1661 urbem
1943 1605 2080 1660 hinc

436 1699 582 1755 inde.
604 1704 830 1770 petunt,
864 1700 1056 1754 castra
1108 1699 1354 1767 ponunt,
1379 1695 1664 1750 distantes
1715 1695 1786 1750 ab
1832 1694 2079 1749 invicem

2195 537 2369 605 bene;
2403 540 2492 594 sin
2527 541 2711 607 aliter,
2745 541 2937 597 soluto
2962 542 3320 613 juramento,
3341 541 3492 597 infra
3518 541 3643 599 dies
3675 544 3841 616 quin-

2194 627 2381 682 decim
2415 630 2485 682 ad
2522 629 2685 684 illum
2708 646 3098 698 reversurum,
3118 648 3354 702 sueeque
3376 631 3582 686 ditioni
3604 649 3668 687 se
3689 647 3841 688 com-

2194 716 2515 772 missurum
2548 735 2676 774 esse
2708 719 3400 790 promisit.Quomohrem
3426 719 3670 776 Karolus
3690 721 3843 778 Βίωρ

2194 806 2344 860 ricas
2376 808 2587 862 iterum
2621 808 2849 863 obviam
2887 808 2968 863 illi
2999 808 3173 864 venit.
3211 811 3333 874 Quo
3384 810 3716 865 Bernardus
3742 827 3841 865 ve—

2193 895 2381 964 niens,
2413 914 2546 951 cum
2580 902 2854 952 neutrum
2889 899 3138 963 fecisset,
3172 897 3425 970 graviter
3472 899 3720 954 Karolus
3758 900 3840 955 fe-

2193 999 2326 1040 rens
2359 988 2750 1052 seductiones,
2771 1005 2918 1059 quas
2950 987 3098 1059 patri
3124 989 3357 1056 fecerat,
3374 992 3434 1042 et
3451 988 3736 1043 hactenus
3757 988 3839 1044 illi

2190 1071 2458 1140 faciebat,
2476 1072 2690 1130 timens
2717 1093 2788 1129 ne
2813 1075 2981 1130 aliter
3011 1075 3178 1130 illum
3202 1075 3698 1147 comprehendere
3713 1094 3842 1148 pos-

2191 1167 2298 1225 set.
2331 1164 2526 1218 subito
2557 1165 2614 1218 in
2648 1164 2813 1219 illum
2847 1165 3068 1219 irruere
3117 1165 3343 1219 statuit.
3378 1164 3488 1218 Sed
3541 1163 3652 1219 hoc
3703 1165 3836 1220 Ber-

2190 1252 2429 1320 nardus,
2464 1269 2802 1325 quanquam
2833 1252 3360 1325 tarde,praasensit,
3374 1253 3571 1324 fugam
3605 1252 3756 1320 iniit,
3771 1270 3838 1310 ac

2187 1338 2279 1394 vix
2309 1340 2508 1395 evasit.
2539 1341 2784 1397 Karolus
2815 1347 3009 1398 autem
3042 1343 3331 1413 quosdam
3361 1359 3392 1396 θ
3439 1341 3563 1398 suis
3609 1341 3834 1409 stravit,

2187 1430 2474 1498 quosdam
2502 1430 2734 1486 saucios
2764 1447 2830 1486 ac
2861 1430 3167 1486 semivivos
3215 1429 3457 1502 reliquit
3487 1446 3500 1484 :
3543 1431 3836 1501 quosdam

2185 1533 2319 1573 vero
2347 1518 2560 1574 illaesos
2604 1520 2775 1590 cepit,
2809 1537 2877 1576 ac
2928 1536 3089 1576 more
3139 1520 3504 1591 captivorum
3551 1519 3839 1576 custodiri

2188 1608 2493 1679 praecepit;
2529 1607 2953 1681 supellectilem
2986 1613 3181 1664 autem
3214 1608 3547 1664 universam
3586 1607 3839 1679 diripere

2188 1693 2474 1764 permisit.
2491 1695 2637 1750 Hinc
2666 1713 2897 1767 quoque
2923 1696 3253 1750 Bernardus
3274 1694 3557 1751 humilior
3571 1695 3840 1762 effectus,

438 1788 572 1860 plus
603 1789 800 1844 minus
818 1787 1015 1842 lcucas
1035 1802 1152 1840 sex.
1171 1786 1416 1857 Legatos
1433 1783 1681 1840 invicem
1705 1783 1986 1856 dirigunt.
2011 1783 2084 1838 Et
2109 1817 2156 1881 Β
2188 1782 2361 1881 paulo
2413 1789 2543 1855 post
2591 1784 2838 1856 supplex
2887 1785 2958 1838 ad
3009 1784 3284 1839 Karolum
3336 1783 3517 1850 venit,
3545 1783 3840 1881 dicenset

435 1878 682 1942 Karolus
709 1876 944 1948 quidem
978 1873 1104 1930 sola
1124 1873 1361 1944 justitia
1391 1888 1592 1946 pacem
1614 1873 1848 1945 petebat
1881 1889 1892 1925 :
1929 1873 2075 1928 Lod-

427 1969 633 2027 harius
663 1981 946 2037 vero,quo
979 1967 1112 2019 astu
1135 1963 1358 2034 absque
1388 1962 1584 2033 praelio
1614 1962 1780 2016 illum
1813 1962 2078 2032 decipere

427 2076 494 2118 ac
527 2071 804 2129 superare
837 2056 1052 2126 posset,
1076 2068 1314 2123 operam
1347 2052 1542 2107 dabat.
1575 2052 1736 2117 Quod
1768 2067 1902 2106 eum
1947 2067 2073 2121 per-

425 2164 615 2220 agere,
631 2148 868 2199 strenue
884 2140 1318 2205 resistentibus,
1334 2140 1642 2206 diffideret,
1659 2156 1902 2210 sperans
1923 2139 2072 2193 vires

423 2253 583 2302 suas,
611 2232 694 2288 uti
730 2227 1322 2302 cmperant,quotidie
1351 2245 1892 2300 acerescere,quam
1937 2243 2070 2282 cum

422 2321 632 2380 Karolo
662 2317 1074 2385 decrevissent,
1111 2317 1341 2372 facilius
1373 2316 1542 2372 illum
1575 2317 1881 2389 subjugari
1900 2333 2072 2389 posse

395 2410 837 2469 arbitrabatur.
873 2408 989 2462 liae
1021 2409 1217 2461 autem
1245 2422 1346 2474 spe
1378 2406 1678 2478 deceptus,
1703 2425 1772 2462 ea
1801 2407 2069 2478 pactione

420 2499 687 2575 praelium
713 2496 969 2563 diremit,
998 2499 1065 2551 ut
1092 2497 1322 2550 cederet
1352 2495 1558 2550 Karolo
1597 2495 1932 2567 Aquitania,
1967 2497 2067 2551 Se-

419 2588 726 2663 ptimania,
745 2585 1064 2652 Provincia,
1081 2587 1140 2640 et
1169 2584 1370 2639 decem
1394 2585 1707 2640 comitatus
1726 2584 1879 2639 inter
1903 2583 2066 2656 Lige-

418 2679 530 2736 rim
560 2682 617 2734 et
645 2678 1084 2748 Sequanam,eo
1105 2672 1374 2727 videlicet
1404 2673 1678 2741 modo,ut
1705 2672 1798 2728 his
1830 2677 2065 2728 conten-

418 2773 518 2825 tus
542 2762 779 2823 interim
811 2763 956 2818 inibi
989 2766 1164 2829 esset,
1198 2763 1384 2817 donec
1432 2762 1789 2818 Attiniacum
1827 2780 1928 2816 vm
1978 2763 2062 2817 Id.

419 2853 968 2914 Maiaseonveniant
985 2868 997 2906 :
1016 2869 1133 2923 qua
1149 2851 1442 2922 siquidem
1461 2851 1760 2906 communi
1777 2868 2065 2907 consensu

419 2950 807 3015 utrorumque
838 2940 1149 2996 utilitatem
1181 2940 1494 3010 praevidere
1525 2957 1591 2995 ac
1625 2944 1880 2996 statuere
1922 2940 2065 2996 velle

417 3033 709 3108 promisit.
725 3029 1013 3086 Primores
1035 3044 1268 3099 quoque
1289 3029 1541 3098 partium
1563 3028 2067 3084 Karoliecrnentes

345 3137 356 3144 ’
415 3113 717 3194 negotium
731 3117 884 3172 vires
902 3134 1041 3172 suas
1059 3115 1352 3181 excedere,
1366 3116 1734 3186 maximeque
1755 3115 2061 3182 timebant,

2187 1870 2416 1926 fidelem
2441 1890 2501 1927 se
2519 1871 2602 1927 illi
2622 1873 2820 1940 fuisse,
2842 1877 2898 1928 et
2915 1877 3074 1938 tunc,
3091 1872 3142 1927 si
3156 1871 3374 1939 liceret,
3396 1888 3526 1928 esse
3543 1870 3798 1930 voluisse
3817 1889 3832 1940 ;

2185 1963 2240 2016 et
2253 1961 2340 2015 dei
2352 1978 2892 2033 nceps,quanquain
2906 1961 3015 2016 hac
3035 1960 3389 2016 contumelia
3400 1961 3643 2017 affectus
3654 1965 3832 2032 esset,

2183 2049 2244 2102 in
2275 2050 2538 2105 futurum
2569 2051 2689 2105 fore
2720 2049 2963 2106 minime
2995 2049 3634 2118 diffideret.0uod,etsi
3657 2049 3833 2122 quiti-

2182 2137 2278 2192 bet
2299 2138 2466 2194 aliter
2486 2139 2675 2194 dicere
2696 2138 2884 2208 vellet,
2900 2138 3082 2194 armis
3105 2155 3167 2194 se
3189 2137 3687 2211 obpropulsurum
3705 2155 3837 2210 pro-

2183 2227 2381 2283 mittit.
2412 2227 2636 2294 Quibus
2667 2227 2914 2284 Karolus
2955 2227 3231 2283 credulus
3280 2228 3544 2293 eifectus,
3577 2228 3833 2286 ditatum

2181 2317 2526 2373 muneribus
2555 2317 2614 2371 in
2637 2317 2887 2389 gratiam
2905 2316 2964 2370 in
2988 2315 3326 2372 societatem
3347 2315 3617 2374 amicitiis
3637 2333 3836 2374 susce-

2178 2406 2289 2477 pit;
2309 2410 2366 2460 et
2398 2409 2461 2460 ut
2491 2405 2826 2477 Pippinium
2858 2421 2924 2459 ac
2955 2421 3113 2469 suos,
3131 2403 3219 2459 uti
3250 2402 3835 2475 promiserat-,suhdl-

2177 2498 2268 2550 tos
2299 2494 2410 2552 sibi
2443 2481 3035 2566 efficere‘temptaret,
3070 2493 3300 2549 direxit.
3332 2494 3402 2550 Et
3430 2493 3523 2549 his
3552 2492 3633 2549 ita
3661 2509 3831 2553 com-

2176 2582 2406 2655 positis,
2439 2581 2931 2638 Cenomannieam
2981 2582 3186 2637 urbem
3235 2580 3400 2649 adiit,
3443 2581 3828 2641 Lanthertum

2175 2672 2546 2744 Ericumque,
2580 2688 2700 2727 una
2728 2688 2864 2725 cum
2895 2670 3119 2726 czeteris
3165 2674 3530 2740 recepturus.
3563 2669 3830 2741 Cumque

2177 2760 2272 2816 ille
2295 2760 2423 2815 illos
2441 2761 2588 2816 inibi
2609 2759 2972 2832 perhumane
2991 2759 3292 2830 reciperet,
3310 2758 3580 2830 protinus
3602 2758 3676 2814 ad
3706 2759 3826 2814 No-

2177 2850 2474 2906 menoium
2506 2851 2715 2905 ducem
2749 2848 3146 2904 Brittanorum
3180 2847 3379 2914 mittit,
3403 2847 3552 2903 scire
3583 2847 3829 2919 cupiens

2176 2939 2223 2994 si
2269 2957 2386 2994 suae
2432 2957 2494 2996 se
2525 2938 2731 2994 ditioni
2782 2938 3034 2993 subdere
3061 2936 3252 2992 vellet.
3287 2937 3394 3003 Qui
3441 2937 3827 3008 acquiescens

2175 3027 2399 3084 consilii
2432 3027 2844 3099 plurimorum,
2878 3025 3084 3081 Karolo
3118 3042 3362 3081 munera
3392 3024 3592 3091 mittit,
3624 3042 3691 3081 ac
3730 3043 3827 3087 sa-

2175 3120 2473 3172 cramento
2506 3117 2680 3172 fidem
2713 3114 2989 3186 deinceps
3017 3114 3365 3172 servandam
3413 3113 3499 3170 illi
3547 3115 3823 3172 ﬁrmavit.

419 3181 668 3267 neui'orte
688 3205 886 3278 praalio
927 3203 1244 3259 commisso
1275 3203 1333 3257 in
1358 3207 1521 3258 tanta
1542 3181 1836 3274 paucitate
1867 3220 2062 3277 regem
2094 3181 2137 3251 Ο
2176 3205 2398 3272 Quibus
2448 3203 2722 3276 peractis,
2771 3181 3052 3274 quon'iam
3111 3206 3346 3274 tem-pus
3394 3201 3614 3274 placiti.
3667 3205 3825 3276 quod

418 3313 594 3355 suum
626 3294 849 3351 salvare
869 3291 1109 3348 difficile
1141 3292 1553 3363 possent.Erat
1580 3291 1736 3347 enim
1770 3309 1902 3364 spes
1924 3310 2064 3349 eun-

415 3387 526 3443 etis
555 3401 668 3440 non
689 3381 918 3438 modica
939 3379 1152 3434 indolis
1169 3381 1320 3451 ejus.
1337 3381 1726 3446 Quamobrem
1750 3383 2065 3438 statutisco

403 3479 612 3532 .tenore
640 3469 1042 3535 consentiunt,
1072 3472 1137 3522 ut
1166 3469 1442 3539 deinceps
1496 3469 1821 3525 Lodharius
1862 3469 2064 3526 Karolo

413 3565 500 3621 ita
530 3563 682 3616 fidus
713 3558 941 3638 amicus
971 3558 1068 3625 sit,
1086 3557 1240 3612 sicut
1272 3558 1449 3612 frater
1480 3573 1582 3628 per
1622 3558 1919 3628 justitiam
1951 3561 2063 3615 fra-

317 3671 324 3676 '
415 3652 491 3709 tri
519 3667 649 3708 esse
679 3649 878 3715 debet;
914 3651 972 3702 et
1001 3663 1200 3718 regna,
1235 3663 1361 3717 quas
1392 3645 1476 3700 illi
1509 3647 1844 3718 deputabat,
1871 3647 2066 3718 quieta

415 3742 630 3798 habere
656 3739 900 3804 faceret;
934 3753 1001 3792 ae
1032 3735 1268 3790 interim
1296 3751 1473 3806 super
1505 3735 1930 3791 Lodhuwicum
1962 3736 2061 3792 ho-

417 3829 632 3888 stiliter
657 3828 739 3884 ire
761 3826 1020 3882 dedisset
1051 3841 1062 3879 :
1099 3825 1266 3880 aliter
1293 3829 1514 3891 autem,
1538 3826 1674 3894 jure
1705 3825 1856 3895 quod
1894 3825 2062 3894 jura-

415 3922 620 3976 verant
650 3915 901 3972 absoluti
935 3932 1063 3970 esse
1094 3914 1388 3969 deberent.
1423 3916 1548 3980 Qua
1578 3913 1813 3984 quidem
1855 3917 1976 3968 arte
2007 3919 2065 3968 et

417 4023 611 4079 regem
647 4020 821 4064 suum
851 4003 1183 4073 apericulis
1232 4001 1609 4069 subtrahunt,
1645 4005 1702 4056 et
1749 4018 1811 4056 se
1858 4018 1992 4056 mox
2029 4020 2064 4057 a

416 4096 783 4151 sacramento
814 4090 1144 4146 absolvunt.
1177 4091 1322 4144 Nam
1370 4094 1684 4162 antequam
1734 4089 1930 4158 iidem,
1960 4091 2060 4162 qui

414 4183 537 4238 hac
560 4181 921 4252 juraverant,
947 4179 1120 4233 domo
1143 4179 1576 4250 egrederentur,
1611 4178 1838 4250 aliquos
1870 4197 1940 4234 ex
1968 4179 2060 4235 his

413 4270 516 4344 qui
545 4271 787 4324 aderant
813 4267 1142 4322 subducere
1162 4267 1235 4321 ab
1267 4266 1364 4321 illo
1395 4267 1792 4337 temptavit,et
1822 4268 1879 4322 in
1911 4285 2062 4324 eras-

410 4359 606 4415 tinum
619 4357 908 4428 quosdam
931 4371 1174 4409 suorum
1198 4354 1434 4424 recepit.
1453 4354 1696 4424 Insuper
1709 4360 1766 4410 et
1781 4356 1839 4410 in
1858 4372 2056 4428 regna,

409 4464 540 4520 quis
573 4445 654 4500 illi
679 4446 1078 4516 deputaverat,
1103 4443 1303 4497 statim
1348 4442 1576 4509 direxit,
1591 4449 1648 4497 et
1678 4444 1737 4498 iu
1770 4450 2057 4514 quantum

2173 3295 2529 3350 Attiniaeum
2559 3291 2955 3359 condixerant,
2989 3291 3458 3364 appropinquare
3494 3291 3824 3361 Videbatur,

2175 3383 2314 3454 quid
2365 3381 2630 3438 consulte
2679 3399 2742 3436 ac
2798 3380 2985 3435 solida
3029 3381 3142 3436 fide
3194 3381 3307 3437 sibi
3358 3380 3601 3454 suisque
3651 3398 3825 3454 agere

2175 3477 2484 3544 oporteret,
2538 3469 2787 3526 Karolus
2829 3471 3049 3526 anxius
3109 3475 3252 3526 erat.
3306 3471 3454 3543 Ergo
3507 3470 3824 3542 participes

2174 3565 2529 3617 secretorum
2579 3563 2876 3626 convocat,
2926 3575 3047 3614 rem
3099 3558 3376 3614 omnibus
3409 3563 3606 3617 notam
3638 3559 3824 3631 repli-

2174 3654 2286 3717 cat,
2336 3666 2402 3705 ae
2455 3648 2952 3720 quemadmodum
3001 3665 3035 3703 a
3081 3651 3246 3704 tanta
3290 3647 3628 3705 calamitate
3676 3665 3822 3704 con-

2172 3739 2481 3811 gruentius
2513 3754 2574 3793 se
2604 3753 2860 3808 suosque
2899 3735 3029 3791 exui
3079 3752 3250 3808 posse
3298 3736 3720 3805 existimarent,
3753 3742 3824 3794 ut

2172 3824 2810 3900 aperiretur,deposcit,
2825 3841 3003 3896 seque
3035 3825 3092 3880 in
3123 3825 3400 3882 omnibus
3431 3825 3676 3898 publicae
3710 3826 3825 3884 utvi-

2170 3916 2318 3971 litati
2351 3931 2552 3987 parere
2579 3913 2726 3969 velle
2759 3930 2771 3968 :
2808 3913 3052 3985 insuper
3082 3912 3282 3981 etiam,
3315 3914 3366 3969 si
3395 3918 3687 3986 oporteret
3715 3932 3822 3987 pro

2171 4020 2240 4060 ea
2269 4008 2516 4059 mortem
2545 4002 2764 4072 subire,
2801 4000 3046 4056 minime
3076 4001 3307 4058 dilI'erre
3336 4002 3568 4059 fatetur.
3592 4003 3820 4068 Quibus

2171 4109 2305 4150 cum
2340 4092 2600 4164 undique
2620 4091 2771 4146 vires
2800 4089 3049 4146 crevisse
3069 4090 3420 4160 viderentur,
3437 4091 3818 4148 reminiscen-

2169 4188 2257 4239 tes
2287 4182 2658 4248 insidiarum,
2691 4197 2838 4251 quas
2871 4178 3195 4236 Lodharius
3237 4179 3600 4252 temporibus
3631 4182 3819 4254 patris

2169 4273 2259 4327 sui
2283 4271 2432 4343 patri
2455 4275 2511 4325 et
2532 4268 2739 4324 Karolo
2759 4263 3316 4336 inferre'studuerat,
3331 4269 3667 4340 quasetiam
3685 4274 3822 4343 post

2168 4361 2392 4417 obitum
2418 4357 2598 4431 patris
2620 4356 2902 4412 fratribus
2923 4355 3050 4412 suis
3084 4355 3308 4428 absque
3340 4358 3596 4415 remedio
3624 4364 3816 4416 strue-

2168 4451 2286 4506 bat.
2303 4447 2699 4504 Occurrebant
2727 4444 2857 4501 insu
2869 4461 2971 4516 per
2991 4450 3376 4512 sacramenta,
3393 4462 3520 4517 quae
3540 4450 3681 4507 tunc
3699 4465 3815 4506 nu-

408 4536 619 4609 potuit,
653 4551 724 4590 ne
771 4533 856 4587 illi
907 4549 970 4588 se
1013 4532 1350 4598 subderent,
1387 4532 1746 4602 perturbavit
1778 4549 1791 4588 :
1825 4539 1882 4589 et
1930 4539 1995 4590 ut
2023 4552 2054 4590 e
2083 4546 2131 4613 D
2161 4556 2265 4612 per
2284 4535 2582 4592 fefellerat.
2605 4534 2850 4588 Aiebaut
2873 4550 2934 4588 se
2971 4550 3205 4590 omnem
3229 4534 3524 4605 justitiam
3545 4535 3814 4594 absoli-

409 4623 712 4680 Provincia
767 4622 839 4676 ad
899 4638 962 4676 se
1006 4619 1302 4675 venientes
1351 4619 1657 4690 exciperet,
1695 4622 1964 4692 perrexit,
1997 4628 2054 4679 et

409 4710 908 4784 quemadmodum
939 4708 1366 4764 Lodhuwicum
1399 4706 1531 4762 dolo
1579 4725 1652 4763 an
1696 4709 1748 4763 vi
1782 4727 2056 4782 superare

409 4794 629 4873 posset,
650 4797 920 4854 intendit.

481 4887 711 4942 Interea
739 4884 984 4940 Karolus
1013 4884 1490 4940 Aurelianensem
1541 4886 1745 4943 urbem
1795 4889 2052 4958 veniens,

407 4972 795 5033 'I‘eotbaldum
813 4977 872 5028 et
884 4973 1186 5028 Warinum
1210 4990 1344 5028 cum
1370 4973 1722 5044 quibusdam
1742 4993 1771 5031 e
1795 4977 2057 5049 Burgun-

405 5064 510 5120 dia.
531 5064 604 5118 ad
630 5078 695 5120 se
722 5062 1020 5117 venientes
1067 5066 1367 5132 gratanter
1414 5080 1479 5116 ae
1512 5063 1760 5134 benigne
1808 5068 2050 5137 excepit.

406 5151 557 5207 Hinc.
582 5155 777 5208 autem
819 5150 1049 5207 obviam
1103 5151 1416 5219 Boi-nardo,
1452 5150 1614 5208 sicut,
1652 5155 2044 5223 mandaverat,

403 5239 817 5295 Nivernensem
852 5241 1058 5296 urbem
1087 5239 1251 5309 petit.
1269 5239 1381 5294 Sed
1414 5240 1762 5306 Bernardus,
1781 5259 1940 5297 more
1962 5263 2049 5300 so-

402 5325 615 5396 lito,ad
646 5323 814 5384 illum
845 5328 1038 5384 venire
1060 5328 1530 5395 distulit,dicens
1553 5345 1615 5383 se
1646 5346 1781 5386 eum
1801 5330 2044 5402 Pippino

402 5414 652 5485 suisque
663 5422 1031 5473 sacramento
1055 5419 1342 5482 firmasse,
1359 5421 1424 5471 ut
1447 5422 1651 5472 neuter
1673 5419 1890 5490 absque
1910 5422 2046 5477 alte-

402 5502 526 5558 rius
547 5517 836 5557 eonsensu
855 5520 988 5558 eum
1011 5505 1272 5574 quolibet
1293 5505 1684 5577 quodcunque
1697 5513 1932 5577 pactum
1955 5510 2042 5565 in-

399 5589 766 5661 iredeberet.
787 5591 1176 5665 Quamobrem
1207 5598 1454 5652 testatus
1485 5599 1574 5650 est
1605 5595 1677 5651 ad
1709 5594 1840 5652 illos
1870 5614 1930 5652 se
1960 5598 2043 5656 ire

2162 4629 2366 4683 benter
2379 4622 2657 4696 consequi
2675 4621 2836 4689 velle,
2853 4622 2954 4676 sed
2972 4620 3062 4676 his
3078 4621 3314 4678 indiciis
3324 4621 3403 4679 nil
3424 4623 3556 4680 boni
3569 4641 3816 4696 sperare

2164 4713 2581 4788 posse.1dcirco
2598 4712 2709 4768 sibi
2723 4710 2984 4783 undique
2999 4710 3334 4767 consultum
3345 4711 3817 4784 videri,quocun-

2165 4822 2278 4877 quo
2300 4804 2472 4860 modo
2496 4807 2712 4874 posset,
2735 4801 2806 4856 ad
2829 4801 3167 4856 condictum
3185 4799 3466 4872 placitum
3488 4802 3683 4860 venire
3699 4803 3812 4864 mi-

2163 4895 2322 4950 nime
2343 4893 2616 4948 dilferret.
2641 4889 2803 4956 Quod
2826 4888 2875 4945 si
2897 4889 3078 4944 frater
3114 4906 3280 4958 suus,
3313 4890 3395 4946 uti
3436 4891 3810 4961 promiserat,

2163 4997 2536 5039 communem
2567 4979 2881 5034 utilitatem
2914 4995 3174 5049 quaerere
3197 4996 3284 5036 ac
3331 4983 3586 5037 statuere
3614 4981 3807 5050 vellet,

2162 5071 2271 5126 hoc
2293 5069 2565 5125 omnibus
2589 5066 2746 5124 notis
2762 5066 3007 5138 placere,
3032 5071 3089 5122 et
3105 5071 3169 5123 ut
3198 5071 3498 5139 gratanter
3522 5069 3809 5142 recipere-

2156 5164 2270 5227 tur,
2296 5174 2622 5229 congruum
2639 5173 2787 5212 esse.
2805 5156 2905 5213 Sin
2938 5155 3122 5224 aliter,
3145 5157 3328 5214 fretus
3343 5156 3604 5229 .justitia,
3621 5176 3688 5215 ac
3706 5177 3811 5231 per

2157 5248 2264 5302 hoc
2296 5245 2508 5302 auxilio
2531 5245 2747 5315 divino,
2763 5261 3123 5316 suorumque
3143 5244 3426 5313 fidelium,
3441 5249 3498 5304 et
3514 5247 3804 5319 quidquid

2156 5335 2318 5407 regni
2349 5339 2514 5406 pater
2542 5349 2688 5388 suus
2717 5333 3147 5404 amborumque
3195 5333 3459 5391 fidelium
3509 5351 3805 5394 consensu

2154 5425 2237 5480 illi
2269 5425 2528 5490 dederat,
2564 5421 2826 5477 obtinere
2848 5422 3008 5476 omni
3039 5422 3256 5479 virtute
3285 5440 3400 5479 non
3433 5423 3730 5497 negligat»-

2224 5515 2372 5585 Ergo
2405 5527 2606 5567 omnes
2637 5509 2957 5580 Aquitanos
3007 5511 3108 5582 qui
3157 5528 3275 5568 suae
3323 5512 3806 5583 partifavebant,

2154 5619 2272 5660 una
2301 5618 2436 5658 eum
2467 5603 2652 5656 matre
2684 5603 2814 5669 post
2845 5615 2907 5656 se
2953 5600 3149 5658 venire
3199 5601 3525 5673 praecepit:
3557 5601 3805 5675 insuper
