4120 6184
475 293 551 363 59
611 386 620 394 _
1539 294 1913 363 NlTHARDI
1963 292 2030 362 s.
2072 290 2419 360 RIGHARII
2461 299 2812 366 ABBATIS.
3789 305 3872 370 eo

414 450 417 452 '
475 439 572 506 cit,
606 431 891 512 quosdam
938 448 1072 490 vero
1120 431 1235 489 vita
1284 429 1543 504 privavit.
1607 430 1852 502 Insuper
1908 445 2108 503 regna,
2137 427 2195 498 Α
2223 432 2390 505 equis
2421 433 2600 492 biduo
2633 437 2891 511 requiem
2915 439 3091 496 dedit.
3120 439 3330 498 lterato
3360 438 3557 514 itaque
3578 457 3712 498 eum
3746 441 3870 500 base

474 547 603 604 quas
635 529 897 600 subjecta
929 525 1008 580 illi
1042 525 1269 579 efficere
1311 521 1532 591 debuit,
1586 522 1644 576 in
1693 525 1982 593 quantum
2024 537 2119 575 va-

473 619 603 688 luit,
637 615 1018 692 perturbavit,
1053 617 1134 679 et,
1176 612 1327 684 quod
1380 610 1704 667 maximum
1755 617 1863 678 est,
1898 610 1957 666 in
2008 611 2115 664 fra-

472 715 618 765 trem
642 707 929 764 hostiliter
957 701 1144 769 irruit,
1180 705 1428 754 necnon'
1451 704 1508 755 et
1555 701 1900 774 suffragium
1950 718 1983 756 a
2014 716 2114 772 pa-

472 798 639 872 ganis
672 796 830 852 illam
859 807 1113 865 qumrere
1143 789 1446 862 compulit.
1472 789 1908 857 Verumtamen,
1935 807 2116 861 quan-

470 903 646 960 quam
694 901 756 940 se
804 883 925 938 haec
975 881 1050 935 ita
1102 880 1402 944 haberent,
1436 878 1492 934 in
1538 883 1905 947 conventum,
1957 881 2112 952 quod

467 974 763 1032 communi
797 988 1085 1028 consensu
1119 973 1462 1036 statuerant,
1480 968 1674 1026 venire
1694 987 1756 1024 se
1775 969 1918 1025 velle
1941 987 2111 1025 man-

465 1067 625 1123 davit
659 1081 672 1120 :
707 1063 805 1119 ubi
835 1061 883 1118 si
917 1076 1291 1116 communem
1341 1059 1672 1126 utilitatem,
1708 1060 1791 1115 uti
1833 1061 2112 1132 promise-

466 1160 578 1221 rat,
627 1168 881 1226 quzerere
929 1167 995 1206 ac
1041 1153 1298 1205 statuere
1344 1148 1534 1216 vellet,
1569 1149 1680 1204 sibi
1728 1149 1981 1222 placere;
2015 1151 2108 1206 sin

463 1245 652 1311 aliter,
682 1243 752 1298 de
783 1256 960 1312 regno
990 1240 1143 1311 quod
1176 1239 1329 1293 Deus
1362 1242 1640 1311 paterque
1671 1255 1814 1294 suus
1864 1256 2106 1296 suorum

463 1349 752 1390 consensu
784 1330 867 1386 illi
901 1329 1158 1394 dederat,
1191 1327 1452 1383 consiliis
1484 1344 1726 1384 suorum
1760 1328 2020 1384 fidelium
2045 1328 2105 1384 in

463 1423 760 1491 omnibus,
793 1419 1116 1475 secundum
1150 1416 1250 1472 Dei
1279 1416 1660 1484 voluntatem,
1696 1433 1895 1488 parere
1919 1435 1980 1474 se
2011 1419 2105 1474 in-

463 1513 673 1568 notuit.
706 1511 778 1567 Et
823 1509 917 1564 his
945 1507 1027 1562 ita
1075 1505 1436 1579 compositis,
1471 1506 1626 1562 idem
1677 1507 1787 1562 iter
1833 1507 2100 1580 arripuit,

461 1606 636 1674 atque
667 1601 740 1656 ad
789 1597 1094 1671 prmfatum
1144 1595 1336 1651 locum
1387 1594 1574 1667 pridie
1622 1610 1798 1667 quam
1845 1601 2099 1664 venerat,

458 1689 754 1764 praevenit.
788 1690 938 1754 Quo.
960 1685 1199 1758 quidem
1243 1684 1588 1752 Lodharius,
1621 1683 1798 1740 veluti
1842 1701 1911 1740 ex
1959 1703 2102 1742 con-

457 1779 632 1845 sulto,
665 1777 862 1833 venire
907 1773 1155 1830 distulit.
1191 1772 1609 1828 Verumtamen
1660 1772 1875 1829 missos
1923 1774 2100 1830 variis

456 1865 839 1941 querimoniis
895 1864 1141 1919 refertos
1200 1862 1536 1933 frequenter
1590 1861 1880 1931 mittebat,
1913 1869 1971 1919 et
2027 1881 2099 1920 ne

454 1957 601 2012 forte
630 1973 699 2010 ex
725 1952 1040 2026 improviso
1063 1949 1309 2007 Karolus
1329 1967 1510 2022 supra
1538 1949 1706 2006 illum
1730 1951 1951 2008 irruere
1971 1970 2099 2026 pos-

453 2048 562 2110 set,
593 2043 851 2099 cavebat.

523 2133 748 2189 Interea
773 2129 950 2204 legati
982 2145 1016 2185 a
1045 2127 1403 2184 Lodhuwieo
1423 2133 1701 2184 venerant
1731 2130 2093 2199 nuntiantes,

452 2222 605 2295 quod
640 2219 690 2276 si
721 2218 896 2276 sciret
925 2217 1214 2290 quomodo
1246 2216 1370 2272 fieri
1399 2219 1617 2289 posset,
1652 2218 1711 2273 in
1741 2217 1900 2275 illius
1927 2221 2095 2290 adju-

449 2309 667 2367 torium
698 2306 894 2365 venire
945 2305 1134 2362 vellet.
1179 2307 1302 2372 Quo
1343 2322 1404 2360 se
1453 2305 1700 2363 Karolus
1750 2311 1807 2363 et
1836 2307 2096 2382 indigere

450 2397 773 2471 respondit,
806 2394 1027 2469 gratias
1079 2410 1348 2467 congruae
1404 2393 1690 2451 voluntati
1745 2397 1882 2468 egit,
1916 2402 1974 2454 et
2028 2403 2095 2454 ut

449 2489 558 2544 hoc
588 2485 908 2544 accelerare
939 2483 1260 2550 studerent,
1281 2482 1550 2556 protinus
1577 2484 1848 2555 praefatos
1880 2485 2093 2544 missos

357 2591 365 2601 ‘
447 2575 692 2634 remisit.
725 2574 987 2646 Cumque
1019 2577 1270 2644 quatuor
1299 2571 1384 2626 vel
1415 2587 1480 2627 eo
1501 2571 1761 2645 amplius
1791 2573 1914 2630 dies
1944 2574 2090 2630 inibi

445 2667 760 2723 adventum
818 2660 1090 2720 Lodharii
1150 2659 1601 2733 praestolaretur,
1634 2667 1691 2718 et
1738 2662 1837 2718 ille
1894 2663 2090 2720 venire

445 2755 727 2822 differret,
755 2751 1093 2809 concionem
1127 2750 1388 2815 advocat,
1413 2749 1727 2806 concilium
1759 2750 1890 2806 iniit
1916 2753 2086 2825 quid-

445 2861 582 2900 nam
613 2841 942 2899 consultius
971 2838 1244 2910 deinceps
1291 2837 1376 2893 illi
1425 2839 1719 2912 agendum
1769 2839 2085 2912 videretur,

441 2932 892 2988 deliberaturus.
943 2927 1190 2995 Quidam
1249 2930 1446 2983 autem
1499 2927 1754 2996 aiebant,
1805 2929 2085 3002 quoniam

439 3024 626 3077 mater
667 3037 778 3076 sua
824 3034 942 3074 una
987 3032 1125 3070 cum
1173 3015 1480 3088 Aquitanis
1525 3017 1812 3086 veniebat,
1854 3019 2084 3076 obviam

436 3108 523 3165 illi
554 3109 638 3164 ire
668 3109 896 3164 debere.
930 3105 1042 3162 Sed
1075 3103 1333 3159 maxime
1361 3120 1497 3176 pars
1526 3110 1630 3160 aut
1659 3105 1888 3161 obviam
1935 3107 2082 3162 Lod-

2224 523 2427 578 eadem
2452 526 2740 594 fecissent,
2760 527 3091 600 missosque
3117 528 3362 586 invicem
3387 530 3719 603 frequenter
3740 531 3873 588 mit-

2224 615 2434 682 terent,
2466 617 2565 669 sed
2601 617 2745 671 nihil
2795 619 3035 689 proﬁeui
3088 618 3410 676 deliberare
3456 625 3713 692 possent,
3746 627 3870 680 tan-

2223 701 2356 756 dem
2389 706 2924 777 apprOpinquantes
2957 707 3351 763 Lodhuwieus
3381 714 3438 764 et
3460 709 3702 766 Karolus
3731 727 3870 767 con-

2222 791 2483 858 veniunt,
2501 793 2687 864 deque
2708 795 2800 850 his
2821 795 3097 852 omnibus
3120 797 3177 851 in
3201 798 3403 852 eodem
3426 803 3709 854 conventu
3740 818 3868 871 quis

2224 878 2550 936 Lodharius
2597 883 2820 954 absque
2863 883 3124 955 quolibet
3173 886 3572 966 moderamine
3616 905 3752 960 erga
3807 907 3870 946 se

2222 985 2479 1040 suosque
2530 970 2820 1038 saeviebat,
2855 972 3103 1026 dolendo
3153 975 3461 1029 conferunt
3493 991 3506 1029 :
3538 974 3677 1047 quid
3733 994 3868 1032 vero

2220 1055 2494 1130 deinceps
2525 1061 2816 1132 agendum
2841 1061 3228 1133 opportunius
3250 1063 3558 1130 videretur,
3579 1063 3637 1118 in
3671 1065 3872 1121 crasti-

2221 1163 2362 1201 num
2423 1147 2818 1204 deliberaturi.
2852 1151 3075 1205 Aurora
3123 1151 3416 1223 siquidem
3463 1151 3866 1211 delucescente

2218 1236 2586 1302 conveniunt,
2623 1237 2934 1293 concilium
2966 1237 3192 1304 ineunt,
3227 1239 3284 1294 in
3330 1255 3444 1310 quo
3495 1239 3748 1296 multum
3794 1243 3866 1298 de

2215 1323 2720 1382 tantacalamitate
2732 1328 3867 1402 eonqueruntur(conquirunt).Cumque

2215 1412 2494 1469 alteruter
2513 1431 2660 1486 quae,
2678 1418 2964 1488 quantave
2985 1419 3043 1471 et
3081 1415 3276 1488 qualia
3296 1417 3454 1488 passi
3481 1433 3516 1472 a
3547 1419 3722 1473 fratre
3744 1419 3864 1476 fue-

2216 1505 2364 1568 rant,
2383 1503 2594 1559 referre
2627 1503 2958 1572 desiissent,
2975 1504 3263 1562 universis
3289 1506 3484 1562 visum
3508 1506 3866 1566 unanimiter

2213 1591 2456 1662 parique
2487 1609 2795 1664 consensu,
2828 1598 2948 1649 tam
2983 1611 3051 1649 ex
3082 1599 3452 1652 sacrosancto
3484 1595 3687 1652 ordine
3715 1597 3867 1670 epio-

2212 1697 2511 1752 coporum,
2538 1699 2712 1754 quam
2744 1689 2800 1738 et
2829 1681 3301 1751 laicorum,viros
3340 1683 3585 1754 nobiles,
3606 1686 3861 1758 pruden-

2210 1771 2318 1835 tes,
2353 1769 2660 1826 benevolos
2691 1772 2971 1844 deligant,
2987 1789 3088 1844 per
3129 1789 3298 1844 quos,
3321 1791 3450 1846 qua:
3497 1779 3664 1846 pater
3710 1774 3864 1832 inter

2207 1856 2338 1913 illos
2371 1863 2676 1931 statuerat,
2709 1865 2768 1916 et
2809 1878 2936 1933 qua:
2983 1865 3116 1934 post
3163 1861 3389 1917 obitum
3422 1863 3607 1936 patris
3657 1863 3858 1922 abillo

2206 1947 2364 2018 passi
2397 1949 2536 2016 sint,
2562 1949 2844 2006 mandent
2877 1965 2890 2004 :
2924 1949 3166 2022 insuper
3195 1950 3522 2020 obsecrent,
3541 1956 3604 2007 ut
3635 1970 3860 2010 memor

2205 2034 2285 2089 sit
2313 2035 2413 2090 Dei
2443 2036 2882 2110 omnipotentis,
2915 2042 2972 2093 et
2997 2039 3278 2094 concedat
3326 2055 3529 2111 pacem
3578 2041 3857 2102 fratribus

2205 2123 2330 2180 suis
2377 2125 2776 2198 universisque
2831 2126 3099 2182 Ecclesia)
3150 2127 3290 2196 Dei;
3337 2128 3568 2184 cederet
3621 2129 3853 2202 cuique,

2205 2214 2360 2284 quod
2395 2215 2578 2286 patris
2613 2215 2980 2288 fratrumque
3011 2231 3302 2272 consensu
3327 2217 3490 2289 juste
3511 2217 3852 2275 debebatur.

2205 2301 2450 2374 Insuper
2479 2303 2679 2370 etiam,
2695 2309 2760 2359 ut
2783 2303 2964 2375 justis
2987 2303 3259 2376 precibus
3282 2305 3698 2378 acquiesceret,
3713 2307 3854 2363 otl‘c-

2203 2395 2336 2447 rant.
2361 2391 2445 2447 illi
2478 2392 2764 2465 quidquid
2786 2394 3007 2466 absque
3031 2395 3198 2467 equis
3221 2398 3278 2450 et
3295 2393 3474 2450 armis
3497 2395 3556 2450 in
3579 2395 3854 2453 universo

2201 2481 2456 2536 exercitu
2486 2481 2700 2538 habere
2729 2482 3094 2538 videbantur.
3119 2484 3188 2538 Et
3221 2483 3270 2539 si
3304 2483 3396 2540 his
3418 2484 3659 2540 monitis
3681 2486 3856 2542 obse-

2201 2569 2677 2643 crationibusque
2689 2570 3059 2642 acquiescere
3070 2571 3528 2646 vellet,placere:
3553 2573 3643 2630 sin
3663 2573 3852 2644 aliter,

2200 2657 2431 2714 aiebant
2451 2677 2512 2715 se
2525 2659 2718 2715 divino
2731 2676 2798 2716 cx
2811 2675 3052 2716 munere
3069 2661 3416 2736 suffragium
3439 2662 3660 2735 absque
3673 2663 3852 2720 dubio

2198 2762 2431 2817 sperare
2465 2764 2656 2818 posse,
2677 2747 2725 2803 si
2759 2763 2930 2804 omne
2955 2749 3112 2820 quod
3143 2749 3378 2820 justum
3407 2754 3517 2818 est,
3536 2749 3770 2817 vellent,
3793 2755 3853 2807 et

2197 2834 2305 2890 hoc
2327 2835 2488 2890 fratri
2520 2836 2725 2892 offerre
2746 2835 3048 2892 humiliter
3071 2839 3392 2894 studerent.
3407 2841 3542 2905 Quae
3565 2839 3844 2912 quoniam

2197 2923 2402 2978 merito
2435 2929 2558 2980 rata
2587 2924 2956 2993 videbantur,
2982 2925 3252 2996 protinus
3281 2927 3510 2998 expleta
3538 2931 3698 2984 sunt.

2267 3012 2377 3068 Sed
2402 3011 2520 3068 hinc
2536 3011 2710 3068 veluti
2734 3029 2838 3085 pro
2861 3012 3042 3069 nihilo
3061 3014 3238 3070 ducta
3250 3015 3576 3072 Lodharius
3588 3017 3805 3089 sprevit
3828 3037 3842 3087 ;

2193 3119 2296 3176 per
2326 3119 2486 3170 suos,
2519 3119 2580 3158 se
2615 3102 2758 3158 nihil
2798 3103 3023 3175 absque
3072 3103 3270 3174 prmlio
3310 3104 3456 3162 velle
3507 3106 3843 3176 mandavit;

437 3197 604 3253 hario
649 3195 760 3252 iter
807 3193 1060 3265 arripere
1107 3169 1452 3259 suadebant,
1476 3196 1580 3247 aut
1623 3198 1797 3260 certe,
1833 3195 2080 3251 ubicun-
2112 3169 2156 3234 θ
2193 3169 2618 3262 confestimque
2645 3190 2880 3246 obvium
2913 3169 3293 3264 Dippi_no,qui
3325 3193 3398 3249 ab
3425 3193 3742 3266 Aquitania
3769 3169 3846 3252 ad

437 3302 552 3358 que
579 3283 770 3351 vellet,
803 3275 1117 3338 adventum
1161 3279 1318 3336 illius
1347 3280 1668 3353 praestolari
1700 3283 1907 3338 debere
1937 3284 2086 3340 dice-

439 3375 583 3430 bant
604 3389 618 3428 :
642 3373 716 3428 ob
737 3371 847 3427 hoc
868 3369 1105 3442 quidem
1128 3367 1401 3434 maxime,
1417 3369 1694 3440 quoniam
1718 3370 1764 3426 si
1789 3373 2084 3442 quomodo

438 3461 722 3518 aliorsum
755 3460 868 3515 iter
889 3459 1118 3514 ﬂectere
1149 3456 1438 3529 cmpisset,
1455 3457 1649 3514 cuncti
1683 3458 1881 3531 fugam
1914 3459 2080 3516 illum

437 3549 640 3606 iniisse
675 3550 987 3620 jactarent,
1021 3549 1078 3600 et
1126 3545 1264 3600 hinc
1313 3544 1668 3602 Lodharium
1718 3551 1775 3601 et
1815 3565 1954 3604 suos
1985 3565 2082 3604 au-

435 3637 729 3694 dentiores
759 3635 883 3691 fieri
908 3635 1136 3690 debere.
1168 3635 1354 3706 Atque
1402 3633 1485 3700 hi,
1518 3634 1618 3706 qui
1666 3635 1860 3691 adhuc
1903 3653 2082 3693 causa

435 3725 664 3784 timoris
693 3723 885 3781 neutri
915 3739 1044 3779 sese
1073 3721 1504 3795 copulaverant,
1537 3723 1610 3778 ad
1644 3721 1811 3780 illum
1842 3725 2081 3782 affluere

435 3816 695 3889 undique
725 3813 1063 3888 sperabant,
1077 3813 1230 3884 quod
1255 3815 1320 3878 ,οι
1339 3811 1548 3867 evenit.
1565 3814 1912 3886 Quanquam
1933 3815 2082 3870 difﬁ-

431 3905 562 3977 cile,
593 3902 896 3977 praavaluit
941 3906 1138 3957 tamen
1186 3900 1478 3956 sententia
1528 3901 1812 3972 priorum.
1864 3904 2077 3968 Quam-

429 3994 632 4049 obrem
653 3989 1125 4047 Cadhellonicam
1157 3987 1402 4044 Karolus
1433 3988 1578 4044 adiit
1620 3991 1848 4059 urbem,
1882 3991 2080 4065 ibique

433 4084 620 4136 matre
649 4097 768 4134 una
795 4094 930 4134 cum
960 4076 1267 4148 Aquitanis
1299 4082 1549 4149 recepta,
1584 4083 1822 4150 repente
1852 4082 2080 4138 nuntia-

430 4173 529 4225 tur
557 4168 712 4240 quod
743 4164 1139 4221 Lodhuwicus
1169 4181 1303 4219 cum
1324 4165 1630 4222 Adelberto
1661 4167 1806 4224 duce
1835 4171 2075 4226 Austra-

429 4257 654 4314 siorum
683 4253 880 4327 prailio
919 4251 1234 4310 commisso
1275 4252 1530 4322 vicisset,
1555 4255 1878 4328 ~Rhenoque
1907 4259 2078 4328 traje-

430 4348 522 4402 cto
551 4345 625 4402 ob
655 4343 817 4399 illius
843 4341 1223 4414 adjutorium,
1240 4342 1592 4413 quantocius
1611 4345 2070 4415 posset,veniret.

429 4434 591 4502 Quod
623 4449 757 4489 cum
790 4431 954 4488 ocius
985 4430 1270 4487 universis
1303 4431 1512 4486 castris
1543 4432 1817 4490 omnibus
1867 4439 2073 4492 notum

2192 3279 2359 3335 illum
2383 3279 2670 3348 veniebat,
2690 3279 2800 3335 iter
2829 3280 3098 3352 arripuit.
3133 3283 3295 3348 Quod
3329 3299 3464 3338 cum
3494 3283 3846 3340 ocius‘didi-

2191 3368 2409 3424 cissent
2435 3368 2830 3424 Lodhuwicus
2861 3373 2920 3424 et
2950 3369 3260 3442 sui,supra
3291 3372 3532 3428 modum
3565 3389 3686 3428 rem
3718 3389 3850 3446 gra-

2188 3456 2335 3513 viter
2391 3458 2640 3513 ferentes
2686 3459 2876 3524 (erant
2923 3457 3082 3513 enim
3135 3459 3396 3531 undique
3437 3460 3694 3532 graviter
3723 3463 3861 3543 tant

2190 3545 2817 3618 itinerislongitudine,
2836 3563 3014 3618 quam
3045 3552 3102 3602 ct
3132 3547 3676 3622 przcliis,variisque
3696 3549 3846 3606 difﬂ-

2189 3633 2528 3702 cultatibus,
2561 3638 2618 3690 et
2647 3633 2899 3690 maxime
2930 3651 3219 3708 equorum
3267 3635 3463 3708 inopia
3511 3637 3716 3710 attriti)
3743 3653 3842 3694 v0-

2188 3728 2518 3779 rumtamen
2553 3740 2893 3796 quanquam
2917 3740 2980 3779 se
2998 3723 3120 3780 hanc
3145 3723 3228 3779 ita
3247 3724 3549 3794 baberent,
3564 3725 3842 3782 timentes

2189 3830 2261 3868 ne
2282 3813 2425 3868 forte
2447 3812 2494 3868 si
2519 3812 2590 3867 ab
2613 3811 2827 3868 auxilio
2850 3812 3048 3868 fratris
3069 3813 3248 3869 frater
3277 3813 3566 3883 deﬁceret,
3591 3814 3840 3887 posteris

2187 3901 2312 3958 suis
2344 3901 2647 3974 indignam
2679 3899 3020 3956 memoriam
3069 3901 3464 3974 reliquissent.
3498 3903 3658 3970 Quod
3707 3902 3838 3976 qui-

2185 3991 2318 4046 dem
2349 4006 2422 4046 ne
2454 3990 2727 4057 facerent,
2751 3989 3053 4063 elegerunt
3081 3990 3241 4046 omni
3273 3990 3551 4064 penuria,
3575 3991 3753 4048 etiam
3783 3991 3838 4049 si

2185 4077 2675 4152 oporteret,morti
2694 4078 2888 4150 potius
2905 4078 3309 4151 subire,quam
3328 4096 3538 4135 nomen
3552 4080 3838 4139 invictum

2185 4168 2471 4223 amittere.
2488 4167 2877 4232 Quamobrem
2900 4183 2970 4222 ex
2987 4167 3188 4223 eadem
3202 4167 3687 4242 magnanimitate
3699 4185 3838 4225 mc»

2184 4255 2346 4312 stitia
2375 4271 2674 4328 oppressa,
2709 4255 2958 4310 invicem
2979 4271 3040 4311 se
3072 4255 3474 4326 adhortantes,
3505 4257 3833 4331 gaudentes

2181 4344 2564 4416 velociterque
2593 4348 2660 4399 ut
2689 4343 3044 4400 Lodharium
3077 4343 3191 4400 cito
3240 4345 3516 4418 consequi
3569 4349 3835 4418 possent,

2181 4433 2362 4490 ibant.
2377 4432 2642 4504 Cumque
2670 4432 2962 4504 insperate
2984 4437 3220 4506 propter
3242 4434 3447 4490 urbem
3468 4433 3834 4491 Alciodoren-

430 4525 612 4591 fieret,
637 4521 834 4578 cuncti
893 4520 1071 4577 alacri
1129 4519 1326 4576 animo
1376 4524 1442 4575 ut
1491 4520 1574 4575 illi
1621 4521 1850 4578 obviam
1899 4523 2070 4592 irent,
2104 4538 2152 4603 ι)
2180 4539 2304 4579 sem
2355 4525 2598 4592 uterque
2645 4521 2934 4576 exercitus
2979 4519 3125 4577 alter
3169 4522 3241 4577 ab
3292 4521 3472 4578 altam
3516 4523 3830 4592 videretur,

429 4611 776 4668 suadebant.
812 4607 1137 4666 Lodharius
1181 4625 1411 4680 quoque
1457 4609 1578 4665 haec
1628 4610 1710 4666 ita
1758 4627 1821 4667 se
1861 4612 2074 4669 habere
2183 4609 2489 4667 confestim
2538 4608 2862 4664 Lodharius
2908 4625 3133 4679 verens,
3163 4627 3235 4666 ne
3285 4611 3430 4666 forte
3478 4612 3682 4668 fratres
3737 4613 3832 4668 sui

429 4705 496 4756 ut
524 4697 927 4772 deprehendit,
961 4697 1328 4754 circumfusa:
1359 4697 1511 4770 plebi
1545 4699 1820 4757 Karolum
1869 4701 2070 4775 fugam

425 4786 629 4856 inisse,
660 4786 1047 4859 persequiquc
1077 4785 1243 4842 illum
1281 4788 1630 4858 quantocius
1679 4793 1895 4862 posset,
1927 4790 2071 4847 velle

427 4875 758 4933 denuntiat.
777 4877 900 4942 Quo
931 4875 1167 4947 quidem
1202 4875 1406 4932 nuntio
1438 4876 1586 4932 fidos
1618 4875 1730 4932 sibi
1760 4876 2070 4936 alacriores

427 4964 700 5032 reddidit,
734 4962 929 5020 dubiis
969 4968 1163 5019 autem
1204 4963 1537 5036 quibusque
1567 4969 1624 5020 et
1662 4965 1939 5022 afiluendi
1972 4985 2068 5023 au-

427 5052 655 5110 daciam
703 5052 924 5124 injecit,
957 5056 1013 5108 et
1062 5053 1348 5108 ﬁrmiores
1408 5071 1526 5109 suae
1585 5054 1735 5125 parti
1795 5055 2064 5111 reddidit.

425 5142 690 5214 Cumque
721 5140 964 5196 Karolus
995 5159 1030 5196 a
1060 5140 1344 5197 Lodhario
1366 5141 1639 5212 persequi
1663 5159 1726 5197 se
1745 5141 2070 5213 didicisset,

427 5230 707 5302 quoniam
739 5231 800 5286 in
828 5228 1052 5285 difﬁcili
1103 5228 1230 5285 loco
1278 5230 1449 5300 aquis
1493 5229 1921 5303 paludibusque
1966 5232 2072 5288 cir-

426 5317 714 5374 cumfusis
741 5321 934 5373 castra
962 5321 1300 5390 posuerant,
1314 5321 1379 5372 ut
1398 5317 1620 5388 absque
1640 5317 1899 5388 qualibet
1915 5319 2066 5377 diffi-

425 5406 660 5473 cultate,
693 5406 744 5462 si
775 5406 1098 5462 Lodharius
1126 5405 1317 5473 vellet,
1347 5405 1620 5478 congredi
1642 5412 1900 5478 possent,
1933 5427 2065 5481 pro-

423 5495 584 5553 tinus
612 5496 841 5552 obviam
871 5494 953 5550 illi
1003 5495 1270 5567 perrexit.
1304 5497 1439 5560 Quae
1490 5493 1726 5566 quidem
1777 5498 2064 5556 Lodhario

428 5591 496 5644 ut
540 5585 812 5642 nuntiata
857 5587 1012 5650 sunt,
1047 5587 1237 5640 castra
1284 5584 1500 5655 posuit,
1534 5600 1600 5640 ac
1657 5583 1834 5641 veluti
1893 5587 2062 5646 fessis

2181 4701 2402 4770 absque
2431 4695 2707 4752 dilatione
2739 4714 2918 4770 supra
2946 4715 3009 4754 se
3050 4698 3270 4754 irruere
3299 4698 3533 4768 vellent,
3565 4702 3836 4756 armatus

2179 4790 2371 4844 castra
2387 4783 2818 4858 aliquantulum
2845 4787 3112 4843 excessit.
3127 4789 3290 4854 Quod
3320 4787 3600 4860 quoniam
3620 4789 3832 4846 fratres

2179 4876 2270 4931 sui
2292 4874 2478 4930 facere
2499 4873 2666 4930 illum
2691 4877 3400 4949 cognoverunt,quosdam
3423 4894 3623 4934 secum
3644 4895 3834 4934 arma—

2177 4969 2267 5020 tos
2289 4967 2684 5032 assumunt,et
2695 4963 2918 5035 absque
2934 4963 3214 5021 dilatione
3229 4966 3459 5022 obviam
3481 4967 3828 5039 procedunt.

2178 5053 2390 5110 Missos
2420 5051 2666 5108 invicem
2699 5052 2960 5122 mittunt,
2984 5071 3306 5127 pacemque
3335 5057 3446 5112 sub
3479 5059 3646 5112 nocte
3667 5073 3828 5112 com-

2181 5146 2428 5215 ponunt.
2457 5141 2660 5196 Castra
2688 5144 2883 5197 autem
2932 5143 3005 5198 ab
3052 5141 3302 5200 invicem
3351 5143 3651 5201 distabant
3691 5144 3828 5217 plus

2179 5229 2376 5288 minus
2398 5229 2594 5286 leucas
2616 5233 2753 5299 tres,
2768 5235 2826 5287 et
2847 5231 3124 5288 intererat
3139 5231 3392 5304 paucula
3419 5231 3590 5306 palus
3609 5232 3826 5292 saltus-

2177 5337 2290 5393 que
2323 5337 2336 5375 :
2371 5336 2437 5376 ac
2467 5336 2570 5392 per
2599 5319 2708 5375 hoc
2727 5324 2851 5374 erat
2881 5319 3114 5392 utrique
3143 5321 3215 5378 ad
3267 5321 3516 5378 alterum
3564 5323 3828 5380 difﬁcilis

2176 5426 2466 5466 accessus.
2497 5410 2861 5480 Quapropter
2889 5425 3100 5465 aurora
3132 5409 3555 5481 delucescente,
3585 5411 3826 5468 Lodha-

2173 5500 2362 5557 wicus
2393 5503 2450 5553 et
2481 5496 2724 5554 Karolus
2755 5498 2824 5553 ad
2851 5497 3206 5555 Lodharium
3228 5500 3512 5556 mittunt:
3538 5501 3827 5558 mandant

2172 5587 2282 5646 sibi
2311 5586 2478 5643 valde
2498 5583 2824 5657 displicere,
2841 5588 2994 5659 quod
3020 5587 3135 5644 illis
3155 5604 3356 5660 pacem
3379 5588 3602 5660 absque
3623 5587 3823 5661 praelia
