4094 6186
194 318 247 383 6t
738 316 842 381 ne
884 314 1524 382 DISSENSIONIBUS
1570 268 1951 375 FILloneM
1995 311 2360 377 LUDOVICI
2404 316 2532 378 Ρη.
2564 318 2814 382 —LIB.
2861 317 2968 382 III.

3474 316 3609 382 δὲ’

192 455 560 528 denegaverat.
592 453 760 520 Quod
791 453 986 519 etiam,
1012 451 1287 524 quoniam
1307 450 1559 517 vellet,et
1580 449 1799 521 absque
1829 445 1886 513 Α
1913 452 1971 508 in
2003 454 2208 511 horam
2240 457 2559 512 secundam
2591 458 2705 513 diei
2732 458 2936 527 tertiae,
2961 461 3113 532 quod
3138 458 3328 517 evenit
3347 479 3423 517 vn
3446 461 3557 517 Ka-

190 543 415 618 qualibet
444 543 676 610 fraude,
709 543 759 598 si
795 542 915 597 fieri
946 543 1199 610 deberet,
1234 544 1406 597 esset.
1442 543 1509 595 Et
1548 541 1803 611 primum
1915 549 2070 603 land,
2099 549 2262 615 Julii,
2298 568 2438 621 paco
2469 554 2850 622 utrorumque
2879 568 2946 606 ex
2977 555 3139 624 parte
3171 552 3557 625 jurejurando

189 635 393 707 quidem
418 632 674 704 jejuniis
707 648 775 687 ac
804 630 951 686 votis
982 631 1167 686 Deum
1200 631 1488 686 invocent.
1514 631 1734 686 Deinde
1757 630 1804 684 si

186 721 262 777 ille
288 720 537 775 transire
568 720 639 775 ad
673 719 806 774 illos
835 718 1139 785 voluisset,
1161 717 1351 773 locum
1378 719 1720 775 transeundi
1746 737 1808 775 se

185 814 395 869 daturos
430 809 785 881 promittunt
805 826 817 865 ;
841 812 905 863 ut
924 810 1080 863 omni
1114 808 1530 881 impedimento
1554 828 1661 865 sua
1681 827 1810 865 suo-

184 917 408 972 rumque
431 917 502 955 ex
522 903 688 970 parte
709 897 925 956 ablato.
940 898 1162 969 absque
1183 899 1444 970 qualibet
1464 899 1693 954 occulta
1712 900 1807 954 de-

184 991 428 1063 ceptione
464 986 740 1060 congredi
772 992 1033 1059 possent.
1069 991 1203 1055 Qua:
1229 993 1287 1043 et
1312 989 1360 1045 si
1393 988 1579 1058 vellet,
1613 1006 1806 1044 sacra-

183 1082 357 1136 mento
391 1070 633 1131 firmare
666 1080 1085 1159 prazceperuut.
1116 1077 1189 1131 At
1217 1076 1267 1131 si
1300 1076 1497 1143 nollet,
1523 1081 1588 1132 ut
1609 1077 1811 1133 eadem

183 1168 284 1223 illis
312 1165 661 1222 concederet
688 1168 863 1236 atque
894 1164 1170 1231 firmaret,
1207 1170 1414 1238 rogant
1438 1169 1495 1221 et
1522 1170 1747 1239 petunt.
1759 1168 1813 1222 Is

179 1261 357 1313 autem
390 1270 561 1310 more
592 1252 763 1309 solito
796 1270 897 1324 per
917 1268 1054 1308 suos
1077 1270 1138 1309 se
1160 1270 1581 1325 responsurum
1604 1255 1815 1327 promi-

179 1347 264 1413 sit,
294 1349 347 1400 et
378 1348 448 1399 ut
478 1341 656 1415 legati
689 1341 938 1415 regressi
970 1345 1128 1408 sunt,
1146 1341 1413 1414 protinus
1444 1343 1672 1399 obviam
1706 1344 1817 1400 iter

178 1432 434 1507 arripuit,
470 1448 538 1488 ac
571 1430 766 1487 locum
798 1447 915 1503 quo
945 1434 1137 1487 castra
1166 1437 1425 1504 poneret,
1452 1433 1816 1489 Fontaneum

176 1523 326 1598 petit.
360 1521 587 1577 Eadem
619 1523 817 1575 autem
851 1520 944 1575 die
969 1520 1179 1576 fratres
1205 1520 1295 1577 sui
1322 1526 1455 1593 post
1475 1522 1816 1577 Lotharium

100 1640 105 1641 ν
177 1615 274 1668 iter
300 1609 731 1677 accelerantes,
753 1612 1196 1664 antecesserunt
1216 1608 1405 1677 illum,
1421 1614 1479 1665 et
1495 1613 1730 1683 propter
1743 1612 1822 1666 vi-

176 1718 320 1767 cum,
353 1698 459 1771 qui
494 1697 820 1753 Tauriacus
852 1696 1083 1766 dicitur;
1117 1702 1306 1755 castra
1338 1702 1819 1771 posuerunt.Cra-

1918 640 2167 705 ﬁrmata,
2223 641 2294 694 ad
2345 644 2537 695 castra
2586 642 2850 708 redeunt,
2899 640 3141 698 missam
3186 660 3321 698 vero
3370 641 3557 698 sancti

1916 729 2160 785 Joannis
2185 730 2244 783 in
2275 730 2596 785 crastinum
2630 731 2995 787 celebraturi.
3032 732 3272 805 Pippino
3327 750 3561 806 quoque

1917 820 2120 873 eadem
2161 818 2253 873 die
2299 820 2623 874 Lodharius
2673 820 2729 874 in
2780 820 3256 893 supplementum
3310 826 3560 894 recepto,

1921 908 2162 963 mandat
2193 908 2470 963 fratribus
2496 910 2643 979 suis,
2668 911 2942 981 quoniam
2967 910 3184 966 scirent
3208 911 3289 967 illi
3318 912 3566 984 impera-

1920 997 2063 1052 toris
2095 1014 2305 1052 nomen
2336 1014 2551 1070 magna
2584 999 2925 1053 auctoritate
2968 999 3147 1055 fuisse
3196 1001 3560 1072 impositum,

1924 1089 1986 1141 ut
2016 1086 2387 1142 considerent
2418 1091 2708 1158 quatenus
2737 1089 3002 1157 eiusdem
3026 1088 3282 1144 nominis
3305 1090 3570 1162 magnifi-

1922 1192 2056 1231 cum
2089 1179 2289 1247 posset
2318 1175 2548 1248 explere
2574 1177 2857 1232 officium.
2893 1178 3139 1249 Insuper
3169 1182 3362 1234 autem
3411 1179 3569 1234 haud

1924 1280 1986 1320 se
2016 1262 2265 1320 libenter
2294 1270 2681 1336 utrorumque
2714 1284 2969 1338 quaerere
3002 1269 3348 1340 profectum.
3385 1269 3570 1323 Inter-

1924 1354 2107 1424 rogati
2132 1354 2418 1421 autem,si
2438 1354 2721 1426 quiddam
2752 1355 2963 1412 horum
2996 1373 3123 1429 qua:
3153 1358 3574 1412 mandaverant

1924 1441 2178 1514 recipere
2206 1442 2395 1511 vellet,
2426 1443 2516 1498 vel
2545 1444 2595 1499 si
2638 1444 2961 1516 quamlibet
3004 1446 3289 1501 ﬁnitivam
3340 1450 3573 1502 senten-

1925 1532 2069 1587 tiam
2102 1531 2217 1587 illis
2251 1534 2608 1603 mandasset,
2642 1534 2786 1589 nihil
2812 1534 2921 1589 sibi
2946 1535 3157 1591 horum
3183 1535 3364 1591 fuisse
3386 1535 3577 1607 injun-

1927 1617 2089 1667 ctum
2122 1614 2566 1683 responderunt.
2599 1615 2989 1679 Quamobrem
3023 1632 3159 1671 cum
3201 1615 3394 1671 omnis
3441 1632 3576 1687 spes

1919 1701 2167 1773 justitiaa
2201 1719 2267 1756 ac
2290 1702 2450 1773 pacis
2473 1720 2579 1757 sua
2597 1717 2664 1757 ex
2686 1708 2849 1775 parte
2877 1703 3072 1760 ablata
3091 1705 3577 1770 videretur,man-

178 1792 320 1847 stina
348 1788 445 1843 die
479 1786 772 1843 exercitus
792 1786 1098 1859 praeparati
1121 1787 1194 1842 ad
1218 1787 1704 1859 prmlium,castra
1724 1788 1822 1844 ali-
1854 1816 1899 1881 Β
1931 1791 2073 1845 dant
2122 1790 2227 1859 illi,
2261 1788 2313 1846 si
2352 1790 2564 1847 melius
2612 1810 2727 1847 non
2778 1791 3114 1861 invenisset,
3148 1796 3249 1847 aut
3297 1793 3579 1864 reciperet
3668 1818 3677 1825 ν

179 1876 527 1952 quantulum
578 1880 975 1932 excesserunt.
1010 1876 1373 1933 Praemittens
1423 1877 1821 1935 Lodhuwicus
1854 1876 1893 1881 ⁷
1932 1896 2118 1935 unum
2147 1880 2357 1936 horum
2391 1897 2516 1952 quae
2540 1880 2620 1936 illi
2655 1882 3093 1952 mandaverant,
3110 1885 3209 1937 aut
3229 1884 3427 1936 nosset
3448 1880 3577 1936 illos

179 1986 241 2024 ac
270 1965 513 2023 Karolus
546 1965 837 2021 Lodhario
868 1966 1397 2033 mandaverunt,ut
1418 1983 1643 2023 memor
1669 1971 1825 2024 esset

176 2058 435 2113 fraterna:
471 2053 852 2122 conditionis,
887 2055 1103 2110 sineret
1132 2054 1449 2110 Ecclesium
1480 2056 1583 2111 Dei
1613 2059 1671 2112 et
1701 2056 1826 2112 uni-

176 2162 401 2202 versum
426 2143 717 2217 populum
738 2142 1138 2198 Christianum
1163 2160 1362 2215 pacem
1386 2143 1826 2213 habere,conce—

177 2237 330 2291 deret
368 2233 497 2289 illis
547 2249 729 2305 regna
757 2249 790 2288 a
821 2236 985 2304 patre
1031 2250 1137 2287 suo
1188 2248 1477 2289 consensu
1526 2250 1823 2303 concessa,

175 2325 412 2381 haberet
439 2340 554 2378 sua
584 2321 719 2392 sibi,
751 2339 865 2377 non
898 2321 1127 2389 merito,
1154 2322 1255 2378 sed
1277 2322 1401 2379 sola
1426 2324 1830 2380 misericordia

175 2433 205 2469 a
232 2419 400 2486 patre
432 2411 524 2466 illi
550 2410 856 2467 relicta.Et
878 2410 933 2465 in
958 2426 1199 2467 munere
1220 2411 1539 2468 offerebant
1559 2412 1639 2468 illi
1665 2414 1830 2486 quid-

176 2502 310 2576 quid
339 2501 401 2556 in
435 2500 714 2557 universo
737 2498 990 2555 exercitu
1012 2500 1234 2571 absque
1254 2499 1434 2556 armis
1455 2505 1512 2556 et
1533 2501 1700 2574 equis
1724 2502 1828 2558 ha-

176 2593 309 2647 bere
339 2589 722 2644 videbantur.
736 2590 807 2643 At
826 2588 877 2643 si
896 2587 953 2642 id
971 2587 1459 2653 nollet,cedebant
1479 2589 1563 2644 illi
1586 2595 1833 2663 uterque

178 2679 511 2754 portionem
543 2677 731 2751 regni,
756 2676 903 2733 alter
924 2694 1108 2750 usque
1129 2678 1683 2747 Carbonarias,alter
1700 2697 1832 2736 vero

182 2786 367 2841 usque
420 2767 720 2823 Rhenum.
763 2766 927 2832 Quod
976 2771 1032 2821 et
1080 2766 1129 2821 si
1179 2771 1466 2835 renueret,
1500 2768 1833 2824 universam

184 2856 494 2915 Franciam
528 2872 697 2926 (equa
727 2854 891 2909 lance
938 2854 1283 2923 dividerent,
1317 2859 1373 2911 et
1415 2856 1700 2928 quidquid
1732 2857 1833 2911 ho-

185 2964 312 3002 rum
345 2944 549 3011 vellet,
584 2962 703 2999 sua:
734 2943 973 2999 ditionis
1000 2948 1174 2999 esset.
1197 2945 1281 3000 Ad
1304 2946 1459 3016 quod
1486 2946 1832 3014 Lodharius,

185 3051 343 3091 more
377 3032 581 3100 solito,
616 3049 718 3105 per
747 3048 887 3087 suos
916 3049 980 3087 se
1010 3032 1295 3105 quidquid
1335 3032 1591 3105 placeret
1637 3037 1837 3089 notare

186 3123 514 3196 respondit,
548 3120 909 3193 mittensque
939 3122 1041 3192 per
1070 3138 1325 3193 praasens
1355 3122 1704 3193 Drogonem,
1727 3122 1839 3177 Hu-

1930 1968 1989 2023 in
2022 1970 2347 2025 crastinum
2375 1971 2553 2042 (quod
2588 1970 2853 2042 contigit,
2877 1970 3031 2027 sicut
3061 1970 3367 2043 praefatum
3389 1973 3480 2026 est
3497 1986 3577 2025 vn

1931 2057 2174 2113 Kalend.
2206 2057 2368 2128 Julii,
2400 2058 2546 2113 hora
2564 2057 2963 2114 videlicetdiei
2987 2059 3376 2126 secunda),ad
3398 2056 3583 2114 omni-

1934 2145 2185 2217 potentis
2215 2147 2314 2201 Dei
2340 2146 2655 2217 judicium,
2680 2148 2835 2219 quod
2858 2146 2977 2203 illis
2993 2149 3215 2220 absque
3236 2147 3472 2203 illorum
3490 2162 3585 2202 vo-

1933 2234 2159 2291 luntate
2208 2237 2605 2305 mandaverat,
2652 2252 2781 2291 esse
2824 2241 3121 2292 venturos.
3157 2239 3291 2302 Quae
3341 2235 3581 2308 quidem

1938 2324 2265 2380 Lodharius
2296 2324 2463 2381 solito
2495 2342 2654 2381 more
2688 2324 3009 2381 insolenter
3028 2326 3265 2398 sprevit,
3283 2324 3582 2380 etvisuros

1939 2430 1999 2468 se
2030 2412 2170 2485 quid
2202 2430 2370 2485 agere
2402 2415 2655 2483 deberet,
2690 2415 3011 2487 respondit.
3046 2415 3197 2470 Dum
3239 2414 3361 2469 haec
3408 2429 3586 2486 super

1940 2499 2190 2573 Ligerim
2206 2503 2376 2571 juxta
2397 2507 2666 2557 sanctum
2688 2502 3079 2558 Fludualdum
3102 2502 3432 2559 consistens
3450 2502 3587 2557 seri-

1939 2588 2157 2655 berem,
2193 2588 2443 2662 eclypsis
2476 2590 2617 2645 solis
2648 2591 2791 2646 hora
2839 2592 3050 2663 prima,
3084 2592 3277 2664 prima
3321 2590 3482 2659 feria,
3510 2608 3585 2647 xv

1942 2675 2064 2730 Kal.
2096 2676 2437 2734 Novembris
2468 2680 2784 2751 Seorpione
2807 2680 3072 2753 contigit.
3093 2681 3195 2737 His
3219 2681 3301 2736 ita
3321 2680 3581 2747 omissis,

1941 2763 2197 2819 diluculo
2231 2766 2626 2823 Lodhuwicus
2657 2773 2714 2823 et
2746 2769 2989 2824 Karolus
3021 2769 3584 2841 consurgunt,verti-

1942 2868 2067 2906 cem
2102 2854 2317 2909 montis
2349 2856 2556 2911 castris
2588 2856 2857 2911 Lodharii
2883 2857 3139 2929 contigui
3164 2875 3299 2912 cum
3322 2856 3588 2923 tertia,ut

1942 2941 2481 3007 videtur,exereitus
2501 2949 2662 3015 parte
2680 2945 3422 3017 occupant,adventumque
3434 2945 3582 3015 ejus,

1943 3034 1997 3084 et
2028 3029 2232 3084 horam
2266 3033 2606 3099 secundam,
2640 3037 2705 3088 ut
2735 3034 2823 3089 sui
2849 3034 3210 3104 juraverant,
3226 3036 3582 3104 exspectant.

1945 3118 2207 3189 Cumque
2228 3123 2543 3193 utrumque
2568 3123 2819 3189 adesset,
2841 3121 3107 3194 prazlium
3130 3138 3308 3193 super
3336 3120 3587 3176 Riudam

182 3184 420 3286 geriem,
453 3184 514 3266 et
543 3184 957 3283 Hegibert-um,
980 3184 1244 3279 mandat,
1274 3227 1391 3266 non
1440 3184 1572 3265 illos
1598 3184 1834 3282 aliquod
1866 3184 1910 3252 Ο
1950 3184 3307 3283 (Rivolum)Burgundiorummagnocertamine
3328 3208 3591 3265 commit-

182 3301 294 3356 tale
326 3305 511 3356 antea
538 3298 625 3354 illi
659 3300 1010 3354 mandasse:
1036 3299 1107 3353 ad
1136 3299 1293 3370 quod
1324 3298 1839 3368 considerandum,

181 3389 446 3463 spatium
478 3388 699 3444 habere
731 3404 794 3443 se
818 3386 962 3443 velle
992 3387 1204 3443 aiebat.
1231 3387 1312 3443 Re
1342 3390 1538 3442 autem
1558 3403 1694 3444 vera
1715 3388 1775 3443 Pi
1784 3407 1842 3461 p-

184 3480 361 3551 pinus
395 3495 517 3535 non
546 3481 807 3544 venerat,
840 3476 1005 3531 illum
1038 3476 1146 3531 hac
1184 3475 1461 3531 dilatione
1510 3482 1843 3549 exspectare

181 3568 436 3623 volebat.
470 3566 893 3621 Verumtamen
928 3564 1262 3632 Ricuinum,
1288 3564 1750 3634 Hirmenaldum,
1785 3570 1844 3621 et

184 3657 563 3713 Fredericum
597 3660 961 3711 sacramento
993 3654 1225 3710 firmare
1247 3654 1536 3726 praecepit,
1561 3657 1714 3727 quod
1740 3672 1841 3727 pro

186 3744 350 3800 nulla
382 3761 443 3800 re
496 3743 614 3799 alia
661 3742 769 3798 has
818 3742 1085 3798 inducias
1133 3747 1372 3814 peteret,
1408 3747 1616 3815 printer
1663 3760 1842 3816 quam

192 3836 343 3905 quod
364 3849 685 3889 commune
706 3832 1031 3903 profectum
1049 3836 1169 3887 tam
1192 3831 1427 3887 illorum
1451 3848 1629 3903 quam
1652 3836 1709 3888 et
1720 3833 1844 3887 uni-

192 3938 367 3978 versa:
397 3922 612 3995 plebis,
643 3920 798 3977 sicut
818 3920 1116 3992 justitiam
1145 3920 1301 3976 inter
1330 3921 1536 3977 fratres
1567 3925 1624 3977 et
1654 3938 1843 3995 popu-

196 4009 315 4065 lum
345 4010 565 4067 Cbristi
598 4011 926 4082 oportebat,
962 4026 1219 4081 qumrere
1257 4008 1505 4065 volebat.
1540 4012 1662 4077 Quo
1714 4011 1842 4082 qui-

202 4098 328 4154 dem
359 4104 732 4155 sacramcnto
766 4098 1165 4154 Lodhuwicus
1185 4102 1242 4153 et
1262 4098 1509 4153 Karolus
1531 4098 1749 4154 creduli
1770 4099 1847 4155 ef-

202 4185 561 4254 !ecti,eadem
576 4187 756 4255 die,et
769 4186 826 4242 in
842 4186 1440 4259 crastinum,insuper
1458 4187 1635 4243 etiam
1658 4205 1846 4260 usque

1949 3300 2100 3351 tunt.
2134 3298 2204 3352 Et
2234 3297 2632 3354 Lodhuwicus
2663 3298 2899 3370 quidem
2926 3316 2992 3353 ac
3014 3297 3337 3353 Lodharius
3359 3297 3418 3352 in
3441 3297 3589 3365 loco,

1952 3386 2051 3458 qui
2084 3386 2296 3442 Brittas
2327 3386 2560 3456 dicitur,
2597 3390 2833 3443 strenue
2864 3386 3337 3458 conﬂigunt.Quo
3359 3403 3592 3458 supera-

1951 3480 2046 3531 tus
2078 3476 2422 3543 Lodharius,
2455 3482 2618 3548 terga
2648 3477 2837 3532 vertit.
2874 3476 3012 3530 Pars
3044 3479 3239 3531 autem
3279 3474 3589 3543 exercitus,

1951 3582 2130 3637 quam
2160 3564 2407 3620 Karolus
2442 3565 2499 3619 in
2523 3564 2670 3631 loco,
2693 3564 2793 3636 qui
2820 3563 2982 3636 Fagit
3000 3563 3172 3634 vulgo
3198 3563 3599 3628 dicitur,exce-

1952 3654 2058 3726 pit,
2084 3654 2353 3726 protinus
2387 3653 2554 3726 fugit.
2591 3653 2729 3708 Pars
2758 3670 2911 3719 vero,
2946 3669 3072 3724 qua:
3100 3652 3161 3706 in
3192 3650 3471 3707 Solennat
3489 3651 3596 3706 Ad-

1952 3741 2278 3809 helardum,
2305 3747 2680 3812 caeterosque,
2705 3741 2921 3812 quibus
2952 3740 3108 3795 haud
3143 3739 3440 3794 modicum
3463 3757 3597 3810 sup-

1952 3828 2338 3903 plementum,
2372 3830 2618 3885 Domino
2668 3828 3003 3893 auxiliante,
3037 3826 3280 3898 praebui,
3328 3825 3592 3898 appetiit,

1953 3925 2190 3976 strenue
2221 3918 2497 3974 conﬂixit.
2532 3919 2654 3983 Quo
2684 3921 2742 3971 et
2773 3915 3006 3987 utrique
3034 3913 3318 3969 vicerunt.
3355 3914 3468 3969 Sed
3501 3931 3598 3969 no-

1952 4009 2190 4065 vissime
2221 4023 2425 4063 omnes
2457 4025 2490 4061 a
2520 4008 2681 4077 parte
2726 4002 2996 4060 Lodharii
3048 4002 3344 4076 fugerunt.
3376 4003 3596 4069 Quoli-

1955 4114 2087 4152 nem
2123 4095 2293 4168 primi
2327 4094 2667 4150 certaminis
2698 4092 2858 4149 dedit
2879 4091 3225 4160 Lodharius,
3249 4092 3600 4147 terminatur

1954 4184 2101 4241 liber
2130 4185 2446 4240 secundus.

1455 4479 1773 4563 LIBER
1835 4474 2360 4563 TERTIUS.

828 4778 1225 4834 PREFATIO.

272 4911 554 4975 Quoniam
576 4912 888 4969 sinistrum
912 4913 1191 4984 quiddam
1214 4928 1308 4969 me
1329 4927 1397 4968 ex
1417 4928 1629 4985 genere
1646 4917 1850 4969 nostro

209 4999 271 5051 ut
297 4998 551 5067 audiam,
583 5002 788 5073 pudet,
818 5003 1031 5057 referre
1051 5001 1375 5074 praesertim
1400 5018 1576 5073 quam
1601 5001 1852 5057 maxime

208 5085 378 5158 piget.
396 5089 792 5156 Quamobrem
816 5090 1059 5163 imperio
1081 5090 1238 5145 haud
1263 5106 1561 5161 quaquam
1582 5089 1851 5145 malivole

204 5179 554 5251 contempto,
585 5183 653 5234 ut
680 5179 821 5235 finis
851 5182 1090 5252 optatus
1121 5178 1251 5234 libri
1284 5178 1527 5234 secundi
1548 5178 1733 5247 affuit,
1749 5195 1853 5251 per

202 5266 399 5322 omnia
421 5266 588 5324 ﬁnire
619 5268 732 5324 hoc
752 5284 903 5340 opus
924 5268 1158 5324 animus
1177 5268 1449 5324 decrevit.
1476 5267 1587 5324 Sed
1610 5284 1682 5324 ne
1707 5267 1851 5324 forte

201 5353 446 5423 quilibet
481 5373 843 5430 quocunque
890 5357 1062 5413 modo
1102 5358 1401 5430 deceptus,
1436 5372 1529 5412 res
1560 5360 1760 5412 nostro
1791 5356 1849 5411 in

198 5444 455 5515 tempore
481 5451 708 5519 gestas,
742 5449 956 5518 praeter
983 5462 1160 5518 quam
1187 5449 1398 5502 exacta:
1429 5448 1590 5513 sunt,
1615 5462 1852 5501 narrare

200 5540 531 5604 praesumat,
552 5552 625 5592 ex
650 5534 749 5591 his
779 5534 998 5608 quibus
1019 5535 1277 5603 interfui,
1297 5534 1535 5590 tertium
1561 5532 1850 5590 Libellum

200 5626 260 5674 ut
287 5622 587 5694 adderem,
621 5624 918 5697 acquievi.

1881 4740 1929 4804 D
2031 4733 2232 4791 Prmlio
2264 4732 2522 4806 quidem,
2548 4736 2615 4785 ut
2635 4732 2940 4803 prmfatum
2963 4732 3070 4797 est,
3092 4732 3329 4785 strenue
3349 4730 3602 4799 peracto,

1961 4825 2101 4898 quid
2118 4824 2189 4879 de
2212 4821 2547 4895 palantibus
2569 4836 2843 4893 peragere
2856 4819 3185 4887 deberetur,
3204 4815 3606 4872 Ludhuwicus

1960 4918 2018 4970 et
2046 4912 2292 4967 Karolus
2322 4909 2381 4964 in
2414 4909 2618 4965 eodem
2658 4924 2865 4979 campo
2914 4906 3240 4962 deliberare
3286 4905 3600 4975 cmperunt.

1960 5003 2029 5058 Et
2049 5001 2289 5073 quidam
2321 4999 2403 5054 ita
2422 4996 2693 5070 correpti,
2720 4996 2990 5069 persequi
3019 4995 3216 5050 hostes
3243 4990 3600 5047 suadebant:

1961 5089 2201 5163 quidam
2233 5092 2449 5154 autem,
2484 5090 2543 5141 et
2592 5084 2846 5139 maxime
2894 5099 3079 5153 reges,
3114 5080 3458 5136 miserantes
3490 5075 3602 5129 fra-

1958 5179 2066 5235 tris
2091 5176 2419 5250 plebisquc,
2451 5178 2509 5230 et
2540 5178 2627 5228 ut»
2634 5172 2858 5243 judicio
2890 5171 3013 5237 Dei,
3048 5174 3105 5224 ct
3152 5168 3258 5222 hac
3309 5164 3481 5236 plaga
3511 5181 3605 5219 re-

1961 5265 2168 5340 pressi,
2201 5266 2274 5321 ab
2326 5263 2530 5335 iniqua
2581 5262 2899 5335 cupiditate
2948 5256 3374 5328 resipiscerent,
3403 5257 3461 5308 et
3490 5253 3606 5308 Deo

1959 5357 2232 5421 donante,
2267 5353 2540 5423 deinceps
2575 5348 2881 5406 unanimes
2902 5347 2960 5400 in
2981 5361 3117 5400 vera
3128 5342 3363 5416 justitia
3382 5340 3611 5398 deveni-

1960 5449 2108 5513 rent,
2141 5442 2254 5516 piis
2280 5440 2623 5506 visceribus,
2658 5437 2829 5493 solito
2863 5451 3043 5501 more,
3071 5434 3374 5506 Optabant.
3406 5433 3469 5487 In
3493 5448 3607 5503 quo

1960 5532 2191 5605 negotio
2224 5532 2323 5587 Dei
2358 5525 2776 5598 omnipotentis
2807 5522 3211 5579 misericordia
3232 5527 3299 5578 ut
3317 5520 3611 5594 praestola-

1960 5628 2140 5689 retur,
2176 5619 2518 5678 suadebant.
2555 5612 2778 5680 Quibus
2809 5616 3013 5669 caetera
3046 5611 3364 5670 multitudo
3407 5624 3607 5666 assen-
