4094 6186
531 265 621 339 83

1588 280 1970 348 NITHABDI
2015 282 2080 348 Β.
2126 283 2474 354 RIGHARII
2518 294 2876 365 ABBATIS.

3855 320 3933 387 64

529 420 763 491 ﬁentes,
797 438 833 478 a
860 415 1080 491 praelio,
1112 421 1170 474 et
1189 370 1395 490 praeda
1422 417 1839 519 discesserunt,
1858 422 1916 476 et
1931 419 2047 477 fere
2063 436 2181 526 med
2202 420 2262 491 Α
2288 422 2456 481 illum
2486 432 2662 503 venit,
2695 438 2796 492 sed
2845 443 2909 495 ut
2955 439 3040 497 illi
3088 461 3152 501 se
3200 452 3658 526 commendaret,
3693 461 3927 520 minime

522 777 911 845 admirabilis,
936 776 1054 832 imo
1085 777 1142 831 et
1174 774 1382 830 merito
1421 774 1697 831 notabilis
1748 775 2168 846 misericordia,

518 874 642 924 tam
674 883 874 939 regum
896 882 1076 937 quam
1099 867 1157 921 et
1178 863 1606 920 universorum.
1623 865 1769 920 Nam
1798 865 2042 921 diversis
2065 883 2167 939 pro

516 958 695 1015 rebus
719 956 876 1011 diem
909 954 1282 1010 Dominicum
1315 952 1457 1010 inibi
1492 958 1726 1011 acturos
1775 972 1837 1011 se
1880 955 2164 1012 delibera-

514 1050 672 1103 runt.
708 1047 771 1101 In
811 1061 951 1117 quo,
978 1043 1163 1099 missa
1212 1046 1464 1114 peracta,
1497 1043 1718 1100 amicos
1766 1048 1824 1100 et
1872 1045 2162 1120 inimicos,

512 1135 717 1193 ﬁdeles
728 1138 785 1192 et
798 1132 1063 1189 infideles
1077 1131 1295 1203 pariter
1307 1131 1619 1205 sepultura:
1636 1133 1970 1203 tradebant;
1990 1134 2163 1209 plaga

513 1226 926 1295 correptos,.ac
979 1220 1309 1287 semivivos,
1345 1222 1547 1277 eodem
1600 1223 1772 1278 modo
1819 1223 2043 1282 viribus
2092 1242 2161 1282 ex

514 1313 711 1370 animo
761 1311 1117 1367 refovebant.
1151 1310 1288 1366 Post
1337 1310 1465 1379 hos,
1496 1310 1596 1383 qui
1646 1310 1783 1384 fuga
1832 1320 2157 1386 evaserant,

512 1403 803 1459 miserunt
850 1400 1179 1464 offerentes,
1214 1399 1260 1455 si
1313 1399 1519 1455 reverti
1566 1416 1708 1456 sana
1758 1400 1871 1457 ﬁde
1919 1402 2154 1472 vellent,

508 1491 709 1550 omnia
737 1488 950 1546 delicta
979 1487 1220 1544 remitti.
1255 1488 1390 1543 Post
1427 1488 1547 1545 hzec
1595 1506 1782 1563 reges,
1815 1491 2150 1565 populique,

507 1597 684 1654 super
717 1579 893 1635 fratre
942 1575 1274 1651 populoque
1322 1576 1649 1634 Christiano
1700 1578 1984 1650 dolentes,
2016 1599 2152 1654 per-

2280 801 2611 873 emterique,
2670 818 2818 872 quos
2878 803 3122 860 Karolus
3179 807 3252 862 ad
3311 809 3564 869 Francos
3615 816 3922 892 direxerat,

2278 891 2427 946 scire
2454 889 2695 963 cupiens
2717 890 2768 946 si
2789 892 2859 946 ad
2882 890 3047 947 illum
3074 897 3275 951 reverti
3300 898 3531 957 vellent.
3560 904 3921 970 Carieiacum

2273 978 2572 1035 venientes
2602 996 2717 1051 quo
2745 979 2826 1034 illi
2859 984 2924 1035 ut
2950 983 3163 1039 missos
3193 984 3470 1059 dirigeret
3500 996 3924 1059 mandaverant

2274 1084 2597 1139 perpaucos
2628 1067 2855 1124 obviam
2881 1070 3217 1127 habuerunt
3239 1091 3251 1140 ;
3276 1076 3376 1147 qui
3408 1076 3517 1135 hoc
3547 1082 3848 1156 dicebant,
3873 1093 3920 1147 si

2270 1156 2426 1212 idem
2460 1157 2707 1213 Karolus
2754 1159 2823 1213 ad
2874 1176 3130 1232 praasens
3177 1168 3352 1233 esset,
3381 1168 3452 1223 ad
3504 1169 3673 1228 illum
3722 1180 3921 1236 venire

2270 1246 2513 1302 minime
2563 1247 2878 1302 differrent.
2924 1247 3106 1305 Aliter
3151 1256 3348 1309 autem
3398 1258 3624 1316 nescire
3681 1264 3921 1325 aiebant

2267 1340 2465 1391 utrum
2521 1336 2737 1391 viveret
2786 1353 2861 1392 an
2910 1354 3048 1394 non.
3079 1338 3450 1401 Jactaverant
3499 1350 3658 1406 enim
3701 1353 3787 1422 hi,
3816 1360 3917 1430 qui

2265 1426 2415 1497 parti
2468 1424 2739 1480 Lodharii
2799 1426 3219 1498 assentiebant,
3272 1431 3332 1488 in
3382 1435 3581 1505 praelia
3630 1424 3916 1505 Karolum

2263 1513 2563 1581 cecidisse,
2580 1514 3006 1571 Lodhuwicum
3026 1517 3421 1590 vulneratum,
3434 1528 3492 1581 et
3510 1527 3652 1601 fuga
3675 1530 3916 1605 lapsum

2240 1602 2472 1683 (abisse.
2497 1604 2858 1675 Quapropter
2886 1604 3285 1664 inconsultum
3318 1611 3569 1684 aiebant,
3584 1617 3645 1673 in
3667 1602 3929 1682 incertis-

505 1668 725 1727 mutari
757 1666 1063 1740 episcopos
1092 1669 1411 1771 cmperu'nt,
1445 1666 1587 1739 quid
1615 1685 1786 1768 agere
1814 1686 1993 1771 super
2039 1671 2150 1771 hoc
2240 1672 2433 1749 (rebus
2465 1666 2700 1764 aliqubd
2730 1666 2917 1750 fmdus
2947 1711 3081 1752 cum
3115 1666 3822 1769 quolibetvinﬂire’

501 1757 734 1830 negotio
764 1756 1066 1812 deberent.
1090 1755 1478 1819 Quamobrem
1507 1757 1818 1814 unanimes
1845 1760 1916 1815 ad
1950 1761 2142 1816 conci-

496 1846 643 1905 lium
661 1862 865 1901 omnes
888 1842 1145 1916 episcOpi
1167 1843 1921 1919 conﬂuunt,inventumque
1939 1848 1999 1905 in
2011 1866 2144 1906 con~

495 2113 600 2181 sit;
633 2128 700 2168 ac
730 2128 833 2185 per
861 2111 972 2167 hoc
1000 2108 1286 2165 immunis
1315 2109 1507 2166 omnis
1536 2111 1637 2167 Dei
1662 2112 1931 2170 minister
1952 2114 2011 2170 in
2030 2115 2139 2173 hoc

492 2199 724 2275 negotio
753 2198 978 2266 haberi,
1011 2204 1135 2255 tam
1163 2215 1371 2255 suasor
1399 2215 1576 2271 quam
1606 2201 1860 2270 effector,
1879 2204 2133 2261 deberet.

485 2291 561 2348 At
577 2289 917 2364 quicunque
931 2286 1205 2344 conscius
1221 2286 1331 2343 sibi
1352 2291 1454 2343 aut
1468 2287 1685 2356 ira,aut
1703 2290 1968 2360 odio,aut
1986 2310 2137 2350 vana

485 2379 805 2455 gloria,aut
828 2380 982 2434 certe
1010 2375 1273 2449 quolibet
1299 2375 1439 2432 vitio
1470 2377 1828 2448 quiddamin
1841 2379 1948 2436 hac
1964 2398 2131 2454 expc-

483 2469 705 2526 ditione
732 2465 1032 2533 suasit,vel
1062 2465 1426 2540 gessit,esset
1453 2481 1585 2522 vere
1615 2468 1920 2526 confessus
1945 2488 2130 2527 secre-

480 2561 561 2627 te,
592 2556 799 2615 secreti
821 2555 1038 2624 delicti,
1061 2560 1120 2613 et
1141 2556 1466 2612 secundum
1495 2557 1737 2613 modum
1767 2557 1950 2630 culpae
1970 2560 2131 2633 diju-

482 2645 792 2703 dicaretur.
834 2645 1253 2701 Verumtamen
1313 2644 1372 2699 in
1422 2646 1790 2702 veneratione
1841 2664 1907 2704 ac
1954 2648 2130 2706 laude

481 2738 655 2792 tantae
686 2731 1488 2807 declarationisjustitim,pro
1513 2735 1875 2808 remissione,
1899 2738 2127 2795 delictis

480 2827 848 2883 mortuorum
882 2823 1131 2879 fratrum
1161 2838 1404 2879 suorum
1427 2822 1509 2893 (in
1531 2840 1598 2881 eo
1619 2827 1776 2898 quod
1801 2826 2122 2899 imperfecti

476 2913 733 2988 peccatis
762 2911 1284 2969 intervenientibus
1310 2930 1372 2970 se
1402 2919 1701 2981 noverant,
1732 2919 1799 2973 ut
1828 2917 1886 2971 in
1920 2916 2123 2973 multis

472 3003 732 3060 volente
753 3001 1136 3072 nolentesque
1160 3000 1597 3073 delinquebant)
1611 3004 1695 3059 uti
1710 3022 1816 3060 suo
1830 3006 1900 3062 ad
1898 3007 1923 3078 j
1932 3006 2121 3063 utorio

473 3088 1811 3160 abhisexutiliberarentur.lnsuperautem,uti
1835 3093 2119 3150 hactenus

471 3175 537 3231 in
555 3175 793 3246 justitia
821 3175 1053 3246 adjutor
1081 3179 1139 3229 et
1167 3176 1590 3246 protectorillis
1614 3179 1768 3235 Deus
1787 3181 2119 3251 exstitit,itu
2147 3161 2192 3230 CI

470 3266 527 3319 et
555 3263 829 3334 deinceps
859 3262 1079 3334 ubique
1108 3262 1395 3318 existeret.
1434 3264 1658 3337 Proque
1698 3267 1792 3324 his
1841 3270 2115 3329 omnibus

469 3352 810 3408 triduanum
823 3349 1121 3421 jejunium
1145 3349 1499 3423 injunctum,
1521 3353 1759 3427 imoque
1778 3355 2028 3415 libenter
2048 3379 2115 3417 ac

466 3440 692 3498 celebre
721 3438 1077 3496 celebratum
1106 3442 1215 3494 est.

537 3529 640 3585 His
668 3528 751 3585 ita
775 3528 951 3584 rebus
981 3526 1252 3599 peractis,
1285 3528 1686 3588 Ludhuwicus
1731 3536 1795 3588 ut
1842 3535 2110 3595 Rhenum

466 3616 973 3690 peteret.decrevit
997 3632 1010 3672 :
1032 3614 1284 3673 Karolus
1304 3621 1498 3673 autem
1521 3618 1765 3676 diversis
1785 3640 1890 3695 pro
1914 3625 2110 3697 rebus,

461 3709 520 3764 et
548 3706 804 3763 maxime
830 3710 1069 3779 propter
1098 3705 1430 3779 Pippinum,
1451 3712 1516 3763 ut
1535 3706 1703 3765 illum
1726 3710 1840 3766 sibi
1861 3714 2111 3772 subdere

460 3798 744 3868 studeret,
776 3798 836 3854 in
864 3797 1242 3870 Aquitaniam
1284 3801 1350 3853 ut
1395 3798 1881 3871 proficisceretur,
1913 3808 2108 3861 ratum

458 3887 642 3944 duxit.
676 3888 824 3943 Nam
853 3886 1185 3943 Bernardus
1206 3887 1324 3942 dux
1345 3887 1741 3961 Septimaniae,
1767 3907 2106 3965 quanquam

458 3975 628 4033 eloco
645 3975 906 4047 praedicti
923 3974 1101 4047 praalii
1121 3974 1253 4047 plus
1271 3976 1469 4035 minus
1489 3977 1690 4035 leuvas
1702 3982 1819 4035 tres
1832 3981 2105 4052 defuerit,

459 4062 647 4116 neutri
682 4061 740 4116 in
771 4062 883 4117 hoc
903 4063 1134 4135 negotio
1158 4064 1633 4136 supplementum
1651 4067 2103 4129 fuit.Victoriam

457 4152 654 4205 autem
674 4153 740 4203 ut
756 4148 949 4205 Karoli
967 4166 1096 4205 esse
1112 4150 1339 4218 didicit,
1353 4153 1539 4210 filium
1552 4174 1728 4211 suum
1741 4158 2103 4217 Willelmum

456 4237 529 4292 ad
588 4235 757 4291 illum
815 4236 1045 4293 direxit.
1079 4238 1149 4292 Et
1198 4238 1248 4292 si
1301 4239 1574 4309 honores,
1622 4260 1769 4314 quos
1827 4246 1981 4303 idem
2042 4249 2101 4304 in

455 4324 795 4395 Burgundia
837 4323 1068 4393 habuit,
1101 4325 1291 4381 eidem
1338 4326 1554 4384 donare
1602 4328 1794 4399 vellet,
1829 4337 1895 4387 ut
1924 4352 1987 4390 se
2017 4335 2101 4392 illi

453 4413 913 4481 commendaret,
946 4413 1240 4486 praecepit.
1269 4413 1515 4488 Insuper
1534 4417 1801 4488 jactabat
1822 4437 1883 4476 se
1905 4440 2099 4494 posse,

451 4519 677 4558 necnon
708 4506 766 4558 et
804 4502 1017 4570 aiebat,
1051 4504 1206 4575 quod
1260 4502 1571 4576 Pippinum
1621 4523 1739 4562 una
1787 4525 1921 4565 cum
1974 4513 2099 4569 suis
2129 4526 2176 4593 ι)

452 4589 658 4645 Karolo
676 4591 887 4646 fcedere
909 4608 1025 4663 quo
1044 4589 1260 4647 valeret
1282 4592 1429 4647 subd
1439 4608 1532 4649 ere
1545 4593 1926 4663 vellet.Quam
1940 4599 2096 4674 lega-

448 4677 669 4736 tionem
693 4679 942 4752 benigne
963 4680 1272 4752 cxcepit,et
1285 4680 1441 4737 sicut
1451 4683 1846 4752 postulaverat
1857 4705 1960 4759 per
1978 4707 2096 4747 om-

449 4765 869 4823 nia‘ooncessit
904 4783 917 4823 :
951 4784 1198 4825 monens
1230 4773 1294 4823 ut
1323 4769 1395 4825 de
1425 4769 1668 4844 Pippino
1690 4778 1746 4828 et
1765 4774 1910 4843 suis,
1936 4782 2093 4851 quod

447 4854 924 4929 promiserant,in
936 4860 1226 4927 quantum
1251 4862 1545 4929 posset,ut
1564 4861 2095 4940 perﬁceretur,ope-

446 4958 573 4998 ram
605 4941 1064 5014 daret.Cumque
1091 4944 1335 5000 adversa
1364 4946 1623 5018 undique
1646 4950 1925 5023 propulsa
1943 4954 2092 5013 vide-

446 5036 742 5101 rentur,ac
760 5048 895 5105 spes
911 5033 1319 5104 prosperitatis
1333 5033 1546 5106 cuique
1558 5036 1693 5094 hinc
1705 5038 1841 5096 inde
1854 5042 2095 5115 faveret,

448 5118 846 5177 Lodhuwicus
877 5137 1010 5176 cum
1033 5120 1159 5175 suis
1184 5121 1451 5177 Rhenum
1476 5124 1662 5194 petiit,
1686 5128 1929 5187 Karolus
1958 5151 2090 5191 vero

444 5221 564 5261 una
592 5224 725 5262 cum
760 5214 944 5266 matre
976 5208 1229 5282 Ligerim
1261 5210 1425 5264 adiit.
1461 5211 1572 5268 Res
1610 5220 1805 5273 autem
1856 5221 2091 5291 publica

442 5291 831 5354 inconsultius
862 5316 1039 5370 quam
1069 5302 1361 5372 oporteret
1388 5300 1628 5370 omissa,
1652 5320 1766 5375 quo
1795 5323 2089 5384 quemque

439 5381 711 5439 voluntas
740 5388 954 5457 rapuit,
988 5387 1260 5459 perfacile
1297 5387 1554 5446 omissus
1584 5391 1892 5452 abscessit.
1926 5381 2088 5465 Quod

374 5526 380 5531 ,
444 5470 682 5542 quidem
716 5473 996 5544 Pippinus
1029 5477 1295 5545 audiens,
1330 5478 1502 5550 paulo
1533 5484 1668 5536 ante
1691 5482 2088 5547 desideratum

442 5574 579 5619 cum
609 5558 710 5618 illo
742 5560 932 5619 foedus
963 5562 1109 5621 inire
1138 5566 1727 5628 distulit.Bernardus
1749 5572 1985 5646 quidem
2016 5579 2088 5635 ad

2172 1793 2222 1862 B
2257 1780 2647 1849 Guntboldus,
2680 1783 2989 1855 caeterique
3035 1787 3367 1858 coadunati,
3402 1808 3583 1866 supra
3632 1802 3913 1869 praefatos

2256 1869 2448 1927 Karoli
2502 1870 2716 1928 missos
2773 1871 2995 1929 irruere
3043 1891 3106 1930 se
3152 1876 3549 1953 simulabant;
3593 1891 3652 1942 et
3700 1891 3913 1965 utique

2246 2137 2436 2194 tocius
2484 2143 2700 2210 posset,
2733 2139 2929 2197 venire
2975 2146 3287 2218 satageret,
3329 2154 3619 2222 quatenus
3667 2137 3755 2214 οι-
3778 2159 3905 2220 illis

2244 2221 2605 2298 adjutorium
2638 2230 2954 2317 praeberet;
2987 2234 3046 2287 et
3072 2232 3120 2289 si
3154 2221 3380 2305 Franci,
3414 2241 3498 2296 uti
3527 2242 3789 2317 aiebant,
3824 2254 3903 2309 ad

2243 2315 2409 2371 illum
2439 2317 2635 2373 venire
2662 2316 2894 2386 vellent,
2920 2319 3069 2376 scire
3099 2329 3316 2394 posset.
3343 2326 3459 2400 Ipsi
3481 2348 3614 2389 vero
3648 2315 3905 2397 Parisia-

2240 2421 2368 2461 cam
2400 2406 2691 2462 civitatem
2724 2407 2961 2475 adeunt,
2993 2410 3307 2470 adventum
3346 2416 3539 2475 Karoli
3584 2428 3902 2495 praestola-

2239 2495 2549 2561 turi.Quod
2579 2511 2713 2551 cum
2745 2496 2953 2553 Karolo
2984 2500 3373 2572 nuntiaretur,
3403 2511 3674 2579 protinus
3704 2514 3803 2573 his
3831 2519 3897 2576 in

2239 2583 2506 2656 partibus
2536 2585 2647 2639 iter
2672 2584 2900 2641 direxit.
2933 2588 3017 2643 Ad
3061 2589 3395 2663 Sequanam
3427 2601 3625 2657 autem
3658 2607 3727 2659 ut
3756 2623 3896 2679 pcr-

2235 2672 2412 2741 venit,
2444 2671 2843 2729 Adhelardum
2874 2691 2993 2731 una
3024 2693 3158 2734 cum
3191 2684 3419 2740 cceteris
3462 2685 3523 2743 in
3572 2671 3897 2762 Spedo-nna

2234 2761 2464 2816 obviam
2496 2760 2721 2817 habuit.
2754 2764 2825 2819 Et
2854 2781 3192 2855 quanquam
3224 2777 3461 2844 propter
3503 2760 3890 2855 conventum,

2233 2849 2388 2920 quod
2419 2864 2554 2905 cum
2585 2849 2760 2905 fratre
2791 2851 2849 2906 in
2884 2852 3261 2924 Lingonicam
3302 2860 3507 2919 urbem
3556 2867 3685 2923 Kal.
3718 2849 3887 2945 Sept.

2232 2937 2588 3006 condixerat,
2649 2938 2927 3011 quoniam
2987 2943 3355 3017 imminebat,
3412 2954 3627 3013 anxius
3674 2937 3884 3018 esset:

2231 3031 2425 3083 ratum
2457 3027 2643 3095 duxit,
2674 3033 2740 3083 ut
2770 3029 2977 3086 saltem
3009 3033 3184 3090 citato
3216 3053 3392 3095 cursu
3423 3057 3525 3113 per
3545 3046 3752 3105 urbem
3782 3052 3891 3108 Be-

2229 3114 2582 3185 luacensem,
2618 3133 2683 3173 ac
2712 3118 2923 3175 deinde
2950 3137 3052 3192 per
3079 3122 3502 3197 Compiendum
3535 3138 3594 3189 et
3613 3135 3886 3199 Suessio-

2229 3204 2495 3272 nes,hinc
2524 3222 2627 3277 per
2655 3206 3042 3265 Rhemensem
3074 3216 3134 3266 et
3153 3213 3632 3291 Cadelonensem,
3666 3225 3887 3300 Lingo.

2225 3292 2415 3349 nicum
2448 3298 2669 3365 peteret
2697 3296 2935 3365 urbem;
2969 3304 3259 3370 quatenus
3289 3320 3356 3360 eo
3386 3310 3582 3365 tenore
3614 3292 3877 3388 id,qnbd

2223 3398 2357 3437 cum
2372 3381 2547 3438 fratre
2559 3387 2843 3440 statuerat
2860 3385 3166 3446 observare
3187 3393 3531 3466 studeret,et
3549 3400 3597 3455 si
3622 3381 3882 3474 quilibet

2220 3485 2254 3526 ο
2283 3469 2521 3527 Francis
2550 3470 2623 3526 ad
2644 3470 2811 3528 illum
2831 3474 3027 3530 venire
3050 3476 3239 3548 vellet,
3263 3488 3481 3553 posset.
3508 3469 3879 3551 Francia/ero

2219 3559 2487 3615 eamdem
2518 3561 3077 3653 paucitatem,quam
3111 3570 3168 3622 et
3194 3571 3472 3641 Aquitani
3503 3586 3875 3653 spreverant,

2220 3651 2581 3718 spernentes,
2613 3649 2790 3705 variis
2824 3650 3158 3710 fictionibus
3206 3657 3289 3712 illi
3344 3677 3405 3717 se
3452 3680 3558 3735 per
3606 3649 3876 3738 praesens

2218 3735 2469 3791 subdere
2490 3736 2866 3808 distulerunt,
2891 3742 3054 3832 Quod
3076 3749 3142 3799 ut
3162 3745 3407 3806 Karolus
3426 3735 3717 3826 cognovit,
3724 3776 3877 3832 prae-

2218 3823 2403 3879 fatum
2431 3824 2539 3880 iter
2563 3826 2884 3884 accelerare
2913 3831 3105 3903 cmpit.
3138 3833 3402 3910 Cumque
3447 3823 3871 3906 Sdessonicam

2218 3915 2440 3985 peteret
2469 3915 2694 3983 urbem,
2724 3919 2994 3974 monachi
3027 3922 3099 3977 de
3128 3931 3330 3983 sancto
3362 3930 3638 3990 Medardo
3664 3953 3870 3995 occun

2214 4005 2420 4056 rerunt
2447 4000 2552 4069 illi,
2587 4003 2964 4074 deprecantes
2995 4014 3062 4064 ut
3091 4027 3330 4085 corpora
3369 4024 3707 4079 sanctorum
3743 4027 3868 4084 Mc-

2213 4089 2401 4157 dardi,
2434 4090 2786 4160 Sebastiani,
2818 4094 3101 4169 Gregorii,
3135 4100 3414 4175 Tiburcii,
3450 4108 3602 4165 Petri
3635 4117 3697 4168 et
3716 4114 3872 4172 Man

2211 4177 2427 4247 cellini,
2461 4178 2650 4249 Marii,
2680 4182 2936 4252 Martha),
2986 4187 3234 4246 Audifax
3275 4198 3333 4249 et
3378 4197 3633 4268 Abacuc,
3662 4202 3865 4262 Hone—

2212 4267 2367 4336 simi,
2403 4268 2700 4325 Meresinzn
2749 4276 2805 4326 et
2851 4273 3166 4344 Leocadize,
3217 4281 3486 4354 Mariani,
3532 4288 3773 4365 Pelagii,
3803 4301 3881 4351 et

2211 4355 2418 4424 Mauri,
2456 4356 2707 4413 Floriani
2739 4375 2874 4415 cum
2913 4379 3013 4419 sex
3058 4366 3340 4428 fratribus
3388 4374 3533 4445 suis,
3568 4355 3863 4453 Gildardi,

2209 4441 2430 4511 Serani,
2456 4448 2513 4499 et
2539 4445 2741 4501 domni
2774 4448 3022 4523 Remigii
3052 4441 3547 4533 Rothomagorum
3573 4441 3862 4543 archiepi:

2207 4531 2387 4601 scopi,
2412 4530 2472 4586 in
2503 4532 2829 4604 basilicam,
2857 4539 2953 4593 ubi
2977 4558 3134 4599 nunc
3155 4530 3690 4625 quiescunt,etjam
3713 4530 3860 4616 tunc

2209 4620 2465 4675 maxima
2494 4637 2563 4676 ex
2584 4627 2745 4689 parte
2776 4626 3059 4685 aediﬁcata
3089 4638 3231 4703 erat,
3256 4620 3858 4711 transferretouibus

2201 4885 2426 4942 ratione
2454 4888 2776 4946 transtulit.
2813 4891 3056 4965 Insuper
3080 4901 3137 4953 et
3164 4899 3522 4978 villam,qua3
3546 4908 3858 4969 Barnacba

2200 4972 2620 5043 dicitur,rebus
2634 4978 2899 5049 ejusdem
2916 4983 3171 5042 ecclesiae
3194 5005 3297 5060 per
3317 4972 3573 5051 edictum
3595 4993 3869 5058 addidit;-

2199 5060 2301 5117 His
2320 5061 2404 5120 Ita
2434 5066 2703 5137 peractis,
2735 5069 3122 5130 Rhemensem
3144 5078 3351 5136 urbem
3370 5082 3690 5155 petiit.Quo
3712 5104 3851 5147 cum

2198 5151 2476 5222 venisset,
2506 5156 2781 5213 nuntium
2841 5162 3076 5234 recepit,
3117 5169 3272 5237 quod
3322 5151 3725 5235 Lodhuwious
3776 5181 3849 5236 ad

2199 5245 2569 5311 conventum,
2602 5247 2758 5317 quod
2790 5248 2850 5303 in
2893 5250 3271 5325 Lingonicam
3321 5262 3524 5318 urbem
3573 5264 3851 5326 condixe.

2200 5333 2350 5397 rant,
2385 5332 2579 5388 venire
2629 5351 2744 5389 non
2802 5344 3021 5411 posset,
3073 5359 3141 5400 eo
3190 5348 3346 5417 quod
3408 5350 3740 5412 Lodharlus
3788 5356 3850 5415 in

2199 5432 2443 5489 regnum
2476 5420 2634 5476 illius
2659 5422 2855 5480 hostili
2882 5444 3060 5487 manu
3083 5432 3305 5493 irruere
3321 5437 3515 5496 vellet.
3539 5441 3852 5504 Mandave-

2199 5506 2517 5563 rantetiam
2531 5508 2644 5564 huc
2657 5515 2981 5573 avunculus
3000 5520 3132 5591 ejus
3150 5541 3375 5582 necnon
3398 5533 3455 5584 et
3479 5529 3849 5593 Gislebertus

2199 5609 2393 5651 comes
2444 5597 2912 5660 Mansuariorum
2961 5608 3505 5688 (Mausuariorum),
3537 5618 3586 5677 si
3634 5621 3696 5678 in
3730 5624 3850 5684 illis
