  <div class='ocr_page' id='page_1' title='image "/cluster/home/n/w/nwhite01/storage/ocr_20150623/116/hvd.32044054759808/038.png"; bbox 0 0 4120 6184; ppageno 0'>
   <div class='ocr_carea' id='block_1_1' title="bbox 202 338 3617 422">
    <p class='ocr_par' dir='ltr' id='par_1_1' title="bbox 202 338 3617 422">
     <span class='ocr_line' id='line_1_1' title="bbox 202 338 3617 422; baseline 0.006 -22"><span class='ocrx_word' id='word_1_1' title='bbox 202 338 281 400; x_wconf 75' lang='lat'>65</span> <span class='ocrx_word' id='word_1_2' title='bbox 792 338 893 406; x_wconf 84' lang='lat' dir='ltr'>DE</span> <span class='ocrx_word' id='word_1_3' title='bbox 937 338 1581 410; x_wconf 83' lang='lat' dir='ltr'>DISSENSIONIBUS</span> <span class='ocrx_word' id='word_1_4' title='bbox 1626 338 2010 411; x_wconf 74' lang='lat' dir='ltr'>FILIORUM</span> <span class='ocrx_word' id='word_1_5' title='bbox 2054 346 2420 421; x_wconf 73' lang='lat' dir='ltr'>LUDOVICI</span> <span class='ocrx_word' id='word_1_6' title='bbox 2462 343 2595 413; x_wconf 85' lang='lat' dir='ltr'>PII.</span> <span class='ocrx_word' id='word_1_7' title='bbox 2629 383 2707 397; x_wconf 89' lang='lat'><strong>-</strong></span> <span class='ocrx_word' id='word_1_8' title='bbox 2739 346 2884 416; x_wconf 84' lang='lat' dir='ltr'>LIB.</span> <span class='ocrx_word' id='word_1_9' title='bbox 2931 348 3037 419; x_wconf 86' lang='lat' dir='ltr'>III.</span> <span class='ocrx_word' id='word_1_10' title='bbox 3538 354 3617 422; x_wconf 72' lang='grc'><strong>66</strong></span> 
     </span>
    </p>
   </div>
   <div class='ocr_carea' id='block_1_2' title="bbox 202 475 3619 564">
    <p class='ocr_par' dir='ltr' id='par_1_2' title="bbox 202 475 3619 564">
     <span class='ocr_line' id='line_1_2' title="bbox 202 475 3619 564; baseline 0.006 -35"><span class='ocrx_word' id='word_1_11' title='bbox 202 476 474 548; x_wconf 75' lang='lat' dir='ltr'>partibus</span> <span class='ocrx_word' id='word_1_12' title='bbox 505 475 689 547; x_wconf 86' lang='lat' dir='ltr'>iisset,</span> <span class='ocrx_word' id='word_1_13' title='bbox 723 478 797 536; x_wconf 84' lang='lat' dir='ltr'>ad</span> <span class='ocrx_word' id='word_1_14' title='bbox 828 477 998 537; x_wconf 87' lang='lat' dir='ltr'>illum</span> <span class='ocrx_word' id='word_1_15' title='bbox 1029 496 1092 545; x_wconf 87' lang='lat' dir='ltr'>se</span> <span class='ocrx_word' id='word_1_16' title='bbox 1123 498 1242 538; x_wconf 89' lang='lat' dir='ltr'>una</span> <span class='ocrx_word' id='word_1_17' title='bbox 1291 498 1426 539; x_wconf 88' lang='lat' dir='ltr'>cum</span> <span class='ocrx_word' id='word_1_18' title='bbox 1470 482 1700 541; x_wconf 59' lang='lat' dir='ltr'>secteris</span> <span class='ocrx_word' id='word_1_19' title='bbox 1730 499 1857 540; x_wconf 84' lang='lat' dir='ltr'>esse</span> <span class='ocrx_word' id='word_1_20' title='bbox 1884 484 1941 555; x_wconf 79' lang='grc' dir='ltr'><strong>Α</strong></span> <span class='ocrx_word' id='word_1_21' title='bbox 1972 482 2297 541; x_wconf 87' lang='lat' dir='ltr'>Lodharius</span> <span class='ocrx_word' id='word_1_22' title='bbox 2316 487 2633 543; x_wconf 82' lang='lat' dir='ltr'>transitum</span> <span class='ocrx_word' id='word_1_23' title='bbox 2651 487 2795 545; x_wconf 80' lang='lat' dir='ltr'>inibi</span> <span class='ocrx_word' id='word_1_24' title='bbox 2816 488 3081 562; x_wconf 66' lang='lat' dir='ltr'>undique</span> <span class='ocrx_word' id='word_1_25' title='bbox 3097 489 3210 548; x_wconf 88' lang='lat' dir='ltr'>sibi</span> <span class='ocrx_word' id='word_1_26' title='bbox 3232 489 3619 564; x_wconf 67' lang='lat' dir='ltr'>prohibitum,</span> 
     </span>
    </p>
   </div>
   <div class='ocr_carea' id='block_1_3' title="bbox 190 567 504 622">
    <p class='ocr_par' dir='ltr' id='par_1_3' title="bbox 190 567 504 622">
     <span class='ocr_line' id='line_1_3' title="bbox 190 567 504 622; baseline -0.003 -3"><span class='ocrx_word' id='word_1_27' title='bbox 190 567 504 622; x_wconf 76' lang='lat' dir='ltr'>.venturos.</span> 
     </span>
    </p>
   </div>
   <div class='ocr_carea' id='block_1_4' title="bbox 275 653 1858 733">
    <p class='ocr_par' dir='ltr' id='par_1_4' title="bbox 275 653 1858 733">
     <span class='ocr_line' id='line_1_4' title="bbox 275 653 1858 733; baseline 0.005 -24"><span class='ocrx_word' id='word_1_28' title='bbox 275 653 427 726; x_wconf 78' lang='lat' dir='ltr'>Ergo</span> <span class='ocrx_word' id='word_1_29' title='bbox 462 659 581 711; x_wconf 87' lang='lat' dir='ltr'>tam</span> <span class='ocrx_word' id='word_1_30' title='bbox 615 674 720 729; x_wconf 89' lang='lat' dir='ltr'>pro</span> <span class='ocrx_word' id='word_1_31' title='bbox 741 658 940 714; x_wconf 75' lang='lat' dir='ltr'>fratris</span> <span class='ocrx_word' id='word_1_32' title='bbox 972 659 1283 731; x_wconf 78' lang='lat' dir='ltr'>adjutorio,</span> <span class='ocrx_word' id='word_1_33' title='bbox 1307 677 1486 733; x_wconf 89' lang='lat' dir='ltr'>quam</span> <span class='ocrx_word' id='word_1_34' title='bbox 1509 666 1567 718; x_wconf 89' lang='lat' dir='ltr'>et</span> <span class='ocrx_word' id='word_1_35' title='bbox 1589 665 1654 717; x_wconf 91' lang='lat' dir='ltr'>ut</span> <span class='ocrx_word' id='word_1_36' title='bbox 1672 662 1858 729; x_wconf 84' lang='lat' dir='ltr'>hos,si</span> 
     </span>
    </p>
   </div>
   <div class='ocr_carea' id='block_1_5' title="bbox 202 741 1859 821">
    <p class='ocr_par' dir='ltr' id='par_1_5' title="bbox 202 741 1859 821">
     <span class='ocr_line' id='line_1_5' title="bbox 202 741 1859 821; baseline 0.005 -25"><span class='ocrx_word' id='word_1_37' title='bbox 202 742 275 797; x_wconf 77' lang='lat' dir='ltr'>ad</span> <span class='ocrx_word' id='word_1_38' title='bbox 292 741 466 799; x_wconf 80' lang='lat' dir='ltr'>ilium</span> <span class='ocrx_word' id='word_1_39' title='bbox 497 744 691 802; x_wconf 85' lang='lat' dir='ltr'>venire</span> <span class='ocrx_word' id='word_1_40' title='bbox 716 745 947 818; x_wconf 76' lang='lat' dir='ltr'>vellent,</span> <span class='ocrx_word' id='word_1_41' title='bbox 967 748 1222 821; x_wconf 81' lang='lat' dir='ltr'>recipere</span> <span class='ocrx_word' id='word_1_42' title='bbox 1246 754 1463 821; x_wconf 82' lang='lat' dir='ltr'>posset,</span> <span class='ocrx_word' id='word_1_43' title='bbox 1483 750 1555 806; x_wconf 91' lang='lat' dir='ltr'>ad</span> <span class='ocrx_word' id='word_1_44' title='bbox 1578 752 1859 807; x_wconf 89' lang='lat' dir='ltr'>Sanctum</span> 
     </span>
    </p>
   </div>
   <div class='ocr_carea' id='block_1_6' title="bbox 204 831 1862 911">
    <p class='ocr_par' dir='ltr' id='par_1_6' title="bbox 204 831 1862 911">
     <span class='ocr_line' id='line_1_6' title="bbox 204 831 1862 911; baseline 0.005 -25"><span class='ocrx_word' id='word_1_45' title='bbox 204 831 553 897; x_wconf 88' lang='lat' dir='ltr'>Quintinum</span> <span class='ocrx_word' id='word_1_46' title='bbox 588 834 697 890; x_wconf 90' lang='lat' dir='ltr'>iter</span> <span class='ocrx_word' id='word_1_47' title='bbox 724 835 1092 903; x_wconf 80' lang='lat' dir='ltr'>direxit.Quo</span> <span class='ocrx_word' id='word_1_48' title='bbox 1115 838 1352 910; x_wconf 83' lang='lat' dir='ltr'>quidem</span> <span class='ocrx_word' id='word_1_49' title='bbox 1381 838 1862 911; x_wconf 84' lang='lat' dir='ltr'>Hugonem,sicut</span> 
     </span>
    </p>
   </div>
   <div class='ocr_carea' id='block_1_7' title="bbox 203 921 1862 1000">
    <p class='ocr_par' dir='ltr' id='par_1_7' title="bbox 203 921 1862 1000">
     <span class='ocr_line' id='line_1_7' title="bbox 203 921 1862 1000; baseline 0.006 -25"><span class='ocrx_word' id='word_1_50' title='bbox 203 921 609 991; x_wconf 76' lang='lat' dir='ltr'>mandaverat,</span> <span class='ocrx_word' id='word_1_51' title='bbox 641 923 873 979; x_wconf 91' lang='lat' dir='ltr'>obviam</span> <span class='ocrx_word' id='word_1_52' title='bbox 905 925 1134 992; x_wconf 81' lang='lat' dir='ltr'>habuit,</span> <span class='ocrx_word' id='word_1_53' title='bbox 1162 931 1219 981; x_wconf 89' lang='lat' dir='ltr'>et</span> <span class='ocrx_word' id='word_1_54' title='bbox 1248 927 1385 983; x_wconf 90' lang='lat' dir='ltr'>inde</span> <span class='ocrx_word' id='word_1_55' title='bbox 1415 928 1475 983; x_wconf 90' lang='lat' dir='ltr'>in</span> <span class='ocrx_word' id='word_1_56' title='bbox 1506 932 1702 1000; x_wconf 87' lang='lat' dir='ltr'>partes</span> <span class='ocrx_word' id='word_1_57' title='bbox 1724 930 1862 985; x_wconf 88' lang='lat' dir='ltr'>Tra-</span> 
     </span>
    </p>
   </div>
   <div class='ocr_carea' id='block_1_8' title="bbox 196 1010 1861 1086">
    <p class='ocr_par' dir='ltr' id='par_1_8' title="bbox 196 1010 1861 1086">
     <span class='ocr_line' id='line_1_8' title="bbox 196 1010 1861 1086; baseline 0.005 -22"><span class='ocrx_word' id='word_1_58' title='bbox 196 1010 339 1082; x_wconf 85' lang='lat' dir='ltr'>jecti</span> <span class='ocrx_word' id='word_1_59' title='bbox 380 1010 494 1066; x_wconf 90' lang='lat' dir='ltr'>iter</span> <span class='ocrx_word' id='word_1_60' title='bbox 522 1012 753 1068; x_wconf 81' lang='lat' dir='ltr'>direxit.</span> <span class='ocrx_word' id='word_1_61' title='bbox 789 1013 1114 1071; x_wconf 87' lang='lat' dir='ltr'>Lodharius</span> <span class='ocrx_word' id='word_1_62' title='bbox 1145 1022 1342 1072; x_wconf 88' lang='lat' dir='ltr'>autem</span> <span class='ocrx_word' id='word_1_63' title='bbox 1374 1022 1439 1072; x_wconf 91' lang='lat' dir='ltr'>ut</span> <span class='ocrx_word' id='word_1_64' title='bbox 1466 1016 1588 1073; x_wconf 60' lang='lat' dir='ltr'>haec</span> <span class='ocrx_word' id='word_1_65' title='bbox 1618 1017 1861 1086; x_wconf 88' lang='lat' dir='ltr'>audivit,</span> 
     </span>
    </p>
   </div>
   <div class='ocr_carea' id='block_1_9' title="bbox 202 1099 1859 1179">
    <p class='ocr_par' dir='ltr' id='par_1_9' title="bbox 202 1099 1859 1179">
     <span class='ocr_line' id='line_1_9' title="bbox 202 1099 1859 1179; baseline 0.004 -23"><span class='ocrx_word' id='word_1_66' title='bbox 202 1099 427 1157; x_wconf 88' lang='lat' dir='ltr'>omisso</span> <span class='ocrx_word' id='word_1_67' title='bbox 458 1101 844 1174; x_wconf 87' lang='lat' dir='ltr'>Lodhuwico,</span> <span class='ocrx_word' id='word_1_68' title='bbox 869 1120 1044 1175; x_wconf 87' lang='lat' dir='ltr'>quem</span> <span class='ocrx_word' id='word_1_69' title='bbox 1076 1104 1250 1177; x_wconf 87' lang='lat' dir='ltr'>paulo</span> <span class='ocrx_word' id='word_1_70' title='bbox 1282 1111 1416 1162; x_wconf 90' lang='lat' dir='ltr'>ante</span> <span class='ocrx_word' id='word_1_71' title='bbox 1448 1106 1718 1179; x_wconf 90' lang='lat' dir='ltr'>persequi</span> <span class='ocrx_word' id='word_1_72' title='bbox 1740 1111 1859 1164; x_wconf 91' lang='lat' dir='ltr'>sta-</span> 
     </span>
    </p>
   </div>
   <div class='ocr_carea' id='block_1_10' title="bbox 201 1191 1863 1267">
    <p class='ocr_par' dir='ltr' id='par_1_10' title="bbox 201 1191 1863 1267">
     <span class='ocr_line' id='line_1_10' title="bbox 201 1191 1863 1267; baseline 0.005 -23"><span class='ocrx_word' id='word_1_73' title='bbox 201 1193 422 1255; x_wconf 88' lang='lat' dir='ltr'>tuerat,</span> <span class='ocrx_word' id='word_1_74' title='bbox 440 1207 475 1245; x_wconf 86' lang='lat' dir='ltr'>a</span> <span class='ocrx_word' id='word_1_75' title='bbox 490 1191 821 1246; x_wconf 86' lang='lat' dir='ltr'>Warmacia</span> <span class='ocrx_word' id='word_1_76' title='bbox 837 1191 906 1247; x_wconf 84' lang='lat' dir='ltr'>ad</span> <span class='ocrx_word' id='word_1_77' title='bbox 925 1199 1297 1266; x_wconf 89' lang='lat' dir='ltr'>conventum,</span> <span class='ocrx_word' id='word_1_78' title='bbox 1312 1196 1466 1267; x_wconf 91' lang='lat' dir='ltr'>quod</span> <span class='ocrx_word' id='word_1_79' title='bbox 1494 1197 1564 1252; x_wconf 88' lang='lat' dir='ltr'>ad</span> <span class='ocrx_word' id='word_1_80' title='bbox 1589 1195 1863 1253; x_wconf 89' lang='lat' dir='ltr'>Teotonis</span> 
     </span>
    </p>
   </div>
   <div class='ocr_carea' id='block_1_11' title="bbox 202 1277 1864 1357">
    <p class='ocr_par' dir='ltr' id='par_1_11' title="bbox 202 1277 1864 1357">
     <span class='ocr_line' id='line_1_11' title="bbox 202 1277 1864 1357; baseline 0.004 -22"><span class='ocrx_word' id='word_1_81' title='bbox 202 1278 406 1335; x_wconf 76' lang='lat' dir='ltr'>villam</span> <span class='ocrx_word' id='word_1_82' title='bbox 454 1277 765 1347; x_wconf 85' lang='lat' dir='ltr'>indixerat,</span> <span class='ocrx_word' id='word_1_83' title='bbox 800 1280 911 1336; x_wconf 89' lang='lat' dir='ltr'>iter</span> <span class='ocrx_word' id='word_1_84' title='bbox 959 1281 1230 1353; x_wconf 77' lang='lat' dir='ltr'>arripuit,</span> <span class='ocrx_word' id='word_1_85' title='bbox 1281 1289 1339 1340; x_wconf 89' lang='lat' dir='ltr'>et</span> <span class='ocrx_word' id='word_1_86' title='bbox 1388 1284 1639 1356; x_wconf 83' lang='lat' dir='ltr'>qualiter</span> <span class='ocrx_word' id='word_1_87' title='bbox 1686 1302 1864 1357; x_wconf 82' lang='lat' dir='ltr'>super</span> 
     </span>
    </p>
   </div>
   <div class='ocr_carea' id='block_1_12' title="bbox 199 1368 1861 1437">
    <p class='ocr_par' dir='ltr' id='par_1_12' title="bbox 199 1368 1861 1437">
     <span class='ocr_line' id='line_1_12' title="bbox 199 1368 1861 1437; baseline 0.005 -14"><span class='ocrx_word' id='word_1_88' title='bbox 199 1368 488 1433; x_wconf 68' lang='lat' dir='ltr'>Karolum</span> <span class='ocrx_word' id='word_1_89' title='bbox 519 1368 788 1437; x_wconf 83' lang='lat' dir='ltr'>irrueret,</span> <span class='ocrx_word' id='word_1_90' title='bbox 816 1370 1088 1426; x_wconf 84' lang='lat' dir='ltr'>intendit.</span> <span class='ocrx_word' id='word_1_91' title='bbox 1122 1372 1288 1437; x_wconf 88' lang='lat' dir='ltr'>Quod</span> <span class='ocrx_word' id='word_1_92' title='bbox 1333 1390 1471 1431; x_wconf 89' lang='lat' dir='ltr'>cum</span> <span class='ocrx_word' id='word_1_93' title='bbox 1520 1373 1768 1430; x_wconf 85' lang='lat' dir='ltr'>Karolus</span> <span class='ocrx_word' id='word_1_94' title='bbox 1800 1374 1861 1431; x_wconf 91' lang='lat' dir='ltr'>in</span> 
     </span>
    </p>
   </div>
   <div class='ocr_carea' id='block_1_13' title="bbox 201 1456 1865 1532">
    <p class='ocr_par' dir='ltr' id='par_1_13' title="bbox 201 1456 1865 1532">
     <span class='ocr_line' id='line_1_13' title="bbox 201 1456 1865 1532; baseline 0.004 -20"><span class='ocrx_word' id='word_1_95' title='bbox 201 1456 562 1521; x_wconf 75' lang='lat' dir='ltr'>Wasiticum</span> <span class='ocrx_word' id='word_1_96' title='bbox 594 1457 921 1527; x_wconf 82' lang='lat' dir='ltr'>didicisset,</span> <span class='ocrx_word' id='word_1_97' title='bbox 948 1460 1273 1532; x_wconf 84' lang='lat' dir='ltr'>IIugonem,</span> <span class='ocrx_word' id='word_1_98' title='bbox 1295 1466 1353 1517; x_wconf 89' lang='lat' dir='ltr'>et</span> <span class='ocrx_word' id='word_1_99' title='bbox 1379 1461 1865 1531; x_wconf 83' lang='lat' dir='ltr'>Adhelardum,et</span> 
     </span>
    </p>
   </div>
   <div class='ocr_carea' id='block_1_14' title="bbox 194 1545 1863 1625">
    <p class='ocr_par' dir='ltr' id='par_1_14' title="bbox 194 1545 1863 1625">
     <span class='ocr_line' id='line_1_14' title="bbox 194 1545 1863 1625; baseline 0.002 -20"><span class='ocrx_word' id='word_1_100' title='bbox 194 1545 624 1613; x_wconf 71' lang='lat' dir='ltr'>Gislebertum,</span> <span class='ocrx_word' id='word_1_101' title='bbox 654 1564 774 1603; x_wconf 85' lang='lat' dir='ltr'>una</span> <span class='ocrx_word' id='word_1_102' title='bbox 803 1564 937 1603; x_wconf 87' lang='lat' dir='ltr'>eum</span> <span class='ocrx_word' id='word_1_103' title='bbox 969 1550 1213 1618; x_wconf 61' lang='lat' dir='ltr'>caeteris,</span> <span class='ocrx_word' id='word_1_104' title='bbox 1246 1555 1312 1605; x_wconf 91' lang='lat' dir='ltr'>ut</span> <span class='ocrx_word' id='word_1_105' title='bbox 1337 1552 1473 1608; x_wconf 87' lang='lat' dir='ltr'>eum</span> <span class='ocrx_word' id='word_1_106' title='bbox 1503 1552 1717 1609; x_wconf 85' lang='lat' dir='ltr'>foedere</span> <span class='ocrx_word' id='word_1_107' title='bbox 1746 1567 1863 1625; x_wconf 90' lang='lat' dir='ltr'>quo</span> 
     </span>
    </p>
   </div>
   <div class='ocr_carea' id='block_1_15' title="bbox 200 1634 1865 1706">
    <p class='ocr_par' dir='ltr' id='par_1_15' title="bbox 200 1634 1865 1706">
     <span class='ocr_line' id='line_1_15' title="bbox 200 1634 1865 1706; baseline 0.004 -15"><span class='ocrx_word' id='word_1_108' title='bbox 200 1634 468 1695; x_wconf 65' lang='lat' dir='ltr'>ralerent</span> <span class='ocrx_word' id='word_1_109' title='bbox 484 1634 605 1691; x_wconf 85' lang='lat' dir='ltr'>sibi</span> <span class='ocrx_word' id='word_1_110' title='bbox 627 1636 1034 1706; x_wconf 85' lang='lat' dir='ltr'>adnecterent,</span> <span class='ocrx_word' id='word_1_111' title='bbox 1051 1638 1666 1699; x_wconf 81' lang='lat' dir='ltr'>direxit.Rabanonem</span> <span class='ocrx_word' id='word_1_112' title='bbox 1689 1640 1865 1698; x_wconf 89' lang='lat' dir='ltr'>etiam</span> 
     </span>
    </p>
   </div>
   <div class='ocr_carea' id='block_1_16' title="bbox 194 1723 1862 1803">
    <p class='ocr_par' dir='ltr' id='par_1_16' title="bbox 194 1723 1862 1803">
     <span class='ocr_line' id='line_1_16' title="bbox 194 1723 1862 1803; baseline 0.004 -22"><span class='ocrx_word' id='word_1_113' title='bbox 194 1723 272 1781; x_wconf 70' lang='lat' dir='ltr'>ad</span> <span class='ocrx_word' id='word_1_114' title='bbox 298 1724 739 1781; x_wconf 86' lang='lat' dir='ltr'>Ledhuwicum</span> <span class='ocrx_word' id='word_1_115' title='bbox 771 1724 1057 1799; x_wconf 82' lang='lat' dir='ltr'>dirigens,</span> <span class='ocrx_word' id='word_1_116' title='bbox 1081 1729 1325 1785; x_wconf 85' lang='lat' dir='ltr'>mandat</span> <span class='ocrx_word' id='word_1_117' title='bbox 1352 1729 1603 1802; x_wconf 85' lang='lat' dir='ltr'>qualiter</span> <span class='ocrx_word' id='word_1_118' title='bbox 1630 1747 1734 1803; x_wconf 88' lang='lat' dir='ltr'>pro</span> <span class='ocrx_word' id='word_1_119' title='bbox 1755 1747 1862 1787; x_wconf 92' lang='lat' dir='ltr'>suo</span> 
     </span>
    </p>
   </div>
   <div class='ocr_carea' id='block_1_17' title="bbox 197 1812 1863 1887">
    <p class='ocr_par' dir='ltr' id='par_1_17' title="bbox 197 1812 1863 1887">
     <span class='ocr_line' id='line_1_17' title="bbox 197 1812 1863 1887; baseline 0.005 -19"><span class='ocrx_word' id='word_1_120' title='bbox 197 1813 504 1884; x_wconf 77' lang='lat' dir='ltr'>adjutorio</span> <span class='ocrx_word' id='word_1_121' title='bbox 525 1812 644 1869; x_wconf 85' lang='lat' dir='ltr'>illis</span> <span class='ocrx_word' id='word_1_122' title='bbox 664 1813 723 1870; x_wconf 91' lang='lat' dir='ltr'>in</span> <span class='ocrx_word' id='word_1_123' title='bbox 748 1816 1015 1887; x_wconf 84' lang='lat' dir='ltr'>partibus</span> <span class='ocrx_word' id='word_1_124' title='bbox 1038 1822 1209 1873; x_wconf 87' lang='lat' dir='ltr'>esset.</span> <span class='ocrx_word' id='word_1_125' title='bbox 1228 1820 1391 1884; x_wconf 87' lang='lat' dir='ltr'>Quod</span> <span class='ocrx_word' id='word_1_126' title='bbox 1415 1819 1740 1877; x_wconf 88' lang='lat' dir='ltr'>Lodharius</span> <span class='ocrx_word' id='word_1_127' title='bbox 1766 1836 1863 1877; x_wconf 87' lang='lat' dir='ltr'>au-</span> 
     </span>
    </p>
   </div>
   <div class='ocr_carea' id='block_1_18' title="bbox 199 1901 1863 1982">
    <p class='ocr_par' dir='ltr' id='par_1_18' title="bbox 199 1901 1863 1982">
     <span class='ocr_line' id='line_1_18' title="bbox 199 1901 1863 1982; baseline 0.005 -23"><span class='ocrx_word' id='word_1_128' title='bbox 199 1901 395 1970; x_wconf 79' lang='lat' dir='ltr'>diens,</span> <span class='ocrx_word' id='word_1_129' title='bbox 429 1901 535 1958; x_wconf 91' lang='lat' dir='ltr'>illo</span> <span class='ocrx_word' id='word_1_130' title='bbox 566 1903 811 1970; x_wconf 88' lang='lat' dir='ltr'>omisso,</span> <span class='ocrx_word' id='word_1_131' title='bbox 833 1921 1013 1977; x_wconf 86' lang='lat' dir='ltr'>supra</span> <span class='ocrx_word' id='word_1_132' title='bbox 1030 1922 1091 1962; x_wconf 90' lang='lat' dir='ltr'>se</span> <span class='ocrx_word' id='word_1_133' title='bbox 1111 1923 1247 1962; x_wconf 90' lang='lat' dir='ltr'>cum</span> <span class='ocrx_word' id='word_1_134' title='bbox 1273 1907 1550 1965; x_wconf 88' lang='lat' dir='ltr'>omnibus</span> <span class='ocrx_word' id='word_1_135' title='bbox 1575 1908 1760 1982; x_wconf 84' lang='lat' dir='ltr'>copiis</span> <span class='ocrx_word' id='word_1_136' title='bbox 1780 1909 1863 1967; x_wconf 84' lang='lat' dir='ltr'>ire</span> 
     </span>
    </p>
   </div>
   <div class='ocr_carea' id='block_1_19' title="bbox 199 1991 1866 2071">
    <p class='ocr_par' dir='ltr' id='par_1_19' title="bbox 199 1991 1866 2071">
     <span class='ocr_line' id='line_1_19' title="bbox 199 1991 1866 2071; baseline 0.006 -26"><span class='ocrx_word' id='word_1_137' title='bbox 199 1994 462 2064; x_wconf 77' lang='lat' dir='ltr'>pararet,</span> <span class='ocrx_word' id='word_1_138' title='bbox 496 1991 571 2047; x_wconf 89' lang='lat' dir='ltr'>ad</span> <span class='ocrx_word' id='word_1_139' title='bbox 606 1991 881 2064; x_wconf 89' lang='lat' dir='ltr'>Pipinum</span> <span class='ocrx_word' id='word_1_140' title='bbox 912 1993 1113 2067; x_wconf 83' lang='lat' dir='ltr'>dirigit</span> <span class='ocrx_word' id='word_1_141' title='bbox 1138 2012 1149 2049; x_wconf 92' lang='lat'>:</span> <span class='ocrx_word' id='word_1_142' title='bbox 1175 2001 1488 2069; x_wconf 87' lang='lat' dir='ltr'>monetque</span> <span class='ocrx_word' id='word_1_143' title='bbox 1511 2014 1576 2054; x_wconf 89' lang='lat' dir='ltr'>ac</span> <span class='ocrx_word' id='word_1_144' title='bbox 1597 1999 1866 2071; x_wconf 89' lang='lat' dir='ltr'>depreca-</span> 
     </span>
    </p>
   </div>
   <div class='ocr_carea' id='block_1_20' title="bbox 203 2081 1864 2158">
    <p class='ocr_par' dir='ltr' id='par_1_20' title="bbox 203 2081 1864 2158">
     <span class='ocr_line' id='line_1_20' title="bbox 203 2081 1864 2158; baseline 0.005 -24"><span class='ocrx_word' id='word_1_145' title='bbox 203 2083 319 2148; x_wconf 81' lang='lat' dir='ltr'>tur,</span> <span class='ocrx_word' id='word_1_146' title='bbox 356 2085 425 2135; x_wconf 89' lang='lat' dir='ltr'>ut</span> <span class='ocrx_word' id='word_1_147' title='bbox 454 2081 815 2153; x_wconf 84' lang='lat' dir='ltr'>quantocius</span> <span class='ocrx_word' id='word_1_148' title='bbox 847 2089 1064 2154; x_wconf 86' lang='lat' dir='ltr'>posset,</span> <span class='ocrx_word' id='word_1_149' title='bbox 1100 2082 1270 2140; x_wconf 89' lang='lat' dir='ltr'>solito</span> <span class='ocrx_word' id='word_1_150' title='bbox 1302 2101 1463 2141; x_wconf 90' lang='lat' dir='ltr'>more</span> <span class='ocrx_word' id='word_1_151' title='bbox 1503 2087 1864 2158; x_wconf 87' lang='lat' dir='ltr'>adjutorium</span> 
     </span>
    </p>
   </div>
   <div class='ocr_carea' id='block_1_21' title="bbox 198 2169 1865 2245">
    <p class='ocr_par' dir='ltr' id='par_1_21' title="bbox 198 2169 1865 2245">
     <span class='ocr_line' id='line_1_21' title="bbox 198 2169 1865 2245; baseline 0.004 -20"><span class='ocrx_word' id='word_1_152' title='bbox 198 2169 284 2225; x_wconf 80' lang='lat' dir='ltr'>illi</span> <span class='ocrx_word' id='word_1_153' title='bbox 318 2170 586 2242; x_wconf 66' lang='lat' dir='ltr'>praebere</span> <span class='ocrx_word' id='word_1_154' title='bbox 614 2171 897 2227; x_wconf 85' lang='lat' dir='ltr'>studeret.</span> <span class='ocrx_word' id='word_1_155' title='bbox 934 2172 1176 2245; x_wconf 86' lang='lat' dir='ltr'>Insuper</span> <span class='ocrx_word' id='word_1_156' title='bbox 1207 2179 1403 2231; x_wconf 88' lang='lat' dir='ltr'>autem</span> <span class='ocrx_word' id='word_1_157' title='bbox 1444 2175 1688 2231; x_wconf 89' lang='lat' dir='ltr'>Karolus</span> <span class='ocrx_word' id='word_1_158' title='bbox 1718 2176 1865 2232; x_wconf 81' lang='lat' dir='ltr'>Exe-</span> 
     </span>
    </p>
   </div>
   <div class='ocr_carea' id='block_1_22' title="bbox 199 2258 1868 2334">
    <p class='ocr_par' dir='ltr' id='par_1_22' title="bbox 199 2258 1868 2334">
     <span class='ocr_line' id='line_1_22' title="bbox 199 2258 1868 2334; baseline 0.004 -19"><span class='ocrx_word' id='word_1_159' title='bbox 199 2273 525 2315; x_wconf 77' lang='lat' dir='ltr'>menomen</span> <span class='ocrx_word' id='word_1_160' title='bbox 547 2258 937 2315; x_wconf 78' lang='lat' dir='ltr'>venerabilem</span> <span class='ocrx_word' id='word_1_161' title='bbox 956 2259 1297 2334; x_wconf 86' lang='lat' dir='ltr'>episcopum</span> <span class='ocrx_word' id='word_1_162' title='bbox 1319 2263 1393 2318; x_wconf 90' lang='lat' dir='ltr'>ad</span> <span class='ocrx_word' id='word_1_163' title='bbox 1415 2263 1868 2321; x_wconf 40' lang='lat' dir='ltr'>Lodhariumdi‘</span> 
     </span>
    </p>
   </div>
   <div class='ocr_carea' id='block_1_23' title="bbox 200 2347 1867 2426">
    <p class='ocr_par' dir='ltr' id='par_1_23' title="bbox 200 2347 1867 2426">
     <span class='ocr_line' id='line_1_23' title="bbox 200 2347 1867 2426; baseline 0.005 -23"><span class='ocrx_word' id='word_1_164' title='bbox 200 2347 349 2403; x_wconf 76' lang='lat' dir='ltr'>rexit</span> <span class='ocrx_word' id='word_1_165' title='bbox 383 2364 401 2402; x_wconf 90' lang='lat'>:</span> <span class='ocrx_word' id='word_1_166' title='bbox 432 2347 615 2403; x_wconf 81' lang='lat' dir='ltr'>solito</span> <span class='ocrx_word' id='word_1_167' title='bbox 644 2364 807 2405; x_wconf 88' lang='lat' dir='ltr'>more</span> <span class='ocrx_word' id='word_1_168' title='bbox 838 2347 1141 2406; x_wconf 87' lang='lat' dir='ltr'>humiliter</span> <span class='ocrx_word' id='word_1_169' title='bbox 1173 2352 1448 2425; x_wconf 68' lang='lat' dir='ltr'>praicepit</span> <span class='ocrx_word' id='word_1_170' title='bbox 1478 2358 1543 2409; x_wconf 92' lang='lat' dir='ltr'>ut</span> <span class='ocrx_word' id='word_1_171' title='bbox 1586 2359 1768 2426; x_wconf 89' lang='lat' dir='ltr'>roget,</span> <span class='ocrx_word' id='word_1_172' title='bbox 1803 2360 1867 2411; x_wconf 91' lang='lat' dir='ltr'>ut</span> 
     </span>
    </p>
   </div>
   <div class='ocr_carea' id='block_1_24' title="bbox 198 2435 1862 2515">
    <p class='ocr_par' dir='ltr' id='par_1_24' title="bbox 198 2435 1862 2515">
     <span class='ocr_line' id='line_1_24' title="bbox 198 2435 1862 2515; baseline 0.005 -24"><span class='ocrx_word' id='word_1_173' title='bbox 198 2435 499 2503; x_wconf 82' lang='lat' dir='ltr'>obsecret,</span> <span class='ocrx_word' id='word_1_174' title='bbox 534 2437 869 2495; x_wconf 87' lang='lat' dir='ltr'>meminerit</span> <span class='ocrx_word' id='word_1_175' title='bbox 889 2439 1042 2510; x_wconf 92' lang='lat' dir='ltr'>quod</span> <span class='ocrx_word' id='word_1_176' title='bbox 1065 2438 1243 2496; x_wconf 87' lang='lat' dir='ltr'>frater</span> <span class='ocrx_word' id='word_1_177' title='bbox 1263 2439 1596 2515; x_wconf 86' lang='lat' dir='ltr'>filiolusque</span> <span class='ocrx_word' id='word_1_178' title='bbox 1614 2443 1742 2515; x_wconf 88' lang='lat' dir='ltr'>ejus</span> <span class='ocrx_word' id='word_1_179' title='bbox 1765 2444 1862 2500; x_wconf 86' lang='lat' dir='ltr'>sit.</span> 
     </span>
    </p>
   </div>
   <div class='ocr_carea' id='block_1_25' title="bbox 200 2524 1865 2604">
    <p class='ocr_par' dir='ltr' id='par_1_25' title="bbox 200 2524 1865 2604">
     <span class='ocr_line' id='line_1_25' title="bbox 200 2524 1865 2604; baseline 0.006 -25"><span class='ocrx_word' id='word_1_180' title='bbox 200 2524 548 2585; x_wconf 76' lang='lat' dir='ltr'>Meminerit</span> <span class='ocrx_word' id='word_1_181' title='bbox 574 2541 703 2598; x_wconf 67' lang='lat' dir='ltr'>quae</span> <span class='ocrx_word' id='word_1_182' title='bbox 733 2529 899 2599; x_wconf 83' lang='lat' dir='ltr'>pater</span> <span class='ocrx_word' id='word_1_183' title='bbox 924 2528 1075 2584; x_wconf 90' lang='lat' dir='ltr'>inter</span> <span class='ocrx_word' id='word_1_184' title='bbox 1102 2528 1234 2585; x_wconf 91' lang='lat' dir='ltr'>illos</span> <span class='ocrx_word' id='word_1_185' title='bbox 1257 2534 1565 2599; x_wconf 86' lang='lat' dir='ltr'>statuerat,</span> <span class='ocrx_word' id='word_1_186' title='bbox 1597 2549 1724 2604; x_wconf 69' lang='lat' dir='ltr'>quis</span> <span class='ocrx_word' id='word_1_187' title='bbox 1743 2537 1865 2589; x_wconf 88' lang='lat' dir='ltr'>tam</span> 
     </span>
    </p>
   </div>
   <div class='ocr_carea' id='block_1_26' title="bbox 198 2613 1868 2689">
    <p class='ocr_par' dir='ltr' id='par_1_26' title="bbox 198 2613 1868 2689">
     <span class='ocr_line' id='line_1_26' title="bbox 198 2613 1868 2689; baseline 0.006 -21"><span class='ocrx_word' id='word_1_188' title='bbox 198 2613 251 2669; x_wconf 85' lang='lat' dir='ltr'>is</span> <span class='ocrx_word' id='word_1_189' title='bbox 278 2630 471 2685; x_wconf 89' lang='lat' dir='ltr'>quam</span> <span class='ocrx_word' id='word_1_190' title='bbox 516 2618 578 2669; x_wconf 89' lang='lat' dir='ltr'>et</span> <span class='ocrx_word' id='word_1_191' title='bbox 627 2613 720 2669; x_wconf 90' lang='lat' dir='ltr'>sui</span> <span class='ocrx_word' id='word_1_192' title='bbox 764 2614 918 2671; x_wconf 87' lang='lat' dir='ltr'>inter</span> <span class='ocrx_word' id='word_1_193' title='bbox 962 2615 1094 2672; x_wconf 91' lang='lat' dir='ltr'>illos</span> <span class='ocrx_word' id='word_1_194' title='bbox 1137 2618 1499 2689; x_wconf 87' lang='lat' dir='ltr'>juraverant.</span> <span class='ocrx_word' id='word_1_195' title='bbox 1534 2620 1868 2681; x_wconf 85' lang='lat' dir='ltr'>Meminerit</span> 
     </span>
    </p>
   </div>
   <div class='ocr_carea' id='block_1_27' title="bbox 201 2702 1868 2781">
    <p class='ocr_par' dir='ltr' id='par_1_27' title="bbox 201 2702 1868 2781">
     <span class='ocr_line' id='line_1_27' title="bbox 201 2702 1868 2781; baseline 0.006 -25"><span class='ocrx_word' id='word_1_196' title='bbox 201 2703 359 2775; x_wconf 80' lang='lat' dir='ltr'>quod</span> <span class='ocrx_word' id='word_1_197' title='bbox 395 2702 722 2758; x_wconf 86' lang='lat' dir='ltr'>novissime</span> <span class='ocrx_word' id='word_1_198' title='bbox 743 2703 972 2775; x_wconf 85' lang='lat' dir='ltr'>judicio</span> <span class='ocrx_word' id='word_1_199' title='bbox 997 2705 1099 2761; x_wconf 90' lang='lat' dir='ltr'>Dei</span> <span class='ocrx_word' id='word_1_200' title='bbox 1122 2706 1272 2762; x_wconf 83' lang='lat' dir='ltr'>inter</span> <span class='ocrx_word' id='word_1_201' title='bbox 1293 2706 1425 2764; x_wconf 91' lang='lat' dir='ltr'>illos</span> <span class='ocrx_word' id='word_1_202' title='bbox 1446 2707 1717 2765; x_wconf 87' lang='lat' dir='ltr'>voluntas</span> <span class='ocrx_word' id='word_1_203' title='bbox 1738 2711 1868 2781; x_wconf 86' lang='lat' dir='ltr'>ejus</span> 
     </span>
    </p>
   </div>
   <div class='ocr_carea' id='block_1_28' title="bbox 200 2791 1866 2868">
    <p class='ocr_par' dir='ltr' id='par_1_28' title="bbox 200 2791 1866 2868">
     <span class='ocr_line' id='line_1_28' title="bbox 200 2791 1866 2868; baseline 0.005 -22"><span class='ocrx_word' id='word_1_204' title='bbox 200 2791 509 2847; x_wconf 83' lang='lat' dir='ltr'>declarata</span> <span class='ocrx_word' id='word_1_205' title='bbox 539 2792 637 2847; x_wconf 86' lang='lat' dir='ltr'>sit.</span> <span class='ocrx_word' id='word_1_206' title='bbox 662 2793 733 2848; x_wconf 87' lang='lat' dir='ltr'>Et</span> <span class='ocrx_word' id='word_1_207' title='bbox 763 2792 814 2848; x_wconf 88' lang='lat' dir='ltr'>si</span> <span class='ocrx_word' id='word_1_208' title='bbox 841 2793 1052 2850; x_wconf 85' lang='lat' dir='ltr'>horum</span> <span class='ocrx_word' id='word_1_209' title='bbox 1082 2795 1347 2852; x_wconf 89' lang='lat' dir='ltr'>omnium</span> <span class='ocrx_word' id='word_1_210' title='bbox 1376 2798 1665 2855; x_wconf 87' lang='lat' dir='ltr'>recordari</span> <span class='ocrx_word' id='word_1_211' title='bbox 1697 2798 1866 2868; x_wconf 86' lang='lat' dir='ltr'>nolit,</span> 
     </span>
    </p>
   </div>
   <div class='ocr_carea' id='block_1_29' title="bbox 200 2882 1867 2954">
    <p class='ocr_par' dir='ltr' id='par_1_29' title="bbox 200 2882 1867 2954">
     <span class='ocr_line' id='line_1_29' title="bbox 200 2882 1867 2954; baseline 0.004 -17"><span class='ocrx_word' id='word_1_212' title='bbox 200 2886 396 2937; x_wconf 84' lang='lat' dir='ltr'>cesset</span> <span class='ocrx_word' id='word_1_213' title='bbox 427 2898 465 2936; x_wconf 89' lang='lat' dir='ltr'>a</span> <span class='ocrx_word' id='word_1_214' title='bbox 489 2882 901 2954; x_wconf 88' lang='lat' dir='ltr'>persecutione</span> <span class='ocrx_word' id='word_1_215' title='bbox 930 2887 1144 2940; x_wconf 71' lang='lat' dir='ltr'>sanctas</span> <span class='ocrx_word' id='word_1_216' title='bbox 1181 2884 1284 2940; x_wconf 90' lang='lat' dir='ltr'>Dei</span> <span class='ocrx_word' id='word_1_217' title='bbox 1332 2884 1602 2942; x_wconf 64' lang='lat' dir='ltr'>Ecclesia)</span> <span class='ocrx_word' id='word_1_218' title='bbox 1635 2903 1648 2944; x_wconf 91' lang='lat'><strong>:</strong></span> <span class='ocrx_word' id='word_1_219' title='bbox 1685 2888 1867 2944; x_wconf 86' lang='lat' dir='ltr'>mise-</span> 
     </span>
    </p>
   </div>
   <div class='ocr_carea' id='block_1_30' title="bbox 200 2972 1868 3048">
    <p class='ocr_par' dir='ltr' id='par_1_30' title="bbox 200 2972 1868 3048">
     <span class='ocr_line' id='line_1_30' title="bbox 200 2972 1868 3048; baseline 0.004 -22"><span class='ocrx_word' id='word_1_220' title='bbox 200 2976 406 3027; x_wconf 85' lang='lat' dir='ltr'>reatur</span> <span class='ocrx_word' id='word_1_221' title='bbox 456 2987 812 3043; x_wconf 88' lang='lat' dir='ltr'>pauperum,</span> <span class='ocrx_word' id='word_1_222' title='bbox 862 2972 1191 3041; x_wconf 89' lang='lat' dir='ltr'>viduarum,</span> <span class='ocrx_word' id='word_1_223' title='bbox 1235 2973 1781 3048; x_wconf 86' lang='lat' dir='ltr'>orphanorumque;</span> <span class='ocrx_word' id='word_1_224' title='bbox 1810 2982 1868 3035; x_wconf 86' lang='lat' dir='ltr'>et</span> 
     </span>
    </p>
   </div>
   <div class='ocr_carea' id='block_1_31' title="bbox 201 3063 1868 3139">
    <p class='ocr_par' dir='ltr' id='par_1_31' title="bbox 201 3063 1868 3139">
     <span class='ocr_line' id='line_1_31' title="bbox 201 3063 1868 3139; baseline 0.005 -24"><span class='ocrx_word' id='word_1_225' title='bbox 201 3076 459 3133; x_wconf 78' lang='lat' dir='ltr'>regnum</span> <span class='ocrx_word' id='word_1_226' title='bbox 485 3078 523 3117; x_wconf 90' lang='lat' dir='ltr'>a</span> <span class='ocrx_word' id='word_1_227' title='bbox 554 3066 721 3133; x_wconf 89' lang='lat' dir='ltr'>patre</span> <span class='ocrx_word' id='word_1_228' title='bbox 750 3078 858 3118; x_wconf 92' lang='lat' dir='ltr'>suo</span> <span class='ocrx_word' id='word_1_229' title='bbox 884 3079 1173 3119; x_wconf 89' lang='lat' dir='ltr'>consensu</span> <span class='ocrx_word' id='word_1_230' title='bbox 1204 3063 1316 3120; x_wconf 90' lang='lat' dir='ltr'>sibi</span> <span class='ocrx_word' id='word_1_231' title='bbox 1349 3064 1555 3122; x_wconf 90' lang='lat' dir='ltr'>datum</span> <span class='ocrx_word' id='word_1_232' title='bbox 1586 3069 1652 3122; x_wconf 91' lang='lat' dir='ltr'>ut</span> <span class='ocrx_word' id='word_1_233' title='bbox 1680 3065 1868 3139; x_wconf 47' lang='lat' dir='ltr'>ingre.</span> 
     </span>
    </p>
   </div>
   <div class='ocr_carea' id='block_1_32' title="bbox 178 3149 1868 3227">
    <p class='ocr_par' dir='ltr' id='par_1_32' title="bbox 178 3149 1868 3227">
     <span class='ocr_line' id='line_1_32' title="bbox 178 3149 1868 3227; baseline 0.002 -22"><span class='ocrx_word' id='word_1_234' title='bbox 178 3149 426 3227; x_wconf 38' lang='lat' dir='ltr'>.diatur,</span> <span class='ocrx_word' id='word_1_235' title='bbox 462 3149 722 3219; x_wconf 89' lang='lat' dir='ltr'>omittat,</span> <span class='ocrx_word' id='word_1_236' title='bbox 757 3166 830 3207; x_wconf 88' lang='lat' dir='ltr'>ne</span> <span class='ocrx_word' id='word_1_237' title='bbox 858 3150 1006 3206; x_wconf 86' lang='lat' dir='ltr'>forte</span> <span class='ocrx_word' id='word_1_238' title='bbox 1036 3150 1246 3208; x_wconf 73' lang='lat' dir='ltr'>iterato</span> <span class='ocrx_word' id='word_1_239' title='bbox 1279 3152 1562 3225; x_wconf 88' lang='lat' dir='ltr'>populum</span> <span class='ocrx_word' id='word_1_240' title='bbox 1592 3152 1868 3210; x_wconf 85' lang='lat' dir='ltr'>Christia-</span> 
     </span>
    </p>
   </div>
   <div class='ocr_carea' id='block_1_33' title="bbox 1967 574 3621 648">
    <p class='ocr_par' dir='ltr' id='par_1_33' title="bbox 1967 574 3621 648">
     <span class='ocr_line' id='line_1_33' title="bbox 1967 574 3621 648; baseline 0.005 -21"><span class='ocrx_word' id='word_1_241' title='bbox 1967 589 2034 628; x_wconf 92' lang='lat' dir='ltr'>eo</span> <span class='ocrx_word' id='word_1_242' title='bbox 2064 574 2264 629; x_wconf 88' lang='lat' dir='ltr'>tenore</span> <span class='ocrx_word' id='word_1_243' title='bbox 2293 588 2428 629; x_wconf 90' lang='lat' dir='ltr'>cum</span> <span class='ocrx_word' id='word_1_244' title='bbox 2464 574 2671 631; x_wconf 88' lang='lat' dir='ltr'>Karolo</span> <span class='ocrx_word' id='word_1_245' title='bbox 2702 592 2905 648; x_wconf 87' lang='lat' dir='ltr'>pacem</span> <span class='ocrx_word' id='word_1_246' title='bbox 2939 576 3088 634; x_wconf 80' lang='lat' dir='ltr'>inire</span> <span class='ocrx_word' id='word_1_247' title='bbox 3110 593 3173 635; x_wconf 89' lang='lat' dir='ltr'>se</span> <span class='ocrx_word' id='word_1_248' title='bbox 3200 577 3347 636; x_wconf 77' lang='lat' dir='ltr'>velle</span> <span class='ocrx_word' id='word_1_249' title='bbox 3368 580 3621 636; x_wconf 81' lang='lat' dir='ltr'>manda-</span> 
     </span>
    </p>
   </div>
   <div class='ocr_carea' id='block_1_34' title="bbox 1968 662 3623 736">
    <p class='ocr_par' dir='ltr' id='par_1_34' title="bbox 1968 662 3623 736">
     <span class='ocr_line' id='line_1_34' title="bbox 1968 662 3623 736; baseline 0.007 -20"><span class='ocrx_word' id='word_1_250' title='bbox 1968 662 2144 728; x_wconf 88' lang='lat' dir='ltr'>vit,ut</span> <span class='ocrx_word' id='word_1_251' title='bbox 2174 662 2384 731; x_wconf 76' lang='lat' dir='ltr'>fmdus,</span> <span class='ocrx_word' id='word_1_252' title='bbox 2419 665 2575 736; x_wconf 91' lang='lat' dir='ltr'>quod</span> <span class='ocrx_word' id='word_1_253' title='bbox 2610 665 2857 723; x_wconf 85' lang='lat' dir='ltr'>Karolus</span> <span class='ocrx_word' id='word_1_254' title='bbox 2884 683 3023 724; x_wconf 88' lang='lat' dir='ltr'>cum</span> <span class='ocrx_word' id='word_1_255' title='bbox 3055 669 3233 726; x_wconf 79' lang='lat' dir='ltr'>fratre</span> <span class='ocrx_word' id='word_1_256' title='bbox 3264 687 3371 727; x_wconf 82' lang='lat' dir='ltr'>suo</span> <span class='ocrx_word' id='word_1_257' title='bbox 3395 670 3623 728; x_wconf 77' lang='lat' dir='ltr'>Lodha-</span> 
     </span>
    </p>
   </div>
   <div class='ocr_carea' id='block_1_35' title="bbox 1968 751 3622 824">
    <p class='ocr_par' dir='ltr' id='par_1_35' title="bbox 1968 751 3622 824">
     <span class='ocr_line' id='line_1_35' title="bbox 1968 751 3622 824; baseline 0.005 -17"><span class='ocrx_word' id='word_1_258' title='bbox 1968 751 2120 807; x_wconf 82' lang='lat' dir='ltr'>wieo</span> <span class='ocrx_word' id='word_1_259' title='bbox 2143 754 2529 809; x_wconf 84' lang='lat' dir='ltr'>sacramentis</span> <span class='ocrx_word' id='word_1_260' title='bbox 2550 755 2902 824; x_wconf 76' lang='lat' dir='ltr'>firmaverat,</span> <span class='ocrx_word' id='word_1_261' title='bbox 2921 757 3318 815; x_wconf 85' lang='lat' dir='ltr'>emisisset.Et</span> <span class='ocrx_word' id='word_1_262' title='bbox 3338 758 3434 816; x_wconf 91' lang='lat' dir='ltr'>ille</span> <span class='ocrx_word' id='word_1_263' title='bbox 3448 776 3622 816; x_wconf 85' lang='lat' dir='ltr'>econ-</span> 
     </span>
    </p>
   </div>
   <div class='ocr_carea' id='block_1_36' title="bbox 1967 841 3623 918">
    <p class='ocr_par' dir='ltr' id='par_1_36' title="bbox 1967 841 3623 918">
     <span class='ocr_line' id='line_1_36' title="bbox 1967 841 3623 918; baseline 0.005 -23"><span class='ocrx_word' id='word_1_264' title='bbox 1967 844 2059 896; x_wconf 91' lang='lat' dir='ltr'>tra</span> <span class='ocrx_word' id='word_1_265' title='bbox 2088 841 2298 907; x_wconf 76' lang='lat' dir='ltr'>foedus,</span> <span class='ocrx_word' id='word_1_266' title='bbox 2330 842 2485 913; x_wconf 89' lang='lat' dir='ltr'>quod</span> <span class='ocrx_word' id='word_1_267' title='bbox 2533 859 2668 898; x_wconf 89' lang='lat' dir='ltr'>cum</span> <span class='ocrx_word' id='word_1_268' title='bbox 2711 844 2914 917; x_wconf 90' lang='lat' dir='ltr'>Pipino</span> <span class='ocrx_word' id='word_1_269' title='bbox 2964 850 3172 918; x_wconf 88' lang='lat' dir='ltr'>nepote</span> <span class='ocrx_word' id='word_1_270' title='bbox 3213 864 3320 903; x_wconf 91' lang='lat' dir='ltr'>suo</span> <span class='ocrx_word' id='word_1_271' title='bbox 3351 847 3623 905; x_wconf 84' lang='lat' dir='ltr'>similiter</span> 
     </span>
    </p>
   </div>
   <div class='ocr_carea' id='block_1_37' title="bbox 1969 928 3618 1002">
    <p class='ocr_par' dir='ltr' id='par_1_37' title="bbox 1969 928 3618 1002">
     <span class='ocr_line' id='line_1_37' title="bbox 1969 928 3618 1002; baseline 0.003 -17"><span class='ocrx_word' id='word_1_272' title='bbox 1969 928 2355 985; x_wconf 82' lang='lat' dir='ltr'>sacramentis</span> <span class='ocrx_word' id='word_1_273' title='bbox 2397 931 2748 997; x_wconf 80' lang='lat' dir='ltr'>firmaverat,</span> <span class='ocrx_word' id='word_1_274' title='bbox 2782 932 3095 1002; x_wconf 87' lang='lat' dir='ltr'>omitteret,</span> <span class='ocrx_word' id='word_1_275' title='bbox 3137 938 3193 990; x_wconf 91' lang='lat' dir='ltr'>et</span> <span class='ocrx_word' id='word_1_276' title='bbox 3232 935 3472 991; x_wconf 87' lang='lat' dir='ltr'>haberet</span> <span class='ocrx_word' id='word_1_277' title='bbox 3510 938 3618 992; x_wconf 79' lang='lat' dir='ltr'>Ka-</span> 
     </span>
    </p>
   </div>
   <div class='ocr_carea' id='block_1_38' title="bbox 1970 1015 3621 1096">
    <p class='ocr_par' dir='ltr' id='par_1_38' title="bbox 1970 1015 3621 1096">
     <span class='ocr_line' id='line_1_38' title="bbox 1970 1015 3621 1096; baseline 0.005 -23"><span class='ocrx_word' id='word_1_278' title='bbox 1970 1015 2459 1090; x_wconf 87' lang='lat' dir='ltr'>rolusaSequana</span> <span class='ocrx_word' id='word_1_279' title='bbox 2480 1024 2707 1091; x_wconf 88' lang='lat' dir='ltr'>partem</span> <span class='ocrx_word' id='word_1_280' title='bbox 2733 1020 3049 1077; x_wconf 91' lang='lat' dir='ltr'>Occiduam</span> <span class='ocrx_word' id='word_1_281' title='bbox 3075 1024 3298 1096; x_wconf 88' lang='lat' dir='ltr'>absque</span> <span class='ocrx_word' id='word_1_282' title='bbox 3321 1024 3621 1081; x_wconf 81' lang='lat' dir='ltr'>Provincia</span> 
     </span>
    </p>
   </div>
   <div class='ocr_carea' id='block_1_39' title="bbox 1970 1106 3623 1184">
    <p class='ocr_par' dir='ltr' id='par_1_39' title="bbox 1970 1106 3623 1184">
     <span class='ocr_line' id='line_1_39' title="bbox 1970 1106 3623 1184; baseline 0.004 -22"><span class='ocrx_word' id='word_1_283' title='bbox 1970 1111 2029 1163; x_wconf 89' lang='lat' dir='ltr'>et</span> <span class='ocrx_word' id='word_1_284' title='bbox 2060 1106 2214 1178; x_wconf 89' lang='lat' dir='ltr'>Septi</span> <span class='ocrx_word' id='word_1_285' title='bbox 2224 1107 2440 1174; x_wconf 86' lang='lat' dir='ltr'>mania,</span> <span class='ocrx_word' id='word_1_286' title='bbox 2466 1112 2783 1181; x_wconf 87' lang='lat' dir='ltr'>essentque</span> <span class='ocrx_word' id='word_1_287' title='bbox 2802 1110 2971 1181; x_wconf 88' lang='lat' dir='ltr'>quasi</span> <span class='ocrx_word' id='word_1_288' title='bbox 2994 1126 3136 1182; x_wconf 87' lang='lat' dir='ltr'>pace</span> <span class='ocrx_word' id='word_1_289' title='bbox 3157 1116 3438 1184; x_wconf 88' lang='lat' dir='ltr'>perpetua</span> <span class='ocrx_word' id='word_1_290' title='bbox 3456 1113 3623 1168; x_wconf 73' lang='lat' dir='ltr'>faade-</span> 
     </span>
    </p>
   </div>
   <div class='ocr_carea' id='block_1_40' title="bbox 1971 1195 3622 1273">
    <p class='ocr_par' dir='ltr' id='par_1_40' title="bbox 1971 1195 3622 1273">
     <span class='ocr_line' id='line_1_40' title="bbox 1971 1195 3622 1273; baseline 0.005 -24"><span class='ocrx_word' id='word_1_291' title='bbox 1971 1195 2192 1251; x_wconf 81' lang='lat' dir='ltr'>rati.Re</span> <span class='ocrx_word' id='word_1_292' title='bbox 2223 1199 2420 1251; x_wconf 89' lang='lat' dir='ltr'>autem</span> <span class='ocrx_word' id='word_1_293' title='bbox 2453 1212 2589 1253; x_wconf 86' lang='lat' dir='ltr'>vera</span> <span class='ocrx_word' id='word_1_294' title='bbox 2612 1197 2696 1252; x_wconf 87' lang='lat' dir='ltr'>sic</span> <span class='ocrx_word' id='word_1_295' title='bbox 2718 1213 2780 1252; x_wconf 92' lang='lat' dir='ltr'>se</span> <span class='ocrx_word' id='word_1_296' title='bbox 2802 1202 3087 1270; x_wconf 89' lang='lat' dir='ltr'>utrosque</span> <span class='ocrx_word' id='word_1_297' title='bbox 3104 1198 3333 1256; x_wconf 80' lang='lat' dir='ltr'>facilius</span> <span class='ocrx_word' id='word_1_298' title='bbox 3358 1200 3622 1273; x_wconf 74' lang='lat' dir='ltr'>decipere</span> 
     </span>
    </p>
   </div>
   <div class='ocr_carea' id='block_1_41' title="bbox 1972 1285 3625 1359">
    <p class='ocr_par' dir='ltr' id='par_1_41' title="bbox 1972 1285 3625 1359">
     <span class='ocr_line' id='line_1_41' title="bbox 1972 1285 3625 1359; baseline 0.002 -18"><span class='ocrx_word' id='word_1_299' title='bbox 1972 1301 2144 1356; x_wconf 85' lang='lat' dir='ltr'>posse</span> <span class='ocrx_word' id='word_1_300' title='bbox 2164 1286 2722 1358; x_wconf 86' lang='lat' dir='ltr'>putabat,omneque</span> <span class='ocrx_word' id='word_1_301' title='bbox 2744 1285 3058 1359; x_wconf 88' lang='lat' dir='ltr'>imperium</span> <span class='ocrx_word' id='word_1_302' title='bbox 3080 1287 3190 1345; x_wconf 89' lang='lat' dir='ltr'>hac</span> <span class='ocrx_word' id='word_1_303' title='bbox 3212 1293 3333 1346; x_wconf 82' lang='lat' dir='ltr'>arte</span> <span class='ocrx_word' id='word_1_304' title='bbox 3355 1288 3625 1345; x_wconf 76' lang='lat' dir='ltr'>invadere</span> 
     </span>
    </p>
   </div>
   <div class='ocr_carea' id='block_1_42' title="bbox 1972 1373 3623 1449">
    <p class='ocr_par' dir='ltr' id='par_1_42' title="bbox 1972 1373 3623 1449">
     <span class='ocr_line' id='line_1_42' title="bbox 1972 1373 3623 1449; baseline 0.003 -20"><span class='ocrx_word' id='word_1_305' title='bbox 1972 1373 2266 1445; x_wconf 87' lang='lat' dir='ltr'>sperabat.</span> <span class='ocrx_word' id='word_1_306' title='bbox 2289 1375 2363 1429; x_wconf 89' lang='lat' dir='ltr'>At</span> <span class='ocrx_word' id='word_1_307' title='bbox 2396 1374 2639 1431; x_wconf 89' lang='lat' dir='ltr'>Karolus</span> <span class='ocrx_word' id='word_1_308' title='bbox 2670 1375 2973 1447; x_wconf 88' lang='lat' dir='ltr'>respondit</span> <span class='ocrx_word' id='word_1_309' title='bbox 3000 1393 3065 1433; x_wconf 86' lang='lat' dir='ltr'>se</span> <span class='ocrx_word' id='word_1_310' title='bbox 3094 1376 3470 1449; x_wconf 83' lang='lat' dir='ltr'>foedus,quod</span> <span class='ocrx_word' id='word_1_311' title='bbox 3485 1390 3623 1435; x_wconf 87' lang='lat' dir='ltr'>cum</span> 
     </span>
    </p>
   </div>
   <div class='ocr_carea' id='block_1_43' title="bbox 1973 1461 3625 1534">
    <p class='ocr_par' dir='ltr' id='par_1_43' title="bbox 1973 1461 3625 1534">
     <span class='ocr_line' id='line_1_43' title="bbox 1973 1461 3625 1534; baseline 0.004 -18"><span class='ocrx_word' id='word_1_312' title='bbox 1973 1461 2151 1517; x_wconf 86' lang='lat' dir='ltr'>fratre</span> <span class='ocrx_word' id='word_1_313' title='bbox 2168 1478 2275 1517; x_wconf 92' lang='lat' dir='ltr'>suo</span> <span class='ocrx_word' id='word_1_314' title='bbox 2293 1462 2641 1519; x_wconf 87' lang='lat' dir='ltr'>necessitate</span> <span class='ocrx_word' id='word_1_315' title='bbox 2658 1468 2892 1521; x_wconf 90' lang='lat' dir='ltr'>coactus</span> <span class='ocrx_word' id='word_1_316' title='bbox 2914 1464 3144 1534; x_wconf 84' lang='lat' dir='ltr'>inierat,</span> <span class='ocrx_word' id='word_1_317' title='bbox 3153 1465 3399 1522; x_wconf 88' lang='lat' dir='ltr'>minime</span> <span class='ocrx_word' id='word_1_318' title='bbox 3408 1464 3625 1523; x_wconf 82' lang='lat' dir='ltr'>violare</span> 
     </span>
    </p>
   </div>
   <div class='ocr_carea' id='block_1_44' title="bbox 1970 1549 3623 1628">
    <p class='ocr_par' dir='ltr' id='par_1_44' title="bbox 1970 1549 3623 1628">
     <span class='ocr_line' id='line_1_44' title="bbox 1970 1549 3623 1628; baseline 0.003 -21"><span class='ocrx_word' id='word_1_319' title='bbox 1970 1549 2136 1607; x_wconf 82' lang='lat' dir='ltr'>velle.</span> <span class='ocrx_word' id='word_1_320' title='bbox 2174 1550 2419 1623; x_wconf 81' lang='lat' dir='ltr'>Insuper</span> <span class='ocrx_word' id='word_1_321' title='bbox 2448 1557 2567 1607; x_wconf 87' lang='lat' dir='ltr'>uta</span> <span class='ocrx_word' id='word_1_322' title='bbox 2589 1551 2752 1609; x_wconf 85' lang='lat' dir='ltr'>Mosa</span> <span class='ocrx_word' id='word_1_323' title='bbox 2778 1569 2968 1626; x_wconf 87' lang='lat' dir='ltr'>usque</span> <span class='ocrx_word' id='word_1_324' title='bbox 2992 1554 3328 1626; x_wconf 86' lang='lat' dir='ltr'>Sequanam</span> <span class='ocrx_word' id='word_1_325' title='bbox 3354 1570 3623 1628; x_wconf 84' lang='lat' dir='ltr'>regnum,</span> 
     </span>
    </p>
   </div>
   <div class='ocr_carea' id='block_1_45' title="bbox 1972 1639 3627 1716">
    <p class='ocr_par' dir='ltr' id='par_1_45' title="bbox 1972 1639 3627 1716">
     <span class='ocr_line' id='line_1_45' title="bbox 1972 1639 3627 1716; baseline 0.005 -23"><span class='ocrx_word' id='word_1_326' title='bbox 1972 1639 2129 1711; x_wconf 90' lang='lat' dir='ltr'>quod</span> <span class='ocrx_word' id='word_1_327' title='bbox 2160 1644 2326 1711; x_wconf 90' lang='lat' dir='ltr'>pater</span> <span class='ocrx_word' id='word_1_328' title='bbox 2342 1639 2426 1694; x_wconf 92' lang='lat' dir='ltr'>illi</span> <span class='ocrx_word' id='word_1_329' title='bbox 2451 1640 2708 1709; x_wconf 88' lang='lat' dir='ltr'>dederat,</span> <span class='ocrx_word' id='word_1_330' title='bbox 2725 1658 3100 1715; x_wconf 88' lang='lat' dir='ltr'>nequaquam</span> <span class='ocrx_word' id='word_1_331' title='bbox 3123 1658 3450 1716; x_wconf 86' lang='lat' dir='ltr'>congruum</span> <span class='ocrx_word' id='word_1_332' title='bbox 3471 1644 3627 1701; x_wconf 80' lang='lat' dir='ltr'>vide-</span> 
     </span>
    </p>
   </div>
   <div class='ocr_carea' id='block_1_46' title="bbox 1972 1728 3625 1802">
    <p class='ocr_par' dir='ltr' id='par_1_46' title="bbox 1972 1728 3625 1802">
     <span class='ocr_line' id='line_1_46' title="bbox 1972 1728 3625 1802; baseline 0.002 -16"><span class='ocrx_word' id='word_1_333' title='bbox 1972 1731 2135 1786; x_wconf 83' lang='lat' dir='ltr'>retur</span> <span class='ocrx_word' id='word_1_334' title='bbox 2164 1732 2229 1787; x_wconf 88' lang='lat' dir='ltr'>ut</span> <span class='ocrx_word' id='word_1_335' title='bbox 2255 1728 2340 1784; x_wconf 89' lang='lat' dir='ltr'>illi</span> <span class='ocrx_word' id='word_1_336' title='bbox 2373 1729 3038 1802; x_wconf 70' lang='lat' dir='ltr'>omitteret;_praasertim</span> <span class='ocrx_word' id='word_1_337' title='bbox 3072 1748 3208 1788; x_wconf 87' lang='lat' dir='ltr'>cum</span> <span class='ocrx_word' id='word_1_338' title='bbox 3231 1736 3394 1789; x_wconf 80' lang='lat' dir='ltr'>tanta</span> <span class='ocrx_word' id='word_1_339' title='bbox 3413 1731 3625 1789; x_wconf 82' lang='lat' dir='ltr'>nobili-</span> 
     </span>
    </p>
   </div>
   <div class='ocr_carea' id='block_1_47' title="bbox 1970 1816 3627 1891">
    <p class='ocr_par' dir='ltr' id='par_1_47' title="bbox 1970 1816 3627 1891">
     <span class='ocr_line' id='line_1_47' title="bbox 1970 1816 3627 1891; baseline 0.002 -18"><span class='ocrx_word' id='word_1_340' title='bbox 1970 1821 2065 1873; x_wconf 87' lang='lat' dir='ltr'>tas</span> <span class='ocrx_word' id='word_1_341' title='bbox 2093 1816 2259 1872; x_wconf 90' lang='lat' dir='ltr'>illum</span> <span class='ocrx_word' id='word_1_342' title='bbox 2290 1821 2492 1874; x_wconf 89' lang='lat' dir='ltr'>secuta</span> <span class='ocrx_word' id='word_1_343' title='bbox 2513 1817 2584 1872; x_wconf 92' lang='lat' dir='ltr'>de</span> <span class='ocrx_word' id='word_1_344' title='bbox 2606 1817 2699 1873; x_wconf 87' lang='lat' dir='ltr'>his</span> <span class='ocrx_word' id='word_1_345' title='bbox 2720 1818 3060 1891; x_wconf 84' lang='lat' dir='ltr'>regionibus</span> <span class='ocrx_word' id='word_1_346' title='bbox 3081 1823 3414 1891; x_wconf 86' lang='lat' dir='ltr'>esset,ques</span> <span class='ocrx_word' id='word_1_347' title='bbox 3436 1820 3494 1875; x_wconf 87' lang='lat' dir='ltr'>in</span> <span class='ocrx_word' id='word_1_348' title='bbox 3512 1837 3627 1877; x_wconf 74' lang='lat' dir='ltr'>sua</span> 
     </span>
    </p>
   </div>
   <div class='ocr_carea' id='block_1_48' title="bbox 1972 1905 3625 1979">
    <p class='ocr_par' dir='ltr' id='par_1_48' title="bbox 1972 1905 3625 1979">
     <span class='ocr_line' id='line_1_48' title="bbox 1972 1905 3625 1979; baseline 0.001 -17"><span class='ocrx_word' id='word_1_349' title='bbox 1972 1905 2087 1963; x_wconf 83' lang='lat' dir='ltr'>fide</span> <span class='ocrx_word' id='word_1_350' title='bbox 2117 1906 2387 1977; x_wconf 90' lang='lat' dir='ltr'>deceptos</span> <span class='ocrx_word' id='word_1_351' title='bbox 2414 1921 2543 1961; x_wconf 91' lang='lat' dir='ltr'>esse</span> <span class='ocrx_word' id='word_1_352' title='bbox 2587 1905 2832 1964; x_wconf 87' lang='lat' dir='ltr'>minime</span> <span class='ocrx_word' id='word_1_353' title='bbox 2876 1912 3192 1979; x_wconf 86' lang='lat' dir='ltr'>oporteret.</span> <span class='ocrx_word' id='word_1_354' title='bbox 3228 1909 3625 1974; x_wconf 85' lang='lat' dir='ltr'>Quamobrem</span> 
     </span>
    </p>
   </div>
   <div class='ocr_carea' id='block_1_49' title="bbox 1973 1993 3625 2069">
    <p class='ocr_par' dir='ltr' id='par_1_49' title="bbox 1973 1993 3625 2069">
     <span class='ocr_line' id='line_1_49' title="bbox 1973 1993 3625 2069; baseline 0.003 -19"><span class='ocrx_word' id='word_1_355' title='bbox 1973 1994 2251 2067; x_wconf 88' lang='lat' dir='ltr'>quoniam</span> <span class='ocrx_word' id='word_1_356' title='bbox 2268 1993 2459 2050; x_wconf 90' lang='lat' dir='ltr'>hiems</span> <span class='ocrx_word' id='word_1_357' title='bbox 2475 1995 2698 2063; x_wconf 89' lang='lat' dir='ltr'>aderat,</span> <span class='ocrx_word' id='word_1_358' title='bbox 2719 1994 2960 2051; x_wconf 86' lang='lat' dir='ltr'>haberet</span> <span class='ocrx_word' id='word_1_359' title='bbox 2973 1995 3192 2069; x_wconf 89' lang='lat' dir='ltr'>quique</span> <span class='ocrx_word' id='word_1_360' title='bbox 3207 1996 3460 2053; x_wconf 82' lang='lat' dir='ltr'>honores</span> <span class='ocrx_word' id='word_1_361' title='bbox 3474 2011 3625 2068; x_wconf 74' lang='lat' dir='ltr'>quos</span> 
     </span>
    </p>
   </div>
   <div class='ocr_carea' id='block_1_50' title="bbox 1974 2082 3625 2156">
    <p class='ocr_par' dir='ltr' id='par_1_50' title="bbox 1974 2082 3625 2156">
     <span class='ocr_line' id='line_1_50' title="bbox 1974 2082 3625 2156; baseline 0.001 -16"><span class='ocrx_word' id='word_1_362' title='bbox 1974 2088 2139 2156; x_wconf 88' lang='lat' dir='ltr'>pater</span> <span class='ocrx_word' id='word_1_363' title='bbox 2168 2082 2285 2139; x_wconf 90' lang='lat' dir='ltr'>illis</span> <span class='ocrx_word' id='word_1_364' title='bbox 2315 2083 2575 2151; x_wconf 88' lang='lat' dir='ltr'>dederat,</span> <span class='ocrx_word' id='word_1_365' title='bbox 2604 2083 2654 2139; x_wconf 88' lang='lat' dir='ltr'>si</span> <span class='ocrx_word' id='word_1_366' title='bbox 2686 2082 2874 2150; x_wconf 88' lang='lat' dir='ltr'>vellet,</span> <span class='ocrx_word' id='word_1_367' title='bbox 2910 2084 3233 2153; x_wconf 88' lang='lat' dir='ltr'>mandavit,</span> <span class='ocrx_word' id='word_1_368' title='bbox 3266 2085 3451 2141; x_wconf 90' lang='lat' dir='ltr'>donec</span> <span class='ocrx_word' id='word_1_369' title='bbox 3472 2084 3625 2142; x_wconf 87' lang='lat' dir='ltr'>veris</span> 
     </span>
    </p>
   </div>
   <div class='ocr_carea' id='block_1_51' title="bbox 1974 2171 3625 2245">
    <p class='ocr_par' dir='ltr' id='par_1_51' title="bbox 1974 2171 3625 2245">
     <span class='ocr_line' id='line_1_51' title="bbox 1974 2171 3625 2245; baseline 0.001 -19"><span class='ocrx_word' id='word_1_370' title='bbox 1974 2176 2233 2244; x_wconf 89' lang='lat' dir='ltr'>tempore</span> <span class='ocrx_word' id='word_1_371' title='bbox 2264 2171 2351 2227; x_wconf 89' lang='lat' dir='ltr'>vel</span> <span class='ocrx_word' id='word_1_372' title='bbox 2383 2188 2517 2227; x_wconf 89' lang='lat' dir='ltr'>cum</span> <span class='ocrx_word' id='word_1_373' title='bbox 2550 2171 2868 2245; x_wconf 87' lang='lat' dir='ltr'>paucis,vel</span> <span class='ocrx_word' id='word_1_374' title='bbox 2893 2173 3074 2231; x_wconf 86' lang='lat' dir='ltr'>etiam</span> <span class='ocrx_word' id='word_1_375' title='bbox 3103 2189 3239 2228; x_wconf 91' lang='lat' dir='ltr'>cum</span> <span class='ocrx_word' id='word_1_376' title='bbox 3271 2173 3430 2229; x_wconf 89' lang='lat' dir='ltr'>omni</span> <span class='ocrx_word' id='word_1_377' title='bbox 3451 2173 3625 2229; x_wconf 85' lang='lat' dir='ltr'>comi-</span> 
     </span>
    </p>
   </div>
   <div class='ocr_carea' id='block_1_52' title="bbox 1973 2260 3628 2329">
    <p class='ocr_par' dir='ltr' id='par_1_52' title="bbox 1973 2260 3628 2329">
     <span class='ocr_line' id='line_1_52' title="bbox 1973 2260 3628 2329; baseline 0.001 -14"><span class='ocrx_word' id='word_1_378' title='bbox 1973 2266 2119 2328; x_wconf 87' lang='lat' dir='ltr'>tatu,</span> <span class='ocrx_word' id='word_1_379' title='bbox 2152 2276 2358 2318; x_wconf 89' lang='lat' dir='ltr'>omnes</span> <span class='ocrx_word' id='word_1_380' title='bbox 2388 2260 2769 2329; x_wconf 81' lang='lat' dir='ltr'>conveniant;</span> <span class='ocrx_word' id='word_1_381' title='bbox 2792 2264 2850 2315; x_wconf 89' lang='lat' dir='ltr'>et</span> <span class='ocrx_word' id='word_1_382' title='bbox 2871 2262 2930 2316; x_wconf 90' lang='lat' dir='ltr'>ni</span> <span class='ocrx_word' id='word_1_383' title='bbox 2955 2262 3195 2318; x_wconf 87' lang='lat' dir='ltr'>statutis</span> <span class='ocrx_word' id='word_1_384' title='bbox 3236 2266 3340 2319; x_wconf 87' lang='lat' dir='ltr'>aut</span> <span class='ocrx_word' id='word_1_385' title='bbox 3368 2264 3628 2319; x_wconf 61' lang='lat' dir='ltr'>statuam</span> 
     </span>
    </p>
   </div>
   <div class='ocr_carea' id='block_1_53' title="bbox 1974 2348 3626 2422">
    <p class='ocr_par' dir='ltr' id='par_1_53' title="bbox 1974 2348 3626 2422">
     <span class='ocr_line' id='line_1_53' title="bbox 1974 2348 3626 2422; baseline 0.001 -18"><span class='ocrx_word' id='word_1_386' title='bbox 1974 2349 2067 2405; x_wconf 93' lang='lat' dir='ltr'>dis</span> <span class='ocrx_word' id='word_1_387' title='bbox 2079 2349 2388 2405; x_wconf 86' lang='lat' dir='ltr'>concordia</span> <span class='ocrx_word' id='word_1_388' title='bbox 2398 2348 2878 2421; x_wconf 87' lang='lat' dir='ltr'>concurrat,quid</span> <span class='ocrx_word' id='word_1_389' title='bbox 2899 2350 3112 2422; x_wconf 87' lang='lat' dir='ltr'>cuique</span> <span class='ocrx_word' id='word_1_390' title='bbox 3133 2349 3626 2419; x_wconf 85' lang='lat' dir='ltr'>debeatur,armis</span> 
     </span>
    </p>
   </div>
   <div class='ocr_carea' id='block_1_54' title="bbox 1974 2436 3628 2511">
    <p class='ocr_par' dir='ltr' id='par_1_54' title="bbox 1974 2436 3628 2511">
     <span class='ocr_line' id='line_1_54' title="bbox 1974 2436 3628 2511; baseline 0.001 -17"><span class='ocrx_word' id='word_1_391' title='bbox 1974 2438 2454 2503; x_wconf 79' lang='lat' dir='ltr'>deeernant.Quse</span> <span class='ocrx_word' id='word_1_392' title='bbox 2473 2436 2711 2509; x_wconf 89' lang='lat' dir='ltr'>quidem</span> <span class='ocrx_word' id='word_1_393' title='bbox 2734 2437 3061 2495; x_wconf 89' lang='lat' dir='ltr'>Lodharius</span> <span class='ocrx_word' id='word_1_394' title='bbox 3094 2455 3255 2495; x_wconf 88' lang='lat' dir='ltr'>more</span> <span class='ocrx_word' id='word_1_395' title='bbox 3278 2436 3450 2496; x_wconf 88' lang='lat' dir='ltr'>solito</span> <span class='ocrx_word' id='word_1_396' title='bbox 3471 2456 3628 2511; x_wconf 88' lang='lat' dir='ltr'>spre-</span> 
     </span>
    </p>
   </div>
   <div class='ocr_carea' id='block_1_55' title="bbox 1974 2526 3628 2600">
    <p class='ocr_par' dir='ltr' id='par_1_55' title="bbox 1974 2526 3628 2600">
     <span class='ocr_line' id='line_1_55' title="bbox 1974 2526 3628 2600; baseline 0 -18"><span class='ocrx_word' id='word_1_397' title='bbox 1974 2527 2056 2582; x_wconf 87' lang='lat' dir='ltr'>vit</span> <span class='ocrx_word' id='word_1_398' title='bbox 2082 2532 2141 2582; x_wconf 92' lang='lat' dir='ltr'>et</span> <span class='ocrx_word' id='word_1_399' title='bbox 2160 2544 2196 2582; x_wconf 91' lang='lat' dir='ltr'>a</span> <span class='ocrx_word' id='word_1_400' title='bbox 2215 2527 2428 2583; x_wconf 87' lang='lat' dir='ltr'>Sancto</span> <span class='ocrx_word' id='word_1_401' title='bbox 2458 2526 2734 2600; x_wconf 80' lang='lat' dir='ltr'>Dionysio</span> <span class='ocrx_word' id='word_1_402' title='bbox 2752 2526 2986 2584; x_wconf 89' lang='lat' dir='ltr'>obviam</span> <span class='ocrx_word' id='word_1_403' title='bbox 3010 2526 3341 2599; x_wconf 86' lang='lat' dir='ltr'>Pipino,qui</span> <span class='ocrx_word' id='word_1_404' title='bbox 3360 2527 3434 2583; x_wconf 86' lang='lat' dir='ltr'>ab</span> <span class='ocrx_word' id='word_1_405' title='bbox 3452 2527 3628 2599; x_wconf 81' lang='lat' dir='ltr'>Aqui-</span> 
     </span>
    </p>
   </div>
   <div class='ocr_carea' id='block_1_56' title="bbox 1973 2614 3627 2691">
    <p class='ocr_par' dir='ltr' id='par_1_56' title="bbox 1973 2614 3627 2691">
     <span class='ocr_line' id='line_1_56' title="bbox 1973 2614 3627 2691; baseline 0.001 -20"><span class='ocrx_word' id='word_1_406' title='bbox 1973 2616 2137 2671; x_wconf 88' lang='lat' dir='ltr'>tania</span> <span class='ocrx_word' id='word_1_407' title='bbox 2157 2616 2229 2671; x_wconf 90' lang='lat' dir='ltr'>ad</span> <span class='ocrx_word' id='word_1_408' title='bbox 2251 2614 2419 2670; x_wconf 90' lang='lat' dir='ltr'>illum</span> <span class='ocrx_word' id='word_1_409' title='bbox 2442 2614 2994 2685; x_wconf 86' lang='lat' dir='ltr'>veniebat,Senones</span> <span class='ocrx_word' id='word_1_410' title='bbox 3016 2615 3125 2671; x_wconf 90' lang='lat' dir='ltr'>iter</span> <span class='ocrx_word' id='word_1_411' title='bbox 3142 2614 3627 2691; x_wconf 79' lang='lat' dir='ltr'>direxit.Karolus</span> 
     </span>
    </p>
   </div>
   <div class='ocr_carea' id='block_1_57' title="bbox 1975 2702 3625 2776">
    <p class='ocr_par' dir='ltr' id='par_1_57' title="bbox 1975 2702 3625 2776">
     <span class='ocr_line' id='line_1_57' title="bbox 1975 2702 3625 2776; baseline -0.002 -13"><span class='ocrx_word' id='word_1_412' title='bbox 1975 2709 2169 2763; x_wconf 83' lang='lat' dir='ltr'>autem</span> <span class='ocrx_word' id='word_1_413' title='bbox 2186 2708 2444 2772; x_wconf 89' lang='lat' dir='ltr'>econtra,</span> <span class='ocrx_word' id='word_1_414' title='bbox 2466 2702 2719 2775; x_wconf 88' lang='lat' dir='ltr'>qualiter</span> <span class='ocrx_word' id='word_1_415' title='bbox 2740 2702 3168 2763; x_wconf 87' lang='lat' dir='ltr'>Lodhuwicum</span> <span class='ocrx_word' id='word_1_416' title='bbox 3186 2704 3247 2760; x_wconf 87' lang='lat' dir='ltr'>in</span> <span class='ocrx_word' id='word_1_417' title='bbox 3264 2704 3625 2776; x_wconf 87' lang='lat' dir='ltr'>adjutorium</span> 
     </span>
    </p>
   </div>
   <div class='ocr_carea' id='block_1_58' title="bbox 1975 2792 2993 2865">
    <p class='ocr_par' dir='ltr' id='par_1_58' title="bbox 1975 2792 2993 2865">
     <span class='ocr_line' id='line_1_58' title="bbox 1975 2792 2993 2865; baseline -0.004 -14"><span class='ocrx_word' id='word_1_418' title='bbox 1975 2810 2152 2851; x_wconf 88' lang='lat' dir='ltr'>suum</span> <span class='ocrx_word' id='word_1_419' title='bbox 2183 2793 2440 2865; x_wconf 87' lang='lat' dir='ltr'>recipere</span> <span class='ocrx_word' id='word_1_420' title='bbox 2466 2796 2689 2865; x_wconf 88' lang='lat' dir='ltr'>posset,</span> <span class='ocrx_word' id='word_1_421' title='bbox 2720 2792 2993 2850; x_wconf 88' lang='lat' dir='ltr'>intendit.</span> 
     </span>
    </p>
   </div>
   <div class='ocr_carea' id='block_1_59' title="bbox 2048 2880 3624 2953">
    <p class='ocr_par' dir='ltr' id='par_1_59' title="bbox 2048 2880 3624 2953">
     <span class='ocr_line' id='line_1_59' title="bbox 2048 2880 3624 2953; baseline 0.001 -16"><span class='ocrx_word' id='word_1_422' title='bbox 2048 2883 2273 2938; x_wconf 89' lang='lat' dir='ltr'>Interea</span> <span class='ocrx_word' id='word_1_423' title='bbox 2316 2880 2655 2936; x_wconf 89' lang='lat' dir='ltr'>nuntiatum</span> <span class='ocrx_word' id='word_1_424' title='bbox 2704 2885 2795 2935; x_wconf 85' lang='lat' dir='ltr'>est</span> <span class='ocrx_word' id='word_1_425' title='bbox 2842 2880 3069 2949; x_wconf 85' lang='lat' dir='ltr'>Karolo,</span> <span class='ocrx_word' id='word_1_426' title='bbox 3101 2881 3260 2953; x_wconf 90' lang='lat' dir='ltr'>quod</span> <span class='ocrx_word' id='word_1_427' title='bbox 3309 2897 3475 2937; x_wconf 90' lang='lat' dir='ltr'>soror</span> <span class='ocrx_word' id='word_1_428' title='bbox 3517 2899 3624 2939; x_wconf 88' lang='lat' dir='ltr'>sua</span> 
     </span>
    </p>
   </div>
   <div class='ocr_carea' id='block_1_60' title="bbox 1977 2967 3620 3043">
    <p class='ocr_par' dir='ltr' id='par_1_60' title="bbox 1977 2967 3620 3043">
     <span class='ocr_line' id='line_1_60' title="bbox 1977 2967 3620 3043; baseline 0.001 -17"><span class='ocrx_word' id='word_1_429' title='bbox 1977 2969 2331 3043; x_wconf 84' lang='lat' dir='ltr'>llildigardis</span> <span class='ocrx_word' id='word_1_430' title='bbox 2356 2967 2733 3040; x_wconf 84' lang='lat' dir='ltr'>Adelgarium</span> <span class='ocrx_word' id='word_1_431' title='bbox 2765 2968 3084 3041; x_wconf 88' lang='lat' dir='ltr'>quemdam</span> <span class='ocrx_word' id='word_1_432' title='bbox 3115 2986 3184 3027; x_wconf 82' lang='lat' dir='ltr'>ex</span> <span class='ocrx_word' id='word_1_433' title='bbox 3213 2969 3338 3025; x_wconf 90' lang='lat' dir='ltr'>suis</span> <span class='ocrx_word' id='word_1_434' title='bbox 3381 2975 3620 3042; x_wconf 87' lang='lat' dir='ltr'>captum</span> 
     </span>
    </p>
   </div>
   <div class='ocr_carea' id='block_1_61' title="bbox 1975 3056 3621 3127">
    <p class='ocr_par' dir='ltr' id='par_1_61' title="bbox 1975 3056 3621 3127">
     <span class='ocr_line' id='line_1_61' title="bbox 1975 3056 3621 3127; baseline -0.001 -13"><span class='ocrx_word' id='word_1_435' title='bbox 1975 3059 2234 3127; x_wconf 88' lang='lat' dir='ltr'>haberet,</span> <span class='ocrx_word' id='word_1_436' title='bbox 2250 3061 2308 3115; x_wconf 89' lang='lat' dir='ltr'>et</span> <span class='ocrx_word' id='word_1_437' title='bbox 2323 3056 2383 3113; x_wconf 91' lang='lat' dir='ltr'>in</span> <span class='ocrx_word' id='word_1_438' title='bbox 2405 3057 2548 3113; x_wconf 89' lang='lat' dir='ltr'>urbe</span> <span class='ocrx_word' id='word_1_439' title='bbox 2578 3056 2954 3114; x_wconf 91' lang='lat' dir='ltr'>Laudunensi</span> <span class='ocrx_word' id='word_1_440' title='bbox 2974 3074 3091 3114; x_wconf 87' lang='lat' dir='ltr'>una</span> <span class='ocrx_word' id='word_1_441' title='bbox 3115 3074 3317 3114; x_wconf 89' lang='lat' dir='ltr'>secum</span> <span class='ocrx_word' id='word_1_442' title='bbox 3338 3057 3621 3114; x_wconf 87' lang='lat' dir='ltr'>custodiri</span> 
     </span>
    </p>
   </div>
   <div class='ocr_carea' id='block_1_62' title="bbox 1974 3146 3623 3220">
    <p class='ocr_par' dir='ltr' id='par_1_62' title="bbox 1974 3146 3623 3220">
     <span class='ocr_line' id='line_1_62' title="bbox 1974 3146 3623 3220; baseline -0.001 -16"><span class='ocrx_word' id='word_1_443' title='bbox 1974 3147 2226 3207; x_wconf 86' lang='lat' dir='ltr'>fecisset.</span> <span class='ocrx_word' id='word_1_444' title='bbox 2258 3148 2383 3213; x_wconf 87' lang='lat' dir='ltr'>Qua</span> <span class='ocrx_word' id='word_1_445' title='bbox 2411 3162 2514 3218; x_wconf 89' lang='lat' dir='ltr'>pro</span> <span class='ocrx_word' id='word_1_446' title='bbox 2547 3163 2607 3202; x_wconf 89' lang='lat' dir='ltr'>re</span> <span class='ocrx_word' id='word_1_447' title='bbox 2636 3146 2934 3218; x_wconf 81' lang='lat' dir='ltr'>expeditos</span> <span class='ocrx_word' id='word_1_448' title='bbox 2964 3147 3036 3203; x_wconf 87' lang='lat' dir='ltr'>ad</span> <span class='ocrx_word' id='word_1_449' title='bbox 3066 3146 3177 3204; x_wconf 92' lang='lat' dir='ltr'>hoc</span> <span class='ocrx_word' id='word_1_450' title='bbox 3197 3164 3346 3220; x_wconf 91' lang='lat' dir='ltr'>opus</span> <span class='ocrx_word' id='word_1_451' title='bbox 3376 3147 3623 3205; x_wconf 85' lang='lat' dir='ltr'>Karolus</span> 
     </span>
    </p>
   </div>
   <div class='ocr_carea' id='block_1_63' title="bbox 201 3225 3623 3315">
    <p class='ocr_par' dir='ltr' id='par_1_63' title="bbox 201 3225 3623 3315">
     <span class='ocr_line' id='line_1_63' title="bbox 201 3225 3623 3315; baseline 0 -21"><span class='ocrx_word' id='word_1_452' title='bbox 201 3256 350 3303; x_wconf 78' lang='lat' dir='ltr'>num</span> <span class='ocrx_word' id='word_1_453' title='bbox 382 3239 460 3294; x_wconf 91' lang='lat' dir='ltr'>ad</span> <span class='ocrx_word' id='word_1_454' title='bbox 494 3239 714 3294; x_wconf 67' lang='lat' dir='ltr'>caedem</span> <span class='ocrx_word' id='word_1_455' title='bbox 737 3243 1006 3295; x_wconf 87' lang='lat' dir='ltr'>mutuam</span> <span class='ocrx_word' id='word_1_456' title='bbox 1032 3240 1323 3297; x_wconf 75' lang='lat' dir='ltr'>conﬁnem</span> <span class='ocrx_word' id='word_1_457' title='bbox 1345 3241 1753 3315; x_wconf 86' lang='lat' dir='ltr'>compellat.Et</span> <span class='ocrx_word' id='word_1_458' title='bbox 1774 3243 1864 3299; x_wconf 87' lang='lat' dir='ltr'>bis</span> <span class='ocrx_word' id='word_1_459' title='bbox 1894 3225 1939 3294; x_wconf 82' lang='lat' dir='ltr'><strong><em>C</em></strong></span> <span class='ocrx_word' id='word_1_460' title='bbox 1976 3237 2088 3294; x_wconf 89' lang='lat' dir='ltr'>sibi</span> <span class='ocrx_word' id='word_1_461' title='bbox 2132 3235 2364 3309; x_wconf 85' lang='lat' dir='ltr'>delegit,</span> <span class='ocrx_word' id='word_1_462' title='bbox 2398 3252 2465 3290; x_wconf 87' lang='lat' dir='ltr'>ac</span> <span class='ocrx_word' id='word_1_463' title='bbox 2515 3234 2782 3308; x_wconf 89' lang='lat' dir='ltr'>protinus</span> <span class='ocrx_word' id='word_1_464' title='bbox 2830 3235 3072 3295; x_wconf 84' lang='lat' dir='ltr'>decente</span> <span class='ocrx_word' id='word_1_465' title='bbox 3108 3237 3238 3308; x_wconf 87' lang='lat' dir='ltr'>jam</span> <span class='ocrx_word' id='word_1_466' title='bbox 3288 3236 3402 3305; x_wconf 89' lang='lat' dir='ltr'>die,</span> <span class='ocrx_word' id='word_1_467' title='bbox 3434 3236 3530 3293; x_wconf 89' lang='lat' dir='ltr'>his</span> <span class='ocrx_word' id='word_1_468' title='bbox 3560 3237 3623 3294; x_wconf 89' lang='lat' dir='ltr'>in</span> 
     </span>
    </p>
   </div>
   <div class='ocr_carea' id='block_1_64' title="bbox 202 3324 1864 3402">
    <p class='ocr_par' dir='ltr' id='par_1_64' title="bbox 202 3324 1864 3402">
     <span class='ocr_line' id='line_1_64' title="bbox 202 3324 1864 3402; baseline 0.005 -22"><span class='ocrx_word' id='word_1_469' title='bbox 202 3324 285 3382; x_wconf 89' lang='lat' dir='ltr'>ita</span> <span class='ocrx_word' id='word_1_470' title='bbox 314 3325 690 3399; x_wconf 88' lang='lat' dir='ltr'>compositis,</span> <span class='ocrx_word' id='word_1_471' title='bbox 723 3326 877 3383; x_wconf 89' lang='lat' dir='ltr'>idem</span> <span class='ocrx_word' id='word_1_472' title='bbox 910 3327 1034 3399; x_wconf 89' lang='lat' dir='ltr'>ipse</span> <span class='ocrx_word' id='word_1_473' title='bbox 1066 3327 1420 3385; x_wconf 88' lang='lat' dir='ltr'>Parisiacam</span> <span class='ocrx_word' id='word_1_474' title='bbox 1452 3330 1658 3387; x_wconf 88' lang='lat' dir='ltr'>urbem</span> <span class='ocrx_word' id='word_1_475' title='bbox 1698 3332 1864 3402; x_wconf 89' lang='lat' dir='ltr'>adiit,</span> 
     </span>
    </p>
   </div>
   <div class='ocr_carea' id='block_1_65' title="bbox 200 3413 1869 3492">
    <p class='ocr_par' dir='ltr' id='par_1_65' title="bbox 200 3413 1869 3492">
     <span class='ocr_line' id='line_1_65' title="bbox 200 3413 1869 3492; baseline 0.003 -19"><span class='ocrx_word' id='word_1_476' title='bbox 200 3418 329 3473; x_wconf 70' lang='lat' dir='ltr'>tam</span> <span class='ocrx_word' id='word_1_477' title='bbox 350 3413 561 3470; x_wconf 87' lang='lat' dir='ltr'>fratris</span> <span class='ocrx_word' id='word_1_478' title='bbox 586 3414 679 3471; x_wconf 90' lang='lat' dir='ltr'>sui</span> <span class='ocrx_word' id='word_1_479' title='bbox 703 3415 1048 3473; x_wconf 87' lang='lat' dir='ltr'>Lodhuwici</span> <span class='ocrx_word' id='word_1_480' title='bbox 1071 3417 1411 3485; x_wconf 87' lang='lat' dir='ltr'>adventum,</span> <span class='ocrx_word' id='word_1_481' title='bbox 1434 3436 1611 3492; x_wconf 90' lang='lat' dir='ltr'>quam</span> <span class='ocrx_word' id='word_1_482' title='bbox 1634 3424 1691 3476; x_wconf 90' lang='lat' dir='ltr'>et</span> <span class='ocrx_word' id='word_1_483' title='bbox 1709 3424 1869 3478; x_wconf 55' lang='lat' dir='ltr'>caete-</span> 
     </span>
    </p>
   </div>
   <div class='ocr_carea' id='block_1_66' title="bbox 202 3502 1869 3582">
    <p class='ocr_par' dir='ltr' id='par_1_66' title="bbox 202 3502 1869 3582">
     <span class='ocr_line' id='line_1_66' title="bbox 202 3502 1869 3582; baseline 0.003 -19"><span class='ocrx_word' id='word_1_484' title='bbox 202 3521 303 3563; x_wconf 76' lang='lat' dir='ltr'>ros</span> <span class='ocrx_word' id='word_1_485' title='bbox 324 3502 537 3560; x_wconf 82' lang='lat' dir='ltr'>fideles</span> <span class='ocrx_word' id='word_1_486' title='bbox 558 3520 720 3572; x_wconf 87' lang='lat' dir='ltr'>suos,</span> <span class='ocrx_word' id='word_1_487' title='bbox 747 3521 894 3576; x_wconf 90' lang='lat' dir='ltr'>quos</span> <span class='ocrx_word' id='word_1_488' title='bbox 920 3505 1177 3579; x_wconf 86' lang='lat' dir='ltr'>undique</span> <span class='ocrx_word' id='word_1_489' title='bbox 1196 3513 1869 3582; x_wconf 77' lang='lat' dir='ltr'>convocaverat,praesto~</span> 
     </span>
    </p>
   </div>
   <div class='ocr_carea' id='block_1_67' title="bbox 203 3591 1866 3666">
    <p class='ocr_par' dir='ltr' id='par_1_67' title="bbox 203 3591 1866 3666">
     <span class='ocr_line' id='line_1_67' title="bbox 203 3591 1866 3666; baseline 0.004 -17"><span class='ocrx_word' id='word_1_490' title='bbox 203 3591 466 3649; x_wconf 79' lang='lat' dir='ltr'>laturus.</span> <span class='ocrx_word' id='word_1_491' title='bbox 484 3592 651 3660; x_wconf 87' lang='lat' dir='ltr'>Quod</span> <span class='ocrx_word' id='word_1_492' title='bbox 674 3609 810 3649; x_wconf 89' lang='lat' dir='ltr'>cum</span> <span class='ocrx_word' id='word_1_493' title='bbox 832 3594 1160 3651; x_wconf 87' lang='lat' dir='ltr'>Lodharius</span> <span class='ocrx_word' id='word_1_494' title='bbox 1180 3596 1585 3666; x_wconf 89' lang='lat' dir='ltr'>didicisset,ad</span> <span class='ocrx_word' id='word_1_495' title='bbox 1597 3599 1866 3656; x_wconf 89' lang='lat' dir='ltr'>eamdem</span> 
     </span>
    </p>
   </div>
   <div class='ocr_carea' id='block_1_68' title="bbox 203 3682 1865 3745">
    <p class='ocr_par' dir='ltr' id='par_1_68' title="bbox 203 3682 1865 3745">
     <span class='ocr_line' id='line_1_68' title="bbox 203 3682 1865 3745; baseline 0.003 -5"><span class='ocrx_word' id='word_1_496' title='bbox 203 3682 419 3741; x_wconf 77' lang='lat' dir='ltr'>urbem</span> <span class='ocrx_word' id='word_1_497' title='bbox 464 3682 580 3738; x_wconf 88' lang='lat' dir='ltr'>iter</span> <span class='ocrx_word' id='word_1_498' title='bbox 623 3682 853 3739; x_wconf 81' lang='lat' dir='ltr'>direxit.</span> <span class='ocrx_word' id='word_1_499' title='bbox 892 3685 1147 3741; x_wconf 81' lang='lat' dir='ltr'>Habebat</span> <span class='ocrx_word' id='word_1_500' title='bbox 1192 3685 1351 3741; x_wconf 90' lang='lat' dir='ltr'>enim</span> <span class='ocrx_word' id='word_1_501' title='bbox 1399 3690 1519 3742; x_wconf 89' lang='lat' dir='ltr'>tam</span> <span class='ocrx_word' id='word_1_502' title='bbox 1570 3687 1865 3745; x_wconf 84' lang='lat' dir='ltr'>Saxonum</span> 
     </span>
    </p>
   </div>
   <div class='ocr_carea' id='block_1_69' title="bbox 201 3772 1866 3843">
    <p class='ocr_par' dir='ltr' id='par_1_69' title="bbox 201 3772 1866 3843">
     <span class='ocr_line' id='line_1_69' title="bbox 201 3772 1866 3843; baseline 0.004 -16"><span class='ocrx_word' id='word_1_503' title='bbox 201 3786 387 3843; x_wconf 85' lang='lat' dir='ltr'>quam</span> <span class='ocrx_word' id='word_1_504' title='bbox 421 3775 484 3826; x_wconf 89' lang='lat' dir='ltr'>et</span> <span class='ocrx_word' id='word_1_505' title='bbox 526 3772 990 3842; x_wconf 78' lang='lat' dir='ltr'>Austrasiorum,</span> <span class='ocrx_word' id='word_1_506' title='bbox 1022 3790 1249 3829; x_wconf 89' lang='lat' dir='ltr'>necnon</span> <span class='ocrx_word' id='word_1_507' title='bbox 1300 3778 1358 3830; x_wconf 89' lang='lat' dir='ltr'>et</span> <span class='ocrx_word' id='word_1_508' title='bbox 1402 3774 1476 3831; x_wconf 91' lang='lat' dir='ltr'>de</span> <span class='ocrx_word' id='word_1_509' title='bbox 1523 3774 1866 3833; x_wconf 86' lang='lat' dir='ltr'>Alamannis</span> 
     </span>
    </p>
   </div>
   <div class='ocr_carea' id='block_1_70' title="bbox 202 3860 1866 3936">
    <p class='ocr_par' dir='ltr' id='par_1_70' title="bbox 202 3860 1866 3936">
     <span class='ocr_line' id='line_1_70' title="bbox 202 3860 1866 3936; baseline 0.005 -22"><span class='ocrx_word' id='word_1_510' title='bbox 202 3865 436 3931; x_wconf 88' lang='lat' dir='ltr'>partem</span> <span class='ocrx_word' id='word_1_511' title='bbox 467 3860 627 3916; x_wconf 87' lang='lat' dir='ltr'>haud</span> <span class='ocrx_word' id='word_1_512' title='bbox 660 3860 952 3917; x_wconf 89' lang='lat' dir='ltr'>modicam</span> <span class='ocrx_word' id='word_1_513' title='bbox 984 3878 1223 3932; x_wconf 87' lang='lat' dir='ltr'>secum;</span> <span class='ocrx_word' id='word_1_514' title='bbox 1258 3862 1593 3936; x_wconf 85' lang='lat' dir='ltr'>horumque</span> <span class='ocrx_word' id='word_1_515' title='bbox 1648 3865 1866 3922; x_wconf 84' lang='lat' dir='ltr'>auxilio</span> 
     </span>
    </p>
   </div>
   <div class='ocr_carea' id='block_1_71' title="bbox 204 3948 1863 4025">
    <p class='ocr_par' dir='ltr' id='par_1_71' title="bbox 204 3948 1863 4025">
     <span class='ocr_line' id='line_1_71' title="bbox 204 3948 1863 4025; baseline 0.005 -22"><span class='ocrx_word' id='word_1_516' title='bbox 204 3948 589 4020; x_wconf 70' lang='lat' dir='ltr'>prazmaxime</span> <span class='ocrx_word' id='word_1_517' title='bbox 616 3948 897 4017; x_wconf 86' lang='lat' dir='ltr'>conﬁsus,</span> <span class='ocrx_word' id='word_1_518' title='bbox 915 3950 985 4005; x_wconf 91' lang='lat' dir='ltr'>ad</span> <span class='ocrx_word' id='word_1_519' title='bbox 1009 3950 1291 4005; x_wconf 89' lang='lat' dir='ltr'>Sanctum</span> <span class='ocrx_word' id='word_1_520' title='bbox 1314 3951 1658 4025; x_wconf 79' lang='lat' dir='ltr'>Dionysium</span> <span class='ocrx_word' id='word_1_521' title='bbox 1686 3955 1863 4011; x_wconf 91' lang='lat' dir='ltr'>venit.</span> 
     </span>
    </p>
   </div>
   <div class='ocr_carea' id='block_1_72' title="bbox 206 4037 1862 4115">
    <p class='ocr_par' dir='ltr' id='par_1_72' title="bbox 206 4037 1862 4115">
     <span class='ocr_line' id='line_1_72' title="bbox 206 4037 1862 4115; baseline 0.005 -24"><span class='ocrx_word' id='word_1_522' title='bbox 206 4037 530 4111; x_wconf 80' lang='lat' dir='ltr'>Repererat</span> <span class='ocrx_word' id='word_1_523' title='bbox 560 4042 757 4093; x_wconf 88' lang='lat' dir='ltr'>autem</span> <span class='ocrx_word' id='word_1_524' title='bbox 790 4037 934 4093; x_wconf 89' lang='lat' dir='ltr'>inibi</span> <span class='ocrx_word' id='word_1_525' title='bbox 980 4056 1155 4095; x_wconf 86' lang='lat' dir='ltr'>naves</span> <span class='ocrx_word' id='word_1_526' title='bbox 1206 4038 1339 4111; x_wconf 89' lang='lat' dir='ltr'>plus</span> <span class='ocrx_word' id='word_1_527' title='bbox 1388 4042 1588 4098; x_wconf 89' lang='lat' dir='ltr'>minus</span> <span class='ocrx_word' id='word_1_528' title='bbox 1636 4042 1862 4115; x_wconf 84' lang='lat' dir='ltr'>viginti.</span> 
     </span>
    </p>
   </div>
   <div class='ocr_carea' id='block_1_73' title="bbox 206 4126 1864 4203">
    <p class='ocr_par' dir='ltr' id='par_1_73' title="bbox 206 4126 1864 4203">
     <span class='ocr_line' id='line_1_73' title="bbox 206 4126 1864 4203; baseline 0.004 -20"><span class='ocrx_word' id='word_1_529' title='bbox 206 4126 457 4199; x_wconf 88' lang='lat' dir='ltr'>Insuper</span> <span class='ocrx_word' id='word_1_530' title='bbox 498 4143 736 4199; x_wconf 88' lang='lat' dir='ltr'>quoque</span> <span class='ocrx_word' id='word_1_531' title='bbox 782 4127 1080 4199; x_wconf 86' lang='lat' dir='ltr'>Sequana,</span> <span class='ocrx_word' id='word_1_532' title='bbox 1112 4127 1198 4184; x_wconf 92' lang='lat' dir='ltr'>uti</span> <span class='ocrx_word' id='word_1_533' title='bbox 1249 4145 1449 4186; x_wconf 90' lang='lat' dir='ltr'>mense</span> <span class='ocrx_word' id='word_1_534' title='bbox 1500 4131 1864 4203; x_wconf 90' lang='lat' dir='ltr'>Septembrio</span> 
     </span>
    </p>
   </div>
   <div class='ocr_carea' id='block_1_74' title="bbox 206 4214 1867 4291">
    <p class='ocr_par' dir='ltr' id='par_1_74' title="bbox 206 4214 1867 4291">
     <span class='ocr_line' id='line_1_74' title="bbox 206 4214 1867 4291; baseline 0.003 -20"><span class='ocrx_word' id='word_1_535' title='bbox 206 4214 374 4282; x_wconf 78' lang='lat' dir='ltr'>solet,</span> <span class='ocrx_word' id='word_1_536' title='bbox 407 4214 626 4288; x_wconf 80' lang='lat' dir='ltr'>exigua</span> <span class='ocrx_word' id='word_1_537' title='bbox 645 4219 791 4283; x_wconf 89' lang='lat' dir='ltr'>erat,</span> <span class='ocrx_word' id='word_1_538' title='bbox 816 4216 1253 4290; x_wconf 87' lang='lat' dir='ltr'>transitumque</span> <span class='ocrx_word' id='word_1_539' title='bbox 1273 4218 1611 4290; x_wconf 89' lang='lat' dir='ltr'>perfacilem</span> <span class='ocrx_word' id='word_1_540' title='bbox 1633 4224 1867 4291; x_wconf 71' lang='lat' dir='ltr'>praesta-</span> 
     </span>
    </p>
   </div>
   <div class='ocr_carea' id='block_1_75' title="bbox 205 4304 1864 4378">
    <p class='ocr_par' dir='ltr' id='par_1_75' title="bbox 205 4304 1864 4378">
     <span class='ocr_line' id='line_1_75' title="bbox 205 4304 1864 4378; baseline 0.005 -20"><span class='ocrx_word' id='word_1_541' title='bbox 205 4304 325 4359; x_wconf 80' lang='lat' dir='ltr'>bat.</span> <span class='ocrx_word' id='word_1_542' title='bbox 360 4304 758 4370; x_wconf 89' lang='lat' dir='ltr'>Quamobrem</span> <span class='ocrx_word' id='word_1_543' title='bbox 783 4305 1095 4378; x_wconf 81' lang='lat' dir='ltr'>jactabant</span> <span class='ocrx_word' id='word_1_544' title='bbox 1142 4323 1205 4362; x_wconf 89' lang='lat' dir='ltr'>se</span> <span class='ocrx_word' id='word_1_545' title='bbox 1253 4306 1344 4362; x_wconf 90' lang='lat' dir='ltr'>sui</span> <span class='ocrx_word' id='word_1_546' title='bbox 1393 4307 1563 4364; x_wconf 88' lang='lat' dir='ltr'>facile</span> <span class='ocrx_word' id='word_1_547' title='bbox 1613 4310 1864 4367; x_wconf 89' lang='lat' dir='ltr'>transire</span> 
     </span>
    </p>
   </div>
   <div class='ocr_carea' id='block_1_76' title="bbox 205 4392 1861 4467">
    <p class='ocr_par' dir='ltr' id='par_1_76' title="bbox 205 4392 1861 4467">
     <span class='ocr_line' id='line_1_76' title="bbox 205 4392 1861 4467; baseline 0.004 -19"><span class='ocrx_word' id='word_1_548' title='bbox 205 4408 399 4463; x_wconf 83' lang='lat' dir='ltr'>posse,</span> <span class='ocrx_word' id='word_1_549' title='bbox 432 4397 497 4448; x_wconf 89' lang='lat' dir='ltr'>et</span> <span class='ocrx_word' id='word_1_550' title='bbox 523 4392 637 4449; x_wconf 93' lang='lat' dir='ltr'>hoc</span> <span class='ocrx_word' id='word_1_551' title='bbox 672 4394 874 4467; x_wconf 88' lang='lat' dir='ltr'>utique</span> <span class='ocrx_word' id='word_1_552' title='bbox 911 4393 1275 4451; x_wconf 88' lang='lat' dir='ltr'>simulabant</span> <span class='ocrx_word' id='word_1_553' title='bbox 1304 4412 1365 4451; x_wconf 88' lang='lat' dir='ltr'>se</span> <span class='ocrx_word' id='word_1_554' title='bbox 1396 4396 1648 4453; x_wconf 82' lang='lat' dir='ltr'>maxime</span> <span class='ocrx_word' id='word_1_555' title='bbox 1696 4399 1861 4456; x_wconf 86' lang='lat' dir='ltr'>velle.</span> 
     </span>
    </p>
   </div>
   <div class='ocr_carea' id='block_1_77' title="bbox 205 4481 1866 4555">
    <p class='ocr_par' dir='ltr' id='par_1_77' title="bbox 205 4481 1866 4555">
     <span class='ocr_line' id='line_1_77' title="bbox 205 4481 1866 4555; baseline 0.005 -18"><span class='ocrx_word' id='word_1_556' title='bbox 205 4481 355 4554; x_wconf 84' lang='lat' dir='ltr'>Ergo</span> <span class='ocrx_word' id='word_1_557' title='bbox 386 4482 641 4539; x_wconf 84' lang='lat' dir='ltr'>Karolus</span> <span class='ocrx_word' id='word_1_558' title='bbox 671 4484 960 4555; x_wconf 88' lang='lat' dir='ltr'>quosdam</span> <span class='ocrx_word' id='word_1_559' title='bbox 993 4483 1281 4540; x_wconf 89' lang='lat' dir='ltr'>Parisium</span> <span class='ocrx_word' id='word_1_560' title='bbox 1298 4488 1356 4539; x_wconf 92' lang='lat' dir='ltr'>et</span> <span class='ocrx_word' id='word_1_561' title='bbox 1381 4484 1716 4542; x_wconf 90' lang='lat' dir='ltr'>Milidonem</span> <span class='ocrx_word' id='word_1_562' title='bbox 1739 4505 1866 4546; x_wconf 92' lang='lat' dir='ltr'>cus-</span> 
     </span>
    </p>
   </div>
   <div class='ocr_carea' id='block_1_78' title="bbox 1976 3324 3622 3399">
    <p class='ocr_par' dir='ltr' id='par_1_78' title="bbox 1976 3324 3622 3399">
     <span class='ocr_line' id='line_1_78' title="bbox 1976 3324 3622 3399; baseline 0 -17"><span class='ocrx_word' id='word_1_563' title='bbox 1976 3325 2243 3399; x_wconf 87' lang='lat' dir='ltr'>partibus</span> <span class='ocrx_word' id='word_1_564' title='bbox 2256 3325 2502 3380; x_wconf 83' lang='lat' dir='ltr'>festinus</span> <span class='ocrx_word' id='word_1_565' title='bbox 2518 3324 2787 3396; x_wconf 84' lang='lat' dir='ltr'>perrexit.</span> <span class='ocrx_word' id='word_1_566' title='bbox 2803 3324 3067 3382; x_wconf 87' lang='lat' dir='ltr'>Distabat</span> <span class='ocrx_word' id='word_1_567' title='bbox 3083 3326 3241 3382; x_wconf 80' lang='lat' dir='ltr'>enim</span> <span class='ocrx_word' id='word_1_568' title='bbox 3264 3326 3407 3384; x_wconf 89' lang='lat' dir='ltr'>urbs</span> <span class='ocrx_word' id='word_1_569' title='bbox 3416 3328 3622 3384; x_wconf 87' lang='lat' dir='ltr'>eadem</span> 
     </span>
    </p>
   </div>
   <div class='ocr_carea' id='block_1_79' title="bbox 1976 3412 3624 3488">
    <p class='ocr_par' dir='ltr' id='par_1_79' title="bbox 1976 3412 3624 3488">
     <span class='ocr_line' id='line_1_79' title="bbox 1976 3412 3624 3488; baseline 0.001 -18"><span class='ocrx_word' id='word_1_570' title='bbox 1976 3414 2110 3488; x_wconf 89' lang='lat' dir='ltr'>plus</span> <span class='ocrx_word' id='word_1_571' title='bbox 2140 3412 2339 3471; x_wconf 89' lang='lat' dir='ltr'>minus</span> <span class='ocrx_word' id='word_1_572' title='bbox 2368 3413 2566 3471; x_wconf 88' lang='lat' dir='ltr'>leuvas</span> <span class='ocrx_word' id='word_1_573' title='bbox 2597 3412 2854 3487; x_wconf 82' lang='lat' dir='ltr'>triginta.</span> <span class='ocrx_word' id='word_1_574' title='bbox 2881 3414 2988 3471; x_wconf 90' lang='lat' dir='ltr'>Per</span> <span class='ocrx_word' id='word_1_575' title='bbox 3008 3417 3190 3471; x_wconf 89' lang='lat' dir='ltr'>totam</span> <span class='ocrx_word' id='word_1_576' title='bbox 3212 3414 3505 3488; x_wconf 86' lang='lat' dir='ltr'>siquidem</span> <span class='ocrx_word' id='word_1_577' title='bbox 3527 3432 3624 3472; x_wconf 82' lang='lat' dir='ltr'>uo-</span> 
     </span>
    </p>
   </div>
   <div class='ocr_carea' id='block_1_80' title="bbox 1975 3501 3627 3576">
    <p class='ocr_par' dir='ltr' id='par_1_80' title="bbox 1975 3501 3627 3576">
     <span class='ocr_line' id='line_1_80' title="bbox 1975 3501 3627 3576; baseline 0.001 -16"><span class='ocrx_word' id='word_1_578' title='bbox 1975 3510 2127 3561; x_wconf 89' lang='lat' dir='ltr'>ctem</span> <span class='ocrx_word' id='word_1_579' title='bbox 2156 3502 2268 3560; x_wconf 88' lang='lat' dir='ltr'>iter</span> <span class='ocrx_word' id='word_1_580' title='bbox 2296 3503 2535 3571; x_wconf 85' lang='lat' dir='ltr'>faciens,</span> <span class='ocrx_word' id='word_1_581' title='bbox 2568 3502 2922 3575; x_wconf 87' lang='lat' dir='ltr'>impediente</span> <span class='ocrx_word' id='word_1_582' title='bbox 2951 3501 3087 3576; x_wconf 90' lang='lat' dir='ltr'>gelu</span> <span class='ocrx_word' id='word_1_583' title='bbox 3115 3502 3448 3576; x_wconf 69' lang='lat' dir='ltr'>praevalido,</span> <span class='ocrx_word' id='word_1_584' title='bbox 3479 3504 3627 3561; x_wconf 84' lang='lat' dir='ltr'>hora</span> 
     </span>
    </p>
   </div>
   <div class='ocr_carea' id='block_1_81' title="bbox 1974 3591 3625 3664">
    <p class='ocr_par' dir='ltr' id='par_1_81' title="bbox 1974 3591 3625 3664">
     <span class='ocr_line' id='line_1_81' title="bbox 1974 3591 3625 3664; baseline 0 -15"><span class='ocrx_word' id='word_1_585' title='bbox 1974 3594 2093 3650; x_wconf 85' lang='lat' dir='ltr'>fere</span> <span class='ocrx_word' id='word_1_586' title='bbox 2122 3591 2238 3648; x_wconf 90' lang='lat' dir='ltr'>diei</span> <span class='ocrx_word' id='word_1_587' title='bbox 2284 3591 2475 3661; x_wconf 88' lang='lat' dir='ltr'>tertia,</span> <span class='ocrx_word' id='word_1_588' title='bbox 2509 3591 2804 3664; x_wconf 88' lang='lat' dir='ltr'>insperate</span> <span class='ocrx_word' id='word_1_589' title='bbox 2849 3592 3044 3649; x_wconf 89' lang='lat' dir='ltr'>subito</span> <span class='ocrx_word' id='word_1_590' title='bbox 3094 3593 3279 3649; x_wconf 88' lang='lat' dir='ltr'>sorori</span> <span class='ocrx_word' id='word_1_591' title='bbox 3309 3598 3365 3649; x_wconf 88' lang='lat' dir='ltr'>et</span> <span class='ocrx_word' id='word_1_592' title='bbox 3393 3593 3625 3649; x_wconf 88' lang='lat' dir='ltr'>civibus</span> 
     </span>
    </p>
   </div>
   <div class='ocr_carea' id='block_1_82' title="bbox 1975 3679 3620 3751">
    <p class='ocr_par' dir='ltr' id='par_1_82' title="bbox 1975 3679 3620 3751">
     <span class='ocr_line' id='line_1_82' title="bbox 1975 3679 3620 3751; baseline 0.001 -14"><span class='ocrx_word' id='word_1_593' title='bbox 1975 3698 2110 3738; x_wconf 90' lang='lat' dir='ltr'>cum</span> <span class='ocrx_word' id='word_1_594' title='bbox 2140 3680 2371 3736; x_wconf 84' lang='lat' dir='ltr'>infinita</span> <span class='ocrx_word' id='word_1_595' title='bbox 2399 3679 2779 3737; x_wconf 90' lang='lat' dir='ltr'>multitudine</span> <span class='ocrx_word' id='word_1_596' title='bbox 2799 3682 3109 3737; x_wconf 89' lang='lat' dir='ltr'>nuntiatur</span> <span class='ocrx_word' id='word_1_597' title='bbox 3125 3681 3372 3737; x_wconf 87' lang='lat' dir='ltr'>Karolus</span> <span class='ocrx_word' id='word_1_598' title='bbox 3392 3682 3620 3751; x_wconf 84' lang='lat' dir='ltr'>adesse,</span> 
     </span>
    </p>
   </div>
   <div class='ocr_carea' id='block_1_83' title="bbox 1974 3768 3622 3843">
    <p class='ocr_par' dir='ltr' id='par_1_83' title="bbox 1974 3768 3622 3843">
     <span class='ocr_line' id='line_1_83' title="bbox 1974 3768 3622 3843; baseline -0.002 -16"><span class='ocrx_word' id='word_1_599' title='bbox 1974 3771 2285 3843; x_wconf 85' lang='lat' dir='ltr'>omnisque</span> <span class='ocrx_word' id='word_1_600' title='bbox 2316 3770 2458 3825; x_wconf 89' lang='lat' dir='ltr'>urbs</span> <span class='ocrx_word' id='word_1_601' title='bbox 2487 3768 2776 3824; x_wconf 89' lang='lat' dir='ltr'>militibus</span> <span class='ocrx_word' id='word_1_602' title='bbox 2805 3769 3171 3825; x_wconf 86' lang='lat' dir='ltr'>circumdata</span> <span class='ocrx_word' id='word_1_603' title='bbox 3190 3770 3329 3825; x_wconf 88' lang='lat' dir='ltr'>fore.</span> <span class='ocrx_word' id='word_1_604' title='bbox 3347 3773 3470 3837; x_wconf 87' lang='lat' dir='ltr'>Quo</span> <span class='ocrx_word' id='word_1_605' title='bbox 3490 3768 3622 3842; x_wconf 86' lang='lat' dir='ltr'>qui-</span> 
     </span>
    </p>
   </div>
   <div class='ocr_carea' id='block_1_84' title="bbox 1975 3856 3622 3929">
    <p class='ocr_par' dir='ltr' id='par_1_84' title="bbox 1975 3856 3622 3929">
     <span class='ocr_line' id='line_1_84' title="bbox 1975 3856 3622 3929; baseline -0.002 -13"><span class='ocrx_word' id='word_1_606' title='bbox 1975 3861 2109 3916; x_wconf 88' lang='lat' dir='ltr'>dem</span> <span class='ocrx_word' id='word_1_607' title='bbox 2139 3859 2347 3915; x_wconf 86' lang='lat' dir='ltr'>nuntio</span> <span class='ocrx_word' id='word_1_608' title='bbox 2391 3856 2672 3924; x_wconf 83' lang='lat' dir='ltr'>exterriti,</span> <span class='ocrx_word' id='word_1_609' title='bbox 2703 3857 2981 3929; x_wconf 89' lang='lat' dir='ltr'>quoniam</span> <span class='ocrx_word' id='word_1_610' title='bbox 3028 3872 3134 3912; x_wconf 88' lang='lat' dir='ltr'>nec</span> <span class='ocrx_word' id='word_1_611' title='bbox 3178 3857 3482 3925; x_wconf 86' lang='lat' dir='ltr'>evadendi,</span> <span class='ocrx_word' id='word_1_612' title='bbox 3516 3873 3622 3913; x_wconf 86' lang='lat' dir='ltr'>nec</span> 
     </span>
    </p>
   </div>
   <div class='ocr_carea' id='block_1_85' title="bbox 1974 3944 3622 4020">
    <p class='ocr_par' dir='ltr' id='par_1_85' title="bbox 1974 3944 3622 4020">
     <span class='ocr_line' id='line_1_85' title="bbox 1974 3944 3622 4020; baseline -0.004 -15"><span class='ocrx_word' id='word_1_613' title='bbox 1974 3950 2175 4005; x_wconf 87' lang='lat' dir='ltr'>aderat</span> <span class='ocrx_word' id='word_1_614' title='bbox 2197 3964 2332 4020; x_wconf 90' lang='lat' dir='ltr'>spes</span> <span class='ocrx_word' id='word_1_615' title='bbox 2349 3946 2564 4002; x_wconf 82' lang='lat' dir='ltr'>mcenia</span> <span class='ocrx_word' id='word_1_616' title='bbox 2577 3946 2798 4013; x_wconf 90' lang='lat' dir='ltr'>tuendi,</span> <span class='ocrx_word' id='word_1_617' title='bbox 2806 3961 3010 4017; x_wconf 90' lang='lat' dir='ltr'>pacem</span> <span class='ocrx_word' id='word_1_618' title='bbox 3027 3944 3141 4001; x_wconf 91' lang='lat' dir='ltr'>sub</span> <span class='ocrx_word' id='word_1_619' title='bbox 3164 3961 3281 4001; x_wconf 92' lang='lat' dir='ltr'>una</span> <span class='ocrx_word' id='word_1_620' title='bbox 3299 3944 3622 4017; x_wconf 86' lang='lat' dir='ltr'>eademque</span> 
     </span>
    </p>
   </div>
   <div class='ocr_carea' id='block_1_86' title="bbox 1974 4032 3625 4109">
    <p class='ocr_par' dir='ltr' id='par_1_86' title="bbox 1974 4032 3625 4109">
     <span class='ocr_line' id='line_1_86' title="bbox 1974 4032 3625 4109; baseline -0.004 -15"><span class='ocrx_word' id='word_1_621' title='bbox 1974 4043 2145 4094; x_wconf 88' lang='lat' dir='ltr'>nocte</span> <span class='ocrx_word' id='word_1_622' title='bbox 2176 4041 2384 4109; x_wconf 89' lang='lat' dir='ltr'>petunt</span> <span class='ocrx_word' id='word_1_623' title='bbox 2406 4053 2420 4089; x_wconf 89' lang='lat'><strong>:</strong></span> <span class='ocrx_word' id='word_1_624' title='bbox 2443 4032 2817 4107; x_wconf 86' lang='lat' dir='ltr'>Adelgarium</span> <span class='ocrx_word' id='word_1_625' title='bbox 2843 4033 3153 4090; x_wconf 88' lang='lat' dir='ltr'>confestim</span> <span class='ocrx_word' id='word_1_626' title='bbox 3176 4034 3451 4100; x_wconf 88' lang='lat' dir='ltr'>reddunt,</span> <span class='ocrx_word' id='word_1_627' title='bbox 3474 4039 3532 4090; x_wconf 90' lang='lat' dir='ltr'>et</span> <span class='ocrx_word' id='word_1_628' title='bbox 3557 4037 3625 4090; x_wconf 77' lang='lat' dir='ltr'>ut</span> 
     </span>
    </p>
   </div>
   <div class='ocr_carea' id='block_1_87' title="bbox 1973 4113 3619 4197">
    <p class='ocr_par' dir='ltr' id='par_1_87' title="bbox 1973 4113 3619 4197">
     <span class='ocr_line' id='line_1_87' title="bbox 1973 4113 3619 4197; baseline -0.002 -15"><span class='ocrx_word' id='word_1_629' title='bbox 1973 4143 2037 4187; x_wconf 90' lang='lat' dir='ltr'>se</span> <span class='ocrx_word' id='word_1_630' title='bbox 2070 4113 2393 4197; x_wconf 84' lang='lat' dir='ltr'>urbemque</span> <span class='ocrx_word' id='word_1_631' title='bbox 2408 4124 2632 4195; x_wconf 89' lang='lat' dir='ltr'>absque</span> <span class='ocrx_word' id='word_1_632' title='bbox 2653 4122 2927 4178; x_wconf 83' lang='lat' dir='ltr'>conﬂictu</span> <span class='ocrx_word' id='word_1_633' title='bbox 2954 4122 3015 4178; x_wconf 92' lang='lat' dir='ltr'>in</span> <span class='ocrx_word' id='word_1_634' title='bbox 3034 4121 3361 4179; x_wconf 88' lang='lat' dir='ltr'>crastinum</span> <span class='ocrx_word' id='word_1_635' title='bbox 3382 4122 3619 4193; x_wconf 89' lang='lat' dir='ltr'>dedant,</span> 
     </span>
    </p>
   </div>
   <div class='ocr_carea' id='block_1_88' title="bbox 1973 4211 3624 4286">
    <p class='ocr_par' dir='ltr' id='par_1_88' title="bbox 1973 4211 3624 4286">
     <span class='ocr_line' id='line_1_88' title="bbox 1973 4211 3624 4286; baseline -0.002 -15"><span class='ocrx_word' id='word_1_636' title='bbox 1973 4232 2110 4271; x_wconf 90' lang='lat' dir='ltr'>cum</span> <span class='ocrx_word' id='word_1_637' title='bbox 2127 4213 2286 4270; x_wconf 86' lang='lat' dir='ltr'>omni</span> <span class='ocrx_word' id='word_1_638' title='bbox 2310 4212 2675 4285; x_wconf 89' lang='lat' dir='ltr'>subjectione</span> <span class='ocrx_word' id='word_1_639' title='bbox 2696 4211 3065 4283; x_wconf 90' lang='lat' dir='ltr'>promittunt.</span> <span class='ocrx_word' id='word_1_640' title='bbox 3076 4211 3229 4268; x_wconf 89' lang='lat' dir='ltr'>Dum</span> <span class='ocrx_word' id='word_1_641' title='bbox 3245 4211 3368 4270; x_wconf 65' lang='lat' dir='ltr'>haec</span> <span class='ocrx_word' id='word_1_642' title='bbox 3388 4228 3624 4286; x_wconf 85' lang='lat' dir='ltr'>ageren-</span> 
     </span>
    </p>
   </div>
   <div class='ocr_carea' id='block_1_89' title="bbox 1971 4300 3629 4374">
    <p class='ocr_par' dir='ltr' id='par_1_89' title="bbox 1971 4300 3629 4374">
     <span class='ocr_line' id='line_1_89' title="bbox 1971 4300 3629 4374; baseline -0.002 -14"><span class='ocrx_word' id='word_1_643' title='bbox 1971 4308 2088 4373; x_wconf 87' lang='lat' dir='ltr'>tur,</span> <span class='ocrx_word' id='word_1_644' title='bbox 2124 4302 2343 4360; x_wconf 89' lang='lat' dir='ltr'>milites</span> <span class='ocrx_word' id='word_1_645' title='bbox 2373 4318 2599 4358; x_wconf 88' lang='lat' dir='ltr'>moram</span> <span class='ocrx_word' id='word_1_646' title='bbox 2629 4300 2810 4373; x_wconf 86' lang='lat' dir='ltr'>hujus</span> <span class='ocrx_word' id='word_1_647' title='bbox 2841 4301 2923 4357; x_wconf 91' lang='lat' dir='ltr'>rei</span> <span class='ocrx_word' id='word_1_648' title='bbox 2953 4300 3206 4374; x_wconf 87' lang='lat' dir='ltr'>graviter</span> <span class='ocrx_word' id='word_1_649' title='bbox 3233 4301 3508 4370; x_wconf 88' lang='lat' dir='ltr'>ferentes,</span> <span class='ocrx_word' id='word_1_650' title='bbox 3540 4300 3629 4357; x_wconf 74' lang='lat' dir='ltr'>in~</span> 
     </span>
    </p>
   </div>
   <div class='ocr_carea' id='block_1_90' title="bbox 1972 4388 3623 4467">
    <p class='ocr_par' dir='ltr' id='par_1_90' title="bbox 1972 4388 3623 4467">
     <span class='ocr_line' id='line_1_90' title="bbox 1972 4388 3623 4467; baseline -0.004 -15"><span class='ocrx_word' id='word_1_651' title='bbox 1972 4411 2150 4467; x_wconf 87' lang='lat' dir='ltr'>super</span> <span class='ocrx_word' id='word_1_652' title='bbox 2177 4392 2395 4449; x_wconf 88' lang='lat' dir='ltr'>laboris</span> <span class='ocrx_word' id='word_1_653' title='bbox 2442 4391 2615 4447; x_wconf 67' lang='lat' dir='ltr'>tzsdio</span> <span class='ocrx_word' id='word_1_654' title='bbox 2662 4390 2965 4462; x_wconf 79' lang='lat' dir='ltr'>praeteritae</span> <span class='ocrx_word' id='word_1_655' title='bbox 3013 4389 3224 4459; x_wconf 87' lang='lat' dir='ltr'>noctis,</span> <span class='ocrx_word' id='word_1_656' title='bbox 3257 4390 3414 4462; x_wconf 90' lang='lat' dir='ltr'>quod</span> <span class='ocrx_word' id='word_1_657' title='bbox 3461 4388 3623 4462; x_wconf 89' lang='lat' dir='ltr'>passi</span> 
     </span>
    </p>
   </div>
   <div class='ocr_carea' id='block_1_91' title="bbox 1972 4479 3623 4555">
    <p class='ocr_par' dir='ltr' id='par_1_91' title="bbox 1972 4479 3623 4555">
     <span class='ocr_line' id='line_1_91' title="bbox 1972 4479 3623 4555; baseline -0.002 -16"><span class='ocrx_word' id='word_1_658' title='bbox 1972 4484 2222 4550; x_wconf 88' lang='lat' dir='ltr'>fuerant,</span> <span class='ocrx_word' id='word_1_659' title='bbox 2257 4480 2526 4555; x_wconf 90' lang='lat' dir='ltr'>permoti,</span> <span class='ocrx_word' id='word_1_660' title='bbox 2551 4480 2610 4536; x_wconf 92' lang='lat' dir='ltr'>in</span> <span class='ocrx_word' id='word_1_661' title='bbox 2642 4479 2936 4536; x_wconf 82' lang='lat' dir='ltr'>excidium</span> <span class='ocrx_word' id='word_1_662' title='bbox 2967 4480 3134 4535; x_wconf 89' lang='lat' dir='ltr'>urbis</span> <span class='ocrx_word' id='word_1_663' title='bbox 3164 4495 3332 4535; x_wconf 90' lang='lat' dir='ltr'>ruere</span> <span class='ocrx_word' id='word_1_664' title='bbox 3361 4479 3623 4550; x_wconf 87' lang='lat' dir='ltr'>undique</span> 
     </span>
    </p>
   </div>
   <div class='ocr_carea' id='block_1_92' title="bbox 204 4566 3622 4666">
    <p class='ocr_par' dir='ltr' id='par_1_92' title="bbox 204 4566 3622 4666">
     <span class='ocr_line' id='line_1_92' title="bbox 204 4566 3622 4666; baseline -0.001 -39"><span class='ocrx_word' id='word_1_665' title='bbox 204 4571 394 4627; x_wconf 80' lang='lat' dir='ltr'>todire</span> <span class='ocrx_word' id='word_1_666' title='bbox 424 4570 744 4645; x_wconf 72' lang='lat' dir='ltr'>praecepit:</span> <span class='ocrx_word' id='word_1_667' title='bbox 779 4573 1067 4644; x_wconf 87' lang='lat' dir='ltr'>quosdam</span> <span class='ocrx_word' id='word_1_668' title='bbox 1090 4589 1223 4629; x_wconf 89' lang='lat' dir='ltr'>vero</span> <span class='ocrx_word' id='word_1_669' title='bbox 1247 4572 1584 4647; x_wconf 85' lang='lat' dir='ltr'>ubicunque</span> <span class='ocrx_word' id='word_1_670' title='bbox 1604 4577 1752 4632; x_wconf 90' lang='lat' dir='ltr'>vada</span> <span class='ocrx_word' id='word_1_671' title='bbox 1775 4577 1861 4634; x_wconf 89' lang='lat' dir='ltr'>vel</span> <span class='ocrx_word' id='word_1_672' title='bbox 1892 4592 1944 4660; x_wconf 72' lang='grc' dir='ltr'><strong>Β</strong></span> <span class='ocrx_word' id='word_1_673' title='bbox 1973 4576 2292 4666; x_wconf 69' lang='lat' dir='ltr'>cmperunt.</span> <span class='ocrx_word' id='word_1_674' title='bbox 2325 4571 2612 4666; x_wconf 76' lang='lat' dir='ltr'>Essetque</span> <span class='ocrx_word' id='word_1_675' title='bbox 2644 4566 3028 4666; x_wconf 69' lang='lat' dir='ltr'>proculdubio</span> <span class='ocrx_word' id='word_1_676' title='bbox 3058 4567 3330 4666; x_wconf 78' lang='lat' dir='ltr'>protinus</span> <span class='ocrx_word' id='word_1_677' title='bbox 3362 4566 3622 4666; x_wconf 74' lang='lat' dir='ltr'>flammis</span> 
     </span>
    </p>
   </div>
   <div class='ocr_carea' id='block_1_93' title="bbox 205 4655 3622 4735">
    <p class='ocr_par' dir='ltr' id='par_1_93' title="bbox 205 4655 3622 4735">
     <span class='ocr_line' id='line_1_93' title="bbox 205 4655 3622 4735; baseline 0.002 -29"><span class='ocrx_word' id='word_1_678' title='bbox 205 4659 443 4733; x_wconf 72' lang='lat' dir='ltr'>navigia</span> <span class='ocrx_word' id='word_1_679' title='bbox 488 4677 620 4717; x_wconf 73' lang='lat' dir='ltr'>esse</span> <span class='ocrx_word' id='word_1_680' title='bbox 666 4665 923 4730; x_wconf 87' lang='lat' dir='ltr'>noverat,</span> <span class='ocrx_word' id='word_1_681' title='bbox 977 4662 1232 4719; x_wconf 89' lang='lat' dir='ltr'>residere</span> <span class='ocrx_word' id='word_1_682' title='bbox 1284 4661 1451 4732; x_wconf 84' lang='lat' dir='ltr'>fecit;</span> <span class='ocrx_word' id='word_1_683' title='bbox 1484 4663 1609 4735; x_wconf 85' lang='lat' dir='ltr'>ipse</span> <span class='ocrx_word' id='word_1_684' title='bbox 1656 4682 1790 4722; x_wconf 87' lang='lat' dir='ltr'>vero</span> <span class='ocrx_word' id='word_1_685' title='bbox 1832 4684 1865 4724; x_wconf 77' lang='grc' dir='ltr'>θ</span> <span class='ocrx_word' id='word_1_686' title='bbox 1892 4655 1933 4660; x_wconf 67' lang='grc'><strong>”</strong></span> <span class='ocrx_word' id='word_1_687' title='bbox 1975 4660 2314 4733; x_wconf 89' lang='lat' dir='ltr'>rapinisque</span> <span class='ocrx_word' id='word_1_688' title='bbox 2344 4658 2581 4726; x_wconf 89' lang='lat' dir='ltr'>tradita,</span> <span class='ocrx_word' id='word_1_689' title='bbox 2610 4658 2668 4712; x_wconf 90' lang='lat' dir='ltr'>ni</span> <span class='ocrx_word' id='word_1_690' title='bbox 2717 4657 2874 4713; x_wconf 89' lang='lat' dir='ltr'>idem</span> <span class='ocrx_word' id='word_1_691' title='bbox 2924 4656 3170 4712; x_wconf 88' lang='lat' dir='ltr'>Karolus</span> <span class='ocrx_word' id='word_1_692' title='bbox 3218 4655 3622 4713; x_wconf 89' lang='lat' dir='ltr'>misericordia</span> 
     </span>
    </p>
   </div>
   <div class='ocr_carea' id='block_1_94' title="bbox 201 4749 1863 4823">
    <p class='ocr_par' dir='ltr' id='par_1_94' title="bbox 201 4749 1863 4823">
     <span class='ocr_line' id='line_1_94' title="bbox 201 4749 1863 4823; baseline 0.005 -19"><span class='ocrx_word' id='word_1_693' title='bbox 201 4749 442 4822; x_wconf 83' lang='lat' dir='ltr'>regione</span> <span class='ocrx_word' id='word_1_694' title='bbox 474 4750 673 4805; x_wconf 87' lang='lat' dir='ltr'>Sancti</span> <span class='ocrx_word' id='word_1_695' title='bbox 697 4749 954 4823; x_wconf 82' lang='lat' dir='ltr'>Dionysii</span> <span class='ocrx_word' id='word_1_696' title='bbox 968 4751 1139 4821; x_wconf 84' lang='lat' dir='ltr'>juxta</span> <span class='ocrx_word' id='word_1_697' title='bbox 1163 4751 1446 4807; x_wconf 83' lang='lat' dir='ltr'>Sanctum</span> <span class='ocrx_word' id='word_1_698' title='bbox 1471 4752 1863 4813; x_wconf 88' lang='lat' dir='ltr'>Fludualdum</span> 
     </span>
    </p>
   </div>
   <div class='ocr_carea' id='block_1_95' title="bbox 202 4832 1865 4911">
    <p class='ocr_par' dir='ltr' id='par_1_95' title="bbox 202 4832 1865 4911">
     <span class='ocr_line' id='line_1_95' title="bbox 202 4832 1865 4911; baseline 0.004 -16"><span class='ocrx_word' id='word_1_699' title='bbox 202 4844 399 4895; x_wconf 83' lang='lat' dir='ltr'>castra</span> <span class='ocrx_word' id='word_1_700' title='bbox 426 4839 490 4893; x_wconf 92' lang='lat' dir='ltr'>in</span> <span class='ocrx_word' id='word_1_701' title='bbox 524 4838 847 4895; x_wconf 90' lang='lat' dir='ltr'>meditullio</span> <span class='ocrx_word' id='word_1_702' title='bbox 888 4832 1105 4910; x_wconf 85' lang='lat' dir='ltr'>posuit,</span> <span class='ocrx_word' id='word_1_703' title='bbox 1138 4843 1207 4895; x_wconf 92' lang='lat' dir='ltr'>ut</span> <span class='ocrx_word' id='word_1_704' title='bbox 1253 4844 1312 4894; x_wconf 88' lang='lat' dir='ltr'>et</span> <span class='ocrx_word' id='word_1_705' title='bbox 1360 4840 1670 4911; x_wconf 90' lang='lat' dir='ltr'>Lodhario,</span> <span class='ocrx_word' id='word_1_706' title='bbox 1703 4843 1752 4900; x_wconf 92' lang='lat' dir='ltr'>si</span> <span class='ocrx_word' id='word_1_707' title='bbox 1783 4845 1865 4902; x_wconf 86' lang='lat' dir='ltr'>ita</span> 
     </span>
    </p>
   </div>
   <div class='ocr_carea' id='block_1_96' title="bbox 202 4928 1866 5004">
    <p class='ocr_par' dir='ltr' id='par_1_96' title="bbox 202 4928 1866 5004">
     <span class='ocr_line' id='line_1_96' title="bbox 202 4928 1866 5004; baseline 0.006 -25"><span class='ocrx_word' id='word_1_708' title='bbox 202 4931 520 4999; x_wconf 81' lang='lat' dir='ltr'>oporteret,</span> <span class='ocrx_word' id='word_1_709' title='bbox 552 4928 871 4983; x_wconf 88' lang='lat' dir='ltr'>transitum</span> <span class='ocrx_word' id='word_1_710' title='bbox 903 4928 1229 4999; x_wconf 90' lang='lat' dir='ltr'>prohibere,</span> <span class='ocrx_word' id='word_1_711' title='bbox 1255 4928 1421 4984; x_wconf 87' lang='lat' dir='ltr'>autsi</span> <span class='ocrx_word' id='word_1_712' title='bbox 1447 4928 1661 4987; x_wconf 89' lang='lat' dir='ltr'>alicubi</span> <span class='ocrx_word' id='word_1_713' title='bbox 1687 4949 1866 5004; x_wconf 91' lang='lat' dir='ltr'>super</span> 
     </span>
    </p>
   </div>
   <div class='ocr_carea' id='block_1_97' title="bbox 205 5015 1864 5089">
    <p class='ocr_par' dir='ltr' id='par_1_97' title="bbox 205 5015 1864 5089">
     <span class='ocr_line' id='line_1_97' title="bbox 205 5015 1864 5089; baseline 0.006 -20"><span class='ocrx_word' id='word_1_714' title='bbox 205 5031 345 5071; x_wconf 84' lang='lat' dir='ltr'>suos</span> <span class='ocrx_word' id='word_1_715' title='bbox 394 5016 619 5071; x_wconf 88' lang='lat' dir='ltr'>irruere</span> <span class='ocrx_word' id='word_1_716' title='bbox 647 5015 852 5087; x_wconf 44' lang='lat' dir='ltr'>.vellet,</span> <span class='ocrx_word' id='word_1_717' title='bbox 888 5016 1006 5071; x_wconf 88' lang='lat' dir='ltr'>illis</span> <span class='ocrx_word' id='word_1_718' title='bbox 1052 5033 1394 5072; x_wconf 90' lang='lat' dir='ltr'>succurrere</span> <span class='ocrx_word' id='word_1_719' title='bbox 1444 5023 1659 5089; x_wconf 91' lang='lat' dir='ltr'>posset.</span> <span class='ocrx_word' id='word_1_720' title='bbox 1694 5022 1763 5077; x_wconf 86' lang='lat' dir='ltr'>Et</span> <span class='ocrx_word' id='word_1_721' title='bbox 1800 5029 1864 5079; x_wconf 91' lang='lat' dir='ltr'>ut</span> 
     </span>
    </p>
   </div>
   <div class='ocr_carea' id='block_1_98' title="bbox 201 5103 1860 5181">
    <p class='ocr_par' dir='ltr' id='par_1_98' title="bbox 201 5103 1860 5181">
     <span class='ocr_line' id='line_1_98' title="bbox 201 5103 1860 5181; baseline 0.007 -26"><span class='ocrx_word' id='word_1_722' title='bbox 201 5103 480 5172; x_wconf 81' lang='lat' dir='ltr'>perfacile</span> <span class='ocrx_word' id='word_1_723' title='bbox 505 5104 971 5177; x_wconf 76' lang='lat' dir='ltr'>digeoscerctur,</span> <span class='ocrx_word' id='word_1_724' title='bbox 987 5106 1312 5177; x_wconf 84' lang='lat' dir='ltr'>quoinloco</span> <span class='ocrx_word' id='word_1_725' title='bbox 1336 5106 1695 5177; x_wconf 86' lang='lat' dir='ltr'>adjutorium</span> <span class='ocrx_word' id='word_1_726' title='bbox 1718 5126 1860 5181; x_wconf 60' lang='lat' dir='ltr'>prai-</span> 
     </span>
    </p>
   </div>
   <div class='ocr_carea' id='block_1_99' title="bbox 202 5190 1862 5270">
    <p class='ocr_par' dir='ltr' id='par_1_99' title="bbox 202 5190 1862 5270">
     <span class='ocr_line' id='line_1_99' title="bbox 202 5190 1862 5270; baseline 0.005 -24"><span class='ocrx_word' id='word_1_727' title='bbox 202 5190 325 5246; x_wconf 85' lang='lat' dir='ltr'>beri</span> <span class='ocrx_word' id='word_1_728' title='bbox 357 5193 612 5261; x_wconf 86' lang='lat' dir='ltr'>deberet,</span> <span class='ocrx_word' id='word_1_729' title='bbox 634 5210 799 5249; x_wconf 91' lang='lat' dir='ltr'>more</span> <span class='ocrx_word' id='word_1_730' title='bbox 829 5193 1125 5248; x_wconf 89' lang='lat' dir='ltr'>maritimo</span> <span class='ocrx_word' id='word_1_731' title='bbox 1152 5193 1321 5265; x_wconf 87' lang='lat' dir='ltr'>signa</span> <span class='ocrx_word' id='word_1_732' title='bbox 1342 5192 1401 5247; x_wconf 90' lang='lat' dir='ltr'>in</span> <span class='ocrx_word' id='word_1_733' title='bbox 1421 5193 1565 5250; x_wconf 91' lang='lat' dir='ltr'>locis</span> <span class='ocrx_word' id='word_1_734' title='bbox 1587 5200 1862 5270; x_wconf 83' lang='lat' dir='ltr'>congruis</span> 
     </span>
    </p>
   </div>
   <div class='ocr_carea' id='block_1_100' title="bbox 199 5280 1855 5357">
    <p class='ocr_par' dir='ltr' id='par_1_100' title="bbox 199 5280 1855 5357">
     <span class='ocr_line' id='line_1_100' title="bbox 199 5280 1855 5357; baseline 0.002 -18"><span class='ocrx_word' id='word_1_735' title='bbox 199 5284 381 5353; x_wconf 77' lang='lat' dir='ltr'>atqne</span> <span class='ocrx_word' id='word_1_736' title='bbox 410 5282 712 5338; x_wconf 88' lang='lat' dir='ltr'>custodias</span> <span class='ocrx_word' id='word_1_737' title='bbox 743 5280 1325 5353; x_wconf 85' lang='lat' dir='ltr'>deputavit.lnsuper</span> <span class='ocrx_word' id='word_1_738' title='bbox 1344 5286 1542 5338; x_wconf 88' lang='lat' dir='ltr'>autem</span> <span class='ocrx_word' id='word_1_739' title='bbox 1566 5285 1855 5357; x_wconf 88' lang='lat' dir='ltr'>Sequana,</span> 
     </span>
    </p>
   </div>
   <div class='ocr_carea' id='block_1_101' title="bbox 197 5369 1860 5447">
    <p class='ocr_par' dir='ltr' id='par_1_101' title="bbox 197 5369 1860 5447">
     <span class='ocr_line' id='line_1_101' title="bbox 197 5369 1860 5447; baseline 0.005 -22"><span class='ocrx_word' id='word_1_740' title='bbox 197 5369 471 5426; x_wconf 84' lang='lat' dir='ltr'>mirabile</span> <span class='ocrx_word' id='word_1_741' title='bbox 500 5371 686 5439; x_wconf 87' lang='lat' dir='ltr'>dictu,</span> <span class='ocrx_word' id='word_1_742' title='bbox 719 5371 863 5424; x_wconf 90' lang='lat' dir='ltr'>dum</span> <span class='ocrx_word' id='word_1_743' title='bbox 897 5387 1003 5425; x_wconf 91' lang='lat' dir='ltr'>nos</span> <span class='ocrx_word' id='word_1_744' title='bbox 1035 5388 1328 5441; x_wconf 86' lang='lat' dir='ltr'>nusquam</span> <span class='ocrx_word' id='word_1_745' title='bbox 1374 5388 1441 5426; x_wconf 91' lang='lat' dir='ltr'>eo</span> <span class='ocrx_word' id='word_1_746' title='bbox 1492 5372 1550 5426; x_wconf 92' lang='lat' dir='ltr'>in</span> <span class='ocrx_word' id='word_1_747' title='bbox 1600 5377 1860 5447; x_wconf 88' lang='lat' dir='ltr'>tempore</span> 
     </span>
    </p>
   </div>
   <div class='ocr_carea' id='block_1_102' title="bbox 194 5457 1859 5533">
    <p class='ocr_par' dir='ltr' id='par_1_102' title="bbox 194 5457 1859 5533">
     <span class='ocr_line' id='line_1_102' title="bbox 194 5457 1859 5533; baseline 0.007 -22"><span class='ocrx_word' id='word_1_748' title='bbox 194 5457 353 5519; x_wconf 82' lang='lat' dir='ltr'>infra</span> <span class='ocrx_word' id='word_1_749' title='bbox 376 5459 522 5516; x_wconf 87' lang='lat' dir='ltr'>duos</span> <span class='ocrx_word' id='word_1_750' title='bbox 538 5476 775 5515; x_wconf 88' lang='lat' dir='ltr'>menses</span> <span class='ocrx_word' id='word_1_751' title='bbox 794 5457 1021 5531; x_wconf 86' lang='lat' dir='ltr'>pluvias</span> <span class='ocrx_word' id='word_1_752' title='bbox 1036 5475 1164 5514; x_wconf 88' lang='lat' dir='ltr'>esse</span> <span class='ocrx_word' id='word_1_753' title='bbox 1182 5458 1715 5533; x_wconf 88' lang='lat' dir='ltr'>n0vimus,repente</span> <span class='ocrx_word' id='word_1_754' title='bbox 1729 5482 1859 5522; x_wconf 89' lang='lat' dir='ltr'>aere</span> 
     </span>
    </p>
   </div>
   <div class='ocr_carea' id='block_1_103' title="bbox 194 5547 1858 5621">
    <p class='ocr_par' dir='ltr' id='par_1_103' title="bbox 194 5547 1858 5621">
     <span class='ocr_line' id='line_1_103' title="bbox 194 5547 1858 5621; baseline 0.007 -19"><span class='ocrx_word' id='word_1_755' title='bbox 194 5563 407 5603; x_wconf 83' lang='lat' dir='ltr'>sereno</span> <span class='ocrx_word' id='word_1_756' title='bbox 436 5553 766 5605; x_wconf 88' lang='lat' dir='ltr'>tumescere</span> <span class='ocrx_word' id='word_1_757' title='bbox 796 5548 994 5621; x_wconf 74' lang='lat' dir='ltr'>cmpit,</span> <span class='ocrx_word' id='word_1_758' title='bbox 1022 5564 1088 5604; x_wconf 92' lang='lat' dir='ltr'>ac</span> <span class='ocrx_word' id='word_1_759' title='bbox 1120 5551 1325 5620; x_wconf 90' lang='lat' dir='ltr'>sponte</span> <span class='ocrx_word' id='word_1_760' title='bbox 1348 5547 1441 5604; x_wconf 89' lang='lat' dir='ltr'>his</span> <span class='ocrx_word' id='word_1_761' title='bbox 1462 5549 1520 5604; x_wconf 89' lang='lat' dir='ltr'>in</span> <span class='ocrx_word' id='word_1_762' title='bbox 1543 5549 1686 5609; x_wconf 89' lang='lat' dir='ltr'>locis</span> <span class='ocrx_word' id='word_1_763' title='bbox 1711 5556 1858 5613; x_wconf 89' lang='lat' dir='ltr'>vada</span> 
     </span>
    </p>
   </div>
   <div class='ocr_carea' id='block_1_104' title="bbox 1972 4746 3619 4822">
    <p class='ocr_par' dir='ltr' id='par_1_104' title="bbox 1972 4746 3619 4822">
     <span class='ocr_line' id='line_1_104' title="bbox 1972 4746 3619 4822; baseline -0.003 -16"><span class='ocrx_word' id='word_1_764' title='bbox 1972 4750 2216 4822; x_wconf 90' lang='lat' dir='ltr'>insuper</span> <span class='ocrx_word' id='word_1_765' title='bbox 2243 4748 2623 4804; x_wconf 88' lang='lat' dir='ltr'>ecclesiarum</span> <span class='ocrx_word' id='word_1_766' title='bbox 2656 4746 2757 4803; x_wconf 88' lang='lat' dir='ltr'>Dei</span> <span class='ocrx_word' id='word_1_767' title='bbox 2789 4746 3145 4818; x_wconf 88' lang='lat' dir='ltr'>sororisque,</span> <span class='ocrx_word' id='word_1_768' title='bbox 3177 4762 3401 4803; x_wconf 90' lang='lat' dir='ltr'>necnon</span> <span class='ocrx_word' id='word_1_769' title='bbox 3432 4750 3489 4802; x_wconf 89' lang='lat' dir='ltr'>et</span> <span class='ocrx_word' id='word_1_770' title='bbox 3518 4763 3619 4819; x_wconf 85' lang='lat' dir='ltr'>po-</span> 
     </span>
    </p>
   </div>
   <div class='ocr_carea' id='block_1_105' title="bbox 1974 4834 3701 4921">
    <p class='ocr_par' dir='ltr' id='par_1_105' title="bbox 1974 4834 3701 4921">
     <span class='ocr_line' id='line_1_105' title="bbox 1974 4834 3701 4921; baseline -0.002 -26"><span class='ocrx_word' id='word_1_771' title='bbox 1974 4839 2097 4913; x_wconf 90' lang='lat' dir='ltr'>puli</span> <span class='ocrx_word' id='word_1_772' title='bbox 2146 4836 2462 4893; x_wconf 80' lang='lat' dir='ltr'>Christiani</span> <span class='ocrx_word' id='word_1_773' title='bbox 2509 4840 2836 4908; x_wconf 88' lang='lat' dir='ltr'>permotus,</span> <span class='ocrx_word' id='word_1_774' title='bbox 2867 4834 3047 4891; x_wconf 88' lang='lat' dir='ltr'>minis</span> <span class='ocrx_word' id='word_1_775' title='bbox 3095 4839 3273 4908; x_wconf 90' lang='lat' dir='ltr'>atque</span> <span class='ocrx_word' id='word_1_776' title='bbox 3318 4834 3621 4892; x_wconf 90' lang='lat' dir='ltr'>blanditiis</span> <span class='ocrx_word' id='word_1_777' title='bbox 3694 4916 3701 4921; x_wconf 20' lang='grc' dir='ltr'>ι</span> 
     </span>
    </p>
   </div>
   <div class='ocr_carea' id='block_1_106' title="bbox 1972 4923 3618 4997">
    <p class='ocr_par' dir='ltr' id='par_1_106' title="bbox 1972 4923 3618 4997">
     <span class='ocr_line' id='line_1_106' title="bbox 1972 4923 3618 4997; baseline -0.004 -13"><span class='ocrx_word' id='word_1_778' title='bbox 1972 4930 2183 4985; x_wconf 90' lang='lat' dir='ltr'>horum</span> <span class='ocrx_word' id='word_1_779' title='bbox 2214 4925 2443 4982; x_wconf 89' lang='lat' dir='ltr'>animos</span> <span class='ocrx_word' id='word_1_780' title='bbox 2474 4923 2729 4980; x_wconf 84' lang='lat' dir='ltr'>maxime</span> <span class='ocrx_word' id='word_1_781' title='bbox 2748 4924 2946 4980; x_wconf 87' lang='lat' dir='ltr'>labore</span> <span class='ocrx_word' id='word_1_782' title='bbox 2967 4941 3335 4997; x_wconf 89' lang='lat' dir='ltr'>compescere</span> <span class='ocrx_word' id='word_1_783' title='bbox 3358 4923 3618 4980; x_wconf 90' lang='lat' dir='ltr'>studuis-</span> 
     </span>
    </p>
   </div>
   <div class='ocr_carea' id='block_1_107' title="bbox 1971 5011 3620 5084">
    <p class='ocr_par' dir='ltr' id='par_1_107' title="bbox 1971 5011 3620 5084">
     <span class='ocr_line' id='line_1_107' title="bbox 1971 5011 3620 5084; baseline -0.006 -10"><span class='ocrx_word' id='word_1_784' title='bbox 1971 5024 2079 5074; x_wconf 91' lang='lat' dir='ltr'>set.</span> <span class='ocrx_word' id='word_1_785' title='bbox 2114 5020 2268 5083; x_wconf 88' lang='lat' dir='ltr'>Qnos</span> <span class='ocrx_word' id='word_1_786' title='bbox 2299 5031 2432 5070; x_wconf 91' lang='lat' dir='ltr'>cum</span> <span class='ocrx_word' id='word_1_787' title='bbox 2465 5015 2774 5070; x_wconf 80' lang='lat' dir='ltr'>abscede</span> <span class='ocrx_word' id='word_1_788' title='bbox 2804 5014 3057 5082; x_wconf 87' lang='lat' dir='ltr'>fecisset,</span> <span class='ocrx_word' id='word_1_789' title='bbox 3084 5019 3149 5069; x_wconf 93' lang='lat' dir='ltr'>ut</span> <span class='ocrx_word' id='word_1_790' title='bbox 3170 5030 3335 5070; x_wconf 87' lang='lat' dir='ltr'>soror</span> <span class='ocrx_word' id='word_1_791' title='bbox 3364 5011 3620 5084; x_wconf 86' lang='lat' dir='ltr'>postula-</span> 
     </span>
    </p>
   </div>
   <div class='ocr_carea' id='block_1_108' title="bbox 1969 5098 3613 5176">
    <p class='ocr_par' dir='ltr' id='par_1_108' title="bbox 1969 5098 3613 5176">
     <span class='ocr_line' id='line_1_108' title="bbox 1969 5098 3613 5176; baseline -0.007 -13"><span class='ocrx_word' id='word_1_792' title='bbox 1969 5111 2148 5176; x_wconf 87' lang='lat' dir='ltr'>verat,</span> <span class='ocrx_word' id='word_1_793' title='bbox 2164 5104 2475 5172; x_wconf 89' lang='lat' dir='ltr'>concessit,</span> <span class='ocrx_word' id='word_1_794' title='bbox 2490 5106 2547 5159; x_wconf 89' lang='lat' dir='ltr'>et</span> <span class='ocrx_word' id='word_1_795' title='bbox 2570 5102 3044 5159; x_wconf 89' lang='lat' dir='ltr'>Salmonciacum</span> <span class='ocrx_word' id='word_1_796' title='bbox 3065 5103 3137 5158; x_wconf 88' lang='lat' dir='ltr'>ab</span> <span class='ocrx_word' id='word_1_797' title='bbox 3163 5102 3305 5157; x_wconf 88' lang='lat' dir='ltr'>urbe</span> <span class='ocrx_word' id='word_1_798' title='bbox 3322 5098 3613 5155; x_wconf 87' lang='lat' dir='ltr'>discessit.</span> 
     </span>
    </p>
   </div>
   <div class='ocr_carea' id='block_1_109' title="bbox 1971 5187 3620 5266">
    <p class='ocr_par' dir='ltr' id='par_1_109' title="bbox 1971 5187 3620 5266">
     <span class='ocr_line' id='line_1_109' title="bbox 1971 5187 3620 5266; baseline -0.007 -13"><span class='ocrx_word' id='word_1_799' title='bbox 1971 5195 2238 5253; x_wconf 83' lang='lat' dir='ltr'>Crastina</span> <span class='ocrx_word' id='word_1_800' title='bbox 2269 5209 2501 5266; x_wconf 90' lang='lat' dir='ltr'>quoque</span> <span class='ocrx_word' id='word_1_801' title='bbox 2534 5192 2627 5249; x_wconf 90' lang='lat' dir='ltr'>die</span> <span class='ocrx_word' id='word_1_802' title='bbox 2661 5192 3015 5265; x_wconf 87' lang='lat' dir='ltr'>llildigardis</span> <span class='ocrx_word' id='word_1_803' title='bbox 3046 5192 3118 5245; x_wconf 89' lang='lat' dir='ltr'>ad</span> <span class='ocrx_word' id='word_1_804' title='bbox 3149 5190 3325 5245; x_wconf 85' lang='lat' dir='ltr'>fidem</span> <span class='ocrx_word' id='word_1_805' title='bbox 3347 5187 3620 5257; x_wconf 87' lang='lat' dir='ltr'>suam,si—</span> 
     </span>
    </p>
   </div>
   <div class='ocr_carea' id='block_1_110' title="bbox 1970 5277 3617 5357">
    <p class='ocr_par' dir='ltr' id='par_1_110' title="bbox 1970 5277 3617 5357">
     <span class='ocr_line' id='line_1_110' title="bbox 1970 5277 3617 5357; baseline -0.006 -14"><span class='ocrx_word' id='word_1_806' title='bbox 1970 5291 2070 5343; x_wconf 89' lang='lat' dir='ltr'>cut</span> <span class='ocrx_word' id='word_1_807' title='bbox 2100 5282 2694 5357; x_wconf 88' lang='lat' dir='ltr'>spoponderat,venit,</span> <span class='ocrx_word' id='word_1_808' title='bbox 2720 5283 3043 5351; x_wconf 88' lang='lat' dir='ltr'>urbemque</span> <span class='ocrx_word' id='word_1_809' title='bbox 3061 5278 3303 5334; x_wconf 69' lang='lat' dir='ltr'>illaasam</span> <span class='ocrx_word' id='word_1_810' title='bbox 3322 5282 3379 5333; x_wconf 91' lang='lat' dir='ltr'>et</span> <span class='ocrx_word' id='word_1_811' title='bbox 3394 5277 3617 5351; x_wconf 89' lang='lat' dir='ltr'>absque</span> 
     </span>
    </p>
   </div>
   <div class='ocr_carea' id='block_1_111' title="bbox 1969 5368 3615 5445">
    <p class='ocr_par' dir='ltr' id='par_1_111' title="bbox 1969 5368 3615 5445">
     <span class='ocr_line' id='line_1_111' title="bbox 1969 5368 3615 5445; baseline -0.005 -13"><span class='ocrx_word' id='word_1_812' title='bbox 1969 5376 2242 5432; x_wconf 83' lang='lat' dir='ltr'>conflictu</span> <span class='ocrx_word' id='word_1_813' title='bbox 2275 5391 2381 5430; x_wconf 88' lang='lat' dir='ltr'>suo</span> <span class='ocrx_word' id='word_1_814' title='bbox 2405 5372 2528 5445; x_wconf 88' lang='lat' dir='ltr'>juri</span> <span class='ocrx_word' id='word_1_815' title='bbox 2553 5372 2825 5428; x_wconf 86' lang='lat' dir='ltr'>restituit.</span> <span class='ocrx_word' id='word_1_816' title='bbox 2843 5372 3110 5427; x_wconf 88' lang='lat' dir='ltr'>Sororem</span> <span class='ocrx_word' id='word_1_817' title='bbox 3129 5385 3297 5423; x_wconf 89' lang='lat' dir='ltr'>suam</span> <span class='ocrx_word' id='word_1_818' title='bbox 3321 5368 3615 5439; x_wconf 89' lang='lat' dir='ltr'>siquidem</span> 
     </span>
    </p>
   </div>
   <div class='ocr_carea' id='block_1_112' title="bbox 1970 5458 3614 5536">
    <p class='ocr_par' dir='ltr' id='par_1_112' title="bbox 1970 5458 3614 5536">
     <span class='ocr_line' id='line_1_112' title="bbox 1970 5458 3614 5536; baseline -0.004 -15"><span class='ocrx_word' id='word_1_819' title='bbox 1970 5464 2215 5522; x_wconf 86' lang='lat' dir='ltr'>Karolus</span> <span class='ocrx_word' id='word_1_820' title='bbox 2246 5464 2495 5536; x_wconf 79' lang='lat' dir='ltr'>benigne</span> <span class='ocrx_word' id='word_1_821' title='bbox 2527 5461 2770 5531; x_wconf 85' lang='lat' dir='ltr'>excepit,</span> <span class='ocrx_word' id='word_1_822' title='bbox 2802 5464 2860 5515; x_wconf 89' lang='lat' dir='ltr'>et</span> <span class='ocrx_word' id='word_1_823' title='bbox 2907 5458 3106 5515; x_wconf 89' lang='lat' dir='ltr'>omnia</span> <span class='ocrx_word' id='word_1_824' title='bbox 3154 5475 3283 5530; x_wconf 65' lang='lat' dir='ltr'>quae</span> <span class='ocrx_word' id='word_1_825' title='bbox 3332 5458 3614 5515; x_wconf 88' lang='lat' dir='ltr'>hactenus</span> 
     </span>
    </p>
   </div>
   <div class='ocr_carea' id='block_1_113' title="bbox 1966 5546 3616 5629">
    <p class='ocr_par' dir='ltr' id='par_1_113' title="bbox 1966 5546 3616 5629">
     <span class='ocr_line' id='line_1_113' title="bbox 1966 5546 3616 5629; baseline -0.004 -17"><span class='ocrx_word' id='word_1_826' title='bbox 1966 5573 2104 5629; x_wconf 88' lang='lat' dir='ltr'>erga</span> <span class='ocrx_word' id='word_1_827' title='bbox 2133 5553 2301 5610; x_wconf 91' lang='lat' dir='ltr'>illum</span> <span class='ocrx_word' id='word_1_828' title='bbox 2333 5551 2676 5623; x_wconf 86' lang='lat' dir='ltr'>deliquerat,</span> <span class='ocrx_word' id='word_1_829' title='bbox 2703 5548 2787 5603; x_wconf 90' lang='lat' dir='ltr'>illi</span> <span class='ocrx_word' id='word_1_830' title='bbox 2819 5547 3404 5621; x_wconf 88' lang='lat' dir='ltr'>donavit.Multisque</span> <span class='ocrx_word' id='word_1_831' title='bbox 3424 5546 3616 5605; x_wconf 88' lang='lat' dir='ltr'>verbis</span> 
     </span>
    </p>
   </div>
   <div class='ocr_carea' id='block_1_114' title="bbox 194 5636 3614 5717">
    <p class='ocr_par' dir='ltr' id='par_1_114' title="bbox 194 5636 3614 5717">
     <span class='ocr_line' id='line_1_114' title="bbox 194 5636 3614 5717; baseline 0 -21"><span class='ocrx_word' id='word_1_832' title='bbox 194 5636 421 5712; x_wconf 84' lang='lat' dir='ltr'>ubique</span> <span class='ocrx_word' id='word_1_833' title='bbox 433 5637 757 5714; x_wconf 87' lang='lat' dir='ltr'>prohibuit.</span> <span class='ocrx_word' id='word_1_834' title='bbox 775 5638 1041 5714; x_wconf 81' lang='lat' dir='ltr'>Cumque</span> <span class='ocrx_word' id='word_1_835' title='bbox 1062 5636 1184 5695; x_wconf 78' lang='lat' dir='ltr'>haec</span> <span class='ocrx_word' id='word_1_836' title='bbox 1200 5636 1284 5695; x_wconf 88' lang='lat' dir='ltr'>ita</span> <span class='ocrx_word' id='word_1_837' title='bbox 1302 5636 1855 5714; x_wconf 85' lang='lat' dir='ltr'>haberent,cernens</span> <span class='ocrx_word' id='word_1_838' title='bbox 1964 5646 2174 5707; x_wconf 86' lang='lat' dir='ltr'>blande</span> <span class='ocrx_word' id='word_1_839' title='bbox 2202 5644 2367 5701; x_wconf 83' lang='lat' dir='ltr'>illam</span> <span class='ocrx_word' id='word_1_840' title='bbox 2396 5639 2705 5710; x_wconf 85' lang='lat' dir='ltr'>allocutus,</span> <span class='ocrx_word' id='word_1_841' title='bbox 2724 5654 2960 5697; x_wconf 88' lang='lat' dir='ltr'>omnem</span> <span class='ocrx_word' id='word_1_842' title='bbox 2980 5638 3614 5717; x_wconf 84' lang='lat' dir='ltr'>benignitatem,quam</span> 
     </span>
    </p>
   </div>
  </div>
