4094 6186
448 328 521 391 ’71
1204 422 1211 427 _
1503 323 1884 390 NITHARDI
1927 323 1990 389 S.
2040 321 2385 392 RJCHARII
2427 325 2787 393 ABBA'I‘IS.
3768 327 3852 395 ’18

450 465 745 530 autem.in
776 466 1066 538 quantum
1098 480 1270 518 nosse
1300 479 1363 517 ac
1395 479 1565 532 posse
1587 462 1739 516 Deus
1764 460 1877 515 illis
1895 478 2091 516 conce—
2120 466 2169 529 Α
2205 464 2446 519 nitatem
2480 464 2941 537 Saxonibus,qui
2970 480 3031 520 se
3065 462 3348 538 Stellinga
3378 463 3853 538 nominaverant,

448 555 633 623 deret,
647 554 969 611 secundum
992 568 1161 608 suam
1181 550 1539 606 voluntatem
1562 567 1623 605 se
1644 555 1701 605 et
1721 566 1859 604 suos
1889 549 2094 621 guber-

448 662 589 701 nare
619 647 677 701 et
706 659 901 716 regere
929 640 1093 708 velle,
1123 639 1291 695 aiunt
1322 655 1334 694 :
1374 661 1400 688 «
1434 639 1504 694 Et
1535 636 1876 693 auctoritate
1897 635 2093 692 divina

448 739 515 790 ut
543 733 688 789 illud
720 729 1075 803 suscipiatis,
1108 732 1166 784 et
1213 728 1536 784 secundum
1583 725 1686 782 Dei
1730 725 2088 781 voluntatem

449 823 593 879 illud
629 820 861 893 regatis,
894 835 1225 885 monemus,
1258 817 1565 872 hortamur
1600 820 1776 886 atque
1825 812 2088 887 prazcipi-

447 929 644 966 mus.»
671 910 815 964 Hinc
839 912 1035 963 autem
1058 912 1303 978 uterque
1328 905 1563 960 illorum
1585 904 1890 958 duodecim
1914 921 1943 962 e
1964 902 2089 958 suis

444 1000 518 1055 ad
550 1000 658 1055 hoc
689 1015 835 1071 opus
867 996 1059 1068 elegit,
1093 1011 1342 1067 quorum
1376 1010 1531 1048 unus
1562 992 1801 1059 exstitit,
1825 996 1883 1046 et
1936 992 2090 1046 sicut

444 1088 561 1145 illis
591 1103 939 1159 congruum,
972 1090 1038 1140 ut
1058 1085 1208 1139 inter
1236 1082 1368 1138 illos
1394 1082 1505 1138 hoc
1553 1098 1757 1156 regum
1807 1080 2087 1135 dividere-

443 1181 564 1243 tur,
593 1176 788 1232 visum
820 1179 929 1243 est,
962 1172 1220 1229 contenti
1244 1176 1397 1227 sunt.
1418 1172 1480 1227 In
1513 1188 1628 1243 qua
1658 1169 1940 1226 divisione
1972 1186 2087 1223 non

442 1272 673 1323 tantum
705 1264 972 1320 fertilitas
1003 1266 1104 1317 aut
1131 1278 1297 1333 (equa
1344 1258 1532 1333 portio
1580 1258 1767 1331 regni,
1798 1263 2087 1330 quantum

444 1356 700 1415 affinitas
720 1358 777 1411 et
796 1351 1180 1426 congruentia
1198 1351 1486 1422 cujusque
1519 1352 1715 1421 aptata
1738 1351 1846 1404 est.
1860 1346 2087 1403 Evenit-

443 1462 559 1519 que
590 1442 949 1501 Lodhuwico
980 1439 1175 1497 omnis
1197 1437 1383 1495 Frisia
1403 1456 1553 1494 a.....

515 1531 722 1591 Karolo
744 1547 878 1588 vero

513 1622 738 1690 Quibus
768 1617 1316 1693 peractis,quinque
1347 1614 1579 1670 illorum
1601 1632 1633 1671 e
1653 1613 2004 1688 populo,qui
2027 1629 2089 1669 se

443 1717 680 1770 secutus
708 1713 818 1778 est,
844 1706 1125 1778 suscepit,
1144 1722 1211 1760 ac
1240 1704 1456 1772 sibi,ut
1486 1704 1759 1775 deinceps
1782 1698 1973 1759 ﬁdelis
1996 1719 2088 1758 es-

440 1806 549 1870 set,
565 1802 928 1856 sacramento
958 1793 1232 1849 ﬁrmavit.
1247 1794 1316 1848 Et
1337 1792 1581 1848 Karolus
1604 1792 1840 1864 quidem
1864 1791 2088 1846 Mosam

441 1906 707 1964 regnum,
738 1903 913 1944 suum
961 1883 1342 1939 ordinaturus
1386 1881 1657 1953 trajecit:
1691 1879 2088 1936 Lodhuwicus

438 1962 593 2048 vero,
628 1962 991 2036 saxonorum
1041 1990 1220 2029 causa
1264 1970 1562 2026 Coloniam
1612 1970 1795 2042 petiit.
1830 1971 2089 2035 Quorum

439 2086 611 2126 casus
632 2065 910 2139 quoniam
942 2061 1227 2119 maximos
1247 2076 1375 2116 esse
1411 2058 2088 2131 perspicio,pra3tereun—

439 2160 545 2233 dos
577 2155 818 2212 minime
848 2157 1009 2226 puto.
1044 2151 1301 2207 Saxones
1331 2147 1757 2221 quidem,sicut
1802 2144 2089 2203 universis

439 2264 542 2320 per
564 2245 857 2316 Europam
881 2238 1230 2313 degentibus
1252 2242 1431 2310 patet,
1449 2235 1692 2292 Karolus
1713 2236 1962 2307 Magnus
1986 2234 2091 2290 im-

440 2339 673 2411 perator
702 2332 774 2388 ab
796 2328 1085 2386 universis
1111 2326 1448 2383 nationibus
1464 2342 1581 2397 non
1607 2325 1901 2381 immerito
1920 2340 2087 2380 voca-

438 2430 561 2493 tus,
590 2422 663 2479 ab
695 2419 985 2478 idolorum
1034 2416 1194 2472 varia
1242 2414 1474 2471 cultura
1522 2413 1707 2470 multo
1756 2431 1821 2470 ac
1860 2413 2087 2471 diverso

439 2514 637 2572 labore
667 2512 742 2568 ad
787 2525 984 2565 veram
1031 2505 1135 2563 Dei
1182 2504 1696 2576 Christianamque
1745 2502 2086 2576 religionem

439 2601 741 2660 convertit.
777 2598 885 2665 Qui
915 2598 987 2653 ab
1038 2595 1207 2652 initio
1255 2599 1376 2650 tam
1427 2591 1674 2662 nobiles,
1699 2608 1877 2665 quam
1926 2595 1983 2647 et
2012 2593 2084 2648 ad

438 2691 591 2748 bella
620 2685 1069 2763 promptissimi,
1102 2682 1309 2740 multis
1330 2682 1563 2738 indiciis
1594 2697 1849 2753 persaepe
1867 2679 2087 2736 clarue-

438 2783 594 2837 runt.
609 2782 791 2845 Quem
804 2793 948 2849 geus
958 2774 1152 2830 omnis
1165 2774 1221 2828 in
1237 2773 1428 2828 tribus
1439 2770 1745 2827 ordinibus
1758 2769 1944 2825 divisa
1954 2786 2087 2825 con-

437 2869 780 2925 sistit.Sunt
805 2864 962 2922 enim
997 2864 1152 2919 inter
1180 2860 1313 2917 illos
1342 2860 1442 2933 qui
1473 2858 1793 2932 Edhilingi,
1813 2863 1953 2914 sunt
1982 2856 2083 2930 qui

439 2956 701 3030 Frilingi,
734 2959 873 3011 sunt
898 2953 999 3026 qui
1033 2951 1197 3007 Lazzi
1248 2950 1482 3006 illorum
1532 2948 1735 3021 lingua
1782 2948 2078 3004 dicuntur.

435 3047 643 3104 Latina
668 3062 801 3101 vero
832 3042 1036 3115 lingua
1074 3040 1183 3098 hoc
1230 3043 1371 3096 sunt
1403 3055 1416 3094 :
1451 3037 1697 3106 nobiles,
1730 3036 2081 3109 ingenuiles,

2120 1836 2168 1904 B

2199 553 2641 625 conjungerent,
2677 570 3039 627 regnumque
3069 552 3183 609 sibi
3209 552 3565 610 vindicaturi
3613 552 3848 610 invade-

2200 644 2347 710 rent,
2383 646 2440 698 et
2468 641 2859 699 Christianam
2890 641 3231 715 religionem
3253 642 3348 700 bis
3367 642 3426 699 in
3448 641 3714 717 partibus
3745 659 3850 700 an-

2198 730 2999 802 nularent.Quamobrem,uti
3014 731 3850 806 praetulimus,przemaxime...

2199 817 2545 887 (Colonlam)
2578 819 2741 887 adiit,
2765 826 2822 874 et
2850 820 2910 875 in
2943 825 3232 891 quantum
3263 820 3446 876 valuit
3467 818 3643 876 simul
3664 826 3721 876 et
3741 837 3852 876 ca;-

2198 912 2321 962 tera
2351 908 2511 979 regni
2536 908 2627 962 sui
2650 908 2950 977 scandala,
2968 926 3038 964 ne
3060 909 3168 965 hoc
3199 909 3693 966 nefandissimum
3726 927 3852 965 ma-
3954 910 3957 911 ⁷

2198 994 2321 1051 lum
2344 1001 2555 1052 sancta}
2579 997 2675 1052 Dei
2699 997 2967 1054 Ecclesiae
2990 1000 3302 1068 deveniret,
3318 999 3608 1072 praeeavit.
3625 1000 3854 1066 Quibus

2196 1083 2460 1157 expletis,
2488 1084 2969 1143 Viridunensium
3000 1088 3289 1144 civitatem
3321 1087 3719 1144 Lodhuwicus
3750 1104 3856 1160 per

2197 1174 2474 1230 Teotonis
2503 1173 2725 1229 villam.
2760 1174 3010 1232 Karolus
3058 1180 3255 1233 autem
3303 1193 3407 1248 per
3455 1175 3851 1232 Rhemensem

2199 1261 2405 1318 urbem
2438 1263 2655 1319 adeunt
2687 1281 2699 1317 :
2735 1264 2877 1337 quid
2910 1265 3185 1338 deinceps
3210 1265 3504 1339 agendum
3528 1264 3850 1335 videretur,

2198 1348 2598 1407 deliberaturi.

2270 1439 2375 1495 Per
2395 1439 2550 1497 idem
2581 1445 2815 1514 tempus
2855 1440 3201 1499 Nortmanni
3249 1441 3500 1516 Cotuuig
3528 1443 3852 1516 depraadati

2198 1532 2358 1597 sunt,
2390 1527 2653 1601 inibique
2678 1530 2825 1585 mari
2857 1531 3123 1603 trajeeto,
3155 1530 3453 1605 Hamuuig
3473 1536 3529 1588 et
3562 1532 3849 1589 Nodhun-

2198 1616 2385 1691 nuuig
2404 1616 2675 1674 similiter
2703 1617 3037 1691 depopulati
3076 1623 3237 1676 sunt.
3272 1619 3600 1677 Lodharius
3648 1626 3851 1678 autem

2199 1710 2264 1761 ut
2283 1722 2345 1762 se
2375 1723 2555 1779 supra
2575 1706 2762 1779 ripam
2785 1706 3052 1764 Rhodani
3074 1707 3311 1781 recepit,
3326 1707 3557 1781 navigio
3577 1710 3850 1782 ejusdem

2200 1794 2463 1850 fluminis
2478 1794 2657 1850 fretus
2678 1794 2821 1850 inibi
2846 1795 3203 1868 resedit,quo
3216 1796 3477 1869 undique
3496 1814 3644 1869 quos
3664 1798 3855 1856 valuit

2199 1884 2310 1940 sibi
2342 1883 2401 1939 in
2424 1884 2759 1940 subsidium
2782 1883 3467 1941 attraxit.Verumtamen
3488 1884 3750 1960 legatum
3774 1889 3849 1944 ad

2199 1973 2406 2029 fratres
2427 1990 2564 2028 suos
2587 1972 2845 2045 dirigens
2876 1973 3193 2042 mandat,si
3214 1974 3533 2047 sciret,qua
3563 1974 3690 2032 fieri
3718 1994 3851 2050 pos-

2198 2066 2305 2129 set,
2338 2062 2625 2133 primores
2655 2078 2793 2117 suos
2838 2062 2910 2117 ad
2943 2060 3076 2118 illos
3107 2061 3355 2136 dirigere
3400 2063 3574 2121 vellet
3603 2065 3676 2121 de
3704 2083 3849 2138 pace

2197 2148 2637 2207 deliberaturos.
2657 2149 3024 2222 Responsum
3054 2154 3163 2220 est,
3179 2151 3437 2208 mitteret
3457 2169 3604 2226 quos
3620 2152 3797 2211 vellet
3828 2172 3842 2210 :

2196 2236 2365 2293 facile
2390 2237 2711 2309 quemlibet
2728 2238 2876 2294 scire
2896 2255 3086 2310 posse,
3100 2256 3219 2311 qua
3239 2238 3355 2296 illis
3375 2240 3671 2298 devcniret
3691 2259 3841 2299 esse.

2198 2326 2312 2400 Ipsi
2343 2344 2474 2383 vero
2499 2344 2613 2383 uno
2634 2326 3173 2399 eodemqucitinere
3194 2345 3297 2401 per
3318 2330 3842 2403 Trieasinensium,

2193 2414 2715 2472 Cadhellonensem
2730 2415 2949 2472 adeunt
2962 2415 3186 2473 urbem.
3202 2418 3465 2491 Cumque
3487 2419 3845 2478 Miliciacum

2191 2502 2507 2571 venissent,
2525 2501 2813 2575 Iosippus,
2833 2501 3227 2573 Eberhardus,
3244 2506 3551 2579 Egbertus,
3564 2525 3686 2564 una
3704 2526 3845 2568 cum

2193 2591 2415 2647 steteris
2437 2609 2471 2646 a
2491 2595 2653 2664 parte
2676 2590 2971 2663 Lodharii,
2986 2592 3058 2649 ad
3105 2592 3235 2650 illos
3263 2600 3565 2666 venerunt,
3580 2597 3845 2656 dicentes

2192 2681 2346 2754 quod
2380 2680 2705 2737 Lodharius
2746 2681 3111 2754 cognovisset
3158 2700 3220 2739 se
3271 2684 3331 2739 in
3377 2684 3561 2742 Deum
3611 2691 3669 2743 et
3708 2687 3845 2745 illos

2191 2768 2530 2841 deliquisse,
2567 2768 2858 2842 uelletque
2894 2765 3165 2844 ~amplius
3226 2778 3290 2829 ut
3338 2772 3637 2831 altercatio
3691 2778 3848 2834 inter

2191 2855 2321 2913 illos
2349 2860 2407 2911 et
2435 2855 2832 2913 Christianum
2864 2855 3146 2930 populum
3177 2865 3349 2917 esset.
3384 2860 3444 2917 Si
3469 2861 3701 2932 vellent,
3732 2865 3841 2921 ali-

2190 2944 2333 3018 quid
2354 2944 2439 3000 illi
2458 2962 2638 3017 supra
2658 2944 2890 3001 tertiam
2934 2951 3156 3019 partem
3181 2949 3343 3022 regni
3366 2957 3603 3024 propter
3624 2970 3841 3011 nomen

2186 3034 2576 3107 imperatoris,
2610 3035 2764 3107 quod
2796 3034 2878 3092 illi
2901 3041 3065 3110 pater
3085 3036 3318 3094 illorum
3365 3047 3750 3110 concesserat,
3781 3046 3845 3100 et

435 3141 608 3206 atque
639 3132 895 3188 serviles.
930 3130 1040 3185 Sed
1073 3146 1209 3201 pars
1239 3127 1495 3194 illorum,
1529 3142 1657 3196 quae
1687 3124 2083 3183 nobiliscinter
2126 3204 2137 3206 ξ
2189 3128 2424 3196 propter
2497 3123 2844 3196 dignitatem
2904 3125 3156 3199 imperii,
3206 3145 3383 3200 quam
3452 3148 3593 3186 avus
3660 3134 3844 3203 regno

436 3204 565 3276 illos
593 3220 864 3286 habetur,
889 3218 948 3272 in
998 3216 1228 3271 duabus
1277 3215 1543 3286 partibus
1600 3213 1659 3269 in
1710 3214 2078 3269 dissensione
2108 3204 2152 3270 C
2195 3213 2550 3267 Francorum
2581 3213 2892 3284 adjecerat,
2926 3231 3140 3287 augere
3189 3217 3465 3275 facerent.
3493 3220 3598 3275 Sin
3645 3220 3840 3290 aliter,

436 3309 708 3366 Lodharii
739 3324 805 3363 ac
834 3306 1081 3363 fratrum
1111 3320 1354 3361 suorum
1382 3302 1587 3375 divisa,
1612 3319 1847 3375 unaque
1876 3319 2079 3359 eorum

436 3383 811 3465 Lodharium,
826 3395 1009 3452 altera
1035 3410 1168 3450 vero
1192 3390 1616 3449 Lodhuwicum
1639 3396 1839 3448 secuta
1853 3395 1963 3447 est.
1979 3389 2080 3447 llis

431 3488 513 3543 ita
530 3505 593 3543 se
612 3485 1245 3550 hahentibus,cerncns
1270 3480 1593 3536 Lodharius
1624 3481 1777 3553 quod
1811 3484 1945 3553 post
1961 3480 2079 3535 vic-

429 3575 640 3633 toriam
664 3576 931 3641 fratrum,
947 3571 1199 3644 populus
1232 3570 1332 3642 qui
1355 3586 1488 3625 cum
1511 3568 1610 3624 illo
1633 3569 1820 3624 fuerat
1836 3569 2080 3624 deficere

427 3654 618 3725 v'ellet.
639 3663 816 3720 variis
865 3648 1266 3717 necessatibus
1313 3656 1975 3731 astrictus,quocunque
2023 3658 2081 3713 et

429 3754 961 3829 quomodocunque
982 3753 1226 3823 poterat,
1240 3747 1572 3804 subsidium
1594 3746 1907 3819 quiercbat.
1934 3745 2079 3802 Hinc

428 3859 551 3900 rem
583 3839 878 3916 publicam
928 3839 988 3894 in
1034 3835 1286 3912 propriis
1335 3834 1542 3892 usibus
1592 3832 1908 3901 tribuebat,
1941 3832 2079 3888 hinc

427 3932 783 4007 quibusdam
802 3929 1131 3985 libertatem
1154 3923 1715 3998 dabat,quibusdam
1729 3927 1926 3978 autem
1948 3925 2080 3995 post

424 4019 728 4077 victoriam
757 4036 821 4076 se
851 4017 1127 4072 daturum
1169 4015 1566 4088 promittebat.
1600 4013 1747 4070 Hine
1792 4013 1968 4068 etiam
2016 4011 2077 4068 in

427 4108 741 4165 Saxoniam
774 4105 955 4173 misit,
973 4103 1247 4176 Frilingis
1278 4103 1963 4176 Lazzibusque.quorum
1995 4103 2080 4158 in-

426 4195 595 4252 finita
625 4180 943 4250 multitudo
965 4196 1073 4261 est,
1090 4192 1460 4265 promittens,
1475 4191 1522 4246 si
1548 4207 1747 4247 secum
1771 4191 2074 4260 sentirent,

428 4289 494 4341 ut
513 4283 722 4358 legem,
739 4297 918 4355 quam
936 4285 1333 4337 antecessores
1356 4280 1447 4335 sui
1478 4283 1741 4353 tempore
1764 4296 1879 4352 quo
1902 4279 2079 4336 idolo-

429 4389 561 4429 rum
591 4369 847 4428 cultores
864 4372 1048 4438 erant,
1067 4368 1416 4436 habuerant,
1430 4368 1635 4423 eadem
1665 4365 1784 4423 illis
1804 4365 2077 4440 deinceps

428 4461 762 4520 habendam
794 4459 1155 4517 concederet.
1189 4459 1314 4524 Qua
1361 4473 1542 4528 supra
1583 4456 1826 4512 modum
1855 4455 2077 4529 cupidi,

428 4568 641 4607 nomen
675 4566 888 4606 novum
918 4546 1054 4615 sibi,
1076 4548 1134 4603 id
1165 4550 1255 4603 est
1283 4545 1609 4619 Stellingua
1636 4544 2074 4635 imposuerunt;
2109 4570 2154 4635 υ

428 4645 486 4695 et
514 4638 574 4695 in
594 4656 777 4694 unum
800 4635 1423 4710 conglobati,dominis
1444 4653 1474 4690 e
1491 4652 1669 4707 regno
1698 4651 1845 4707 pene
1866 4632 2074 4707 pulsis,

430 4745 590 4784 more
620 4727 1015 4799 antiquo,qua
1035 4726 1286 4798 quisque
1301 4724 1530 4781 volebat
1559 4724 1685 4797 lege
1711 4724 1959 4780 vivebat.
1980 4723 2077 4779 ln-

430 4835 607 4891 super
636 4821 831 4873 autem
866 4816 1190 4872 Lodharius
1219 4815 1613 4871 Nortmannos
1630 4831 1809 4870 causa
1829 4813 2079 4870 subsidii

428 4906 844 4972 inlroduxerat,
860 4908 1202 4978 partemque
1233 4903 1699 4960 Christianorum
1729 4902 1848 4959 illis
1883 4900 2081 4958 subdi-

430 4999 595 5053 derat
628 5013 641 5051 :
676 4994 893 5068 quibus
914 4994 1111 5059 etiam,
1128 4997 1193 5047 ut
1223 4996 1461 5047 caeteros
1482 4991 1847 5048 Christianos
1868 4991 2081 5063 deprae-

431 5081 955 5150 darent,licentiam
971 5079 1165 5134 dabat.
1182 5078 1366 5151 Igitur
1378 5083 1645 5135 metuens
1659 5079 2076 5145 Lodhuwicus,

433 5188 503 5227 ne
525 5173 701 5227 iidem
724 5168 1089 5234 Nortmanni,
1114 5184 1336 5223 necnon
1374 5171 1433 5222 et
1466 5167 1924 5241 Sclavi,propter
1952 5166 2076 5222 affi-

509 5355 529 5382 α
566 5330 660 5403 Sic
690 5334 800 5386 vet.
833 5348 944 5398 ex.,
979 5329 1135 5403 quod
1168 5346 1354 5403 nuper
1374 5328 1691 5403 admodum
1715 5329 1957 5401 quidam
1990 5329 2075 5387 sic

432 5402 703 5474 supplere
725 5403 973 5474 tentavit
998 5400 1019 5456 Ξ
1049 5426 1075 5451 ‹‹
1110 5403 1175 5457 Et
1206 5400 1521 5474 Orientalia
1542 5400 2072 5474 regna’ccsserunt,

432 5472 625 5531 omnis
656 5473 879 5545 scilicet
900 5474 1425 5545 Germaniausqne
1456 5472 1527 5527 ad
1552 5472 1734 5528 Rheni
1760 5473 1997 5543 fluenta,
2020 5481 2078 5531 et

433 5545 640 5629 aliquae
670 5544 930 5603 civitates
960 5550 1122 5601 trans
1170 5544 1441 5602 Rhenum
1489 5561 1625 5601 cum
1673 5546 2077 5617 adiacentibus

433 5633 618 5695 pagis.
651 5637 679 5671 ››

2187 3301 2418 3357 tertiam
2431 3303 2838 3358 tantummodo
2851 3308 3072 3376 partem
3085 3305 3265 3362 totius
3276 3307 3500 3380 absque
3513 3309 3849 3383 Langobar-

2186 3390 2308 3458 dia,
2335 3389 2620 3460 Bajoaria,
2644 3395 2703 3447 et
2729 3391 3061 3464 Aquitania,
3084 3393 3166 3450 illi
3210 3398 3595 3454 concederent
3628 3415 3641 3454 :
3675 3415 3842 3472 rege-

2188 3482 2390 3551 retquc
2437 3479 2688 3551 quisque
2744 3480 3002 3547 illorum,
3035 3481 3151 3538 Dec
3208 3484 3455 3555 favente,
3507 3488 3840 3560 portionem

2189 3567 2351 3640 regni
2383 3566 2473 3622 sui
2501 3573 2675 3640 prout
2695 3568 2909 3625 melius
2929 3576 3146 3643 posset.
3164 3573 3479 3630 Frueretur
3507 3575 3653 3632 alter
3692 3576 3842 3634 alte-

2187 3655 2311 3712 rius
2340 3656 2604 3712 subsidio
2626 3673 2691 3713 ac
2713 3657 3130 3728 benevolentia,
3145 3664 3527 3720 concederent
3544 3681 3747 3738 pacem
3781 3672 3845 3724 et

2188 3743 2343 3818 leges
2374 3743 2621 3800 invicem
2652 3744 2765 3801 sibi
2786 3745 3382 3823 subjectas,essetque
3398 3752 3549 3809 inter
3567 3752 3699 3811 illos
3720 3754 3842 3813 Deo

2188 3837 2442 3900 auctore,
2469 3850 2581 3906 pax
2612 3838 2781 3906 pacta
2812 3851 3037 3908 perpes.
3074 3838 3237 3904 Quod
3269 3854 3404 3896 cum
3437 3839 3842 3901 Lodhuwicus

2186 3926 2244 3977 et
2273 3920 2523 3977 Karolus
2554 3923 2879 3993 audissent,
2903 3928 2961 3980 et
2979 3924 3097 3982 illis
3117 3923 3389 4001 plebique
3407 3929 3692 3988 universas
3714 3946 3845 4006 per-

2186 4010 2468 4084 placitum
2490 4010 2729 4082 esset,in
2747 4028 2924 4068 unam
2944 4030 3061 4070 una
3075 4028 3210 4071 cum
3233 4017 3841 4091 primoribuscoeunt,

2186 4117 2253 4157 ac
2283 4099 2428 4174 quid
2476 4100 2547 4156 de
2590 4099 2807 4157 talibus
2854 4101 3043 4159 acturi
3089 4109 3305 4175 essent,
3331 4107 3588 4180 gratanti
3635 4111 3841 4168 animo

2186 4188 2512 4245 conferunt.
2544 4187 2792 4245 Aiebant
2820 4206 2882 4247 sc
2920 4190 3117 4249 hocin
3168 4194 3402 4252 exordio
3449 4196 3841 4257 dissensionis

2184 4277 2462 4350 voluisse,
2505 4280 2564 4334 et
2608 4294 2950 4351 quanquam
2999 4280 3257 4354 peccatis
3309 4282 3841 4347 interVenientibus

2186 4368 2512 4439 proficuum
2537 4382 2667 4422 esse
2695 4383 2811 4423 non
2833 4373 3219 4444 posset,sa3pe
3239 4370 3349 4429 hoc
3374 4370 3460 4431 illi
3482 4377 3839 4436 mandatum

2187 4454 2389 4512 fuisse.
2410 4455 2473 4511 In
2505 4471 2572 4511 eo
2600 4459 2798 4511 tamen
2824 4454 3211 4531 omnipotenti
3236 4461 3351 4519 Deo
3377 4464 3599 4537 gratias
3631 4462 3843 4525 refere-

2185 4544 2345 4613 bant,
2365 4544 2535 4615 cujus
2561 4545 2799 4601 tandem
2824 4562 2931 4618 ope
2959 4548 3147 4619 adjutl
3170 4548 3279 4608 hoc
3299 4561 3845 4626 promeruerant,ut

2186 4632 2368 4689 frater
2387 4632 2643 4701 illorum,
2668 4633 2767 4706 qui
2790 4651 3022 4708 semper
3040 4654 3243 4710 pacem
3265 4644 3442 4715 atque
3461 4644 3843 4704 concordiam

2187 4725 2502 4793 spreverat,
2528 4720 2644 4778 Deo
2673 4722 2954 4797 largiente
2976 4729 3117 4782 tunc
3140 4727 3301 4786 illam
3323 4730 3574 4803 petebat.
3589 4732 3843 4792 Verum-

2186 4815 2383 4891 tamen
2406 4810 2577 4867 solito
2609 4828 2769 4868 more
2797 4813 2871 4868 ad
2901 4813 3204 4888 episcopos
3232 4819 3679 4894 sacerdotesque
3708 4828 3840 4881 re‘m

2188 4900 2468 4969 referunt,
2502 4903 2567 4954 ut
2595 4917 2946 4973 quocunque
2976 4903 3172 4960 divina
3201 4908 3519 4966 auctoritas
3542 4909 3599 4967 id
3614 4914 3841 4970 vertere

2186 4988 2375 5057 vellet,
2409 4993 2556 5043 nutu
2588 4989 2774 5061 ipsius
2804 4988 3006 5046 libenti
3046 4994 3242 5049 animo
3281 5003 3492 5068 praesto
3534 5001 3835 5060 adessent.

2187 5078 2561 5143 Quibuscum
2595 5077 2854 5150 undique
2886 5083 2949 5136 ut
2968 5097 3079 5151 pax
3108 5081 3261 5138 inter
3286 5083 3418 5143 illos
3442 5087 3605 5145 fleret
3620 5089 3841 5148 melius

2181 5165 2495 5233 videretur,
2511 5167 2902 5235 consentiunt,
2923 5166 3143 5241 legatos
3172 5178 3510 5247 convocant,
3535 5174 3840 5251 postulata

2254 5330 2282 5409 li
2313 5326 2405 5383 Sic
2418 5328 2557 5409 vet,
2571 5326 2726 5409 quod
2741 5330 2793 5381 et
2818 5327 2970 5382 idem
2987 5345 3174 5409 nuper
3193 5334 3277 5409 sic
3290 5335 3564 5409 supplere
3585 5345 3838 5399 conatus

2184 5403 2317 5495 exat“:
2357 5421 2382 5449 «
2418 5397 2663 5495 Rarp‘lus
2693 5414 2822 5453 vero
2862 5397 3529 5495 accepituOccidelr‘italia
3570 5426 3751 5495 regna
3803 5397 3841 5470 ὁ,

2186 5470 2516 5556 Britannico
2537 5468 2760 5556 Oceano
2787 5486 2971 5556 usque
2993 5468 3065 5527 ad
3089 5472 3311 5556 Mosam
3333 5479 3601 5556 fluvium,
3631 5468 3691 5539 i’n
3715 5468 3855 5556 qua

2186 5546 2348 5617 parte
2378 5558 2446 5598 ex
2476 5546 2614 5597 tunc
2645 5546 2702 5596 et
2732 5541 2903 5598 modo
2931 5560 3142 5601 nomen
3177 5548 3430 5607 Francia:
3466 5541 3771 5612 remansit.
3801 5541 3833 5610 ἑὲ
