4094 6186
417 357 498 422 ’19
1635 354 2036 420 AMULONIS
2079 353 2320 418 EPISC.
2370 358 2600 422 LUGD.
3740 359 3820 423 80

421 497 644 562 rentur,
678 493 782 550 sed
810 492 1258 566 percussionum
1289 495 1348 548 et
1377 489 1932 563 elisionum,quibus
1963 489 2068 546 mi-
2093 489 2152 560 Α
2179 507 2292 548 nus
2322 499 2520 549 monet
2540 493 2740 550 dicens
2765 511 2777 550 :
2807 515 2834 545 «
2856 495 3052 552 Estote
3073 495 3392 568 prudentes
3418 495 3572 552 sicut
3591 513 3828 571 serpen-

423 597 564 640 seraa
594 581 950 638 mulierculae
981 580 1178 636 subito
1209 579 1269 635 in
1297 581 1428 652 ipsa
1454 579 1734 636 orationis
1763 579 1936 636 domo
1967 595 2068 636 ca-

423 672 560 728 dere
607 674 667 728 et
709 669 925 738 collidi,
973 673 1030 725 et
1075 668 1243 742 quasi
1286 668 1482 724 vexari
1529 669 1898 737 viderentur;
1931 682 2066 723 cum

425 764 622 815 tamen
651 759 712 815 in
739 757 902 814 nulla
928 761 1094 829 parte
1124 757 1384 830 corporis
1412 756 1562 813 laesae
1593 761 1933 830 appareant,
1967 759 2070 812 aut

424 848 544 904 ulla
573 847 758 922 plagae
787 846 1038 920 alicujus
1075 847 1319 920 vestigia
1362 851 1690 904 monstrare
1735 846 2064 902 videantur.

423 940 548 1004 Qua
575 953 645 992 ex
671 953 852 992 causa
879 939 1046 993 tanta
1073 935 1212 992 illuc
1237 935 1398 992 velut
1425 935 1846 992 admirantium
1895 934 2069 989 turba

421 1025 738 1096 concurrit,
750 1024 904 1082 sicut
919 1043 1035 1080 non
1054 1025 1246 1082 solum
1264 1026 1334 1081 ab
1354 1024 1452 1080 illo
1469 1026 1644 1080 fratre
1663 1028 2066 1095 nostro,quom

423 1115 693 1186 misistis,
725 1119 824 1173 sed
857 1115 1035 1172 etiam
1066 1132 1101 1172 a
1131 1113 1430 1172 nonnullis
1461 1112 1594 1170 aliis
1632 1112 1968 1181 didicimus,
2001 1114 2077 1188 ut

414 1206 544 1279 jam
571 1208 842 1263 trecentae
872 1204 992 1262 sive
1012 1203 1452 1278 quadringenta
1469 1205 1570 1258 aut
1586 1217 1652 1257 eo
1671 1199 1926 1273 amplius
1944 1215 2070 1272 per-

421 1311 580 1352 sona:
609 1310 740 1352 esse
770 1295 1118 1364 referantur,
1139 1311 1270 1366 quae
1282 1294 1411 1364 jam
1435 1291 1590 1348 dicto
1605 1289 1778 1346 modo
1799 1305 2068 1346 corruen-

423 1387 514 1441 tes
542 1386 720 1458 atque
749 1383 904 1440 elisae
931 1387 989 1440 et
1006 1399 1108 1456 per
1132 1380 1438 1456 paululum
1460 1379 1618 1436 velut
1637 1381 1866 1451 recepto
1887 1393 2067 1434 sensu

423 1477 660 1544 sanates,
679 1472 1015 1530 nullatenus
1033 1490 1068 1529 a
1081 1471 1206 1528 loco
1223 1471 1521 1528 discedere
1541 1485 1712 1543 posse
1733 1467 2064 1534 firmantur,

424 1562 564 1637 quia
589 1562 860 1621 videlicet
890 1562 939 1620 si
965 1563 1039 1620 ad
1070 1563 1275 1618 domos
1307 1577 1446 1616 suas
1477 1559 1663 1616 redire
1691 1555 2063 1640 tentaverint,

423 1651 628 1721 statim
655 1671 804 1710 nova
833 1651 1028 1708 nescio
1073 1668 1192 1725 qua
1233 1650 1405 1724 plaga
1435 1664 1743 1721 percussae,
1779 1647 1850 1702 ad
1883 1644 2065 1702 eccle-

421 1741 574 1800 siam
596 1741 668 1798 de
689 1758 806 1814 qua
827 1739 1087 1797 exierant
1103 1739 1292 1796 redire
1311 1735 1829 1810 compellantur.ln
1849 1733 2065 1806 quibus

422 1846 551 1888 esse
576 1829 874 1898 dicuntur,
902 1846 1018 1885 non
1047 1827 1240 1885 solum
1271 1826 1496 1901 puellae,
1530 1825 1630 1882 sed
1661 1823 1838 1881 etiam
1870 1823 2067 1895 conju-

419 1921 566 1994 gatta
589 1917 949 1992 juveniores,
978 1921 1036 1974 et
1081 1917 1434 1974 maturiores
1483 1919 1673 1986 aetate,
1704 1911 2067 1970 honestiores

419 2012 595 2080 atque
620 2007 872 2065 viliores.

492 2097 593 2154 IIl.
627 2097 755 2152 Ilaec
786 2099 982 2152 autem
1014 2113 1128 2151 non
1161 2094 1352 2151 solum
1385 2096 1442 2148 in
1476 2093 1719 2150 ecclesia
1751 2091 1935 2147 sancti
1968 2091 2068 2146 Be-

423 2185 609 2260 nigni,
641 2186 743 2242 sed
773 2184 951 2240 etiam
983 2185 1042 2240 in
1074 2183 1256 2240 altera
1281 2183 1528 2239 ecclesia
1556 2181 1711 2238 intra
1739 2180 1934 2253 ipsum
1964 2196 2064 2234 ca-

422 2275 684 2345 stellum,
713 2278 772 2332 et
801 2275 861 2330 in
891 2273 1022 2330 aliis
1052 2273 1350 2330 nonnullis
1382 2289 1484 2345 per
1505 2271 1810 2345 parochias
1840 2273 2064 2325 vestras

421 2363 696 2424 similiter
715 2365 843 2438 jam
874 2363 1000 2420 fieri
1029 2362 1274 2435 cepisse
1312 2360 1712 2434 signiﬁcastis.
1746 2359 1893 2414 Nam
1919 2361 1976 2414 et
2004 2355 2064 2412 in

419 2453 936 2530 Augustodunensi
966 2451 1257 2508 territorio
1286 2451 1441 2524 quod
1473 2449 1787 2506 Sedelocus
1805 2450 2063 2516 vocatur,

421 2544 577 2618 apud
608 2541 915 2600 ecclesiam
947 2542 1008 2598 in
1030 2558 1146 2614 qua
1175 2539 1362 2597 sancti
1393 2543 1677 2612 martyres
1705 2535 2064 2602 Andochius,

420 2633 683 2707 Thyrsus
713 2636 772 2688 et
800 2631 980 2700 Felix,
1008 2629 1228 2687 conditi
1258 2633 1418 2697 sunt,
1451 2626 1670 2684 similia
1699 2627 1822 2712 fieri
1850 2624 1939 2680 vel
1969 2641 2069 2696 po-

422 2723 542 2779 tius
569 2721 834 2778 simulari
855 2725 1011 2777 certa
1033 2719 1312 2776 relatione
1333 2717 1746 2792 comperimus.
1760 2717 2066 2786 Exspecta-

417 2809 612 2868 vimus
642 2813 839 2868 autem
871 2809 1094 2882 aliquot
1123 2807 1350 2877 diebus,
1375 2811 1442 2863 ut
1459 2807 1614 2864 sicut
1633 2812 1736 2879 p'er
1759 2803 2065 2878 praefatum

421 2899 907 2974 chorepiscopum
943 2901 1204 2956 vestrum
1253 2896 1607 2968 rogavimus,
1639 2891 1980 2966 diligentius
2009 2895 2070 2971 et

422 2990 666 3046 modum
699 2992 758 3046 et
785 2988 1050 3045 ordinem
1079 2987 1260 3059 hujus
1289 2985 1371 3042 rei
1401 2983 1612 3042 vestris
1653 2982 1824 3040 nobis
1853 2979 2066 3037 litteris

421 3077 794 3146 intimaretis,
807 3081 874 3133 ut
891 3079 1110 3149 quanto
1127 3073 1403 3131 subtilius
1423 3077 1481 3129 et
1503 3073 1829 3129 evidentius
1851 3071 2066 3126 instru-

2178 601 2212 630 α
2237 583 2346 648 tes,
2365 585 2424 637 et
2440 581 2736 654 simplices
2758 583 2912 639 sicut
2928 583 3232 641 columbae.
3258 607 3286 636 ››
3313 585 3607 642 Habemus
3629 585 3692 642 in
3713 586 3825 644 hac

2177 683 2237 723 re
2264 685 2545 742 magnum
2567 675 2625 726 et
2644 673 3024 728 reverendum
3045 672 3276 745 pietatis
3297 673 3630 747 exemplum
3653 675 3712 730 in
3733 691 3829 748 ge-

2177 756 2284 812 stis
2300 756 2452 812 beati
2473 758 2800 828 Martini,ut
2811 777 3184 834 nequaquam
3206 766 3422 819 temere
3435 763 3826 820 adhibeamus

2179 844 2415 901 incertis
2447 847 2767 914 fidem.Qui
2797 850 2984 906 beatis
3014 855 3072 906 et
3099 850 3648 923 gloriosus-Christi
3679 870 3825 908 cono

2178 933 2362 988 fossor
2387 939 2445 990 et
2472 937 2731 1008 pontifex
2758 939 2952 994 locum
2977 941 3292 1012 quemdam
3313 959 3348 996 a
3367 942 3822 1013 praecessor-ibus

2177 1023 2302 1078 suis
2332 1025 2442 1080 sub
2469 1025 2670 1083 altaris
2700 1028 2869 1083 titulo
2899 1034 3303 1085 consecratum
3333 1034 3392 1085 et
3421 1030 3824 1088 concurrentis

2176 1113 2374 1184 populi
2389 1114 2715 1187 frequentia
2727 1117 3253 1191 celebratum,quia
3265 1137 3370 1176 nec
3381 1137 3592 1177 nomen
3607 1121 3824 1194 sepulti

2175 1199 2316 1273 illic,
2351 1206 2416 1257 ut
2447 1203 2756 1273 ferebatur,
2791 1206 3084 1280 martyris,
3110 1223 3216 1264 nec
3244 1213 3508 1280 tempora
3526 1211 3824 1282 passionis

2174 1288 2303 1360 ejus
2335 1291 2568 1362 reperit,
2601 1293 2838 1350 omnino
2871 1310 2932 1350 se
2963 1297 3036 1351 ab
3066 1295 3165 1352 illo
3211 1295 3337 1353 loco
3376 1299 3684 1366 abstinuit,
3714 1317 3824 1357 nec

2175 1379 2579 1436 auctoritatem
2611 1399 2780 1438 suam
2810 1383 2968 1456 vulgi
2996 1385 3253 1456 opinioni
3277 1389 3720 1446 accommodare
3739 1389 3825 1446 ul-

2174 1463 2406 1521 latenus
2435 1465 2638 1534 voluit,
2671 1469 2874 1551 donec,
2909 1471 2989 1526 rei
3019 1471 3258 1528 veritate
3287 1473 3568 1532 divinitus
3589 1477 3703 1534 sibi
3723 1495 3824 1551 pa-

2174 1553 2408 1624 tefacta,
2439 1556 2615 1614 etiam
2649 1547 2931 1630 populum
2962 1561 3398 1633 superstitionis
3436 1563 3596 1624 illius
3627 1547 3823 1626 absol-

2172 1641 2254 1696 vit
2283 1658 2494 1699 errore.

2245 1730 2338 1786 IV.
2364 1732 2696 1791 Invenimus
2723 1737 2900 1792 etiam
2934 1739 2991 1792 in
3022 1740 3271 1796 decretis
3288 1741 3441 1798 beati
3469 1760 3632 1816 papae
3653 1745 3823 1804 Gela-

2173 1818 2244 1874 sii
2269 1821 2293 1858 δ
2312 1823 2562 1894 graviter
2583 1825 2774 1880 notari
2795 1827 3100 1898 episcopos
3120 1833 3178 1884 et
3195 1847 3341 1900 pene
3361 1830 3586 1890 alienos
3612 1852 3648 1890 a
3662 1835 3827 1892 Chri-

2175 1908 2492 1968 stianitatis
2503 1913 2711 1970 affectu
2725 1915 3041 1988 designari,
3055 1918 3154 1989 qui
3179 1919 3238 1974 in
3259 1935 3611 1994 quocunque
3631 1927 3823 1981 nomi-

2177 2013 2247 2052 ne
2278 1999 2706 2070 defunctorum,
2741 2007 2797 2059 et
2828 2004 3096 2062 fortassis
3125 2023 3230 2062 nec
3261 2009 3500 2066 omnino
3529 2011 3818 2083 ﬁdelium,

2175 2086 2488 2144 {adificatas
2519 2091 2701 2146 sacris
2723 2094 3194 2163 processionibus
3217 2098 3493 2156 audacter
3513 2086 3821 2161 instituere

2173 2181 2539 2246 prmsumunt
2565 2179 2980 2238 ecclesias.Sed
3013 2186 3069 2238 et
3097 2187 3488 2255 quorumdam
3520 2191 3826 2248 venerabi-

2175 2263 2321 2319 lium
2349 2265 2514 2320 valde
2546 2274 2883 2326 sanctorum
2923 2289 3165 2344 corpora
3209 2277 3499 2346 novimus,
3531 2278 3618 2334 vel
3670 2281 3824 2338 inter

2175 2369 2448 2424 agrorum
2491 2357 2936 2428 sepulturas,vel
2969 2361 3028 2416 in
3079 2363 3294 2437 angulo
3341 2365 3597 2424 ecclesia:
3647 2371 3822 2426 annis

2175 2441 2448 2514 plurimis
2470 2446 2752 2517 jacuisse,
2789 2449 2970 2505 donec
3014 2468 3076 2507 se
3121 2453 3316 2525 dignis
3365 2455 3823 2516 revelationibus

2176 2531 3012 2610 manifestarent.Quapropter
3033 2540 3206 2610 juxta
3233 2543 3610 2614 apostolicam
3645 2551 3822 2620 atque

2174 2621 2566 2692 evangelicum
2593 2626 2998 2684 auctoritatem
3028 2633 3084 2684 et
3111 2631 3462 2690 venerabilia
3482 2639 3821 2692 sanctorum

2176 2707 2412 2764 Patrum
2435 2713 2698 2784 exempla
2718 2719 2892 2786 atque
2912 2717 3201 2788 instituta,
3219 2728 3583 2778 removeatur
3603 2725 3674 2782 de
3696 2743 3824 2783 me-

2175 2797 2344 2887 dioet
2362 2801 2704 2874 congruenti
2735 2805 2908 2860 modo
2939 2805 3411 2867 habeaturunde
3437 2815 3601 2868 tanta
3623 2815 3821 2887 pullu-

2173 2886 2313 2943 lavit
2340 2889 2565 2945 occasio
2596 2894 3050 2964 superstitionis,
3066 2901 3124 2952 et
3151 2897 3339 2956 nullla
3367 2886 3648 2973 probatur
3665 2904 3820 2960 exis-

2172 2980 2294 3032 tere
2327 2977 2550 3036 utilitas
2577 2981 2968 3039 salutis.Nam
2999 2985 3107 3042 etsi
3139 3005 3326 3044 unum
3351 2994 3455 3046 aut
3483 2991 3670 3048 multo
3701 2994 3821 3050 duo

2171 3065 2260 3126 vd
2291 3065 2403 3122 tria
2429 3068 2560 3126 istis
2590 3069 2735 3142 ipsis
2765 3074 3065 3145 temporis,
3091 3075 3311 3148 quibus
3339 3079 3482 3135 talia
3510 3087 3818 3154 geruntur,

422 3167 521 3236 cti,
549 3169 734 3232 tanto,
767 3165 1062 3238 aspirante
1090 3163 1192 3219 Dei
1218 3162 1429 3234 gratia,
1467 3162 1541 3217 ad
1589 3159 2062 3232 respondendum
2100 3227 2136 3238 _
2174 3155 2493 3213 sanitatum
2523 3159 2610 3215 vel
2641 3161 3010 3220 curationum
3043 3163 3214 3237 signa
3231 3165 3290 3222 in
3312 3167 3516 3224 eadem
3543 3170 3697 3227 beati
3719 3172 3824 3237 Be-

420 3227 818 3311 inveniremur
835 3227 1190 3325 parati.Sed
1218 3227 1361 3322 quia
1383 3227 1528 3305 nihil
1550 3227 1751 3321 postca
1769 3247 2064 3319 rescripsi-
2092 3227 2137 3298 C
2175 3244 2337 3318 nigni
2387 3248 2660 3320 martyris
2720 3249 2965 3307 ecclesia
3012 3227 3292 3310 vemciwr
3335 3262 3393 3312 et
3437 3227 3824 3330 probabiliter

421 3341 550 3412 stis,
581 3341 796 3400 melius
823 3339 993 3396 nobis
1022 3338 1213 3396 visum
1246 3343 1338 3394 est
1368 3343 1432 3394 ut
1451 3339 1622 3410 juxta
1650 3337 1806 3409 quod
1837 3354 1905 3392 ex
1933 3337 2064 3408 ejus

421 3431 700 3490 relatione
729 3444 1044 3504 agnoscere
1070 3427 1159 3484 vel
1189 3427 1546 3500 perpendere
1575 3425 1896 3498 potuimus,
1919 3424 2065 3482 dile-

369 3537 372 3540 ‘
419 3521 598 3580 ctiOni
625 3522 830 3576 vestra:
851 3519 1116 3576 debitum
1143 3514 1540 3590 responsionis
1561 3515 1822 3574 ofﬁcium
1846 3513 2066 3571 solvere

419 3629 537 3670 non
567 3610 928 3668 differamus.
944 3608 1148 3681 Igitur,
1164 3611 1230 3664 ut
1245 3607 1316 3662 ad
1336 3606 1458 3662 hac
1477 3605 1694 3674 omnia,
1713 3609 1888 3678 prout
1907 3601 2064 3660 Chri-

417 3707 547 3760 stus
592 3701 810 3758 donare
855 3699 1154 3772 dignatur,
1199 3696 1450 3752 breviter
1496 3695 1974 3767 respondeamus,
2007 3697 2066 3750 et

417 3809 607 3850 causa":
638 3788 982 3863 ambiguum
1013 3804 1146 3844 cum
1174 3789 1367 3842 vestra
1398 3783 1615 3858 pariter
1639 3783 1950 3842 dilectione
1982 3800 2064 3840 re»

415 3897 704 3950 secemus,
733 3879 965 3936 videtur
995 3876 1163 3933 nobis
1193 3876 1253 3932 in
1283 3875 1491 3949 primis
1522 3879 1588 3931 ut
1616 3872 1896 3942 ossa‘illa,
1933 3890 2059 3946 quae

416 3970 580 4028 nulla
606 3969 850 4037 ratione,
885 3966 1046 4022 nulla
1076 3966 1442 4033 auctoritate,
1467 3965 1661 4021 nescio
1683 3963 1853 4036 cujus
1873 3963 2059 4019 sancti

415 4073 545 4116 esse
573 4056 872 4126 dicuntur,
893 4055 1049 4111 unde
1077 4055 1334 4128 primum
1357 4056 1594 4130 prurigo
1615 4054 1794 4126 hujus
1821 4051 2058 4109 curiosi-

414 4145 556 4204 tatis
586 4147 784 4201 exorta
812 4159 939 4199 esse
959 4143 1210 4208 videtur,
1229 4144 1467 4199 omnino
1489 4145 1560 4200 de
1582 4143 1766 4200 sacris
1791 4143 1982 4216 adytis
2001 4146 2059 4198 et

413 4235 486 4292 de
514 4231 641 4290 loco
670 4229 881 4288 celebri
910 4229 1191 4286 tollantur
1219 4234 1276 4286 et
1295 4247 1664 4303 nequaquam
1695 4232 1851 4287 intra
1880 4231 2057 4288 eccleo

411 4323 585 4393 siam,
617 4321 721 4378 sed
753 4318 894 4376 foris
923 4319 983 4374 in
1013 4318 1182 4388 atrio,
1213 4322 1314 4374 aut
1341 4323 1495 4374 certe
1537 4319 1648 4376 sub
1695 4320 1936 4391 pariete,
1967 4321 2054 4376 vel

411 4413 568 4469 circa
605 4411 819 4484 ipsam,
850 4407 939 4464 vel
982 4407 1138 4480 quod
1188 4406 1393 4464 utilius
1441 4407 1868 4476 existimamus,
1901 4407 2054 4464 circa

410 4501 585 4558 aliam
617 4503 838 4557 secreto
868 4497 929 4554 in
952 4496 1242 4569 loco,apto
1265 4500 1322 4552 et
1341 4496 1706 4564 mundo,sub
1729 4512 2049 4568 paucorum

2173 3333 2461 3392 celebrata
2490 3340 2647 3404 sunt,
2681 3337 2802 3395 haec
2831 3340 3088 3411 profecto
3129 3359 3262 3399 cum
3307 3347 3464 3400 omni
3513 3348 3729 3420 gaudio
3759 3355 3840 3416 et.

2171 3424 2538 3482 veneratione
2569 3443 2636 3482 ac
2665 3427 2862 3484 debita
2890 3431 3210 3502 gratiarum
3235 3433 3462 3490 actione
3484 3435 3557 3490 ad
3579 3437 3680 3492 Dei
3697 3437 3820 3510 glo-

2173 3511 2319 3567 riam
2369 3517 2427 3568 et
2475 3513 2798 3571 beatissimi
2853 3521 3025 3590 atque
3075 3518 3487 3592 gloriosissimi
3539 3524 3832 3598 martyr-is

2171 3601 2382 3658 merita
2404 3603 2704 3660 referenda
2719 3609 2876 3661 sunt.
2892 3607 3007 3664 Nec
3025 3612 3224 3665 tamen
3246 3610 3318 3666 ob
3340 3611 3450 3666 hoc
3468 3616 3834 3686 czeteraquae-

2171 3691 2290 3746 sive
2321 3691 2380 3745 in
2412 3693 2676 3763 ejusdem
2709 3696 2982 3768 martyris
3012 3697 3276 3766 ecclesia,
3301 3700 3420 3756 sive
3443 3699 3501 3755 in
3519 3700 3822 3776 plerisque

2169 3779 2300 3836 aliis
2319 3781 2442 3836 fieri
2463 3782 2754 3854 dicuntur,
2771 3785 3150 3858 approbanda
3167 3792 3336 3858 sunt;
3362 3788 3820 3862 quia,quantum

2169 3870 2356 3943 ipsius
2388 3873 2468 3928 rei
2499 3878 2674 3946 gesta:
2723 3874 2864 3930 ordo
2913 3877 3186 3946 ostendit,
3215 3879 3406 3949 potuit
3443 3879 3567 3935 fieri
3599 3883 3665 3935 ut
3692 3879 3824 3941 haec

2167 3959 2423 4033 primum
2456 3980 2524 4018 ex
2565 3980 2714 4018 vana
2761 3963 3052 4035 opinione,
3087 3970 3366 4039 tanquam
3419 3985 3605 4040 nuper
3652 3967 3842 4032 allati-

2167 4051 2354 4106 sancti
2385 4053 2644 4124 corporis
2664 4052 2858 4109 locum
2879 4054 3166 4112 inveniret
3188 4057 3588 4127 occasio,dum
3612 4058 3670 4112 in
3697 4059 3820 4118 die-

2167 4140 2276 4197 bus
2307 4142 2939 4214 quadragesimalibus,
2974 4143 3409 4203 conﬂuentibus
3441 4147 3710 4215 fortasse,
3746 4153 3820 4207 ut

2163 4229 2219 4285 in
2255 4231 2458 4287 multis
2489 4229 2632 4286 locis
2663 4227 3023 4289 consuetudo
3055 4237 3162 4302 est,
3191 4235 3262 4290 ad
3286 4235 3608 4292 orationem
3629 4253 3820 4308 popu-

2161 4317 2382 4376 laribus
2397 4324 2458 4375 tu
2467 4319 2587 4376 rhis
2603 4322 3626 4393 ostenderetur,commendaretur,et
3645 4341 3818 4384 vene-

2163 4408 2373 4463 rationi
2402 4407 2708 4465 habendus
2739 4410 2838 4482 qui
2858 4411 3092 4481 penitus
3118 4412 3516 4484 ignorabatur,
3539 4431 3819 4486 superva-

2161 4513 2267 4550 cue
2289 4495 2708 4565 inculcaretur;
2729 4501 2902 4570 atque
2914 4516 2982 4555 cx
2997 4499 3108 4555 hoc
3115 4501 3242 4572 jam
3262 4501 3702 4574 superveniente
3721 4520 3815 4560 so-

410 4589 765 4646 conscientia
793 4585 1184 4660 sepeliantur;
1219 4589 1283 4640 ut
1313 4583 1592 4656 quoniam
1621 4589 1679 4640 et
1704 4588 1905 4642 sancta
1923 4602 2050 4643 esse
2079 4597 2128 4664 D
2159 4585 2461 4641 lemnitate
2483 4585 3812 4665 Paschali,quandotaliainchoasseperhiben-

409 4679 706 4749 dicuntur,
733 4677 955 4750 aliquid
986 4675 1071 4732 eis
1115 4673 1444 4730 reverentiae
1493 4674 1792 4743 referatur,
1826 4679 1884 4730 et
1913 4674 2054 4748 quia

407 4783 538 4825 esse
549 4767 782 4840 penitus
797 4765 1538 4836 nesciuntur,ncquaquam
1557 4764 1682 4819 rudi
1693 4764 1802 4820 bus
1819 4763 2051 4837 populis

409 4856 636 4914 occasio
666 4853 879 4912 erroris
909 4858 966 4910 et
992 4852 1428 4924 superstitionis
1460 4853 1762 4909 exsistunt.
1780 4853 1894 4909 Nec
1925 4869 2052 4909 me-

407 4951 572 5004 tuere
599 4945 880 5001 debemus
911 4957 982 4996 ne
1014 4942 1161 4998 forte
1189 4959 1257 4996 cx
1286 4941 1395 4996 hac
1437 4941 1741 5014 diligentia
1789 4941 2050 5014 aliquam

409 5035 786 5092 offensionem
799 5029 1502 5088 incurramus.Vultenim
1517 5031 1886 5106 qmnipotcns
1897 5031 2051 5088 Deus

408 5143 516 5180 nos
544 5125 603 5180 in
637 5125 810 5181 rebus
839 5122 965 5179 suis
995 5125 1196 5176 cautos
1227 5137 1352 5175 esse
1375 5124 1548 5191 atque
1569 5119 1870 5188 discretos,
1879 5121 2050 5192 juxta

406 5219 757 5286 praeceptum
788 5210 1043 5286 Apostoli
1077 5208 1360 5264 dicentis:
1389 5231 1417 5259 «
1451 5208 1660 5264 Omnia
1686 5215 1878 5265 autem
1910 5226 2040 5281 pro-

408 5323 438 5353 ‹‹
467 5301 621 5369 bate,
645 5303 799 5372 quod
822 5303 1039 5358 bonum
1063 5304 1152 5356 est
1175 5302 1384 5366 tenete,
1403 5299 1473 5352 ab
1497 5299 1653 5353 omni
1678 5300 1868 5371 specie
1891 5299 2044 5356 mala

406 5414 435 5442 «
465 5389 753 5446 abstinete
775 5405 894 5448 vos.
919 5415 946 5441 »
980 5392 1050 5447 Et
1070 5391 1280 5446 iterum
1307 5406 1318 5443 :
1354 5413 1373 5438 «
1403 5389 1545 5443 Nam
1575 5392 1632 5443 et
1655 5389 1777 5459 ipse
1797 5391 2042 5445 Satanas

405 5501 434 5532 «
463 5479 844 5552 transfigurat
873 5497 934 5536 se
955 5481 1015 5535 in
1037 5479 1311 5553 angelum
1341 5477 1513 5534 lucis.
1541 5500 1568 5530 »
1595 5477 1756 5534 Unde
1777 5483 1831 5534 et
1855 5479 2045 5534 Domi-

468 5587 686 5720 ιεὲιρ.
727 5586 970 5646 Severus
1018 5586 1081 5646 in
1127 5587 1230 5646 lib.
1273 5587 1342 5645 de
1387 5585 1520 5646 Vita
1572 5585 1728 5645 beati
1785 5585 2038 5660 Marini,

468 5676 530 5720 ιι).
603 5701 618 5720 .

401 5676 530 5743 cap.
562 5676 618 5720 δ.

2159 4679 2277 4746 tur,
2298 4674 2440 4730 viles
2465 4678 2522 4730 et
2541 4693 2792 4748 nequam
2829 4676 3190 4747 homunculi,
3214 4685 3452 4752 accepta
3481 4680 3811 4752 occasione,

2160 4763 2278 4819 sive
2303 4764 2648 4822 necessitate
2676 4765 2852 4822 famis
2882 4771 3146 4838 cogente,
3171 4767 3290 4824 sive
3319 4769 3636 4842 cupiditate
3655 4769 3808 4826 lucri

2159 4853 2841 4926 instigantc,istiusmodi
2863 4854 3021 4911 velut
3049 4857 3544 4928 percussiones,et
3559 4858 3813 4914 collisio-

2161 4948 2348 5011 nes,et
2369 4943 2573 4999 demen
2585 4945 2926 5014 tationes,ac
2949 4963 3182 5001 rursum
3207 4947 3562 5015 sanationes,
3587 4949 3810 5020 fingere

2159 5039 2332 5105 atque
2345 5035 2650 5089 ostendare
2663 5034 3219 5106 coeperint,sivesint
3233 5035 3802 5104 viri,sivemulieres.

2228 5121 2294 5176 V.
2321 5123 2481 5186 Quod
2513 5139 2648 5177 cum
2681 5123 3318 5195 populus,supervacua
3341 5125 3615 5196 opinione
3645 5126 3812 5182 delu-

2154 5228 2277 5278 sus,
2311 5211 2369 5265 in
2401 5211 2788 5268 admiratione
2840 5211 2925 5268 vel
2976 5217 3195 5269 terrore
3245 5213 3456 5271 habere
3507 5215 3802 5286 coepisset,

2157 5304 2319 5355 tanta
2349 5299 2487 5356 illuc
2516 5301 2777 5356 conferre
2808 5305 2861 5356 et
2883 5301 3052 5372 quasi
3085 5302 3236 5358 male
3265 5303 3620 5360 habentibus
3641 5304 3808 5362 velut

2153 5406 2220 5444 ex
2253 5389 2662 5446 misericordia:
2691 5389 3095 5460 compassione
3144 5393 3559 5448 administrare
3605 5410 3802 5465 crepe-

2153 5483 2308 5548 runt,
2331 5485 2394 5534 ut
2410 5477 2649 5534 omnino
2665 5477 2767 5550 qui
2785 5478 2921 5534 talia
2941 5479 3060 5552 pati
3083 5479 3448 5550 videbantur,
3464 5499 3580 5539 non
3603 5483 3804 5541 solum

2221 5587 2247 5624 ¹³
2276 5586 2518 5643 Decreta
2547 5583 2780 5658 Gelasii,
2817 5604 2942 5664 cap.
2971 5588 3060 5648 25.
