4094 6186
426 339 534 400 "83

1673 338 2075 402 AMULONIS
2121 336 2362 400 EPISC.
2412 343 2641 406 LUGD.

3788 351 3868 414 84

525 484 675 542 Vlll.
709 482 854 539 Cum
903 481 1027 539 haec
1073 479 1354 554 largiente
1381 480 1548 537 vobis
1579 481 1825 537 Domino
1856 479 2105 537 fideliter
2129 471 2184 538 Α
2221 502 2243 530 ι
2271 486 2329 538 et
2346 481 2792 542 immaculatum
2821 503 2883 542 se
2913 485 3207 543 custodire
3222 485 3295 544 ab
3311 485 3422 544 hoc
3437 484 3867 555 saecula-Qua-

457 581 633 649 atque
651 574 909 632 instante
925 573 1269 630 annuntiata
1299 571 1514 628 fuerint
1543 576 1600 628 et
1629 573 2102 640 observata,con-

457 665 698 722 ﬁdimus
720 664 778 720 in
801 663 988 736 ipsius
1019 663 1537 736 pietate,quoniam
1570 666 1834 718 cessante
1856 661 2017 718 inani
2035 679 2104 718 ac

456 769 816 826 supervacua
845 751 1152 825 largitione
1183 768 1494 808 munerum
1527 769 1594 808 ac
1620 755 2105 820 votorum,cessa-

456 845 543 900 bit
572 841 749 898 etiam
781 840 1096 898 multitudo
1136 841 1236 897 illa
1275 841 1683 897 simulantium
1715 845 1773 896 et
1805 841 2102 899 simulatio

457 931 902 1005 percussionum
925 948 992 986 ac
1013 929 1677 998 dementationum,cum
1697 931 2104 1005 unusquisque

454 1038 570 1077 non
590 1038 740 1076 vana
763 1025 822 1077 et
851 1021 999 1076 falsa
1027 1024 1345 1088 ostentare.
1376 1021 1477 1076 sed
1508 1022 1579 1076 ad
1609 1022 1938 1093 corpusculi
1971 1041 2101 1079 sus-

455 1110 838 1166 tentationem
888 1111 1219 1166 necessaria
1264 1127 1522 1183 quaerere
1549 1111 1636 1165 vel
1668 1112 1841 1166 etiam
1876 1113 2102 1167 mendi-

455 1216 587 1255 care
613 1203 892 1272 cogetur;
923 1199 1006 1255 ita
1035 1205 1100 1255 ut
1131 1201 1178 1256 si
1212 1201 1356 1256 forte
1387 1200 1566 1272 aliqui
1600 1201 2011 1258 obstinatiores
2042 1203 2101 1258 in

454 1289 556 1344 tali
589 1290 736 1344 facto
776 1306 1055 1360 apparere
1099 1289 1406 1356 voluerint,
1439 1289 1603 1346 duris
1633 1291 1872 1348 omnino
1902 1293 2098 1348 verbe-

455 1378 620 1434 ribus
649 1377 902 1447 coerciti,
936 1379 1009 1434 ad
1065 1380 1492 1436 confessionem
1546 1379 1808 1438 veritatis
1849 1381 2101 1453 compel-

455 1467 612 1524 lendi
646 1468 814 1524 nobis
862 1485 991 1524 esse
1037 1469 1362 1524 videantur.
1395 1471 1542 1528 Nam
1575 1472 1684 1527 etsi
1715 1470 1858 1526 illud
1900 1488 2100 1526 verum

455 1561 610 1614 esset
639 1560 704 1613 ut
733 1557 1031 1614 discedere
1063 1576 1096 1614 a
1125 1558 1269 1615 locis
1297 1559 1416 1616 illis
1444 1564 1738 1634 tentantes
1796 1559 2101 1616 confestim

457 1664 603 1702 novo
634 1647 821 1702 morbi
843 1662 1054 1718 genere
1073 1647 1524 1720 corriperentur,
1544 1653 1764 1720 quanto
1795 1653 1949 1706 esset
1979 1666 2102 1704 ma-

457 1735 727 1791 nifestius
757 1735 866 1791 hoc
896 1752 965 1791 ex
989 1735 1207 1792 diaboli
1263 1737 1704 1811 impugnatione
1762 1739 1906 1806 fieri,
1939 1741 2102 1794 tanto

2214 576 2386 629 tenus
2420 573 2542 629 haec
2573 579 2748 648 atque
2774 575 3115 646 hujusmodi
3153 575 3473 649 apostolica
3498 576 3869 634 hortamenta

2213 663 2581 718 attendentes
2611 669 2731 720 tam
2764 664 3083 738 presbyteri
3133 682 3312 738 quam
3344 664 3566 737 populi,
3598 670 3778 738 atque
3807 665 3869 722 in

2211 749 2356 808 locis
2378 752 2503 808 suis
2525 753 2748 822 devote,
2774 754 3062 810 instanter
3091 770 3159 810 ac
3191 753 3442 810 fideliter
3465 753 3716 811 Domino
3743 773 3870 811 ser-

2209 839 2456 906 vientes,
2488 843 2807 899 sinceritati
2831 843 3044 900 mentis
3065 847 3124 898 et
3145 843 3433 899 fructibus
3453 843 3868 900 misericordiae

2211 929 2408 1002 potius
2428 933 2706 987 studeant
2721 950 2900 1004 quam
2920 931 3162 988 vanitati
3185 932 3272 988 vel
3296 933 3699 988 ostentationi.
3720 933 3868 990 Nam

2211 1018 2318 1074 etsi
2337 1019 2576 1091 quidam
2599 1019 2831 1076 illorum
2860 1020 3155 1077 fallaciam
3189 1025 3364 1094 atque
3386 1020 3870 1079 fallentiumvere

2209 1110 2588 1181 oncrgumeni
2620 1114 2677 1165 et
2706 1111 2990 1182 arreptitii
3024 1116 3242 1178 essent,
3277 1127 3438 1166 more
3468 1109 3866 1168 ecclesiastico

2210 1198 2296 1252 vel
2328 1198 2388 1254 in
2423 1199 2566 1255 locis
2595 1199 2720 1256 suis
2749 1218 2782 1254 a
2813 1201 3216 1256 sacerdotibus
3248 1200 3396 1267 suis,
3423 1199 3510 1256 vel
3535 1201 3596 1256 in
3626 1201 3871 1274 quibus-

2209 1305 2324 1359 que
2377 1292 2700 1361 martyrum
2751 1289 3104 1345 sanctuariis
3133 1307 3167 1344 a
3193 1289 3540 1362 propinquis
3568 1293 3627 1344 et
3655 1291 3869 1346 amicis

2210 1377 2520 1449 tranquille
2549 1379 2874 1434 debuerant
2903 1377 3136 1434 tractari
3177 1383 3370 1450 atque,
3402 1377 3729 1450 opitulante
3761 1379 3860 1436 Dei

2211 1465 2806 1540 gratia,purgari,non
2826 1468 3174 1540 populorum
3192 1467 3384 1524 turbis
3408 1485 3475 1524 ac
3505 1467 3868 1528 tumultibus

2211 1555 2466 1611 inaniter
2486 1558 2939 1629 prosequi.lla30,
2963 1561 3136 1629 prout
3167 1555 3456 1614 Dominus
3486 1557 3672 1623 dedit,
3697 1558 3872 1628 juxta

2213 1645 2615 1702 auctoritatem
2647 1646 2906 1702 divinam
2927 1651 2983 1704 et
3001 1646 3434 1702 institutionem
3465 1649 3773 1718 paternam
3795 1648 3867 1703 ad

2212 1734 2726 1808 interrogationem
2757 1739 3012 1791 vestram
3045 1736 3143 1792 sed
3154 1735 3250 1792 ulo
3271 1735 3624 1808 respondere
3643 1735 3864 1794 curavi.

455 1824 846 1880 confidentius
885 1825 1132 1882 Domino
1176 1826 1492 1882 miserante
1519 1845 1585 1884 ac
1615 1833 1954 1902 protegente
1982 1831 2106 1884 erat
2135 1843 2182 1909 Β
2210 1823 2328 1880 Vos
2343 1823 2791 1881 etistalibenter
2817 1825 3096 1898 accipite;
3121 1831 3179 1881 et
3205 1825 3254 1882 si
3285 1841 3404 1898 qua
3432 1824 3679 1881 meliora
3711 1825 3870 1884 Deus

452 1913 896 1980 discedendum,
931 1918 989 1970 et
1016 1915 1368 1988 contemptis
1397 1915 1647 1972 ﬁdeliter
1675 1917 1900 1974 inimici
1931 1921 2107 1974 terro-

452 2003 705 2070 ribus,in
735 2003 879 2059 locis
900 2003 1179 2076 legitimis
1211 2022 1371 2061 more
1399 2005 1794 2063 ecclesiastico
1824 2006 1985 2064 illius
2002 2007 2106 2062 mi-

454 2092 782 2148 sericordias
813 2092 1289 2164 supplicandum.
1307 2095 1507 2166 Neque
1522 2094 1678 2150 enim
1695 2095 1850 2151 inter
1869 2101 2103 2152 sanctos
2147 2135 2157 2144 -

455 2185 742 2254 martyres
763 2185 821 2237 et
843 2181 1092 2254 spiritus
1112 2186 1286 2254 atque
1303 2183 1532 2239 animas
1536 2184 1836 2254 justorum
1850 2203 1984 2241 cum
1997 2187 2104 2242 Do-

455 2270 616 2326 mino
653 2270 780 2340 jam
818 2271 1192 2342 regnantium
1213 2271 1332 2328 illic
1361 2272 1580 2328 invidia
1609 2275 1964 2345 suspicanda
1992 2279 2100 2342 est,

455 2361 554 2416 sed
578 2358 752 2432 plena
781 2359 1084 2416 charitatis
1113 2361 1331 2428 unitas,
1373 2367 1432 2418 et
1462 2363 1696 2435 pietatis
1726 2364 1972 2420 societas
1997 2381 2012 2432 ;
2044 2369 2103 2420 et

456 2449 584 2505 ideo
601 2447 778 2506 simul
804 2448 916 2504 sibi
939 2449 1166 2507 oblatos
1185 2467 1387 2522 aegros,
1405 2451 1453 2508 si
1483 2451 1733 2508 vitandae
1762 2453 2102 2509 tentationis

453 2537 644 2610 gratia
672 2538 925 2596 fideliter
943 2541 1014 2595 ad
1040 2539 1290 2596 aliorum
1323 2544 1661 2597 sanctorum
1692 2542 1895 2598 limina
1926 2544 2104 2599 dedu-

452 2631 682 2694 cantur,
718 2645 1093 2701 nequaquam
1127 2629 1444 2701 indignari,
1479 2631 1579 2687 sed
1615 2631 1808 2703 potius
1839 2632 2027 2687 favere
2043 2637 2103 2688 et

452 2717 820 2788 congaudere
851 2721 1024 2792 atque
1051 2719 1443 2791 congratulari
1475 2721 1748 2776 credendi
1784 2725 1941 2776 sunt.
1957 2723 2102 2788 Quo-

451 2822 586 2862 rum
605 2823 760 2862 unus
780 2807 1349 2880 prmeipue,magnus
1364 2809 1630 2865 videlicet
1645 2809 1944 2882 apostolus
1961 2811 2103 2866 Pau-

450 2893 566 2961 lus,
598 2899 837 2967 propter
865 2895 1017 2952 hanc
1047 2897 1330 2954 unitatem
1360 2898 1604 2971 spiritus
1633 2898 1855 2955 caeteris
1879 2899 2100 2956 sanctis

449 2983 620 3041 dicit:
641 2983 742 3041 «Si
767 2985 859 3041 cui
883 2990 1079 3042 autem
1103 2986 1322 3058 aliquid
1345 2987 1600 3052 donatis,
1619 2993 1677 3044 et
1707 3005 1834 3060 ego.
1867 2989 2015 3047 Nam
2045 2995 2103 3045 et

451 3091 602 3144 «ego
624 3073 672 3129 si
696 3075 836 3146 quid
867 3074 1340 3147 donavi,propter
1353 3093 1455 3132 vos
1477 3075 1534 3131 in
1559 3094 1808 3148 persona
1826 3077 2096 3133 Christi.»

447 3163 610 3226 Quod
643 3161 693 3216 si
723 3166 922 3217 votum
954 3167 1012 3218 et
1040 3163 1396 3218 desiderium
1442 3169 1532 3218 est
1569 3165 1916 3236 populorum
1953 3167 2096 3223 fide-

443 3247 980 3314 lium,diversorum
994 3254 1316 3323 martyrum
1335 3255 1393 3306 et
1407 3255 1744 3308 cmtcrorum
1761 3258 2094 3310 sanctorum

447 3335 655 3392 limina
675 3337 1018 3409 suppliciter
1044 3341 1434 3411 frequentare,
1460 3345 1599 3397 sunt
1619 3341 1744 3397 dies
1765 3344 1906 3398 certi
1930 3347 1987 3398 et
2011 3343 2095 3400 le-

446 3424 955 3498 gitimi,quibusid
967 3429 1139 3500 juxta
1155 3429 1459 3502 antiquam
1489 3430 1757 3486 Ecclesiae
1789 3431 2096 3488 observan-

444 3515 588 3570 tiam
621 3515 824 3572 devote
866 3534 1130 3573 exercere
1177 3518 1504 3584 conveniat,
1537 3523 1797 3590 tempore
1827 3519 2095 3577 videlicet

442 3602 805 3676 generalium
828 3605 1218 3677 rogationum,
1242 3610 1414 3678 etpro
1435 3606 1680 3663 diversis
1701 3607 2091 3664 tribulationi-

441 3693 554 3748 bus
586 3709 651 3749 ac
695 3693 1144 3752 necessitatibus
1193 3693 1546 3752 indictarum
1595 3695 1955 3764 litaniarum,
1987 3715 2091 3754 seu

440 3782 1041 3855 quadragesimalium
1064 3785 1577 3857 jejuniorum,sive
1596 3784 1854 3842 etiamin
1876 3785 2091 3858 vigiliis

437 3875 495 3926 et
525 3872 809 3930 natalitiis
839 3878 1186 3946 martyrum.

511 3960 602 4016 IX.
636 3963 773 4028 Quae
825 3963 1026 4019 omnia
1055 3968 1111 4020 et
1139 3981 1208 4020 ex
1239 3963 1586 4020 universalis
1641 3963 1908 4020 Ecclesiae
1965 3963 2090 4037 lege

437 4049 824 4114 descendunt,
855 4054 912 4105 et
943 4052 1312 4108 sacerdotum
1343 4051 1752 4125 praedicatione
1773 4071 1839 4109 ac
1868 4053 2090 4110 denun-

438 4133 680 4190 tiatione
723 4139 1228 4205 commendantur,
1261 4145 1319 4194 et
1347 4141 1611 4196 omnium
1652 4141 1915 4198 fidelium
1945 4143 2086 4198 obe-

437 4222 656 4280 dientia
680 4228 737 4280 et
766 4225 978 4296 pietate
1010 4226 1292 4282 attentius
1323 4229 1874 4298 observandasunt,
1899 4247 2085 4301 quan-

437 4328 613 4383 quam
630 4316 688 4368 et
701 4314 926 4370 caeteris
957 4313 1164 4369 diebus
1196 4331 1328 4368 cum
1361 4315 1591 4370 silentio
1613 4320 1670 4371 et
1700 4317 1954 4386 puritate
1985 4318 2082 4372 de-

433 4400 704 4469 votionis,
726 4419 842 4456 non
866 4401 924 4457 in
955 4403 1345 4458 ostentatione
1374 4407 1432 4457 et
1459 4402 1740 4468 tumultu,
1761 4420 1929 4458 sacra
1959 4403 2086 4459 loca

432 4489 816 4562 probabiliter
833 4490 1335 4548 visitentur.Nunc
1353 4508 1486 4546 vero
1508 4494 1728 4563 quanta
1748 4492 1890 4547 absu
1900 4492 2082 4546 rditas

2213 1911 2540 1985 inspiravit,
2585 1919 2859 1986 prompta
2914 1914 3239 1970 intentione
3293 1919 3351 1970 et
3403 1913 3668 1988 vigilanti
3725 1932 3871 1972 cura

2214 2002 2469 2074 peragite
2485 2020 2498 2071 ;
2514 2008 2805 2076 quatenus
2821 2019 2960 2075 grex
2981 2003 3324 2060 Dominicus
3343 2008 3548 2060 vestrae
3579 2004 3873 2078 guberna-

2211 2090 2352 2146 tioni
2378 2091 2752 2158 commissus,
2783 2094 2985 2149 eodem
3036 2092 3282 2150 Domino
3313 2093 3654 2159 auxiliante,
3686 2098 3748 2150 et
3775 2111 3868 2150 er-

2211 2180 2360 2234 roris
2389 2181 2633 2254 etl‘ugiat
2653 2181 3166 2251 otl'endiculum,et
3193 2181 3492 2255 religionis
3523 2198 3590 2238 ac
3621 2183 3869 2240 sinceri-

2209 2270 2349 2325 tatis
2370 2274 2762 2342 consequatur
2792 2270 3474 2343 augmentumMisimus
3502 2271 3669 2327 vobis
3682 2271 3868 2328 etiam

2210 2358 2505 2430 exemplar
2549 2359 2808 2432 epistola:
2861 2360 3082 2432 prmfati
3123 2360 3202 2433 pii
3243 2359 3426 2432 patris
3462 2364 3521 2415 et
3556 2359 3871 2418 nutritoris

2210 2447 2392 2502 nostri
2421 2449 2492 2503 ad
2517 2449 2644 2517 jam
2677 2449 2902 2506 dictum
2932 2451 3370 2506 Narbonensem
3402 2448 3768 2521 episcopum,
3802 2455 3872 2506 ut

2209 2535 2256 2590 si
2273 2535 2406 2608 quis
2423 2537 2494 2592 de
2506 2537 2823 2608 hujusmod
2833 2539 2848 2593 i
2872 2539 3068 2594 causis
3090 2537 3369 2593 subtilius
3379 2542 3437 2593 et
3447 2535 3680 2610 plenius
3691 2555 3870 2596 nosse

2208 2619 2474 2692 voluerit,
2508 2625 2668 2682 illius
2705 2626 2951 2683 lectione
2993 2626 3234 2684 uberius
3277 2643 3343 2682 ac
3381 2626 3734 2699 profundius
3775 2627 3868 2682 in-

2210 2714 2662 2770 struatur.Deus
2681 2716 3052 2789 omnipotens
3083 2716 3458 2772 reverendam
3490 2713 3867 2772 dilectionem

2207 2805 2458 2858 vestram
2486 2804 2556 2859 ad
2581 2803 3022 2860 aedificationem
3056 2803 3324 2860 Ecclesia:
3351 2803 3708 2877 sumjugiter
3728 2821 3866 2877 pro-

2208 2895 2401 2964 tegere
2429 2896 2486 2948 et
2515 2893 2809 2949 custodire
2839 2893 3131 2966 dignetur.

2804 2999 3154 3056 EPISTULA
3197 3000 3266 3055 ll.

2750 3089 2822 3127 AD
2860 3088 3313 3128 GOTHESCALCUI.

2278 3162 2480 3216 Auum
2509 3161 2754 3217 humilis
2785 3159 3052 3216 Ecclesiae
3086 3160 3496 3233 Lugdunensis
3547 3159 3868 3233 episcopus

2206 3248 2588 3305 dilectissimo
2615 3250 2778 3305 fratri
2810 3251 3205 3306 Go'russcaaco
3225 3267 3268 3304 ι.
3297 3248 3569 3306 salutem.
3603 3250 3772 3316 Quod
3804 3255 3868 3307 te

2205 3336 2262 3392 in
2297 3337 2476 3409 hujus
2509 3338 2800 3395 sermonis
2829 3339 3063 3395 exordio
3098 3339 3334 3396 fratrem
3387 3337 3649 3404 nomino,
3680 3354 3867 3410 quem

2207 3428 2470 3482 fraterna:
2531 3427 2742 3483 unitati
2800 3427 3160 3483 contrarium
3219 3444 3333 3482 non
3393 3427 3620 3500 ignoro,
3659 3443 3750 3494 ea,
3797 3427 3866 3483 in

2204 3520 2490 3588 quantum
2525 3516 2678 3572 Deus
2700 3515 2967 3589 largitur,
2985 3515 3130 3572 facio
3160 3515 3468 3581 charitate,
3491 3531 3670 3588 quam
3701 3515 3866 3572 Scri-

2203 3609 2376 3677 ptura
2406 3604 2575 3660 nobis
2607 3605 2881 3678 praecepit
2910 3605 3110 3662 dicens
3141 3621 3154 3659 :
3202 3627 3223 3654 σ
3257 3603 3442 3661 Dicite
3472 3604 3564 3660 his
3593 3603 3693 3677 qui
3719 3605 3864 3664 ode-

2208 3714 2235 3746 α
2248 3697 2526 3750 runtvos:
2554 3695 2783 3750 Fratres
2801 3693 2985 3750 nostri
2996 3693 3158 3750 estis.
3179 3715 3200 3742 ι
3227 3693 3374 3760 Quia
3393 3693 3502 3750 etsi
3525 3710 3594 3749 ex
3617 3691 3864 3750 illorum

2201 3788 2365 3855 parte
2385 3782 2484 3855 qui
2506 3782 2796 3855 ejusmodi
2817 3787 2957 3839 sunt
2976 3780 3312 3838 fraternitas
3341 3781 3585 3854 deperit,
3617 3799 3733 3839 non
3767 3782 3865 3840 id-

2199 3871 2351 3928 circo
2381 3871 2556 3927 etiam
2585 3872 2646 3927 in
2675 3871 2846 3927 nobis
2877 3871 3187 3944 frigescere
3216 3873 3318 3927 aut
3344 3869 3532 3944 perire
3561 3871 3735 3927 debet
3763 3870 3863 3944 ip-

2199 3961 2324 4017 sius
2355 3960 2736 4017 fraternitatis
2768 3961 3032 4016 all'ectus.
3068 3961 3232 4027 Quod
3277 3964 3472 4016 autem
3513 3977 3630 4015 non
3657 3959 3864 4018 solum

2197 4050 2458 4116 fratrem,
2495 4051 2596 4106 sed
2643 4048 2820 4105 etiam
2871 4048 3323 4105 dilectissimum
3372 4047 3524 4116 dico,
3565 4048 3867 4107 Dominus

2197 4139 2356 4196 novit
2383 4139 2524 4210 quia
2549 4142 2606 4195 te
2631 4138 2881 4193 ﬁdeliter
2908 4136 3108 4210 diligo,
3143 4137 3253 4193 hoc
3282 4135 3389 4193 tibi
3418 4137 3662 4210 cupiens
3689 4139 3860 4210 quod

2194 4234 2252 4285 et
2277 4227 2444 4284 mihi.
2478 4227 2640 4284 Unde
2671 4231 2729 4284 et
2759 4225 3013 4283 salutem
3057 4225 3162 4281 tibi
3194 4224 3479 4282 veraciter
3507 4229 3663 4298 opto,
3697 4242 3859 4298 pras-

2194 4322 2419 4372 sentem
2451 4315 2667 4387 pariter
2695 4318 2753 4371 et
2782 4315 3066 4381 futuram,
3101 4329 3204 4386 per
3253 4330 3384 4370 eam
3433 4312 3611 4369 divini
3653 4313 3861 4373 cultus

2194 4404 2492 4474 pietatem,
2517 4421 2667 4474 quae,
2691 4403 2844 4458 sicut
2862 4401 3176 4475 Apostolus
3197 4406 3478 4458 testatur:
3501 4425 3522 4450 α
3540 4403 3624 4458 Ad
3651 4404 3867 4462 omnia

2199 4511 2220 4538 ι
2257 4490 2420 4546 utilis
2451 4495 2558 4556 est,
2592 4489 3044 4562 promissionem
3103 4489 3329 4546 habens
3370 4490 3500 4548 vita!
3530 4509 3659 4564 qua)
3691 4509 3862 4550 nunc

433 4580 523 4630 est
549 4577 672 4633 haec
704 4583 823 4634 tam
856 4578 1210 4653 legitima,et
1232 4585 1352 4635 tam
1385 4580 1622 4636 assidue
1651 4581 1998 4635 annuntiata
2019 4597 2084 4635 ac
2113 4578 2162 4644 D
2185 4599 2219 4631 ,α
2255 4583 2364 4644 est,
2399 4583 2456 4634 et
2487 4579 2715 4634 futuris.
2749 4597 2776 4630 ιι
2809 4578 3069 4634 Audiens
3109 4595 3250 4635 sane
3278 4585 3690 4653 stagnoscens
3721 4599 3860 4653 quae

424 4665 591 4734 justa
611 4683 646 4720 a
664 4667 958 4740 plerisque
975 4667 1356 4740 popularibus
1373 4672 1474 4724 aut
1494 4666 2074 4741 negligenteromitti,

431 4755 534 4808 aut
551 4751 644 4808 vix
665 4757 722 4809 et
746 4761 943 4811 coacte
971 4757 1288 4825 observari,
1321 4761 1378 4814 et
1396 4757 1469 4813 ad
1491 4755 1592 4812 illa
1612 4773 1739 4812 esse
1762 4757 2081 4828 promptis—

431 4841 614 4899 simos
635 4842 961 4914 quae,nullo
988 4844 1339 4916 praedicante
1371 4862 1436 4901 ac
1468 4846 1728 4913 docente,
1754 4845 1872 4901 imo
1902 4845 2080 4901 etiam

427 4930 1009 4998 obsistente,tantum
1023 4933 1202 4988 animi
1223 4935 1312 4990 sui
1336 4933 1804 5006 supervacuitate
1827 4950 2080 5005 sequun-

427 5022 560 5088 tur;
585 5020 804 5092 quibus
827 5038 978 5092 smpe
999 5021 1151 5077 beati
1178 5022 1340 5078 Pauli
1363 5021 1608 5094 apostoli
1625 5039 1762 5077 voce
1783 5021 2078 5078 inculcan-

427 5106 568 5162 dum
591 5113 757 5164 est:«
771 5109 1022 5175 Fratres,
1057 5109 1233 5166 nolite
1265 5109 1429 5182 pueri
1459 5109 1608 5168 effici
1640 5110 1944 5177 sensibus;
1970 5113 2073 5167 sed

433 5211 456 5240 α
491 5194 717 5251 malitia
746 5189 976 5268 parvuli
1003 5201 1206 5264 estote,
1230 5203 1296 5254 ut
1327 5199 1598 5254 sensibus
1625 5197 2030 5270 perfectisitis.
2051 5223 2072 5249 ι

425 5277 496 5333 Et
527 5279 670 5336 illud
703 5284 856 5341 beati
885 5285 1086 5344 Jacobi
1120 5285 1407 5343 dicentis:
1461 5309 1482 5336 ι
1520 5285 1740 5358 Religio
1772 5289 1994 5344 munda
2022 5295 2079 5345 et

426 5389 452 5420 α
493 5367 873 5428 immaculata
910 5377 1062 5447 apud
1097 5376 1411 5432 Dominum
1442 5382 1499 5430 et
1530 5375 1756 5430 Patrem
1787 5375 1909 5432 hazc
1940 5382 2031 5433 est
2059 5395 2072 5432 :

431 5487 452 5511 ιι
485 5459 721 5516 visitare
751 5462 1006 5532 pupillos
1035 5471 1094 5520 et
1120 5465 1328 5521 viduas
1361 5465 1420 5520 in
1453 5462 1828 5520 tribulatione
1849 5483 2072 5534 eorum,

493 5578 517 5604 ⁸
536 5563 819 5642 Monach
847 5566 1183 5642 Orbacensi,
1209 5571 1376 5626 docto
1395 5569 1651 5642 quidem,
1679 5571 1779 5642 sed
1808 5571 2075 5628 Ecclesiae

421 5636 832 5712 perturbatori,
866 5644 922 5693 et
963 5639 1024 5694 in
1081 5643 1300 5712 synodo
1359 5636 1758 5710 Carisiacensi,
1792 5643 2072 5701 damnato

2189 4667 2500 4739 inscriptis
2523 4665 2642 4722 tuis
2663 4667 2974 4735 misisti,et
2991 4684 3095 4740 per
3123 4669 3441 4740 quemdam
3475 4669 3714 4725 fratrem
3747 4687 3858 4726 no-

2191 4755 2973 4814 strummihiinnotescenda
3000 4756 3514 4813 vehementissime
3544 4757 3858 4831 ﬂagitasti,

2190 4847 2290 4901 diu
2304 4843 2564 4901 hzesitavi
2587 4849 2785 4900 utrum
2809 4845 2912 4900 tibi
2947 4846 3299 4918 respondere
3319 4845 3854 4916 deberem,bomini

2187 4936 2258 4991 de
2277 4934 2440 4991 novis
2469 4938 2672 4988 contra
2701 4933 3019 4990 Ecclesiam
3053 4933 3700 5007 praesumptionibus,et
3728 4952 3853 4993 non

2185 5022 2381 5096 parvis
2429 5019 2723 5076 erroribus
2768 5021 3124 5091 jamdudum
3181 5027 3477 5089 accusata,
3510 5027 3572 5078 et
3607 5028 3855 5096 propter

2184 5109 2712 5176 contumaciam,ut
2741 5107 3306 5183 audio,episcopalis
3335 5110 3566 5168 concilii
3595 5112 3855 5169 auctori-

2187 5205 2306 5256 tate
2337 5199 3051 5271 damnato.lmportunum
3080 5216 3336 5272 namque
3357 5205 3416 5257 et
3434 5201 3752 5273 impudens
3767 5201 3853 5257 vi-

2186 5289 2308 5346 deri
2341 5305 2512 5361 posse
2550 5286 2978 5355 existimabam,
3011 5286 3061 5343 si
3092 5289 3165 5345 de
3193 5305 3390 5358 causa,
3423 5307 3551 5358 quae
3581 5290 3850 5362 pruden-

2186 5379 2334 5435 tium
2363 5384 2420 5434 et
2451 5375 2898 5432 reverendorum
2931 5375 3180 5433 fratrum
3223 5383 3556 5435 nostrorum
3590 5377 3850 5450 inquisi-

2185 5467 2362 5532 tione,
2394 5464 2724 5537 cognitione
2754 5468 2812 5518 et
2852 5465 3141 5522 sententia
3189 5467 3432 5522 deﬁnita
3474 5470 3582 5536 est,
3615 5465 3856 5540 aliquid

2175 5577 2302 5698 jar:
2335 5569 2668 5642 Moguntiae,
2701 5569 2774 5625 ob
2812 5572 3241 5628 contumaciam
3271 5572 3451 5645 virgis
3482 5591 3654 5644 caeso,
3685 5591 3852 5632 anno

2182 5652 2250 5698 84
2289 5683 2304 5698 .

2182 5652 2304 5701 849.
