4094 6186
254 351 330 419 85

1745 343 2170 411 EPISTOLIE.

3583 355 3664 425 86

253 493 404 551 ultro
425 490 622 549 dicere
649 485 737 548 vel
772 489 1119 564 respondere
1152 489 1497 564 aggrederer
1532 507 1543 547 :
1578 493 1636 547 et
1668 507 1901 547 rursum
1926 477 1991 550 Ἀ
2019 510 2161 549 num
2186 492 2630 563 sitobedientiae,
2656 496 3008 570 etquantum
3025 486 3243 552 malum
3275 493 3664 556 contentionis

253 587 476 640 tantam
510 582 981 654 deprecationem
999 586 1056 637 et
1078 581 1563 654 supplicationem
1591 586 1754 636 tuam
1778 599 1909 636 con-

251 678 515 730 temnere
546 677 605 746 et
637 672 930 743 praeterire
986 671 1217 727 silentio
1267 689 1381 727 non
1414 672 1720 727 videbatur
1749 670 1908 725 Chri-

250 762 452 819 stianre
473 777 605 817 esse
629 760 862 832 pietatis
883 764 940 815 et
962 759 1283 825 charitatis,
1300 775 1401 831 per
1421 775 1597 830 quam
1621 756 1908 830 praecipue

252 851 339 907 lex
370 849 593 906 Christi
638 848 992 921 adimpletur
1036 848 1095 903 in
1130 848 1336 915 ‘nobis,
1371 851 1620 903 testante
1664 851 1719 902 et
1749 862 1905 901 com-

250 941 530 997 mendata
571 938 847 1011 Apostolo
880 956 893 993 ε
938 961 958 988 α
992 939 1152 994 Alter
1182 937 1424 993 alterius
1453 954 1630 993 onera
1658 940 1904 1009 portate,

259 1036 351 1086 «et
366 1031 453 1085 sic
467 1028 874 1102 adimplebitis
906 1029 1090 1100 legem
1122 1027 1356 1083 Christi.
1380 1046 1406 1078 ιι
1428 1027 1658 1083 Undeet
1675 1044 1809 1082 cum
1836 1026 1907 1081 de

253 1121 447 1191 seipse
480 1118 757 1173 dixisset:
794 1120 1043 1173 «Factus
1077 1134 1208 1173 sum
1242 1116 1492 1171 infirmis
1527 1115 1819 1183 inﬁrmus,
1844 1119 1909 1170 ut

257 1234 278 1259 ι
300 1210 576 1263 inﬁrmos
598 1208 1179 1263 lucrarerzomnibus
1210 1207 1408 1263 omnia
1440 1207 1626 1261 factus
1657 1223 1809 1269 sum,
1844 1209 1909 1259 ut

258 1323 278 1349 ι
301 1315 516 1353 omnes
545 1298 796 1352 facerem
819 1296 1037 1361 salvos;
1055 1319 1081 1344 ››
1099 1300 1156 1352 et
1176 1300 1308 1367 post
1332 1295 1555 1368 aliqua:
1578 1319 1596 1342 ιο
1616 1295 1739 1349 Non
1755 1312 1907 1365 qua:-

260 1409 281 1435 ι
300 1404 440 1442 rens
460 1387 622 1458 quod
658 1385 801 1440 mihi
821 1385 963 1440 utile
984 1389 1094 1456 est,
1120 1386 1219 1439 sed
1254 1385 1407 1456 quod
1430 1383 1654 1449 multis,
1673 1386 1737 1437 ut
1767 1381 1909 1437 salvi

258 1497 279 1526 ι
300 1477 469 1543 ﬁant,
498 1499 519 1524 υ
559 1474 857 1543 continuo,
886 1478 950 1528 ut
981 1491 1087 1530 nos
1114 1475 1184 1529 ad
1217 1472 1546 1545 exemplum
1579 1472 1691 1539 sui,
1725 1476 1781 1527 et
1811 1488 1913 1544 per

250 1568 358 1622 hoc
383 1566 459 1620 ad
482 1563 819 1636 exemplum
852 1563 1085 1629 Christi,
1120 1564 1433 1618 instrueret
1464 1564 1520 1616 et
1549 1562 1908 1630 informaret,

249 1654 527 1727 adjunxit
561 1670 574 1707 :
614 1675 635 1701 ι
675 1652 1002 1708 Imitatores
1064 1652 1175 1706 mei
1228 1654 1433 1719 estote,
1493 1650 1644 1705 sicut
1701 1652 1759 1703 et
1805 1665 1910 1721 ego

254 1766 274 1795 ι
298 1742 546 1799 Christi.
561 1764 581 1789 ο
610 1742 740 1813 Ipse
763 1744 850 1797 est
871 1740 1027 1796 enim
1050 1756 1221 1795 verus
1241 1742 1298 1795 et
1318 1739 1450 1812 pius
1471 1738 1568 1794 ille
1589 1738 1910 1794 Samarita-

250 1830 504 1904 nus,qui
538 1830 990 1886 descendentem
1024 1830 1096 1885 ab
1126 1827 1451 1885 Jerusalem
1482 1828 1540 1882 in
1573 1826 1823 1893 Jericho,
1856 1830 1911 1881 et

253 1940 285 1978 a
310 1920 657 1976 latronibus
689 1919 748 1973 in
796 1918 1004 1973 itinere
1054 1918 1395 1990 spoliatum,
1428 1921 1486 1971 et
1514 1910 1906 1982 v'ulneratum,

254 2027 318 2066 ac
336 2008 697 2065 semivivum
726 2006 1090 2073 derelictum,
1116 2006 1432 2062 clementer
1460 2006 1774 2061 miseratus
1801 2008 1909 2070 est,

253 2098 508 2172 alligans
539 2096 786 2152 vulnera
814 2097 963 2167 ejus,
995 2100 1053 2152 et
1080 2095 1197 2151 vini
1227 2099 1403 2167 atque
1460 2094 1569 2150 olei
1620 2094 1913 2148 infusione

254 2202 503 2244 curans:
533 2189 831 2258 tantaque
863 2184 1274 2241 misericordiae
1305 2188 1361 2240 et
1391 2183 1624 2257 pietatis
1657 2200 1775 2238 sua:
1806 2199 1913 2238 nos

253 2277 588 2333 imitatores
618 2290 748 2330 esse
778 2273 1139 2341 desiderans,
1174 2276 1232 2329 in
1262 2274 1377 2328 ﬁne
1406 2273 1586 2345 hujus
1625 2270 1911 2344 parabolae

254 2365 584 2437 unicuique
605 2366 876 2419 nostrum
898 2362 1068 2419 dicit:
1091 2385 1111 2412 ιι
1126 2362 1371 2429 Vade,et
1389 2365 1451 2417 tu
1476 2362 1564 2417 fac
1585 2359 1907 2416 similiter»

252 2455 569 2512 Manifeste
596 2452 914 2508 ostendens
946 2451 1114 2506 illum
1144 2468 1275 2507 vere
1304 2468 1432 2507 esse
1451 2451 1783 2523 proximum
1808 2449 1915 2504 fra-

252 2544 351 2611 tri,
385 2542 560 2598 illum
583 2558 715 2596 vere
745 2540 1097 2596 imitatorem
1130 2541 1243 2607 sui,
1276 2540 1377 2612 qui
1412 2539 1683 2595 fraternis
1711 2554 1915 2593 neces-

252 2633 536 2691 sitatibus
598 2633 773 2702 atque
832 2630 1274 2685 inﬁrmitatibus
1321 2632 1590 2701 prompta
1619 2627 1831 2700 pietate
1860 2629 1917 2681 et

251 2720 669 2793 compassione
691 2719 1428 2775 succurreret.Istiusmodi
1451 2718 1632 2790 igitur
1657 2715 1916 2772 conside-

254 2811 481 2868 ratione
515 2812 892 2882 provocatus,
914 2812 971 2863 et
997 2809 1067 2863 de
1090 2807 1510 2863 venerabilium
1544 2807 1790 2862 fratrum
1823 2807 1914 2859 at-

255 2916 371 2973 que.
402 2898 897 2954 consacerdotum
928 2900 1261 2952 nostrorum
1295 2895 1694 2951 sincerissima
1724 2892 1914 2948 chari-

257 2991 375 3043 tatc
405 2986 673 3041 confisus
696 2983 824 3056 (per
853 3000 1028 3056 quam
1062 2984 1119 3037 in
1143 2983 1387 3038 Domino
1414 2998 1597 3037 unum
1627 2982 1919 3047 sumus,et

258 3077 510 3133 invicem
546 3073 855 3129 commissi
896 3072 1063 3127 nobis
1095 3071 1403 3128 ministerii
1435 3087 1611 3125 onera
1639 3074 1697 3123 et
1727 3068 1920 3123 ofﬁcia

260 3162 705 3220 communicare
756 3161 1057 3228 debemus,
1093 3163 1381 3232 quatenus
1411 3162 1468 3214 et
1503 3158 1738 3213 illorum
1766 3157 1919 3211 bona

2016 588 2073 639 et
2092 584 2488 652 contumaciae,
2516 586 2683 640 docet
2696 603 2800 641 nos
2825 587 3033 642 iterum
3058 603 3249 642 sermo
3271 587 3524 657 divinus,
3559 585 3662 643 ubi

2017 690 2120 746 per
2144 675 2475 729 Samuelem
2506 675 2849 748 prophetam
2885 676 3026 731 dicit
3064 693 3077 731 :
3136 699 3157 725 α
3185 675 3387 733 Melior
3415 681 3505 734 est
3533 678 3664 735 obe-

2022 786 2043 812 ι
2071 764 2290 819 dientia
2320 782 2495 836 quam
2528 764 2866 832 victimaz,et
2895 764 3228 822 auscultare
3259 767 3451 840 magis
3480 783 3662 839 quam

2023 875 2043 902 ι
2070 853 2273 907 offerre
2292 854 2525 925 adipem
2554 854 2826 922 arietum,
2846 855 3122 927 quoniam
3155 855 3323 927 quasi
3355 860 3662 927 peccatum

2024 965 2044 990 ι
2082 941 2363 997 ariolandi
2396 948 2487 998 est
2518 960 2862 1015 repugnare,
2898 944 3063 1016 quasi
3102 944 3291 1000 scelus
3322 943 3661 1001 idololatria:

2024 1049 2046 1078 ι
2082 1031 2231 1086 nolle
2289 1032 2675 1103 acquiescere.
2717 1055 2737 1081 ιο
2775 1034 2974 1105 Itaque
3031 1038 3089 1088 et
3142 1037 3227 1101 tu,
3261 1034 3310 1089 si
3360 1035 3571 1101 bonus,
3604 1038 3663 1091 et

2019 1119 2200 1187 utilis,
2235 1124 2290 1174 et
2321 1121 2602 1192 paciﬁcus
2650 1121 2916 1177 Ecclesiae
2966 1121 3122 1177 ﬁlius
3181 1138 3309 1178 esse
3339 1122 3659 1191 desideras,

2018 1210 2135 1263 noli
2168 1216 2223 1263 te
2254 1211 2451 1265 sensui
2515 1214 2612 1265 tuo
2672 1210 3057 1277 committere,
3091 1213 3191 1266 sed
3241 1212 3532 1283 majorum
3563 1212 3664 1282 ju-

2020 1298 2188 1352 diciis
2229 1303 2406 1370 atque
2456 1301 2775 1365 sentcntiae,
2811 1301 2927 1355 imo
2977 1299 3189 1355 divinis
3221 1302 3278 1355 et
3314 1299 3665 1356 ecclesiasti-

2018 1386 2101 1442 cis
2129 1388 2574 1443 auctoritatibus
2606 1388 2772 1444 facile
2812 1390 2968 1456 cede,
3002 1389 3252 1445 libenter
3279 1388 3583 1462 acquiesce
3612 1392 3670 1444 et

2020 1475 2356 1531 obedienter
2373 1478 2639 1545 subdere,
2662 1482 2726 1532 ut
2756 1477 2941 1549 possit
2972 1478 3031 1532 in
3063 1480 3117 1533 te
3147 1475 3246 1533 Dei
3280 1477 3532 1550 Spiritus
3562 1478 3666 1534 ha-

2019 1564 2224 1634 bitare,
2256 1567 2482 1621 dicente
2536 1567 2782 1622 Domino
2842 1584 2944 1640 per
2988 1568 3336 1639 Prophetam
3371 1584 3384 1622 :
3424 1590 3445 1616 α
3482 1568 3670 1640 Super

2026 1678 2045 1702 σι
2065 1670 2241 1725 quem
2258 1656 2581 1726 requiescet
2593 1655 2844 1727 Spiritus
2858 1655 3166 1722 meus,nisi
3187 1673 3364 1729 super
3381 1656 3668 1711 humilem

2027 1746 2121 1797 «et
2152 1744 2509 1814 quietum,et
2542 1748 2883 1799 trementem
2915 1746 3089 1799 verba
3119 1761 3248 1800 mea
3268 1744 3296 1800 ?
3328 1769 3350 1798 ι
3386 1744 3669 1800 Videmus

2021 1836 2173 1887 certe
2226 1838 2491 1904 tempora
2546 1832 2865 1887 novissima
2921 1838 2978 1888 et
3033 1828 3552 1904 periculosissima,
3593 1834 3666 1889 ab

2019 1920 2295 1992 Apostolo
2336 1920 2473 1975 olim
2517 1920 2811 1992 prmdicta,
2845 1920 3017 1993 plena
3048 1920 3386 1993 ignorantia:
3416 1925 3474 1976 et
3504 1921 3667 1976 inﬁr-

2022 2009 2245 2065 mitatis
2275 2009 2693 2076 animorum,in
2726 2010 2941 2081 quibus
2969 2009 3113 2065 illud
3146 2009 3377 2065 Domini
3410 2009 3670 2065 terribile

2023 2099 2244 2153 dictum
2275 2114 2505 2169 semper
2534 2102 2621 2153 est
2660 2098 3178 2170 reminiscendum,
3210 2103 3389 2170 atque
3417 2102 3670 2154 tremen-

2023 2188 2164 2242 dum
2199 2204 2210 2241 ε
2246 2207 2276 2236 4
2311 2186 2417 2253 Qui
2448 2187 2926 2243 scandalizaverit
2972 2204 3158 2243 unum
3209 2187 3279 2242 de
3318 2185 3548 2258 pusillis
3577 2186 3672 2243 his

2028 2296 2049 2326 ι
2086 2277 2186 2348 qui
2227 2276 2284 2331 in
2320 2293 2413 2332 me
2452 2277 2719 2343 credunt,
2754 2277 2985 2349 expedit
3043 2277 3093 2333 ei
3155 2280 3221 2332 ut
3278 2276 3675 2349 suspendatur

2028 2388 2049 2414 α
2085 2365 2243 2421 mola
2298 2364 2552 2421 asinaria
2599 2367 2658 2420 in
2710 2364 2855 2421 collo
2913 2366 3064 2434 eius,
3096 2370 3154 2421 et
3199 2366 3573 2438 demergatur
3612 2363 3672 2419 in

2029 2478 2050 2503 α
2087 2455 2437 2526 profondum
2472 2455 2673 2510 maris.
2714 2479 2733 2503 η
2770 2456 2840 2512 Et
2871 2456 3081 2510 iterum
3112 2471 3125 2509 :
3167 2474 3188 2502 α
3222 2454 3317 2509 Va:
3349 2453 3570 2510 mundo
3600 2452 3673 2509 ab

2029 2566 2050 2593 ι
2081 2543 2377 2599 scandalis
2403 2547 2413 2599 !
2441 2544 2685 2599 Necesse
2717 2548 2804 2599 est
2853 2547 2917 2598 ut
2954 2543 3191 2599 veniant
3223 2541 3501 2599 scandala
3530 2558 3544 2597 :
3577 2557 3673 2597 ve-

2030 2655 2050 2680 α
2087 2637 2418 2688 rumtamen
2452 2650 2532 2687 vae
2560 2633 2783 2688 homini
2815 2633 2900 2688 illi
2951 2649 3052 2705 per
3100 2647 3272 2704 quem
3328 2630 3672 2688 scandalum

2031 2742 2057 2775 α
2086 2723 2243 2777 venit
2267 2723 2279 2777 t
2321 2745 2340 2770 ι
2376 2722 2484 2777 Sed
2510 2726 2565 2777 et
2587 2739 2757 2778 aures
2774 2726 2829 2777 et
2858 2721 3091 2793 linguas
3125 2721 3455 2793 prurientes
3475 2736 3676 2776 cavere

2025 2812 2328 2877 debemus,
2355 2828 2426 2865 ne
2448 2810 2535 2865 vel
2561 2812 2631 2865 ad
2657 2811 2976 2865 audiendas
3008 2808 3095 2865 vel
3122 2811 3193 2865 ad
3226 2809 3549 2881 loquendas
3578 2824 3678 2864 no-

2024 2900 2230 2955 vitates
2263 2900 2517 2970 prompti
2542 2903 2597 2953 et
2632 2898 2829 2953 faciles
2855 2898 3062 2954 simus.
3096 2898 3242 2964 Quia
3262 2900 3318 2953 et
3346 2897 3675 2969 prurientes

2027 2988 2354 3057 auribus,et
2378 2987 2651 3059 profanas
2670 3003 2877 3041 vocum
2901 2986 3182 3042 novitates
3202 2985 3421 3058 pariter
3438 2985 3678 3056 Aposto-

2026 3077 2119 3133 lus
2149 3077 2590 3144 condemnat,et
2620 3076 3014 3147 Oppositiones
3044 3073 3175 3131 falsi
3197 3072 3453 3130 nominis
3482 3072 3676 3129 scien-

2028 3164 2121 3221 tia:
2155 3167 2478 3220 admonens
2510 3164 2869 3232 devitandas,
2905 3164 3181 3219 continuo
3210 3163 3283 3218 de
3310 3161 3514 3218 eadem
3544 3159 3675 3216 falsi

259 3270 364 3325 per
383 3249 807 3306 unanimitatis
839 3249 1110 3321 spiritum
1138 3252 1357 3316 nostra,
1391 3251 1447 3302 et
1478 3252 1693 3315 nostra,
1728 3244 1777 3300 si
1804 3261 1919 3315 qua
1948 3219 1993 3289 α
2033 3253 2287 3309 nominis
2317 3252 2562 3309 scicntia
2589 3251 2916 3324 subjungit,
2937 3252 3164 3307 dicens;
3195 3252 3419 3317 «Quam
3440 3249 3678 3323 quidem

258 3342 456 3397 divina
486 3336 900 3394 misericordia
914 3354 1041 3393 esse
1063 3341 1330 3410 possunt,
1356 3336 1591 3391 illorum
1613 3336 1775 3403 sint),
1792 3350 1918 3388 me-

257 3432 375 3487 lius
391 3436 451 3486 et
473 3428 787 3485 salubrius
826 3427 1149 3484 existimavi
1183 3426 1401 3499 aliquid
1432 3430 1544 3481 tum
1575 3422 1921 3480 fraternitati

259 3520 611 3585 rescribere,
646 3533 829 3589 quam
851 3515 1044 3571 inutili
1064 3516 1483 3583 taciturnitate,
1502 3520 1560 3571 et
1590 3515 1661 3570 de
1692 3512 1809 3569 illis
1839 3511 1921 3566 vi-

261 3610 428 3665 derer
457 3606 831 3672 difﬁdero,et
860 3603 963 3658 tibi
997 3608 1118 3659 tam
1150 3604 1505 3676 angustiato,
1532 3600 1924 3666 tam'afﬁicto,

264 3702 383 3753 tam
416 3696 596 3753 anxio
628 3698 687 3750 et
717 3693 1087 3760 conturbato,
1119 3692 1267 3747 nihil
1313 3691 1634 3747 consulere.
1669 3692 1923 3760 Quapro-

263 3790 391 3860 pter
411 3782 846 3855 omnipotentis
864 3781 1095 3836 Domini
1117 3785 1173 3836 et
1194 3780 1508 3837 Salvatoris
1529 3777 1926 3851 largissimum

266 3880 323 3930 et
352 3873 798 3929 indeﬁcientem
830 3887 930 3926 oro
956 3869 1226 3941 gratiam,
1262 3873 1326 3924 ut
1358 3868 1526 3924 nobis
1556 3867 1810 3923 tribuere
1841 3864 1929 3919 di-

268 3967 478 4037 gnetur
510 3960 724 4017 utilem
757 3964 813 4016 et
850 3975 1114 4015 veracem
1165 3963 1330 4014 tuam
1387 3955 1845 4013 consolationem
1877 3956 1932 4007 et

276 4052 1106 4115 instructionem,sermonem
1140 4053 1196 4103 et
1225 4047 1488 4103 animum
1519 4051 1686 4100 tuum
1719 4059 1935 4117 prmpa—

275 4147 365 4197 ret
387 4159 453 4198 ac
476 4138 855 4213 tranquillet,
889 4142 953 4194 ut
979 4156 1104 4210 qua:
1136 4137 1347 4193 dicturi
1381 4152 1608 4202 sumus,
1643 4133 1739 4206 pia
1768 4148 1932 4187 man-

282 4231 597 4286 suetudine
629 4233 692 4285 et
720 4227 1055 4283 humilitate
1087 4225 1394 4298 suscipias,
1431 4241 1496 4280 ac
1528 4221 1781 4295 seposita
1810 4220 1935 4275 ani-

280 4320 560 4375 mositate
606 4321 664 4373 et
696 4317 891 4372 studio
920 4316 1333 4382 contentionis,
1368 4314 1615 4369 libenter
1645 4328 1771 4384 qua:
1804 4326 1940 4365 vera

278 4413 419 4463 sunt
450 4408 686 4473 audias,
714 4410 771 4461 et
828 4423 942 4461 non
1006 4409 1224 4466 nostra.
1258 4404 1359 4461 sed
1386 4404 1486 4459 Dei
1513 4406 1571 4458 et
1602 4405 1939 4457 sanctorum

278 4498 523 4552 Patrum
559 4495 719 4550 dicta
742 4494 1078 4550 obedienter
1110 4493 1419 4566 suscipias,
1441 4492 1642 4563 eisque
1676 4490 1941 4546 animum

2037 3364 2058 3392 ι
2075 3342 2503 3415 promittentes,
2529 3340 2683 3396 circa
2704 3340 2879 3396 ﬁdem
2903 3339 3295 3396 exciderunt.»
3323 3342 3467 3394 Cum
3487 3338 3680 3394 adhuc

2032 3448 2190 3487 esses
2239 3431 2298 3485 in
2350 3430 2613 3502 partibus
2662 3429 2822 3501 regni
2874 3429 3220 3493 Germania}.
3253 3426 3585 3483 audivimus
3618 3425 3680 3481 in

2033 3519 2240 3592 primis
2272 3536 2446 3590 super
2478 3518 2714 3573 nomine
2744 3523 2843 3573 tuo
2877 3518 3092 3572 famam
3133 3517 3441 3572 dolendam
3476 3532 3490 3571 :
3525 3515 3681 3588 quod

2033 3608 2299 3664 videlicet
2323 3607 2609 3663 novitates
2640 3624 2882 3673 sereres,
2917 3610 2976 3661 et
3013 3605 3226 3661 stultas
3256 3622 3322 3661 ac
3352 3604 3479 3660 sine
3508 3603 3682 3659 disci-

2035 3695 2197 3769 plina
2256 3694 2606 3767 quaestiones
2658 3694 2990 3750 ventilares.
3033 3693 3251 3748 Deinde
3302 3692 3525 3764 perlata
3571 3695 3685 3761 est,

2037 3786 2213 3841 etiam
2242 3784 2311 3839 ad
2334 3800 2439 3838 nos
2458 3782 2653 3838 studio
2683 3781 3208 3837 eeclesiasticorum
3237 3780 3495 3835 virorum
3528 3796 3684 3850 qure-

2039 3875 2174 3930 dam
2206 3872 2498 3944 scriptura
2544 3876 2664 3937 tua,
2697 3870 2756 3924 in
2804 3886 2921 3941 qua
2958 3867 3345 3940 apertissime,
3378 3871 3436 3923 et
3463 3866 3685 3939 prolixo

2042 3978 2328 4027 sermone,
2350 3962 2525 4030 atque
2554 3962 2619 4011 ut
2650 3957 2752 4012 tibi
2783 3956 2976 4011 visum
3007 3960 3096 4011 est
3127 3954 3303 4035 etiam
3331 3954 3689 4012 testimoniis

2042 4046 2624 4121 Scripturarum,sive
2645 4049 2981 4099 sanctorum
3006 4044 3264 4114 Patrum,
3281 4045 3421 4117 quid
3444 4043 3690 4101 sentires

2044 4139 2162 4194 sive
2194 4136 2431 4191 doceres
2471 4132 2874 4205 multipliciter
2901 4138 3210 4189 exsecutus
3239 4149 3325 4190 es.
3357 4133 3524 4189 Nune
3555 4146 3695 4206 quo-

2046 4242 2159 4299 que
2189 4223 2521 4295 accepimus
2551 4226 2609 4277 et
2636 4220 2750 4277 alia
2782 4222 3001 4293 scripta
3043 4226 3147 4277 tua
3189 4239 3305 4278 non
3338 4239 3533 4296 parva,
3566 4238 3694 4294 qua:

2048 4316 2119 4372 ad
2152 4313 2475 4387 episcopos,
2503 4310 2592 4367 vel
2624 4314 2825 4366 contra
2872 4311 3197 4383 episcopos,
3230 4311 3330 4383 qui
3361 4310 3422 4365 in
3450 4309 3695 4366 concilio

2049 4401 2443 4460 damnationis
2470 4405 2580 4456 tua:
2612 4396 3247 4471 atl‘uerunt,scripsisse
3277 4398 3363 4455 vel
3384 4398 3699 4471 protulisse

2050 4492 2354 4550 videris.In
2378 4489 2592 4563 quibus
2616 4492 2834 4560 quanta
2858 4487 3097 4560 potuisti
3117 4486 3458 4555 intentione,
3478 4487 3550 4542 de
3581 4503 3699 4542 una

275 4590 454 4641 tuum
479 4590 540 4641 et
560 4600 807 4640 sensum
836 4582 1063 4639 sincera
1087 4583 1298 4655 pietate
1317 4581 1651 4648 submittas,
1686 4580 1844 4650 quia,
1878 4582 1942 4634 ut
1970 4588 2020 4655 D
2052 4586 2281 4639 tantum
2314 4578 2654 4653 quastione,
2700 4577 2756 4631 id
2802 4580 2911 4644 est,
2942 4575 3447 4648 praedestinatione
3479 4574 3695 4643 divina,

274 4692 457 4731 verax
512 4672 805 4729 veraciter
861 4671 1165 4743 Scriptura
1223 4671 1388 4738 dixit,
1428 4690 1449 4718 ι
1483 4671 1634 4726 Sunt
1680 4669 1782 4723 via:
1815 4685 1942 4741 qua":

283 4788 305 4813 ι
345 4765 634 4819 videntur
691 4760 918 4816 homini
978 4765 1164 4829 rectm,
1197 4764 1256 4816 et
1312 4760 1697 4815 novissimum
1743 4774 1945 4814 earum

284 4873 308 4902 ι
344 4853 521 4909 ducit
549 4851 625 4907 ad
646 4856 919 4906 mortem.
955 4874 977 4901 ι
1023 4850 1093 4904 Et
1125 4866 1139 4903 :
1189 4868 1210 4897 α
1235 4849 1342 4916 Qui
1375 4847 1616 4905 conﬁdit
1645 4846 1945 4920 cogitatio-

284 4965 313 4989 α
342 4942 532 4997 nibus
592 4941 723 4995 suis
771 4937 952 5011 impie
1006 4939 1204 5010 agit.»
1239 4937 1402 4993 Unde
1446 4942 1503 4993 et
1546 4936 1683 4992 alibi
1746 4935 1948 4991 eadem

284 5031 605 5103 Scriptura
635 5029 932 5094 admonet,
969 5027 1167 5083 dicens
1198 5044 1210 5081 :
1259 5046 1283 5073 α
1314 5027 1383 5081 Et
1412 5042 1484 5081 ne
1514 5025 1783 5081 innitaris
1814 5042 1949 5099 pru-

294 5144 315 5168 -
341 5119 563 5175 dentiaa
596 5122 736 5173 tum.
766 5139 789 5166 ι
830 5118 944 5171 Hoc
977 5132 1228 5187 namque
1260 5115 1505 5183 malum,
1542 5120 1827 5186 quantum
1858 5131 1951 5169 ca-

287 5209 556 5265 vendum
587 5208 665 5262 sit
694 5205 940 5275 homini,
973 5204 1149 5261 etiam
1210 5206 1418 5261 beatus
1472 5204 1723 5277 Ephrem
1775 5203 1956 5258 admi-

289 5298 499 5353 randa:
544 5295 877 5353 sanctitatis
909 5298 967 5350 et
993 5293 1406 5350 illustrissimi}:
1464 5294 1739 5348 doctrina:
1795 5297 1958 5365 pater

287 5385 580 5453 ostendit,
627 5401 764 5440 cum
827 5384 886 5439 in
932 5382 1075 5439 hora
1104 5383 1292 5439 exitus
1323 5382 1434 5451 sui,
1469 5383 1684 5439 astanti
1715 5383 1826 5438 sibi
1858 5382 1957 5437 uni

287 5494 360 5531 ex
378 5475 720 5547 discipulis,
745 5472 949 5545 magni
972 5478 1029 5527 et
1058 5472 1211 5528 acuti
1225 5472 1471 5529 etnimis
1494 5471 1958 5544 curiosiingenii,

289 5565 555 5623 sollicite
575 5566 908 5621 admonens
931 5561 1100 5617 dixit:
1125 5562 1291 5632 Cave,
1315 5561 1573 5629 Pauline,
1598 5578 1669 5616 ne
1701 5578 1962 5633 unquam

290 5662 350 5711 te
369 5654 701 5711 submittas
726 5650 1188 5724 cogitationibus
1208 5649 1345 5706 tuis.
1374 5652 1668 5717 Quantum
1698 5668 1832 5707 vero
1863 5652 1963 5705 bo-

2053 4673 2191 4746 quid
2214 4676 2434 4737 teneas,
2469 4667 2776 4740 diligenter
2805 4664 3091 4737 explicare
3120 4664 3463 4720 curasti.lta
3483 4663 3702 4721 factum

2056 4766 2163 4829 est,
2181 4765 2325 4816 utex
2337 4762 2583 4830 utraque
2604 4756 2896 4827 scriptura
2915 4756 3034 4824 tua,
3050 4753 3169 4810 sive
3199 4770 3379 4827 quam
3402 4770 3507 4828 per
3534 4752 3701 4820 alios,

2057 4851 2177 4906 sive
2208 4864 2384 4921 quam
2415 4852 2470 4902 te
2502 4846 2767 4901 mittente
2799 4842 3507 4916 accepimus,p1enissime
3535 4840 3705 4898 nobis

2059 4953 2407 5012 cognoscere
2435 4936 2756 5001 videamur,
2791 4932 2850 4988 in
2880 4932 3097 5005 quibus
3127 4933 3515 5006 quaestionum
3549 4928 3702 5002 peri-

2061 5028 2209 5085 culis
2236 5023 2618 5093 fluctuet,ve1,
2634 5024 2787 5096 quod
2810 5022 2988 5078 nimis
3008 5022 3217 5078 dolend
3228 5038 3324 5077 um
3346 5024 3454 5089 est,
3476 5017 3707 5075 naufra-

2063 5122 2232 5192 getur
2262 5132 2471 5172 sensus
2502 5119 2659 5169 tuus.
2694 5115 3055 5185 Quapropter
3097 5107 3506 5181 compendiose
3535 5107 3706 5164 nobis

2064 5212 2121 5264 et
2169 5206 2387 5261 utiliter
2436 5203 2559 5259 ﬁeri
2610 5218 2780 5274 posse
2810 5202 3056 5266 videtur,
3091 5202 3156 5252 ut
3184 5215 3251 5253 ex
3281 5194 3382 5250 illa
3409 5199 3532 5252 tota
3561 5196 3709 5253 serie

2068 5297 2418 5368 scriptorum
2450 5298 2706 5357 tuorum,
2742 5308 2808 5345 ea
2839 5306 2965 5360 quae
3014 5286 3182 5342 nobis
3230 5284 3365 5340 ﬁdei
3413 5284 3711 5342 catholicas

2069 5385 2321 5440 maxime
2349 5383 2638 5439 contraria
2669 5395 2795 5435 esse
2824 5376 3391 5443 videntur,brevibus
3422 5378 3480 5431 et
3504 5373 3712 5430 distin-

2072 5476 2179 5530 ctis
2208 5472 2477 5546 capitulis
2507 5469 2864 5533 ordinemus,
2897 5463 3438 5536 adjungentes,sive
3468 5463 3715 5534 subjun-

2074 5568 2274 5637 gentcs
2298 5580 2399 5634 per
2428 5558 2676 5631 singula,
2712 5555 2853 5627 quid
2884 5571 2913 5609 e
2944 5554 3231 5611 contrario
3262 5553 3561 5626 Scriptura
3590 5569 3721 5608 san-

2074 5658 2167 5709 cta
2198 5653 2420 5717 doceat,
2454 5653 2510 5705 et
2558 5644 2816 5703 Ecclesia
2867 5644 2967 5701 Dei
3028 5642 3363 5699 ﬁrmissime
3417 5643 3628 5709 teneat,
3661 5643 3721 5696 et
