4094 6186
396 289 474 392 si
1613 319 2018 382 AMULoms
2057 318 2310 388 mea.
2353 321 2586 386 LUGD.
3729 323 3810 394 ac

398 455 619 528 ubique
639 454 886 513 fideliter
905 472 971 512 ac
989 453 1302 512 salubriter
1321 453 1730 525 doeeat.Cujus
1752 453 2038 512 doctrinae
2068 453 2124 528 A;
2156 477 2178 504 α
2199 455 2656 526 superducentes
2678 456 2790 514 sibi
2815 456 3062 516 celerem
3094 457 3506 532 perditionem.
3527 482 3557 510 ι
3585 459 3666 518 Et
3695 453 3814 535 ipsi

401 548 461 602 et
481 545 753 602 sensibus
784 549 861 613 te,
881 545 1046 617 quasi
1079 545 1349 600 devotum
1379 547 1438 600 et
1467 542 1628 615 pium
1657 542 1877 612 tilium,
1911 543 2046 600 irre—
2155 544 2400 600 Domino
2434 547 2504 602 de
2534 546 2756 602 eisdem
2796 546 3083 604 haereticis
3115 565 3216 620 per
3248 547 3596 622 Prophetam
3628 565 3642 604 :
3685 567 3708 598 ι
3739 551 3816 608 Et

401 633 764 708 fragabiliter
819 635 1218 704 obtemperare
1276 636 1524 704 oportet,
1555 631 1602 686 si
1634 632 1800 704 cupis
1830 632 1888 687 in
1916 633 2048 704 ejus
2161 649 2305 706 «ego
2336 634 3807 703 redemieos,etcontramelocutisuntmendacia..

403 723 662 799 corporis
693 721 977 781 unitatem
1007 720 1199 774 vivum
1223 723 1279 774 et
1299 737 1509 776 sanum
1535 721 1864 805 membrum
1889 721 2044 776 inve-
2157 723 2356 795 Itaque
2379 724 2550 794 juxta
2577 724 2750 778 fidem
2778 723 3126 780 catholicam
3158 729 3216 780 et
3242 725 3645 797 apostolicam,
3676 745 3813 799 pro-

405 812 538 880 niri,
573 816 631 867 et
662 828 775 867 non
807 826 939 864 cum
973 809 1246 880 putribus
1277 814 1335 864 et
1363 809 1649 864 emortuis
1688 810 1862 879 justm
1895 827 2050 866 seve-
2157 809 2448 883 pheticam
2466 817 2522 868 et
2541 812 3182 884 evangelicam,omnes
3203 813 3324 881 isti,
3347 815 3594 871 ﬁdeliter
3612 818 3685 872 ad
3717 817 3818 872 ba-

404 900 595 960 ritatis
633 897 856 972 judicio
912 897 1335 955 abscissionem
1394 898 1623 954 mereri.
1659 900 1823 953 llunc
1854 901 2048 952 autem
2159 900 2444 972 ptismum
2474 901 2687 957 Christi
2720 902 3203 969 accedentes,non
3225 903 3428 976 utique
3457 903 3571 960 alio
3603 905 3813 978 pretio,

403 985 692 1046 sermonis
723 985 906 1046 nostri
937 991 1222 1054 tenorem,
1255 991 1480 1043 servato
1511 988 1570 1042 in
1602 988 1877 1043 omnibus
1906 987 2048 1059 legi-
2159 988 2488 1044 sedChristi
2515 987 2798 1062 sanguine
2821 989 3105 1062 redempti
3129 990 3410 1048 sunt.Sed
3424 1007 3557 1048 cum
3573 990 3817 1062 plurimi

402 1076 546 1132 timo
574 1076 778 1138 ordine
802 1093 868 1132 ac
915 1076 1311 1136 ecclesiastica
1369 1077 1734 1146 auctoritate,
1770 1095 1886 1132 non
1921 1077 2048 1143 tibi,
2161 1093 2230 1133 ex
2258 1077 2342 1134 eis
2391 1077 2656 1132 eamdem
2709 1077 2956 1150 gratiam
3010 1075 3067 1134 in
3099 1095 3162 1134 se
3190 1077 3419 1134 irritam
3461 1079 3725 1148 fecerint,
3759 1085 3821 1136 et

404 1165 502 1239 qui
523 1165 743 1227 infelici
768 1169 827 1222 et
849 1165 1166 1228 miserabili
1197 1166 1366 1240 lapsu
1389 1165 2052 1224 excommunicationem
2161 1165 2377 1222 idcirco
2407 1166 2464 1220 in
2489 1171 2770 1222 aeternum
2801 1170 3062 1238 pereant,
3095 1183 3212 1238 qua
3243 1167 3469 1226 ratione
3497 1185 3698 1224 verum
3723 1173 3820 1226 est

405 1256 478 1312 ab
503 1254 765 1320 Ecclesia
791 1255 1088 1330 excepisti,
1121 1256 1222 1311 sed
1275 1255 1678 1328 principaliter
1719 1254 2057 1310 reverentis-
2164 1255 2457 1310 neminem
2482 1253 2667 1328 perire
2689 1271 2859 1327 posse
2881 1255 3400 1327 sanguine'Christi
3415 1257 3820 1333 redemptum?

405 1344 555 1404 sime
585 1348 643 1401 et
671 1344 1018 1406 eharissimo
1062 1348 1262 1406 nostro
1313 1343 1760 1418 metropolitano
1805 1341 2054 1400 antistiti
2231 1343 2502 1400 Secundo
2524 1342 2648 1400 loco
2661 1341 3114 1415 displicetnobis
3135 1343 3321 1414 valde,
3345 1343 3486 1416 quia
3511 1343 3824 1408 verissima

407 1434 729 1498 direximus
754 1438 877 1508 tuo,
911 1434 1270 1492 confidentes
1299 1434 1355 1490 in
1388 1434 1622 1492 Domini
1649 1433 1884 1507 pietate,
1919 1430 2060 1504 quia
2165 1436 2224 1488 et
2246 1431 2646 1492 sacratissima
2665 1431 2932 1512 Ecclesiae
2955 1431 3618 1500 saeramenta,videlicet
3647 1449 3820 1494 exet:-

405 1541 540 1582 cum
599 1523 721 1580 haec
777 1523 982 1600 legerit
1031 1528 1088 1584 et
1137 1527 1345 1580 nostra“:
1375 1541 1514 1597 erga
1543 1529 1600 1580 te
1631 1519 2058 1596 compassionis
2167 1522 2358 1594 cismi,
2389 1525 2446 1579 et
2476 1521 2774 1594 baptismi,
2810 1519 3166 1592 chrismatis,
3195 1525 3257 1578 et
3315 1521 3695 1581 Eucharistiie
3751 1539 3823 1584 ao

405 1617 679 1677 affectum
713 1613 1065 1691 cognoverit,
1100 1630 1218 1670 non
1275 1613 1678 1686 indignatione
1735 1612 1934 1685 aliqua
1963 1615 2063 1670 ad'
2167 1628 2380 1668 manus
2401 1609 3668 1685 impesitionis,perfunctorieetfrustratorie
3687 1629 3822 1670 om-

403 1723 640 1764 versum
673 1710 750 1773 te,
783 1706 884 1762 sed
908 1705 1044 1760 boni
1067 1705 1253 1778 patris
1273 1707 1330 1761 et
1349 1703 1428 1777 pii
1453 1703 1707 1778 pastoris
1735 1703 2060 1760 visceribus
2168 1701 2368 1770 nibus,
2407 1701 2506 1773 qui
2535 1703 2670 1772 post
2701 1698 3132 1771 perceptionem
3162 1715 3364 1758 eorum
3391 1705 3658 1772 pereant,
3691 1701 3822 1760 dari

405 1795 884 1866 commovebitur,
915 1797 982 1850 ut
998 1793 1094 1851 his
1124 1795 1513 1867 congruenter
1532 1791 1800 1866 perlectis
1829 1796 1886 1849 et
1905 1796 2059 1848 tran-
2085 1821 2134 1888 Β
2169 1790 2503 1888 confirmas,
2528 1789 2671 1888 dum
2691 1787 3111 1888 eos-sanguine
3133 1787 3372 1856 Christi,
3397 1788 3523 1888 sine
3543 1789 3825 1888 quo‘ipsa

405 1886 587 1961 quille
617 1886 771 1962 apud
802 1889 858 1941 te
889 1883 1172 1951 tractatis,
1205 1883 1253 1939 si
1287 1882 1484 1939 divina
1529 1882 1716 1956 gratia
1759 1882 2057 1956 aspirante
2086 1874 2134 1888 “’
2169 1878 2466 1952 mysteria,
2503 1878 2603 1936 sed
2649 1877 2916 1949 quaedam
2956 1874 3114 1932 velut
3143 1893 3328 1932 vacua
3355 1881 3416 1936 et
3442 1877 3648 1937 inania
3676 1877 3828 1936 ludi-

404 1975 774 2050 acquiescere
829 1973 1085 2029 volueris
1141 1973 1390 2039 veritati,
1423 1988 1796 2046 nequaquam
1829 1971 2056 2028 diutius
2166 1968 2293 2024 bria
2348 1971 2492 2025 sunt
2546 1965 2839 2034 habenda,
2875 1965 3209 2037 redemptos
3239 1981 3830 2038 negas:cumecon-

405 2068 696 2124 aberresa
717 2063 1035 2130 caulis,sed
1065 2061 1200 2116 boni
1233 2065 1291 2117 et
1320 2061 1536 2116 summi
1571 2060 1823 2132 pastoris
1855 2059 2056 2116 hume-
2164 2055 2340 2114 trario
2359 2053 2765 2127 Apostolus,et
2791 2052 3096 2112 veritatem
3129 2053 3548 2126 redemptionis
3575 2055 3824 2126 Christi,

403 2155 487 2210 ris
519 2155 870 2226 reportatus,
905 2150 1114 2205 unitati
1170 2149 1416 2206 inventa:
1463 2166 1531 2204 ac
1564 2149 1875 2219 redemptis
1907 2149 2052 2214 ovis,

405 2259 540 2300 cum
588 2239 803 2315 gaudio
849 2238 1170 2296 cmlestium
1193 2241 1252 2293 et
1281 2237 1666 2299 terrestrium,
1701 2236 1944 2293 feliciter
1973 2255 2055 2292 rc-

403 2331 690 2396 stituaris.
725 2329 856 2386 Hec
900 2333 1042 2386 sunt
1066 2327 1246 2400 igitur
1272 2343 1401 2398 quas
1433 2327 1493 2381 in
1525 2325 1760 2398 scriptis
1789 2325 1908 2380 tuis
1938 2342 2054 2380 me-

404 2421 516 2480 rito
550 2419 1049 2494 reprehendenda,
1081 2420 1138 2472 et
1167 2415 1538 2489 reprehensa,
1573 2417 1854 2486 tanquam
1904 2431 2050 2469 verae

403 2511 539 2568 fidei
590 2507 886 2566 catholicae
939 2505 1198 2574 inimica,
1230 2503 1582 2568 notavimus,
1613 2507 1672 2558 et
1696 2501 1949 2576 qualiter
1977 2503 2049 2558 ad

404 2598 669 2678 regulam
697 2595 958 2653 veritatis
989 2595 1109 2651 sint
1137 2593 1480 2664 corrigenda
1503 2591 1976 2664 perstrinximus.

474 2689 537 2746 In
568 2687 779 2760 primis
807 2684 1080 2758 displicet
1109 2683 1278 2739 nobis
1306 2681 1492 2747 valde,
1512 2681 1668 2754 quod
1701 2680 1847 2736 dicis
1875 2685 1934 2736 et
1963 2698 2052 2736 as-

403 2778 550 2836 seris
573 2776 871 2842 neminem
927 2772 1116 2846 perire
1169 2787 1342 2844 posse
1399 2769 1612 2826 Christi
1652 2769 1939 2843 sanguine
1969 2788 2052 2825 re.

401 2867 727 2940 demptum.
751 2863 869 2928 Hoc
899 2861 1054 2920 enim
1087 2859 1310 2916 dictum
1343 2858 1652 2931 dupliciter
1681 2857 1814 2914 fidei
1844 2859 2048 2914 catho-

400 2955 524 3011 licae
555 2955 914 3010 adversatur.
947 2951 1006 3008 Si
1059 2953 1162 3006 aut
1193 2949 1486 3004 neminem
1516 2966 1585 3004 ex
1617 2965 1860 3004 numero
1890 2947 2050 3002 Chri-

401 3045 746 3112 stianorum,
777 3044 1089 3116 postquam
1139 3038 1318 3094 semel
1369 3038 1426 3092 in
1457 3036 1688 3092 Christo
1720 3037 2049 3108 baptizatus

401 3137 454 3190 et
469 3130 759 3206 particeps
781 3127 1200 3201 redemptionis
1221 3126 1432 3181 Christi
1460 3125 1704 3180 effectus
1723 3129 1834 3190 est,
1859 3125 2048 3197 perire

2163 2149 2221 2200 et
2241 2160 2439 2200 verum
2465 2143 2790 2200 divinorum
2817 2141 3229 2215 mysteriorum
3251 2143 3732 2212 etfectum,etiam
3757 2145 3820 2202 in

2163 2233 2246 2290 eis
2295 2234 2395 2305 qui
2437 2230 2892 2306 irreparabiliter
2921 2234 3167 2303 pereunt
3188 2231 3400 2288 doceat
3428 2246 3558 2288 esse
3587 2231 3823 2306 collata,

2161 2339 2296 2378 cum
2320 2322 2430 2378 ait:
2471 2345 2491 2371 ι
2512 2319 2878 2394 lmpossibile
2907 2319 3064 2378 enim
3099 2323 3188 2376 est
3211 2334 3311 2382 eos
3341 2319 3440 2394 qui
3465 2320 3654 2380 semel
3671 2327 3824 2384 sunt

2165 2434 2187 2460 ι
2225 2409 2562 2477 illuminati,
2596 2412 2980 2482 gustaverunt
3008 2407 3186 2467 etiam
3217 2408 3438 2468 donum
3468 2409 3726 2481 emissio,
3759 2415 3821 2472 et

2168 2521 2195 2554 ι
2223 2500 2538 2572 participes
2569 2503 2709 2555 sunt
2739 2496 2874 2557 facti
2905 2496 3159 2569 Spiritus
3188 2497 3397 2567 sancti,
3429 2503 3822 2571 gustaverunt

2165 2611 2186 2638 ι
2223 2587 2608 2644 nihilominus
2640 2588 2858 2644 bonum
2893 2585 2992 2642 Dei
3023 2586 3290 2658 verbum,
3321 2586 3685 2661 virtutesque
3715 2607 3818 2646 sae-

2167 2698 2190 2727 ι
2221 2677 2335 2734 euli
2369 2677 2619 2745 venturi,
2644 2681 2701 2732 et
2722 2674 2979 2748 prolapsi
3018 2679 3176 2744 sunt,
3212 2676 3475 2734 renovari
3505 2695 3714 2736 rursus
3739 2681 3816 2740 ad

2163 2790 2186 2816 ι
2222 2765 2646 2839 pmnitcntiam,
2683 2780 2920 2820 rursum
2951 2762 3360 2837 cruciﬁgentes
3399 2764 3636 2824 sibimet
3663 2767 3814 2840 ipsis

2162 2879 2185 2904 ι
2222 2855 2432 2912 Filium
2495 2853 2617 2923 Dei,
2677 2857 2786 2910 etc.
2823 2876 2844 2902 ι
2878 2853 2948 2911 Et
3006 2851 3217 2910 iterum
3251 2871 3264 2909 :
3305 2877 3328 2904 σι
3363 2857 3589 2922 Quanto
3619 2858 3814 2930 magis

2163 2967 2185 2997 c
2219 2943 2442 3016 putatis
2463 2943 2750 3008 deteriora
2774 2942 2980 2998 mereri
3006 2941 3316 3016 supplicia,
3338 2943 3438 3016 qui
3463 2945 3674 3002 Filium
3704 2947 3814 3008 Dei

2162 3054 2189 3086 α
2213 3031 2662 3100 conculcaverit,
2691 3035 2752 3088 et
2781 3029 3130 3102 sanguinem
3163 3032 3492 3092 testamenti
3515 3033 3814 3108 pollutum

2161 3143 2182 3171 ι
2220 3120 2466 3188 duxerit,
2496 3120 2554 3175 in
2587 3136 2703 3191 quo
2744 3117 3144 3176 sanetilieatus
3174 3123 3284 3187 est,
3311 3124 3376 3178 et
3402 3121 3646 3196 Spiritui
3671 3140 3812 3200 gra~
3855 3129 3874 3137 '

402 3189 574 3292 po‘sse
595 3189 1140 3282 confirmas,contra
1159 3214 1500 3287 Apostolum
1523 3189 1891 3284 apertissime
1907 3231 2049 3284 prm-
2077 3189 2120 3254 (ἶ
2163 3231 2190 3264 ι
2217 3209 2308 3266 tia:
2340 3189 2757 3264 contumeliam
2804 3207 3044 3270 fecerit?
3062 3230 3082 3258 ιο
3110 3208 3178 3264 Et
3205 3207 3318 3266 alio
3339 3189 3495 3269 loco:
3526 3231 3552 3264 ι
3584 3212 3656 3270 Et
3672 3189 3814 3286 per.

345 3347 354 3358 ι
403 3308 696 3374 dicentem
718 3309 776 3367 et
787 3307 1236 3362 contestantem:
1259 3325 1280 3350 α
1299 3301 1779 3374 Quoniaminiqui
1799 3319 2042 3374 regnum

398 3395 541 3461 «Dei
563 3411 677 3450 non
701 3393 1105 3468 possidebunt.
1134 3413 1156 3442 ι
1182 3393 1253 3448 Et
1273 3390 1550 3463 quoniam
1575 3389 1674 3463 qui
1698 3390 1907 3446 illa'vcl
1943 3390 2044 3446 illa

393 3483 644 3546 crimina
674 3481 1294 3552 admiserint,regnum
1316 3479 1418 3535 Dei
1444 3496 1558 3533 non
1581 3484 2041 3550 consequentur,

392 3577 450 3630 et
479 3589 595 3630 non
655 3571 877 3626 habent
932 3568 1330 3625 haereditatem
1371 3567 1432 3622 in
1463 3584 1642 3639 regno
1673 3567 1883 3625 Christi
1915 3567 2037 3635 Dei,

389 3662 544 3722 inter
563 3677 712 3736 quos
733 3659 911 3716 etiam
935 3657 1016 3713 illi
1039 3661 1178 3714 sunt
1210 3661 1516 3730 negatores
1541 3655 1774 3722 Christi,
1808 3657 1878 3711 de
1903 3657 2038 3728 qui-

389 3751 502 3812 bus
528 3751 651 3824 ipse
672 3747 1008 3806 terribiliter
1039 3750 1321 3802 testatur:
1367 3768 1388 3795 α
1415 3745 1761 3817 Quicunque
1794 3762 2036 3818 negave-

393 3863 414 3889 σι
452 3838 528 3896 rit
561 3856 655 3896 me
675 3854 871 3896 coram
905 3836 1270 3904 hominibus,
1303 3835 1526 3907 negabo
1560 3838 1618 3889 et
1647 3851 1752 3906 ego
1781 3851 1915 3890 eum
1950 3852 2039 3890 co-

391 3951 412 3978 α
444 3944 572 3989 tam
627 3929 794 3987 Patre
833 3943 961 3982 meo
1007 3924 1110 3997 qui
1157 3922 1334 3980 estin
1366 3923 1546 3980 caelis.
1580 3945 1606 3974 ιο
1645 3924 1714 3978 Et
1744 3922 1824 3977 illi
1858 3923 2038 3978 infru-

386 4020 601 4074 ctuosa:
632 4015 791 4082 fidei,
812 4015 884 4069 de
911 4013 1126 4084 quibus
1156 4013 1238 4070 ait
1272 4029 1285 4067 :
1324 4035 1344 4061 ι
1380 4013 1502 4068 Non
1538 4013 1731 4068 omnis
1762 4013 1860 4084 qui
1895 4013 2037 4070 dicit

393 4123 417 4150 ι
451 4101 596 4158 mihi
631 4119 644 4156 :
679 4100 944 4168 Domine,
977 4100 1242 4166 Domine,
1276 4101 1519 4158 intrabit
1548 4100 1606 4158 in
1643 4118 1885 4175 regnum
1916 4119 2033 4160 cm—

392 4214 414 4240 .
449 4189 662 4249 lorum.
699 4213 720 4241 ι
758 4189 871 4246 Sed
927 4193 984 4244 et
1040 4188 1152 4246 illae
1212 4190 1384 4246 fatua:
1439 4189 1714 4261 virgines,
1749 4208 1874 4262 qua:
1917 4208 2031 4251 non

387 4280 771 4358 sumpserunt
799 4273 992 4334 oleum
1024 4277 1082 4332 in
1112 4277 1268 4334 vasis
1298 4276 1423 4334 suis
1455 4293 1589 4333 cum
1630 4277 2026 4352 lampadibus,

387 4367 603 4442 quibus
623 4365 823 4430 clausa
835 4366 1021 4436 janua
1039 4364 1197 4438 regni
1221 4364 1484 4422 dicturus
1505 4369 1619 4422 est:
1651 4387 1672 4414 α
1697 4367 1880 4422 Amen
1903 4367 2030 4423 dico

387 4454 610 4524 «vobis,
645 4453 840 4518 nescio
861 4469 982 4514 vos.
1007 4473 1029 4502 ι
1062 4453 1178 4510 Aut
1211 4451 1260 4510 si
1291 4468 1406 4512 non
1429 4451 1640 4520 credis,
1671 4469 1895 4522 omnes,
1929 4454 2030 4526 qui

2160 3319 2182 3345 α
2215 3297 2342 3366 ibit,
2373 3296 2587 3368 inquit,
2619 3295 2894 3355 infirmus
2941 3293 3002 3351 in
3047 3299 3149 3352 tua
3196 3295 3552 3359 conscientia
3607 3300 3811 3376 frater,

2159 3407 2182 3437 ι
2215 3391 2449 3459 propter
2468 3402 2642 3457 quem
2667 3385 2938 3443 Christus
2980 3389 3250 3444 mortuus
3289 3387 3406 3447 esti
3428 3411 3450 3438 ι
3478 3388 3565 3448 lia
3591 3391 3812 3450 veritas

2151 3475 2560 3549 mysteriorum
2593 3474 2818 3546 peragit
2860 3473 3141 3532 virtutum
3165 3493 3359 3546 suam,
3387 3494 3524 3540 cum
3552 3479 3813 3540 ﬁdeliter

2149 3563 2453 3636 accipitur,
2488 3563 2662 3618 etiam
2687 3563 2744 3621 in
2767 3562 2884 3620 illis
2915 3564 3014 3636 qui
3049 3581 3163 3620 non
3191 3571 3543 3638 permanent
3571 3568 3630 3627 in
3661 3571 3810 3632 veri-

2147 3658 2264 3710 tate
2293 3653 2633 3710 eorumdem
2682 3652 3117 3724 mysteriorum.
3151 3654 3264 3712 Sed
3293 3659 3352 3712 et
3381 3656 3440 3712 in
3470 3656 3573 3714 illa
3597 3659 3809 3731 regula

2149 3743 2658 3816 intelligendarum
2715 3742 3154 3816 Seripturarum
3191 3745 3267 3800 de
3286 3761 3535 3818 corpore
3579 3747 3806 3806 Christi

2145 3849 2278 3888 vero
2319 3837 2496 3902 atque
2549 3830 2846 3898 simulato,
2881 3832 3038 3888 unde
3069 3836 3133 3888 tu
3169 3831 3328 3890 hunc
3359 3850 3614 3892 errorem
3643 3835 3809 3894 velut

2146 3922 2490 3980 confirmare
2553 3920 2778 3987 niteris,
2827 3919 3106 3978 veraciter
3163 3937 3335 3978 nosse
3392 3923 3588 3991 debes,
3618 3923 3809 3982 simu-

2144 4010 2422 4066 lationem
2445 4008 2709 4070 denotari
2740 4009 2869 4064 vitae
2901 4012 2958 4067 et
2989 4025 3244 4078 morum,
3270 4027 3408 4080 non,
3429 4013 3588 4086 quod
3618 4013 3802 4083 absit,

2143 4099 2473 4156 divinorum
2507 4097 2920 4170 mysteriorum
2951 4102 3008 4154 et
3039 4103 3565 4161 sacramentorum.

2213 4189 2406 4246 Tertio
2429 4188 2553 4244 loco
2593 4186 2868 4260 displicet
2908 4185 3076 4244 nobis
3107 4187 3294 4256 valde,
3330 4189 3471 4262 quia
3498 4195 3556 4248 et
3577 4191 3805 4252 divina.

2141 4295 2272 4335 rum
2305 4276 2738 4348 Seripturarum
2772 4274 3126 4332 testimoniis
3151 4279 3207 4334 et
3229 4276 3648 4339 sincerissimis
3665 4298 3802 4338 san-

2139 4370 2366 4424 ctorum
2430 4366 2664 4424 Patrum
2725 4363 2898 4422 dictis
2941 4369 3064 4423 tam
3120 4381 3386 4437 perverse
3417 4368 3696 4438 abuteris,
3733 4375 3804 4428 ut

2139 4453 2258 4514 hme
2289 4453 2486 4510 omnia
2517 4469 2644 4525 quae
2676 4451 3156 4516 manifestissime
3203 4455 3486 4512 adversus
3533 4456 3798 4517 divinam

377 4561 516 4610 vera
545 4545 660 4606 fide
683 4548 740 4602 et
769 4541 1074 4606 devotione
1093 4558 1197 4614 per
1215 4540 1493 4636 baptismi
1513 4540 1765 4636 gratiam
1798 4559 2028 4615 regene-
2059 4557 2106 4636 Ι)
2135 4542 2528 4636 veritatcmuet
2555 4545 2857 4636 paternam
2882 4541 3066 4636 fidem
3101 4543 3510 4616 disputans,ex
3529 4544 3646 4602 illis
3673 4563 3798 4608 non

381 4637 606 4701 rantur,
637 4631 853 4694 Christi
911 4647 1039 4688 esse
1099 4629 1385 4703 sanguine
1433 4629 1785 4702 redemptos,
1820 4631 1936 4688 imo
1965 4632 2023 4688 in

381 4719 596 4782 Christi
627 4722 813 4774 morte
842 4723 900 4774 et
947 4717 1234 4791 sanguine
1281 4717 1624 4792 baptizatos,
1658 4717 1794 4779 licet
1823 4725 2028 4792 postea

383 4808 622 4884 plurimi
661 4823 730 4867 cx
751 4805 855 4876 eis,
888 4805 977 4862 vel
997 4823 1100 4880 per
1120 4805 1390 4877 haereses,
1422 4805 1510 4866 vel
1532 4822 1634 4879 per
1655 4807 1769 4864 alia
1797 4808 2027 4864 diversa

381 4897 634 4958 crimina
678 4899 940 4968 pereant,
989 4894 1466 4956 manifestissime
1523 4896 1880 4953 contrarium
1937 4903 2028 4954 est

381 4989 550 5052 beato
591 4985 767 5050 Paulo
808 4982 1070 5060 apostolo
1111 4983 1326 5040 dicenti
1363 5001 1375 5038 :
1417 5003 1439 5032 α
1473 4985 1815 5057 Quicunque
1846 4988 2028 5060 bapti-

389 5097 411 5125 ι
434 5077 544 5136 zati
567 5092 774 5136 sumus
795 5073 854 5128 in
878 5073 1106 5131 Christo
1125 5073 1286 5140 Jesu,
1324 5073 1381 5128 in
1405 5079 1591 5129 morte
1628 5075 1812 5146 ipsius
1844 5076 2026 5148 bapti-

387 5185 409 5214 ι
434 5165 546 5224 zati
575 5182 804 5225 sumus.
831 5187 853 5216 ι
891 5162 960 5218 Et
989 5162 1156 5218 beato
1181 5161 1390 5215 Joanni
1417 5161 1688 5218 similiter
1717 5164 1788 5218 de
1817 5165 2020 5220 eodem

379 5252 626 5311 Domino
639 5251 1018 5309 contestanti:
1044 5275 1062 5300 α
1082 5249 1187 5316 Qui
1203 5247 1540 5318 dilexitnos,
1563 5250 1774 5322 inquit,
1798 5257 1855 5307 et
1886 5243 2022 5308 lavit

382 5362 406 5390 α
440 5357 548 5396 nos
567 5358 601 5395 a
625 5341 876 5412 peccatis
913 5338 1128 5396 nostris
1154 5338 1210 5393 in
1243 5337 1527 5411 sanguine
1546 5356 1674 5396 suo.
1700 5363 1722 5392 ι
1755 5341 1824 5396 Et
1853 5343 2019 5397 beato

377 5429 542 5486 Petro
559 5427 737 5492 etiam
777 5429 848 5482 de
889 5428 1162 5504 pessimis
1197 5425 1500 5494 hmreticis,
1533 5428 1632 5499 qui
1658 5433 1788 5499 post
1809 5430 2021 5504 baptis-

377 5533 540 5574 mum
576 5516 995 5588 redemptionis
1025 5516 1235 5572 Christi
1265 5517 1334 5572 de
1348 5515 1602 5572 Ecclesia
1632 5525 2014 5586 recesserunt,

379 5608 457 5664 ita
473 5605 715 5668 dicenti:
749 5605 1000 5660 «Etcum
1023 5605 1122 5676 qui
1145 5605 1287 5662 emit
1307 5623 1405 5661 eos
1435 5605 1748 5662 Dominum
1781 5613 2013 5680 negant,

2136 4635 2290 4688 recte
2321 4628 2632 4690 intellectis
2665 4629 3072 4706 multipliciter
3119 4632 3418 4690 affirmare
3447 4635 3794 4695 contendas.

2135 4720 2199 4779 In
2223 4723 2452 4777 tantum
2476 4723 2540 4776 ut
2561 4717 2692 4776 illos
2725 4718 2823 4791 qui
2852 4736 2924 4778 ex
2955 4736 3198 4779 numero
3223 4721 3486 4782 ﬁdelium
3518 4729 3793 4798 pereunt,

2135 4827 2240 4868 nec
2261 4813 2420 4876 tunc,
2447 4809 2682 4881 quando
2705 4808 2999 4880 imprimis
3015 4809 3085 4865 ad
3102 4809 3478 4882 percipienda
3506 4813 3797 4888 mysteria

2135 4897 2589 4971 regenerationis
2619 4901 2676 4954 et
2705 4897 3020 4956 Dominicis
3078 4897 3421 4974 oblationis,
3451 4899 3540 4962 vel
3567 4900 3630 4958 in
3659 4919 3796 4979 par-

2132 4987 2268 5048 vula
2297 4992 2466 5046 rotate
2497 4986 2568 5044 ab
2599 4985 2732 5044 aliis
2791 4986 2974 5048 oblati
3027 4992 3188 5056 sunt,
3220 4987 3310 5048 vel
3343 4988 3459 5066 ipsi
3487 4989 3548 5048 in
3572 4991 3794 5067 majori

2135 5075 2384 5134 ﬁdeliter
2434 5079 2826 5146 accesserunt,
2859 5075 3120 5136 affirmes
3169 5077 3399 5140 Christo
3429 5083 3488 5138 et
3517 5079 3792 5142 Ecclesiae

2131 5183 2246 5222 non
2286 5164 2708 5237 incorporatos,
2744 5180 2849 5224 nec
2907 5166 3173 5222 membra
3225 5165 3388 5229 illius
3442 5169 3700 5245 quaesita:
3731 5175 3796 5232 et

2131 5254 2360 5314 salvatze
2389 5254 2512 5312 ovis
2532 5254 2790 5324 effectos,
2810 5271 2876 5312 ac
2899 5271 3002 5328 per
3028 5253 3140 5313 hoc
3169 5271 3275 5313 nec
3307 5245 3571 5330 unquam
3601 5258 3794 5320 fuisse

2129 5342 2666 5400 Christianos.Nam
2691 5344 2984 5415 quomodo
3005 5349 3096 5406 est
3122 5343 3517 5415 Christianus,
3533 5347 3635 5418 qui
3665 5365 3790 5406 non

2130 5433 2381 5504 pertinet
2410 5431 2480 5488 ad
2514 5449 2726 5503 corpus
2784 5430 3018 5502 Christi,
3053 5433 3155 5506 qui
3186 5451 3302 5492 non
3326 5439 3419 5494 est
3446 5436 3786 5498 membrum

2126 5520 2390 5576 Christi?
2421 5520 2562 5575 Cum
2599 5538 2628 5576 e
2673 5520 2959 5576 contrario
3013 5523 3327 5596 Apostolus
3384 5525 3562 5584 etiam
3623 5525 3779 5596 illos,

2127 5611 2226 5684 qui
2286 5609 2536 5682 graviter
2592 5625 2850 5681 peccare,
2880 5615 2935 5668 et
2989 5611 3048 5667 in
3098 5613 3301 5670 eodem
3335 5613 3506 5687 gravi
3535 5620 3778 5688 peccato
