4120 6184
254 342 342 417 α
382 367 386 371 <
1755 344 2178 411 EPISTOLE;
3587 349 3671 419 90

257 480 737 555 perirepossunt,
754 480 1250 540 membra‘Christi
1268 486 1327 540 et
1344 482 1906 557 templmn‘Spiritus
1934 479 1993 549 Α
2020 482 2199 557 lignis
2229 481 2471 556 angelis,
2486 486 2545 540 et
2574 482 2835 556 reprobis
2860 482 3200 542 hominibus
3221 487 3535 559 perpetuas
3546 501 3644 559 pce

256 571 447 627 sancti
484 588 618 628 esse
657 571 835 639 dicat,
882 573 1143 645 quandiu
1185 574 1435 629 ﬁdeliter
1473 579 1532 630 et
1572 575 1914 629 innocenter

258 664 465 732 agunt.
504 682 527 709 α
570 660 1224 734 Nescitis,inquit,quia
1253 679 1498 735 corpora
1526 667 1719 718 vestra
1735 680 1914 718 mem-

263 771 292 799 α
323 750 433 805 bra
462 748 681 805 Christi
714 750 903 805 sunt?
932 750 1167 806 Tollens
1209 767 1344 823 ergo
1376 752 1645 807 membra
1699 752 1916 807 Christi

264 860 292 888 α
326 837 540 892 faciam
574 839 841 894 membra
870 840 1238 895 meretricis?
1268 842 1452 896 Absit.
1484 863 1510 891 »
1544 843 1611 896 Et
1648 842 1863 896 iterum
1897 860 1910 897 :

267 950 289 977 ι
326 927 583 982 Nescitis
614 928 755 999 quia
783 928 1070 999 templum
1092 929 1193 984 Dei
1227 929 1462 990 estis.et
1490 930 1743 1000 Spiritus
1756 947 1920 985 sanc-

267 1036 290 1063 α
328 1019 426 1068 tus
458 1013 687 1070 habitat
716 1014 775 1068 in
806 1014 1011 1070 vobis?
1033 1015 1092 1071 Si
1114 1016 1247 1087 quis
1279 1021 1475 1072 autem
1507 1016 1793 1089 templum
1816 1017 1916 1072 Dei

271 1125 299 1154 ι(
330 1101 657 1177 violaverit,
690 1104 988 1174 disperdat
1014 1104 1181 1160 ill-um
1211 1105 1391 1172 Deus,
1429 1127 1451 1157 ι
1486 1110 1597 1161 etc.

338 1194 559 1256 Quarto
590 1190 715 1247 loco
747 1191 1017 1263 displicet
1048 1194 1216 1249 nobis
1246 1193 1433 1263 valde,
1458 1196 1599 1267 quia
1623 1200 1744 1249 tam
1777 1197 1920 1250 dure

267 1286 327 1336 et
357 1280 795 1353 indisciplinate
823 1285 881 1336 et
911 1281 1248 1338 immaniter
1276 1284 1346 1339 de
1376 1283 1576 1340 divina
1621 1284 1918 1356 praedesti-

268 1368 512 1427 natione
522 1369 1114 1443 sentisetloquerisin
1128 1372 1504 1428 damnatione
1517 1374 1893 1445 reproborum
1904 1415 1918 1442 ,

268 1465 338 1514 ut
364 1476 581 1515 omnes
606 1458 740 1515 illos
771 1459 962 1532 quiad
980 1460 1287 1517 sinistram
1310 1462 1563 1535 ponendi
1582 1467 1724 1518 sunt
1742 1462 1803 1517 in
1828 1462 1923 1519 die

263 1547 575 1619 judicii,et
602 1564 736 1604 cum
767 1548 1000 1605 diabolo
1022 1554 1195 1622 atque
1223 1550 1448 1623 angelis
1470 1552 1599 1622 ejus
1631 1568 1734 1623 pro
1748 1551 1923 1607 malis

270 1636 506 1692 meritis
534 1637 664 1693 suis
694 1642 908 1694 eterna
941 1638 1075 1712 igne
1104 1639 1444 1709 damnandi,
1477 1640 1560 1696 ita
1588 1641 1708 1697 sint
1722 1640 1925 1696 divini-

270 1728 372 1782 tus
403 1727 478 1782 ad
521 1725 823 1783 interitum
872 1728 1289 1799 praedestinati,
1324 1734 1390 1785 ut
1432 1746 1634 1786 eorum
1682 1747 1923 1803 prorsus

2023 591 2149 641 nas,
2183 591 2299 629 non
2330 573 2469 645 quia
2496 572 2786 646 malignos
2817 578 2874 629 et
2905 576 3181 647 reprobos
3211 575 3336 648 ipse
3378 592 3477 631 eos
3506 577 3665 647 facit,

2024 663 2122 718 sed
2158 663 2295 734 quia
2320 662 2610 735 malignos
2639 668 2697 719 et
2716 664 2991 735 reprobos
3007 680 3113 719 suo
3129 665 3270 720 vitio
3291 666 3522 721 futuros
3535 665 3670 722 illos

2025 752 2288 823 praevidit
2322 768 2333 805 :
2370 756 2426 807 et
2454 768 2602 823 quos
2632 750 2776 807 tales
2809 752 3040 824 proprio
3063 752 3201 809 vitio
3224 754 3453 810 futuros
3474 755 3672 827 praevi-

2025 840 2129 909 dit,
2152 841 2291 912 quid
2326 840 2543 896 mirum
2564 842 2613 897 si
2636 858 2734 896 eos
2750 842 3150 912 justojudicio
3173 860 3280 898 suo
3293 847 3537 900 aeternos
3559 863 3673 917 pce—

2028 931 2118 985 nis
2150 935 2207 985 et
2238 922 2524 986 incendiis
2554 930 3001 1002 praedestinavit.
3031 935 3094 985 ut
3124 931 3223 1003 qui
3252 932 3509 988 volentes
3536 950 3668 1005 pec-

2027 1025 2324 1086 caverunt,
2358 1020 2618 1074 nolentes
2650 1019 3014 1091 puniantur?
3042 1020 3164 1075 Non
3198 1020 3394 1092 itaque
3444 1022 3500 1076 in
3552 1022 3670 1077 illis

2028 1108 2459 1181 prmdestinavit
2489 1108 2858 1179 omnipotens
2882 1109 3035 1164 Deus
3066 1125 3192 1179 quae
3223 1108 3334 1163 sibi
3363 1114 3530 1165 erant
3560 1112 3671 1166 fac-

2028 1197 2144 1252 turi
2173 1196 2375 1270 iniqua
2404 1197 2701 1252 voluntate
2729 1214 2854 1263 sua,
2890 1198 2990 1251 sed
3024 1214 3150 1268 quae
3179 1196 3304 1268 ipse
3334 1198 3407 1252 de
3434 1197 3520 1253 eis
3546 1203 3671 1254 erat

2029 1286 2405 1342 ordinaturus
2422 1284 2997 1357 mquissimojudieio
3019 1303 3146 1340 suo.
3165 1284 3339 1340 Nulla
3358 1285 3513 1340 enim
3532 1304 3674 1357 prae-

2030 1374 2345 1430 destinavit
2375 1373 2619 1445 injusta,
2653 1374 2752 1428 sed
2786 1378 3015 1428 tantum
3040 1374 3236 1444 justo;
3268 1373 3491 1445 injusta
3538 1392 3671 1431 vero

2031 1462 2319 1535 priescivit
2351 1466 2415 1518 ut
2444 1463 2597 1518 Deus
2650 1463 2866 1531 futura,
2901 1461 3335 1535 praedestinavit
3387 1467 3453 1518 ut
3490 1464 3674 1534 judex

2022 1554 2224 1625 justus
2254 1554 2609 1608 damnanda.
2644 1552 2759 1608 Nec
2790 1551 3154 1625 prmscientia
3175 1556 3513 1622 tamen,nec
3536 1571 3676 1626 prm-

2031 1642 2422 1698 destinatione
2451 1659 2577 1710 sua,
2612 1642 2889 1712 cuiquam
2922 1641 3211 1696 malorum
3233 1641 3560 1710 hominum,
3582 1642 3672 1699 vel

2032 1730 2816 1803 angelorum,necessitatem
2847 1729 3130 1801 imposuit
3151 1729 3303 1786 male
3332 1731 3673 1804 agendi,sed

275 1814 478 1872 uultus
499 1814 818 1888 aliqume
840 1817 1121 1888 potuerit,
1136 1817 1337 1874 nullus
1354 1818 1540 1891 possit
1559 1819 1757 1876 salvus
1771 1836 1919 1876 esse.
1951 1852 2000 1918 Β
2031 1819 2437 1875 tantummodo
2454 1836 2557 1891 pro
2576 1817 2748 1873 malis
2769 1817 2948 1890 gestis
2966 1821 3210 1916 internas
3230 1836 3433 1890 pcenas
3450 1819 3669 1875 luendi.

271 1905 438 1970 Quod
465 1904 761 1961 sentireet
789 1905 1233 1978 dicerequidest
1251 1906 1627 1980 aliud,quam
1659 1908 1718 1964 in
1735 1909 1921 1965 Deum
1951 1904 2000 1918 "
2030 1906 2193 1963 Unde
2237 1907 2540 1964 verissime
2587 1907 2659 1961 ad
2707 1924 2841 1962 eum
2893 1906 3195 1979 Scriptura
3236 1907 3379 1962 dicit
3410 1924 3422 1962 :
3461 1929 3489 1959 ‹‹
3518 1908 3672 1964 Deus

269 1992 529 2066 graviter
556 1997 615 2049 et
656 1992 1013 2050 borribiliter
1041 1995 1471 2068 blasphemare,
1519 1997 1569 2053 si
1623 1996 1743 2053 illis
1794 1998 1923 2069 ejus

266 2082 710 2154 pmdestinatio
728 2082 881 2139 hanc
910 2085 1319 2141 necessitatem
1340 2085 1797 2142 irrevocabiliter
1820 2087 1923 2142 im-

265 2171 488 2244 posuit,
522 2176 588 2227 ut
610 2172 854 2228 omnino
886 2174 1040 2245 quod
1068 2174 1144 2229 ad
1176 2173 1424 2230 salutem
1457 2191 1627 2231 suam
1676 2176 1918 2247 profice-

263 2264 357 2316 ret
384 2260 618 2333 operari
646 2277 765 2317 non
794 2261 1066 2334 possint?
1088 2263 1207 2318 Sed
1234 2262 1387 2319 absit
1418 2280 1451 2319 a
1482 2265 1651 2320 nobis
1690 2264 1799 2320 boc
1830 2282 1917 2321 re-

262 2348 483 2421 cipere,
518 2366 591 2405 ne
616 2349 893 2407 meritum
921 2351 1318 2408 damnationis
1349 2351 1583 2409 illorum
1615 2353 1715 2409 Dei
1747 2354 1919 2426 culpa

262 2439 369 2511 sit,
404 2437 506 2510 qui
536 2455 636 2495 eos
660 2438 812 2495 tales
838 2456 967 2496 esse
1004 2440 1332 2509 constituit,
1364 2458 1479 2497 non
1530 2441 1767 2497 illorum
1816 2443 1915 2515 qui

263 2526 435 2584 aliud
463 2544 594 2585 esse
626 2545 741 2584 non
784 2534 1119 2601 potuerunt.
1158 2528 1301 2585 Huic
1348 2530 1551 2597 errori,
1582 2530 1672 2586 vel
1722 2532 1917 2603 potius

261 2615 718 2673 immanissimas
748 2617 1035 2689 impietati
1052 2618 1274 2675 resistit
1300 2619 1605 2692 Scriptura
1624 2619 1825 2677 dicens
1847 2622 1919 2676 de

259 2705 370 2761 illo
386 2723 401 2760 :
416 2730 450 2759 μ
472 2706 703 2762 Nemini
725 2707 1025 2762 mandavit
1041 2707 1222 2779 impie
1242 2724 1433 2781 agere,
1449 2712 1507 2763 et
1528 2709 1747 2765 nemini
1760 2710 1922 2766 dedit

267 2821 293 2843 -
330 2795 592 2867 spatium
642 2795 940 2867 peccandi.
971 2816 1003 2847 δ)
1054 2798 1127 2852 Et
1172 2798 1297 2869 ipse
1342 2797 1526 2867 judex
1573 2798 1835 2854 vivorum
1865 2802 1923 2854 et

261 2888 640 2940 mortuorum
658 2884 911 2940 destruit
940 2885 1098 2940 istud
1121 2885 1396 2941 insanum
1420 2887 1919 2960 mendacium,qui

259 2990 336 3029 se
362 2973 427 3028 in
455 2972 557 3028 illo
578 2972 895 3044 diejudicii
916 2972 1001 3029 ita
1018 2973 1139 3029 illis
1155 2975 1255 3046 qui
1268 2976 1341 3031 ad
1358 2975 1662 3032 sinistram
1679 2976 1923 3032 stabunt

257 3062 567 3119 dicturum
597 3079 725 3118 esse
755 3063 1047 3134 praedixit:
1062 3085 1095 3114 α
1113 3063 1404 3120 Discedite
1423 3082 1457 3120 a
1477 3063 1915 3132 me,maledicti,

258 3173 294 3201 α
330 3151 393 3207 in
424 3151 624 3224 ignem
653 3150 1074 3223 αξιοι-ωσι,ᾳαί
1104 3156 1345 3224 paratus
1371 3157 1464 3209 est
1488 3153 1722 3209 diabolo
1743 3156 1801 3209 et
1821 3170 1918 3209 an-

2034 2019 2056 2047 ι
2092 2002 2322 2064 aeterne,
2356 1996 2457 2069 qui
2510 1994 2871 2051 occultorum
2920 2013 2983 2051 es
3031 1996 3316 2067 cognitor,
3365 1996 3467 2068 qui
3517 1998 3670 2052 nosti

2033 2109 2061 2137 κ
2091 2086 2289 2142 omnia
2316 2090 2632 2157 antequam
2664 2085 2873 2141 fiant.»
2907 2087 2976 2141 Et
3007 2084 3220 2140 iterum
3252 2086 3325 2139 de
3351 2084 3479 2141 illo:
3520 2107 3540 2134 α
3564 2086 3671 2141 Do~

2033 2199 2059 2225 ‹‹
2092 2175 2252 2231 mino
2281 2174 2438 2232 enim
2469 2175 2585 2230 Deo
2616 2178 2932 2246 antequam
2961 2176 3302 2229 crearentur
3329 2174 3528 2229 omnia
3548 2174 3671 2228 fue-
3744 2234 3748 2239 θ

2033 2286 2060 2315 ‹‹
2092 2270 2228 2320 runt
2257 2266 2516 2338 cognita:
2543 2263 2816 2320 similiter
2842 2267 2902 2319 et
2933 2268 3067 2336 post
3096 2263 3415 2336 perfectum
3438 2262 3676 2335 respicit

2031 2377 2058 2404 ‹‹
2088 2354 2307 2410 omnia.
2342 2376 2368 2403 ι»
2403 2355 2475 2409 Et
2505 2353 2616 2409 alio
2648 2354 2774 2409 loco
2809 2370 2821 2407 :
2860 2375 2887 2402 «
2918 2354 2964 2407 A
3004 2351 3215 2407 saeculo
3246 2352 3426 2419 enim,
3454 2351 3669 2424 inquit,

2033 2464 2055 2492 ι
2088 2460 2273 2515 usque
2304 2443 2363 2497 in
2397 2441 2679 2498 saeculum
2712 2441 2972 2514 respicit,
3000 2444 3059 2496 et
3079 2440 3222 2496 nihil
3256 2445 3345 2496 est
3377 2457 3589 2497 novum
3613 2441 3671 2496 in

2030 2555 2058 2583 ‹‹
2087 2537 2399 2605 conspectu
2432 2533 2581 2603 ejus.
2617 2553 2645 2583 n
2680 2534 2830 2587 Sunt
2853 2530 3092 2603 quidem
3126 2531 3181 2585 in
3213 2530 3387 2587 malis
3418 2534 3476 2585 et
3505 2531 3672 2586 dam-

2026 2621 2239 2676 nandis
2272 2619 2455 2693 aliqui
2488 2619 2763 2694 reputati,
2795 2619 2897 2692 qui
2928 2618 3087 2674 aliud
3128 2635 3256 2675 esse
3304 2637 3421 2675 non
3468 2622 3672 2692 potue-

2029 2715 2185 2778 runt,
2202 2711 2356 2765 sicut
2384 2709 2468 2764 illi
2495 2709 2717 2781 parvuli
2752 2726 2952 2764 recens
2983 2707 3127 2775 nati,
3162 2710 3272 2767 sub
3305 2712 3469 2764 reatu
3500 2707 3674 2781 origi-

2030 2799 2180 2854 nalis
2195 2797 2412 2870 peccati
2434 2798 2715 2864 defuncti,
2732 2797 2948 2869 quibus
2970 2813 3074 2869 per
3088 2796 3673 2867 baptismumChristi

2031 2905 2145 2943 non
2176 2886 2366 2958 potuit
2412 2886 2707 2941 subveniri
2737 2904 2750 2952 ;
2780 2885 2933 2940 sicut
2979 2883 3157 2939 etiam
3205 2883 3289 2938 illi
3338 2884 3675 2956 ignorantes

2029 2976 2236 3041 Deum,
2272 2976 2372 3047 qui
2405 2991 2520 3029 non
2553 2976 2869 3045 potuerunt
2903 2971 3170 3027 invocare
3220 2971 3280 3026 in
3330 2989 3505 3044 quem
3557 2989 3672 3027 non

2029 3064 2421 3131 crediderunt,
2437 3078 2542 3119 nec
2569 3062 2769 3119 audire
2786 3062 2913 3118 sine
2943 3060 3314 3133 praedicante,
3338 3076 3443 3116 nec
3464 3059 3670 3132 praedi-

2029 3158 2284 3209 catorem
2308 3154 2540 3222 habere,
2558 3151 2695 3225 quia
2715 3150 2947 3207 nullum
2968 3151 3041 3206 ad
3055 3167 3117 3206 se
3137 3150 3289 3205 mitti
3308 3153 3667 3206 memorant.

259 3264 291 3291 κ
330 3221 483 3313 gelis
508 3241 658 3311 ejus.
694 3261 721 3290 ιο
748 3239 825 3295 Ut
854 3256 959 3296 cur
985 3221 1020 3295 a
1049 3221 1601 3313 se‘inseparabiliter
1619 3242 1916 3299 dieeodem
1945 3221 1989 3289 Ο
2028 3243 2137 3298 Sed
2156 3242 2293 3311 etin
2322 3242 2414 3297 his
2440 3221 2558 3296 non
2575 3221 2965 3312 estiniquitas
2988 3240 3141 3310 apud
3155 3239 3361 3307 Deum,
3380 3238 3520 3311 quia
3538 3242 3593 3294 et
3611 3238 3673 3293 il-

253 3329 392 3385 ἐπὶ
414 3328 605 3401 digni,
620 3345 729 3384 cur
752 3328 1068 3397 maledicti,
1086 3347 1193 3385 cur
1212 3329 1445 3386 diabolo
1464 3335 1524 3386 et
1543 3330 1764 3403 angelis
1787 3333 1916 3402 ejus

254 3418 331 3474 in
362 3421 579 3473 satana
602 3434 779 3489 pinna
800 3418 1313 3486 sociati,videlicet
1339 3435 1456 3475 non
1480 3434 1550 3474 ex
1578 3420 1915 3492 praejudicio

254 3505 801 3579 prmdmtinmionis
831 3524 973 3574 suae,
1006 3508 1107 3562 sed
1137 3524 1206 3563 ex
1237 3508 1443 3563 merito
1474 3508 1799 3580 iniquitatis
1820 3525 1914 3564 eo-

256 3611 430 3661 rum,
443 3594 640 3650 statim
652 3593 979 3651 clarissime
988 3596 1315 3669 subjungat
1326 3598 1878 3653 etostendatdicens
1898 3614 1910 3653 :

257 3707 291 3733 ε(
328 3683 486 3748 Quia
514 3683 747 3752 esurivi,
780 3689 838 3740 et
889 3702 1004 3741 non
1054 3685 1299 3741 dedistis
1331 3685 1475 3740 mihi
1509 3687 1865 3743 manducare
1898 3705 1911 3743 :

260 3795 291 3822 ιι
330 3772 497 3828 sithi
520 3776 582 3828 et
607 3790 721 3829 non
749 3774 997 3830 dedistis
1028 3774 1173 3831 mihi
1201 3775 1417 3843 bibere,
1449 3797 1478 3825 ιο
1508 3779 1622 3830 etc.
1656 3776 1765 3831 Ubi
1792 3775 1913 3831 evi-

254 3863 484 3919 denter
508 3862 836 3918 ostenditur
860 3864 1022 3935 quod
1053 3881 1168 3918 non
1200 3867 1506 3936 propterea
1533 3866 1912 3935 damnantur,

256 3949 419 4022 quia
457 3966 637 4021 opera
680 3950 892 4007 salutis
922 3969 1042 4007 sua
1078 3952 1269 4008 facere
1295 3970 1411 4008 non
1445 3957 1779 4024 potuerunt,
1811 3956 1913 4010 sed

255 4037 989 4111 quintana-emerunt.
1032 4040 1194 4096 Unde
1236 4046 1294 4097 et
1347 4041 1658 4097 Psalmista
1700 4043 1773 4098 de
1819 4058 1912 4098 eo-

256 4128 410 4184 dem
434 4128 594 4197 justo
619 4132 682 4185 et
708 4133 922 4185 atomo
945 4130 1145 4201 judice
1192 4130 1335 4186 dicit
1368 4150 1379 4186 :
1418 4153 1444 4181 ‹‹
1474 4132 1625 4198 Quia
1669 4135 1733 4186 tu
1784 4134 1913 4187 red-

258 4238 291 4267 ιι
329 4215 443 4271 des
467 4216 784 4289 unicuique
808 4219 1139 4275 secundum
1188 4235 1364 4291 opera
1409 4237 1537 4276 sua.
1573 4243 1600 4271 ››
1635 4222 1759 4276 Non
1810 4220 1911 4287 ait,

255 4305 598 4362 modum
624 4306 964 4378 prmjudicia
992 4324 1120 4377 sua,
1165 4308 1321 4363 sicut
1349 4307 1463 4363 ista
1492 4308 1701 4365 insana
1729 4314 1788 4365 et
1818 4310 1914 4365 fu—

255 4393 529 4451 ribunda
554 4394 818 4451 doctrina
844 4412 1103 4452 asserem
1132 4402 1396 4464 conatur,
1435 4398 1506 4453 ad
1556 4397 1705 4453 nihil
1754 4398 1913 4455 aliud

256 4481 389 4539 nis’
420 4482 493 4537 ad
521 4484 956 4540 sabversionsm
985 4485 1371 4541 audientium.
1388 4485 1534 4541 Cum
1565 4503 1597 4541 e
1626 4488 1914 4543 contrario

2026 3330 2114 3387 los
2144 3330 2320 3386 traxit
2347 3331 2417 3386 ad
2442 3334 2689 3385 mortem
2713 3329 2995 3401 originale
3015 3332 3416 3401 peecatum,et
3446 3328 3593 3384 istos
3616 3330 3675 3384 et

2026 3418 2308 3493 originale
2329 3418 2547 3491 pariter
2562 3423 2619 3473 et
2639 3417 2887 3474 actuale.
2906 3418 3037 3489 ipso
3058 3422 3254 3473 tamen
3278 3416 3497 3488 ubique
3510 3417 3673 3488 justo

2018 3509 2239 3581 judice,
2255 3508 2354 3580 qui
2378 3509 2449 3564 de
2471 3512 2591 3563 tota
2612 3508 2857 3563 humani
2889 3507 3119 3579 generis
3150 3507 3456 3574 massa,ob
3472 3506 3673 3578 prima:

2025 3595 2515 3668 praevaricationis
2546 3595 2824 3650 meritum
2849 3593 3009 3663 juste
3024 3594 3356 3663 damnatos,
3372 3592 3518 3649 alios
3541 3592 3678 3648 facit

2024 3701 2164 3740 vasa
2210 3682 2622 3741 misericordiae
2672 3683 2928 3755 gratuita
2974 3682 3183 3754 gratia,
3217 3680 3365 3737 alios
3408 3680 3677 3754 permisit

2025 3792 2154 3830 esse
2182 3791 2321 3829 vasa
2342 3774 2437 3827 ira:
2448 3773 2613 3844 justo
2627 3771 2872 3842 judicio.
2890 3771 2993 3825 Sin
3017 3774 3215 3825 autem
3239 3770 3349 3825 hoc
3370 3769 3670 3841 quaeritur,

2026 3864 2124 3918 ubi
2157 3863 2215 3917 in
2247 3859 2568 3935 Scripturis
2599 3858 3031 3932 prtedestinatio
3064 3858 3124 3912 in
3176 3857 3394 3913 malam
3444 3863 3672 3929 partem

2026 3952 2274 4021 dicatur,
2306 3953 2500 4023 ipsum
2530 3948 2770 4021 quidem
2801 3947 3034 4019 proprie
3060 3946 3304 4001 verbum
3351 3945 3453 4002 tali
3486 3962 3666 4001 sensu

2025 4039 2281 4112 positum
2314 4038 2555 4095 forsitan
2574 4055 2689 4093 non
2708 4036 2874 4092 facile
2897 4035 3219 4092 invenitur:
3237 4049 3450 4091 sensus
3474 4038 3671 4091 tamen

2022 4130 2181 4185 verbi
2216 4128 2523 4184 manifeste
2554 4127 2613 4182 in
2644 4125 2912 4198 pluribus
2944 4124 3090 4181 locis
3124 4128 3402 4197 apparet;
3430 4124 3589 4179 sicut
3615 4123 3674 4180 in

2024 4218 2231 4291 primis
2262 4219 2334 4274 de
2364 4216 2588 4289 angelis
2619 4215 2839 4287 refugis
2869 4214 3080 4270 beatus
3128 4214 3315 4269 Judas
3361 4213 3677 4285 Apostolus

2025 4307 2167 4363 dicit
2198 4325 2210 4362 :
2246 4330 2272 4357 ‹‹
2304 4305 2554 4380 Angelos
2579 4322 2734 4374 vero,
2767 4303 2866 4375 qui
2907 4320 3022 4358 non
3070 4306 3453 4358 servaverunt
3496 4320 3674 4359 suum

2029 4419 2057 4447 ι(
2082 4396 2496 4469 principatum,
2511 4397 2611 4451 sed
2636 4392 3075 4464 dereliquerunt
3091 4407 3268 4446 suum
3285 4388 3671 4460 domicilium,

2029 4508 2056 4535 ‹‹
2087 4485 2417 4542 carceribus
2445 4483 2691 4556 calignis
2712 4483 3021 4538 damnatos
3038 4478 3281 4535 tradidit
3301 4479 3359 4533 in
3375 4480 3672 4550 judicium

254 4572 424 4629 ﬁdes
449 4571 734 4629 catholica
760 4574 1098 4630 ﬁrmissime
1129 4579 1463 4642 teneat,nec
1493 4575 1688 4649 ipsum
1709 4578 1914 4633 diabo-
1946 4589 1994 4654 ι)
2029 4596 2057 4626 ‹‹
2088 4573 2433 4629 cruciandos
2464 4570 2764 4629 reservari.
2790 4591 2818 4620 η
2851 4570 2922 4624 Et
2952 4570 3023 4623 de
3051 4566 3414 4623 Antichristo
3458 4566 3674 4624 Paulus

250 4661 494 4727 luget
519 4661 755 4734 angelos
779 4663 1019 4735 ejus,ad
1045 4663 1155 4719 hoc
1185 4679 1448 4736 unquam
1470 4666 1915 4736 prndestinatos
2025 4662 2325 4736 apostolus
2353 4661 2520 4716 dicit:
2551 4681 2572 4709 α
2606 4659 2676 4714 Et
2705 4658 2995 4714 revelatus
3024 4656 3202 4712 fuerit
3232 4656 3408 4712 homo
3425 4656 3670 4729 peccati,

250 4754 329 4807 ut
356 4748 517 4805 tales
542 4755 765 4807 essent:
789 4752 891 4807 sed
922 4751 1061 4824 quia
1088 4752 1235 4809 tales
1252 4768 1363 4810 suo
1391 4753 1530 4809 vitio
1550 4769 1711 4810 essse
1729 4755 1920 4811 volue-

250 4842 437 4905 runt,
467 4838 681 4895 iddrco
704 4840 792 4897 eis
824 4839 1021 4896 aeterni
1057 4839 1182 4914 igni
1230 4840 1524 4915 supplicia
1572 4848 1915 4915 prmparata.

249 4925 654 4998 Omnipotens
684 4928 841 4984 enim
873 4928 1028 4985 Deus
1067 4945 1186 4986 non
1238 4934 1331 4988 est
1373 4933 1581 4987 auctor
1625 4931 1915 4988 malorum

250 5015 638 5084 mea-iterum,
667 5033 776 5073 nec
804 5017 1098 5075 malorum
1126 5018 1458 5087 hominum,
1488 5036 1594 5077 nec
1625 5020 1915 5077 malorum

248 5101 611 5175 angelorum
646 5121 661 5160 :
690 5106 794 5161 sed
822 5104 937 5177 ipsi
969 5105 1083 5162 sibi
1113 5110 1255 5162 sunt
1284 5111 1551 5164 auctores
1582 5109 1914 5182 mali,quod

244 5192 506 5267 propria
531 5192 831 5251 voluntate
870 5196 1220 5268 gesserunt;
1273 5196 1431 5253 Deus
1476 5202 1672 5254 autem
1714 5200 1918 5271 justus

242 5282 427 5339 ultor
448 5286 510 5339 et
529 5282 710 5353 iudex
730 5283 791 5338 in
809 5283 905 5339 bis
923 5300 1053 5355 qua
1069 5285 1198 5356 ejus
1218 5289 1489 5357 aequitate
1510 5288 1742 5358 passuri
1755 5294 1910 5344 sunt.

240 5370 566 5428 Praeivit
593 5388 731 5443 ergo
754 5372 1108 5428 mternaliter
1135 5373 1334 5429 futura
1353 5374 1509 5430 mala
1538 5377 1751 5433 merita
1767 5377 1920 5450 ipso-

241 5460 544 5529 mm,sed
573 5461 943 5532 pmssientia
964 5462 1094 5533 ejus
1125 5479 1241 5518 non
1270 5462 1355 5519 eis
1385 5463 1585 5519 intulit
1605 5465 1916 5523 necessita-

242 5552 493 5615 te-amt
514 5548 673 5606 aliud
704 5567 835 5606 esse
864 5567 981 5606 non
1003 5555 1261 5623 possent,
1281 5553 1382 5608 sed
1405 5556 1634 5609 tantum
1658 5556 1920 5626 praevidit

243 5637 428 5711 quod
463 5637 621 5695 aliud
653 5655 783 5697 esse
812 5638 1056 5696 nollent.
1080 5640 1520 5698 Priedestinavit
1545 5642 1765 5700 eisdem
1788 5662 1917 5701 ma-

2029 4774 2058 4803 ‹‹
2089 4751 2246 4807 ﬁlius
2273 4747 2637 4822 perditionis,
2667 4748 2769 4819 qui
2800 4747 3141 4802 adversatur
3168 4748 3227 4800 et
3253 4744 3551 4801 extollitur
3573 4763 3672 4802 su-

2028 4864 2057 4893 ‹‹
2088 4858 2194 4913 pra
2222 4856 2395 4896 omne
2422 4838 2576 4911 quod
2608 4836 2825 4893 dicitur
2854 4830 3030 4902 Deus,
3059 4839 3162 4891 aut
3190 4836 3348 4908 quod
3378 4834 3608 4892 colitur.
3641 4858 3669 4885 »ι

2024 4931 2095 4986 Et
2123 4934 2258 5002 post
2284 4943 2507 5000 pauca:
2535 4948 2563 4977 «
2592 4927 2778 4993 Quem
2808 4924 3097 4980 Dominus
3128 4923 3443 4981 interﬁciet
3460 4923 3671 4995 spiritu

2027 5042 2057 5071 ‹‹
2086 5019 2207 5077 oris
2236 5017 2350 5085 sui,
2383 5021 2441 5072 et
2469 5015 2731 5071 destruet
2760 5009 3150 5069 illustrations
3178 5014 3464 5068 adventus
3492 5010 3604 5067 sui.
3638 5032 3667 5059 »ι

2023 5110 2105 5166 De
2131 5108 2287 5165 Juda
2314 5120 2551 5178 quoque
2580 5104 2875 5176 proditore
2904 5100 3031 5175 ipse
3061 5101 3370 5168 Dominus,
3399 5116 3534 5154 cum
3565 5115 3671 5171 pro

2025 5196 2305 5272 apostolis
2335 5198 2561 5251 oraret:
2600 5214 2628 5243 «
2658 5192 2729 5249 Et
2758 5208 2929 5247 nemo
2958 5206 3026 5246 ex
3051 5190 3136 5246 eis
3162 5188 3483 5260 periit,nisi
3513 5187 3672 5244 ﬁlius

2030 5311 2052 5338 οι
2087 5284 2457 5359 perditionis,
2507 5287 2574 5338 ut
2620 5282 2921 5353 Scriptura
2968 5277 3297 5349 impleatur.
3348 5298 3376 5327 ››
3425 5276 3507 5332 De
3554 5294 3671 5350 quo

2025 5376 2201 5434 etiam
2238 5372 2508 5447 apostoli,
2555 5375 2789 5428 orantes
2836 5385 2940 5440 pro
2986 5365 3266 5422 electione
3315 5368 3673 5424 successoris

2025 5467 2154 5539 ejus
2184 5462 2523 5530 Matbim,ad
2550 5460 2863 5515 Dominum
2894 5456 3125 5511 dicunt:
3155 5477 3184 5505 κ
3210 5456 3465 5512 Ostende
3492 5470 3670 5529 quem

2031 5578 2059 5606 ‹‹
2087 5572 2157 5611 ex
2185 5553 2278 5608 his
2307 5552 2537 5607 duobus
2566 5547 2808 5619 elegeris
2840 5546 3101 5618 accipere
3132 5544 3325 5601 locum
3359 5545 3669 5602 ministerii

2031 5668 2058 5697 ‹‹
2089 5644 2290 5714 hujus,
2326 5646 2382 5696 et
2411 5636 2823 5709 apostolatum,
2858 5635 2929 5690 de
2977 5650 3093 5707 quo
3123 5635 3535 5707 praevaricatus
3580 5638 3670 5691 est
