4094 6186
457 325 537 400 91-
1675 329 2078 396 AMULONIS
2122 329 2364 396 EPISC.
2411 335 2640 398 LUGD.
3781 327 3872 400 9’

463 487 493 520 α
520 465 808 536 Judas,ut
835 463 1023 524 abiret
1042 465 1100 522 in
1131 465 1324 523 locum
1339 481 1536 522 suum.
1555 488 1582 517 »
1598 465 1737 523 Tale
1757 470 1846 523 est
1863 470 1919 524 et
1932 466 2097 536 illud,
2131 469 2184 536 Α
2216 485 2347 524 rum
2377 471 2674 542 gestorum
2698 469 2854 526 ultor
2881 473 2970 526 est
2990 468 3214 541 justus,
3245 470 3304 526 et
3335 465 3380 526 si
3417 466 3570 526 maia
3589 475 3866 544 gerentes

457 557 613 630 quod
645 573 749 629 per
779 556 1148 612 Salomonem
1180 554 1393 611 dicitur
1426 573 1438 610 :
1485 577 1512 606 «
1542 555 1822 612 Universa
1869 562 2104 630 propter

460 669 488 699 «
522 645 905 718 semetipsum
937 649 1210 716 operatus
1241 648 1330 700 est
1360 643 1664 713 Dominus,
1685 643 1935 716 impium
1958 663 2100 717 quo-

462 759 483 786 α
519 751 632 808 que
660 733 732 790 ad
765 733 920 789 diem
953 731 1198 788 malum.
1231 755 1258 782 ››
1287 734 1357 787 Et
1387 731 1540 804 quod
1567 731 1626 787 in
1654 733 1803 787 libro
1828 733 1936 788 Job
1958 733 2100 788 seri-

455 829 621 898 ptum
651 826 740 880 est
771 839 784 878 :
813 845 840 872 ‹‹
871 821 1018 888 Quia
1045 821 1106 876 in
1137 821 1292 877 diem
1321 820 1667 893 perditionis
1699 827 1964 877 servatur
1985 837 2104 877 ma-

459 937 487 964 ‹‹
518 913 634 979 lus,
666 917 723 968 et
752 912 824 967 ad
857 911 1010 966 diem
1042 911 1256 966 furoris
1289 909 1540 964 ducitur.
1573 933 1600 959 ››
1637 911 1705 965 Et
1735 909 1792 963 in
1825 909 1972 964 libro
2005 911 2102 966 Sa-

454 1001 684 1076 pientia:
718 1002 789 1056 de
815 999 1098 1074 {Egyptiis
1131 1016 1144 1053 :
1182 1021 1210 1049 «
1242 999 1503 1054 Ducebat
1530 997 1684 1052 enim
1715 1015 1814 1054 eos
1845 999 1916 1053 ad
1943 999 2100 1054 hunc

455 1115 483 1142 «
516 1092 692 1146 linem
724 1089 904 1162 digna
935 1087 1274 1144 necessitas.
1307 1111 1334 1138 ››
1369 1089 1438 1143 Et
1467 1087 1621 1158 apud
1675 1086 1986 1142 Jeremiam
2029 1087 2099 1142 de

454 1179 842 1252 quibusdam;
879 1199 905 1227 ‹‹
936 1177 1232 1250 Congrega
1264 1194 1362 1232 eos
1395 1176 1562 1248 quasi
1590 1192 1825 1248 gregem
1851 1177 1923 1231 ad
1942 1176 2100 1231 victi-

453 1287 633 1336 mam,
666 1272 724 1324 et
753 1268 1054 1323 sanctiﬁca
1091 1283 1189 1322 eos
1231 1265 1289 1320 in
1319 1266 1476 1321 diem
1506 1264 1837 1321 occisionis.
1872 1287 1900 1315 »
1935 1265 2096 1321 Tali-

453 1357 564 1413 bus
595 1357 768 1413 etiam
807 1358 984 1412 Amos
1031 1357 1314 1428 propheta
1361 1355 1552 1411 dicit:
1608 1377 1634 1406 α
1685 1356 1790 1422 Qui
1843 1355 2097 1427 separati

456 1470 484 1498 ‹‹
513 1447 655 1502 estis
703 1448 776 1502 ad
825 1446 980 1501 diem
1028 1443 1272 1510 malum,
1312 1449 1368 1499 et
1414 1443 1898 1516 appropinquatis
1951 1443 2096 1499 solio

457 1558 486 1586 «
517 1534 862 1607 iniquitatis.
896 1557 924 1584 »
959 1534 1102 1590 Item
1129 1535 1199 1588 de
1223 1533 1358 1588 {iliis
1389 1531 1514 1588 Heli
1545 1533 1808 1590 scelestis
1837 1537 1893 1588 et
1924 1533 2098 1588 sacri-

451 1623 598 1697 legis
625 1623 884 1678 dicitur:
924 1646 952 1674 «
983 1623 1090 1690 Qui
1143 1639 1255 1677 non
1302 1620 1616 1677 audierunt
1661 1638 1861 1677 vocem
1911 1621 2095 1694 patris

453 1737 479 1764 «
503 1713 616 1781 sui,
631 1713 772 1785 quia
791 1712 972 1768 voluit
992 1711 1276 1767 Dominus
1295 1711 1556 1766 occidere
1577 1727 1696 1766 eos.
1711 1733 1738 1760 ››
1755 1712 1824 1765 Et
1839 1710 1909 1766 ad
1921 1711 2092 1766 Ama-

449 1802 597 1857 siam
621 1801 1122 1873 praevaricatorem
1147 1805 1203 1856 et
1225 1799 1473 1871 impium
1498 1815 1693 1871 regem
1711 1797 2093 1871 prophetale-

448 1891 674 1963 quitur:
693 1911 721 1940 «
735 1890 888 1957 Scio,
903 1889 1114 1962 inquit,
1131 1890 1286 1962 quod
1308 1888 1814 1961 cogitaveritDeus
1833 1888 2094 1943 occidere

449 2001 478 2030 «
509 1984 584 2045 te,
619 1979 758 2052 quia
785 1978 974 2035 fecisti
1006 1978 1115 2034 hoc
1147 1977 1393 2044 malum,
1429 1981 1486 2032 et
1514 1976 1758 2048 insuper
1787 1978 1944 2048 quod
1978 1994 2093 2032 non

443 2091 478 2117 »ιι
508 2067 848 2139 acquievisti
879 2066 1122 2122 consilio
1155 2081 1306 2120 meo.
1343 2088 1372 2116 ››
1405 2065 1517 2121 Sed
1549 2065 1671 2120 haec
1691 2066 1892 2121 omnia
1923 2065 2004 2120 ita
2035 2066 2096 2119 ﬁ-

447 2154 654 2212 deliter
683 2153 982 2226 pensanda
1008 2159 1170 2220 sunt,
1203 2157 1268 2208 ut
1299 2153 1356 2208 in
1387 2153 1472 2208 eis
1515 2157 1573 2208 et
1621 2152 1933 2221 malorum,
1976 2153 2095 2208 sive

447 2241 812 2316 angelorum,
844 2242 962 2298 sive
993 2241 1324 2310 hominum,
1359 2241 1662 2314 iniquitas,
1696 2245 1752 2298 et
1780 2241 1881 2297 Dei
1905 2241 2091 2298 vindi-

446 2331 634 2388 cantis
652 2329 1190 2388 incontaminabilis
1201 2331 1224 2401 j
1236 2329 1436 2386 ustitia
1457 2337 1860 2402 cognoscatur.
1878 2331 2092 2387 Przeor-

447 2420 670 2478 dinavit
697 2425 871 2492 atque
892 2418 1134 2476 tradidit
1153 2418 1390 2493 angelos
1413 2419 1702 2492 malignos
1724 2421 1784 2475 in
1799 2419 2092 2491 judicium

446 2509 794 2566 cruciandos
825 2507 1106 2564 reservari
1133 2525 1146 2576 ;
1181 2508 1304 2576 sed,
1337 2507 1601 2580 exigente
1633 2523 1836 2563 eorum
1881 2507 2090 2580 impie-

445 2601 586 2665 tate,
617 2596 757 2670 quia
804 2613 919 2652 non
969 2599 1346 2652 servaverunt
1395 2595 1659 2651 ordinem
1706 2600 1764 2652 et
1810 2595 2091 2652 honorem

445 2701 834 2758 suum,quem
865 2685 974 2740 sub
1006 2684 1120 2740 Deo
1143 2689 1200 2740 et
1231 2700 1364 2739 cum
1385 2683 1501 2739 Deo
1525 2683 1738 2740 habere
1755 2688 2089 2756 potuerunt.

444 2776 515 2832 Et
541 2775 573 2830 J
581 2775 726 2831 udas
757 2773 1149 2846 praecognitus
1179 2779 1235 2829 et
1267 2772 1576 2844 praedictus
1603 2777 1691 2829 est
1719 2773 1877 2830 filius
1907 2774 2093 2846 perdi-

443 2862 758 2928 tionis,sed
791 2859 998 2918 merito
1027 2860 1221 2933 impias
1251 2861 1601 2932 proditionis
1631 2857 1864 2918 abiit‘in
1895 2861 2090 2917 locum

365 2938 372 2945 ’
443 2951 714 3020 suum,id
744 2955 853 3018 est,
870 2949 983 3008 sibi
1016 2950 1075 3005 in
1105 2950 1296 3022 pinnis
1325 2950 1686 3006 destinatum
1719 2955 1778 3006 et
1809 2968 2092 3023 praepara-

441 3045 600 3108 tum;
633 3039 734 3096 sed
767 3037 906 3112 quia
935 3037 1344 3110 praevaricatus
1375 3042 1464 3094 est
1492 3038 1563 3094 de
1605 3038 1730 3094 loco
1781 3037 2090 3094 ministerii

441 3133 500 3184 et
525 3127 910 3200 apostolatus.
944 3128 1032 3183 Ita
1060 3144 1174 3182 non
1206 3131 1296 3182 est
1325 3125 1542 3181 mirum
1593 3127 1642 3182 si
1671 3127 2086 3194 Antichristus,

2211 559 2282 613 ad
2316 575 2449 613 eum
2483 563 2912 626 convertantur,
2949 559 3208 614 indultor
3238 558 3390 631 pius.
3423 558 3739 615 Sciendum
3771 565 3859 616 ta-

2211 663 2344 702 men
2377 647 2529 718 quod
2561 647 3092 718 przedestinationis
3120 647 3459 715 verbum,in
3483 649 3700 704 malam
3734 667 3863 722 par-

2209 739 2348 803 tem,
2383 736 2536 791 sicut
2566 736 2624 790 in
2657 736 2976 808 Seripturis
3007 736 3206 792 minus
3238 741 3327 792 est
3361 737 3665 805 usitatum,
3692 737 3774 793 ita
3804 743 3864 794 et

2211 841 2245 879 a
2275 825 2610 881 doctoribus
2655 825 2844 880 rarius
2891 829 2980 880 est
3009 829 3382 898 usurpatum,
3417 830 3474 882 et
3502 828 3574 882 ob
3616 825 3728 883 hoc
3761 845 3860 884 ne-

2210 928 2508 984 quaquam
2542 928 2894 984 magnopere
2925 913 2997 968 de
3021 929 3088 968 eo
3119 913 3486 968 certandum.

2280 999 2492 1065 Quinto
2523 999 2648 1055 loco
2674 1017 2789 1054 non
2822 999 3020 1054 minus
3049 1000 3413 1056 detestamur
3440 1005 3498 1054 et
3525 1000 3885 1070 horremus,-

2209 1089 2364 1160 quod
2395 1089 2470 1143 ita
2499 1089 2766 1144 exarsisti
2801 1089 3080 1144 adversus
3111 1105 3227 1144 eos-
3241 1088 3341 1160 qui
3371 1092 3584 1144 mterno
3616 1089 3858 1161 interitu

2209 1181 2348 1232 sunt
2377 1177 2561 1250 digni,
2601 1182 2665 1232 ut
2696 1177 2913 1232 dixeris
2945 1194 3042 1232 eos
3075 1182 3192 1232 tam
3229 1177 3682 1232 irrevocabiliter
3701 1183 3760 1232 et
3779 1178 3862 1234 in-

2208 1265 2704 1321 commutabiliter
2731 1265 3042 1337 perditioni
3073 1281 3202 1334 esse
3233 1265 3862 1336 praedestinatos,sicut

2207 1355 2362 1411 Deus
2393 1355 2516 1427 ipse
2549 1353 3053 1410 incommutabilis
3082 1357 3140 1410 et
3165 1353 3626 1411 inconvertibilis
3659 1359 3780 1424 est;
3805 1362 3863 1412 et

2207 1443 2529 1515 episcopos,
2555 1444 2625 1498 ad
2660 1460 2805 1514 quos
2837 1443 3066 1511 scribis,
3087 1443 3253 1515 quasi
3287 1443 3744 1500 misericorditer
3764 1447 3860 1500 ad-

2206 1530 2477 1600 hortaris,
2513 1537 2578 1586 ut
2626 1531 2735 1586 hoc
2782 1529 3100 1602 praedicent
3126 1519 3396 1603 'populis,
3430 1535 3497 1587 ut
3544 1533 3688 1605 quia
3729 1535 3859 1604 jam

2206 1620 2553 1692 praeﬁnitam
2585 1619 3016 1675 damnationem
3049 1620 3290 1675 evadere
3321 1637 3436 1676 non
3464 1626 3738 1693 possunt,
3754 1621 3866 1678 sal-

2204 1709 2310 1764 tim
2341 1707 2774 1781 aliquantulum
2799 1709 2914 1764 Deo
2939 1709 3270 1782 supplicent
3291 1713 3348 1764 et
3367 1708 3781 1779 humilientur,
3800 1715 3864 1767 ut

2205 1802 2494 1854 statutum
2523 1786 2610 1852 eis
2636 1796 2724 1852 vel
2755 1797 3052 1852 modicum
3075 1796 3306 1870 mitiget
3325 1800 3384 1854 et
3404 1797 3856 1872 levigetpmnas.

2204 1888 2474 1954 Obsecro,
2511 1886 2610 1940 ubi
2644 1886 2764 1940 haec
2795 1902 3056 1957 unquam
3090 1885 3148 1940 in
3179 1886 3499 1959 Seripturis
3521 1887 3862 1961 sacrislegi-

2203 1975 2337 2031 tur?
2349 1974 2447 2030 ubi
2478 1973 2537 2028 in
2570 1975 2789 2030 sanctis
2809 1979 2866 2028 et
2893 1973 3198 2030 catholicis
3229 1973 3495 2032 Ecclesia:
3519 1975 3862 2034 doctoribus

2203 2062 2521 2118 invenisti?
2547 2062 2662 2117 Cur
2691 2079 2806 2117 non
2839 2061 3111 2118 similiter
3155 2062 3456 2118 diabolum
3507 2069 3566 2120 et
3614 2064 3860 2138 angelos

2203 2151 2332 2221 ejus
2361 2149 2704 2217 exhortaris,
2723 2154 2786 2204 ut
2807 2151 2949 2222 quia
2965 2153 3246 2206 statutam
3269 2151 3709 2209 damnationem
3731 2171 3861 2210 eva-

2203 2239 2340 2294 dere
2369 2256 2484 2295 non
2517 2242 2852 2311 potuerunt,
2859 2240 2986 2310 jam
3020 2256 3180 2295 nunc
3206 2239 3442 2296 interim
3473 2245 3640 2298 orent
3667 2247 3726 2299 et
3755 2243 3859 2300 de-

2203 2333 2514 2401 precentur
2531 2326 2865 2396 Dominum,
2881 2331 2948 2383 ut
2973 2327 3056 2384 eis
3073 2327 3336 2385 mitiores
3356 2333 3414 2384 et
3431 2330 3860 2388 tolerabiliores

2203 2417 2584 2473 ﬁantaaternm
2607 2416 2942 2497 pmnaz‘mut
2962 2416 3104 2489 quid
3126 2417 3524 2490 ampliusistis
3541 2419 3856 2494 relinquis,

2203 2523 2349 2579 quos
2381 2505 2654 2562 similiter
2681 2505 3046 2562 irrevocabili
3067 2507 3361 2564 sententia
3375 2509 3685 2566 damnatos
3697 2527 3859 2567 asse-

2203 2595 2284 2650 ris
2304 2595 2332 2650 ?
2364 2594 2509 2650 Huic
2538 2599 2657 2650 tam
2689 2593 2871 2650 atroci
2903 2593 3190 2667 impietati
3221 2597 3570 2653 contradicit
3583 2598 3858 2656 Ecclesiae

2202 2683 2368 2751 ﬁdes,
2391 2700 2519 2756 qua:
2551 2681 2848 2738 diabolum
2881 2699 3016 2738 cum
3049 2685 3273 2756 angelis
3303 2687 3428 2742 suis
3476 2686 3661 2743 credit
3707 2688 3858 2744 irre-

2201 2759 2594 2828 mediabiliter
2624 2771 2884 2828 coruisse
2919 2789 2931 2826 :
2967 2773 3308 2830 hominibus
3337 2792 3493 2844 vero,
3520 2776 3698 2832 etiam
3741 2778 3859 2832 im-

2201 2861 2340 2934 piis,
2358 2861 2408 2916 si
2438 2866 2858 2933 recognoscant
2879 2866 3118 2933 peccata
3145 2878 3272 2932 sua,
3287 2863 3338 2920 si
3371 2865 3700 2934 deﬂeant,si
3721 2883 3860 2922 con-

2200 2951 2502 3018 ﬁteantur,
2531 2951 2581 3005 si
2611 2950 2872 3006 divinam
2905 2949 3369 3008 misericordiam
3401 2952 3738 3026 implorent,
3763 2955 3858 3012 in-

2201 3037 2537 3094 dubitanter
2559 3039 2806 3110 januam
2858 3037 3234 3112 indulgentiae
3279 3041 3512 3114 aperiri.
3545 3043 3640 3098 Sic
3690 3045 3857 3100 enim

2199 3126 2482 3198 propheta
2509 3128 2679 3183 docet
2709 3131 2768 3182 et
2797 3127 3136 3184 exhortatur
3165 3127 3392 3184 dicens:
3413 3152 3441 3180 ‹‹
3467 3129 3717 3196 Quaerite
3740 3132 3856 3190 Do-

441 3217 583 3288 quia
609 3213 912 3286 praescitus
941 3219 1030 3270 est
1049 3215 1224 3270 homo
1241 3215 1483 3286 peccati,
1502 3214 1890 3288 praecognitus
1911 3217 2088 3272 etiam
2120 3205 2162 3270 C
2206 3237 2234 3264 ‹‹
2266 3215 2517 3283 minum,
2538 3215 2678 3270 dum
2712 3215 2957 3272 inveniri
2990 3221 3212 3288 potest;
3235 3217 3497 3275 invocate
3517 3235 3674 3288 eum,
3702 3221 3856 3277 dum

440 3309 500 3360 et
529 3303 841 3377 prazdictus
869 3306 961 3359 est
991 3301 1146 3359 ﬁlius
1176 3303 1538 3375 perditionis.
1573 3303 1644 3359 Et
1683 3303 1876 3360 malus
1913 3310 2086 3376 atque

441 3393 661 3466 impius
677 3395 1036 3464 praeparatus
1046 3392 1118 3446 ad
1140 3391 1296 3447 diem
1315 3390 1558 3457 malum,
1575 3395 1840 3448 servatur
1853 3391 1914 3446 in
1932 3391 2086 3448 diem

441 3479 784 3555 perditionis
814 3484 872 3536 et
899 3479 1148 3548 furoris;
1183 3481 1284 3536 sed
1316 3480 1455 3556 quia
1502 3481 1626 3553 ipse
1658 3499 1766 3537 sua
1793 3486 2000 3554 sponte
2029 3485 2088 3538 et

441 3569 634 3626 malus
662 3573 720 3624 et
747 3568 966 3641 impius
997 3567 1222 3624 existet.
1258 3568 1516 3625 Ducebat
1558 3574 1616 3625 et
1653 3569 1950 3642 [Egyptios
1999 3571 2086 3626 di-

439 3657 557 3714 vini
579 3656 790 3730 judicii
820 3657 1139 3714 necessitas
1170 3657 1243 3712 ad
1265 3657 1505 3712 exitium
1538 3663 1595 3714 et
1624 3658 1925 3714 interitum
1950 3677 2086 3730 prae-

440 3750 740 3820 paratum;
772 3747 874 3802 sed
907 3745 1102 3818 digna,
1140 3745 1278 3818 quia
1308 3763 1412 3818 pro
1445 3747 1845 3818 impietatibus
1863 3751 1920 3802 et
1943 3764 2084 3802 con-

438 3835 696 3893 tumacia
725 3853 927 3892 eorum
953 3837 1139 3908 justa.
1173 3835 1269 3892 Sic
1297 3840 1356 3892 et
1385 3835 1491 3905 illi,
1525 3837 1621 3909 qui
1671 3835 1829 3891 velut
1878 3853 2087 3908 pecora

438 3929 662 3982 aeternae
695 3925 868 3980 morti
901 3923 1088 3982 devoti
1107 3941 1236 3981 esse
1258 3923 1584 3992 voluerunt,
1603 3924 1896 3997 siquidem
1919 3925 2085 3997 impii

439 4013 715 4070 manibus
745 4017 804 4068 et
830 4013 1022 4068 verbis
1044 4013 1439 4070 accersierunt
1459 4013 2087 4087 illam,congregantur

441 4101 610 4172 quasi
657 4117 797 4172 grex
844 4100 1208 4172 perditionis,
1247 4106 1304 4157 et
1353 4102 1815 4170 sanctiﬁcantur,
1867 4102 1925 4158 id
1975 4107 2082 4170 est,

441 4189 873 4260 quodammodo
892 4193 1240 4260 separantur
1249 4190 1322 4244 ad
1337 4189 1491 4245 diem
1505 4189 1750 4259 malum,
1765 4195 1824 4246 et
1841 4192 1912 4247 ad
1929 4190 2084 4246 diem

439 4276 768 4333 occisionis.
804 4276 916 4332 Sed
949 4281 1006 4330 et
1035 4275 1201 4348 impii
1235 4278 1341 4332 filii
1373 4277 1591 4345 Heli,et
1619 4278 1837 4350 impius
1870 4296 1969 4334 rex
1989 4280 2086 4336 ille

438 4365 727 4433 Amasias,
761 4363 986 4436 indigni
1019 4365 1201 4420 habiti
1222 4371 1362 4421 sunt
1383 4367 1609 4437 judicio
1641 4365 1762 4435 Dei,
1777 4367 1874 4439 qui
1895 4368 2084 4424 consi-

438 4453 584 4508 lium
617 4453 828 4510 salutis
858 4470 976 4510 suae
997 4453 1382 4526 susciperent,
1396 4459 1454 4510 et
1474 4454 1628 4511 Deus
1658 4454 1788 4511 illos
1809 4455 2084 4512 occisioni

2204 3326 2226 3352 σι
2263 3319 2442 3376 prope
2473 3309 2584 3360 est.
2618 3304 2996 3376 Derelinquat
3018 3306 3239 3378 impius
3268 3306 3424 3363 viam
3449 3325 3643 3377 suam,
3677 3314 3738 3366 et
3766 3310 3860 3366 vir

2199 3413 2228 3442 ‹‹
2257 3391 2498 3464 iniquus
2529 3392 2913 3465 cogitationes
2944 3411 3106 3463 suas,
3127 3399 3184 3450 et
3212 3399 3534 3453 revertatur
3563 3399 3635 3454 ad
3658 3399 3858 3456 Domi-

2199 3503 2228 3532 ‹‹
2263 3498 2426 3551 num,
2461 3486 2516 3537 et
2547 3482 2924 3538 miserebitur
2951 3484 3100 3556 ejus,
3133 3488 3190 3540 et
3233 3485 3308 3540 ad
3338 3485 3522 3542 Deum
3551 3491 3857 3561 nostrum,

2200 3593 2228 3620 ‹‹
2259 3571 2536 3642 quoniam
2558 3570 2782 3628 multus
2802 3577 2892 3627 est
2908 3573 2979 3627 ad
2995 3573 3437 3645 ignoscendum.
3453 3596 3482 3626 ››
3505 3577 3573 3631 Et
3593 3577 3812 3634 iterum
3836 3596 3853 3634 :

2199 3681 2228 3708 «
2259 3659 2398 3724 Quis
2429 3659 2756 3716 ambulabit
2788 3661 2847 3715 in
2877 3661 3153 3730 tenebris,
3172 3667 3232 3718 et
3262 3679 3377 3719 non
3409 3669 3500 3720 est
3523 3663 3725 3721 lumen
3750 3667 3857 3723 ei?

2199 3769 2227 3797 ‹‹
2259 3751 2452 3820 speret
2481 3747 2540 3802 in
2559 3748 2793 3804 nomine
2812 3749 3064 3817 Domini,
3078 3755 3136 3806 et
3154 3749 3444 3807 innitatur
3465 3770 3643 3826 super
3659 3755 3852 3812 Deum

2199 3858 2226 3888 ‹‹
2257 3853 2498 3892 suum.»
2533 3838 2604 3892 Et
2633 3838 2758 3910 ipse
2787 3837 3075 3895 Dominus
3104 3856 3208 3911 per
3237 3857 3332 3897 se:
3367 3863 3390 3891 α
3424 3841 3852 3902 Convertimini

2197 3947 2226 3976 ‹‹
2259 3925 2330 3981 ad
2364 3942 2476 3994 me,
2491 3929 2549 3982 et
2578 3931 2882 3982 convertar
2911 3927 2982 3982 ad
3014 3919 3298 3997 vos,dicit
3315 3931 3602 3988 Dominus
3621 3934 3852 3990 exerci-

2200 4037 2222 4064 ι
2255 4019 2488 4069 tuum.»
2523 4015 2592 4070 Et
2622 4015 2734 4070 alio
2765 4015 2918 4071 loco:
2955 4039 2984 4067 ‹‹
3017 4017 3538 4086 Revertimini,ﬁlii
3559 4025 3855 4078 reverten-

2198 4125 2226 4154 «
2257 4108 2368 4172 tes,
2399 4108 2456 4159 et
2486 4103 2707 4158 sanabo
2739 4105 3070 4160 eversiones
3100 4111 3364 4162 vestras:
3398 4129 3426 4160 η
3462 4109 3533 4164 Et
3581 4109 3799 4167 iterum
3833 4129 3849 4168 :

2198 4213 2226 4244 ‹‹
2258 4192 2533 4264 Impietas
2565 4192 2732 4264 impii
2763 4209 2878 4249 non
2910 4193 3144 4251 nocebit
3171 4196 3245 4262 ei,
3278 4197 3338 4252 in
3371 4213 3722 4270 quacunque
3753 4199 3854 4258 die

2199 4303 2226 4331 α
2259 4297 2574 4337 conversus
2606 4282 2781 4338 fuerit
2811 4283 2882 4338 ab
2906 4283 3204 4355 impietate
3234 4301 3406 4340 sua.»
3441 4287 3560 4342 Ista
3589 4291 3680 4343 est
3699 4289 3857 4346 ﬁdes

2195 4373 2252 4424 et
2280 4369 2466 4440 pietas
2497 4369 2764 4425 Ecclesia
2799 4387 2811 4425 :
2849 4371 2988 4442 quia
3017 4371 3318 4429 diabolum
3357 4373 3518 4430 novit
3563 4375 3624 4430 in
3673 4377 3857 4436 malis

2196 4458 2322 4513 suis
2339 4459 2466 4514 sine
2489 4457 2835 4529 poenitentia
2846 4476 3325 4532 permansurum,
3339 4479 3446 4519 nec
3461 4463 3642 4520 ullam
3659 4465 3858 4521 indul-

439 4548 498 4634 et
527 4542 839 4634 perditioni
871 4541 1360 4634 praeparavit.Sed
1374 4543 1537 4634 juste
1555 4542 1757 4615 utique
1786 4545 1858 4600 ob
1880 4545 2088 4601 merita
2120 4569 2166 4634 Ι)
2197 4546 2458 4619 gentiam
2487 4551 2866 4619 accepturum
2900 4565 2913 4602 :
2949 4555 3008 4606 et
3037 4549 3377 4608 hominibus
3406 4553 3479 4608 ad
3511 4553 3696 4610 Deum
3719 4571 3874 4612 con-.

441 4631 834 4702 impietatem,
854 4648 980 4702 quae
999 4632 1068 4688 de
1085 4631 1201 4687 illis
1233 4632 1396 4703 prius
1417 4631 1718 4703 Scriptura
1739 4649 2089 4689 commemo-

442 4722 551 4784 rat,
585 4723 644 4773 et
671 4720 944 4775 excaecari
973 4724 1032 4775 et
1068 4719 1306 4776 interire
1353 4724 1713 4777 meruerunt.
1768 4722 1864 4777 Ait
1909 4723 2087 4778 etiam

441 4805 776 4879 Scriptura:
816 4829 837 4855 ι
871 4807 942 4862 Et
971 4807 1071 4880 qui
1101 4805 1530 4882 transgreditur
1558 4826 1592 4864 a
1613 4809 1848 4881 justitla
1868 4811 1940 4866 ad
1962 4827 2090 4883 pec-

445 4918 472 4946 ‹‹
503 4899 723 4963 catum,
758 4895 912 4951 Deus
939 4897 1282 4969 praeparavit
1309 4896 1478 4952 illum
1519 4897 1592 4953 ad
1643 4898 2022 4970 romphzeam.
2055 4923 2083 4952 ››

442 4984 672 5041 Paravit
699 5001 836 5057 ergo
865 4989 923 5041 et
951 4985 1362 5058 prmordinavit
1390 4985 1722 5043 istiusmodi
1755 4993 2087 5062 transgres-

441 5091 633 5130 sorem
664 5073 736 5129 ad
765 5073 1147 5146 romphmam,
1180 5073 1234 5128 id
1269 5079 1378 5140 est,
1412 5075 1483 5129 ad
1516 5079 1764 5131 mortem
1795 5081 1852 5132 et
1882 5077 2086 5134 interi-

443 5167 570 5218 tum
596 5181 609 5230 ;
646 5163 746 5219 sed
773 5165 952 5236 juste,
985 5163 1124 5235 quia
1157 5164 1280 5236 ipse
1311 5161 1465 5218 ultro
1501 5168 1907 5236 transgressus
1935 5171 2024 5222 est
2055 5185 2088 5224 a

435 5249 670 5320 justitia
697 5253 770 5306 ad
801 5257 1126 5324 peccatum.
1159 5253 1338 5308 Juxta
1364 5251 1521 5307 hunc
1553 5251 1734 5323 igitur
1753 5253 1959 5310 divinae
1991 5274 2089 5312 au-

443 5336 731 5393 ctoritatis
742 5357 978 5396 sensum
989 5385 1002 5410 ,
1017 5342 1388 5414 omnipotens
1399 5340 1554 5395 Deus
1567 5341 1730 5412 justo
1743 5342 1967 5414 judicio
1981 5362 2086 5402 suo

445 5424 822 5493 praedestinat
850 5446 1050 5499 pugnas
1073 5431 1264 5498 malis,
1281 5429 1657 5502 praedestinat
1679 5431 1864 5487 malos
1877 5434 2084 5504 poenis,

406 5561 410 5564 .
444 5511 677 5568 nullum
726 5517 924 5571 tamen
972 5519 1349 5588 prmdcstinat
1379 5523 1444 5574 ut
1472 5519 1520 5574 si
1555 5517 1768 5587 malus,
1803 5521 1941 5592 quia
1972 5540 2086 5578 non

443 5600 759 5669 malorum,
793 5605 894 5660 sed
923 5605 1210 5663 bonorum
1242 5613 1444 5666 auctor
1472 5612 1562 5666 est
1591 5609 1874 5678 bonus,et
1904 5610 2086 5668 malo-

2196 4635 2380 4692 versis
2411 4634 2888 4708 per'inelt‘abilem
2909 4639 3038 4709 ejus
3057 4639 3402 4708 bonitatem,
3416 4644 3474 4697 et
3493 4641 3856 4714 pmnitentize

2197 4724 2520 4780 remedium
2570 4724 2832 4793 concedi,
2865 4729 2924 4782 et
2965 4725 3178 4784 salutis
3226 4727 3454 4786 aditum
3499 4747 3614 4786 non
3647 4735 3856 4806 negari

2197 4813 2330 4882 Oro,
2363 4813 2506 4884 quid
2537 4813 2644 4869 tibi
2676 4813 2936 4886 peccavit
2964 4815 3294 4872 humanum
3324 4834 3539 4891 genus;
3565 4819 3708 4892 quid
3741 4821 3856 4878 tibi

2196 4901 2456 4974 peccavit
2482 4901 2778 4959 Ecclesia?
2797 4903 2938 4976 quid
2969 4904 3030 4960 in
3057 4904 3188 4977 ipsa
3215 4906 3475 4964 Ecclesia
3495 4912 3582 4965 tot
3618 4909 3856 4980 proxim

2196 4994 2253 5045 et
2284 4989 2498 5046 fratres
2529 4992 2638 5060 tui,
2663 4995 2730 5048 ut
2759 4992 2844 5048 eis
2887 4997 3010 5048 tam
3059 5010 3360 5068 magnam,
3393 5001 3516 5052 tam
3547 5000 3852 5069 patentem

2187 5081 2437 5152 januam
2469 5079 2700 5152 pietatis
2729 5081 2832 5137 Dei
2859 5082 3162 5140 obstruere
3193 5087 3252 5140 et
3283 5085 3554 5142 abserare
3592 5088 3852 5144 coneris.

2197 5167 2338 5234 Quis
2353 5185 2611 5240 unquam
2635 5169 2825 5227 fidelis
2847 5171 3282 5230 ecclesiasticus
3296 5173 3381 5230 vir
3392 5173 3474 5231 ita
3487 5175 3851 5249 praedicavit,

2199 5261 2264 5312 ut
2293 5257 2414 5312 haec
2443 5261 2562 5313 tam
2594 5263 2812 5316 attente
2841 5264 2900 5316 et
2927 5260 3218 5319 obstinate
3247 5263 3532 5320 incultare
3553 5267 3611 5320 et
3625 5266 3854 5322 conﬁr-

2198 5362 2360 5400 maro
2391 5363 2506 5402 non
2539 5349 2854 5405 erubescas
2875 5349 2903 5404 ?
2930 5349 3076 5406 Vere
3107 5367 3222 5407 non
3254 5357 3345 5408 est
3374 5352 3728 5421 Christiana,
3743 5355 3854 5411 sed

2198 5451 2444 5506 pagana,
2479 5435 2597 5490 imo
2628 5437 2916 5495 diabolica
2944 5439 3059 5496 ista
3087 5439 3306 5497 duritia
3336 5457 3349 5496 :
3385 5459 3562 5514 quam
3608 5443 3659 5498 si
3698 5443 3856 5502 bene

2198 5523 2452 5595 cogitare
2483 5528 2541 5580 et
2570 5541 2918 5598 cognoscere
2947 5545 3172 5600 posses,
3192 5530 3445 5602 perfecto
3467 5531 3735 5604 signares
3750 5549 3861 5591 cor

2197 5615 2389 5681 tuum,
2405 5617 2463 5669 et
2484 5631 2727 5670 manum
2745 5618 2908 5673 tuam
2931 5635 3178 5690 poneres
3196 5636 3373 5692 super
3387 5637 3454 5678 os
3465 5624 3655 5678 tuum.
3682 5625 3856 5696 Legi-1
