4094 6186
256 338 324 400 93
1755 326 2182 391 emerem.
3586 336 3666 401 94

269 490 392 533 mus
412 472 667 548 quidem
686 472 747 529 in
772 474 1081 547 Evangelio
1102 474 1340 532 beatum
1356 476 1642 533 Joannem
1656 475 1906 547 Evange-
1937 460 1995 528 Α
2026 471 2145 528 listi
2177 476 2437 549 quidem,
2468 474 2627 533 velut
2656 476 2725 531 ad
2765 474 3150 533 muniendum
3184 488 3426 532 sensum
3474 478 3667 542 tuum,

269 565 458 622 listam
481 566 559 620 de
579 565 803 621 Iudaeis
820 564 1035 620 dixisse
1058 582 1070 619 :
1098 587 1125 615 «ι
1150 566 1460 638 Propterea
1497 584 1609 622 non
1652 570 1921 639 poterant

271 679 294 706 κ
322 656 584 725 credere,
618 654 761 727 quia
797 654 944 709 dixit
973 654 1154 711 Isaias
1187 671 1200 709 :
1235 655 1553 712 Exczecavit
1592 656 1791 712 oculos
1823 673 1917 712 eo-

269 768 293 796 «
320 762 456 800 rum
488 748 550 799 et
582 742 879 799 induravit
907 761 1007 799 cor
1030 760 1256 800 eorum.
1291 767 1319 795 »
1355 746 1467 801 Sed
1507 746 1662 801 sicut
1712 746 1919 801 beatus

263 833 633 908 Augustinus
662 832 721 888 in
745 833 1234 906 quinquagesimo
1265 835 1530 906 ejusdem
1553 835 1919 907 evangelista:

264 928 520 980 tractatu
544 923 796 979 fideliter
824 928 883 979 et
902 923 1184 979 catholice
1205 924 1469 997 exponitll
1495 942 1508 980 :
1539 949 1559 974 α
1579 924 1674 981 Sic
1696 925 1920 980 dictum

265 1018 402 1080 est,-
423 1030 542 1069 non
560 1017 884 1085 poterant,»
911 1012 1009 1068 ubi
1032 1013 1476 1085 intelligendum
1500 1015 1753 1087 estquod
1769 1013 1921 1069 nole-

265 1102 940 1175 bant,quemadmodum
964 1104 1187 1159 dictum
1210 1108 1301 1159 est
1320 1105 1389 1159 de
1410 1105 1656 1160 Domino
1678 1105 1793 1160 Deo
1818 1121 1919 1158 no-

266 1198 407 1262 stro,
433 1214 463 1241 ιι
487 1192 549 1247 Si
574 1209 690 1247 non
714 1191 1031 1263 credimus,
1048 1191 1145 1247 ille
1169 1192 1356 1249 fidelis
1380 1197 1923 1265 permanet,negare

268 1306 294 1331 κ
315 1280 585 1352 seipsum
608 1297 722 1335 non
748 1284 960 1352 potest.
985 1304 1011 1329 »
1036 1281 1117 1336 De
1148 1281 1546 1353 omnipotente
1566 1282 1787 1336 dictum
1810 1284 1918 1347 est,

268 1388 434 1425 «non
463 1372 677 1441 potest.
706 1391 727 1417 ιο
758 1369 924 1424 Sicut
943 1386 1078 1441 ergo
1097 1370 1253 1441 quod
1274 1370 1559 1425 Dominus
1585 1386 1796 1441 negare
1827 1387 1921 1425 se-

262 1463 463 1533 ipsum
478 1477 597 1515 non
613 1459 964 1532 potest,laus
976 1460 1394 1516 estvoluntatis
1411 1460 1617 1516 divinae
1639 1477 1653 1515 :
1672 1460 1753 1515 ita
1766 1460 1922 1532 quod

258 1551 343 1605 illi
368 1568 489 1605 non
515 1552 787 1621 poterant
806 1550 1062 1621 credere,
1083 1550 1255 1622 culpa
1276 1554 1366 1605 est
1382 1549 1699 1606 voluntatis
1720 1549 1924 1604 huma-

260 1658 407 1695 nae.»
423 1638 555 1694 Non
571 1637 710 1710 quia
722 1637 934 1694 mutari
949 1638 1218 1695 homines
1230 1638 1287 1694 in
1301 1638 1511 1695 melius
1526 1656 1639 1694 non
1654 1641 1921 1712 possunt,

258 1726 361 1782 sed
396 1724 671 1798 quamdiu
704 1726 959 1798 superba
988 1725 1373 1797 sapiunt,non
1398 1730 1647 1799 possunt
1669 1727 1920 1781 credere.

2028 568 2368 625 testimonia
2418 568 2491 623 dc
2548 568 2887 640 Scripturis,
2938 568 3039 623 sed
3100 567 3572 642 incongruenter,
3615 570 3674 623 et

2031 677 2145 714 non
2172 675 2238 715 eo
2270 676 2445 713 sensu
2478 675 2593 729 quo
2624 659 2699 713 ibi
2736 656 2924 730 posita
2953 661 3111 713 sunt.
3145 656 3317 713 Velut
3344 661 3435 712 est
3474 655 3619 712 illud
3656 671 3670 712 :

2033 772 2060 799 ‹‹
2092 750 2210 819 Ego
2242 765 2473 821 quoque
2504 748 2561 803 in
2593 747 2830 804 interitu
2863 750 3055 804 vestro
3090 746 3289 802 ridebo
3319 751 3377 802 et
3422 746 3673 802 subsan-

2033 861 2060 887 ‹‹
2093 839 2263 893 nabo.
2289 861 2317 888 »
2341 840 2410 893 Et
2438 837 2606 907 illud,
2630 838 2784 910 quod
2818 855 2933 892 non
2964 838 3034 892 de
3064 834 3321 908 generali
3353 836 3676 909 perditione

2028 927 2368 999 impiorum,
2392 933 2457 982 ut
2482 933 2543 983 tu
2578 927 2967 999 posuisti,sed
3001 927 3231 999 proprie
3259 927 3331 981 de
3360 925 3599 981 miseria
3617 929 3676 981 et

2029 1017 2364 1073 calamitate
2396 1018 2715 1072 infidelium
2748 1018 3086 1073 Judaeorum
3118 1016 3177 1071 in
3226 1015 3674 1071 Deuteronomio

2030 1108 2245 1163 dicitur
2276 1124 2290 1162 :
2330 1131 2355 1157 ‹‹
2379 1108 2449 1161 Et
2478 1108 2633 1162 sicut
2660 1108 2888 1161 laetatus
2919 1109 3008 1161 est
3039 1104 3322 1160 Dominus
3354 1121 3530 1175 super
3549 1120 3673 1173 vos,

2033 1219 2061 1246 «
2095 1196 2462 1252 benefaciens
2482 1196 2888 1265 vobis,vosque
2910 1192 3339 1264 multiplicans;
3365 1192 3679 1247 siclaetabi-

2034 1309 2062 1336 ‹‹
2093 1290 2191 1341 tur
2210 1286 2555 1357 disperdcns
2574 1302 2677 1340 vos
2698 1289 2873 1355 atque
2894 1283 3259 1338 subvertens.
3285 1304 3312 1330 ι)
3337 1282 3447 1336 Sed
3471 1280 3678 1351 grandi

2030 1379 2088 1430 et
2119 1375 2214 1446 pia
2245 1374 2710 1429 consideratione
2740 1372 2985 1441 indiget,
3007 1374 3072 1425 ut
3091 1369 3575 1441 qualitercumque
3591 1384 3682 1422 co-

1987 1529 1997 1537 .
2032 1464 2248 1535 gitetur
2269 1465 2422 1519 risus
2444 1467 2501 1518 et
2532 1461 2914 1518 subsannatio
2945 1459 3045 1515 Dei
3079 1459 3139 1514 in
3164 1459 3403 1514 interitu
3426 1458 3679 1530 perdito-

2033 1558 2259 1619 rum,et
2288 1552 2488 1607 laetitia
2519 1551 2637 1607 sive
2665 1549 2997 1613 exsultatio,
3032 1566 3147 1604 non
3177 1547 3368 1603 solum
3401 1548 3457 1601 in
3492 1547 3680 1619 profe-

2034 1647 2128 1697 ctu
2162 1642 2592 1711 rectorum,sed
2629 1641 2805 1695 etiam
2838 1638 2897 1693 in
2928 1638 3305 1694 subversione
3346 1652 3681 1709 pravorum,

2033 1732 2156 1803 qui,
2175 1736 2240 1787 ut
2270 1748 2449 1802 supra
2468 1735 2769 1785 ostensum
2789 1732 2898 1798 est,
2917 1728 2975 1782 in
3001 1725 3223 1782 nullius
3249 1729 3454 1792 morte,
3476 1725 3533 1779 in
3559 1724 3685 1780 nul-

261 1814 381 1870 Hoc
413 1814 490 1869 de
520 1813 769 1884 Judaeis,
784 1813 885 1886 qui
911 1815 1176 1869 excmcati
1210 1819 1267 1870 et
1296 1816 1555 1871 indurati
1588 1820 1747 1885 sunt,
1770 1815 1924 1870 Deus
1957 1829 2006 1895 Β
2033 1821 2150 1876 lius
2182 1819 2509 1892 perditione
2540 1818 2786 1885 laetatur,
2812 1832 2917 1870 nec
2949 1814 3205 1886 aliquem
3237 1814 3423 1885 perire
3451 1813 3595 1870 velle
3620 1830 3682 1869 se

262 1902 585 1976 praescivit,
599 1905 777 1975 atque
805 1901 866 1957 in
893 1903 1023 1974 ejus
1053 1903 1263 1977 spiritu
1296 1904 1580 1977 propheta
1613 1904 1777 1959 dixit.
1797 1904 1937 1975 Non,
2026 1907 2369 1982 jurat,quia
2398 1905 2619 1961 nullius
2651 1904 2953 1960 interitum
2983 1902 3144 1958 velut
3166 1901 3443 1957 inimicus
3462 1905 3684 1957 creatu-

261 2009 402 2064 ergo
428 1994 710 2064 poterant
739 1991 994 2063 credere,
1000 1993 1171 2064 juxta
1200 2009 1441 2049 sensum
1463 1992 1787 2048 fidelissimi
1822 1994 1924 2049 do-

263 2080 470 2151 cteris,
490 2080 636 2152 quia
666 2079 819 2136 hanc
848 2096 1050 2136 eorum
1083 2082 1341 2138 futuram
1364 2081 1921 2154 impossibilitatem,

263 2171 321 2225 id
353 2174 471 2241 est,
486 2169 810 2241 superbam
843 2169 1224 2242 impietatem,
1244 2187 1347 2242 per
1367 2188 1545 2243 quam
1568 2171 1799 2226 Domini
1822 2170 1924 2225 hu-

264 2258 588 2314 militatem
620 2263 1127 2331 contempserunt,
1141 2263 1198 2314 et
1228 2259 1383 2317 Deus
1410 2276 1540 2315 vere
1572 2259 1853 2331 prmvidit,
1872 2264 1929 2315 et

264 2365 371 2421 per
395 2348 501 2404 Dei
537 2347 827 2420 Spiritum
855 2348 1139 2421 propheta
1181 2365 1313 2406 vere
1360 2349 1645 2422 praedixit.
1677 2349 1926 2405 Clauda-

266 2454 404 2493 mus
422 2437 631 2508 itaque
643 2453 817 2493 aures
829 2437 1107 2492 adversus
1119 2438 1271 2493 hanc
1284 2438 1608 2494 inauditam
1623 2437 1925 2508 duritiam,

267 2530 329 2581 et
375 2526 561 2581 verba
612 2524 1110 2598 praecipitationis,
1145 2530 1202 2582 et
1247 2527 1563 2583 audiamus
1622 2527 1926 2598 praefatum

263 2615 572 2670 doctorem
605 2613 856 2669 dulciter
883 2620 1241 2687 orantem,et
1262 2615 1510 2672 dulciter
1529 2616 1927 2688 disputantem

269 2705 561 2759 adversus
579 2702 837 2775 profana:
861 2703 1222 2777 inaniloquia
1235 2704 1531 2760 vanitatis.
1560 2728 1587 2755 ‹‹
1609 2705 1925 2771 Quosdam,

272 2792 491 2865 inquit,
508 2791 700 2847 nimia
718 2809 837 2847 suae
856 2791 1171 2848 voluntatis
1190 2792 1405 2849 fiducia
1425 2792 1629 2849 extulit
1652 2794 1709 2848 in
1733 2809 1931 2864 super-

273 2882 535 2951 biam,et
563 2881 853 2953 quosdam
886 2881 1079 2937 nimia:
1113 2899 1232 2938 suae
1260 2882 1578 2938 voluntatis
1598 2880 1930 2937 diffidentia

2036 2016 2109 2054 ra:
2143 2016 2262 2053 suae
2293 1996 2605 2064 desiderat,
2638 1994 2737 2048 sed
2770 1994 2828 2047 in
2861 1993 2947 2048 eis
2978 1992 3075 2064 qui
3119 1995 3382 2063 pereunt,
3413 1995 3683 2045 tantum-

2035 2088 2208 2142 modo
2232 2087 2406 2140 finem
2430 2083 2668 2139 malitiae
2690 2086 2747 2137 et
2766 2081 3031 2136 ordinem
3051 2097 3117 2135 ac
3139 2078 3580 2135 retributionem
3592 2080 3687 2150 ju-

2037 2175 2208 2231 stitize
2239 2173 2449 2244 diligit.
2470 2172 2564 2227 Sic
2585 2173 2782 2243 itaque
2812 2169 2872 2224 in
2897 2168 3138 2224 interitu
3156 2168 3471 2240 impiorum
3496 2171 3554 2222 et
3574 2167 3685 2222 ini-

2036 2280 2285 2336 quorum
2320 2262 2531 2317 ridebit
2559 2265 2616 2315 et
2646 2246 3056 2323 subsannabit,
3091 2273 3226 2313 cum
3256 2273 3458 2312 eorum
3481 2272 3684 2327 super-

2036 2354 2194 2409 biam
2227 2356 2284 2407 et
2333 2353 2740 2420 contemptum
2790 2347 2968 2417 digna
3016 2344 3320 2419 punitione
3365 2346 3685 2401 bumilians

2037 2446 2212 2512 atque
2244 2441 2661 2507 condemnans,
2697 2453 2927 2492 omnem
2962 2439 3240 2491 creatura:
3279 2434 3596 2490 vanitatem
3630 2438 3689 2490 et

2036 2528 2349 2584 elationem
2380 2528 2660 2582 adversus
2684 2527 3009 2581 Creatorem
3043 2523 3315 2579 irrisione
3347 2528 3404 2579 et
3433 2524 3684 2579 subsan-

2037 2619 2271 2673 natione
2295 2618 2533 2688 dignam
2556 2631 2683 2670 esse
2707 2613 3074 2669 monstrabit.
3091 2613 3255 2669 Unde
3288 2616 3345 2667 et
3376 2612 3573 2668 divina
3587 2629 3683 2667 ea-

2038 2709 2169 2762 dem
2202 2707 2378 2762 verba
2407 2704 2598 2776 posita
2627 2707 2790 2769 sunt,
2815 2707 2880 2757 ut
2911 2718 3026 2756 non
3078 2701 3314 2767 diceret,
3338 2702 3408 2756 de
3448 2700 3688 2756 interitu

2036 2800 2226 2850 vestro
2257 2812 2270 2848 :
2307 2793 2530 2849 scilicet
2559 2809 2673 2847 non
2702 2807 2803 2863 pro
2836 2789 2955 2860 illo,
2981 2790 3081 2845 sed
3113 2790 3171 2843 in
3206 2789 3332 2856 illo;
3358 2789 3417 2844 id
3447 2792 3554 2854 est,
3570 2805 3687 2843 non

2038 2901 2141 2956 pro
2172 2884 2288 2938 illis
2314 2882 2412 2954 qui
2445 2899 2551 2936 sua
2583 2879 2755 2951 culpa
2778 2879 3097 2950 perierunt,
3115 2879 3214 2932 sed
3239 2878 3380 2948 quia
3399 2876 3458 2931 in
3480 2894 3687 2933 eorum

270 2968 567 3040 dejecitin
593 2967 1930 3043 negligentiam.lllidicunt:thuidrogamus
2029 2974 2193 3043 justa
2243 2969 2680 3043 perditione,-in
2731 2965 3227 3037 contemplatione
3276 2965 3581 3020 rationalis
3630 2969 3689 3021 et

274 3059 459 3114 Deum
490 3075 565 3113 ne
597 3056 903 3113 vincamus
933 3059 1272 3130 tentatione,
1306 3060 1459 3132 quod
1492 3059 1553 3114 in
1602 3063 1805 3114 nostra
1840 3062 1931 3113 est

277 3146 607 3219 potestate?
635 3146 735 3201 Isti
765 3145 968 3202 dicunt
1001 3164 1013 3202 :
1052 3147 1122 3203 Ut
1150 3148 1290 3220 quid
1324 3165 1607 3203 conamur
1652 3148 1798 3203 bene
1843 3148 1927 3201 vi-

2038 3062 2217 3117 beatze
2244 3062 2542 3128 creatum,
2577 3058 2707 3112 laus
2738 3058 3029 3111 accrescet
3059 3058 3116 3108 et
3144 3052 3329 3125 gloria
3377 3053 3685 3121 Creatoris,

2040 3149 2332 3206 exultante
2364 3147 2522 3203 omni
2554 3145 2736 3201 electa
2784 3147 3071 3209 creatura,
3104 3160 3221 3198 non
3271 3143 3332 3197 in
3379 3143 3687 3200 tormentis

275 3199 612 3307 q—uod
983 3199 1683 3307 potestatedD-Dworhn—inel
1702 3199 1931 3293 o‘l’ater
1959 3199 2004 3265 α
2677 3233 2950 3304 mquitate
2980 3235 3035 3286 et
3060 3199 3305 3285 veritate
3327 3229 3689 3301 judiciorum

275 3324 373 3397 qui
404 3342 469 3379 es
502 3325 564 3379 in
600 3322 793 3379 caelis!
828 3341 901 3379 ne
933 3341 1038 3381 nos
1067 3324 1283 3381 inferas
1316 3327 1373 3381 in
1424 3325 1748 3399 quamlibet
1798 3326 1934 3380 ista-

276 3431 403 3468 rum
435 3411 859 3485 tentationum,
875 3414 975 3468 sed
1008 3412 1191 3469 libera
1221 3432 1328 3491 nos
1358 3432 1392 3470 a
1411 3414 1586 3471 malo.
1609 3413 1933 3470 Audiamus

276 3502 599 3558 Dominum
629 3500 920 3558 dicentem
946 3518 959 3556 :
990 3524 1018 3551 ‹‹
1041 3502 1255 3575 Rogavi
1288 3521 1390 3575 pro
1419 3507 1495 3573 te,
1520 3504 1703 3574 Petre,
1722 3507 1788 3557 ut
1816 3519 1933 3558 non

277 3614 305 3640 α
338 3590 578 3647 deficiat
609 3590 758 3646 fides
790 3595 930 3646 tua:
966 3609 1038 3647 ne
1069 3592 1153 3648 sic
1185 3593 1590 3647 existimemus
1622 3593 1798 3648 tinem
1830 3609 1932 3647 no-

276 3686 459 3736 stram
491 3697 629 3736 esse
658 3679 720 3734 in
752 3679 935 3736 libero
967 3680 1231 3751 arbitrio,
1266 3685 1329 3736 ut
1359 3680 1554 3736 divino
1604 3697 1719 3736 non
1768 3684 1936 3753 egeat

276 3769 598 3841 adjutorio.
630 3768 963 3824 Audiamus
1021 3773 1078 3824 et
1128 3769 1545 3841 evangelistam
1598 3770 1930 3824 dicentem:

281 3880 308 3906 α
339 3858 512 3914 Dedit
542 3857 633 3913 eis
664 3860 1013 3928 potestatem
1047 3857 1198 3914 filios
1228 3858 1327 3913 Dei
1353 3859 1476 3914 fieri
1501 3875 1513 3913 :
1544 3881 1571 3908 «
1593 3874 1665 3912 ne
1695 3857 1933 3913 omnino

276 3946 719 4004 extistimemus
738 3945 799 4001 in
822 3950 1023 4003 nostra
1042 3952 1324 4020 potestate
1348 3964 1462 4003 non
1483 3964 1611 4003 esse
1632 3947 1785 4019 quod
1817 3963 1937 4002 cre-

281 4035 498 4093 dimus.
521 4035 951 4091 Verumtamen
982 4036 1040 4091 in
1073 4041 1324 4109 utroque
1351 4036 1511 4091 illius
1544 4036 1824 4091 beneficia
1846 4052 1936 4089 co-

283 4141 665 4198 gnoscamus.
701 4124 847 4179 Nam
876 4129 933 4180 et
961 4126 1197 4198 agenda:
1229 4130 1369 4180 sunt
1399 4124 1777 4198 gratiae,quia
1798 4124 1937 4179 data

285 4218 374 4268 est
393 4218 677 4286 potestas,
693 4217 752 4269 et
769 4215 1058 4270 orandum
1081 4232 1153 4271 ne
1172 4215 1520 4271 succumbat
1546 4215 1878 4270 infirmitas.
1908 4237 1928 4262 ιο

354 4302 522 4359 Sexto
553 4302 686 4358 loco
715 4301 990 4358 similiter
1010 4304 1279 4359 detestati
1315 4320 1524 4359 sumus
1543 4304 1699 4375 quod
1724 4303 1931 4373 Deum,

285 4394 343 4444 et
368 4395 604 4446 sanctos
636 4390 866 4461 ejus,in
906 4389 1232 4462 perditione
1278 4407 1502 4461 eorum,
1527 4407 1675 4463 quos
1709 4394 1933 4445 aeternae

287 4478 649 4534 damnationi
674 4478 1119 4551 prazdestinatos
1140 4478 1374 4535 assidue
1405 4479 1637 4551 repetis,
1668 4479 1815 4533 dicis
1846 4494 1934 4533 cx-

2044 3323 2575 3389 divinorum.Quod
2607 3321 2783 3377 etiam
2817 3320 2875 3375 in
2908 3319 3174 3393 praesenti
3227 3318 3439 3375 saeculo
3470 3318 3691 3375 anima-

2043 3417 2155 3471 bus
2177 3417 2515 3470 sanctorum
2538 3409 2895 3475 conceditur,
2913 3407 3142 3465 dicente
3174 3407 3518 3463 Psalmista:
3543 3430 3563 3456 ι
3583 3408 3689 3462 Ex-

2050 3527 2070 3553 ι
2097 3503 2473 3558 sultaverunt
2504 3499 2633 3553 filia:
2664 3498 2827 3553 Judze
2877 3501 3113 3568 propter
3151 3495 3379 3566 judicia
3424 3500 3547 3561 tua,
3578 3495 3689 3550 Do-

2047 3616 2074 3643 ‹‹
2110 3593 2284 3647 mine.
2306 3613 2326 3638 »
2355 3590 2477 3644 Non
2502 3604 2637 3659 ergo
2655 3590 2891 3659 propter
2911 3584 3294 3656 perditionem
3312 3585 3689 3656 cujusquam,

2044 3682 2146 3736 sed
2179 3683 2411 3753 propter
2443 3677 2648 3731 divina:
2679 3674 2972 3745 aequitatis
3008 3673 3325 3743 justitiam.
3352 3673 3470 3727 Hoc
3511 3689 3689 3727 sensu

2045 3769 2225 3840 accipi
2258 3771 2450 3840 potest
2477 3770 2534 3820 et
2563 3764 2704 3818 illud
2734 3779 2745 3815 :
2775 3785 2801 3812 (ι
2825 3761 3354 3830 Lzetabiturjustus
3376 3777 3510 3815 cum
3531 3760 3690 3815 vide-

2048 3883 2074 3910 ‹‹
2107 3859 2183 3913 rit
2202 3856 2539 3911 vindictam.
2562 3875 2589 3901 ››
2611 3853 2682 3907 Et
2700 3850 2845 3904 illud
2878 3850 2936 3903 in
2959 3847 3267 3904 Salomone
3291 3864 3304 3901 :
3335 3868 3362 3895 ‹‹
3384 3847 3453 3901 Et
3470 3847 3531 3900 in
3554 3863 3688 3917 per-

2046 3970 2074 3997 ‹‹
2106 3946 2322 4001 ditione
2353 3942 2665 4013 impiorum
2699 3938 2810 3994 erit
2840 3936 3119 3992 laudatio.
3151 3958 3180 3985 »
3216 3936 3471 3990 Lzetatur
3491 3938 3688 3990 autem

2043 4034 2413 4104 omnipotens
2440 4031 2617 4096 Deus,
2649 4026 2736 4082 vel
2783 4024 3155 4081 benefaciens
3180 4022 3487 4095 justis,vel
3534 4021 3693 4078 mala

2044 4122 2374 4178 retribuens
2396 4117 2607 4191 pravis.
2622 4117 2747 4171 Non
2767 4114 2923 4186 quod
2950 4113 3075 4185 ipse
3088 4113 3313 4167 diversa
3328 4111 3691 4166 affectatione

2045 4214 2306 4267 mutetur
2326 4212 2499 4281 atque
2519 4206 2795 4270 varietur,
2812 4204 2982 4274 cujus
3004 4200 3439 4275 gaudere,sicut
3458 4204 3517 4256 et
3539 4216 3693 4266 esse,

2043 4304 2325 4355 zeternum
2357 4301 2533 4368 atque
2556 4291 3037 4348 incommutabile
3058 4295 3167 4357 est,
3183 4291 3338 4361 apud
3370 4306 3548 4360 quem
3575 4305 3690 4344 non

2044 4393 2133 4445 est
2188 4384 2621 4448 transmutatio,
2655 4399 2759 4437 nec
2817 4379 3245 4435 vicissitudinis
3297 4376 3688 4433 obumbratio.

2045 4477 2155 4534 Sed
2189 4478 2343 4532 sicut
2371 4473 2628 4545 Spiritus
2678 4469 2867 4525 Patris
2905 4468 3121 4522 dicitur
3152 4466 3307 4536 loqui
3343 4466 3401 4520 in
3433 4466 3517 4520 eis
3545 4481 3692 4535 quos

288 4566 604 4623 sultaturos
620 4571 678 4622 et
693 4566 1049 4640 gravisuros,
1064 4579 1198 4623 cam
1217 4584 1247 4623 e
1263 4567 1550 4624 contrario
1571 4566 1937 4639 apertissime
1967 4570 2016 4634 D
2044 4567 2351 4638 loquentes
2383 4562 2539 4628 facit,
2556 4577 2703 4631 quos
2734 4558 2806 4612 ad
2842 4554 3267 4612 tcstificationis
3288 4553 3548 4609 veritatis
3570 4552 3692 4607 ins-

290 4656 589 4729 Scriptura
616 4656 778 4712 dicat
817 4673 830 4711 :
869 4678 897 4706 «
918 4657 1073 4714 Deus
1105 4662 1353 4713 mortem
1376 4674 1491 4713 non
1523 4657 1818 4725 fecit,nec,
1846 4655 1938 4711 la:-

295 4767 322 4793 σι
352 4746 582 4800 taturin
606 4744 934 4816 perditione
954 4746 1278 4803 vivorum.»
1313 4747 1382 4802 Et
1412 4745 1523 4801 alio
1554 4745 1678 4801 loco
1704 4761 1717 4799 :
1747 4768 1767 4793 ιι
1794 4745 1934 4800 Vivo

297 4854 325 4877 ε
353 4833 631 4905 ego,dicit
651 4834 941 4889 Dominus
972 4835 1126 4890 Deus
1155 4834 1294 4907 quia
1322 4834 1455 4891 nolo
1477 4838 1723 4890 mortem
1746 4832 1934 4905 impii,

299 4941 326 4966 ιι
357 4922 450 4976 sed
483 4927 549 4977 ut
576 4925 953 4979 convertatur
980 4929 1039 4979 et
1069 4923 1239 4979 vivat.
1276 4946 1304 4973 ι»
1337 4925 1408 4979 Et
1447 4924 1659 4979 iterum
1686 4940 1698 4977 :
1729 4945 1749 4971 ι
1775 4924 1934 4977 Nun-

305 5029 330 5056 ε
358 5010 491 5080 quid
522 5009 848 5067 voluntatis
881 5029 1021 5068 mea:
1051 5017 1142 5068 est
1168 5029 1326 5068 mors
1357 5012 1544 5085 impii,
1568 5012 1711 5067 dicit
1739 5010 1933 5066 Domi-

308 5117 333 5144 α
362 5114 465 5154 nus
492 5099 667 5168 Deus,
698 5105 757 5157 et
780 5118 896 5156 non
929 5102 1120 5174 magis
1153 5106 1216 5157 ut
1243 5106 1615 5158 convertatur
1643 5118 1677 5156 a
1715 5102 1806 5156 via
1832 5118 1941 5156 sua

307 5208 333 5233 ει
363 5188 523 5257 mala,
543 5194 602 5246 et
633 5190 830 5246 vivat?
859 5214 889 5241 »
923 5192 1223 5257 Quomodo
1251 5208 1387 5264 ergo
1421 5190 1648 5247 laetatur
1669 5190 1728 5245 in
1752 5194 1937 5245 morte

302 5278 359 5329 et
384 5276 437 5331 in
468 5278 845 5335 damnatione
863 5279 1052 5352 impii,
1075 5298 1209 5337 cum
1242 5281 1365 5354 ipse
1377 5281 1541 5352 jurat
1562 5296 1675 5335 non
1699 5296 1827 5335 esse
1847 5296 1941 5334 vo-

304 5362 532 5424 luntatis
560 5386 683 5425 sua:
704 5369 734 5423 ?
754 5373 862 5425 aut
892 5370 1187 5441 quomodo
1217 5370 1434 5443 gaudet
1463 5368 1535 5425 ad
1569 5368 1801 5423 ruinam
1838 5385 1939 5423 cu-

293 5453 700 5532 jusquam,qui
734 5461 803 5513 ut
822 5458 1046 5515 nullius
1068 5459 1330 5531 bono,ita
1350 5459 1526 5514 etiam
1550 5456 1771 5513 nullius
1787 5456 1941 5513 malo

298 5542 518 5620 indiget,
554 5552 618 5604 ut
648 5547 827 5621 quasi
862 5547 1153 5619 potentior
1184 5547 1272 5604 vel
1306 5547 1528 5604 beatior
1575 5546 1714 5602 fiat?
1746 5545 1944 5602 Protu-

353 5645 372 5671 ³
399 5638 586 5696 Tract.
621 5639 698 5694 53
727 5636 794 5692 in
824 5635 995 5693 Joan.

2044 4656 2190 4712 truit
2216 4659 2274 4709 et
2298 4652 2611 4708 informat:
2641 4647 2741 4720 qui
2772 4646 2947 4702 etiam
2989 4642 3283 4717 postulare
3316 4659 3417 4714 pro
3451 4641 3693 4710 sanctis,

2044 4750 2102 4801 et
2129 4759 2361 4817 gemere
2389 4757 2454 4795 ac
2488 4738 2818 4794 desiderare
2849 4734 3082 4801 dicitur,
3107 4732 3248 4804 quia
3285 4731 3369 4786 eis
3419 4747 3566 4803 quos
3607 4748 3692 4785 re-

2044 4831 2284 4907 pleverit
2312 4829 2584 4884 allectum
2617 4822 2950 4897 postulandi
2981 4826 3040 4877 et
3069 4820 3338 4893 gemendi
3371 4824 3428 4874 et
3467 4818 3691 4907 deside-

2045 4903 2211 4978 randi
2248 4916 2511 4988 inspirat.
2539 4915 2623 4969 Ita
2644 4918 2701 4968 et
2730 4912 2853 4984 ipse
2882 4911 3112 4965 lzetatur
3142 4909 3198 4964 in
3234 4907 3454 4964 sanctis
3484 4905 3542 4959 in
3570 4903 3695 4975 qui-

2046 5010 2157 5065 bus
2188 5005 2450 5061 habitare
2480 5001 2774 5073 dignatur,
2802 5000 2944 5071 quia
2975 5016 3072 5054 eos
3094 4993 3478 5069 proculdubio
3498 4991 3692 5046 laetan-

2048 5102 2135 5154 tes
2156 5096 2312 5161 facit,
2329 5092 2449 5147 sive
2479 5090 2537 5145 in
2558 5089 2728 5145 donis
2751 5088 2952 5160 gratia:
2975 5104 3102 5157 qua;
3139 5084 3385 5155 largitur
3416 5079 3548 5152 piis,
3574 5079 3694 5136 sive

2050 5187 2107 5242 in
2127 5183 2334 5257 judicii
2368 5184 2425 5237 et
2455 5178 2851 5251 aequitatibus,
2878 5176 3091 5247 quibus
3123 5171 3333 5242 impios
3362 5169 3551 5241 punit.
3572 5168 3694 5257 Pro

2050 5256 2266 5348 quibus
2295 5271 2402 5327 etsi
2433 5270 2692 5324 humano
2715 5266 2945 5330 alfectu,
2963 5261 3114 5318 sicut
3133 5257 3448 5330 Apostolus
3468 5256 3696 5348 dicitde

2050 5345 2454 5432 se,tamquam
2483 5356 2753 5412 homines
2784 5350 3227 5415 contristantur,
3258 5352 3455 5403 tamen
3500 5345 3694 5402 divino

2050 5452 2271 5525 Spiritu
2303 5451 2536 5520 regente
2566 5448 2739 5514 atque
2772 5438 3333 5508 illustrantes,justa
3355 5435 3698 5507 Deijudicia

2051 5542 2291 5598 laudare
2326 5542 2382 5593 et
2412 5532 2736 5607 glorificare
2768 5545 2881 5583 non
2913 5531 3165 5583 cessant.
3190 5527 3337 5584 Cum
3369 5525 3547 5598 igitur
3575 5528 3695 5580 tam
