4120 6184
459 336 540 408 es
1635 325 2082 405 'AMULoNIs
2123 334 2372 408 EPISC.
2417 345 2652 410 LUGD.
3773 339 3862 408 se

452 486 750 558 lmagnaet
772 482 1141 542 inelfabilfter
1161 483 1364 557 majori
1387 481 1706 552 cautela,ut
1725 481 2096 554 aliquatenus
2119 477 2182 544 Ἀ
2210 463 2781 550 Ecelesize,restituas
2797 485 2859 538 'te
2879 481 3220 538 obedientiae
3233 473 3463 538 Domini
3487 479 3859 536 sacerdotum

449 572 708 646 intelligi
742 575 988 647 possint,
1023 575 1219 630 divina
1245 574 1420 628 verba
1449 572 1770 646 indigeant,
1788 589 1901 628 non
1937 571 2102 628 facile

460 679 495 718 a
517 677 819 735 quoquam
846 665 1188 735 proferenda
1208 667 1348 718 sunt
1362 663 1518 718 velut
1537 679 1640 736 pro
1664 679 1748 730 se,
1764 679 1836 716 ne
1857 661 2098 716 forsitan

453 751 606 808 bene
635 757 884 808 tractata
913 753 1286 808 inveniantur
1313 756 1518 808 contra
1545 768 1626 807 se.

531 842 790 914 Septimo
818 841 962 908 loco,
997 843 1112 896 duo
1146 859 1386 914 prorsus
1433 841 1630 913 gravia
1681 839 1837 896 male
1885 843 1942 896 in
1983 841 2100 895 tuis

457 931 626 987 nobis
650 931 911 988 moribus
931 932 1255 1002 plurimum
1269 931 1712 1002 displicuerunt.
1729 930 1920 986 Unum
1944 931 2097 1002 quod

457 1023 790 1077 sacerdotes
810 1021 934 1090 Dei,
952 1026 1010 1075 et
1041 1025 1291 1076 rectores
1313 1021 1726 1088 Ecclesiarum,
1743 1019 1920 1075 tantis
1944 1019 2095 1089 inju-

454 1110 561 1166 riis
591 1115 650 1165 et
672 1109 956 1164 conviciis
986 1113 1042 1164 et
1087 1109 1414 1166 maledictis
1445 1110 1858 1177 laccras,tanto
1895 1109 2102 1181 despc-

459 1203 558 1254 ctu
591 1197 650 1253 et
680 1197 1051 1253 contumacia
1081 1197 1409 1265 conculcas,
1435 1198 1636 1270 utique
1656 1198 1864 1268 spiritu
1889 1197 2102 1252 erroris

458 1291 516 1342 et
541 1286 824 1358 superbiae
844 1285 1255 1342 miserabiliter
1281 1288 1660 1358 deceptus,ut
1689 1287 1929 1341 omnino
1956 1285 2100 1340 nihil

449 1375 803 1432 Christiania
843 1375 1153 1446 patientia),
1189 1375 1336 1430 nihil
1381 1374 1722 1431 Christianae
1771 1373 2100 1430 reverentia:

453 1464 674 1520 habere
695 1463 938 1520 videris.
972 1463 1116 1521 Nam
1150 1465 1302 1519 inter
1331 1468 1552 1530 caetera,
1572 1480 1775 1519 omnes
1813 1463 1912 1534 qui
1946 1463 2100 1518 insa-

452 1553 564 1610 nizs
591 1569 881 1622 sensuum
905 1556 1146 1608 tuorum
1170 1552 1290 1608 zelo
1315 1553 1454 1608 ﬁdei
1485 1553 1787 1619 resistunt,
1803 1551 2103 1608 haereticos

443 1640 748 1714 appellare
777 1657 894 1696 non
925 1641 1166 1706 metuis,
1187 1658 1404 1714 eosque
1421 1659 1456 1696 a
1476 1641 1627 1696 bono
1647 1644 1707 1696 et
1730 1640 1958 1696 erudito
1981 1640 2102 1696 viro

453 1734 628 1802 atque
681 1728 970 1786 catholico
1019 1729 1294 1802 episcopo
1347 1729 1716 1785 Rhabanieos
1763 1717 2106 1800 nuncupare

2210 577 2268 629 et
2297 577 2531 645 patrum
2561 577 2820 644 tuorum,
2853 571 3129 628 restituas
3171 576 3228 628 te
3277 572 3545 626 fraternae
3591 568 3860 625 omnium

2211 663 2509 718 charitari.
2544 662 2618 717 Ut
2670 663 2766 734 qui
2819 663 2992 718 modo
3037 663 3200 732 jaces
3251 665 3530 732 tanquam
3579 673 3683 714 vas
3729 674 3859 729 per-

2210 751 2421 819 ditum,
2451 756 2798 823 cooperante
2853 751 2954 806 Dei
3012 747 3220 823 gratia,
3254 747 3528 816 efﬂgiaris
3575 748 3632 802 in
3685 747 3859 803 domo

2208 841 2337 910 ejus
2395 857 2496 895 vas
2552 839 2712 904 utile,
2749 827 3053 895 ad'omne
3105 854 3253 910 opus
3300 837 3519 892 bonum
3563 839 3857 907 paratum.

2209 931 2325 985 Nec
2355 931 2626 985 terrearis
2665 929 3149 998 consideratione,
3179 925 3269 981 vel
3319 927 3532 981 erroris
3563 941 3736 998 quem
3768 925 3858 980 in-

2209 1018 2567 1086 curristi,vel
2601 1018 2951 1090 injuriarum
2983 1034 3131 1088 quas
3162 1015 3221 1070 in
3255 1014 3355 1071 Dei
3397 1015 3726 1070 sacerdotes
3779 1014 3862 1068 in-

2209 1107 2420 1176 tulisti,
2483 1126 2554 1164 ne
2609 1125 2676 1164 ex
2736 1108 2843 1162 hoc
2901 1107 3057 1162 velut
3129 1104 3530 1177 implacabiles
3593 1103 3856 1176 patiaris.

2210 1197 2426 1252 Omnes
2456 1197 2900 1269 deprecabimur
2939 1213 3040 1268 pro
3072 1199 3146 1262 te,
3178 1198 3236 1249 ct
3269 1194 3378 1266 ipsi
3425 1192 3580 1249 ultro
3625 1197 3862 1265 propter

2210 1301 2468 1342 amorem
2519 1284 2731 1340 Christi
2784 1283 3201 1340 obliviscantur
3249 1299 3331 1350 se,
3367 1286 3653 1354 eruntque
3701 1281 3860 1353 apud

2207 1391 2415 1432 omnes
2445 1380 2500 1431 et
2522 1374 2812 1447 prmterita
2831 1377 3023 1430 errata
3052 1373 3108 1427 in
3131 1371 3506 1439 oblivionem,
3523 1375 3582 1426 et
3603 1386 3862 1443 praasens

2211 1463 2608 1519 conversionis
2639 1468 2750 1518 tuae
2782 1463 3002 1517 bonum
3035 1461 3094 1516 in
3125 1459 3408 1534 gaudium
3441 1463 3499 1516 et
3545 1457 3862 1515 exultatio-

2213 1568 2368 1608 nem.
2405 1552 2656 1607 Tantum
2691 1569 2762 1608 ne
2795 1550 3047 1618 dubites,
3081 1565 3187 1606 nec
3221 1549 3550 1616 remorcris,
3585 1547 3686 1602 sed
3727 1551 3869 1602 erue

2213 1645 2269 1696 te
2296 1641 2464 1713 quasi
2494 1640 2733 1698 damula
2763 1641 2834 1696 de
2866 1657 3066 1706 manu,
3087 1643 3144 1694 et
3174 1637 3341 1711 quasi
3374 1635 3496 1692 avi
3525 1637 3596 1692 de
3627 1635 3864 1691 insidiis

2211 1729 2478 1802 aucupis,
2516 1747 2586 1786 ne
2631 1730 2692 1785 in
2740 1729 2841 1785 tali
2891 1728 3268 1784 damnatione
3317 1725 3622 1798 repentina
3672 1726 3868 1780 morte

449 1817 781 1890 praesumis.
817 1818 932 1873 Nec
957 1817 1137 1872 times
1169 1817 1545 1890 Denm,quod
1567 1817 1626 1872 in
1649 1817 1796 1872 tales
1825 1821 1884 1872 et
1909 1821 2104 1874 tantos
2132 1845 2180 1910 Β
2213 1823 2562 1890 praeventus,
2578 1817 2843 1874 Ecclesiae
2874 1817 3067 1880 matri,
3101 1816 3195 1871 cui
3229 1832 3384 1871 nunc
3416 1829 3723 1870 mmrorem
3773 1811 3866 1866 fa-

451 1906 667 1962 diaboli
692 1906 956 1978 laqueos,
973 1917 1076 1977 per
1096 1923 1312 1962 vanam
1329 1906 1780 1962 ins’tabili'tatem
1805 1907 2020 1962 menti
2041 1911 2102 1962 et

445 1995 729 2067 corporis,
753 1999 812 2050 et
839 1995 1136 2050 vaniorem
1178 1995 1581 2052 curiusitate‘m
1615 1999 1789 2068 atque
1819 2011 2100 2068 arrogan-

441 2084 594 2140 tiam
619 2083 903 2140 incidisti.
923 2084 1039 2140 Nec
1065 2084 1384 2152 erubescis,
1411 2085 1564 2156 quod
1597 2084 1657 2139 in
1688 2087 1775 2139 tot
1803 2082 2101 2140 erroribus

443 2177 511 2228 aet
540 2172 863 2229 mendaciis
896 2173 970 2228 ab
1009 2173 1282 2228 omnibus
1312 2172 1530 2245 ubique
1560 2173 2014 2244 deprehenderis
2043 2176 2101 2228 et

439 2260 795 2318 'confutaris.
815 2261 934 2317 Nec
957 2261 1138 2333 doles,
1153 2263 1311 2334 quod
1345 2277 1475 2318 ecce
1492 2265 1582 2317 tot
1613 2259 1782 2317 annis
1807 2279 1840 2318 a
1861 2278 2099 2333 corpore

447 2349 720 2406 Ecclesia:
735 2349 912 2422 justaa
941 2350 1268 2407 severitatis
1293 2350 1680 2406 damnatione
1702 2350 2002 2421 praecisus,
2019 2353 2100 2404 at-

451 2456 567 2512 que
597 2439 754 2495 omni
787 2440 1075 2496 bonorum
1107 2439 1488 2496 contubernio
1520 2455 1586 2494 ac
1617 2438 1824 2494 solatio
1865 2438 2095 2494 defrau-

443 2529 644 2596 datus,
678 2527 1011 2585 remansisti
1061 2529 1220 2586 velut
1263 2527 1442 2600 stirps
1492 2527 1738 2599 inutilis,
1769 2531 1826 2584 et
1871 2525 2096 2599 palmes

443 2617 654 2674 aridus
684 2617 806 2690 igni
837 2617 1188 2674 destinatus.
1213 2618 1324 2672 Sed
1356 2617 1548 2672 adhuc
1579 2617 1821 2689 insuper
1839 2633 1905 2672 os
1925 2621 2094 2670 tuum

451 2705 934 2762 maledictione'et
955 2705 1347 2762 amaritudine
1367 2703 1608 2778 plenum
1637 2709 1726 2761 est
1751 2721 1762 2758 :
1788 2709 1846 2760 ct
1865 2721 2096 2760 conver—

450 2811 554 2850 sus
586 2795 646 2850 in
676 2811 878 2850 arcum
911 2811 1176 2867 pravum,
1207 2809 1324 2849 non
1355 2811 1459 2866 pro
1502 2793 1770 2861 Domino,
1793 2798 1860 2849 ut
1899 2797 2090 2866 putas,

449 2883 552 2939 sed
573 2882 894 2940 Ecclesium
921 2886 1171 2939 matrem
1199 2885 1388 2954 tuam,
1413 2883 1462 2954 ej
1475 2899 1658 2954 usque
1689 2881 1968 2954 praesules
2000 2899 2094 2954 pa-

443 2975 569 3028 tres
597 2975 753 3039 tuos,
786 2971 1071 3044 sacrilega
1099 2971 1344 3026 audacia
1389 2974 1786 3037 contemnens,
1812 2971 2092 3026 adversus

451 3059 767 3115 Dominum
791 3058 1370 3131 jaeularis.Alterum
1385 3076 1516 3114 vero
1541 3058 1763 3114 malum
1785 3059 1950 3114 estin
1975 3075 2090 3112 mo-

446 3147 615 3204 ribus
643 3147 786 3216 tuis,
811 3149 974 3219 quod
1023 3147 1084 3202 in
1132 3147 1407 3202 omnibus
1451 3163 1579 3218 quae
1620 3147 1770 3203 dicis
1800 3151 1857 3203 et
1885 3145 2088 3214 sentis,

450 3235 603 3292 sicut
631 3235 936 3307 Scriptura
949 3240 1056 3292 tua
1071 3235 1351 3302 declarat,
1368 3235 1598 3290 nullum
1621 3236 1880 3303 omnino,
1900 3233 2088 3290 homi-

447 3341 594 3380 num
625 3341 786 3380 more
817 3325 1126 3394 bonorum,
1158 3325 1253 3398 pie
1290 3328 1348 3380 et
1390 3324 1694 3381 humiliter
1739 3325 2091 3398 depreceris,

447 3412 672 3470 nullius
695 3417 758 3470 te
785 3413 988 3470 sensui
1017 3418 1075 3470 et
1103 3413 1435 3469 auctoritati
1467 3413 1910 3482 submittis,nec
1945 3414 2094 3470 dicis

447 3503 601 3574 quod
633 3519 789 3574 saepe
817 3502 965 3558 solet
992 3507 1052 3558 et
1097 3503 1269 3558 debet
1317 3503 1506 3574 pietas
1546 3503 1737 3559 dicere
1770 3519 1784 3557 :
1817 3504 2090 3572 Obsecro,

441 3591 597 3648 'bone
611 3589 699 3646 vir
717 3594 822 3647 aut
849 3591 1000 3648 bene
1023 3591 1220 3656 frater,
1241 3591 1291 3646 si
1321 3591 1384 3646 in
1415 3589 1510 3648 his
1533 3609 1668 3664 quas
1699 3593 1828 3649 dico
1863 3592 2092 3664 aliqua-

447 3684 622 3736 tenus
648 3697 800 3748 erro,
817 3680 964 3736 ferte
989 3680 1395 3735 inﬁrmitatem
1419 3680 1914 3745 meam,instruito
1935 3681 2095 3752 igno-

447 3769 699 3824 rantiam
717 3771 1004 3836 meam,et
1024 3767 1300 3840 probabis
1319 3768 1709 3824 obedientiam
1733 3767 2094 3838 meam,quia

441 3862 686 3930 paratus
713 3872 810 3912 ero
837 3855 1089 3912 libenter
1115 3856 1414 3928 suscipere
1443 3855 1728 3928 quidquid
1749 3855 1974 3910 Veritas
2005 3854 2091 3908 di-

445 3946 723 4018 gnabitur
747 3944 1065 4001 declarare.
1101 3945 1211 4000 Sed
1243 3944 1324 4000 ita
1350 3948 1408 4000 te
1436 3943 1635 4000 sensui
1666 3946 1766 3998 tuo
1797 3941 2005 4010 credis,
2037 3947 2096 3998 et

445 4033 505 4089 in
533 4033 666 4106 ipsa
693 4033 934 4089 veritate
963 4033 1253 4106 speculari
1281 4037 1340 4088 et
1369 4030 1751 4104 contemplari
1799 4031 2092 4106 gloriaris,

443 4126 513 4178 ut
540 4121 600 4176 in
620 4122 853 4194 scriptis
871 4123 992 4178 tuis
1009 4138 1115 4177 nec
1134 4120 1252 4178 Deo
1273 4121 1382 4193 ipsi
1402 4120 1789 4192 supplices,ut
1806 4121 1913 4202 tibi
1935 4123 2092 4193 quod

443 4210 661 4267 melius
689 4214 779 4266 est
804 4210 1038 4268 revelat.
1071 4212 1436 4282 Quapropter
1463 4209 1719 4264 multum
1763 4210 2093 4266 fraternita-

447 4305 563 4358 tem
595 4304 762 4356 tuam
792 4300 1064 4356 exhortor
1089 4298 1146 4354 et
1176 4314 1404 4365 moneo,
1424 4301 1482 4353 et
1505 4301 1748 4370 paterna
1784 4297 1998 4369 pietate
2027 4315 2094 4356 ac

445 4391 592 4446 ﬁ'ate
600 4405 705 4446 rna
720 4387 1002 4445 charitate
1017 4387 1360 4461 persuadeo,
1376 4390 1444 4442 ut
1464 4385 1768 4442 revertaris
1789 4387 1848 4442 in
1880 4391 2093 4443 temet-

444 4479 664 4550 ipsum,
697 4476 1054 4534 convert‘aris
1083 4473 1154 4531 ad
1183 4493 1286 4532 cor
1312 4479 1502 4543 tuum,
1535 4479 1596 4531 et
1613 4476 1873 4532 excutias
1895 4477 2095 4550 procul

2212 1906 2295 1962 cis
2325 1907 2654 1977 assiduum,
2685 1907 2932 1966 luctum.
2955 1907 3110 1978 quod
3143 1903 3316 1972 absit,
3339 1902 3714 1975 derelinquas
3735 1915 3864 1973 per-

2207 2001 2472 2068 petuum.
2501 1997 2688 2052 Crede
2716 1995 3121 2050 indubitanter
3167 1992 3307 2067 quia
3355 1992 3478 2048 haec
3521 2009 3594 2048 ex
3639 2007 3778 2047 vera
3803 1992 3868 2044 et

2209 2084 2437 2140 sincera
2465 2101 2604 2158 erga
2629 2089 2686 2140 te
2713 2083 2997 2140 charitate
3026 2088 3084 2138 et
3112 2082 3235 2138 solo
3267 2097 3465 2138 amore
3495 2080 3703 2138 salutis
3745 2084 3863 2134 tua:

2208 2173 2434 2246 loquor.
2469 2175 2584 2230 Nec
2609 2174 2848 2229 omnino
2877 2173 3154 2238 aastimes,
3188 2171 3345 2244 quod
3371 2171 3641 2243 quaidam
3682 2187 3864 2244 supe-

2207 2263 2350 2331 rius,
2383 2262 2542 2320 velut
2571 2262 2780 2318 durius
2799 2266 2858 2317 et
2886 2261 3181 2318 austerius
3219 2265 3566 2332 prosecutus
3593 2277 3748 2328 sum,
3781 2263 3859 2318 ad

2203 2351 2609 2408 confusionem
2665 2351 2755 2408 vel
2803 2351 3355 2407 condemnationem
3403 2353 3568 2405 tuam
3607 2349 3859 2422 prolata.

2201 2440 2318 2496 Sed
2350 2441 2494 2496 scito
2525 2439 2852 2496 certissime
2873 2439 3012 2512 quia
3032 2441 3104 2495 ad
3137 2439 3246 2494 hoc
3269 2442 3501 2494 tantum
3518 2437 3673 2494 dicta
3693 2443 3859 2508 sunt,

2205 2533 2270 2584 ut
2298 2547 2366 2586 ea
2397 2547 2592 2586 coram
2613 2529 2800 2586 oculis
2821 2545 3098 2602 ponerem
3116 2532 3400 2600 tanquam
3421 2527 3482 2582 in
3509 2527 3744 2599 speculo
3764 2545 3860 2584 ve-

2203 2616 2413 2674 raciter
2441 2617 2837 2690 diiudicanda,
2870 2622 2930 2674 et
2959 2618 3273 2688 adjuvante
3304 2615 3406 2672 Dei
3437 2615 3859 2688 gratia,quan-

2197 2705 2391 2762 tocius
2423 2711 2478 2763 et
2509 2707 2810 2763 studiosus
2839 2707 3224 2764 emendanda.
3259 2705 3584 2778 Siquidem,
3606 2709 3676 2761 ut
3705 2707 3856 2762 bene

2201 2796 2328 2867 ipse
2355 2796 2534 2866 nosti,
2559 2795 2800 2852 meliora
2829 2801 2970 2852 sunt
2997 2794 3242 2850 vulnera
3277 2793 3450 2850 amici
3483 2811 3661 2867 quam
3691 2796 3856 2850 frau-

2202 2884 2444 2940 dulenta
2467 2885 2670 2941 oscula
2697 2885 2940 2940 inimici.
2971 2885 3056 2940 Ad
3087 2889 3432 2953 extremum,
3459 2882 3707 2939 breviter
3733 2887 3855 2940 tua:

2200 2973 2410 3029 intimo
2433 2974 2733 3042 charitati,‘
2741 2979 2974 3048 gestum
3003 2990 3133 3030 esse
3152 2973 3310 3028 intra
3330 2969 3854 3045 Gallias,tempon'-

2203 3063 2313 3118 bus
2337 3080 2484 3135 pene
2512 3063 2666 3120 beati
2697 3080 2858 3136 papa:
2884 3063 3253 3129 Leonis,sive
3271 3060 3854 3134 Agapiti,concilium

2201 3151 2531 3209 venerabile
2577 3157 2634 3208 et
2677 3151 2942 3208 Ecclesia:
2983 3151 3082 3208 Dei
3113 3150 3278 3206 valde
3311 3149 3474 3221 utile,
3509 3168 3542 3205 a
3582 3149 3856 3222 pluribus

2202 3240 2743 3312 episcopis,quibus
2776 3241 3009 3312 praefuit
3039 3238 3397 3295 admirandas
3431 3239 3863 3307 sanctitatis,et

2199 3327 2484 3382 virtutum
2508 3344 2574 3382 ac
2587 3327 3026 3394 miraculorum,
3036 3325 3540 3383 beatusCaasarius
3553 3325 3854 3384 Arelaten-

2201 3415 2285 3470 sis
2317 3417 2629 3488 cpiscopus
2654 3433 2668 3470 :
2694 3417 2796 3472 ubi
2826 3416 3136 3490 diligenter
3155 3417 3226 3472 de
3241 3416 3435 3490 gratia
3463 3416 3563 3472 Dei
3587 3420 3645 3472 et
3665 3416 3860 3474 libero

2203 3503 2460 3560 hominis
2489 3504 2753 3571 arbitrio,
2775 3505 2848 3560 de
2872 3505 3238 3577 praescientia
3257 3508 3316 3560 et
3339 3504 3865 3576 praedestinatione

2199 3593 2400 3650 divina
2429 3597 2660 3649 constat
2684 3610 2817 3650 esse
2849 3593 3178 3662 definitum,
3209 3593 3467 3666 qualiter
3504 3585 3863 3650 moderatis-

2195 3681 2354 3737 sima
2383 3682 2607 3738 ratione
2635 3682 3031 3753 sentiendum,
3062 3683 3382 3738 tenendum
3415 3685 3473 3738 et
3519 3682 3860 3738 docendum

2202 3770 2300 3825 sit.
2335 3770 2496 3826 Unde
2543 3771 2666 3826 ham
2724 3772 2795 3827 ad
2855 3772 3310 3828 commotionem
3365 3771 3689 3842 prudentia:
3736 3773 3861 3828 hia:

2203 3858 2562 3932 paucissima
2601 3861 2778 3916 verba
2824 3861 3126 3931 subnecte,
3160 3859 3376 3933 quibus
3416 3859 3628 3916 aiunt:
3665 3881 3688 3910 α
3731 3857 3864 3918 Hoc

2201 3947 2378 4004 etiam
2408 3949 2736 4004 secundum
2767 3949 2943 4005 fidem
2973 3948 3322 4006 catholicam
3353 3948 3671 4017 credimus,
3692 3950 3860 4021 quod

2203 4039 2336 4110 post
2367 4041 2662 4109 acceptam
2693 4037 2972 4110 baptismi
3001 4039 3271 4112 gratiam,
3299 4053 3505 4094 omnes
3543 4037 3858 4111 baptizati,

2203 4126 2433 4183 Christo
2465 4126 2780 4182 auxiliante
2809 4130 2868 4182 et
2895 4131 3268 4200 cooperante,
3299 4143 3427 4198 quae
3470 4127 3548 4182 ad
3597 4125 3860 4183 salutem

2204 4216 2413 4272 animae
2445 4215 2757 4289 pertinent,
2781 4215 3010 4288 possint
3037 4219 3094 4272 et
3120 4215 3388 4284 debeant,
3413 4215 3462 4272 si
3494 4215 3747 4272 ﬁdeliter
3767 4215 3863 4273 la-

2205 4304 2412 4360 borare
2440 4303 2749 4372 voluerint,
2773 4303 3116 4378 adimplere.
3149 4303 3393 4377 Aliquos
3435 4321 3572 4361 vero
3619 4305 3692 4360 ad
3723 4321 3864 4361 ma-

2205 4393 2330 4449 lum
2359 4393 2555 4450 divina
2583 4397 2872 4466 potestate
2902 4393 3348 4466 praedestinatos
3367 4408 3486 4448 non
3514 4392 3708 4449 solum
3730 4409 3865 4450 non

2205 4481 2521 4550 credimus,
2537 4483 2637 4538 sed
2659 4483 2923 4548 etiam,si
2953 4483 3074 4538 sint
3093 4481 3194 4555 qui
3215 4487 3445 4540 tantum
3468 4481 3870 4542 malicredere

445 4583 481 4624 α
509 4572 565 4624 te
585 4567 768 4624 istum
799 4581 1055 4622 errorem
1084 4580 1324 4632 vanum,
1358 4569 1418 4620 et
1459 4564 1716 4620 laborem
1767 4565 2093 4623 infructuo-
2127 4577 2173 4642 Ι)
2201 4572 2402 4640 velint,
2435 4589 2572 4628 cum
2612 4571 2771 4627 omni
2805 4571 3186 4629 detestatione
3215 4571 3333 4628 illis
3363 4572 3676 4628 anathema
3705 4569 3866 4629 dici-

445 4671 580 4712 sum
610 4671 678 4710 ac
709 4652 1124 4728 perniciosum,
1150 4653 1542 4725 restituasque
1569 4658 1628 4709 te
1657 4660 1872 4711 sancta:
1923 4661 2098 4718 matri

2209 4679 2358 4718 mus.
2397 4685 2424 4712 ἱ)
