4094 6186
210 329 277 392 αι
1006 322 1107 391 DE
1148 322 1693 391 PR/ESCIENTIA
1734 323 1865 390 DEI
1908 330 2008 392 ET
2052 328 2841 419 PILEDESTINATIONE.
3537 344 3623 408 98

901 720 914 733 ,
1470 616 2373 725 ΑΜυιοπιε

1068 834 2181 994 OPUSCULA
2348 842 2771 995 DUO

1466 1072 1833 1136 EJUSDEM
1868 1074 2359 1148 ARGUMENTI,

734 1207 1062 1269 Amulenis
1092 1208 1167 1267 ad
1204 1207 1684 1269 Gothescalcum
1728 1206 2010 1285 epistolae
2052 1207 2355 1286 adjuncta
2386 1208 2448 1268 in
2480 1209 2693 1270 codice
2723 1211 3093 1272 Trevirensi.

1298 1445 2014 1539 OPUSCULUM
2080 1448 2549 1539 PRIMUM

303 1602 605 1676 Responsio
635 1618 709 1657 an
741 1602 1220 1672 interrogationem
1249 1600 1538 1673 cujusdam
1567 1599 1632 1657 de
1660 1599 2020 1656 Pra’scienlia
2048 1598 2135 1655 vel
2161 1601 2642 1658 Przrdestinationc
2666 1603 2876 1672 divina,
2908 1610 2960 1659 et
2985 1603 3051 1659 de
3081 1604 3221 1662 libro
3249 1605 3507 1662 Arbitrio.

1812 1732 2025 1744 ᾑ-

270 1808 667 1880 Omnipotens
697 1807 885 1883 Deus,
907 1807 1047 1880 quia
1082 1806 1383 1863 verissime
1412 1824 1581 1862 verus
1612 1808 1669 1862 et
1699 1803 1861 1860 solus
1891 1806 1945 1871 Α
1977 1827 2004 1855 ‹‹
2036 1806 2210 1861 homo
2240 1806 2355 1862 ille.
2383 1829 2412 1857 ››
2446 1807 2541 1861 Sic
2571 1812 2627 1862 et
2655 1807 2725 1862 de
2776 1807 2976 1880 impiis
3010 1808 3251 1878 Judzeis,
3276 1813 3622 1882 prmseicbat

210 1898 354 1953 Deus
386 1900 500 1963 est,
536 1896 780 1951 omnino
817 1895 877 1949 in
909 1913 1016 1951 sua
1044 1900 1260 1951 aeterna
1297 1899 1357 1950 et
1392 1892 1859 1950 incommutabili

209 1986 453 2043 scientia
489 1983 786 2056 praescivit
839 1985 1037 2039 omnia
1084 1988 1399 2055 antequam
1450 1983 1677 2051 tierent,
1707 1982 1863 2038 sicut

208 2074 511 2146 Scriptura
538 2074 812 2140 testatur,
844 2072 1042 2127 dicens
1067 2088 1079 2125 :
1100 2093 1127 2122 ‹‹
1156 2072 1309 2128 Deus
1340 2076 1586 2139 aeternis,
1611 2071 1709 2143 qui
1734 2071 1863 2127 abs-

210 2186 234 2214 α
262 2163 643 2220 conditorum
661 2178 725 2216 es
741 2162 1024 2233 cognitor,
1038 2162 1137 2233 qui
1160 2163 1314 2217 nosti
1332 2162 1530 2217 omnia
1546 2164 1859 2231 antequam

210 2274 232 2299 τι
262 2254 432 2307 fiant.
459 2274 489 2301 η
524 2250 821 2306 Praescivit
847 2267 984 2322 ergo
1034 2249 1161 2304 sine
1210 2250 1409 2317 dubio,
1443 2255 1501 2305 et
1548 2238 1858 2321 bona-qua:

208 2342 335 2399 boni
368 2344 546 2395 erant
574 2339 809 2409 facturi,
832 2344 891 2393 et
924 2338 1079 2394 mala
1106 2356 1232 2410 quae
1261 2338 1398 2393 mali
1418 2342 1587 2393 erant
1612 2338 1857 2411 gesturi.

206 2430 310 2485 Sed
338 2430 399 2485 in
422 2428 600 2484 bonis
626 2428 751 2500 ipse
770 2428 909 2483 fecit
936 2444 1045 2483 sua
1075 2428 1269 2500 gratia
1288 2432 1352 2483 ut
1374 2428 1511 2483 boni
1535 2432 1733 2484 essent
1756 2444 1768 2481 :
1800 2427 1859 2482 in

208 2519 376 2576 malis
408 2535 571 2585 vero,
607 2534 724 2573 non
756 2516 880 2589 ipse
912 2516 1045 2571 fecit
1074 2522 1141 2571 ut
1167 2521 1365 2573 essent
1395 2516 1554 2585 mali,
1580 2517 1734 2588 quod
1766 2517 1863 2571 ab-

206 2610 295 2677 sit,
322 2609 430 2664 sed
461 2612 701 2662 tantum
729 2605 1017 2678 pNDSCiVlt
1045 2622 1144 2661 eos
1173 2606 1406 2678 proprio
1424 2606 1562 2661 vitio
1592 2605 1738 2661 tales
1769 2607 1857 2660 l'u-

208 2702 389 2755 turos.
414 2697 621 2768 Neque
642 2695 799 2750 enim
832 2695 1195 2767 praescientia
1220 2694 1321 2750 Dci
1347 2694 1629 2766 imposuit
1654 2695 1739 2750 eis
1769 2710 1862 2749 ne-

205 2786 568 2852 cessitatem,
594 2789 661 2839 ut
687 2782 847 2839 aliud
877 2800 1005 2839 esse
1046 2801 1161 2839 non
1204 2788 1461 2855 possent,
1494 2784 1596 2839 sed
1628 2788 1859 2838 tantum

205 2877 357 2948 quod
390 2875 476 2931 illi
512 2873 696 2929 futuri
736 2878 903 2928 erant
942 2890 1013 2928 ex
1059 2873 1296 2945 propria
1322 2872 1639 2938 voluntate,
1671 2871 1765 2925 ille
1797 2876 1862 2926 ut

205 2966 354 3021 Deus
384 2963 664 3037 przevidit
689 2978 759 3017 ex
789 2979 898 3017 sua
925 2961 1310 3034 omnipotenti
1347 2963 1673 3034 majestate.
1697 2961 1859 3016 Unde

206 3056 511 3127 Scriptum
553 3050 1135 3107 incontaminabilem
1170 3050 1467 3123 justitiam
1514 3052 1643 3123 ejus
1689 3050 1858 3105 nobis

1970 1894 2096 1950 sine
2117 1895 2296 1951 dubio
2318 1912 2519 1951 eorum
2548 1895 2912 1967 impietatem
2939 1898 3219 1966 futuram,
3241 1898 3312 1955 de
3333 1916 3453 1970 qua
3478 1917 3619 1971 pra:-

1970 1983 2117 2038 dixit
2143 1983 2203 2039 in
2235 1983 2502 2040 Psalmo:
2532 2006 2559 2035 ι(
2583 1985 2881 2041 Dederunt
2909 1986 2968 2040 in
2992 2002 3187 2042 escam
3219 2004 3409 2044 meam
3441 1987 3539 2056 fel,
3559 1993 3623 2045 et

1972 2094 1999 2122 α
2030 2072 2090 2127 in
2121 2073 2216 2128 siti
2251 2090 2382 2128 mea
2411 2078 2755 2145 potaverunt
2786 2090 2879 2129 me
2923 2079 3104 2130 aceto.
3129 2097 3157 2125 ››
3194 2075 3539 2132 Prwscicbat
3562 2082 3619 2134 et

1955 2162 2426 2241 subsequentem
2450 2162 2713 2234 ipsorum
2736 2163 3276 2233 damnationem,de
3296 2181 3416 2236 qua
3437 2165 3497 2222 in
3529 2183 3619 2222 eo-

1969 2249 2101 2303 dem
2136 2248 2364 2304 Psalmo
2396 2251 2704 2321 subjunxit
2730 2267 2742 2305 :
2768 2274 2794 2300 «ι
2818 2250 3131 2307 Deleantur
3151 2252 3225 2306 de
3254 2251 3620 2310 libroviven-

1973 2357 2000 2385 ‹‹
2032 2338 2199 2405 tium,
2230 2343 2289 2393 et
2320 2355 2453 2393 cum
2476 2339 2659 2409 justis
2691 2356 2805 2394 non
2839 2339 3239 2396 scribantur.»
3265 2341 3376 2396 Sed
3410 2342 3466 2395 in
3500 2341 3613 2410 his,

1969 2426 2113 2480 etin
2144 2427 2418 2481 omnibus
2463 2426 2705 2499 iniquis,
2738 2426 2883 2482 illud
2937 2427 3104 2499 prius
3148 2445 3218 2483 ex
3264 2430 3501 2501 propria
3529 2433 3623 2485 est

1970 2513 2270 2586 pravitate,
2305 2515 2461 2570 istud
2516 2532 2771 2587 sequens
2817 2532 2887 2570 ex
2936 2515 3131 2571 divina
3173 2517 3466 2588 aequitate.
3502 2520 3616 2574 lloe

1970 2604 2143 2657 modo
2164 2604 2310 2659 etde
2332 2603 2839 2675 prmdestinationc
2858 2603 2960 2658 Dei
2981 2604 3220 2660 omnino
3242 2606 3615 2663 sentiendum

1969 2698 2058 2746 est
2087 2693 2226 2763 quia
2255 2692 2312 2747 in
2364 2692 2533 2747 bonis
2582 2692 3034 2764 praedestinavit,
3066 2697 3124 2747 et
3172 2692 3361 2765 ipsam
3412 2711 3614 2751 eorum

1970 2781 2288 2836 bonitatem
2322 2782 2583 2836 futuram
2613 2800 2681 2837 ex
2713 2782 2865 2836 dono
2894 2781 3093 2853 gratim
3125 2800 3265 2850 suae,
3297 2787 3367 2837 et.
3385 2800 3489 2854 pro
3518 2800 3613 2839 ea-

1968 2868 2099 2923 dem
2136 2869 2392 2924 bonitate
2428 2875 2706 2924 {sternam
2749 2870 3012 2941 ipsorum
3057 2867 3611 2939 remunerationem,

1969 2961 2034 3011 ut
2054 2957 2241 3029 ipsius
2262 2957 2414 3012 dono
2438 2958 2643 3012 fierent
2664 2957 2823 3023 boni,
2838 2956 3025 3028 ipsius
3039 2957 3189 3013 dono
3211 2961 3406 3013 essent
3424 2975 3617 3014 remu.

1969 3046 2176 3101 ncrati.
2201 3045 2363 3101 Uude
2384 3045 2465 3101 ait
2481 3044 2795 3117 Apostolus
2819 3061 2833 3099 :
2860 3067 2888 3095 κ
2910 3045 3016 3110 Qui
3041 3045 3477 3116 praadestinavit
3507 3063 3613 3103 nos

206 3144 546 3209 insinuans,
578 3140 663 3198 ait
710 3141 783 3196 de
824 3139 922 3195 illo
956 3156 969 3195 :
998 3163 1025 3191 «
1057 3139 1287 3196 Nemini
1333 3139 1634 3195 mandavit
1682 3138 1860 3211 impie
1890 3171 1937 3236 B
1971 3157 1998 3184 (ί
2032 3135 2090 3190 in
2122 3135 2493 3207 adeptionem
2542 3133 2797 3189 filiorum
2851 3149 2954 3205 per
3001 3133 3174 3189 Jesus
3204 3133 3503 3191 Christum
3553 3135 3631 3189 in.

208 3256 235 3283 ει
263 3250 461 3307 agere,
485 3237 549 3287 et
577 3230 801 3286 nemini
831 3229 993 3285 dedit
1033 3230 1290 3303 spatium
1334 3228 1667 3301 peccandi.»
1696 3228 1858 3293 Quod

204 3341 333 3396 ergo
364 3320 559 3394 impie
578 3323 766 3393 agunt
796 3317 960 3390 impii
981 3322 1038 3374 et
1058 3317 1267 3390 iniqui,
1290 3322 1347 3373 et
1365 3317 1620 3390 spatium
1644 3321 1861 3389 tempo—

206 3415 281 3471 ris
306 3415 445 3469 vita:
473 3412 682 3483 hujus,
707 3410 861 3481 quod
892 3407 976 3464 eis
1006 3408 1169 3463 dedit
1206 3408 1359 3463 Deus
1388 3408 1461 3463 ad
1502 3407 1648 3462 bene
1693 3422 1862 3479 agen-

200 3503 357 3571 dum,
393 3502 516 3574 ipsi
554 3516 585 3554 e
614 3498 909 3554 contrario
948 3500 1294 3552 convertunt
1335 3497 1406 3551 ad
1456 3495 1679 3552 malum
1708 3512 1862 3552 exer-

201 3594 476 3661 cendum,
512 3600 633 3645 nOn
684 3587 809 3654 Dei,
842 3588 944 3644 sed
991 3588 1254 3659 ipsorum
1286 3592 1376 3643 est
1403 3585 1595 3658 culpa,
1627 3591 1684 3642 et
1731 3586 1858 3642 ideo

199 3687 345 3737 recte
378 3682 754 3736 damnantur
802 3676 990 3749 ipsius
1030 3675 1286 3748 justitia.
1323 3674 1613 3731 Praeseivit
1659 3680 1856 3731 autem

200 3768 346 3825 idem
368 3768 758 3840 omnipotens
778 3766 933 3821 Deus
952 3766 1129 3820 etiam
1148 3770 1421 3819 aeternam
1444 3764 1675 3819 illorum
1699 3765 1855 3819 dam-

201 3859 524 3925 nationem,
551 3856 657 3913 sed
689 3872 758 3910 ex
788 3854 996 3910 merito
1041 3854 1326 3925 ipsorum,
1359 3871 1507 3925 quos
1536 3853 1593 3907 in
1622 3854 1859 3926 propria

200 3946 423 4003 malitia
454 3948 935 4018 perseveratnms
978 3940 1261 4014 praevidit,
1286 3959 1400 3998 non
1442 3957 1509 3996 ex
1540 3960 1667 4010 sua,
1701 3942 1855 4013 quod

201 4034 364 4103 absit,
395 4034 745 4106 iniquitate,
766 4031 867 4103 qui
901 4029 1045 4085 nihil
1076 4031 1294 4101 injuste
1324 4030 1643 4099 constituit,
1668 4036 1725 4086 et
1755 4031 1855 4103 qui

204 4124 391 4179 reddit
425 4123 755 4193 unicuique
798 4119 1123 4175 secundum
1175 4135 1350 4191 opera
1395 4137 1521 4187 tua,
1554 4118 1610 4175 id
1660 4126 1766 4189 est,
1799 4126 1856 4175 et

202 4210 340 4268 bene
362 4211 687 4286 agentibus
705 4210 859 4265 bona
872 4213 1106 4276 aeterna,
1124 4212 1181 4263 et
1201 4207 1354 4263 male
1373 4208 1682 4279 agentibus
1702 4208 1857 4265 mala

200 4305 503 4373 perpetua.
526 4300 680 4372 Ergo
706 4299 890 4353 bonos
922 4296 1210 4370 praescivit
1229 4296 1488 4364 omnino,
1505 4302 1563 4352 et
1588 4314 1691 4369 per
1718 4314 1854 4369 gra-

199 4387 329 4445 tiam
361 4407 546 4447 suam
580 4390 768 4445 bonos
798 4387 1049 4454 futuros,
1081 4389 1138 4440 et
1174 4402 1276 4456 per
1306 4385 1572 4440 eamdem
1603 4386 1853 4457 gratiam

198 4477 690 4551 eternaprzemia
738 4480 1098 4546 accepturos,
1134 4474 1191 4528 id
1223 4478 1332 4541 est,
1365 4478 1425 4529 et
1470 4472 1529 4528 in
1585 4475 1853 4546 praesenti

196 4567 403 4622 Baculo
437 4539 594 4622 bene
623 4564 904 4631 victuros,
927 4568 987 4618 et
1014 4562 1073 4617 in
1098 4563 1294 4618 futuro
1325 4560 1567 4618 feliciter
1596 4580 1858 4619 remune-
1886 4539 1931 4606 Ο

196 4656 428 4715 randos.
450 4655 787 4726 Utrumque
812 4658 1007 4708 tamen
1030 4668 1098 4707 ex
1118 4652 1270 4707 dono
1293 4650 1705 4708 misericordia:
1729 4653 1851 4708 Dei.

196 4741 348 4799 Unde
378 4743 711 4817 Apostolus
742 4759 883 4798 vasa
912 4740 1323 4796 misericordiae
1354 4757 1452 4796 eos
1482 4740 1738 4813 appellat
1766 4742 1853 4796 di-

193 4848 325 4888 cens
359 4851 372 4889 :
403 4857 435 4883 α
462 4834 539 4889 Ut
570 4832 906 4889 ostenderet
953 4830 1185 4885 divitias
1233 4829 1431 4901 gratize
1479 4848 1596 4885 suae
1628 4830 1687 4885 in
1718 4848 1857 4886 vasa

199 4944 220 4969 ιι
255 4924 706 4991 misericordiae,
751 4938 879 4993 qua:
928 4920 1273 4992 praeparavit
1324 4920 1382 4974 in
1442 4920 1708 4992 gloriam.
1750 4944 1776 4970 ››
1813 4922 1853 4976 Ε

196 5014 486 5068 contrario
519 5016 723 5067 autem
767 5008 973 5077 malos,
1007 5013 1063 5064 et
1092 5008 1380 5081 praescivit
1429 5027 1529 5081 per
1560 5009 1853 5081 propriam

200 5101 483 5156 malitiam
522 5100 711 5155 malos
745 5101 995 5165 futuros,
1031 5103 1087 5153 et
1124 5098 1412 5171 prmscivit
1442 5116 1544 5170 per
1573 5116 1739 5153 suam
1763 5099 1856 5170 ju-

196 5186 413 5244 stitiam
442 5195 668 5243 azterna
690 5187 911 5243 ultione
929 5187 1316 5241 damnandos.
1333 5186 1493 5241 Sicut
1516 5188 1855 5259 prmsciebat

194 5274 259 5328 de
287 5276 453 5335 Juda
482 5277 779 5348 proditore
799 5276 953 5347 quod
984 5292 1118 5330 eum
1150 5278 1303 5331 esset
1334 5275 1675 5343 traditurus,
1700 5277 1854 5331 sicut

194 5363 579 5439 Evangeiium
610 5365 756 5421 dicit
779 5383 829 5421 :u
853 5366 999 5421 Cum
1024 5370 1178 5421 esset
1201 5382 1351 5420 unus
1373 5366 1444 5419 dc
1475 5365 1847 5433 duodecim,»

191 5454 542 5523 praesciebat
571 5456 757 5510 etiam
785 5459 1061 5511 aeternam
1084 5456 1213 5526 ejus
1234 5453 1693 5519 damnationem,
1718 5472 1852 5510 cum

192 5541 409 5600 diceret
440 5560 455 5598 :
488 5543 635 5600 «Va:
666 5544 893 5600 homini
925 5544 1010 5600 illi
1042 5562 1144 5617 per
1174 5560 1347 5615 quem
1382 5542 1563 5599 Filius
1597 5543 1852 5600 hominis

193 5651 220 5684 ι
247 5634 545 5691 tradetur.
575 5633 809 5694 Bonum
852 5639 977 5693 erat
1023 5633 1094 5706 ei,
1128 5633 1180 5691 si
1236 5636 1408 5692 natus
1466 5650 1581 5691 non
1643 5633 1853 5695 fuisset

1972 3245 1999 3274 α
2031 3223 2245 3295 ipsum.
2274 3246 2301 3273 ››
2328 3224 2397 3278 Et
2426 3221 2538 3278 alio
2568 3221 2730 3277 loco:
2758 3244 2787 3272 ιι
2813 3224 2968 3288 Quos
2990 3222 3279 3294 prmscivit
3306 3226 3364 3279 et
3392 3224 3613 3295 prinde-

1972 3334 1999 3363 ‹‹
2031 3311 2269 3367 stinavit
2300 3312 2627 3367 conformes
2656 3309 2781 3365 ﬁeri
2812 3310 3089 3382 imaginis
3122 3310 3253 3367 Filii
3283 3312 3433 3366 sui.»
3462 3312 3621 3369 Prte-

1968 3400 2281 3461 destinavit
2308 3400 2510 3472 utique
2539 3399 2755 3455 electos
2793 3417 2956 3468 suos,
2980 3404 3047 3455 ut
3074 3405 3133 3456 et
3162 3418 3318 3457 nunc
3349 3417 3614 3458 assume-

1968 3495 2171 3546 rentur
2198 3489 2257 3544 in
2290 3489 2662 3561 adoptionem
2692 3488 2946 3544 filiorum
2978 3488 3079 3544 Dei
3108 3506 3211 3561 per
3237 3490 3487 3561 gratiam
3520 3490 3618 3548 bay

1968 3579 2189 3651 ptismi,
2214 3584 2270 3635 et
2299 3579 2355 3634 in
2388 3579 2584 3634 futuro
2616 3576 2947 3633 efﬁciantur
2976 3578 3305 3647 conformes
3338 3578 3627 3651 imaginis-

1968 3668 2095 3724 F’ilii
2120 3668 2242 3735 Dei,
2258 3685 2360 3740 per
2378 3669 2644 3723 eamdem
2666 3667 2769 3721 Dei
2792 3667 3041 3738 gratiam
3066 3668 3391 3723 secundum
3411 3667 3615 3741 imagis

1966 3775 2098 3829 gem
2131 3759 2259 3828 ejus
2291 3756 2548 3813 renovati
2579 3762 2635 3809 et
2662 3754 2993 3827 glorificati.
3027 3755 3465 3811 Prazdestinavit
3492 3773 3614 3811 om-

1966 3846 2125 3915 nino,
2161 3851 2225 3901 ut
2255 3851 2313 3901 et
2340 3846 2399 3900 hi
2431 3849 2625 3901 essent
2657 3843 2814 3911 boni,
2839 3859 2954 3896 non
2978 3860 3046 3897 ex
3070 3858 3152 3910 se,
3176 3842 3278 3897 sed
3308 3859 3378 3897 ex
3408 3842 3528 3913 illo,
3553 3848 3612 3898 et

1966 3937 2049 3992 illi
2082 3935 2253 4003 beati,
2286 3952 2397 3990 non
2430 3951 2533 4006 per
2554 3950 2635 4001 se,
2661 3932 2760 3987 sed
2786 3949 2886 4004 per
2905 3931 3096 3986 illum.
3122 3931 3185 3986 In
3206 3934 3453 4003 utroque
3471 3948 3613 4004 ergo

1966 4026 2118 4081 bona
2149 4042 2256 4079 sua
2295 4025 2352 4077 in
2384 4023 2469 4078 eis
2498 4027 2557 4077 et
2586 4021 2655 4076 de
2686 4021 2770 4076 eis
2800 4021 2996 4075 futura
3024 4020 3312 4092 prazscivit
3359 4024 3418 4076 et
3463 4038 3609 4093 prm-

1965 4113 2296 4170 destinavit.
2314 4113 2374 4167 in
2394 4109 2567 4167 malis
2581 4126 2714 4165 vero
2735 4114 2793 4165 et
2812 4109 3160 4182 impiis,non
3184 4109 3636 4181 praedestinavit

1965 4201 2333 4273 omnipotens
2354 4200 2509 4256 Deus
2530 4198 2815 4254 malitiam
2838 4203 2895 4255 et
2920 4199 3304 4271 impietatem,
3332 4198 3389 4254 id
3412 4203 3525 4269 est,
3546 4202 3623 4255 ut.

1966 4291 2104 4348 mali
2136 4295 2193 4347 et
2222 4290 2387 4362 impii
2409 4293 2627 4365 essent,
2651 4292 2708 4342 et
2728 4287 2887 4343 aliud
2908 4305 3036 4345 esse
3062 4306 3177 4345 non
3198 4291 3474 4362 possent:
3507 4288 3617 4345 sed.

1964 4399 2111 4454 quos
2144 4378 2431 4453 przescivit
2451 4383 2508 4434 et
2525 4376 2790 4450 prmvidit
2812 4376 2998 4433 malos
3023 4380 3197 4449 atque
3217 4376 3431 4453 impios
3451 4378 3610 4433 fatu.-

1964 4488 2060 4526 ros
2082 4469 2314 4541 proprio
2337 4467 2494 4535 vitio,
2522 4466 2645 4538 ipse
2665 4482 2764 4521 eos
2786 4465 3218 4539 prredestinavit
3240 4466 3312 4519 ad
3335 4469 3608 4521 aeternam

1965 4558 2400 4614 damnationem
2418 4555 2842 4627 justojudicio.
2862 4556 2987 4610 Non
3006 4552 3144 4626 quia
3162 4552 3323 4608 aliud
3345 4570 3475 4609 esse
3493 4571 3610 4609 non

1966 4651 2299 4720 potuerunt,
2314 4646 2410 4702 sed
2437 4645 2576 4717 quia
2596 4643 2752 4699 aliud
2782 4660 2910 4699 esse
2938 4642 3268 4699 noluerunt.
3293 4642 3407 4715 Ipsi
3434 4643 3611 4716 igitur

1965 4737 2349 4809 sibimetipsis
2370 4734 2717 4790 exstiterunt
2736 4749 2914 4787 causa
2934 4731 3279 4804 perditionis
3301 4749 3314 4786 :
3340 4732 3495 4788 Deus
3515 4750 3613 4787 au-

1965 4833 2079 4883 tem
2104 4827 2308 4897 justus
2330 4824 2511 4895 judex
2533 4827 2590 4877 et
2621 4820 3144 4892 ordinatorjustus
3169 4822 3356 4893 ipsius
3376 4822 3613 4877 damna-

1964 4915 2161 4972 tionis.
2194 4914 2317 4969 Non
2351 4911 2507 4966 enim
2539 4909 2971 4982 praedestinavit
3010 4910 3248 4979 injuste,
3282 4911 3381 4964 sed
3423 4911 3605 4980 justa.

1966 5003 2346 5058 Praedestinat
2367 5005 2562 5055 tamen
2587 5004 2644 5053 et
2664 5016 2908 5053 coronas
2931 4999 3133 5070 justis,
3159 5004 3215 5052 et
3236 5014 3434 5068 pmnas
3462 4996 3609 5065 inju-

1966 5092 2199 5164 stis,qui
2223 5109 2256 5145 a
2274 5096 2590 5160 utrumque
2612 5089 3148 5159 estjustum.0uam
3166 5083 3459 5154 justitiam
3481 5084 3610 5153 ejus

1964 5182 2383 5239 commendans
2416 5178 2584 5233 nobis
2624 5176 2958 5248 Apostplus,
2992 5174 3071 5228 ait
3102 5190 3161 5227 :u
3185 5170 3458 5242 Nunquid
3487 5171 3604 5227 ini-

1970 5298 1989 5323 «
2028 5290 2180 5344 quus
2213 5272 2383 5338 Deus,
2411 5267 2506 5340 qui
2532 5267 2702 5321 infert
2725 5264 2916 5319 iram?
2938 5261 3159 5315 Absit.»
3186 5261 3255 5314 Et
3274 5260 3410 5332 quia
3435 5262 3607 5319 modo

1964 5362 2237 5419 omnibus
2270 5361 2553 5431 praerogat
2604 5352 2964 5425 patientiam,
2991 5353 3054 5402 ut
3093 5353 3504 5406 convertantur
3534 5352 3605 5408 ad

1963 5449 2388 5525 paenitentiam,
2414 5450 2470 5501 et
2490 5444 2583 5514 qui
2618 5440 2879 5512 pereunt,
2906 5454 3011 5492 suo
3042 5442 3380 5510 contemptu
3412 5445 3469 5495 et
3498 5441 3604 5496 du-

1963 5543 2099 5599 ritia
2127 5541 2401 5613 pereunt,
2424 5533 2561 5605 quia
2590 5532 2812 5585 tantam
2846 5525 2947 5581 Dei
2981 5526 3323 5599 patientiam
3353 5533 3608 5587 contem-

1961 5635 2226 5713 pserunt,
2252 5629 2462 5686 iterum
2484 5619 2596 5679 alio
2617 5616 2741 5676 loco
2764 5615 2906 5677 dicit
2928 5632 2982 5674 ξς(
3001 5618 3089 5676 An
3119 5618 3354 5679 divitias
3384 5619 3607 5684 bonita~
