4094 6186
411 369 489 436 99
813 323 821 328 v
1620 364 1729 428 AM
1741 363 2024 430 ULONIS
2068 357 2319 428 EPISC.
2366 363 2593 426 LUGD.

3697 359 3816 423 100

414 530 443 559 (ι
472 508 550 564 tis
581 511 638 564 et
667 507 959 580 patientia)
982 511 1040 563 et
1067 501 1534 578 longanimitatis
1554 503 1683 574 ejus
1705 498 2054 566 contemnis,
2085 495 2143 566 Α
2171 497 2444 553 nationis.
2469 497 2593 554 Non
2625 496 2782 554 enim
2805 494 3181 570 praedestinat
3205 493 3380 564 Deus,
3405 493 3521 552 nisi
3541 511 3670 568 quae
3691 493 3820 568 ipse

415 619 436 646 α
471 596 748 668 ignorans
770 595 1047 668 quoniam
1081 590 1414 665 benignitas
1435 589 1537 646 Dei
1559 591 1631 646 ad
1654 587 2058 662 paenitentiam

413 705 442 736 ί(
475 689 530 741 te
561 685 822 740 adducit.
847 708 873 735 »
904 683 1241 740 Secundum
1275 679 1553 736 duritiam
1577 683 1772 734 autem
1805 693 1974 733 suam
2005 679 2063 732 et

409 791 510 828 cor
539 773 933 846 impmnitens,
962 769 1322 827 thesaurizat
1351 767 1462 824 sibi
1495 767 1642 822 iram
1674 767 1734 823 in
1766 766 1860 822 die
1879 765 1976 820 irae
2003 769 2063 821 et

409 861 777 918 revelationis
799 861 946 932 justi
979 857 1190 931 judicii
1223 856 1348 925 Dei,
1375 855 1481 928 qui
1513 855 1714 910 reddet
1743 853 2062 924 unicuique

409 951 734 1007 secundum
753 967 927 1022 opera
942 965 1068 1004 sua.
1085 947 1231 1002 Hinc
1249 945 1423 1002 etiam
1444 943 1560 999 alia
1575 943 1877 1016 Scriptura
1892 945 2064 997 testa-

407 1045 524 1110 tur,
551 1041 752 1096 dicens
775 1057 826 1094 :«
848 1039 1002 1096 Deus
1036 1039 1282 1093 mortem
1306 1052 1420 1090 non
1445 1034 1598 1102 fecit,
1624 1049 1730 1088 nec
1752 1031 1980 1087 laetatur
2000 1031 2060 1084 in

411 1151 440 1180 ‹‹
472 1128 1068 1202 perditionevivorum
1085 1142 1098 1180 :
1113 1124 1279 1197 impii
1299 1127 1493 1179 autem
1513 1121 1787 1177 manibus
1803 1120 2062 1176 etverhis

413 1239 440 1268 «
472 1217 868 1273 accersierunt
887 1215 1072 1279 illam,
1087 1218 1142 1268 et
1161 1213 1519 1269 aestimantes
1543 1211 1792 1266 amicam
1815 1209 2060 1265 deﬂexe-

412 1327 440 1354 «
473 1309 612 1361 runt
629 1309 688 1360 ct
703 1303 1049 1377 sponsiones
1065 1306 1389 1376 posuerunt
1404 1301 1476 1356 ad
1495 1301 1654 1356 illam
1666 1301 1964 1372 ,quoniam
1983 1299 2064 1354 di-

411 1417 439 1447 ‹‹
471 1394 570 1468 gni
601 1397 740 1449 sunt
761 1393 863 1464 qui
885 1392 1004 1447 sint
1022 1409 1091 1448 ex
1119 1395 1281 1464 parte
1310 1390 1526 1446 illius.»
1555 1389 1679 1446 Non
1711 1405 1846 1462 ergo
1873 1388 2062 1444 omni-

407 1487 612 1555 potens
635 1483 789 1538 Deus
805 1479 908 1535 ulli
933 1480 1238 1536 hominum
1263 1496 1443 1535 causa
1461 1479 1666 1533 mortis
1680 1477 1769 1534 vel
1787 1476 2062 1550 perditio-

407 1571 502 1626 nis
523 1570 749 1638 existit;
774 1570 874 1625 sed
903 1569 1090 1640 ipsam
1116 1573 1364 1624 mortem
1388 1572 1446 1622 et
1470 1567 1860 1639 perditionem
1882 1566 2066 1621 mani-

409 1659 521 1714 bus
553 1663 612 1714 et
630 1659 823 1714 verbis
845 1657 959 1730 ipsi
981 1657 1146 1728 impii
1179 1657 1292 1712 sibi
1323 1659 1655 1724 accersunt,
1691 1656 1832 1709 dum
1865 1655 2066 1726 nequi-

408 1752 498 1803 ter
511 1747 830 1820 'operando,
855 1750 914 1800 et
935 1745 1185 1816 nequius
1207 1743 1339 1799 aliis
1361 1744 1686 1812 suadendo,
1711 1748 1769 1798 et
1791 1741 1904 1797 sibi
1925 1747 1982 1798 et
2001 1742 2064 1796 il-

406 1835 480 1892 lis
503 1834 936 1890 damnationem
956 1833 1289 1899 addueunt;
1316 1832 1457 1886 dum
1476 1833 1626 1886 viam
1651 1831 1982 1903 iniquitatis
2005 1835 2062 1886 et

407 1922 748 1997 perditionis
779 1925 1066 1989 amantes,
1101 1939 1135 1976 a
1176 1924 1332 1976 recto
1377 1921 1584 1974 itinere
1633 1919 1970 1988 deflectunt,
2003 1923 2061 1975 et

409 2013 478 2068 ad
502 2016 840 2084 perpetuam
865 2009 1324 2076 damnationem,
1341 2013 1622 2081 tanquam
1648 2009 1801 2064 datis
1827 2008 1980 2063 inter
1999 2025 2062 2064 se

415 2101 660 2171 dextris,
693 2099 817 2172 pari
868 2116 1158 2154 consensu
1209 2097 1501 2170 nequitias,
1533 2097 1702 2169 quasi
1749 2115 1818 2153 ex
1849 2101 1976 2152 voto
2006 2101 2064 2152 et

414 2189 732 2262 sponsione
758 2187 1060 2252 festinant,
1083 2186 1343 2242 fmderati
1367 2185 1574 2241 mortis
1594 2190 1654 2240 et
1673 2185 1800 2240 vita:
1834 2189 2060 2241 zelernze

409 2277 632 2333 inimici
661 2293 674 2332 :
701 2275 812 2349 ipsi
837 2275 1162 2331 secundum
1182 2273 1456 2330 duritiam
1483 2290 1652 2330 suam
1674 2279 1731 2329 et
1745 2290 1844 2329 cor
1865 2273 1940 2328 im
1948 2291 2062 2346 poe-

410 2367 626 2434 nitens,
651 2363 1053 2420 thesaurizant
1083 2363 1196 2418 sibi
1221 2363 1368 2418 iram
1399 2362 1457 2416 in
1481 2361 1574 2418 die
1599 2363 1717 2418 irae.
1746 2363 1806 2418 In
1831 2379 1948 2434 qua
1967 2361 2058 2416 die

400 2455 548 2526 justi
567 2451 778 2526 judicii
803 2451 927 2518 Dei,
951 2452 1089 2524 quia
1109 2452 1516 2523 unusquisque
1536 2451 1860 2506 secundum
1885 2467 2060 2522 Opera

409 2561 518 2600 sua
549 2543 773 2614 recipit,
809 2558 979 2597 nemo
1011 2559 1079 2596 ex
1109 2541 1209 2596 Dei
1240 2539 1598 2613 prwjudicio,
1623 2539 1722 2594 sed
1753 2557 1822 2595 ex
1853 2527 2059 2595 merito

409 2632 643 2704 proprio
673 2630 1022 2702 iniquitatis,
1047 2629 1486 2684 condemnatur.
1515 2628 1638 2683 Non
1663 2629 1818 2683 enim
1843 2627 1938 2682 ille
1961 2626 2061 2682 ali-

409 2736 584 2794 quem
608 2717 1041 2794 prasdestinavit
1061 2722 1127 2772 ut
1147 2717 1339 2772 malus
1360 2721 1536 2787 esset,
1551 2717 1651 2772 sed
1675 2733 1804 2772 vere
1822 2732 2056 2772 omnem

411 2807 631 2864 malum
665 2807 1097 2880 praedestinavit
1119 2811 1182 2860 ut
1209 2804 1540 2877 impunitus
1575 2822 1689 2860 non
1715 2810 1891 2860 esset.
1913 2805 2060 2870 Quia

409 2903 469 2954 et
489 2913 851 2970 unaqumque
881 2895 970 2952 lex
992 2895 1157 2967 justa
1179 2895 1398 2950 crimen
1434 2911 1546 2950 non
1573 2895 1768 2966 jubet,
1791 2913 1861 2951 ne
1882 2895 1958 2950 sit
1979 2895 2062 2949 in-

402 2988 586 3059 justa,
611 2991 667 3041 et
685 2990 880 3042 tamen
901 2984 1286 3040 criminosum
1322 2983 1509 3054 punit,
1537 2988 1602 3038 ut
1621 3000 1750 3038 vere
1773 2985 1845 3038 sit
1869 2985 2054 3054 justa.

410 3077 516 3143 Qui
561 3091 698 3146 ergo
729 3073 888 3140 dicit,
921 3073 1078 3144 quod
1129 3071 1188 3126 hi
1219 3071 1320 3143 qui
1373 3076 1618 3143 pereunt
1664 3073 2056 3144 prazdestinati

411 3169 551 3220 sunt
581 3163 653 3217 ad
683 3160 1088 3233 perditionem,
1120 3165 1176 3214 et
1201 3159 1330 3214 ideo
1362 3158 1531 3213 aliter
1558 3161 1785 3214 evenire
1815 3178 1930 3216 non
1963 3177 2056 3232 po-

409 3257 554 3320 test;
587 3229 857 3305 similiter
881 3264 996 3320 quo
1015 3264 1116 3319 lue
1145 3252 1203 3302 et
1228 3248 1299 3303 de
1321 3247 1524 3318 justis,
1548 3252 1829 3319 tanquam
1859 3253 1916 3304 et
1947 3229 2057 3320 ipsi
2088 3229 2131 3296 C

411 3341 542 3396 ideo
573 3337 892 3404 salvantur,
913 3336 1051 3408 quia
1081 3335 1480 3408 prmdestinati
1514 3337 1586 3391 ad
1617 3337 1864 3392 salutem
1901 3336 2060 3392 aliud

410 3445 539 3486 esse
570 3443 685 3483 non
707 3429 1039 3497 potuerunt.
1065 3423 1171 3490 Qui
1193 3441 1329 3497 ergo
1352 3424 1472 3479 haec
1493 3429 1611 3480 tam
1635 3426 1878 3480 confuse
1901 3431 1958 3481 ct
1979 3426 2063 3480 in-

411 3516 590 3586 sulse,
606 3520 664 3571 et
687 3515 804 3570 illis
826 3513 980 3570 tollit
999 3513 1273 3568 meritum
1293 3513 1708 3582 damnationis,
1725 3519 1781 3570 et
1797 3515 1924 3571 istis
1947 3532 2060 3571 me-

412 3607 590 3662 ritum
611 3604 820 3660 salutis
845 3620 857 3659 :
884 3621 950 3660 ac
972 3620 1075 3675 per
1105 3603 1212 3658 hoc
1236 3602 1374 3675 quid
1400 3601 1559 3658 aliud
1593 3604 1730 3676 agit,
1766 3604 1877 3660 nisi
1909 3609 1974 3660 ut
2004 3609 2062 3660 et

413 3694 794 3769 pereuntibus
815 3693 1138 3750 secundum
1161 3691 1326 3746 illum
1345 3691 1424 3748 sit
1447 3692 1722 3764 imposita
1744 3693 2062 3749 necessitas

413 3782 776 3858 perditionis,
792 3787 848 3838 et
871 3781 962 3838 his
985 3781 1084 3854 qui
1111 3780 1411 3837 salvantur
1427 3781 1502 3837 sit
1525 3782 1798 3853 imposita
1819 3783 2064 3838 necessi-

412 3878 506 3930 tas
529 3871 776 3929 salutis?
798 3875 972 3943 atque
996 3871 1124 3927 ideo
1147 3887 1251 3926 nec
1281 3869 1362 3925 illi
1386 3872 1547 3941 juste
1569 3873 1939 3938 damnentur,
1963 3871 2062 3945 qui

405 3963 552 4036 justi
583 3978 711 4018 esse
743 3978 856 4015 non
890 3965 1225 4032 potuerunt,
1251 3977 1354 4016 nec
1381 3959 1478 4016 isti
1501 3960 1664 4032 juste
1694 3977 2064 4016 remuneren-

415 4057 530 4119 tur,
565 4051 664 4122 qui
697 4049 858 4105 aliud
891 4065 1066 4120 quam
1114 4049 1254 4119 iusti
1285 4066 1414 4105 esse
1464 4049 1868 4122 nequiverunt,
1904 4055 1971 4106 ut
2001 4051 2060 4105 in

415 4145 664 4211 utraque
689 4142 853 4210 parte
881 4143 939 4192 et
967 4137 1214 4209 perditio
1235 4143 1292 4193 et
1313 4137 1474 4193 salus
1504 4155 1618 4194 non
1641 4139 1720 4195 sit
1749 4156 1816 4195 cx
1837 4139 2062 4211 judicio

415 4227 661 4301 propria:
693 4225 960 4294 actionis,
984 4225 1085 4281 sed
1109 4241 1176 4280 ex
1202 4225 1536 4298 praejudicio
1559 4226 1764 4282 divina:
1795 4229 2064 4300 praeordi-

415 4315 710 4372 nationis?
733 4315 802 4369 Et
832 4314 931 4369 ubi
963 4314 1074 4368 erit
1105 4312 1249 4369 illud
1275 4330 1288 4368 :
1317 4335 1342 4362 α
1375 4313 1481 4380 Qui
1519 4315 1720 4370 reddet
1747 4315 2063 4388 unicuique

420 4427 448 4457 «
479 4405 803 4460 secundum
856 4419 1030 4474 opera
1078 4406 1277 4458 sua?»
1316 4403 1386 4457 Et
1435 4403 1735 4458 iterumza
1786 4404 2061 4476 Nunquid

419 4494 719 4566 «iniquus
760 4493 915 4550 Deus
959 4492 1058 4564 qui
1110 4491 1286 4546 infert
1341 4491 1487 4547 iram
1505 4491 1534 4546 ?
1581 4492 1819 4547 Absit.»
1851 4494 2061 4564 Aperte

2170 585 2430 642 facturus
2459 590 2550 642 est
2578 602 2590 641 :
2625 586 2856 660 praascit
2873 601 3005 641 vero
3035 583 3223 640 multa
3243 601 3369 656 quas
3399 584 3525 658 ipse
3557 583 3822 640 facturus

2169 693 2286 731 non
2312 679 2420 743 est,
2444 676 2596 731 sicut
2615 675 2813 731 omnia
2835 673 3010 743 mala,
3035 673 3392 746 quae.utique
3412 672 3552 729 mali
3574 673 3823 742 faciunt,

2170 783 2286 822 non
2317 764 2436 820 ille.
2469 765 2634 837 Ipsos
2660 781 2895 838 quoque
2925 763 3114 820 malos
3144 781 3261 820 non
3291 763 3422 819 ideo
3450 762 3662 837 perire,
3683 762 3825 836 quia

2171 853 2308 910 boni
2338 871 2467 911 esse
2499 871 2613 910 non
2646 858 2962 927 potuerunt
2987 870 3000 909 :
3027 854 3128 910 sed
3151 853 3293 926 quia
3319 853 3456 909 boni
3477 869 3608 910 esse
3627 851 3826 908 nolue-

2171 948 2332 1012 runt,
2355 948 2412 1000 et
2441 961 2548 1000 suo
2580 943 2718 1000 vitio
2751 943 2872 999 visa
2901 944 2997 998 ira:
3031 947 3168 1015 apta
3197 943 3256 998 in
3291 941 3594 998 interitum
3624 954 3821 1014 perse-

2169 1038 2531 1100 veraverunt,
2561 1036 2618 1088 et
2647 1033 2706 1088 in
2739 1049 2937 1090 massa
2967 1029 3384 1100 damnationis,
3405 1030 3494 1087 vel
3526 1030 3825 1104 originali-

2170 1121 2258 1178 vel
2291 1121 2505 1178 actuali
2554 1121 2761 1178 merito
2801 1123 3268 1194 permanserunt.
3302 1120 3366 1176 In
3398 1118 3568 1176 bonis
3599 1123 3817 1188 autem,

2171 1213 2542 1284 omnipotens
2573 1211 2748 1278 Deus,
2780 1211 2935 1266 sicut
2979 1227 3158 1282 supra
3187 1210 3332 1266 satis
3378 1213 3682 1266 ostensum
3708 1213 3818 1277 est,

2173 1302 2491 1370 utrumque
2521 1297 2808 1371 prmscivit
2837 1301 2893 1353 et
2922 1297 3376 1370 praedestinavit,
3402 1301 3468 1352 ut
3495 1301 3555 1353 et
3583 1297 3644 1352 in
3675 1313 3821 1370 pra:-

2173 1386 2324 1441 senti
2359 1385 2477 1441 vita
2507 1401 2610 1457 per
2639 1401 2808 1441 suam
2839 1385 3088 1458 gratiam
3129 1385 3441 1441 existerent
3481 1385 3641 1454 boni,
3675 1389 3734 1440 et
3761 1383 3822 1440 in

2173 1474 2371 1530 futura
2399 1475 2576 1530 etiam
2607 1474 2781 1530 beati.
2804 1474 3118 1546 Utriusque
3147 1473 3304 1530 enim
3334 1473 3470 1529 boni
3502 1490 3729 1542 eorum,
3762 1473 3823 1529 id

2173 1568 2281 1632 est,
2315 1563 2616 1635 praesentis
2646 1568 2704 1618 et
2734 1563 2936 1630 futuri,
2963 1563 3090 1636 ipse
3132 1567 3223 1618 est
3263 1565 3490 1629 auctor,
3517 1567 3576 1618 et
3604 1563 3826 1618 idcirco

2173 1653 2300 1708 sine
2330 1651 2508 1708 dubio
2539 1653 2846 1724 utriusque
2867 1651 3253 1726 praecognitor
3271 1655 3329 1707 et
3357 1651 3822 1724 praedestinator.

2173 1743 2361 1808 Quare
2391 1746 2448 1796 et
2478 1741 2589 1812 ipsi
2616 1758 2683 1797 ex
2706 1741 2916 1814 seipsis
2941 1759 3055 1797 non
3079 1740 3269 1797 solum
3291 1740 3448 1796 aliud
3471 1756 3599 1797 esse
3619 1745 3826 1814 potue-

2174 1835 2328 1898 runt,
2346 1831 2446 1886 sed
2469 1830 2642 1886 etiam
2667 1829 2826 1885 aliud
2851 1831 3089 1886 fuerunt
3105 1833 3426 1901 antequam.
3440 1846 3542 1902 per
3561 1845 3698 1885 eum
3721 1829 3825 1902 qui

2163 1919 2453 1990 justiﬁcat
2484 1918 2754 1990 impium,
2778 1935 2846 1974 ex
2877 1917 3074 1991 impiis
3097 1917 3248 1990 justi
3275 1918 3665 1974 efficerentur.
3691 1919 3825 1975 Sive

2172 2013 2368 2064 autem
2400 2009 2459 2062 in
2492 2007 2610 2062 illis
2639 2007 2740 2079 qui
2790 2006 3112 2076 salvantur,
3145 2007 3264 2062 sive
3312 2007 3372 2062 in
3423 2005 3542 2064 illis
3587 2007 3690 2079 qui
3724 2024 3824 2080 pe-

2171 2100 2362 2163 reunt,
2387 2095 2656 2151 voluntas
2686 2096 2924 2168 propria
2945 2099 3374 2168 remuneratur,
3396 2095 3667 2152 voluntas
3697 2113 3828 2168 pro-

2169 2183 2296 2255 pria
2326 2184 2659 2240 damnatur.
2695 2185 2805 2240 Sed
2850 2183 2910 2239 in
2954 2184 3094 2253 illis,
3126 2184 3267 2256 quia
3295 2201 3400 2256 per
3425 2185 3678 2258 gratiam
3709 2185 3824 2241 Do-

2169 2272 2314 2327 mini
2345 2271 2662 2330 Salvatoris
2691 2277 2782 2330 est
2813 2277 3039 2342 sanata,
3067 2277 3134 2328 ut
3159 2289 3230 2328 ex
3257 2272 3414 2329 mala
3437 2277 3495 2330 et
3521 2290 3700 2346 prava
3730 2273 3828 2330 {ie-

2169 2366 2258 2418 ret
2285 2362 2438 2418 bona
2467 2367 2525 2418 et
2554 2367 2733 2430 recta,
2755 2367 2844 2418 est
2873 2361 3073 2435 procul
3097 2361 3274 2418 dubio
3297 2361 3644 2435 dignissime
3666 2379 3831 2419 coro-

2170 2455 2306 2506 nata
2332 2469 2344 2506 :
2368 2449 2429 2505 in
2463 2450 2594 2507 istis
2620 2455 2840 2516 autem,
2865 2449 3007 2522 quia
3031 2467 3145 2506 non
3170 2450 3492 2522 acquiescit
3510 2467 3613 2523 per
3629 2451 3828 2508 Salva-

2169 2544 2353 2595 torem
2385 2540 2639 2612 recipere
2668 2541 3004 2607 sanitatem,
3029 2539 3366 2612 justissima
3413 2555 3516 2612 per
3543 2541 3825 2597 eumdem

2160 2629 2422 2700 judicem
2445 2629 2656 2684 sentiet
2677 2633 3017 2700 perpetuam
3041 2629 3499 2685 damnationem.
3513 2629 3584 2684 Et
3603 2628 3715 2686 hoc
3731 2635 3824 2686 est

2168 2718 2416 2773 breviter
2444 2723 2654 2786 totum,
2678 2719 2834 2790 quod
2879 2718 2950 2772 de
2995 2717 3178 2774 libero
3208 2716 3448 2774 arbitrio
3469 2717 3641 2788 juxta
3670 2720 3819 2774 veri-

2166 2812 2343 2862 tatem
2375 2806 2672 2862 catholicee
2727 2806 2860 2862 ﬁdei
2889 2811 2978 2862 est
3007 2807 3348 2863 tenendum.
3381 2807 3543 2873 Quod
3593 2807 3822 2864 scilicet

2167 2913 2400 2952 omnem
2431 2895 2728 2952 hominem
2772 2894 2937 2950 liberi
2988 2895 3210 2951 arbitrii
3259 2895 3586 2952 condiderit
3637 2897 3815 2954 Deus.

2167 2986 2279 3043 Sed
2311 2986 2450 3057 quia
2479 3001 2582 3056 per
2610 3001 2794 3040 unum
2823 2984 3119 3040 hominem
3155 2989 3454 3056 peccatum
3487 2985 3724 3041 intravit
3756 2986 3816 3041 in

2167 3075 2480 3141 mundum,
2511 3079 2568 3130 et
2605 3089 2708 3145 per
2753 3077 3054 3145 peccatum
3105 3089 3287 3140 mors,
3317 3077 3374 3130 et
3405 3075 3485 3131 ita
3517 3074 3575 3130 in
3608 3092 3819 3132 omnes

2169 3163 2436 3219 homines
2468 3163 2821 3236 pertransiit,
2846 3161 2906 3216 in
2927 3179 3041 3234 quo
3064 3179 3270 3219 omnes
3290 3169 3675 3234 peccaverunt
3697 3181 3710 3219 :
3736 3165 3824 3220 ita

2171 3253 2328 3308 istud
2377 3251 2627 3307 liberum
2675 3250 3004 3318 arbitrium,
3037 3251 3097 3306 in
3129 3251 3401 3308 universo
3447 3269 3659 3326 genere
3705 3253 3820 3310 hu-

2170 3357 2366 3409 mane,
2388 3339 2527 3396 illus
2558 3339 3048 3413 praevaricationis
3081 3339 3591 3409 merito,vitiatum
3612 3346 3672 3399 et
3691 3359 3822 3399 cor-

2170 3434 2434 3502 ruptum,
2453 3428 2538 3484 ita
2567 3429 2920 3484 obczecatum
2953 3431 3042 3483 est
3069 3433 3127 3484 et
3152 3428 3538 3500 inﬁrmatum,
3563 3436 3630 3486 ut
3659 3434 3826 3488 sum-

2169 3519 2285 3574 ciat
2305 3517 2526 3574 homini
2550 3518 2620 3573 ad
2645 3515 2796 3573 male
2817 3518 3132 3590 agendum,
3153 3518 3209 3573 id
3233 3522 3342 3587 est,
3362 3520 3432 3575 ad
3457 3519 3690 3576 ruinam
3714 3521 3826 3577 ini-

2171 3607 2431 3680 quitatis,
2455 3610 2512 3662 et
2538 3606 2610 3661 ad
2641 3605 2749 3662 hoc
2793 3605 2984 3661 solum
3018 3605 3202 3678 possit
3247 3623 3376 3664 esse
3422 3607 3712 3665 liberum:
3745 3611 3822 3667 ad

2171 3697 2317 3752 bene
2345 3695 2662 3767 agendum,
2683 3693 2740 3749 id
2767 3698 2877 3762 est,
2901 3695 2973 3750 ad
3007 3695 3343 3752 exercitium
3366 3697 3599 3754 virtutis
3617 3702 3678 3754 et
3697 3699 3792 3754 fru
3809 3729 3821 3736 ι

2171 3789 2328 3840 ctum
2363 3783 2498 3839 boni
2529 3783 2742 3856 operis,
2768 3782 2929 3838 nullo
2979 3784 3154 3840 modo
3183 3789 3455 3859 assurgat
3500 3791 3558 3844 et
3602 3803 3823 3844 conva-

2170 3873 2368 3941 lescat,
2403 3872 2516 3927 nisi
2545 3888 2648 3944 per
2676 3871 2846 3928 ﬁdem
2876 3871 3054 3929 unius
3075 3873 3414 3930 mediatoris
3436 3875 3536 3931 Dei
3556 3879 3615 3932 et
3635 3875 3828 3933 homi-

2171 3979 2312 4018 num
2337 3961 2594 4018 hominis
2614 3960 2828 4018 Christi
2852 3962 3012 4030 Jesu,
3037 3967 3094 4018 et
3113 3963 3333 4020 donum
3355 3964 3610 4038 Spiritus
3629 3965 3823 4022 sancti

2169 4053 2548 4118 instauretur,
2585 4049 2950 4106 illuminetur
2978 4054 3154 4124 atque
3192 4057 3432 4109 sanetur
3464 4069 3478 4109 :
3511 4052 3664 4110 sicut
3693 4054 3824 4126 ipse

2171 4139 2436 4199 Salvator
2463 4139 2522 4194 in
2567 4138 2876 4212 Evangelio
2926 4139 3232 4212 promittit,
3284 4141 3486 4199 dicens
3517 4159 3530 4198 :
3559 4165 3587 4194 α
3608 4143 3670 4199 Si
3715 4161 3822 4200 vos

2175 4253 2203 4282 «
2237 4229 2418 4286 Filius
2448 4227 2798 4296 liberaverit,
2823 4232 2965 4284 tunc
2985 4245 3116 4285 vere
3135 4228 3304 4286 liberi
3325 4230 3508 4288 eritis.
3532 4254 3560 4284 »
3584 4226 3656 4288 Et
3672 4235 3822 4306 Apo-

2171 4318 2358 4376 stolus
2390 4318 2472 4374 ait
2512 4335 2524 4374 :
2552 4339 2580 4368 «
2602 4316 2710 4373 Ubi
2734 4317 2987 4390 Spiritus
3018 4317 3274 4388 Domini,
3304 4319 3367 4374 ili
3398 4319 3660 4378 libertas.
3683 4345 3712 4373 »
3752 4321 3826 4378 Ut

2171 4425 2275 4482 per
2302 4407 2454 4462 hanc
2485 4406 2731 4480 gratiam
2754 4405 2967 4463 Christi
2998 4411 3057 4462 et
3085 4409 3330 4480 spiritus
3355 4407 3591 4480 Christi,
3614 4410 3826 4467 huma-

2172 4513 2316 4552 num
2347 4495 2596 4551 liberum
2641 4493 2946 4550 arbitrium
2987 4495 3385 4553 illuminatum
3428 4503 3603 4572 atque
3640 4517 3823 4556 sana-

416 4599 671 4654 namque
700 4598 879 4638 causa
910 4581 1254 4654 perditionis
1309 4580 1539 4636 illorum
1573 4582 1674 4652 qui
1725 4587 1970 4654 pereunt
1999 4582 2056 4638 in
2093 4599 2140 4664 Ι)
2172 4591 2320 4656 tum,
2343 4584 2498 4638 dicat
2518 4582 2821 4655 gratulans
2843 4582 2986 4638 illud
3012 4584 3332 4642 Psalmistae
3357 4604 3371 4643 :
3399 4588 3736 4644 «Dominus
3759 4588 3827 4644 il-

415 4673 600 4728 Deum
635 4673 900 4737 refertur,
935 4671 982 4725 si
1019 4671 1141 4742 ipse
1171 4687 1268 4726 eos
1297 4671 1378 4724 ita
1409 4671 1481 4725 ad
1517 4671 1815 4726 interitum
1849 4674 2061 4744 przede-

416 4759 676 4826 stinavit,
701 4764 763 4813 ut
793 4758 952 4813 aliud
975 4775 1102 4814 esse
1127 4776 1242 4814 non
1277 4763 1533 4830 possent.
1553 4760 1716 4825 Quod
1739 4761 1955 4816 sentire
1977 4767 2063 4822 vel

416 4850 606 4906 dicere
629 4847 929 4903 horribilis
953 4847 1313 4919 blasphemia
1327 4853 1435 4903 est.
1451 4850 1562 4904 Sed
1587 4849 1855 4905 Ecclesiae
1873 4854 2063 4910 catho-

415 4939 537 4995 licm
570 4938 734 5004 fides,
761 4938 932 5008 cujus
955 4936 1057 4991 filii
1085 4942 1138 4990 et
1161 4942 1474 4992 sectatores
1505 4955 1633 4993 esse
1663 4939 1963 5010 debemus,
1985 4944 2065 4999 ita

418 5029 586 5085 nobis
617 5027 954 5083 ﬁrmissime
999 5027 1313 5080 tenendum
1362 5027 1644 5096 insinuat,
1679 5033 1744 5083 ut
1793 5033 2065 5102 superius

409 5119 577 5190 juxta
608 5117 920 5189 Scriptura:
953 5120 1166 5172 sanctze
1196 5116 1597 5172 auctoritatem
1631 5118 1882 5174 breviter
1911 5121 2064 5176 desi-

417 5206 744 5280 gnavimus.
769 5206 1051 5262 Videlicet
1080 5205 1537 5278 omnipotentem
1572 5209 1776 5273 Deum,
1804 5210 1861 5265 in
1893 5210 2064 5268 malis

416 5296 677 5369 ipsorum
711 5298 997 5356 malitiam
1031 5297 1350 5370 praescisse,
1377 5296 1514 5368 quia
1536 5314 1602 5350 ex
1623 5298 1768 5370 ipsis
1797 5305 1912 5368 est;
1947 5318 2062 5356 non

418 5385 1030 5458 prmdestinassequia
1045 5404 1112 5442 ex
1134 5385 1232 5440 illo
1255 5403 1368 5440 non
1394 5390 1514 5440 cst:
1537 5403 1766 5458 pamam
1787 5405 1920 5444 vero
1943 5388 2066 5446 illo-

419 5491 548 5529 rum
583 5477 640 5528 et
670 5474 989 5545 praescisse,
1014 5476 1153 5548 quia
1185 5475 1338 5532 Deus
1368 5480 1474 5543 est,
1511 5480 1568 5531 et
1599 5477 2062 5550 praedestinasse,

420 5561 557 5636 quia
576 5564 778 5634 justus
803 5567 894 5618 est
915 5580 928 5618 :
955 5569 1020 5618 ut
1039 5568 1095 5618 et
1124 5563 1180 5618 in
1214 5563 1330 5621 illis
1351 5564 1429 5620 sit
1449 5566 1725 5621 meritum
1757 5583 1876 5622 suae
1905 5567 2068 5624 dam-

420 5651 698 5726 nationis,
729 5655 786 5709 et
814 5651 874 5708 in
906 5651 1006 5710 illo
1037 5657 1296 5728 potestas
1317 5658 1372 5711 et
1397 5654 1685 5730 judicium
1709 5655 1886 5733 justas
1906 5657 2066 5716 dam-

2177 4698 2203 4726 ‹‹
2231 4673 2538 4730 luminatio
2563 4690 2692 4729 mea
2721 4677 2778 4728 et
2805 4673 2966 4729 salus
2999 4691 3148 4744 mea,
3172 4692 3344 4748 quem
3371 4677 3627 4734 timebo?
3651 4701 3680 4729 «
3710 4678 3823 4744 Qui

2174 4765 2353 4837 igitur
2382 4762 2531 4818 hanc
2551 4763 2796 4836 gratiam
2829 4762 3115 4818 libertatis
3140 4765 3400 4838 accipere
3422 4767 3735 4832 desiderat,
3758 4773 3828 4823 ut

2174 4856 2245 4910 ad
2278 4855 2423 4910 bene
2457 4859 2514 4908 et
2546 4853 2638 4926 pie
2657 4852 2966 4908 vivendum
2987 4854 3268 4909 veraciter
3287 4854 3436 4912 liber
3457 4857 3578 4924 ﬁat,
3604 4874 3720 4912 non
3752 4859 3827 4913 de

2174 4944 2298 5000 suis
2318 4943 2540 4998 viribus
2557 4946 2889 5014 praesumat,
2905 4943 3006 4998 sed
3029 4942 3110 4998 illi
3136 4959 3197 4998 se
3219 4943 3468 5001 fideliter
3486 4945 3825 5002 sanandum

2174 5033 2786 5103 corroborandumquc
2829 5033 3180 5097 committat,
3204 5033 3274 5088 de
3305 5050 3422 5106 quo
3471 5033 3627 5090 idem
3661 5034 3824 5092 Psal-

2175 5122 2351 5178 mista
2378 5120 2519 5175 dicit
2543 5137 2555 5174 :
2583 5145 2602 5168 «ι
2629 5121 2794 5192 Apud
2818 5120 3131 5175 Dominum
3173 5138 3414 5194 gressus
3444 5123 3702 5179 hominis
3734 5125 3824 5180 di-

2177 5235 2203 5261 ‹‹
2238 5210 2499 5282 rigentur
2518 5215 2574 5264 et
2595 5210 2744 5265 viam
2773 5210 2902 5282 ejus
2925 5209 3111 5266 volet:
3144 5234 3164 5258 ι
3194 5210 3479 5284 illumque
3501 5216 3624 5269 oret
3644 5217 3826 5287 atque

2172 5299 2462 5372 supplicet
2491 5298 2726 5354 dicens:
2755 5321 2782 5348 ‹‹
2806 5299 3053 5355 Gressus
3085 5315 3246 5354 meos
3278 5299 3464 5374 dirige
3493 5303 3826 5360 secundum

2176 5389 2532 5462 «eloquium
2582 5392 2773 5454 tuum,
2814 5392 2871 5442 et
2917 5405 3031 5443 non
3080 5387 3418 5444 dominetur
3463 5391 3579 5446 mei
3626 5393 3828 5450 omnis

2175 5505 2204 5533 «
2235 5479 2547 5551 injustitia.
2573 5501 2599 5526 η
2625 5477 2694 5532 Et
2721 5476 2933 5532 iterum
2963 5495 2976 5532 :
3005 5499 3032 5528 ‹‹
3069 5477 3265 5534 Deduc
3314 5495 3427 5549 me,
3460 5480 3730 5550 Domine,
3761 5481 3826 5538 in

2176 5595 2204 5622 ‹‹
2231 5570 2326 5626 via
2355 5573 2475 5641 tua,
2507 5573 2566 5625 et
2607 5565 2904 5642 ingrediar
2943 5566 3004 5624 in
3034 5567 3275 5626 veritate
3306 5571 3430 5642 tua,
3451 5592 3480 5622 n
3513 5574 3572 5628 et
3616 5575 3831 5633 cetera

2172 5658 2410 5720 similia.
