4120 6184
312 364 428 429 £01

1102 368 1205 435 DE
1247 376 1789 441 PR/ESCIENTIA
1838 381 1967 442 DEI
2012 382 2114 443 ET
2159 380 2939 472 PR/EDESTINATIONE.

3612 387 3726 453 102

310 511 3725 545 ——————____________________.___________________________

1563 633 2288 727 OPUSCULUM
2354 639 2476 727 ll.

377 777 452 831 De
479 779 663 846 gratia
690 786 744 834 ct
765 782 1113 851 pra’scicntia
1143 782 1258 849 Dei,
1293 782 1463 854 deque
1488 785 1971 863 praedestinaﬂone
1992 795 2045 843 et
2071 788 2243 863 libero
2273 788 2526 863 arbitrio,
2560 790 2625 846 de
2654 807 2747 862 spe
2797 793 2923 846 item
2974 808 3038 846 ac
3084 791 3289 863 ﬁducia
3336 794 3555 863 salutis,
3586 803 3639 851 et
3663 795 3729 852 de

1607 860 1874 913 sententia
1902 861 2079 915 sancti
2108 860 2419 931 Augustini.

304 973 699 1046 (Opusculum
733 976 916 1032 hocin
936 980 1111 1033 veteri
1131 978 1327 1035 codice
1348 980 1653 1037 Amulonis
1670 983 1993 1054 Epistolam
2012 985 2411 1056 subsequitur,
2433 986 2557 1040 sine
2578 986 2768 1053 titulo,
2785 991 2861 1053 et,
2879 991 2939 1041 ut
2956 992 3214 1059 apparet,
3235 989 3359 1046 sine
3386 991 3728 1063 principio.)

384 1223 647 1279 Gratiam
682 1225 880 1297 itaque
912 1228 1008 1283 Dei
1042 1229 1276 1285 credere
1298 1230 1599 1302 debemus,
1625 1251 1741 1306 qua
1762 1235 1963 1290 huma-
1989 1237 2045 1302 Α
2076 1240 2296 1291 certum
2326 1253 2637 1292 numerum
2672 1242 3006 1293 sanctorum
3031 1239 3465 1295 suorum.Unde
3482 1242 3726 1313 mystice

308 1330 452 1367 num
476 1330 692 1385 genus,
710 1315 891 1372 nullis
907 1318 1032 1373 suis
1053 1318 1223 1374 bonis
1242 1320 1462 1376 meritis
1480 1324 1962 1393 praacedentibus,

308 1401 436 1456 sola
466 1402 567 1457 Dei
604 1404 861 1476 gratuita
891 1404 1149 1461 bonitate
1180 1412 1235 1462 et
1266 1408 1666 1466 misericordia
1709 1411 1968 1467 salvatur

308 1507 414 1563 per
436 1508 625 1547 unum
649 1493 1032 1551 mediatorem
1052 1495 1153 1551 Dei
1172 1501 1230 1552 et
1253 1496 1559 1554 hominum
1583 1500 1787 1555 Jesum
1809 1501 1966 1556 Chri-

306 1585 491 1634 stum.
526 1582 716 1646 Quam
749 1583 998 1654 gratiam
1032 1587 1406 1642 commendat
1437 1584 1561 1659 ips’e
1592 1588 1877 1645 Dominus
1905 1590 1965 1644 in

305 1668 625 1741 Evangelio
649 1671 851 1726 dicens
873 1689 887 1726 :
917 1694 944 1721 ‹‹
967 1672 1136 1727 Venit
1159 1674 1315 1729 enim
1342 1675 1521 1731 Filius
1544 1677 1800 1733 hominis
1817 1694 1967 1749 qua:-

311 1778 339 1805 ι(
374 1774 499 1812 rere
531 1764 589 1813 et
635 1759 861 1815 salvum
916 1761 1102 1816 facere
1152 1764 1307 1834 quod
1356 1765 1622 1835 perierat.
1659 1790 1687 1816 ››
1724 1768 1876 1821 llanc
1909 1772 1966 1823 et

304 1847 629 1919 Apostolus
661 1850 939 1922 praedicat
970 1850 1169 1906 dicens
1194 1869 1208 1906 :
1238 1876 1263 1901 ‹‹
1290 1853 1363 1907 Ut
1382 1854 1569 1925 gratia
1590 1856 1689 1911 Dei
1716 1874 1816 1929 pro
1834 1874 1964 1912 om-

311 1958 337 1983 ιι
372 1936 550 1991 nibus
582 1942 847 2009 gustaret
872 1943 1188 1995 mortem.»
1215 1942 1283 1995 Et
1310 1942 1447 1998 alibi
1475 1960 1487 1996 :
1518 1966 1543 1992 ‹‹
1569 1944 1721 1999 Deus
1743 1951 1960 2013 autem,

311 2047 339 2073 α
368 2024 472 2096 qui
507 2025 670 2081 dives
695 2031 784 2081 est
806 2027 864 2081 in
888 2028 1552 2103 misericordia,propter
1572 2033 1814 2089 nimiam
1833 2035 1965 2089 cha-

310 2135 339 2163 ‹‹
370 2114 610 2170 ritatem
643 2132 835 2180 suam,
868 2133 983 2187 qua
1031 2117 1232 2173 dilexit
1280 2137 1406 2188 nos,
1441 2124 1496 2175 et
1526 2138 1659 2176 cum
1699 2139 1965 2179 essemus

310 2226 338 2252 «ι
371 2204 594 2258 mortui
620 2205 893 2277 peccatis,
914 2207 1334 2263 conviviﬁcavit
1355 2226 1461 2265 nos
1486 2210 1735 2266 Christo.
1758 2234 1784 2261 ››
1806 2212 1965 2267 Hanc

306 2294 608 2365 signiﬁcat
636 2297 1016 2368 gratiam,ubi
1041 2297 1182 2351 dicit
1212 2298 1484 2355 ﬁdelibus
1507 2317 1520 2354 :
1548 2323 1575 2350 «
1599 2302 1796 2356 Gratia
1818 2301 1963 2356 salvi

311 2382 513 2438 «facti
545 2384 688 2440 estis
718 2401 820 2455 per
867 2386 1063 2453 ﬁdem,
1099 2390 1155 2441 et
1202 2386 1311 2442 hoc
1364 2405 1480 2443 non
1527 2405 1595 2444 ex
1641 2389 1825 2445 vobis.
1862 2390 1962 2445 Dei

311 2494 341 2521 ς(
371 2471 536 2526 enim
568 2472 787 2526 donum
819 2476 927 2528 est.
959 2496 987 2524 ››
1012 2473 1074 2528 id
1097 2478 1617 2547 est,utrumque,et
1642 2478 1796 2550 quod
1820 2477 1963 2532 salvi

306 2559 446 2614 facti
473 2560 636 2627 estis,
653 2566 709 2615 et
726 2562 879 2632 quod
905 2579 1007 2633 per
1032 2562 1206 2618 ﬁdem
1229 2563 1434 2619 salvati
1458 2582 1470 2619 :
1496 2570 1551 2620 et
1569 2565 1729 2621 salus
1750 2572 1959 2635 vestra,

302 2654 365 2702 et
399 2649 547 2703 ﬁdes
579 2650 903 2705 vestra.Per
932 2651 1083 2706 hanc
1113 2652 1382 2723 gratiam,
1418 2654 1472 2708 id
1507 2659 1613 2722 est,
1640 2656 1963 2727 gratuitum

300 2738 533 2792 donum
565 2756 761 2807 suum,
777 2739 959 2794 trahit
983 2745 1132 2796 Deus
1155 2741 1322 2797 Pater
1341 2758 1489 2813 quos
1510 2743 1634 2798 vult
1654 2745 1723 2799 ad
1750 2744 1961 2799 Filium

296 2844 508 2881 suum.
533 2827 737 2882 Trahit
757 2832 973 2895 autem,
990 2846 1105 2883 non
1130 2831 1493 2898 necessitate,
1510 2832 1608 2887 sed
1633 2832 1962 2888 delectabili

290 2914 606 2970 voluntate
634 2919 692 2970 et
721 2932 918 2970 amore
944 2932 956 2970 :
983 2916 1136 2971 sicut
1166 2917 1290 2989 ipse
1319 2916 1499 2973 Filius
1520 2918 1668 2973 dixit
1692 2936 1704 2973 :
1732 2941 1759 2969 «
1781 2924 1961 2975 Nemo

295 3008 347 3051 ‹‹’
367 3008 563 3075 potest
591 3003 786 3059 venire
812 3004 886 3059 ad
922 3021 1035 3072 me,
1071 3005 1183 3059 nisi
1218 3005 1512 3078 Pater,qui
1545 3006 1707 3062 misit
1730 3012 1960 3072 me,tra-

297 3115 325 3139 α
365 3090 516 3146 xerit
544 3108 701 3146 eum.
736 3116 764 3142 ››
799 3093 1005 3148 Trahit
1035 3093 1271 3149 eosdem
1305 3097 1362 3147 et
1393 3093 1518 3165 ipse
1548 3093 1730 3150 Filius
1774 3095 1845 3149 ad
1879 3112 1959 3162 se,

290 3181 463 3236 sicut
496 3180 621 3253 ipse
650 3180 832 3236 dicit:
863 3183 983 3236 «Et
1012 3199 1118 3255 ego
1151 3182 1199 3236 si
1231 3181 1519 3237 exaltatus
1552 3183 1711 3238 fuero
1736 3188 1961 3254 aterra,

299 3293 325 3318 ε
370 3270 576 3324 omnia
607 3270 835 3325 traham
870 3271 942 3326 ad
975 3270 1286 3343 meipsum.
1326 3294 1346 3319 η
1380 3273 1538 3327 [lane
1579 3272 1875 3345 accipiunt
1905 3274 1962 3328 in

294 3358 609 3430 baptismo
640 3361 960 3431 regenerati
995 3360 1217 3432 parvuli
1249 3365 1305 3416 et
1335 3361 1674 3432 majores,et
1705 3362 1965 3434 quotidie

298 3447 523 3502 ﬁdeles
551 3447 611 3523 in
641 3448 800 3503 omni
834 3449 1111 3521 cogitatu,
1136 3455 1193 3504 et
1213 3466 1405 3521 opere,
1426 3455 1482 3504 et
1502 3466 1768 3507 sermone
1790 3452 1961 3507 bono.

298 3535 671 3591 Exhortatur
700 3537 983 3606 videlicet,
1019 3539 1170 3610 quod
1206 3540 1420 3593 bonum
1455 3543 1543 3594 est
1572 3539 1912 3612 inspirando
1948 3559 1960 3596 :

292 3626 626 3681 conﬁrmat
651 3643 805 3694 vero,
840 3628 993 3699 quod
1016 3627 1387 3697 inspiraverit
1408 3629 1967 3685 conservando.Nul-

288 3715 435 3769 lum
471 3719 561 3769 est
599 3715 754 3770 enim
806 3716 1060 3771 hominis
1110 3717 1351 3785 bonum,
1386 3719 1535 3789 quod
1593 3736 1706 3773 non
1760 3719 1835 3773 sit
1869 3720 1961 3774 Dei

286 3805 555 3858 donum.
590 3804 693 3858 Per
723 3804 876 3859 hanc
907 3805 1157 3876 gratiam
1189 3807 1383 3875 nobis,
1406 3808 1587 3863 etiam
1620 3808 1966 3879 quotidiana

284 3897 553 3966 peccata
581 3892 884 3948 humiliter
922 3896 1335 3951 conﬁtentibus
1384 3901 1441 3951 et
1490 3896 1963 3968 supplicantibus

285 3981 713 4049 remittuntur,
749 3987 1001 4039 testante
1033 3983 1201 4039 beato
1232 3988 1457 4040 Joanne
1486 3984 1768 4056 apostolo,
1794 3990 1849 4040 et
1870 3985 1954 4039 di-
1989 3972 2031 4038 C

283 4075 471 4126 cente
496 4087 551 4123 :«
575 4070 633 4126 Si
663 4074 1049 4127 conﬁteamur
1078 4078 1315 4145 peccata
1345 4077 1564 4138 nostra,
1592 4074 1780 4129 ﬁdelis
1801 4078 1966 4130 estet

291 4184 317 4211 σ
352 4162 588 4232 justus,
619 4164 684 4215 ut
715 4162 979 4217 remittat
1008 4163 1176 4219 nobis
1210 4167 1528 4235 peccata,et
1556 4165 1835 4220 emundet
1857 4182 1962 4220 nos

290 4274 322 4300 σι
362 4249 443 4303 ab
476 4248 637 4304 omni
668 4249 1003 4323 iniquitate.
1039 4273 1065 4300 η

372 4338 810 4394 Praescientiam
843 4357 1075 4412 quoque
1108 4341 1209 4396 Dei
1240 4343 1472 4398 credere
1503 4343 1807 4411 debemus,
1845 4360 1962 4415 qua

285 4429 467 4484 omni
501 4427 561 4481 in
584 4431 795 4483 reterna
813 4429 1060 4484 scientia
1078 4447 1184 4485 sua
1206 4431 1515 4502 prmscivit,
1531 4435 1586 4486 et
1608 4432 1960 4503 praecognita

281 4519 339 4574 ei
372 4522 523 4571 sunt
541 4530 900 4589 qumcunque
919 4519 1116 4574 futura
1134 4523 1298 4574 sunt:
1317 4536 1428 4574 non
1452 4519 1643 4575 solum
1665 4521 1818 4574 bona
1831 4537 1958 4592 quae

280 4609 431 4679 ipse
459 4606 599 4660 facit
626 4612 682 4661 et
712 4613 1049 4664 remunerat
1082 4608 1139 4662 in
1173 4608 1427 4675 suis,sed
1457 4608 1632 4664 etiam
1656 4608 1811 4663 mala
1833 4627 1958 4680 ques

278 4695 431 4768 ipse
461 4711 578 4748 non
632 4694 786 4766 facit,
820 4697 920 4750 sed
974 4701 1201 4751 tantum
1244 4696 1475 4766 judieat
1518 4700 1574 4751 et
1618 4698 1862 4752 damnat
1898 4697 1957 4753 in

278 4781 538 4837 alienis.
576 4781 735 4837 Unde
762 4787 818 4837 et
849 4783 1152 4855 Scriptura
1179 4784 1353 4839 dicit:
1387 4808 1405 4833 α
1434 4784 1540 4847 Qui
1574 4786 1729 4839 nosti
1761 4787 1959 4841 omnia
1994 4856 2003 4859 _

282 4895 313 4917 η
350 4874 682 4942 antequam
716 4872 879 4927 ﬁant.
917 4894 943 4921 n
982 4874 1065 4927 Ita
1098 4890 1349 4944 namque
1384 4874 1441 4927 in
1474 4874 1571 4929 illa
1588 4878 1801 4928 mterna
1823 4893 1961 4946 prm-

280 4959 573 5025 scientia,
606 4960 655 5013 ei
689 4961 1041 5017 mternaliter
1070 4966 1127 5016 et
1160 4962 1722 5017 incommutabiliter
1760 4964 1959 5019 omnia

280 5048 664 5121 praecognita
692 5055 855 5118 sunt,
887 5050 1040 5106 sicut
1069 5051 1307 5105 omnino
1332 5052 1525 5105 futura
1548 5056 1705 5106 sunt.
1735 5053 1801 5106 Et
1822 5052 1958 5123 quia

278 5137 609 5193 verissime
641 5143 696 5193 et
726 5138 1053 5195 certissime
1086 5139 1638 5213 przescivit,omnino
1660 5139 1743 5195 ita
1765 5146 1956 5208 erunt,

278 5229 461 5281 sicut
477 5243 545 5280 ea
562 5227 867 5298 praescivit.
884 5229 963 5293 De
980 5246 1093 5300 qua
1116 5228 1479 5303 prmscientia
1499 5230 1626 5300 ejus
1647 5229 1956 5301 Apostolus

276 5315 482 5371 dicit:
511 5338 537 5362 ιι
573 5316 715 5370 Nam
746 5334 894 5388 quos
928 5317 1213 5388 praeseivit
1251 5321 1306 5373 et
1357 5317 1789 5389 prmdestinavit
1819 5336 1954 5372 eon-
1987 5341 2032 5404 D

278 5428 309 5454 ιε
339 5404 578 5459 formes
593 5404 715 5458 ﬁeri
731 5405 1006 5478 imaginis
1022 5405 1147 5460 Filii
1161 5405 1250 5460 sui
1263 5429 1309 5459 .››
1328 5406 1955 5463 Przescivitcredimros

270 5498 337 5549 et
375 5508 506 5546 non
537 5494 895 5561 credituros;
917 5495 1203 5566 praescivit
1234 5494 1291 5549 in
1326 5495 1435 5549 ﬁde
1462 5499 1948 5567 perseveraturos,

264 5589 330 5640 et
356 5599 492 5639 non
516 5588 885 5654 perseveratu
897 5600 989 5640 res
1008 5602 1022 5651 ;
1044 5584 1333 5656 praeseivit
1349 5585 1406 5638 in
1424 5585 1542 5639 vita
1564 5588 1778 5640 aeterna
1803 5586 1951 5641 futu-

263 5691 407 5744 ros,
450 5675 506 5727 et
536 5671 595 5727 in
637 5672 770 5747 igne
820 5677 1034 5730 aeterno
1081 5689 1337 5731 arsuros.
1373 5672 1663 5731 Praescivit
1709 5691 1844 5751 ergo
1894 5680 1951 5734 et

2076 1325 2135 1378 in
2170 1325 2401 1380 Psalmo
2433 1326 2662 1380 canitur
2695 1343 2706 1379 :
2744 1349 2771 1375 ‹‹
2805 1327 2910 1393 Qui
2962 1332 3235 1383 numerat
3281 1328 3724 1386 multitudinem

2080 1436 2104 1461 ‹‹
2139 1414 2463 1483 stellarum,
2517 1419 2573 1470 et
2623 1416 2897 1471 omnibus
2949 1417 3033 1472 eis
3084 1417 3324 1472 nomina
3364 1423 3611 1474 vocat.»
3658 1421 3729 1475 Et

2073 1503 2385 1574 Apostolus
2422 1520 2434 1557 :
2474 1526 2499 1553 α
2528 1504 2697 1561 Novit
2729 1504 3014 1561 Dominus
3047 1507 3148 1577 qui
3181 1511 3321 1562 sunt
3354 1508 3502 1578 ejus.
3540 1529 3566 1557 »

2147 1591 2438 1647 Debemus
2470 1593 2647 1647 etiam
2680 1594 2912 1648 credere
2944 1595 3517 1666 praedestinationem
3541 1600 3599 1651 et
3620 1596 3731 1652 ele-

2075 1679 2322 1735 ctionem
2358 1685 2693 1735 sanctorum
2727 1700 2744 1734 :
2778 1681 2917 1753 quia
2950 1699 3068 1751 eos,
3104 1700 3253 1755 quos
3283 1684 3573 1755 priescivit
3621 1702 3730 1741 sua

2074 1768 2259 1840 gratia
2290 1768 2600 1824 salvandns
2621 1773 2676 1824 et
2698 1769 3051 1837 liberandos,
3068 1771 3587 1842 praedestinavitﬁd
3614 1778 3728 1843 est,

2074 1856 2501 1928 prmordinavit,
2526 1861 2582 1912 et
2613 1857 2805 1930 elegit,
2822 1859 2879 1913 id
2905 1865 3010 1927 est,
3030 1877 3063 1914 a
3085 1877 3280 1915 massa
3301 1861 3646 1931 perditionis
3671 1867 3729 1918 et

2075 1946 2347 2000 societate
2366 1948 2748 2017 reproborum
2770 1947 3059 2015 discrevit,
3078 1952 3141 2003 ut
3159 1949 3284 2019 ejus
3310 1949 3499 2021 gratia
3521 1950 3729 2005 ﬁerent

2073 2050 2213 2088 vasa
2243 2034 2675 2102 misericordia},
2712 2052 2839 2107 qua:
2872 2038 3217 2108 praeparavit
3240 2037 3298 2090 in
3323 2037 3726 2109 gloriam.Non

2074 2122 2269 2193 itaque
2300 2123 2514 2179 idcirco
2547 2141 2645 2179 eos
2671 2124 3104 2195 praidestinavit
3135 2130 3191 2180 et
3222 2125 3568 2203 elegit,quia
3589 2144 3730 2199 prae-

2074 2210 2242 2265 scivit
2270 2228 2368 2267 eos
2400 2229 2468 2266 ex
2499 2213 2832 2284 semetipsis
2856 2214 3053 2283 justos
3086 2214 3353 2269 futuros:
3390 2216 3492 2270 sed
3527 2215 3725 2287 potius

2074 2300 2146 2353 ad
2180 2299 2285 2354 hoc
2317 2317 2415 2354 eos
2447 2301 2735 2372 przescivit
2765 2305 2821 2356 et
2852 2301 3305 2373 prmdestinavit,
3332 2307 3397 2357 ut
3418 2319 3520 2358 eos
3542 2303 3727 2375 gratis

2074 2406 2180 2443 sua
2210 2389 2794 2461 gratiajustiﬁcaret.
2830 2391 2993 2458 Quod
3048 2394 3237 2447 totum
3287 2391 3371 2447 ita
3417 2391 3728 2464 Apostolus

2072 2480 2319 2531 testatur
2346 2478 2545 2534 dicens
2571 2496 2581 2533 :
2613 2502 2637 2527 ‹‹
2661 2479 2806 2534 Nam
2840 2496 2986 2551 quos
3019 2480 3308 2552 prazscivit
3338 2484 3393 2535 et
3423 2480 3727 2553 praedesti-

2077 2588 2103 2615 ‹‹
2139 2568 2317 2637 navit,
2346 2589 2365 2614 »
2403 2572 2512 2622 etc.
2533 2569 2644 2622 [loc
2668 2567 2864 2640 itaque
2885 2569 2970 2623 eis
2990 2569 3261 2641 praestitit
3287 2569 3651 2642 prmscientia
3671 2574 3729 2625 et

2072 2655 2503 2727 praedestinatio
2522 2649 2642 2723 D'ei,
2661 2661 2726 2711 ut
2744 2658 2949 2711 ﬁerent
2964 2658 3119 2729 quod
3136 2675 3251 2713 non
3268 2663 3456 2726 erant,
3473 2658 3531 2713 id
3546 2662 3731 2727 est,ut

2072 2744 2277 2799 ﬁerent
2297 2745 2916 2816 conformesimaginis
2932 2745 3061 2800 Filii
3075 2745 3254 2814 sui,et
3266 2751 3613 2803 vocarentur
3626 2764 3724 2803 vo-

2073 2833 2296 2887 catinne
2327 2850 2440 2886 non
2476 2833 2659 2888 solius
2686 2832 2842 2887 vocis
2861 2833 3247 2901 exterius,sed
3265 2834 3728 2906 etgratiaiinspi-

2073 2920 2257 2975 rantis
2290 2926 2346 2976 et
2377 2921 2708 2992 adjuvantis
2731 2921 3134 2976 interius.llazc
3164 2923 3599 2993 prasdestinatio
3623 2923 3725 2977 Dei

2073 3007 2401 3080 appellatur
2429 3025 2855 3080 nonnunquam
2889 3009 3253 3081 propositum
3295 3010 3418 3077 Dei,
3453 3010 3608 3065 sicut
3639 3010 3724 3065 ait
3804 3067 3813 3077 ,

2071 3096 3132 3168 Apostolus:«Scimusenim,quonam
3146 3098 3525 3171 diligentibus
3538 3098 3721 3154 Deum

2078 3209 2104 3236 ‹‹
2138 3186 2336 3241 omnia
2366 3190 2752 3258 cooperantur
2780 3186 2838 3240 in
2873 3187 3091 3241 bonum
3123 3186 3236 3254 his,
3262 3187 3362 3259 qui
3395 3189 3721 3243 secundum

2080 3298 2100 3323 α
2137 3274 2504 3346 propositum
2534 3274 2721 3329 vocati
2754 3278 2895 3329 sunt
2915 3275 3126 3330 sancti.
3147 3297 3175 3324 »
3197 3275 3276 3331 De
3300 3275 3408 3331 hoc
3428 3277 3725 3350 proposito

2076 3368 2131 3417 et
2159 3363 2366 3435 gratia,
2401 3367 2535 3417 ante
2558 3363 2762 3418 mundi
2785 3363 3438 3433 eonstitutionem,ante
3462 3370 3727 3437 tempora

2074 3455 2290 3505 aeterna
2321 3451 2542 3506 sanctis
2573 3451 2863 3523 promissa
2892 3457 2949 3507 et
2999 3452 3231 3519 donata,
3266 3452 3479 3509 iterum
3529 3453 3673 3509 dicit
3706 3471 3720 3510 :

2078 3560 2105 3587 «
2142 3538 2200 3592 In
2234 3554 2397 3610 spem
2419 3538 2547 3593 vita:
2566 3542 2995 3612 zeternaa,quam
3015 3540 3288 3612 promisit
3302 3541 3402 3613 qui
3427 3558 3540 3596 non
3566 3559 3725 3597 men-

2081 3650 2101 3676 α
2136 3626 2279 3682 titur
2308 3627 2462 3682 Deus
2493 3631 2625 3682 ante
2666 3632 2937 3699 tempora,
2973 3628 3296 3698 saecularia,
3330 3630 3727 3686 manifestavit

2078 3739 2105 3766 ‹‹
2138 3720 2331 3771 autem
2366 3716 2729 3788 temporibus
2762 3717 2884 3772 suis
2914 3718 3156 3772 verbum
3190 3735 3433 3773 suum.»
3454 3720 3523 3774 Et
3542 3719 3680 3775 alibi
3707 3736 3721 3775 :

2079 3828 2099 3854 α
2135 3806 2468 3861 Secundum
2493 3807 2766 3860 virtutem
2796 3806 3023 3876 Dei,qui
3049 3823 3154 3860 nos
3182 3805 3467 3873 liberavit,
3484 3811 3541 3862 et
3564 3824 3727 3863 voca-

2078 3916 2105 3944 «
2136 3894 2216 3948 vit
2244 3894 2541 3948 vocatione
2592 3911 2701 3949 sua
2750 3898 2971 3961 sancta,
3007 3910 3122 3948 non
3175 3893 3500 3948 secundum
3547 3910 3724 3966 opera

2078 4006 2098 4031 ιι
2133 3987 2349 4049 nostra,
2359 3983 2459 4037 sed
2473 3982 2691 4038 secund
2702 3999 2797 4037 um
2813 3981 3176 4053 propositum
3191 3998 3366 4037 suum
3380 3985 3437 4037 et
3448 3982 3719 4054 gratiam,

2078 4093 2099 4122 α
2136 4088 2261 4143 quae
2295 4071 2432 4125 data
2464 4075 2552 4126 est
2582 4069 2750 4125 nobis
2782 4069 2840 4125 in
2872 4069 3103 4125 Christo
3131 4070 3437 4143 Jesu,ant,e
3456 4075 3721 4143 tempora

2075 4182 2101 4210 ‹‹
2134 4157 2461 4227 smcularia,
2494 4159 2866 4214 manifestata
2896 4164 2986 4214 est
3013 4162 3209 4214 autem
3241 4176 3424 4228 nunc,
3460 4176 3564 4232 per
3590 4159 3723 4216 illu-

2076 4271 2096 4298 α
2133 4247 2512 4303 minutionem
2546 4248 2861 4304 Salvatoris
2893 4249 3075 4305 nostri
3116 4249 3256 4305 Jesu
3309 4248 3546 4306 Christi.
3578 4272 3607 4301 »
3641 4251 3721 4307 De

2070 4356 2187 4410 qua
2216 4338 2518 4395 vocatione
2549 4338 2772 4393 dictum
2805 4343 2931 4393 est:
2961 4360 2988 4389 «
3021 4339 3158 4395 Sine
3189 4339 3532 4411 pcenitentia
3563 4340 3720 4395 enim

2073 4450 2100 4477 «
2132 4433 2290 4495 sunt,
2327 4452 2352 4477 ››
2388 4428 2443 4482 id
2479 4433 2589 4495 est,
2622 4429 2747 4483 sine
2785 4427 3129 4495 mutatione,
3166 4451 3193 4477 ‹‹
3229 4428 3384 4483 dona
3415 4433 3472 4483 et
3500 4430 3722 4484 vocatio

2073 4539 2099 4568 ‹‹
2134 4519 2255 4573 Dei.
2291 4540 2318 4567 »
2358 4518 2599 4590 Oportet
2628 4517 2822 4589 itaque
2852 4522 2917 4571 ut
2937 4517 3264 4583 credamus,
3282 4516 3475 4587 ipsum
3499 4517 3720 4572 bonum

2070 4607 2518 4679 perseverantize
2550 4612 2910 4675 sanctorum,
2942 4624 3055 4661 non
3103 4605 3294 4661 solum
3341 4607 3584 4675 donum,
3619 4607 3721 4663 sed

2068 4697 2242 4751 etiam
2269 4713 2552 4768 magnum
2568 4700 2623 4751 et
2641 4696 2931 4767 prmeipue
2948 4696 3337 4752 necessariam
3356 4697 3456 4752 Dei
3474 4697 3715 4752 donum.

2068 4785 2214 4850 Quid
2241 4785 2395 4840 enim
2432 4785 2669 4857 prodest
2699 4784 2756 4837 in
2784 4784 2876 4837 his
2906 4783 3075 4839 bonis
3106 4801 3236 4840 esse
3267 4785 3530 4857 coepisse,
3564 4791 3621 4841 et
3651 4804 3718 4842 ea

2067 4877 2200 4927 ante
2234 4874 2404 4927 ﬁnem
2438 4873 2565 4926 vita:
2597 4872 2683 4927 vel
2714 4873 2772 4926 in
2806 4875 2981 4926 ﬁnem
3017 4874 3383 4944 perdidisse?

2138 4962 2377 5033 Oportet
2416 4962 2591 5016 etiam
2645 4965 2707 5015 ut
2755 4963 3085 5029 credamus,
3122 4962 3341 5018 liberus
3389 4968 3447 5017 et
3495 4966 3716 5017 rectum

2064 5050 2386 5106 voluntatis
2412 5048 2820 5117 arbitrium,ab
2855 5050 3020 5104 initio
3044 5051 3268 5105 homini
3292 5068 3325 5104 a
3348 5050 3462 5104 Deo
3483 5053 3717 5103 natura-

2067 5139 2198 5193 liter
2229 5138 2496 5204 insitum,
2519 5138 2600 5192 ita
2616 5138 2816 5209 primae
2840 5138 3333 5211 przevaricationis
3356 5138 3562 5191 merito
3585 5154 3713 5193 esse

2064 5228 2355 5294 vitiatum,
2382 5228 2743 5282 inﬁrmatam
2775 5231 2831 5281 et
2851 5229 3243 5298 depravatem,
3270 5229 3335 5279 ut
3355 5225 3425 5280 ad
3452 5243 3709 5283 amorem

2066 5318 2325 5371 veritatis
2356 5323 2411 5372 et
2432 5316 2677 5387 justitim
2710 5332 3016 5387 assurgere
3049 5332 3162 5368 non
3210 5313 3415 5385 possit,
3450 5315 3561 5370 nisi
3612 5334 3714 5388 per

2064 5407 2283 5460 donum
2318 5405 2532 5460 Christi
2570 5406 2742 5459 fuerit
2771 5404 3106 5470 excitatum,
3133 5407 3431 5471 sanatum,
3465 5422 3530 5459 ac
3552 5422 3714 5479 vege-

2066 5500 2339 5559 tatum,et
2359 5514 2392 5548 a
2412 5512 2529 5549 suze
2560 5491 2863 5565 pravitatis
2883 5490 3023 5546 vitio
3046 5491 3529 5550 liberatum.llinc
3550 5495 3708 5551 enim

2063 5584 2363 5656 Scriptura
2393 5582 2569 5638 dicit:
2609 5580 2882 5636 «Creavit
2931 5581 3085 5637 Deus
3135 5582 3435 5639 hominem
3484 5588 3707 5640 rectum

2064 5697 2093 5729 (ι
2122 5678 2179 5730 et
2208 5674 2332 5750 ipse
2356 5689 2417 5728 se
2437 5668 2682 5729 inﬁnitis
2708 5670 2949 5728 miscuit
2970 5673 3415 5751 quaestionibus.
3441 5694 3470 5725 »
3493 5672 3562 5729 Et
3576 5678 3709 5747 post
