4094 6186
452 368 604 450 ,ιοτ

1701 343 2100 412 AMULONIS
2145 340 2390 405 EPISC.
2439 341 2666 407 LUGD.

3775 338 3882 404 108

487 505 548 560 et
575 495 1004 570 multiplicibus
1033 489 1290 566 praedicti
1323 487 1508 544 Patris
1537 481 2034 556 disputationibus
2055 478 2134 533 fa-
2157 475 2218 544 Α
2250 497 2276 528 ιι
2310 477 2477 570 (Paul.
2513 482 2704 547 Lxxn).
2730 501 2756 528 ››
2791 478 3114 533 Audiamus
3146 477 3344 548 itaque
3375 474 3644 541 ﬁdeliter,
3677 477 3734 530 et
3761 474 3881 530 dili-

488 569 788 664 getur,vel
815 582 994 641 etiam
1026 577 1420 654 profunditate
1449 592 1514 631 ac
1545 569 1923 647 perplexitate
1949 570 2134 664 tanta:

490 655 624 735 rum
645 655 1037 749 quaestionum
1059 669 1421 724 deterreatur
1442 667 1544 720 aut
1565 661 1954 736 perturbetur,
1975 655 2133 712 brevi

492 747 837 839 compendio
851 761 1038 816 discat
1055 758 1208 834 unde
1228 757 1400 811 fidem
1420 770 1586 810 suam
1606 749 1856 839 fideliter
1870 747 2132 839 aedificet,

493 860 551 913 et
581 834 869 912 actionem
891 847 1206 907 salubriter
1233 845 1528 900 informet.
1553 842 1760 897 Sumat
1790 838 1984 908 itaque
2014 834 2137 888 haec

491 945 654 1002 velut
681 942 963 999 alimenta
1008 935 1242 1003 salutis,
1267 937 1325 989 et
1373 934 1575 988 utatur
1616 927 1775 984 velut
1822 921 2136 996 unguentis

496 1031 834 1098 suavitatis;
855 1031 1147 1102 quatenus
1169 1023 1297 1096 ipso
1314 1038 1424 1077 usu
1447 1016 1680 1092 pietatis
1696 1019 1754 1071 et
1768 1015 2141 1102 devotaagsup-

496 1120 834 1198 plicationis
873 1100 1082 1188 magis
1143 1110 1449 1184 magisque
1495 1105 1756 1180 quotidie
1809 1100 2140 1198 experiatur

497 1189 676 1287 quam
691 1207 973 1268 veraciter
986 1203 1260 1262 omnibus
1277 1200 1460 1256 Deum
1484 1194 1730 1252 fideliter
1745 1189 2140 1265 quaarentibus

493 1280 554 1359 ἐι
573 1297 979 1358 invocantibus
1000 1293 1302 1364 Scriptura
1319 1287 1474 1344 dicat
1500 1302 1512 1339 :
1537 1307 1564 1335 ιι
1585 1282 1832 1352 Quaerite
1853 1280 2063 1345 Deum,
2087 1280 2143 1332 et

501 1414 532 1444 ιι
557 1391 712 1449 vivet
755 1389 953 1446 anima
995 1387 1190 1440 vestra
1234 1379 1409 1450 (Psal.
1443 1373 1682 1446 LXVIII).)
1709 1395 1735 1423 ››
1761 1372 1832 1428 Et
1877 1370 2090 1424 iterum
2125 1381 2137 1420 :

501 1505 524 1536 ιι
559 1480 810 1550 Quaerite
855 1479 1098 1542 bonum,
1148 1475 1206 1528 et
1257 1487 1371 1526 non
1417 1465 1662 1532 malum,
1705 1466 1770 1518 ut
1815 1457 2050 1524 vivatis;
2085 1459 2144 1511 et

500 1597 530 1626 ιι
560 1571 672 1631 erit
697 1567 983 1626 Dominus
1029 1562 1393 1620 exercituum
1436 1556 1761 1618 vobiscum,
1796 1550 1948 1605 sicut
1996 1545 2142 1602 dixi-

501 1686 525 1715 ιι
560 1661 668 1720 stis
701 1659 929 1734 (Amor).
957 1678 984 1708 »
1020 1656 1091 1710 Et
1135 1649 1249 1708 alio
1297 1648 1422 1703 loco
1447 1663 1460 1700 :
1489 1667 1516 1696 «
1545 1645 1796 1700 Laetetur
1841 1655 1942 1734 cor
1986 1651 2144 1734 quie-

500 1773 529 1804 «
561 1724 818 1808 renti‘um
866 1724 1183 1804 Dominum
1227 1742 1283 1810 (I
1307 1739 1437 1792 Par.
1470 1736 1606 1802 xw).
1633 1756 1660 1782 ››
1691 1753 1712 1779 ιι
1749 1725 1995 1795 Quaerite
2042 1724 2148 1780 Do-

2243 565 2586 638 gentissime
2607 567 2906 623 discamus
2936 565 2994 621 in
3023 565 3116 622 his
3140 564 3503 622 brevissimis
3534 567 3594 619 et
3623 563 3884 619 suavissi-

2243 654 2359 711 mis
2378 654 2704 712 beatissimi
2734 655 2922 711 Patris
2943 653 3138 720 dictis,
3162 652 3431 709 videlicet
3460 653 3601 725 quid
3639 650 3882 708 sentien-

2244 744 2384 799 dum
2417 748 2474 798 et
2501 745 2820 800 tenendum
2869 745 2964 812 sit,
2993 745 3166 814 juxta
3193 741 3584 798 certissimam
3634 740 3766 795 ﬁdei
3797 757 3884 796 ca-

2244 831 2472 886 tholicm
2520 832 2805 904 regulam,
2837 833 2908 887 de
2944 830 3213 904 originali
3243 830 3456 886 delicto
3503 846 3570 884 ex
3620 829 3804 884 Adam
3833 828 3886 884 in

2246 937 2418 976 omne
2449 920 2778 976 humanum
2799 937 2985 994 genus
3009 920 3327 988 transfuso,
3353 921 3422 975 de
3445 917 3629 973 libero
3656 916 3887 972 arbitrio

2247 1009 2305 1064 in
2335 1011 2519 1066 Adam
2541 1009 2738 1066 vitiato
2767 1017 2824 1066 et
2853 1027 2954 1082 per
2974 1009 3271 1066 Christum
3304 1007 3591 1075 sanando,
3609 1007 3681 1061 de
3711 1005 3890 1078 gratia

2248 1097 2348 1154 Dei
2382 1116 2498 1171 qua
2524 1116 2708 1172 genus
2740 1099 2999 1155 salvetur
3029 1098 3378 1166 humanum,
3414 1097 3486 1152 de
3515 1095 3689 1151 modo
3720 1093 3891 1165 justi-

2249 1186 2340 1243 tizr
2373 1188 2633 1244 fidelium
2685 1190 2742 1244 in
2792 1188 2902 1243 hac
2931 1189 3067 1254 vita,
3099 1187 3168 1241 de
3218 1185 3468 1242 utilitate
3516 1183 3892 1256 correptionis

2249 1281 2308 1332 et
2357 1276 2797 1342 exhortationis,
2837 1279 2907 1331 de
2956 1273 3484 1348 prwdcstinatione,
3515 1271 3798 1329 electione
3843 1276 3894 1328 et

2250 1367 2550 1423 vocatione
2581 1371 2940 1434 sanctorum,
2961 1366 3031 1421 de
3062 1366 3212 1421 dono
3245 1361 3684 1437 perseverantia:
3717 1376 3896 1434 usque

2251 1457 2313 1512 in
2373 1456 2572 1525 ﬁnem,
2605 1473 2718 1528 quo
2779 1455 3110 1527 pervenitur
3168 1455 3240 1510 ad
3300 1455 3521 1510 bonum
3569 1452 3727 1524 quod
3787 1466 3896 1506 non

2253 1544 2430 1601 habet
2477 1545 2673 1600 tinem.
2708 1547 3004 1612 Quantum
3036 1544 3209 1600 etiam
3243 1543 3394 1598 inter
3429 1541 3550 1598 haec
3597 1540 3900 1612 adjuvetur

2255 1634 2412 1706 apud
2443 1635 2647 1702 Deum,
2680 1638 2736 1689 et
2779 1633 3044 1704 proﬁciat
3094 1636 3271 1704 atque
3301 1632 3568 1685 firmetur
3597 1629 3717 1684 vita
3769 1627 3902 1682 Iide-

2252 1724 2400 1779 Iium
2449 1722 2835 1790 orationibus,
2867 1719 3270 1794 eleemosynis,
3323 1724 3379 1774 et
3422 1718 3649 1774 cieteris
3697 1714 3904 1773 studiis

499 1865 530 1894 (‹
563 1839 812 1904 minum,
859 1839 916 1892 et
963 1803 1395 1890 confirmamini
1429 1842 1441 1879 :
1477 1820 1715 1895 quaerite
1763 1816 1970 1874 faciem
2019 1814 2148 1886 ejus
2180 1843 2228 1910 B
2257 1811 2511 1885 pietatis,
2537 1816 2602 1865 ut
2650 1809 2970 1866 alleventur
3030 1807 3328 1881 prostrati,
3376 1810 3660 1862 curentur
3702 1803 3907 1871 saucii,

505 1953 534 1982 ιι
565 1943 797 2000 semper
818 1924 988 1996 (Ρεαι.
1013 1920 1190 1992 c1v).»
1217 1918 1478 1988 Itemque
1501 1912 1636 1968 alibi
1669 1910 1793 1981 ipse
1822 1904 2109 2000 Dominus
2134 1919 2148 1956 ι

507 2039 536 2070 ιι
564 2019 636 2074 Et
661 1995 845 2081 ibitis,
871 2011 1081 2082 inquit,
1105 2011 1161 2064 et
1191 2003 1434 2063 orabitis
1465 2016 1578 2067 me,
1603 2003 1660 2054 et
1691 1995 1999 2052 exaudiam
2031 2008 2151 2082 vos.

506 2127 537 2158 ιι
567 2079 850 2173 Quaeretis
869 2079 984 2168 me,
1009 2101 1068 2154 et
1090 2093 1417 2158 invenietis,
1444 2105 1576 2144 cum
1603 2084 1948 2158 quaesieritis
1980 2097 2074 2136 me
2095 2079 2154 2133 in

517 2217 548 2248 ιι
572 2169 718 2250 toto-
743 2189 917 2247 corde
945 2189 1156 2252 vestro,
1189 2187 1247 2239 et
1287 2179 1551 2236 inveniar
1577 2194 1610 2232 a
1639 2174 1823 2241 vobis,
1856 2170 1997 2228 dicit
2046 2169 2156 2225 Do-

516 2303 547 2335 ιι
577 2279 778 2338 minus
808 2279 937 2350 (Jer.
969 2274 1143 2346 xxxx).
1172 2295 1194 2321 ιι
1222 2269 1533 2339 Quoniam,
1565 2268 1628 2320 ut
1675 2261 1987 2319 Psalmista
2027 2259 2112 2350 ait
2141 2273 2154 2311 :

518 2391 543 2422 ι
577 2385 758 2443 prope
776 2347 868 2423 est
895 2363 1182 2421 Dominus
1204 2357 1480 2416 omnibus
1505 2351 1910 2410 invocantibus
1931 2364 2066 2406 eum
2098 2347 2157 2402 in

517 2482 547 2511 ιι
575 2437 818 2514 veritate
843 2455 960 2524 (Ps.
987 2451 1194 2519 cxuv).
1217 2470 1245 2500 »
1269 2445 1436 2504 Absit
1464 2444 1621 2501 enim
1653 2446 1718 2496 ut
1747 2441 1948 2496 doctor
1980 2437 2161 2510 pieta-

513 2547 592 2604 tis
618 2547 752 2602 ideo
779 2543 1037 2616 aliquem
1080 2541 1151 2597 ad
1190 2535 1620 2594 hasitationem
1649 2529 1737 2586 vel
1769 2527 2158 2586 diffidentiam

513 2634 814 2708 impellere
854 2633 1140 2697 videatur,
1183 2626 1322 2700 quia
1357 2625 1536 2696 juxta
1581 2619 1894 2708 Scriptura:
1945 2619 2160 2708 sanctas

512 2704 691 2781 ﬁdem
721 2738 928 2782 omnes
947 2721 1133 2788 docet,
1157 2732 1362 2774 omnes
1387 2712 1679 2778 hortatur,
1703 2725 1820 2764 non
1842 2706 1903 2762 in
1925 2704 2159 2778 seipsis,

511 2814 615 2871 sed
646 2813 707 2870 in
739 2811 856 2869 Deo
883 2825 1048 2884 spem
1078 2821 1318 2880 ponere;
1340 2818 1474 2859 cum
1496 2798 1781 2872 scriptum
1811 2795 1888 2851 sit
1908 2813 1921 2851 :
1941 2816 1968 2846 ιι
1991 2793 2162 2850 Male-

517 2925 546 2956 ιι
576 2902 770 2960 dictus
799 2901 977 2958 homo
1003 2897 1102 2971 qui
1126 2911 1291 2970 spem
1315 2907 1482 2950 suam
1501 2887 1667 2962 ponit
1687 2887 1744 2942 in
1769 2885 2007 2942 homine
2028 2884 2156 2955 (Jer.

516 3013 546 3044 ιι
573 2991 744 3061 xvn);
767 3011 794 3040 »
828 2993 886 3045 et
914 2995 1048 3061 post
1077 2999 1298 3058 pauca:
1328 3004 1355 3032 ιι
1378 2978 1502 3036 Erit
1533 2976 1701 3050 quasi
1734 2975 1966 3048 myricae
1990 2973 2048 3028 in
2069 2973 2163 3028 de-

517 3102 546 3133 ιι
574 3083 751 3148 serto,
771 3083 830 3135 et
858 3073 1216 3134 nonvidebit
1241 3087 1374 3128 eum
1397 3067 1618 3126 venerit
1645 3066 1864 3121 bonum
1899 3061 2102 3134 (Ibid).
2128 3083 2156 3111 η

511 3169 555 3225 Ε
585 3166 878 3224 contrario
908 3167 1103 3222 autem
1130 3179 1141 3216 :
1171 3183 1197 3212 ιι
1223 3159 1568 3216 Benedictus
1590 3156 1677 3210 vir
1706 3153 1806 3226 qui
1838 3151 2079 3208 confidit
2099 3151 2157 3206 in

515 3279 546 3310 ιι
575 3255 844 3323 Domino,
859 3257 919 3310 et
937 3251 1050 3308 erit
1066 3249 1350 3306 Dominus
1371 3246 1586 3301 ﬁducia
1606 3245 1752 3316 ejus.
1772 3242 1840 3298 Et
1860 3241 1972 3297 erit
1990 3239 2158 3313 quasi

517 3368 540 3396 ι
577 3344 808 3418 lignum
827 3341 985 3415 quod
1006 3337 1474 3410 transplantatur
1493 3351 1670 3406 super
1689 3348 1894 3405 aquas,
1908 3331 2064 3403 quod
2085 3330 2158 3386 ad

516 3457 544 3488 ιι
573 3433 884 3492 humorem
914 3429 1098 3486 mittit
1134 3426 1360 3484 radices
1400 3441 1538 3482 suas
1559 3421 1765 3494 (Ibid),
1790 3443 1818 3471 »
1852 3424 1962 3476 etc.
1996 3418 2161 3476 Unde

511 3527 570 3584 et
595 3525 656 3580 in
686 3521 914 3597 psalmo
942 3519 1176 3578 canitur
1201 3533 1212 3573 :
1239 3539 1267 3569 «
1289 3513 1434 3572 Mihi
1480 3516 1675 3570 autem
1720 3509 2014 3567 adhaerere
2043 3507 2162 3564 Deo

513 3635 541 3670 ι
573 3615 796 3672 bonum
826 3615 936 3682 est,
961 3623 1174 3684 ponere
1202 3606 1262 3662 in
1295 3604 1542 3662 Domino
1565 3601 1681 3658 Deo
1709 3615 1876 3674 spem
1908 3613 2158 3656 meam.»

509 3737 1788 3768 Μ...-

2265 1903 2565 1974 erigantur
2607 1898 2764 1965 elisi;
2817 1903 2881 1954 ut
2930 1899 3180 1969 petendo
3229 1896 3569 1968 accipiatur,
3601 1892 3908 1966 quaerendo

2264 1990 2608 2055 inveniatur,
2640 1987 2928 2058 pulsando
2958 1986 3226 2052 intretur,
3253 1975 3427 2056 atque
3456 1984 3538 2040 ita
3570 1985 3913 2056 cooperante

2267 2079 2367 2136 Dei
2398 2079 2584 2152 gratia
2630 2079 2850 2132 bonum
2881 2079 3174 2130 certamen
3221 2077 3492 2141 certetur,
3519 2089 3732 2128 cursus
3787 2087 3915 2127 con-

2267 2172 2616 2234 summetur,
2660 2165 2802 2220 fides
2853 2169 3130 2230 servetur,
3167 2164 3450 2218 adventus
3498 2159 3734 2218 Domini
3787 2157 3918 2215 dili-

2267 2261 2456 2331 gatur,
2491 2260 2549 2311 et
2577 2254 2678 2327 qui
2710 2253 2968 2326 legitime
3002 2252 3308 2308 certaverit
3337 2253 3669 2307 coronetur.
3693 2249 3797 2304 Sic
3824 2248 3920 2303 ita-

2267 2363 2381 2420 que
2408 2345 2468 2400 in
2499 2344 2614 2410 his,
2647 2347 2706 2400 et
2749 2360 2819 2399 ex
2861 2341 2979 2410 his,
3010 2358 3138 2414 quae
3171 2344 3370 2397 tantus
3403 2340 3572 2396 Pater
3620 2339 3694 2394 de
3743 2335 3919 2392 tantis

2268 2437 2441 2493 rebus
2491 2431 2820 2490 necessario
2851 2435 2909 2487 et
2940 2429 3188 2486 fideliter
3232 2429 3420 2498 docet,
3452 2425 3719 2500 proﬁciat
3752 2424 3922 2480 aedifi-

2267 2525 2419 2582 catio
2473 2521 2608 2578 ﬁdei
2667 2525 2899 2590 nostris,
2931 2523 2998 2574 ut
3054 2518 3420 2574 concalescat
3465 2521 3522 2574 et
3568 2513 3924 2572 accendatur

2268 2611 2485 2670 ﬁducia
2515 2609 2639 2684 spei
2671 2614 2903 2676 nostrm,
2927 2607 3209 2664 excitetur
3228 2607 3455 2663 devotio
3475 2603 3760 2662 orationis
3795 2619 3922 2658 nos-

2268 2709 2392 2771 tra),
2455 2700 2804 2756 informetnr
2859 2695 3125 2753 studium
3183 2695 3432 2752 actionis
3489 2698 3701 2751 nostris
3737 2710 3755 2748 :
3791 2690 3925 2764 quia

2269 2792 2424 2864 apud
2456 2788 2912 2860 omnipotentem
2945 2785 3282 2854 Dominum,
3312 2783 3574 2840 veritatis
3603 2787 3663 2839 et
3685 2781 3925 2854 pietatis

2269 2883 2588 2945 auctorem,
2622 2890 2993 2948 nequaquam
3044 2875 3190 2931 ﬁdes
3239 2873 3484 2946 impedit
3530 2872 3927 2938 devotionem,

2271 2970 2370 3027 sed
2394 2967 2619 3024 devotio
2643 2963 2916 3038 dirigitur
2943 2968 3001 3019 et
3029 2963 3350 3020 aedificatur
3370 2979 3439 3019 ex
3459 2961 3592 3032 ilde,
3615 2965 3684 3016 ut
3703 2963 3928 3033 quanto

2269 3059 2402 3132 quis
2437 3055 2668 3113 ﬁdelius
2697 3055 2768 3111 de
2801 3053 2900 3111 illo
2931 3055 3130 3121 sentit,
3164 3059 3222 3110 et
3261 3052 3566 3109 sentiendo
3594 3055 3926 3118 veneratur,

2270 3153 2431 3206 tanto
2463 3147 2794 3219 promptius
2836 3149 2893 3200 et
2939 3143 3237 3200 efﬁcacius
3283 3143 3414 3214 ejus
3459 3143 3710 3215 gratiam
3769 3156 3930 3197 asse-

2272 3241 2507 3310 quatur,
2543 3235 2846 3307 Scriptura
2876 3237 3080 3288 sancta
3109 3232 3342 3287 dicente
3369 3247 3382 3285 :
3411 3253 3440 3280 ιι
3463 3222 3689 3286 δοιίῐιὶῐθ
3719 3230 3802 3286 de
3832 3228 3933 3284 Do-

2270 3349 2300 3377 ιι
2334 3325 2496 3382 mino
2526 3325 2586 3379 in
2607 3323 2888 3390 bonitate,
2906 3326 2966 3377 et
2983 3321 3044 3376 in
3066 3319 3448 3394 simplicitate
3467 3319 3662 3376 cordis
3683 3316 3934 3391 quaerite

2272 3439 2300 3468 ιι
2331 3413 2499 3472 illum
2533 3431 2547 3468 :
2577 3411 2858 3484 quoniam
2905 3410 3200 3468 invenitur
3227 3410 3301 3466 ab
3333 3409 3429 3465 his
3477 3408 3579 3481 qui
3627 3423 3752 3464 non
3807 3412 3930 3464 ten-

2277 3526 2298 3554 ιι
2332 3509 2460 3562 tant
2491 3501 2683 3569 illum,
2729 3504 2971 3574 apparet
3009 3499 3094 3558 eis
3139 3499 3236 3572 qui
3270 3500 3546 3556 fiduciam
3595 3499 3826 3556 habent
3872 3497 3932 3554 in

2274 3618 2302 3647 «
2334 3592 2501 3652 illum
2535 3591 2683 3665 (Sap.
2717 3593 2834 3659 1).»

1695 3871 2198 3982 INCIPIT
2303 3869 2734 3974 LIBER.

1993 4055 2418 4072 ’ψ-

1041 4193 1272 4251 CAPUT
1312 4193 1624 4250 PRIMUM.

539 4305 624 4361 Ea:
654 4303 794 4359 libro
824 4301 887 4359 de
915 4301 1254 4373 Perfecteone
1273 4301 1511 4373 justiti}?
1530 4299 1796 4373 Ahomz‘nz’s,
1827 4298 1896 4352 ad
1924 4299 2114 4354 Eutro-

918 4371 1078 4446 piu7m
1106 4380 1157 4430 et
1182 4371 1419 4427 Paulum
1448 4371 1741 4442 episcopos.

573 4493 890 4550 SENTENTIA
946 4489 990 4546 Ι.
1037 4489 1188 4561 (Cap.
1242 4487 1320 4559 3.)
1371 4487 1482 4559 Spe
1540 4485 1682 4541 salvi
1732 4485 1865 4541 facti
1917 4502 2146 4545 sumus.

501 4583 646 4654 Spes
677 4584 871 4636 autem
906 4595 1034 4652 quae
1063 4578 1293 4634 videtur
1329 4592 1442 4632 non
1476 4580 1563 4633 est
1610 4591 1763 4646 spes.
1797 4577 1961 4642 Quod
1990 4577 2144 4632 enim

497 4669 657 4724 videt
677 4669 830 4740 quis,
847 4668 988 4739 quid
1011 4665 1243 4739 sperat?
1265 4665 1323 4722 Si
1346 4669 1542 4720 autem
1566 4665 1720 4737 quod
1743 4681 1856 4720 non
1880 4665 2146 4721 videmus

501 4773 829 4830 speramus,
854 4773 957 4828 per
987 4755 1326 4828 patientiam
1361 4758 1768 4825 exspectamus
1800 4755 1972 4824 (Rom.
1997 4755 2140 4826 vm).

498 4848 665 4903 Tunc
689 4860 826 4917 ergo
850 4845 961 4900 erit
983 4845 1151 4916 plena
1167 4842 1420 4914 justitia,
1445 4845 1678 4914 quando
1701 4843 1870 4916 plena
1889 4843 2140 4911 sanitas;

495 4941 640 4993 tunc
670 4934 844 5008 plena
875 4933 1119 4999 sanitas,
1145 4933 1378 5004 quando
1421 4932 1592 5004 plena
1630 4932 1910 4998 eharitas;
1955 4933 2142 5006 pleni-

493 5026 638 5082 tudo
657 5023 816 5081 enim
837 5021 984 5094 legis
1005 5026 1093 5078 est
1113 5021 1386 5076 charitas.
1411 5023 1577 5076 Tunc
1599 5027 1792 5076 autem
1815 5022 1985 5093 plena
2005 5023 2140 5078 cha-

494 5111 909 5186 ritas,quando
929 5109 1258 5166 videbimus
1280 5125 1414 5163 eum
1436 5107 1606 5163 sicuti
1631 5113 1739 5162 est.
1763 5109 1962 5179 Neque
1983 5109 2140 5164 enim

493 5203 605 5256 erit
633 5203 787 5274 quod
838 5201 1089 5256 addatur
1119 5199 1191 5253 ad
1223 5197 1614 5265 dilectionem,
1649 5213 1783 5252 cum
1813 5197 1958 5253 ﬁdes
2009 5214 2138 5269 per-

489 5290 712 5346 venerit
743 5293 816 5346 ad
845 5290 1148 5347 visionem.

563 5379 821 5450 ll.~(Cap.
854 5380 930 5452 4.)
955 5380 1059 5435 Per
1089 5377 1310 5434 arbitrii
1345 5375 1674 5430 libertatem
1707 5376 1924 5430 factum
1959 5381 2044 5430 est
2075 5380 2138 5431 ut

490 5469 646 5524 esset
673 5467 848 5522 homo
877 5485 1012 5523 cum
1044 5472 1310 5540 peccato;
1344 5466 1444 5522 sed
1481 5466 1606 5536 jam
1641 5465 1886 5536 poenalis
1917 5465 2134 5519 vitiosi-

489 5559 584 5613 tas
611 5557 943 5625 subsecuta,
969 5574 1036 5612 ex
1062 5557 1330 5613 libertate
1355 5555 1490 5611 fecit
1520 5555 1945 5612 necessitatem.
1973 5554 2134 5610 Unde

487 5644 565 5728 ad
592 5643 778 5728 Deum
819 5644 1009 5727 ﬁdelis
1039 5644 1252 5724 clamat
1285 5662 1297 5702 :
1327 5667 1354 5696 ιι
1387 5645 1466 5706 De
1508 5643 1956 5707 necessitatibus
1987 5643 2133 5708 meis

2266 4163 2293 4190 ιι
2325 4139 2472 4196 educ
2505 4151 2596 4190 me
2617 4131 2787 4204 (Psal.
2813 4132 2986 4199 xxxv).
3013 4151 3041 4179 ››
3065 4129 3186 4186 Sub
3219 4128 3435 4200 quibus
3467 4126 3776 4200 positi,vel
3812 4142 3931 4184 non

2257 4240 2576 4300 possumus
2597 4221 2751 4294 quod
2772 4218 3045 4275 volumus
3076 4215 3429 4290 intelligere;
3456 4215 3544 4271 vel
3567 4215 3724 4287 quod
3761 4213 3933 4270 intel-

2181 4339 2228 4404 Β
2263 4315 2596 4380 Iexerimus,
2631 4309 2906 4366 nolumus
2948 4323 3053 4362 nec
3084 4304 3344 4362 valemus
3385 4304 3648 4377 implere.
3683 4304 3844 4360 Nam
3877 4309 3934 4360 et

2259 4403 2386 4476 ipsa
2417 4403 2656 4458 libertas
2696 4395 3069 4453 credentibus
3101 4412 3135 4450 a
3166 4394 3476 4450 liberatore
3508 4393 3930 4464 promittitur:

2263 4514 2288 4540 ιι
2323 4493 2380 4548 Si
2423 4508 2542 4557 vos,
2567 4487 2778 4559 inquit,
2805 4485 2986 4541 Filius
3027 4483 3380 4549 liberaverit,
3407 4487 3544 4538 tunc
3581 4497 3712 4536 vere
3751 4481 3934 4538 liberi

2262 4603 2288 4630 ι‹
2319 4579 2481 4636 eritis
2503 4579 2874 4646 (Joa-n.vm).»
2899 4573 3067 4629 Victa
3087 4572 3243 4628 enim
3271 4571 3408 4628 vitio
3441 4571 3500 4626 in
3524 4571 3678 4642 quod
3701 4570 3936 4627 cecidit

2255 4669 2572 4731 voluntate,
2598 4664 2787 4722 caruit
2831 4663 3098 4719 libertate
3144 4666 3372 4717 natura.
3398 4661 3542 4716 Hinc
3594 4658 3708 4715 alia
3761 4659 3932 4716 Seri-

2255 4763 2429 4831 ptura
2455 4755 2628 4812 dicit:
2659 4776 2684 4804 «
2705 4756 2750 4808 A
2772 4770 2888 4824 quo
2916 4751 3073 4807 enim
3103 4751 3236 4823 quis
3267 4750 3529 4806 devictus
3559 4753 3668 4816 est,
3693 4747 3850 4804 huic
3872 4753 3935 4804 et

2259 4870 2283 4897 ιι
2317 4864 2516 4902 servus
2548 4843 2818 4900 addictus
2858 4845 2947 4896 est
2976 4841 3051 4914 (II
3077 4841 3222 4896 Petr.
3256 4840 3338 4912 ιι).
3367 4861 3392 4888 n
3428 4840 3593 4894 Sicut
3621 4854 3765 4910 ergo
3802 4855 3932 4895 non

2253 4940 2342 4991 est
2372 4953 2518 5007 opus
2557 4934 2716 4990 sanis
2763 4931 3048 4999 medicus,
3082 4931 3182 4985 sed
3217 4929 3366 4985 male
3415 4926 3804 4994 habentibus,
3845 4929 3932 4982 ita

2253 5042 2368 5080 non
2401 5029 2488 5080 est
2521 5039 2667 5095 opus
2693 5019 2891 5076 liberis
2912 5018 3208 5086 liberator,
3235 5018 3332 5074 sed
3361 5017 3563 5085 servis,
3589 5019 3653 5070 ut
3675 5007 3728 5069 εἰ
3755 5015 3936 5071 dicat

2249 5112 2562 5186 gratulatio
2595 5109 2916 5166 libertatis:
2951 5107 3182 5164 Salvam
3217 5107 3405 5162 fecisti
3438 5107 3508 5161 de
3541 5103 3936 5160 necessitati-

2249 5203 2360 5258 bus
2383 5202 2638 5258 animam
2663 5215 2874 5254 meam.
2893 5198 3025 5269 Ipsa
3043 5197 3200 5253 enim
3224 5196 3450 5252 sanitas
3471 5198 3560 5251 est
3579 5210 3718 5249 vera
3743 5191 3941 5250 Iiber-

2249 5297 2356 5356 tas,
2393 5308 2518 5362 quae
2551 5306 2665 5344 non
2693 5286 2960 5360 perisset,
2985 5286 3034 5340 si
3081 5286 3234 5341 bona
3280 5284 3671 5358 permanissct
3696 5283 3937 5339 volun-

2245 5383 2356 5434 tas.
2381 5378 2526 5446 Quia
2555 5394 2687 5433 vero
2720 5374 2978 5448 peccavit
3000 5373 3294 5444 voluntas,
3317 5378 3519 5430 secuta
3543 5377 3631 5428 est
3663 5387 3940 5442 peccan-

2247 5473 2362 5522 tem
2397 5471 2699 5538 peccatum
2736 5465 2988 5520 habendi
3019 5465 3167 5518 dura
3197 5463 3536 5530 necessitas,
3563 5462 3750 5516 donec
3793 5466 3940 5520 tota

2246 5559 2484 5611 sanetur
2530 5554 2862 5624 inﬁrmitas,
2896 5558 2951 5609 et
2999 5554 3320 5626 accipiatur
3368 5557 3490 5607 tota
3530 5550 3820 5620 libertas;
3861 5551 3934 5608 in

2244 5661 2362 5724 qua
2391 5645 2541 5705 sicut
2572 5661 2808 5705 necesse
2839 5649 2927 5704 est
2955 5647 3295 5720 permaneat
3331 5643 3501 5702 beate
3529 5637 3770 5701 vivendi
3805 5657 3936 5703 vo-
