4094 6186
250 403 364 467 109

1031 407 1133 468 DE
1179 405 1964 480 PR/EDESTINATIONE,
2011 406 2207 483 ETC.,
2256 411 2357 472 EX
2402 414 2883 478 AUGUSTINO.

3550 396 3667 483 ne

250 534 464 604 lunias,
500 535 583 592 ita
614 537 694 593 sit
727 538 905 595 etiam
940 540 1084 595 bene
1106 541 1332 597 vivendi
1366 547 1420 597 et
1454 558 1755 613 nunquam
1782 556 1905 613 pcc-
1932 541 1987 607 Α
2019 546 2311 611 sanetum,
2348 545 2446 615 qui
2477 547 2650 603 datus
2680 552 2767 602 est
2801 548 3115 605 nobis.Ncc
3137 548 3313 606 aliam
3334 549 3407 605 ob
3427 566 3667 607 causam

247 624 416 679 candi
447 624 790 683 voluntaria
823 627 1071 701 felixque
1109 631 1447 685 necessitas.

2019 629 2321 703 Scriptura
2352 640 2773 692 commemorat
2803 653 2918 691 non
2961 653 3089 693 esse
3137 637 3335 710 gravia
3382 642 3671 712 praecepta

312 712 411 769 ΙΙΙ.
442 714 600 787 (Cap.
633 716 717 784 5.)
748 715 1054 784 Dominus,
1080 718 1178 792 qui
1213 720 1453 774 verbum
1489 737 1908 776 consummaus
2019 719 2365 788 divina,nisi
2394 728 2457 779 ut
2489 724 2846 797 anima,qua3
2880 725 2979 781 illa
3010 726 3209 799 gravia
3239 727 3434 796 sentit,
3458 725 3668 783 intelli-

242 805 295 857 et
324 802 606 857 brevians
632 803 765 860 fecit
796 822 974 878 super
1004 807 1314 875 terram,in
1351 807 1581 864 duobus
1604 808 1906 881 praeceptis

241 890 595 962 dixitlcgem
618 893 1056 967 prophetasque
1079 896 1352 967 pendere,
1369 896 1905 969 utintelligeremus

241 980 531 1051 quidquid
565 980 726 1036 aliud
760 983 1043 1038 divinitus
1068 991 1421 1057 prmeeptum
1446 986 1627 1053 est,in
1654 987 1745 1040 his
1766 988 1903 1041 duo-

241 1068 348 1123 bus
379 1068 604 1124 habere
639 1070 920 1140 ﬁnem,et
949 1073 1019 1127 ad
1054 1073 1174 1128 hmo
1204 1075 1319 1130 duo
1351 1091 1479 1131 esse
1500 1076 1898 1131 referendum:

2016 813 2115 879 gat
2132 811 2393 866 nondum
2426 828 2488 868 se
2504 812 2797 883 accepisse
2816 814 2988 883 vires,
3005 814 3220 886 quibus
3239 815 3511 871 taliasint
3525 833 3667 888 prte-

2016 904 2184 970 cepta
2215 900 2468 969 Domini,
2502 901 2697 973 qualia
2727 903 3242 971 commendantur;
3276 902 3422 959 levia
3442 902 3667 961 scilicet

2015 991 2190 1059 atque
2219 989 2438 1056 suavia,
2465 994 2521 1044 et
2552 994 2675 1045 oret
2705 991 2923 1062 gemitu
2947 991 3365 1060 voluntatis,ut
3390 993 3665 1065 impetret

2013 1077 2229 1131 donum
2266 1076 2707 1144 facilitatis.Qui
2737 1078 2893 1134 enim
2928 1079 3107 1134 dicit:
3145 1101 3172 1129 «
3204 1080 3330 1135 Fiat
3348 1097 3446 1135 cor
3461 1096 3659 1137 meum

242 1181 268 1207 ιι
301 1155 529 1230 Diliges
563 1158 883 1214 Dominum
906 1161 1089 1217 Deum
1108 1167 1275 1218 tuum
1293 1179 1361 1219 ex
1382 1169 1501 1220 toto
1526 1166 1697 1220 corde
1718 1169 1909 1233 tuo,et
2014 1186 2041 1214 «
2076 1164 2548 1232 immaculatum,
2564 1188 2591 1215 ι)
2611 1168 2688 1234 et,
2711 1167 2967 1222 «Itinera
2982 1183 3113 1221 mea
3133 1167 3317 1240 dirige
3334 1168 3660 1225 secundum

242 1268 268 1295 ο(
297 1261 366 1300 ex
390 1251 520 1302 tota
546 1246 747 1304 anima
770 1253 891 1319 tua,
909 1254 967 1306 et
993 1268 1060 1306 ex
1079 1254 1202 1307 tota
1225 1251 1439 1308 virtute
1466 1257 1640 1308 tuazn
1671 1258 1727 1309 et
1750 1276 1777 1303 ‹‹
1803 1253 1900 1309 Di-

241 1356 267 1383 u
297 1333 451 1408 ligcs
463 1336 804 1407 proximum
822 1342 990 1394 tuum
1011 1341 1163 1396 sicut
1180 1340 1456 1413 teipsum.
1474 1343 1537 1397 In
1554 1342 1668 1410 his,
1685 1344 1898 1416 inquit,

240 1445 267 1473 α
296 1424 542 1480 duobus
576 1427 883 1499 praeceptis
916 1431 1036 1484 tota
1066 1428 1156 1484 lex
1186 1431 1398 1502 pendet
1425 1435 1483 1486 et
1517 1432 1831 1504 prophetae.
1866 1455 1894 1484 η

235 1512 445 1582 (lauit.
480 1517 649 1582 χχιι).
681 1516 978 1589 Quidquid
1012 1533 1149 1590 ergo
1188 1517 1289 1573 Dei
1321 1519 1445 1592 lege
1493 1519 1895 1593 prohibemur,

2014 1274 2041 1302 ‹‹
2074 1253 2315 1308 verbum
2329 1258 2600 1323 tuum,ne
2620 1252 2958 1310 dominetur
2970 1252 3116 1309 mihi
3130 1252 3659 1326 omnisiniquitas»

2009 1340 2178 1412 (Psal.
2212 1346 2439 1411 cxvm);
2464 1347 2552 1399 et:
2580 1365 2607 1394 ‹‹
2644 1343 2771 1399 Fiat
2798 1340 3071 1399 voluntas
3101 1346 3206 1399 tua
3230 1343 3384 1399 sicut
3408 1341 3468 1399 in
3494 1341 3660 1414 cmlo,

2012 1452 2039 1478 «
2071 1429 2151 1486 ita
2182 1436 2237 1486 et
2266 1430 2325 1486 in
2354 1436 2509 1487 terra
2541 1449 2553 1485 :
2591 1454 2616 1481 ι)
2653 1435 2729 1499 et,
2749 1453 2777 1482 ‹‹
2808 1430 2890 1487 Ne
2921 1448 3027 1488 nos
3060 1431 3280 1487 inferas
3308 1430 3368 1486 in
3400 1433 3664 1488 temtatio-

2010 1542 2037 1569 (ι
2070 1536 2204 1575 nem
2237 1520 2440 1589 (Matth.
2474 1523 2574 1588 v1),
2596 1543 2616 1567 η
2655 1524 2712 1576 et
2743 1525 2951 1576 caztera
2979 1519 3488 1594 hujusmodi,quie
3508 1537 3663 1577 com-

236 1605 290 1658 et
320 1602 625 1675 quidquid
649 1604 936 1674 jubemur
965 1606 1174 1671 facere,
1190 1607 1257 1662 ad
1294 1606 1403 1662 hoc
1434 1607 1814 1679 prohibemur
1841 1615 1900 1666 et
2008 1623 2332 1664 memorare
2357 1608 2600 1682 longum
2637 1613 2745 1679 est,
2765 1609 2873 1665 hoc
2903 1609 3106 1681 utique
3127 1612 3272 1679 orat,
3287 1613 3355 1666 ut
3373 1613 3663 1683 praecepta

226 1690 519 1762 jubemur
550 1697 618 1747 ut
645 1693 761 1749 duo
779 1694 894 1749 ista
910 1694 1413 1767 compleamus.Et
1444 1698 1587 1752 forte
1608 1699 1895 1771 generalis
2005 1696 2107 1752 Dei
2139 1697 2331 1753 faciat.
2350 1699 2483 1763 Quae
2518 1703 2582 1753 ut
2611 1698 2818 1753 flerent
2848 1714 2952 1753 nec
2974 1699 3306 1771 juberetur,
3331 1698 3380 1755 si
3404 1698 3551 1754 nihil
3576 1698 3659 1755 ibi

237 1779 564 1852 prohibitio
596 1785 688 1837 est
716 1798 728 1836 :
770 1805 791 1832 ε
825 1782 952 1838 Non
1002 1784 1415 1857 concupisces;
1448 1808 1475 1835 η
1509 1791 1567 1843 et
1612 1787 1896 1859 generalis
2004 1790 2207 1841 nostra
2235 1785 2504 1841 voluntas
2538 1790 2758 1859 ageret,
2788 1802 2894 1842 nec
2924 1791 3213 1855 oraretur,
3245 1787 3293 1842 si
3335 1786 3462 1844 sola
3493 1787 3659 1843 sum-

225 1868 420 1939 jussio
449 1885 518 1923 :«
552 1868 842 1942 Diliges.»
878 1870 1040 1927 Unde
1072 1873 1321 1929 breviter
1350 1879 1407 1929 et
1437 1877 1738 1947 apostolus
1756 1876 1896 1933 Pau-
1922 1914 1971 1980 Β
2004 1880 2178 1930 ceret.
2215 1875 2716 1930 Commendantur
2744 1890 2881 1947 ergo
2913 1892 3029 1930 non
3063 1891 3193 1931 esse
3224 1873 3444 1948 gravia,
3468 1879 3534 1931 ut
3560 1874 3655 1931 cui

231 1957 321 1980 1---
361 1958 617 1980 _.--j-.-
654 1958 773 1980 ‘l---
810 1964 1048 1980 __A_,__-_-
1083 1978 1120 1980 ,r
1163 1978 1263 1980 -,-,
1328 1963 1338 1980 Ι
1583 1968 1592 1980 ι
1639 1965 1677 1980 n
1749 1965 1762 1980 ο
1794 1966 1826 1980 ιι
1857 1966 1867 1977 ι
2082 1979 2086 1980 ,
2145 1963 2183 1980 ’ν
2367 1967 2378 1980 ι
2453 1963 2464 1974 ο
2517 1967 2528 1980 ι
2575 1962 2660 1980 Iit.
2719 1968 2731 1980 ι
2924 1964 2940 1980 ι
3031 1979 3034 1980 ,
3331 1977 3343 1980 _
3395 1963 3409 1976 ο
3569 1964 3587 1980 1

231 1957 326 2013 lus
355 1958 625 2030 quodam
654 1958 780 2015 loco
810 1964 1130 2033 utrumque
1150 1963 1489 2036 complexus
1512 1968 1619 2021 est.
1637 1965 1896 2021 Prohibi-

233 2046 309 2102 tio
338 2051 431 2103 est
462 2046 625 2103 enim
662 2064 676 2102 :
715 2071 743 2098 «ι
775 2048 965 2106 Nolite
996 2041 1347 2107 conformari
1396 2051 1533 2109 huic
1580 2053 1790 2110 saaculo
1816 2074 1829 2124 ;
1860 2078 1888 2105 »ι

222 2136 417 2207 jussio
452 2141 677 2203 autem,
700 2160 726 2185 ‹‹
760 2139 861 2193 sed
892 2139 1290 2195 reformamini
1316 2141 1373 2195 in
1408 2141 1656 2199 nevitate
1680 2145 1890 2201 mentis

232 2248 259 2275 «ι
290 2230 501 2281 vestra:
538 2226 714 2297 (Rom.
748 2227 805 2297 ι).
844 2251 870 2276 ››
909 2226 1054 2283 Illud
1087 2229 1338 2300 pertinet
1363 2232 1432 2285 ad
1469 2249 1582 2287 non
1616 2234 1889 2304 concupi-

227 2332 410 2381 scere,
449 2314 563 2370 hoc
597 2316 668 2369 ad
703 2315 976 2387 diligere;
1019 2316 1161 2372 illud
1205 2319 1275 2373 ad
1308 2319 1746 2390 continentiam,
1781 2322 1888 2379 hoc

228 2406 299 2460 ad
322 2404 671 2475 justitiam;
704 2404 847 2460 illud
884 2407 954 2460 ad
988 2405 1398 2463 declinandum
1433 2427 1465 2465 a
1495 2411 1792 2477 malo,hoc
1816 2415 1889 2468 ad

227 2495 575 2550 faciendum
609 2496 853 2553 bonum.
891 2496 1016 2551 Non
1048 2498 1509 2569 concupiscendo
1540 2501 1696 2555 enim
1726 2506 1886 2558 vetu-

226 2588 380 2640 state
412 2583 928 2660 exspoliamurhet
959 2586 1211 2642 novitate
1240 2587 1543 2643 induimur
1571 2589 1885 2661 diligendo.

227 2673 338 2729 Sed
373 2689 485 2729 nec
516 2674 839 2745 quisquam
869 2678 1061 2747 potest
1090 2692 1218 2732 esse
1246 2677 1573 2747 continens,
1593 2677 1705 2733 nisi
1733 2679 1887 2735 Deus

227 2762 433 2818 detzet
463 2761 725 2817 charitas
756 2763 858 2818 Dei
889 2757 1242 2821 diffunditur
1272 2765 1329 2820 in
1354 2768 1629 2823 cordibus
1647 2769 1885 2841 nostris,

226 2868 343 2908 non
376 2868 488 2925 per
518 2868 627 2907 nos
656 2851 838 2924 ipsos,
872 2853 973 2909 sed
1003 2869 1107 2925 per
1136 2853 1420 2926 Spiritum
1460 2860 1752 2929 sanctum,
1786 2857 1885 2930 qui

229 2942 438 2998 datum
467 2944 561 2997 est
590 2940 782 2997 nobis.
815 2942 932 2997 Hoc
965 2945 1163 2998 autem
1196 2944 1261 2997 fit
1292 2943 1361 2999 de
1391 2944 1484 3000 die
1529 2945 1589 3001 in
1638 2946 1792 3001 diem
1824 2946 1884 3001 in

225 3030 320 3086 his
355 3031 459 3103 qui
492 3028 762 3098 valendo,
797 3034 853 3086 et
892 3031 1200 3099 credendo,
1233 3037 1292 3088 et
1337 3034 1657 3090 invocando
1706 3036 1884 3107 proﬁ-

225 3119 416 3188 ciunt,
430 3124 493 3175 et
522 3120 816 3193 prieterita
837 3118 1245 3176 obliviscentes
1267 3120 1323 3175 in
1354 3138 1420 3177 ea
1447 3140 1573 3194 qua:
1596 3129 1728 3178 ante
1747 3128 1887 3180 sunt

227 3210 656 3285 extenduntur.
699 3209 783 3263 Ad
834 3207 943 3264 hoc
993 3209 1148 3264 enim
1200 3209 1288 3264 lex
1337 3211 1452 3267 ista
1499 3213 1779 3285 praicipit,
1822 3218 1885 3269 ut

2001 1963 2199 2037 gravia
2246 1967 2406 2031 sunt,
2450 1962 2740 2036 intelligat
2789 1964 3049 2018 nondum
3100 1980 3165 2020 se
3215 1963 3511 2036 accepisse
3552 1964 3655 2020 do-

2002 2068 2165 2120 num,
2200 2070 2315 2124 quo
2364 2053 2563 2126 gravia
2609 2069 2725 2109 non
2771 2052 2927 2119 sint;
2959 2066 3068 2109 nec
3114 2052 3436 2110 arbitretur
3480 2069 3551 2110 ea
3593 2070 3656 2111 se

2000 2142 2295 2212 perficere,
2326 2140 2603 2213 quoniam
2638 2140 2721 2196 ita
2752 2140 2891 2196 facit
2922 2145 2988 2196 ut
3020 2140 3219 2213 gravia
3246 2140 3653 2198 sint.Hilarem

2000 2231 2157 2284 enim
2208 2231 2468 2285 datorem
2522 2229 2715 2301 diligit
2763 2230 2939 2285 Deus.
2996 2230 3113 2285 Nec
3162 2235 3359 2286 tamen
3403 2247 3537 2287 cum
3587 2245 3656 2287 ea

1998 2319 2196 2391 gravia
2228 2319 2422 2385 sentit,
2460 2320 2824 2392 desperando
2858 2320 3182 2392 frangatur,
3220 2321 3320 2377 sed
3370 2322 3442 2376 ad
3491 2336 3654 2393 quae-

2000 2409 2267 2475 rendum,
2306 2409 2647 2481 petendum,
2680 2408 3159 2481 pulsandumque
3191 2414 3451 2483 cogatur.

2068 2496 2161 2551 VI.
2195 2499 2350 2570 (Cap.
2388 2499 2501 2564 11.)
2530 2497 2703 2552 Aliud
2735 2503 2823 2553 est
2857 2514 2985 2554 esse
3026 2499 3153 2554 sine
3204 2503 3461 2570 peccato,
3495 2500 3652 2572 quod

1997 2586 2067 2641 de
2099 2586 2221 2643 solo
2246 2586 2307 2641 in
2336 2586 2444 2642 hac
2475 2587 2597 2642 vita
2619 2586 2930 2660 Unigenito
2952 2586 3175 2643 dictum
3207 2592 3325 2657 est;
3344 2587 3502 2644 aliud
3524 2604 3653 2644 esse

1998 2676 2122 2730 sine
2154 2674 2414 2747 querela,
2453 2676 2609 2747 quod
2646 2676 2716 2732 de
2750 2676 2955 2732 multis
2977 2676 3160 2748 justis
3210 2677 3385 2732 etiam
3434 2676 3495 2732 in
3544 2676 3656 2733 hac

1995 2763 2113 2819 vita
2142 2763 2257 2820 dici
2288 2764 2496 2837 potuit.
2535 2766 2822 2831 Quoniam
2854 2769 2944 2821 est
2972 2765 3215 2837 quidam
3248 2766 3457 2821 modus
3485 2767 3651 2821 bona!

1993 2852 2144 2920 vitaz,
2178 2853 2248 2909 de
2279 2870 2395 2925 quo
2425 2854 2602 2909 etiam
2635 2853 2693 2908 in
2744 2853 2858 2909 ista
2906 2853 3171 2909 humana
3214 2854 3650 2910 conversatione

1986 2941 2151 3013 justa
2199 2941 2439 3014 querela
2480 2958 2609 2997 esse
2658 2958 2773 2997 non
2823 2941 3025 3013 possit.
3081 2940 3222 3007 Quis
3279 2940 3440 2996 enim
3485 2943 3650 3012 juste

1994 3030 2261 3102 queritur
2290 3031 2361 3086 de
2388 3030 2626 3086 homine
2658 3030 2759 3101 qui
2790 3030 3010 3085 nemini
3045 3027 3196 3085 male
3237 3028 3385 3098 vult,
3418 3032 3475 3085 et
3516 3029 3648 3101 qui-

1993 3120 2106 3174 bus
2139 3123 2328 3192 potest
2360 3118 2610 3173 lidelitor
2642 3117 2920 3184 consulit,
2941 3135 3045 3174 nec
3080 3122 3280 3174 contra
3299 3119 3652 3190 cujusquam

1995 3208 2241 3279 injurias
2289 3212 2445 3263 tenet
2490 3206 2799 3264 libidinem
2852 3207 3209 3277 vindicandi,
3261 3212 3327 3264 ut
3372 3207 3654 3264 veraciter

226 3315 364 3353 cum
397 3300 457 3353 in
490 3298 587 3352 his
616 3296 933 3369 implendis
964 3298 1138 3354 homo
1181 3300 1475 3369 defecerit,
1509 3319 1625 3357 non
1676 3284 1737 3358 se
1786 3318 1882 3358 ex-
1913 3284 1955 3350 C
1996 3298 2151 3353 dicat
2186 3315 2197 3351 :
2239 3319 2266 3346 ‹‹
2299 3297 2464 3352 Sicut
2495 3302 2551 3352 et
2584 3313 2691 3352 nos
2725 3296 3083 3352 dimittimus
3114 3296 3476 3353 debitoribus
3514 3312 3651 3354 nos-

224 3387 394 3442 tollat
422 3385 709 3459 superbia
735 3386 1020 3456 tumidus,
1056 3389 1157 3445 sed
1190 3390 1260 3444 ad
1293 3389 1541 3462 gratiam
1588 3392 1887 3465 confugiat

226 3477 553 3548 fatigatus;
592 3493 658 3531 ac
686 3475 771 3533 sic
820 3493 957 3532 eum
1008 3476 1098 3533 lex
1145 3480 1414 3535 terrendo
1463 3481 1535 3536 ad
1586 3480 1883 3537 Christum

225 3565 599 3638 diligendum
630 3566 929 3641 paedagogi
962 3568 1250 3639 perducat
1279 3568 1491 3625 officio.

297 3654 392 3711 IV.
425 3655 595 3727 (Cap.
630 3655 711 3727 8.)
742 3655 836 3711 Sic
866 3672 1173 3713 curramus
1206 3662 1273 3714 ut
1293 3659 1879 3731 comprehendamus.

226 3744 445 3801 Omnes
477 3746 641 3801 enim
665 3745 767 3817 qui
790 3750 942 3803 recte
962 3752 1209 3803 currunt
1229 3748 1750 3820 comprehendent:
1768 3768 1883 3806 non

230 3834 379 3890 sicut
408 3835 471 3890 in
496 3850 689 3907 agone
708 3835 1226 3903 theatrieo,omnes
1249 3836 1485 3909 quidem
1504 3843 1766 3907 currunt,
1782 3841 1883 3896 sed

229 3941 381 3980 unus
393 3924 908 3997 accipitpalmam.
925 3925 1244 3982 Curramus
1257 3928 1881 3999 credendo,sperando,

233 4013 639 4070 desiderando.
669 4014 989 4071 Curramus
1021 4032 1232 4089 corpus
1262 4016 1624 4088 castigando,
1657 4021 1713 4073 et
1736 4016 1883 4075 clee-

234 4116 507 4174 mosynas
537 4102 602 4157 in
649 4102 822 4159 bonis
868 4103 1104 4171 dandis,
1150 4104 1440 4176 malisque
1492 4105 1882 4177 ignoscendis,

236 4189 498 4247 hilariter
524 4198 585 4248 et
617 4209 686 4248 ex
717 4193 892 4249 corde
918 4194 1204 4261 faciendo,
1238 4199 1297 4251 et
1340 4197 1703 4252 currentium
1734 4196 1886 4254 vires

235 4286 303 4336 nt
330 4282 685 4354 adjuvantur
713 4285 951 4340 orando.
988 4285 1057 4340 Et
1104 4284 1188 4341 sic
1239 4285 1552 4341 audiamus
1600 4291 1887 4359 praecepta

234 4371 631 4442 perfectionis,
665 4389 738 4429 ne
788 4390 1021 4431 currere
1067 4373 1437 4447 negligemus
1467 4376 1539 4430 ad
1571 4376 1884 4449 plenitudi-

238 4476 365 4516 nem
390 4460 727 4519 charitatis.

304 4549 370 4604 V.
398 4550 556 4623 (Cap.
596 4552 707 4624 10.)
739 4552 882 4618 Quis
914 4552 1154 4620 nesciat,
1179 4569 1312 4609 cum
1345 4557 1698 4627 praeceptum
1720 4570 1888 4628 gene-

1999 3409 2026 3437 ‹‹
2057 3386 2202 3441 tris?
2234 3410 2261 3437 ››
2295 3385 2502 3455 (Matth.
2538 3391 2646 3455 γι.)
2676 3386 2747 3441 Et
2776 3390 2973 3442 tamen
3006 3403 3072 3442 co
3102 3385 3228 3458 ipso
3262 3386 3417 3459 quod
3448 3401 3651 3442 verum

1994 3477 2182 3532 dicit:
2217 3498 2243 3525 α
2287 3476 2527 3533 Dimitte
2576 3477 2731 3532 sicut
2780 3480 2837 3531 et
2885 3492 2991 3532 nos
3035 3475 3409 3543 dimittimus,
3444 3495 3471 3525 »
3523 3474 3651 3532 sine

1994 3570 2229 3640 peccato
2261 3581 2323 3621 se
2354 3582 2470 3621 non
2503 3580 2631 3621 esse
2660 3563 2937 3621 declarat.

2064 3654 2185 3711 VII.
2220 3653 2407 3726 (Ibid)
2436 3653 2765 3709 Custodivit
2788 3653 2911 3710 vias
2943 3653 3068 3722 Dei,
3094 3653 3195 3726 qui
3228 3671 3346 3710 non
3370 3653 3457 3710 sic
3483 3668 3648 3710 exor-

1994 3744 2164 3811 bitat,
2200 3747 2266 3799 ut
2295 3759 2393 3799 eas
2427 3742 2724 3815 relinquat
2751 3760 2764 3810 ;
2798 3743 2898 3798 sed
2931 3741 2990 3796 in
3039 3741 3123 3798 eis
3155 3741 3442 3797 currendo
3471 3741 3648 3813 proti-

1994 3833 2095 3905 cit,
2114 3833 2227 3889 etsi
2260 3832 2580 3904 aliquando
2614 3835 2676 3886 ut
2707 3831 2981 3885 infirmus
3011 3829 3270 3897 offendit,
3285 3832 3388 3884 aut
3407 3828 3646 3885 titubat.

1996 3921 2229 3977 Proﬁcit
2260 3925 2455 3978 autem
2486 3919 2808 3976 minuendo
2839 3922 3099 3991 peccata,
3133 3919 3317 3974 donec
3349 3917 3651 3991 perveniat

1994 4012 2095 4066 ubi
2129 4012 2254 4066 sine
2291 4012 2524 4082 peccato
2549 4008 2645 4064 sit.
2663 4008 2789 4064 Non
2809 4008 2967 4063 enim
2990 4006 3160 4064 aliter
3181 4011 3373 4081 potest
3390 4024 3458 4065 eo
3475 4006 3650 4064 modo

1995 4100 2293 4174 proficere,
2310 4098 2422 4154 nisi
2456 4096 2840 4153 custodiendo
2857 4098 2981 4153 vias
3004 4098 3154 4169 ejus.
3171 4095 3437 4153 Declinat
3453 4101 3653 4152 autem

1994 4208 2029 4246 a
2060 4187 2353 4244 mandatis
2385 4186 2614 4243 Domini
2636 4190 2814 4259 atque
2837 4185 3089 4242 discedit
3112 4190 3531 4260 apostata,non
3553 4185 3653 4242 ille

1996 4278 2118 4351 qui,
2134 4277 2364 4334 etiamsi
2397 4275 2575 4332 habet
2592 4281 2920 4348 peccatum,
2934 4275 3283 4347 confligendi
3301 4279 3498 4332 tamen
3514 4290 3651 4330 cum

1999 4384 2068 4423 eo
2101 4365 2595 4439 perseverantiam
2629 4381 2744 4420 non
2778 4361 3075 4436 relinquit,
3109 4364 3293 4420 donec
3338 4380 3405 4419 eo
3453 4379 3651 4435 perve-

1999 4456 2122 4512 niat
2151 4455 2250 4510 ubi
2283 4453 2449 4511 nulla
2478 4470 2613 4510 cum
2644 4458 2833 4509 morte
2861 4451 3158 4510 contentio
3188 4451 3535 4508 remanebit.

2067 4544 2218 4601 V111.
2254 4544 2411 4617 (Cap.
2448 4544 2562 4612 12.)
2593 4542 2863 4598 Abstinet
2891 4558 2953 4597 se
2985 4541 3057 4597 ab
3088 4539 3247 4597 Omni
3275 4556 3337 4595 re
3356 4537 3534 4605 mala,
3551 4538 3653 4611 qui

238 4638 355 4695 tale
382 4641 461 4694 sit
489 4639 770 4709 charitas,
786 4640 929 4713 quia
956 4640 1090 4696 finis
1116 4642 1388 4715 prmcepti
1419 4647 1507 4697 est
1537 4642 1812 4716 charitas,
1835 4653 1893 4704 et
1920 4660 1970 4725 D
2001 4639 2258 4725 peccato,
2291 4635 2423 4725 sine
2467 4649 2749 4725 quonon
2798 4636 2911 4725 est,
2939 4630 3029 4687 vel
3060 4646 3365 4725 nunquam
3414 4629 3654 4725 omnino

238 4726 538 4800 plenitudo
560 4728 711 4803 legis
742 4735 834 4787 est
864 4730 1141 4800 charitas,
1158 4747 1329 4804 grave
1352 4748 1466 4787 non
1490 4749 1618 4790 esse
1634 4735 1788 4805 quod
1811 4736 1892 4792 di-

234 4815 463 4889 ligendo
508 4819 594 4886 fit,
630 4835 743 4873 non
796 4819 1099 4875 timendo?
1151 4821 1442 4876 Laborant
1474 4826 1668 4877 autem
1704 4822 1760 4877 in
1794 4825 1893 4881 Dei

242 4909 565 4979 pmceptis,
602 4910 701 4981 qui
754 4929 823 4967 ea
874 4910 1138 4967 timendo
1185 4915 1430 4965 conatur
1481 4910 1758 4983 implere;
1793 4916 1892 4969 sed

243 4997 488 5065 perfecta
517 4998 780 5056 charitas
810 5000 965 5055 foras
997 5000 1175 5055 mittit
1208 5000 1573 5067 timorem,et
1595 5002 1735 5056 facit
1757 5020 1894 5076 pra:-

240 5087 388 5156 cepti
416 5088 708 5143 sarcinam
742 5088 963 5157 levem;
999 5106 1113 5145 non
1147 5088 1339 5145 solum
1373 5107 1486 5143 non
1531 5097 1889 5161 prementem

238 5190 413 5229 onere
459 5178 813 5249 ponderum,
845 5195 1049 5235 verum
1098 5178 1271 5235 etiam
1323 5179 1725 5234 sublevantem
1770 5183 1891 5237 vice

240 5279 584 5335 pennarum.
621 5270 757 5334 Qum
788 5271 986 5323 tamen
1020 5268 1277 5323 charitas
1306 5272 1368 5321 ut
1397 5267 1700 5337 habeatur,
1718 5271 1891 5325 etiam

238 5358 402 5411 tanta
431 5362 651 5428 quanta
682 5359 742 5413 in
778 5375 1023 5431 corpore
1045 5358 1250 5415 mortis
1268 5358 1445 5429 hujus
1462 5357 1661 5413 haberi
1682 5365 1891 5431 potest,

234 5457 444 5514 parum
474 5450 562 5501 est
594 5451 811 5503 nostra:
842 5445 1162 5502 voluntatis
1194 5444 1643 5510 arbitrium,nisi
1663 5446 1895 5517 adjuvet

236 5532 422 5603 gratia
453 5535 549 5591 Dei
585 5553 689 5607 per
708 5536 919 5593 Jesum
942 5535 1241 5591 Christum
1265 5534 1580 5589 Dominum
1605 5540 1890 5593 nostrum.

240 5619 601 5682 Diil'unditur
628 5627 853 5699 quibus
884 5625 943 5679 in
976 5625 1249 5680 cordibus
1282 5623 1519 5692 nostris,
1555 5625 1709 5695 quod
1744 5643 1894 5700 saepe

238 5709 545 5800 dicendum
576 5721 688 5791 est,
713 5732 836 5777 non
868 5731 974 5792 per
1002 5731 1108 5775 nos
1138 5714 1319 5792 ipsos,
1337 5713 1438 5774 sed
1470 5730 1573 5791 per
1606 5714 1894 5791 Spiritum

2000 4723 2309 4791 consentit,
2340 4722 2428 4778 vel
2460 4722 2509 4778 si
2543 4720 2858 4793 aliquando
2892 4720 3199 4792 premitur,
3232 4737 3348 4776 non
3379 4718 3659 4793 opprimi-

2005 4820 2119 4881 tur,
2154 4814 2305 4869 sicut
2338 4812 2588 4867 luctator
2620 4809 2842 4878 fortior,
2877 4810 2987 4865 etsi
3035 4808 3352 4882 aliquando
3396 4813 3651 4879 tenetur,

2003 4922 2118 4960 non
2170 4905 2298 4958 ideo
2350 4900 2538 4974 perdit
2578 4916 2692 4972 quo
2745 4899 3012 4971 superior
3058 4898 3371 4955 invenitur.
3417 4896 3654 4969 Legitur

2002 5011 2142 5050 sane
2172 4992 2345 5047 homo
2394 4990 2519 5043 sine
2564 4989 2810 5043 crimine
2860 4988 3075 5061 legitur
3120 4988 3246 5042 sine
3297 4984 3552 5058 querela,
3595 4986 3653 5038 et

2005 5102 2115 5138 non
2152 5081 2363 5153 legitur
2396 5078 2522 5133 sine
2554 5081 2811 5150 peccato,
2847 5077 2959 5132 nisi
2997 5077 3152 5132 filius
3182 5072 3457 5140 hominis,
3494 5086 3650 5126 unus

2000 5172 2273 5243 idemque
2306 5170 2404 5224 Dei
2438 5168 2618 5224 Filius
2653 5168 2884 5222 unicus.

2078 5261 2167 5316 IX.
2201 5261 2352 5333 (Cap.
2385 5259 2498 5328 13.)
2514 5257 2831 5313 Verissime
2853 5260 2993 5309 tunc
3021 5256 3192 5309 erunt
3216 5246 3440 5305 homini
3463 5248 3655 5306 multa

2006 5354 2179 5421 bona,
2211 5366 2345 5405 cum
2379 5346 2681 5403 recesserit
2710 5345 2781 5400 ab
2811 5342 2969 5399 omni
3002 5344 3259 5414 peccato.
3294 5340 3460 5396 Tunc
3493 5338 3652 5396 enim

2005 5439 2166 5498 nulla
2195 5442 2365 5494 erunt
2397 5436 2571 5504 mala,
2591 5440 2654 5490 ut
2685 5451 2798 5489 non
2830 5448 2977 5503 opus
3018 5429 3229 5486 habeat
3250 5429 3469 5487 dicere:
3497 5452 3525 5480 «
3557 5429 3650 5485 Li-

2007 5554 2033 5580 ‹‹
2071 5531 2208 5586 bera
2236 5546 2343 5584 nos
2375 5546 2409 5582 δ.
2442 5524 2616 5581 malo.
2659 5546 2686 5571 ››
2719 5518 2995 5588 Quamvis
3034 5523 3091 5575 et
3125 5523 3266 5575 tunc
3314 5518 3507 5575 omnis
3550 5517 3654 5591 qui

2004 5619 2235 5695 proﬁcit
2267 5621 2423 5675 recta
2452 5611 2775 5670 intentione
2806 5608 3139 5683 proﬁciens,
3156 5607 3371 5665 recedit
3391 5608 3463 5664 ab
3487 5607 3650 5665 omni

2002 5717 2261 5790 peccato,
2296 5712 2351 5767 et
2381 5708 2542 5764 tanto
2574 5700 2709 5760 inde
2742 5697 3139 5780 longinquior,
3152 5702 3368 5778 quante
3389 5696 3648 5774 plenitu.
