4120 6184
505 301 618 369 tu

1723 303 2118 369 AMULONIS
2160 302 2407 366 EPISC.
2453 305 2684 368 LUGD.

3787 311 3904 376 ΗΞ

506 435 631 495 dini
652 436 899 509 justitim
930 437 1364 511 perfectonique
1395 439 1459 493 ﬁt
1490 439 1891 512 propinquior,
1926 438 2067 511 quia
2094 441 2151 494 et
2176 436 2233 505 Α
2262 440 2611 507 remittatur,
2647 444 2710 494 ut
2740 440 2856 495 Deo
2883 440 3125 496 vivendo
3146 444 3333 497 totum
3361 459 3571 498 sanum
3597 446 3908 502 mundum-

506 525 637 599 ipsa
666 525 1160 599 concupiscentia,
1193 528 1348 599 quod
1394 531 1483 583 est
1529 532 1831 601 peccatum
1881 527 2155 584 habitans

508 613 571 671 in
620 630 794 671 carne
842 619 1062 683 nostra,
1113 615 1223 671 etsi
1272 620 1471 672 manet
1517 618 1710 672 adhuc
1762 618 1822 672 in
1872 616 2155 674 membris

508 702 883 771 mortalibus,
915 703 1104 759 minui
1134 708 1329 761 tamen
1361 723 1477 761 non
1504 705 1720 762 desinit
1750 705 1809 760 in
1848 706 2156 777 proﬁcien-

510 793 692 851 tibus.
722 792 898 850 Aliud
929 797 1019 850 est
1065 809 1201 866 ergo
1250 794 1517 850 recedere
1564 795 1636 849 ab
1683 795 1844 850 omni
1894 798 2152 867 peccato,

510 882 666 956 quod
701 899 858 939 nunc
887 881 947 937 in
978 898 1150 955 opere
1180 885 1287 951 est,
1324 882 1482 937 aliud
1512 884 1824 940 recessisse
1873 885 1945 940 ab
1995 883 2157 940 omni

509 975 775 1046 peccato,
806 971 959 1044 quod
993 971 1053 1026 in
1082 970 1182 1027 illa
1207 972 1560 1043 perfectione
1589 977 1729 1029 tunc
1759 974 1887 1029 erit.

581 1060 649 1116 X.
681 1061 832 1132 (Cap.
869 1059 980 1133 13.)
1013 1060 1312 1126 Quomodo
1341 1061 1564 1117 dictum
1595 1066 1709 1118 est:
1740 1085 1767 1113 «
1798 1063 1923 1119 Non
1955 1062 2156 1136 estqui

515 1172 545 1201 ‹‹
575 1149 748 1207 faciat
765 1149 1008 1217 bonum,
1024 1166 1138 1205 non
1162 1154 1250 1205 est
1271 1166 1457 1223 usque
1478 1153 1549 1207 ad
1572 1169 1757 1207 unum
1774 1154 1944 1221 (Psal.
1965 1153 2109 1226 xm),
2130 1176 2152 1204 ι

510 1238 628 1296 nisi
658 1237 798 1311 quia
829 1237 1113 1312 populum
1145 1240 1461 1311 quemdam
1493 1241 1760 1313 psalmus
1788 1241 1887 1297 ille
1935 1241 2157 1315 culpat,

511 1327 575 1384 in
604 1343 721 1400 quo
752 1342 859 1384 nec
889 1343 1046 1384 unus
1078 1331 1203 1383 erat
1233 1328 1333 1401 qui
1366 1329 1581 1385 faceret
1609 1330 1851 1399 bonum,
1886 1331 2027 1387 dum
2058 1348 2155 1388 vo-

510 1415 649 1475 lunt
678 1432 978 1474 remanere
1007 1414 1115 1472 ﬁlii
1140 1414 1423 1488 hominis,
1453 1422 1511 1474 et
1541 1436 1656 1474 non
1705 1437 1835 1477 esse
1881 1420 1988 1477 ﬁlii
2031 1421 2154 1495 Dci,

515 1508 687 1581 cuius
715 1506 906 1581 gratia
932 1506 1107 1562 homo
1139 1506 1204 1562 ﬁt
1233 1506 1423 1565 bonus
1455 1512 1520 1564 ut
1559 1509 1734 1566 faciat
1775 1511 1996 1567 bonum
2017 1513 2045 1569 ‘I
2077 1515 2159 1572 De

509 1594 612 1654 illo
651 1595 807 1654 enim
854 1595 1077 1651 bonum
1125 1594 1349 1652 dictum
1401 1595 1496 1652 hic
1545 1599 1829 1656 debemus
1873 1602 2154 1675 accipere,

508 1685 666 1758 quod
692 1684 775 1741 ibi
808 1683 893 1741 ait
924 1687 939 1740 ξ
977 1706 1006 1736 «
1037 1684 1193 1742 Deus
1222 1685 1292 1741 de
1324 1686 1466 1742 cmlo
1497 1688 1751 1760 respexit
1781 1706 1961 1762 super
2004 1692 2157 1749 ﬁlios

2263 543 2377 600 que
2400 528 2751 585 .reddatur.J
2758 527 3019 584 udicium
3042 528 3197 585 enim
3221 529 3346 586 sine
3368 529 3788 601 misericordia,
3804 536 3905 591 sed

2262 614 2345 670 illi
2371 617 2470 688 qui
2492 634 2606 672 non
2632 616 2768 673 fecit
2792 617 3691 693 misericordiam.Superaxaltat
3710 627 3907 679 autem

2263 704 2667 761 misericordia
2702 706 2951 778 judicio.
2984 708 3148 774 Quod
3179 708 3229 764 si
3261 725 3377 764 non
3408 714 3581 778 esset,
3618 727 3746 782 qum
3778 729 3911 785 spes

2263 795 2458 851 esset?
2486 795 2975 867 Quandoquidem
3015 813 3149 851 cum
3183 797 3302 853 Rex
3341 798 3544 869 justus
3592 801 3808 857 sederit
3850 802 3911 857 in

2263 882 2645 956 tbrono,quis
2674 883 3024 957 gloriabitur
3053 902 3115 940 sc
3146 890 3374 943 castum
3406 886 3621 944 habere
3652 890 3787 945 cor?
3812 895 3915 947 aut

2264 972 2399 1045 quis
2427 972 2772 1047 gloriabitur
2800 974 3091 1029 mundum
3122 992 3184 1030 se
3215 992 3344 1032 esse
3374 993 3409 1031 a
3437 980 3674 1048 peccato
3693 978 3721 1034 ?
3746 979 3913 1036 Tunc

2264 1078 2400 1135 ergo
2431 1080 2535 1134 per
2563 1062 2691 1134 ejus
2723 1062 3188 1119 misericordiam
3210 1064 3382 1135 justi,
3416 1064 3584 1136 plene
3624 1068 3911 1138 perfecte-

2266 1168 2379 1223 que
2406 1152 2692 1219 mundati,
2712 1150 3021 1225 fulgebunt
3036 1151 3095 1207 in
3113 1169 3290 1226 regno
3312 1153 3497 1210 Patris
3519 1155 3610 1210 sui
3631 1154 3782 1211 sicut
3797 1155 3908 1214 sol.

2336 1240 2454 1296 XII.
2487 1240 2674 1312 (Ibid)
2706 1241 2951 1296 Mundat
2979 1240 3248 1297 Christus
3279 1241 3600 1299 Ecclesiam
3639 1261 3795 1301 nunc
3820 1244 3911 1303 la-

2264 1345 2435 1385 vacro
2457 1346 2621 1402 aqua:
2643 1329 2701 1385 in
2727 1328 2917 1397 verbo,
2952 1327 3197 1385 abluens
3225 1335 3465 1403 peccata
3507 1333 3820 1405 praeterita,
3853 1338 3913 1390 et

2266 1417 2489 1491 pellens
2517 1418 2590 1474 ab
2621 1434 2689 1474 ea
2718 1417 3182 1475 dominationem
3213 1417 3504 1476 malorum
3543 1419 3909 1494 angelorum.

2266 1506 2508 1573 Deinde,
2521 1506 2827 1579 perﬁciens
2848 1507 2975 1580 ejus
2996 1506 3299 1577 sanitates,
3313 1508 3449 1565 fecit
3463 1525 3593 1566 eam
3608 1525 3913 1569 occurrere

2265 1595 2324 1651 in
2356 1595 2517 1652 illam
2549 1596 2885 1668 gloriosam,
2906 1613 3021 1652 non
3052 1595 3371 1654 habentem
3392 1598 3913 1674 maculam,neque

2266 1701 2494 1759 rugam.
2528 1685 2683 1750 Quos
2712 1684 2866 1740 enim
2898 1684 3351 1756 praedestinavit,
3385 1686 3517 1743 illos
3559 1692 3617 1744 et
3646 1690 3910 1762 vocavit;

505 1795 537 1825 «
566 1773 899 1844 hominum,
945 1777 1013 1829 ut
1040 1772 1234 1830 videat
1262 1773 1317 1831 si
1342 1779 1433 1831 est
1462 1775 1796 1851 intelligens
1827 1783 1931 1835 aut
1960 1782 2155 1853 requi-
2184 1811 2234 1876 Β
2266 1778 2325 1831 et
2354 1792 2502 1848 quos
2530 1775 2775 1843 vocavit,
2806 1774 2969 1847 ipsos
3000 1780 3057 1831 et
3092 1775 3482 1848 justiﬁcavit;
3515 1794 3664 1850 quos
3710 1783 3912 1836 autem

504 1884 535 1914 «
564 1880 699 1921 rens
729 1863 939 1921 Deum.
973 1885 1002 1914 »
1036 1862 1155 1920 Hoc
1186 1880 1323 1938 ergo
1355 1864 1598 1936 bonum,
1633 1867 1789 1938 quod
1820 1872 1910 1924 est
1956 1870 2151 1942 requi-

498 1940 626 2010 rere
668 1952 876 2022 Deum,
911 1968 1028 2009 non
1076 1955 1202 2009 erat
1248 1953 1349 2025 qui
1399 1953 1635 2024 faceret,
1667 1972 1782 2010 non
1811 1959 1937 2012 erat
1963 1940 2151 2030 usque

497 2042 572 2097 ad
601 2058 812 2114 unum,
840 2042 942 2098 sed
974 2041 1033 2098 in
1064 2058 1130 2099 eo
1182 2058 1392 2115 genere
1439 2042 1770 2113 hominum,
1802 2046 1958 2117 quod
2002 2064 2147 2119 pra:-

494 2130 857 2188 destinatum
888 2135 978 2188 est
1007 2132 1079 2189 ad
1110 2131 1438 2189 interitum.
1471 2133 1661 2205 Super
1689 2132 1797 2189 hos
1834 2134 1993 2191 enim
2028 2153 2145 2193 res-

496 2218 657 2294 pexit
685 2219 788 2278 Dei
818 2220 1187 2294 praescientia
1214 2219 1575 2294 protulitque
1606 2223 1983 2280 sententiam.

564 2308 660 2367 XI.
688 2308 840 2384 (Cap.
875 2309 990 2381 14.)
1022 2332 1050 2361 ‹‹
1081 2310 1265 2367 Nemo
1294 2310 1506 2380 bonus,
1540 2311 1655 2367 nisi
1700 2329 1856 2370 unus
1904 2313 2081 2371 Deus.
2113 2336 2143 2365 »

495 2397 627 2456 Sive
656 2398 798 2472 quia
824 2400 1023 2456 omnia
1048 2416 1176 2474 quas
1206 2405 1402 2456 creata
1430 2405 1587 2469 sunt,
1612 2401 1879 2474 quamvis
1899 2418 1968 2459 ea
1988 2388 2153 2460 Deus.

497 2486 698 2544 fecerit
725 2487 881 2545 bona
901 2486 1091 2557 valde,
1124 2487 1378 2544 Creatori
1419 2492 1617 2545 tamen
1646 2495 2003 2563 comparata,
2038 2508 2143 2548 nec

497 2575 652 2634 bona
671 2581 830 2646 sunt,
848 2576 1293 2650 cuicompar'ata
1307 2593 1414 2633 nec
1428 2581 1586 2634 sunt.
1601 2577 1904 2636 Altissimo
1927 2581 2144 2654 quippe

497 2670 559 2722 et
586 2665 821 2740 proprio
847 2666 1019 2723 modo
1051 2666 1307 2739 quodam
1337 2667 1410 2723 de
1458 2684 1520 2722 se
1563 2668 1690 2740 ipso
1734 2667 1882 2725 dixit
1913 2686 1925 2724 :
1963 2690 1991 2720 «
2022 2670 2141 2744 Ego

501 2777 531 2807 ε(
561 2773 695 2813 sum
713 2755 813 2829 qui
845 2773 1043 2824 sum,»
1063 2755 1157 2812 Sic
1186 2755 1409 2811 dictum
1440 2760 1548 2825 est,
1567 2757 1792 2813 «Nemo
1814 2758 2005 2815 bonus
2026 2760 2139 2815 nisi

498 2865 529 2895 ι(
558 2862 715 2902 unus
744 2843 899 2925 Deus
924 2844 1113 2916 (Marc.
1143 2846 1266 2915 x),»
1302 2844 1802 2918 quemadmodum
1826 2848 1896 2904 de
1916 2848 2141 2906 Joanne

495 2932 723 2992 dictum
754 2937 844 2992 est
873 2950 888 2989 :
925 2955 954 2985 «
984 2934 1110 2990 Non
1141 2938 1267 2990 erat
1296 2932 1393 2990 ille
1423 2932 1623 2991 lumen
1655 2935 1829 3008 (Joan.
1861 2938 1925 3006 1),
1949 2958 1977 2989 »
2003 2955 2139 2994 cum

492 3020 780 3081 Dominus
811 3039 947 3079 eum
978 3021 1135 3078 dicat
1152 3039 1282 3078 esse
1310 3021 1632 3092 lucernam,
1648 3022 1801 3080 sicut
1819 3025 2139 3098 discipulos

490 3110 709 3184 quibus
738 3111 912 3168 dixit:
949 3132 979 3163 κ
1006 3109 1125 3166 Vos
1153 3109 1296 3167 estis
1324 3109 1523 3167 lumen
1553 3113 1759 3167 mundi
1791 3113 1993 3186 (Matth.
2008 3118 2085 3186 v).
2104 3139 2133 3169 »

2254 1863 2621 1937 justiﬁeavit,
2655 1863 2786 1920 illos
2837 1869 2892 1920 et
2938 1863 3304 1938 gloriﬁcavit.
3358 1866 3422 1922 In
3470 1866 3580 1924 hoc
3630 1869 3910 1941 mysterio

2260 1953 2485 2009 dictum
2512 1953 2765 2009 arbitror
2792 1969 2805 2008 :
2844 1974 2872 2002 ‹‹
2904 1953 3047 2009 Ecce
3078 1953 3254 2024 ejicio
3286 1954 3595 2031 damonia,
3609 1960 3667 2013 et
3693 1957 3911 2021 sanita-

2261 2063 2290 2093 «
2312 2048 2400 2098 tes
2432 2042 2668 2115 perﬁcio
2698 2041 2871 2098 hodie
2898 2047 2955 2098 et
2983 2059 3134 2112 cras,
3169 2048 3226 2099 et
3268 2043 3441 2099 tertia
3489 2043 3582 2100 die
3630 2061 3910 2103 consum-

2262 2153 2283 2182 ι
2323 2148 2450 2186 mor
2498 2132 2650 2201 (Luc.
2696 2133 2840 2200 xm),
2874 2152 2902 2181 »
2956 2131 3014 2188 id
3056 2136 3166 2199 est,
3217 2133 3506 2204 perﬁcior.
3556 2132 3711 2190 Dixit
3747 2130 3909 2193 enim

2255 2220 2366 2277 hoc
2396 2237 2465 2277 ex
2495 2236 2743 2292 persona
2791 2220 3051 2293 corporis
3101 2221 3214 2289 sui,
3257 2222 3412 2295 quod
3462 2227 3552 2279 est
3593 2223 3906 2283 Ecclesia:

2254 2309 2574 2382 disponens
2603 2326 2707 2381 pro
2737 2307 3034 2365 distinctis
3063 2309 3465 2383 ordinatisque
3511 2311 3904 2385 temporibus,

2254 2399 2408 2471 quod
2440 2398 2501 2453 in
2531 2415 2641 2454 sua
2668 2399 3093 2455 resurrectione
3124 2397 3477 2472 signiﬁcavit
3504 2400 3564 2456 in
3596 2401 3812 2458 triduo.

2321 2486 2462 2544 XIV.
2480 2486 2911 2559 (Ibid.)Avertat
2940 2504 3003 2544 se
3034 2487 3210 2544 homo
3241 2506 3275 2544 a
3304 2488 3536 2559 delicto,
3551 2506 3687 2546 cum
3716 2492 3905 2563 proﬁ-

2252 2577 2457 2633 ciendo
2487 2576 2623 2632 inde
2656 2576 2925 2644 discedit,
2956 2582 3014 2632 et
3042 2582 3354 2634 renovatur
3385 2578 3455 2635 de
3487 2579 3579 2634 die
3608 2579 3669 2636 in
3716 2579 3904 2650 diem,

2251 2672 2309 2722 et
2339 2665 2553 2739 dirigat
2581 2665 2639 2720 in
2671 2683 2822 2738 opus
2853 2665 3359 2734 misericordiae,et
3391 2667 3465 2724 ab
3488 2667 3646 2724 omni
3686 2667 3906 2726 delicto

2251 2756 2497 2811 mundat
2528 2742 2626 2811 cor
2655 2771 2829 2810 suum
2856 2770 2869 2809 :
2904 2754 3270 2823 misereatur,
3302 2761 3368 2811 ut
3397 2756 3551 2829 qued
3582 2760 3782 2825 restat,
3797 2774 3909 2831 per

2247 2844 2474 2902 veniam
2498 2844 2852 2901 dimittatur.
2868 2843 2985 2899 Hoc
3007 2843 3164 2900 enim
3186 2843 3501 2901 salubriter
3519 2849 3578 2902 et
3601 2845 3726 2902 sine
3747 2863 3908 2903 vana

2246 2934 2524 3007 inanique
2537 2932 2846 3005 jactantia,
2862 2934 3008 2988 bene
3031 2932 3379 3007 intelligitur
3398 2933 3457 3013 in
3478 2950 3546 2991 eo
3563 2934 3720 3007 quod
3753 2935 3910 2993 dixit

2247 3024 2306 3081 S.
2338 3024 2595 3081 Joannes
2624 3039 2638 3078 :
2674 3043 2703 3073 «
2731 3021 2791 3078 Si
2812 3038 2912 3078 cor
2929 3026 3200 3078 nostrum
3222 3040 3328 3080 nos
3352 3039 3466 3080 non
3484 3024 3905 3096 reprehendat,

2249 3135 2279 3165 ‹‹
2312 3112 2586 3168 ﬁduciam
2598 3110 2886 3167 habemus
2906 3111 2978 3166 ad
3004 3110 3340 3180 Dominum,
3355 3116 3414 3167 et
3430 3129 3794 3186 quaecunque
3805 3131 3911 3187 pe-

490 3180 604 3259 Sed
635 3199 698 3257 in
730 3199 1163 3273 comparatione
1192 3198 1439 3256 luminis
1485 3199 1666 3268 illius,
1699 3180 1856 3274 quod
1904 3209 1995 3261 est
2043 3180 2135 3262 lu-
2166 3180 2210 3250 C
2251 3224 2280 3254 «
2312 3202 2581 3258 tierimus
2601 3199 2960 3272 accipiemus
2982 3199 3054 3256 ab
3088 3199 3239 3272 eo.(l
3254 3201 3410 3257 Joan.
3441 3180 3570 3274 1—1).»
3600 3201 3717 3258 Hoc
3738 3180 3908 3271 enim

493 3305 633 3346 men
662 3306 868 3348 verum
884 3287 1227 3346 illuminans
1239 3306 1473 3346 omnem
1490 3288 1788 3348 hominem
1810 3294 2138 3353 venientem

492 3378 557 3438 in
584 3379 746 3437 hunc
776 3379 1090 3449 mundum,
1122 3396 1240 3435 non
1269 3383 1393 3436 erat
1422 3378 1521 3436 ille
1549 3378 1771 3438 lumen.
1822 3383 1952 3440 Sive
2000 3385 2141 3457 quia

494 3468 674 3528 etiam
704 3468 821 3544 ipsi
850 3468 957 3524 ﬁlii
1002 3468 1126 3538 Dei,
1160 3469 1480 3542 comparati
1528 3469 1810 3543 sibiipsis,
1845 3473 2049 3545 quales
2076 3475 2137 3532 in

495 3557 599 3616 illa
624 3557 979 3632 perfectione
993 3562 1208 3616 aeterna
1232 3558 1415 3615 futuri
1445 3564 1603 3628 sunt,
1620 3559 1702 3616 ita
1731 3561 1869 3617 boni
1900 3567 2056 3634 sunt,
2072 3571 2139 3624 ut

494 3648 688 3707 adhuc
704 3651 762 3705 et
781 3647 922 3704 mali
938 3646 1073 3718 sint,
1089 3649 1243 3721 quod
1265 3649 1337 3705 de
1354 3647 1473 3706 illis
1495 3649 1685 3707 dicere
1706 3669 1819 3708 non
1838 3654 2134 3712 auderem.

490 3731 636 3805 Quis
664 3730 822 3794 enim
852 3737 1066 3793 audeat
1095 3737 1285 3794 dicere
1315 3737 1502 3794 malos
1535 3755 1664 3796 esse
1693 3756 1945 3812 quorum
1973 3748 2138 3816 pater

491 3830 586 3885 est
607 3827 785 3900 Deus,
814 3825 927 3882 nisi
958 3825 1085 3899 ipse
1115 3826 1401 3884 Dominus
1427 3828 1671 3884 diceret:
1704 3852 1731 3879 ‹‹
1765 3829 1824 3885 Si
1849 3847 1985 3905 ergo
2011 3851 2134 3904 vos,

494 3938 519 3968 α
553 3932 690 3973 cum
721 3913 853 3972 sitis
883 3913 1043 3983 mali,
1058 3914 1245 3971 nostis
1276 3915 1430 3972 bona
1444 3917 1580 3972 data
1597 3917 1734 3973 dare
1749 3918 1883 3976 ﬁliis
1898 3923 2132 3993 vestris,

491 4024 523 4059 α
555 4008 775 4079 quanto
825 4003 1014 4078 magis
1060 4003 1265 4075 (Matth.
1298 4006 1423 4073 vn),
1462 4009 1518 4061 et
1566 4005 1810 4079 reliqua.
1861 4008 2006 4067 Cum
2055 4011 2137 4068 ait

488 4093 696 4167 utique
729 4114 759 4145 ε(
789 4097 954 4168 pater
979 4098 1234 4163 vester,»
1255 4092 1408 4150 ﬁlios
1440 4093 1539 4150 Dei
1550 4096 1678 4167 jam
1699 4112 1827 4153 esse
1849 4106 2134 4158 monstra-

484 4183 591 4257 vit,
622 4200 770 4257 quos
799 4187 995 4240 tamen
1018 4182 1210 4240 adhuc
1242 4181 1429 4239 malos
1459 4199 1587 4239 esse
1609 4200 1723 4239 non
1747 4187 1951 4243 tacuit.
1969 4188 2133 4247 Unde

484 4275 576 4330 est
598 4271 697 4330 ille
727 4272 1086 4341 admonitus,
1102 4270 1204 4344 qui
1236 4270 1692 4344 interrogaverat
1722 4273 1863 4346 quid
1896 4275 2031 4332 boni
2055 4280 2133 4335 fa-

485 4366 658 4433 ceret,
686 4366 755 4418 ut
781 4360 950 4419 illum
981 4365 1283 4433 quaereret,
1317 4359 1485 4429 cujus
1515 4361 1704 4433 gratia
1735 4362 1925 4419 bonus
1953 4371 2129 4437 esset,

2247 3292 2480 3348 videtur
2508 3289 2621 3345 isto
2650 3288 2777 3345 loco
2810 3288 3208 3358 admonuisse,
3241 3304 3314 3345 ne
3344 3305 3444 3345 cor
3489 3294 3758 3347 nostrum
3790 3309 3907 3349 nos

2246 3380 2308 3436 in
2337 3380 2467 3453 ipsa
2495 3377 2755 3435 oratione
2784 3382 2842 3433 et
2871 3376 3150 3449 petitione
3180 3378 3588 3451 reprehendat,
3628 3378 3737 3435 hoc
3787 3387 3903 3451 est,

2249 3487 2319 3526 ne
2350 3470 2498 3525 forte
2528 3483 2662 3523 cum
2710 3465 3059 3539 coeperimus
3107 3466 3298 3524 dicere
3330 3484 3344 3524 :
3382 3490 3411 3517 ‹‹
3441 3466 3679 3525 Dimitte
3724 3470 3905 3526 nobis

2250 3581 2279 3611 ‹‹
2309 3558 2463 3615 sicut
2491 3561 2549 3612 et
2579 3573 2685 3611 nos
2716 3555 3136 3627 dimittimus,»
3170 3572 3642 3630 compungamur
3661 3574 3782 3614 non
3815 3559 3904 3615 fa-

2246 3662 2375 3704 cere
2404 3645 2559 3719 quod
2591 3644 2867 3716 dicimus,
2881 3647 2983 3699 aut
3012 3644 3191 3701 etiam
3221 3660 3339 3700 non
3358 3646 3685 3702 audeamus
3702 3644 3907 3705 dicere

2246 3737 2403 3809 quod
2435 3752 2549 3790 non
2584 3733 2927 3802 facimus,et
2960 3732 3237 3789 ﬁduciam
3264 3734 3500 3807 petendi
3524 3734 3904 3794 amittamus.

2316 3824 2431 3880 XV.
2480 3823 2633 3896 (Cap.
2678 3824 2787 3895 18.)
2840 3823 3141 3888 Quomodo
3188 3839 3392 3879 verum
3445 3827 3580 3879 est:
3627 3845 3655 3874 «
3686 3822 3907 3882 Omnis

2248 3937 2275 3965 ‹‹
2310 3914 2409 3987 qui
2441 3917 2643 3987 peccat
2676 3929 2791 3968 non
2822 3911 2969 3967 vidit
2998 3927 3155 3980 eum,
3192 3927 3381 3984 neque
3431 3911 3704 3985 cognovit
3755 3929 3906 3971 eum

2246 4027 2274 4055 «
2308 4005 2353 4077 (1
2379 4004 2536 4060 Joan.
2568 4002 2677 4075 In),
2708 4025 2736 4053 »
2772 4018 2907 4057 cum
2940 4001 3268 4057 secundum
3298 3999 3582 4057 visionem
3612 4006 3671 4057 et
3697 4004 3907 4077 cogni-

2242 4093 2460 4149 tionem
2492 4108 2620 4163 quea
2645 4090 2755 4146 erit
2784 4090 2843 4146 in
2875 4090 3087 4162 specie,
3123 4105 3295 4146 nemo
3325 4106 3461 4146 eum
3506 4089 3566 4145 in
3615 4089 3727 4146 hac
3772 4080 3906 4149 vita

2241 4182 2431 4238 videat
2460 4186 2633 4253 atque
2664 4182 3002 4253 cognoscat;
3026 4179 3352 4235 secundum
3381 4178 3666 4236 visionem
3689 4183 3904 4245 autem

2241 4276 2299 4327 et
2330 4270 2720 4344 cognitionem
2753 4285 2881 4341 quis
2909 4271 2998 4324 est
3025 4267 3084 4324 in
3118 4267 3250 4335 ﬁde,
3276 4266 3445 4323 multi
3468 4272 3609 4324 sunt
3639 4266 3741 4341 qui
3765 4260 3907 4342 pee-

2240 4366 2392 4427 cent,
2422 4364 2575 4416 certe
2604 4358 2715 4431 ipsi
2749 4362 3048 4429 apostatae,
3085 4357 3183 4429 qui
3230 4364 3428 4413 tamen
3477 4356 3537 4413 in
3587 4374 3723 4414 eum
3777 4358 3907 4416 ali-

486 4438 583 4508 cui
611 4451 831 4507 bonum
857 4466 1007 4520 esse,
1040 4448 1149 4505 hoc
1193 4452 1281 4506 est
1326 4448 1524 4521 ipsum
1573 4466 1719 4519 esse,
1753 4452 1854 4524 qui
1902 4453 2128 4512 incom—
2238 4449 2472 4521 quando
2505 4447 2895 4515 crediderunt,
2928 4449 2994 4502 ut
3021 4446 3091 4502 de
3124 4445 3285 4502 nullo
3335 4462 3539 4503 eorum
3589 4445 3704 4503 dici
3759 4464 3909 4521 pos~

486 4538 850 4595 mutabiliter
877 4539 1090 4609 bonus,
1122 4554 1237 4594 non
1270 4540 1460 4610 potest
1490 4539 1728 4595 omnino
1762 4541 1953 4599 malus
1976 4559 2124 4602 esse.
2154 4551 2205 4619 D
2239 4540 2334 4608 sit,
2350 4537 2674 4595 secundum
2704 4535 2989 4591 visionem
3017 4540 3075 4594 et
3104 4535 3499 4609 cognitionem
3531 4552 3661 4609 quze
3692 4536 3907 4595 adhuc

556 4626 674 4682 XII.
710 4624 864 4699 (Cap.
884 4626 989 4699 l5).
1018 4625 1076 4681 Si
1105 4641 1203 4681 cer
1232 4629 1499 4682 nostrum
1532 4645 1639 4683 nos
1670 4646 1785 4684 non
1817 4632 2126 4703 reprehen-

2240 4631 2297 4684 in
2330 4628 2444 4684 ﬁde
2473 4631 2580 4693 est,
2602 4650 2621 4676 κ
2661 4642 2774 4681 non
2806 4625 2952 4680 vidit
2982 4641 3139 4694 eum,
3166 4642 3355 4697 neque
3385 4625 3904 4699 cognoviteum?»

485 4714 608 4783 dat,
640 4714 916 4770 ﬁduciam
962 4713 1249 4771 habemus
1290 4714 1371 4773 ad
1421 4716 1626 4784 Deum,
1661 4722 1716 4773 et
1763 4734 2127 4794 quaecunque
2236 4719 2347 4775 Sed
2376 4716 2820 4789 intelligendum
2866 4715 3137 4787 arbitror,
3172 4715 3310 4787 quia
3340 4716 3654 4771 renovatio
3708 4718 3907 4787 perﬁ-

480 4801 824 4876 petierimus
853 4802 1210 4875 accipiemus
1238 4804 1310 4859 ab
1342 4820 1408 4859 eo
1429 4805 1478 4875 (Ι
1503 4806 1658 4861 Joan.
1687 4807 1793 4879 III).
1821 4808 1937 4865 Hoc
1968 4809 2123 4865 enim
2234 4807 2440 4863 cienda
2467 4805 2624 4861 videt
2654 4809 2710 4859 et
2752 4804 3055 4876 cognoscit
3086 4823 3099 4873 ;
3150 4804 3466 4860 inﬁrmitas
3519 4821 3653 4860 vero
3702 4805 3909 4861 absu-

481 4891 677 4966 agitur
712 4891 1031 4961 voluntate,
1083 4892 1390 4962 credendo,
1444 4896 1755 4965 sperando,
1805 4897 2119 4970 diligendo,
2233 4897 2469 4965 menda,
2499 4911 2602 4950 nec
2650 4893 2825 4962 videt,
2877 4910 2983 4950 nec
3033 4893 3334 4967 cognoscit
3385 4908 3541 4948 eum.
3600 4893 3661 4948 In
3709 4895 3910 4964 cujus

478 4997 689 5056 corpus
719 4983 1080 5057 castigando,
1114 4982 1511 5055 eleemosynas
1550 4984 1835 5054 faciendo,
1872 4986 2119 5059 injurias
2232 4986 2703 5059 quantiscumque
2735 4983 3000 5056 reliquiis
3034 4983 3281 5039 interius
3324 4983 3663 5038 constitutis
3709 4981 3761 5036 si
3801 4984 3909 5039 di-

473 5069 853 5144 ignoscendo,
886 5071 1176 5127 instanter
1204 5073 1424 5128 orando
1476 5077 1533 5127 et
1578 5075 1918 5144 proﬁciendi
1972 5076 2121 5134 vires
2228 5075 2489 5131 xerimus
2521 5074 2659 5146 quia
2700 5077 3007 5153 peccatum
3058 5090 3174 5128 non
3222 5072 3532 5144 habemus,
3565 5087 3670 5126 nos
3718 5070 3910 5144 ipsos

472 5161 1175 5234 precandoveraciterque
1192 5160 1468 5216 dicendo:
1493 5160 1774 5216 «Dimitte
1792 5162 1985 5231 nobis,
2008 5164 2119 5220 sic-
2230 5162 2565 5219 seducimus
2597 5166 2653 5217 et
2682 5161 2891 5218 veritas
2916 5162 2975 5216 in
3006 5161 3173 5217 nobis
3207 5178 3321 5217 non
3355 5166 3463 5217 est.

476 5252 770 5306 «utetnos
789 5250 1208 5319 dimittimus,»
1234 5254 1316 5306 et:
1346 5250 1476 5305 «Ne
1499 5266 1606 5304 nos
1628 5250 1918 5307 inferasin
1932 5258 2117 5309 tenta-
2299 5250 2439 5307 XVI.
2474 5250 2661 5320 (Ibid)
2693 5250 2836 5305 Cum
2883 5266 2987 5322 per
3034 5249 3286 5323 gratiam
3336 5248 3726 5305 renovationis
3779 5250 3913 5311 ﬁlii

477 5336 2116 5414 «tionem,sedliberanosamalo.»Hocprersusagitur,
2227 5337 2327 5393 Dei
2372 5354 2603 5405 sumus,
2649 5340 2847 5391 tamen
2896 5340 3134 5410 propter
3182 5336 3463 5410 reliquias
3511 5337 3913 5403 inﬁrmitatis

471 5428 539 5483 ut
584 5443 686 5483 cor
732 5429 1069 5498 mundetur,
1102 5432 1160 5486 et
1206 5431 1513 5500 peccatum
1564 5443 1737 5482 omne
1767 5427 2024 5499 tollatur,
2059 5436 2117 5486 et
2226 5428 2485 5483 nondum
2519 5424 2794 5498 apparuit
2822 5426 2976 5498 quod
3031 5426 3274 5482 erimus.
3310 5427 3542 5482 Scimus
3592 5425 3913 5498 quoniam

472 5516 829 5590 quodjudex
847 5519 1220 5590 justus,cum
1238 5517 1298 5573 in
1322 5517 1529 5573 throno
1560 5516 1797 5587 sederit,
1820 5519 2112 5578 occultum
2223 5532 2358 5572 cum
2390 5513 2747 5588 apparuerit,
2781 5513 3007 5572 similes
3032 5516 3083 5571 ei
3114 5515 3357 5583 erimus,
3385 5515 3667 5589 quoniam
3716 5513 3914 5575 vide-

472 5604 778 5679 invenerit,
801 5606 1113 5684 minusque
1144 5605 1519 5681 mandatum,
1554 5606 1682 5685 ejus
1715 5606 2116 5669 misericordia
2222 5605 2419 5668 bimus
2448 5620 2584 5665 eum
2615 5603 2789 5664 sicuti
2820 5608 2928 5665 est.
2952 5605 3115 5663 Tunc
3145 5609 3455 5681 peccatum
3486 5602 3717 5662 nullum
3732 5606 3911 5689 erit,
