4094 6186
187 359 299 427 H3

984 356 1087 423 DE
1127 357 1906 434 PRJEDESTINATIONE,
1954 358 2153 434 ETC.,
2199 362 2304 424 EX
2344 362 2815 431 AUGUSTINO.

3481 364 3602 430 114

187 498 321 572 quia
350 494 678 555 inﬁrmitas
698 513 805 553 nec
834 494 1074 553 interior
1104 510 1209 551 nec
1237 496 1489 553 exterior
1516 493 1638 552 ulla
1654 511 1840 552 rema-
1867 489 1924 560 Α
1952 501 2045 553 tor
2069 497 2170 555 Dei
2202 502 2260 555 et
2287 497 2595 557 hominum
2627 500 2803 559 homo
2832 500 3101 562 Christus
3121 500 3316 576 Jesus,
3340 500 3469 563 sine
3496 518 3607 565 cu-

185 590 438 657 nebit,et
468 587 669 644 omnis
699 587 801 660 qui
832 585 1177 660 habetjhanc
1192 602 1356 658 spem
1387 585 1445 641 in
1464 586 1843 657 eum,sancti-

185 679 314 735 ﬂeat
345 694 409 733 se
442 675 605 732 sicut
634 678 693 730 et
720 674 846 747 ipse
875 677 1114 731 sanctus
1163 678 1273 730 est.
1306 674 1645 730 Sanctiﬁcat
1687 675 1843 730 enim

183 784 261 834 se,
292 783 413 823 non
446 782 557 838 per
587 764 873 836 seipsum,
910 764 1013 819 sed
1046 763 1334 818 credendo
1368 761 1426 818 in
1459 762 1720 831 illum,et
1751 763 1844 819 in-

182 856 440 913 vocando
463 854 665 917 illum.
697 853 797 926 qui
830 852 1159 909 sanctiﬁcat
1188 857 1423 908 sanctos
1471 870 1629 908 suos.
1663 853 1845 925 Cujus

185 943 683 1002 sanctiﬁcationis
712 941 1008 1016 perfectio,
1038 958 1164 1015 qua:
1194 958 1349 997 nunc
1380 942 1629 1014 proﬁcit,
1646 947 1701 997 et
1730 959 1846 998 cre-

186 1034 289 1091 scit
321 1036 394 1090 de
431 1033 532 1088 die
575 1032 638 1088 in
686 1033 866 1104 diem,
899 1047 1104 1087 omnes
1154 1031 1519 1088 infirmitatis
1567 1030 1846 1104 reliquias

185 1124 452 1182 ablatura
480 1126 598 1178 est.

250 1211 423 1267 XVII.
453 1209 629 1283 (Cap.
669 1209 778 1279 19.)
810 1209 910 1265 Dei
952 1208 1199 1283 gratiam
1243 1209 1329 1265 vel
1383 1208 1846 1266 misericordiam

186 1300 461 1358 volumus
492 1299 835 1371 impetrare,
870 1292 1009 1355 cum
1037 1298 1288 1355 dicimus
1322 1316 1333 1352 :
1373 1322 1399 1348 ‹‹
1435 1299 1558 1355 Fiat
1578 1299 1845 1356 voluntas

189 1414 216 1442 α
234 1396 333 1447 tua
351 1391 520 1447 sicut
540 1389 606 1444 in
627 1388 882 1457 cmlo,ita
898 1392 955 1444 ct
976 1389 1033 1444 in
1053 1392 1263 1455 terra,»
1285 1388 1374 1445 vel
1399 1406 1412 1445 :
1446 1412 1472 1438 ‹‹
1486 1388 1567 1445 Ne
1588 1406 1694 1445 nos
1708 1389 1847 1446 info-

191 1505 216 1531 α
236 1498 327 1537 ras
348 1480 414 1536 in
438 1478 966 1545 tentationem,sed
989 1476 1175 1534 libera
1195 1496 1301 1534 nos
1324 1496 1357 1534 a
1381 1478 1589 1534 malo.»
1617 1478 1689 1534 Ut
1704 1477 1843 1551 quid

186 1571 336 1627 enim
368 1569 494 1625 ista
527 1568 754 1624 orando
786 1572 947 1624 tanto
979 1568 1197 1641 gemitu
1233 1568 1508 1640 petimus.
1528 1567 1577 1623 si
1599 1567 1845 1623 volentis

185 1660 445 1717 hominis
477 1663 541 1714 et
572 1657 884 1723 currentis,
918 1673 1032 1713 non
1064 1656 1400 1713 miserentis
1429 1662 1519 1713 est
1550 1657 1689 1713 Dei?
1719 1657 1844 1713 Non

187 1749 320 1822 quia
350 1749 471 1804 hoc
503 1746 637 1803 sine
666 1746 966 1803 voluntate
997 1750 1198 1802 nostra
1228 1747 1442 1819 agitur,
1463 1746 1564 1802 sed
1587 1745 1725 1818 quia
1756 1763 1849 1801 vo-

1946 588 2049 658 jus
2079 588 2271 661 gratia
2317 605 2487 646 nemo
2534 608 2569 647 a
2617 592 3101 650 condemnatione
3150 593 3454 665 liberatur,
3485 592 3608 652 sive

1956 695 2133 751 quam
2169 679 2344 736 traxit
2371 698 2440 737 ex
2470 680 2566 738 illo
2585 680 2647 737 in
2679 698 2794 754 quo
2826 698 3032 739 omnes
3069 687 3472 756 peccaverunt,
3486 683 3610 743 sive

1955 784 2133 840 quam
2165 773 2367 840 postea
2398 770 2522 825 suis
2554 770 2967 844 iniquitatibus
2999 771 3245 829 addidit.

2026 856 2138 913 XX.
2172 857 2702 932 DiciturzAdjutor
2746 877 2915 918 meus
2958 865 3194 928 esto,ne
3227 861 3606 936 derelinquas

1956 963 2050 1001 me
2076 964 2088 1001 :
2114 969 2140 995 η
2176 964 2291 1003 non
2322 949 2525 1021 utique
2552 950 2622 1004 ad
2647 948 2970 1022 corporalia
2991 950 3147 1006 bona
3165 951 3525 1023 capessenda
3544 955 3605 1008 et

1957 1035 2113 1092 mala
2142 1038 2436 1103 cavenda;
2470 1038 2571 1094 sed
2603 1039 2676 1094 ad
2707 1039 3024 1110 gerendam
3070 1038 3603 1112 perﬁciendamque

1947 1126 2267 1197 justitiam.
2304 1127 2542 1199 Propter
2579 1128 2731 1200 quod
2765 1128 3059 1184 dicimus:
3086 1129 3218 1185 «Ne
3256 1145 3363 1185 nos
3384 1128 3602 1186 inferas

1959 1236 1986 1263 ‹‹
2009 1216 2066 1269 in
2101 1217 2504 1283 tentationem,
2524 1217 2625 1272 sed
2650 1216 2833 1272 libera
2854 1235 2961 1273 nos
2982 1236 3016 1274 a
3038 1216 3213 1274 malo.
3228 1239 3256 1268 ιι
3289 1218 3406 1275 Nec
3435 1217 3603 1290 adju-

1953 1309 2139 1373 vatur,
2158 1305 2268 1361 nisi
2291 1308 2392 1377 qui
2414 1310 2471 1362 et
2487 1305 2611 1378 ipse
2631 1305 2850 1380 aliquid
2871 1307 2993 1381 agit
3017 1323 3029 1363 :
3056 1308 3366 1381 adjuvatur
3383 1310 3605 1377 autem,

1956 1394 2004 1449 si
2038 1393 2291 1461 invocat,
2317 1395 2365 1450 si
2388 1394 2589 1463 credit,
2607 1396 2654 1452 si
2688 1399 3011 1454 secundum
3044 1396 3407 1470 propositum
3436 1411 3605 1454 voca-

1956 1488 2054 1539 tus
2086 1488 2194 1540 est.
2214 1485 2514 1551 Quomodo
2554 1502 2702 1558 quos
2743 1491 2877 1542 ante
2910 1485 3202 1559 prmscivit
3221 1488 3278 1542 et
3307 1485 3606 1558 praedesti-

1956 1571 2115 1627 navit
2147 1572 2475 1628 conformes
2498 1573 2775 1646 imaginis
2797 1573 2900 1629 ﬁlii
2920 1574 3118 1642 sui,ut
3148 1574 3226 1631 sit
3245 1572 3373 1647 ipse
3391 1573 3604 1647 primo-

1955 1661 2190 1733 genitus
2223 1661 2280 1716 in
2306 1661 2508 1717 multis
2530 1661 2830 1718 fratribus.
2850 1664 3007 1728 Quos
3022 1666 3217 1719 autem
3238 1663 3612 1736 praedestina-

1956 1749 2055 1817 vit,
2072 1748 2204 1805 illos
2235 1754 2292 1805 et
2310 1749 2560 1817 vocavit;
2587 1766 2735 1822 quos
2755 1750 2996 1819 vocavit,
3013 1750 3145 1807 illos
3166 1751 3611 1823 etjustificavit;

188 1839 381 1895 luntas
412 1854 539 1893 non
573 1834 793 1929 implet
811 1836 972 1929 quod
988 1835 1127 1909 agit,
1159 1835 1272 1892 nisi
1305 1835 1585 1929 divinitus
1606 1835 1845 1906 adjuve-
1877 1862 1926 1929 Β
1957 1855 2105 1910 quos
2136 1841 2331 1893 autem
2373 1838 2743 1910 justiﬁcavit,
2777 1836 2909 1894 illos
2960 1843 3019 1894 et
3062 1838 3428 1911 gloriﬁcavit.
3464 1838 3610 1894 Cur-

188 1934 303 1985 tur.
328 1929 469 1985 Hec
523 1928 618 1982 est
663 1924 796 1980 ﬁdci
848 1924 1108 1991 sanitas;
1140 1940 1267 1996 quas
1313 1941 1421 1980 nos
1473 1924 1611 1979 facit
1663 1941 1848 1991 orare,

189 2032 449 2091 querere
482 2019 556 2071 ut
585 2013 976 2080 inveniamus,
1002 2017 1194 2086 petere
1225 2016 1291 2068 ut
1319 2011 1699 2085 accipiamus,
1719 2012 1852 2085 pul-

191 2123 315 2163 sare
345 2109 419 2162 ut
447 2103 759 2177 aperiatur
787 2101 975 2157 nobis.
1000 2101 1214 2158 Contra
1244 2101 1419 2157 istam
1441 2102 1539 2175 qui
1566 2101 1849 2174 disputat,

189 2200 391 2253 contra
423 2192 696 2266 seipsum
726 2189 948 2247 claudit
995 2190 1212 2247 ostium
1262 2189 1675 2246 misericordia:
1725 2191 1849 2247 Dei.

190 2285 332 2342 Nolo
363 2283 549 2358 plura
594 2281 791 2337 dicere
840 2280 911 2336 de
959 2296 1020 2335 re
1065 2283 1249 2349 tanta,
1284 2279 1422 2352 quia
1468 2277 1680 2336 melius
1722 2296 1852 2335 eam

188 2373 505 2431 committo
551 2369 814 2427 ﬁdelium
861 2368 1179 2443 gemitibus
1210 2384 1388 2441 quam
1442 2368 1589 2424 meis
1632 2384 1853 2425 sermo-

191 2464 390 2519 nibus.

259 2551 465 2608 XVIII.
503 2549 665 2622 (Ibid.
707 2548 1122 2605 Voluntarium
1162 2554 1431 2607 nostrum
1476 2552 1695 2607 bonum
1742 2556 1853 2619 est,

192 2658 328 2699 cum
360 2640 527 2697 Deus
558 2642 834 2711 operatur
862 2637 920 2692 in
954 2637 1123 2693 nobis
1149 2642 1207 2694 et
1236 2638 1382 2695 velle
1411 2644 1470 2695 ot
1498 2641 1719 2713 operari
1752 2657 1856 2713 pro

194 2733 350 2788 bona
393 2727 722 2785 voluntate.
759 2727 820 2782 In
871 2727 1324 2783 Deuteronomio
1372 2729 1661 2802 scriptum
1719 2733 1853 2784 est:

198 2843 227 2870 κ
254 2819 459 2874 Vitam
492 2821 555 2873 et
584 2820 836 2872 mortem
861 2815 1020 2871 dedit
1041 2819 1174 2871 ante
1205 2816 1414 2873 faciem
1444 2816 1723 2885 hominis,
1757 2818 1859 2873 bo-

198 2932 229 2960 α
259 2924 408 2963 num
457 2909 521 2962 et
568 2903 813 2972 malum,
847 2908 906 2960 et
953 2904 1260 2961 admonuit
1304 2909 1368 2980 ut
1413 2905 1651 2979 eligeret
1678 2906 1860 2961 vitam

204 3019 233 3047 ε
262 2995 654 3066 (Deut.m).»
674 2992 787 3049 Sed
808 2996 865 3048 et
883 2992 1013 3065 ipsa
1031 2994 1355 3050 admonitio
1372 2995 1443 3050 de
1463 2992 1865 3049 misericordia

200 3084 379 3151 venit,
394 3100 510 3139 nec
542 3080 765 3154 aliquid
789 3081 1098 3154 prudesset
1117 3081 1328 3155 eligere
1346 3082 1549 3150 vitam,
1570 3082 1683 3138 nisi
1709 3082 1864 3139 Deus

1961 1926 2148 1983 rimus
2169 1943 2305 2001 ergo
2337 1943 2471 1982 cum
2514 1927 2875 1999 proﬁcimus,
2909 1927 3050 1983 dum
3073 1926 3296 1983 sanitas
3317 1929 3519 1983 nostra
3548 1926 3610 1981 in

1961 2015 2407 2088 proﬁcientibus
2435 2015 2618 2071 currit
2651 2031 2662 2071 :
2698 2015 2854 2072 sicut
2883 2014 3061 2072 etiam
3089 2014 3330 2072 cicatrix
3376 2029 3613 2072 currere

1962 2104 2195 2172 dicitur,
2211 2105 2445 2178 quando
2475 2104 2623 2161 bene
2651 2104 2866 2161 vulnus
2891 2103 3319 2179 diligentesque
3349 2106 3610 2172 curatur,

1962 2198 2028 2250 ut
2057 2193 2216 2249 omni
2247 2210 2315 2249 ex
2347 2197 2509 2265 parte
2539 2192 2798 2266 perfecti,
2832 2194 2959 2251 sine
2990 2192 3111 2250 ulla
3139 2193 3328 2250 simus
3370 2192 3613 2251 omnino

1960 2282 2303 2339 inﬁrmitate
2335 2283 2577 2356 peccati,
2608 2285 2762 2356 quod
2799 2300 2914 2340 non
2945 2282 3138 2339 solum
3170 2281 3296 2339 vult
3324 2282 3500 2352 Deus,
3523 2298 3614 2340 ve-

1964 2388 2095 2428 rum
2122 2373 2297 2430 etiam
2331 2377 2397 2428 ut
2425 2371 2742 2444 impleatur
2771 2372 2913 2429 facit
2930 2376 3103 2445 atque
3129 2371 3386 2444 adjuvat.
3401 2371 3474 2428 Et
3502 2370 3615 2428 hoc

1966 2462 2272 2518 nobiscum
2291 2462 2413 2534 agit
2430 2462 2621 2535 gratia
2642 2461 2743 2518 Dei
2765 2477 2870 2534 per
2888 2461 3187 2517 Christum
3204 2461 3407 2518 Jesum
3423 2459 3618 2517 Domi-

1966 2567 2108 2606 num
2143 2554 2431 2619 nostrum,
2466 2568 2580 2607 non
2613 2549 2806 2606 solum
2857 2547 3183 2623 prmceptis,
3207 2548 3616 2617 sacramentis,

1966 2639 2268 2712 exemplis,
2293 2640 2395 2696 sed
2426 2641 2601 2697 etiam
2635 2638 2857 2711 Spiritu
2888 2642 3089 2695 sancto
3111 2655 3215 2711 per
3235 2654 3410 2711 quem
3432 2636 3621 2694 laten-

1966 2733 2055 2785 ter
2084 2729 2436 2786 diﬁ'unditur
2465 2729 2720 2786 charitas
2752 2729 2810 2783 in
2843 2726 3120 2784 cordibus
3141 2726 3382 2796 nostris,
3405 2726 3508 2800 qui
3538 2725 3623 2783 in-

1968 2815 2239 2889 terpellat
2267 2816 2583 2889 gemitibus
2616 2814 3330 2882 inenarrabilibus,donec
3357 2814 3417 2868 in
3450 2814 3621 2871 nobis

1970 2905 2193 2960 sanitas
2224 2904 2577 2977 perficiatur,
2602 2909 2660 2960 et
2688 2904 2864 2973 Deus,
2890 2902 3063 2960 sicuti
3108 2905 3199 2959 est
3242 2901 3531 2959 videndus
3559 2902 3620 2958 in

1970 2996 2187 3048 aeterna
2205 2992 2466 3060 veritate,
2500 2995 2878 3048 monstretur.

2041 3081 2182 3138 XXI.
2216 3080 2492 3154 Quisquis
2524 3081 2704 3137 fuisse
2731 3079 2819 3135 vel
2851 3096 2980 3136 esse
3009 3078 3069 3135 in
3098 3079 3208 3135 hac
3225 3077 3345 3135 vita
3364 3077 3620 3152 aliquem

201 3172 461 3248 eligendi
495 3170 844 3227 charitatem
884 3170 1215 3243 inspiraret.
1250 3177 1309 3228 et
1355 3170 1601 3227 electam
1650 3171 1865 3228 habere
1898 3232 1937 3248 Α
1974 3171 2297 3239 hominem,
2328 3171 2417 3226 vel
2455 3170 2685 3243 aliquos
2713 3169 2983 3226 homines
3028 3170 3214 3242 putat,
3239 3171 3475 3242 excepto
3503 3185 3624 3225 uno

203 3232 537 3336 praistaret.
572 3260 653 3315 De
682 3275 749 3315 eo
779 3259 1002 3314 dictum
1036 3264 1127 3315 est
1158 3277 1171 3315 :
1209 3282 1236 3311 «
1257 3259 1544 3327 Quoniam
1579 3259 1664 3316 ira
1688 3260 1749 3317 in
1778 3260 1863 3316 in-
1892 3232 1939 3301 C
1976 3260 2295 3317 mediatore
2326 3260 2426 3317 Dei
2457 3265 2516 3316 et
2543 3259 2874 3328 hominum,
2909 3258 3126 3332 quibus
3158 3257 3489 3316 necessaria
3505 3275 3622 3316 non

207 3374 237 3401 α
269 3349 619 3423 dignatione
649 3348 801 3419 ejus,
832 3353 889 3403 et
918 3348 1037 3404 vita
1066 3347 1126 3403 in
1157 3347 1455 3404 voluntate
1502 3349 1652 3421 ejus.
1686 3350 1861 3422 (Psal.

210 3464 239 3491 υ
267 3438 487 3508 χιιι).››
516 3436 661 3492 Item
680 3436 901 3492 dictum
926 3440 1052 3493 est:
1081 3437 1181 3493 «Si
1199 3436 1341 3492 velis
1364 3442 1866 3510 praecepta,serva-

213 3548 237 3575 ι
271 3528 423 3583 bunt
454 3524 737 3596 te.(Eccli.
762 3523 933 3596 ,xv).»
958 3524 1071 3581 Sed
1102 3524 1400 3581 debetDeo
1422 3542 1590 3598 agere
1624 3525 1864 3600 gratias,

208 3615 349 3690 quia
389 3618 685 3687 praecepta
712 3612 915 3681 voluit,
931 3612 1031 3686 qui
1052 3614 1319 3670 desertus
1340 3615 1498 3669 omni
1532 3612 1755 3672 lumine
1772 3633 1865 3672 ve-

210 3705 403 3761 ritatis
425 3705 554 3759 haec
586 3701 730 3759 velle
762 3718 877 3758 non
908 3707 1123 3775 posset.
1152 3702 1361 3758 Positis
1391 3708 1526 3759 ante
1566 3704 1867 3761 hominem

211 3796 346 3868 igne
365 3798 427 3848 et
457 3808 638 3863 aqua,
653 3808 770 3863 quo
800 3790 924 3846 vult
942 3791 1179 3863 quidem
1205 3791 1449 3865 porrigit
1468 3809 1741 3863 manum;
1765 3793 1869 3850 sed

213 3881 384 3940 altior
410 3884 509 3937 est
537 3878 641 3952 qui
671 3885 838 3935 vocat
868 3880 1043 3936 altius
1075 3896 1253 3952 quam
1285 3882 1477 3936 omnis
1501 3881 1761 3938 humana
1782 3899 1871 3939 co-

215 3969 441 4044 gitatio.

285 4058 428 4115 XIX.
458 4057 649 4128 (Ibid.)
673 4058 786 4114 Lex
809 4056 1303 4130 praevaricationis
1321 4061 1513 4132 gratia
1536 4060 1726 4133 posita
1759 4065 1869 4128 est,

218 4140 402 4204 donec
422 4145 653 4203 veniret
673 4162 871 4202 semen
894 4147 988 4202 cui
1006 4147 1365 4219 promissum
1382 4148 1660 4205 est.Uude
1676 4149 1874 4205 subin-

216 4236 395 4292 travit
424 4239 492 4290 ut
520 4235 850 4291 abundaret
878 4235 1176 4305 delictum,
1210 4242 1268 4293 et
1296 4237 1393 4293 ubi
1427 4238 1745 4293 abundavit
1774 4238 1872 4294 de-

217 4326 455 4397 lictum,
488 4324 993 4396 superabundavit
1021 4326 1229 4399 gratia.
1265 4327 1326 4382 Id
1352 4331 1460 4395 est,
1477 4331 1543 4383 ut
1588 4327 1877 4400 acciperet

218 4414 395 4470 homo
429 4418 744 4486 pracepta,
773 4414 1022 4486 superbe
1052 4416 1125 4471 de
1151 4414 1276 4471 suis
1306 4417 1528 4472 viribus
1561 4415 1748 4473 fidens
1777 4434 1789 4472 ε
1815 4418 1872 4472 in

219 4504 441 4576 quibus
474 4501 849 4570 deﬁciens,ct
879 4503 1070 4559 factus
1091 4504 1268 4560 etiam
1299 4505 1878 4577 praevaricator,libe-

1974 3348 2149 3406 fuerit
2180 3349 2449 3405 remissio
2489 3353 2885 3422 peccatorum,
2915 3347 3249 3404 contrarius
3295 3350 3388 3404 est
3417 3346 3626 3404 divina:

1974 3438 2307 3510 Scriptura,
2328 3437 2429 3493 ubi
2460 3437 2772 3510 Apostolus
2801 3437 2945 3492 dicit
2977 3453 2988 3492 :
3027 3459 3054 3487 ‹‹
3087 3436 3194 3492 Per
3221 3452 3408 3492 unum
3434 3434 3629 3492 homi-

1964 3507 2004 3578 'u
2037 3507 2169 3583 nem
2203 3507 2778 3599 peccatum‘intravit
2808 3526 2866 3580 in
2892 3525 3206 3596 mundum,
3219 3529 3278 3581 et
3296 3541 3401 3598 per
3426 3539 3631 3597 pecea-

1979 3638 2007 3666 ‹‹
2039 3620 2166 3670 tum
2199 3620 2450 3686 mors,et
2480 3616 2563 3669 ita
2591 3615 2649 3670 in
2702 3630 2906 3670 omnes
2955 3614 3225 3670 homines
3267 3610 3630 3686 pertransiit,

1980 3726 2007 3755 α
2039 3704 2098 3759 in
2128 3721 2243 3777 quo
2277 3720 2481 3759 omnes
2513 3707 2899 3774 peccaverunt
2929 3702 3107 3771 (Rom.
3127 3701 3204 3773 v).
3239 3721 3268 3752 »
3302 3702 3375 3758 Et
3396 3713 3635 3758 necesse

1977 3797 2066 3848 est
2087 3797 2152 3848 ut
2168 3793 2349 3865 impia
2369 3792 2739 3847 contentione
2766 3793 2992 3845 asserat
3009 3804 3138 3845 esse
3164 3805 3337 3860 posse
3364 3786 3635 3844 homines

1979 3882 2077 3954 qui
2101 3882 2228 3936 sine
2251 3880 2571 3935 mediatore
2593 3876 3132 3943 Christo,liberante
3152 3878 3328 3948 atque
3348 3874 3633 3944 salvante,

1980 3971 2101 4027 sint
2153 3968 2320 4025 liberi
2370 3967 2631 4039 salvique
2662 3982 2697 4021 a
2725 3968 2990 4038 peccato;
3025 3981 3160 4020 cum
3212 3962 3308 4020 ille
3362 3962 3628 4020 dixerit:

1984 4083 2011 4110 ‹‹
2042 4059 2168 4114 Non
2198 4062 2289 4114 est
2309 4074 2455 4128 opus
2477 4056 2637 4111 sanis
2660 4054 2943 4121 medicus,
2958 4054 3059 4110 sed
3079 4052 3229 4109 male
3249 4052 3627 4111 habentibus.

1986 4172 2007 4199 α
2043 4148 2169 4204 Non
2225 4145 2354 4201 veni
2409 4160 2614 4200 vocare
2653 4146 2872 4216 justos,
2907 4142 3008 4199 sed
3060 4145 3394 4214 peccatores
3422 4140 3628 4214 (Matth.

1986 4261 2007 4289 α
2042 4254 2127 4305 ix;
2163 4237 2289 4291 Luc.
2321 4236 2441 4303 xu).
2478 4256 2507 4283 ››

2053 4325 2217 4382 XXII.
2251 4324 2434 4395 (Ιὺίἀ.)
2461 4322 2738 4395 Quisquis
2769 4326 2964 4379 autem
2996 4322 3157 4389 dicit,
3173 4325 3306 4394 post
3328 4324 3627 4394 acceptam

1984 4415 2387 4472 remissionem
2417 4418 2810 4486 peccatorum,
2834 4413 2915 4467 ita
2936 4426 3294 4483 quemquam
3327 4409 3627 4466 hominem

1976 4508 2138 4577 juste
2166 4504 2379 4559 vixisse
2410 4502 2469 4557 in
2502 4501 2611 4557 hac
2642 4517 2834 4568 carne,
2849 4499 2933 4556 vel
2957 4500 3244 4568 vivere,ut
3264 4497 3494 4556 nullum
3523 4498 3627 4555 ha-

222 4597 479 4648 ratorem
512 4590 982 4664 salvatoremque
1014 4593 1361 4664 requireret;
1395 4598 1569 4665 atque
1614 4595 1697 4649 ita
1739 4612 1874 4650 eum
1908 4605 1953 4670 Ι)
1985 4596 2120 4651 beat
2140 4591 2379 4649 omnino
2410 4588 3097 4663 peccatum,contradicit
3118 4586 3380 4661 apostolo
3398 4586 3631 4658 Joanni,

220 4680 399 4737 ᾱωοι·
421 4680 574 4752 legis
590 4678 877 4735 humilem
900 4682 1426 4754 factum,tanquam
1439 4684 1792 4755 paedagogus
1805 4684 1875 4739 ad

223 4770 401 4826 ﬁdem
425 4767 800 4841 gratiamque
830 4769 1186 4841 perduceret.
1224 4771 1309 4826 Ita
1337 4770 1744 4842 multiplicatis
1782 4772 1876 4827 in-

224 4856 613 4914 ﬁrmitatibus
643 4862 846 4929 postea
864 4856 1347 4927 acceleraverunt,
1363 4860 1577 4931 quibus
1600 4861 1878 4916 sanandis

227 4952 560 5021 opportune
584 4945 851 5003 Christus
872 4948 1124 5004 advenit.
1144 4948 1206 5003 In
1237 4949 1410 5020 cujus
1428 4950 1675 5021 gratiam
1701 4950 1878 5006 etiam

219 5037 369 5107 justi
402 5034 638 5106 antiqui
670 5034 1067 5105 crediderunt,
1089 5037 1293 5093 eadem
1341 5037 1470 5109 ipsa
1517 5039 1706 5112 gratia
1752 5040 1880 5111 ejus

227 5125 439 5196 adjuti,
475 5127 546 5180 ut
571 5123 895 5197 gaudentes
915 5141 1051 5181 eum
1083 5131 1531 5199 praenoscerent,
1555 5131 1612 5183 et
1642 5128 1881 5200 quidam

228 5213 410 5270 etiam
442 5212 908 5287 prmnuntiarent
935 5230 1064 5271 esse
1094 5220 1430 5283 venturum,
1453 5216 1541 5271 vel
1574 5217 1632 5272 in
1664 5214 1763 5272 illo
1793 5234 1890 5290 po-

231 5302 370 5376 pulo
403 5301 607 5371 Israel,
625 5300 781 5359 sicut
818 5302 1066 5375 Moyses,
1091 5309 1149 5360 et
1176 5304 1316 5362 Jesu
1347 5305 1520 5374 Nave,
1546 5309 1603 5361 et
1632 5305 1888 5376 Samuel,

230 5397 289 5447 ct
318 5391 515 5447 caeteri
546 5389 815 5461 tales,vel
836 5395 998 5448 extra
1028 5393 1222 5466 ipsum
1245 5393 1719 5467 populum,sicut
1752 5395 1882 5465 Job,

230 5480 320 5537 vel
352 5484 489 5536 ante
520 5479 720 5552 ipsum
742 5479 1047 5553 populum,
1065 5482 1219 5537 sicut
1238 5482 1552 5555 Abraham,
1572 5483 1726 5539 sicut
1746 5483 1888 5553 Noe,

231 5575 291 5625 et
320 5570 667 5641 quicunque
699 5568 797 5623 alii
830 5574 990 5639 sunt,
1015 5584 1165 5642 quos
1199 5578 1617 5628 commemorat
1638 5572 1725 5628 vel
1747 5577 1899 5629 tacet

239 5660 439 5716 divina
472 5658 799 5731 Scriptura.
825 5658 986 5715 Unus
1019 5655 1178 5713 enim
1211 5652 1385 5719 Deus,
1418 5663 1474 5710 et
1503 5677 1657 5716 unus
1686 5663 1902 5719 media-

1989 4683 2087 4755 qui
2107 4683 2187 4738 ait
2210 4698 2223 4736 :
2250 4703 2277 4732 «
2300 4682 2359 4737 Si
2379 4680 2699 4736 dixerimus
2716 4679 2855 4751 quia
2874 4682 3181 4751 peccatum
3193 4694 3309 4734 non
3322 4677 3632 4747 habemus,

1991 4795 2018 4822 «
2049 4788 2154 4827 nos
2177 4772 2334 4844 ipsos
2359 4767 2719 4837 seducimus,
2736 4770 2794 4822 et
2822 4766 3036 4823 veritas
3064 4766 3125 4823 in
3174 4766 3345 4824 nobis
3389 4783 3506 4823 non
3545 4769 3638 4823 est

1989 4883 2017 4909 ‹‹
2049 4861 2097 4928 (1
2115 4861 2269 4916 Joan.
2286 4863 2345 4926 ι).
2374 4880 2399 4905 ››
2420 4857 2545 4912 Non
2568 4854 2725 4911 enim
2748 4854 2830 4911 ait
2853 4878 2881 4906 «
2898 4855 3273 4925 habuimus,»
3297 4855 3397 4912 sed
3423 4853 3637 4909 «habe-

1992 4974 2019 4999 ‹‹
2051 4965 2240 5004 mus.»
2266 4947 2428 5012 Quod
2445 4946 2493 5001 si
2516 4945 2832 5017 quisquam
2851 4944 3060 5001 asserit
3072 4945 3142 5001 de
3165 4944 3263 5001 illo
3275 4946 3510 5016 peccato
3523 4937 3639 4993 dic-

1992 5045 2141 5105 tum,
2158 5037 2313 5109 quod
2326 5035 2619 5091 habitatin
2633 5050 2807 5091 carne
2820 5040 3021 5091 nostra
3044 5030 3296 5097 mortali,
3312 5025 3637 5084 secundum

1991 5128 2199 5183 vitium
2223 5124 2376 5198 quod
2405 5124 2702 5197 peccantis
2726 5124 2900 5196 primi
2922 5121 3179 5179 hominis
3194 5114 3493 5172 voluntate
3508 5127 3642 5170 con-

1998 5221 2250 5273 tractum
2272 5219 2380 5283 est,
2397 5214 2566 5286 cujus
2607 5212 2829 5284 peccati
2867 5205 3170 5266 desideriis
3203 5217 3275 5258 ne
3297 5199 3642 5262 obediamus

2002 5305 2217 5363 Paulus
2250 5303 2549 5377 apostolus
2570 5300 2832 5375 praecipit
2864 5316 2876 5352 :
2913 5313 3027 5352 non
3051 5296 3246 5349 autem
3268 5307 3524 5365 peccare,
3540 5292 3641 5366 qui

2003 5396 2192 5453 eidem
2225 5388 2763 5465 peccato,quamvis
2792 5387 2852 5440 in
2879 5400 3050 5441 carne
3070 5381 3381 5455 habitanti,
3406 5382 3477 5439 ad
3509 5380 3643 5439 nul-

2005 5485 2129 5541 lum
2160 5500 2307 5555 opus
2339 5480 2560 5537 malum
2592 5476 2829 5533 omnino
2880 5469 3192 5542 consentit,
3223 5472 3310 5530 vel
3356 5471 3514 5543 facti,
3555 5471 3645 5530 vel

2006 5572 2271 5642 dicti,vel
2307 5561 2846 5643 cogitati,quamvis
2868 5561 2996 5633 ipsa
3017 5562 3492 5636 concupiscentia
3520 5578 3645 5618 mo-

2006 5667 2226 5726 veatur,
2246 5676 2373 5730 qua:
2397 5655 2508 5712 alio
2531 5650 2700 5707 modo
2724 5651 2945 5721 peccati
2967 5668 3181 5709 nomen
3223 5652 3465 5726 accepit,
3490 5649 3647 5722 quod
