  <div class='ocr_page' id='page_1' title='image "/cluster/home/n/w/nwhite01/storage/ocr_20150623/116/hvd.32044054759808/064.png"; bbox 0 0 4120 6184; ppageno 0'>
   <div class='ocr_carea' id='block_1_1' title="bbox 264 358 383 422">
    <p class='ocr_par' dir='ltr' id='par_1_1' title="bbox 264 358 383 422">
     <span class='ocr_line' id='line_1_1' title="bbox 264 358 383 422; baseline -0.008 -1"><span class='ocrx_word' id='word_1_1' title='bbox 264 358 383 422; x_wconf 70' lang='grc'>11⁵1</span> 
     </span>
    </p>
   </div>
   <div class='ocr_carea' id='block_1_2' title="bbox 1053 358 2903 441">
    <p class='ocr_par' dir='ltr' id='par_1_2' title="bbox 1053 358 2903 441">
     <span class='ocr_line' id='line_1_2' title="bbox 1053 358 2903 441; baseline 0.008 -19"><span class='ocrx_word' id='word_1_2' title='bbox 1053 358 1155 423; x_wconf 88' lang='lat' dir='ltr'><strong>DE</strong></span> <span class='ocrx_word' id='word_1_3' title='bbox 1198 362 1981 439; x_wconf 69' lang='lat' dir='ltr'>PRAZDESTINATIONE‘,</span> <span class='ocrx_word' id='word_1_4' title='bbox 2029 366 2228 441; x_wconf 86' lang='lat' dir='ltr'>ETC.,</span> <span class='ocrx_word' id='word_1_5' title='bbox 2274 369 2379 431; x_wconf 88' lang='lat' dir='ltr'>EX</span> <span class='ocrx_word' id='word_1_6' title='bbox 2426 370 2903 437; x_wconf 84' lang='lat' dir='ltr'>AUGUSTINO.</span> 
     </span>
    </p>
   </div>
   <div class='ocr_carea' id='block_1_3' title="bbox 3571 376 3693 445">
    <p class='ocr_par' dir='ltr' id='par_1_3' title="bbox 3571 376 3693 445">
     <span class='ocr_line' id='line_1_3' title="bbox 3571 376 3693 445; baseline 0.008 -1"><span class='ocrx_word' id='word_1_7' title='bbox 3571 376 3693 445; x_wconf 76' lang='grc'>118</span> 
     </span>
    </p>
   </div>
   <div class='ocr_carea' id='block_1_4' title="bbox 262 490 3688 588">
    <p class='ocr_par' dir='ltr' id='par_1_4' title="bbox 262 490 3688 588">
     <span class='ocr_line' id='line_1_4' title="bbox 262 490 3688 588; baseline 0.007 -38"><span class='ocrx_word' id='word_1_8' title='bbox 262 493 461 552; x_wconf 89' lang='lat' dir='ltr'>debita</span> <span class='ocrx_word' id='word_1_9' title='bbox 481 496 695 564; x_wconf 84' lang='lat' dir='ltr'>nostra,</span> <span class='ocrx_word' id='word_1_10' title='bbox 711 496 767 550; x_wconf 92' lang='lat' dir='ltr'>et</span> <span class='ocrx_word' id='word_1_11' title='bbox 798 497 861 550; x_wconf 90' lang='lat' dir='ltr'>ut</span> <span class='ocrx_word' id='word_1_12' title='bbox 893 510 1008 551; x_wconf 92' lang='lat' dir='ltr'>non</span> <span class='ocrx_word' id='word_1_13' title='bbox 1039 493 1393 553; x_wconf 88' lang='lat' dir='ltr'>inducamur</span> <span class='ocrx_word' id='word_1_14' title='bbox 1420 496 1478 553; x_wconf 89' lang='lat' dir='ltr'>in</span> <span class='ocrx_word' id='word_1_15' title='bbox 1510 497 1916 571; x_wconf 71' lang='lat' dir='ltr'>tentationem.</span> <span class='ocrx_word' id='word_1_16' title='bbox 1942 497 1997 567; x_wconf 84' lang='grc' dir='ltr'><strong>Α</strong></span> <span class='ocrx_word' id='word_1_17' title='bbox 2030 498 2157 555; x_wconf 91' lang='lat' dir='ltr'>sine</span> <span class='ocrx_word' id='word_1_18' title='bbox 2189 517 2304 573; x_wconf 88' lang='lat' dir='ltr'>qua</span> <span class='ocrx_word' id='word_1_19' title='bbox 2333 501 2479 561; x_wconf 91' lang='lat' dir='ltr'>bene</span> <span class='ocrx_word' id='word_1_20' title='bbox 2524 523 2637 561; x_wconf 89' lang='lat' dir='ltr'>non</span> <span class='ocrx_word' id='word_1_21' title='bbox 2688 524 3006 579; x_wconf 83' lang='lat' dir='ltr'>possumus</span> <span class='ocrx_word' id='word_1_22' title='bbox 3054 510 3301 585; x_wconf 87' lang='lat' dir='ltr'>operari,</span> <span class='ocrx_word' id='word_1_23' title='bbox 3336 490 3449 573; x_wconf 84' lang='lat' dir='ltr'>cite</span> <span class='ocrx_word' id='word_1_24' title='bbox 3493 516 3688 588; x_wconf 78' lang='lat' dir='ltr'>potest</span> 
     </span>
    </p>
   </div>
   <div class='ocr_carea' id='block_1_5' title="bbox 262 584 1917 657">
    <p class='ocr_par' dir='ltr' id='par_1_5' title="bbox 262 584 1917 657">
     <span class='ocr_line' id='line_1_5' title="bbox 262 584 1917 657; baseline 0.002 -16"><span class='ocrx_word' id='word_1_25' title='bbox 262 584 435 653; x_wconf 91' lang='lat' dir='ltr'>Illud,</span> <span class='ocrx_word' id='word_1_26' title='bbox 455 588 520 640; x_wconf 90' lang='lat' dir='ltr'>ut</span> <span class='ocrx_word' id='word_1_27' title='bbox 541 584 832 657; x_wconf 68' lang='lat' dir='ltr'>praeterita</span> <span class='ocrx_word' id='word_1_28' title='bbox 864 585 1204 657; x_wconf 79' lang='lat' dir='ltr'>expientur;</span> <span class='ocrx_word' id='word_1_29' title='bbox 1238 586 1367 652; x_wconf 89' lang='lat' dir='ltr'>hoc,</span> <span class='ocrx_word' id='word_1_30' title='bbox 1390 590 1455 642; x_wconf 92' lang='lat' dir='ltr'>ut</span> <span class='ocrx_word' id='word_1_31' title='bbox 1504 588 1701 643; x_wconf 87' lang='lat' dir='ltr'>futura</span> <span class='ocrx_word' id='word_1_32' title='bbox 1732 589 1917 643; x_wconf 90' lang='lat' dir='ltr'>viten-</span> 
     </span>
    </p>
   </div>
   <div class='ocr_carea' id='block_1_6' title="bbox 260 673 1915 747">
    <p class='ocr_par' dir='ltr' id='par_1_6' title="bbox 260 673 1915 747">
     <span class='ocr_line' id='line_1_6' title="bbox 260 673 1915 747; baseline 0.002 -16"><span class='ocrx_word' id='word_1_33' title='bbox 260 679 381 731; x_wconf 89' lang='lat' dir='ltr'>tur.</span> <span class='ocrx_word' id='word_1_34' title='bbox 416 675 581 740; x_wconf 88' lang='lat' dir='ltr'>Quod</span> <span class='ocrx_word' id='word_1_35' title='bbox 615 673 752 730; x_wconf 91' lang='lat' dir='ltr'>licet</span> <span class='ocrx_word' id='word_1_36' title='bbox 784 692 896 730; x_wconf 89' lang='lat' dir='ltr'>non</span> <span class='ocrx_word' id='word_1_37' title='bbox 931 676 1177 742; x_wconf 86' lang='lat' dir='ltr'>fiat,nisi</span> <span class='ocrx_word' id='word_1_38' title='bbox 1226 676 1499 733; x_wconf 77' lang='lat' dir='ltr'>voluntas</span> <span class='ocrx_word' id='word_1_39' title='bbox 1532 678 1700 747; x_wconf 88' lang='lat' dir='ltr'>adsit,</span> <span class='ocrx_word' id='word_1_40' title='bbox 1720 682 1915 734; x_wconf 90' lang='lat' dir='ltr'>tamen</span> 
     </span>
    </p>
   </div>
   <div class='ocr_carea' id='block_1_7' title="bbox 260 762 1917 839">
    <p class='ocr_par' dir='ltr' id='par_1_7' title="bbox 260 762 1917 839">
     <span class='ocr_line' id='line_1_7' title="bbox 260 762 1917 839; baseline 0.002 -20"><span class='ocrx_word' id='word_1_41' title='bbox 260 768 325 820; x_wconf 88' lang='lat' dir='ltr'>ut</span> <span class='ocrx_word' id='word_1_42' title='bbox 355 763 481 829; x_wconf 85' lang='lat' dir='ltr'>fiat,</span> <span class='ocrx_word' id='word_1_43' title='bbox 512 762 782 819; x_wconf 73' lang='lat' dir='ltr'>voluntas</span> <span class='ocrx_word' id='word_1_44' title='bbox 815 762 939 819; x_wconf 90' lang='lat' dir='ltr'>sola</span> <span class='ocrx_word' id='word_1_45' title='bbox 969 782 1085 820; x_wconf 90' lang='lat' dir='ltr'>non</span> <span class='ocrx_word' id='word_1_46' title='bbox 1117 764 1356 821; x_wconf 82' lang='lat' dir='ltr'>sufficit.</span> <span class='ocrx_word' id='word_1_47' title='bbox 1392 766 1523 822; x_wconf 87' lang='lat' dir='ltr'>Ideo</span> <span class='ocrx_word' id='word_1_48' title='bbox 1554 784 1657 839; x_wconf 92' lang='lat' dir='ltr'>pro</span> <span class='ocrx_word' id='word_1_49' title='bbox 1706 767 1813 822; x_wconf 90' lang='lat' dir='ltr'>hac</span> <span class='ocrx_word' id='word_1_50' title='bbox 1856 784 1917 824; x_wconf 90' lang='lat' dir='ltr'>re</span> 
     </span>
    </p>
   </div>
   <div class='ocr_carea' id='block_1_8' title="bbox 259 853 1917 925">
    <p class='ocr_par' dir='ltr' id='par_1_8' title="bbox 259 853 1917 925">
     <span class='ocr_line' id='line_1_8' title="bbox 259 853 1917 925; baseline 0.002 -16"><span class='ocrx_word' id='word_1_51' title='bbox 259 868 367 909; x_wconf 90' lang='lat' dir='ltr'>nec</span> <span class='ocrx_word' id='word_1_52' title='bbox 428 853 727 925; x_wconf 84' lang='lat' dir='ltr'>superﬂua</span> <span class='ocrx_word' id='word_1_53' title='bbox 775 869 880 909; x_wconf 88' lang='lat' dir='ltr'>nec</span> <span class='ocrx_word' id='word_1_54' title='bbox 927 854 1241 925; x_wconf 89' lang='lat' dir='ltr'>impudens</span> <span class='ocrx_word' id='word_1_55' title='bbox 1282 855 1526 911; x_wconf 91' lang='lat' dir='ltr'>Domino</span> <span class='ocrx_word' id='word_1_56' title='bbox 1578 855 1917 912; x_wconf 81' lang='lat' dir='ltr'>immolatur</span> 
     </span>
    </p>
   </div>
   <div class='ocr_carea' id='block_1_9' title="bbox 258 943 1913 1015">
    <p class='ocr_par' dir='ltr' id='par_1_9' title="bbox 258 943 1913 1015">
     <span class='ocr_line' id='line_1_9' title="bbox 258 943 1913 1015; baseline 0.004 -18"><span class='ocrx_word' id='word_1_57' title='bbox 258 943 466 998; x_wconf 80' lang='lat' dir='ltr'>oratio.</span> <span class='ocrx_word' id='word_1_58' title='bbox 512 943 659 998; x_wconf 86' lang='lat' dir='ltr'>Nam</span> <span class='ocrx_word' id='word_1_59' title='bbox 692 943 831 1015; x_wconf 90' lang='lat' dir='ltr'>quid</span> <span class='ocrx_word' id='word_1_60' title='bbox 884 943 1123 999; x_wconf 76' lang='lat' dir='ltr'>stultius</span> <span class='ocrx_word' id='word_1_61' title='bbox 1174 961 1349 1015; x_wconf 89' lang='lat' dir='ltr'>quam</span> <span class='ocrx_word' id='word_1_62' title='bbox 1402 962 1563 1001; x_wconf 86' lang='lat' dir='ltr'>orare</span> <span class='ocrx_word' id='word_1_63' title='bbox 1612 963 1682 1001; x_wconf 90' lang='lat' dir='ltr'>ne</span> <span class='ocrx_word' id='word_1_64' title='bbox 1734 946 1913 1004; x_wconf 85' lang='lat' dir='ltr'>iacias</span> 
     </span>
    </p>
   </div>
   <div class='ocr_carea' id='block_1_10' title="bbox 260 1032 1110 1105">
    <p class='ocr_par' dir='ltr' id='par_1_10' title="bbox 260 1032 1110 1105">
     <span class='ocr_line' id='line_1_10' title="bbox 260 1032 1110 1105; baseline 0 -18"><span class='ocrx_word' id='word_1_65' title='bbox 260 1034 411 1105; x_wconf 85' lang='lat' dir='ltr'>quod</span> <span class='ocrx_word' id='word_1_66' title='bbox 448 1033 503 1086; x_wconf 89' lang='lat' dir='ltr'>in</span> <span class='ocrx_word' id='word_1_67' title='bbox 539 1035 823 1103; x_wconf 87' lang='lat' dir='ltr'>potestate</span> <span class='ocrx_word' id='word_1_68' title='bbox 853 1032 1110 1089; x_wconf 85' lang='lat' dir='ltr'>habeas?</span> 
     </span>
    </p>
   </div>
   <div class='ocr_carea' id='block_1_11' title="bbox 331 1121 1912 1198">
    <p class='ocr_par' dir='ltr' id='par_1_11' title="bbox 331 1121 1912 1198">
     <span class='ocr_line' id='line_1_11' title="bbox 331 1121 1912 1198; baseline 0.003 -20"><span class='ocrx_word' id='word_1_69' title='bbox 331 1123 421 1178; x_wconf 77' lang='lat' dir='ltr'>IX.</span> <span class='ocrx_word' id='word_1_70' title='bbox 450 1123 610 1193; x_wconf 84' lang='lat' dir='ltr'>(Cap.</span> <span class='ocrx_word' id='word_1_71' title='bbox 660 1122 777 1192; x_wconf 83' lang='lat'>22.)</span> <span class='ocrx_word' id='word_1_72' title='bbox 812 1121 1314 1178; x_wconf 64' lang='lat' dir='ltr'>Praevaricatcrem</span> <span class='ocrx_word' id='word_1_73' title='bbox 1375 1124 1521 1196; x_wconf 86' lang='lat' dir='ltr'>legis</span> <span class='ocrx_word' id='word_1_74' title='bbox 1579 1126 1752 1198; x_wconf 79' lang='lat' dir='ltr'>digne</span> <span class='ocrx_word' id='word_1_75' title='bbox 1812 1127 1912 1183; x_wconf 84' lang='lat' dir='ltr'>lux</span> 
     </span>
    </p>
   </div>
   <div class='ocr_carea' id='block_1_12' title="bbox 258 1211 1909 1287">
    <p class='ocr_par' dir='ltr' id='par_1_12' title="bbox 258 1211 1909 1287">
     <span class='ocr_line' id='line_1_12' title="bbox 258 1211 1909 1287; baseline 0.002 -19"><span class='ocrx_word' id='word_1_76' title='bbox 258 1211 476 1268; x_wconf 80' lang='lat' dir='ltr'>deserit</span> <span class='ocrx_word' id='word_1_77' title='bbox 494 1212 910 1283; x_wconf 88' lang='lat' dir='ltr'>veritatis,qua</span> <span class='ocrx_word' id='word_1_78' title='bbox 940 1213 1206 1268; x_wconf 88' lang='lat' dir='ltr'>desertus</span> <span class='ocrx_word' id='word_1_79' title='bbox 1239 1212 1441 1283; x_wconf 81' lang='lat' dir='ltr'>utique</span> <span class='ocrx_word' id='word_1_80' title='bbox 1466 1220 1746 1282; x_wconf 50' lang='lat' dir='ltr'>excuset</span> <span class='ocrx_word' id='word_1_81' title='bbox 1778 1216 1909 1287; x_wconf 88' lang='lat' dir='ltr'>plus</span> 
     </span>
    </p>
   </div>
   <div class='ocr_carea' id='block_1_13' title="bbox 253 1301 1911 1378">
    <p class='ocr_par' dir='ltr' id='par_1_13' title="bbox 253 1301 1911 1378">
     <span class='ocr_line' id='line_1_13' title="bbox 253 1301 1911 1378; baseline 0.002 -19"><span class='ocrx_word' id='word_1_82' title='bbox 253 1318 496 1359; x_wconf 88' lang='lat' dir='ltr'>necesse</span> <span class='ocrx_word' id='word_1_83' title='bbox 524 1305 614 1356; x_wconf 89' lang='lat' dir='ltr'>est</span> <span class='ocrx_word' id='word_1_84' title='bbox 640 1301 989 1366; x_wconf 86' lang='lat' dir='ltr'>otl‘endat,ut</span> <span class='ocrx_word' id='word_1_85' title='bbox 1007 1301 1263 1358; x_wconf 86' lang='lat' dir='ltr'>cadendo</span> <span class='ocrx_word' id='word_1_86' title='bbox 1284 1309 1540 1372; x_wconf 84' lang='lat' dir='ltr'>vexetur,</span> <span class='ocrx_word' id='word_1_87' title='bbox 1556 1308 1911 1378; x_wconf 84' lang='lat' dir='ltr'>vexatusque</span> 
     </span>
    </p>
   </div>
   <div class='ocr_carea' id='block_1_14' title="bbox 255 1390 1903 1469">
    <p class='ocr_par' dir='ltr' id='par_1_14' title="bbox 255 1390 1903 1469">
     <span class='ocr_line' id='line_1_14' title="bbox 255 1390 1903 1469; baseline 0.001 -21"><span class='ocrx_word' id='word_1_88' title='bbox 255 1409 371 1448; x_wconf 90' lang='lat' dir='ltr'>non</span> <span class='ocrx_word' id='word_1_89' title='bbox 422 1396 650 1465; x_wconf 81' lang='lat' dir='ltr'>surgat.</span> <span class='ocrx_word' id='word_1_90' title='bbox 684 1391 758 1447; x_wconf 90' lang='lat' dir='ltr'>Ut</span> <span class='ocrx_word' id='word_1_91' title='bbox 800 1390 930 1447; x_wconf 91' lang='lat' dir='ltr'>ideo</span> <span class='ocrx_word' id='word_1_92' title='bbox 973 1394 1207 1447; x_wconf 89' lang='lat' dir='ltr'>tantum</span> <span class='ocrx_word' id='word_1_93' title='bbox 1259 1393 1460 1449; x_wconf 85' lang='lat' dir='ltr'>audiat</span> <span class='ocrx_word' id='word_1_94' title='bbox 1506 1409 1705 1450; x_wconf 83' lang='lat' dir='ltr'>vocem</span> <span class='ocrx_word' id='word_1_95' title='bbox 1737 1394 1903 1469; x_wconf 92' lang='lat' dir='ltr'>legis,</span> 
     </span>
    </p>
   </div>
   <div class='ocr_carea' id='block_1_15' title="bbox 252 1480 1778 1555">
    <p class='ocr_par' dir='ltr' id='par_1_15' title="bbox 252 1480 1778 1555">
     <span class='ocr_line' id='line_1_15' title="bbox 252 1480 1778 1555; baseline 0.001 -18"><span class='ocrx_word' id='word_1_96' title='bbox 252 1499 369 1555; x_wconf 89' lang='lat' dir='ltr'>quo</span> <span class='ocrx_word' id='word_1_97' title='bbox 400 1482 791 1537; x_wconf 82' lang='lat' dir='ltr'>admoneatur</span> <span class='ocrx_word' id='word_1_98' title='bbox 821 1480 1132 1553; x_wconf 86' lang='lat' dir='ltr'>implorare</span> <span class='ocrx_word' id='word_1_99' title='bbox 1160 1484 1409 1554; x_wconf 84' lang='lat' dir='ltr'>gratiam</span> <span class='ocrx_word' id='word_1_100' title='bbox 1442 1482 1778 1540; x_wconf 87' lang='lat' dir='ltr'>Salvatoris.</span> 
     </span>
    </p>
   </div>
   <div class='ocr_carea' id='block_1_16' title="bbox 319 1569 1905 1645">
    <p class='ocr_par' dir='ltr' id='par_1_16' title="bbox 319 1569 1905 1645">
     <span class='ocr_line' id='line_1_16' title="bbox 319 1569 1905 1645; baseline 0.002 -18"><span class='ocrx_word' id='word_1_101' title='bbox 319 1571 389 1627; x_wconf 81' lang='grc' dir='ltr'>Χ.</span> <span class='ocrx_word' id='word_1_102' title='bbox 413 1571 582 1643; x_wconf 81' lang='lat' dir='ltr'>(Cap.</span> <span class='ocrx_word' id='word_1_103' title='bbox 610 1570 727 1638; x_wconf 84' lang='lat'>23,)</span> <span class='ocrx_word' id='word_1_104' title='bbox 760 1569 1039 1626; x_wconf 85' lang='lat' dir='ltr'>Molestiis</span> <span class='ocrx_word' id='word_1_105' title='bbox 1090 1572 1402 1627; x_wconf 86' lang='lat' dir='ltr'>exercitata</span> <span class='ocrx_word' id='word_1_106' title='bbox 1450 1573 1569 1627; x_wconf 91' lang='lat' dir='ltr'>vita</span> <span class='ocrx_word' id='word_1_107' title='bbox 1604 1574 1905 1645; x_wconf 83' lang='lat' dir='ltr'>justorum</span> 
     </span>
    </p>
   </div>
   <div class='ocr_carea' id='block_1_17' title="bbox 247 1659 1900 1735">
    <p class='ocr_par' dir='ltr' id='par_1_17' title="bbox 247 1659 1900 1735">
     <span class='ocr_line' id='line_1_17' title="bbox 247 1659 1900 1735; baseline 0.001 -18"><span class='ocrx_word' id='word_1_108' title='bbox 247 1660 621 1735; x_wconf 75' lang='lat' dir='ltr'>Splendidius</span> <span class='ocrx_word' id='word_1_109' title='bbox 632 1659 846 1715; x_wconf 90' lang='lat' dir='ltr'>enituit</span> <span class='ocrx_word' id='word_1_110' title='bbox 863 1678 875 1727; x_wconf 91' lang='lat'>;</span> <span class='ocrx_word' id='word_1_111' title='bbox 892 1664 948 1715; x_wconf 90' lang='lat' dir='ltr'>et</span> <span class='ocrx_word' id='word_1_112' title='bbox 960 1675 1058 1716; x_wconf 90' lang='lat' dir='ltr'>eas</span> <span class='ocrx_word' id='word_1_113' title='bbox 1072 1676 1174 1733; x_wconf 91' lang='lat' dir='ltr'>per</span> <span class='ocrx_word' id='word_1_114' title='bbox 1191 1660 1533 1733; x_wconf 89' lang='lat' dir='ltr'>patientiam</span> <span class='ocrx_word' id='word_1_115' title='bbox 1550 1664 1900 1735; x_wconf 89' lang='lat' dir='ltr'>superando,</span> 
     </span>
    </p>
   </div>
   <div class='ocr_carea' id='block_1_18' title="bbox 243 1748 1899 1824">
    <p class='ocr_par' dir='ltr' id='par_1_18' title="bbox 243 1748 1899 1824">
     <span class='ocr_line' id='line_1_18' title="bbox 243 1748 1899 1824; baseline -0.001 -17"><span class='ocrx_word' id='word_1_116' title='bbox 243 1752 533 1823; x_wconf 82' lang='lat' dir='ltr'>majorem</span> <span class='ocrx_word' id='word_1_117' title='bbox 551 1748 797 1822; x_wconf 84' lang='lat' dir='ltr'>gloriam</span> <span class='ocrx_word' id='word_1_118' title='bbox 821 1748 1201 1820; x_wconf 89' lang='lat' dir='ltr'>comparavit,</span> <span class='ocrx_word' id='word_1_119' title='bbox 1219 1750 1318 1805; x_wconf 89' lang='lat' dir='ltr'>sed</span> <span class='ocrx_word' id='word_1_120' title='bbox 1342 1751 1411 1805; x_wconf 92' lang='lat' dir='ltr'>ad</span> <span class='ocrx_word' id='word_1_121' title='bbox 1412 1752 1546 1821; x_wconf 87' lang='lat' dir='ltr'>juta</span> <span class='ocrx_word' id='word_1_122' title='bbox 1566 1752 1755 1824; x_wconf 84' lang='lat' dir='ltr'>gratia</span> <span class='ocrx_word' id='word_1_123' title='bbox 1777 1752 1899 1820; x_wconf 87' lang='lat' dir='ltr'>Dei,</span> 
     </span>
    </p>
   </div>
   <div class='ocr_carea' id='block_1_19' title="bbox 241 1837 1977 1941">
    <p class='ocr_par' dir='ltr' id='par_1_19' title="bbox 241 1837 1977 1941">
     <span class='ocr_line' id='line_1_19' title="bbox 241 1837 1977 1941; baseline 0 -46"><span class='ocrx_word' id='word_1_124' title='bbox 241 1840 449 1911; x_wconf 85' lang='lat' dir='ltr'>adjuta</span> <span class='ocrx_word' id='word_1_125' title='bbox 478 1838 700 1941; x_wconf 75' lang='lat' dir='ltr'>Spiritu</span> <span class='ocrx_word' id='word_1_126' title='bbox 732 1838 1074 1941; x_wconf 72' lang='lat' dir='ltr'>Dei,adjuta</span> <span class='ocrx_word' id='word_1_127' title='bbox 1105 1837 1507 1941; x_wconf 48' lang='lat' dir='ltr'>misericordia</span> <span class='ocrx_word' id='word_1_128' title='bbox 1528 1840 1651 1909; x_wconf 90' lang='lat' dir='ltr'>Dei,</span> <span class='ocrx_word' id='word_1_129' title='bbox 1672 1857 1786 1940; x_wconf 83' lang='lat' dir='ltr'>non</span> <span class='ocrx_word' id='word_1_130' title='bbox 1811 1859 1901 1896; x_wconf 89' lang='lat' dir='ltr'>su-</span> <span class='ocrx_word' id='word_1_131' title='bbox 1930 1876 1977 1941; x_wconf 84' lang='lat' dir='ltr'><strong>B</strong></span> 
     </span>
    </p>
   </div>
   <div class='ocr_carea' id='block_1_20' title="bbox 238 1926 1895 2001">
    <p class='ocr_par' dir='ltr' id='par_1_20' title="bbox 238 1926 1895 2001">
     <span class='ocr_line' id='line_1_20' title="bbox 238 1926 1895 2001; baseline 0.001 -17"><span class='ocrx_word' id='word_1_132' title='bbox 238 1930 422 2001; x_wconf 85' lang='lat' dir='ltr'>perba</span> <span class='ocrx_word' id='word_1_133' title='bbox 440 1926 744 1983; x_wconf 80' lang='lat' dir='ltr'>voluntate</span> <span class='ocrx_word' id='word_1_134' title='bbox 774 1944 835 1982; x_wconf 89' lang='lat' dir='ltr'>se</span> <span class='ocrx_word' id='word_1_135' title='bbox 856 1926 1157 1993; x_wconf 81' lang='lat' dir='ltr'>extollens,</span> <span class='ocrx_word' id='word_1_136' title='bbox 1173 1928 1274 1983; x_wconf 90' lang='lat' dir='ltr'>scd</span> <span class='ocrx_word' id='word_1_137' title='bbox 1296 1926 1507 1983; x_wconf 86' lang='lat' dir='ltr'>humili</span> <span class='ocrx_word' id='word_1_138' title='bbox 1532 1929 1895 1986; x_wconf 82' lang='lat' dir='ltr'>confessione</span> 
     </span>
    </p>
   </div>
   <div class='ocr_carea' id='block_1_21' title="bbox 237 2016 1892 2089">
    <p class='ocr_par' dir='ltr' id='par_1_21' title="bbox 237 2016 1892 2089">
     <span class='ocr_line' id='line_1_21' title="bbox 237 2016 1892 2089; baseline 0.001 -16"><span class='ocrx_word' id='word_1_139' title='bbox 237 2017 651 2075; x_wconf 83' lang='lat' dir='ltr'>fortitudinem</span> <span class='ocrx_word' id='word_1_140' title='bbox 682 2032 1041 2089; x_wconf 89' lang='lat' dir='ltr'>promercns.</span> <span class='ocrx_word' id='word_1_141' title='bbox 1067 2016 1315 2072; x_wconf 87' lang='lat' dir='ltr'>Noverat</span> <span class='ocrx_word' id='word_1_142' title='bbox 1344 2017 1500 2073; x_wconf 89' lang='lat' dir='ltr'>enim</span> <span class='ocrx_word' id='word_1_143' title='bbox 1524 2018 1639 2073; x_wconf 90' lang='lat' dir='ltr'>Deo</span> <span class='ocrx_word' id='word_1_144' title='bbox 1661 2018 1854 2074; x_wconf 89' lang='lat' dir='ltr'>dicere</span> <span class='ocrx_word' id='word_1_145' title='bbox 1879 2035 1892 2074; x_wconf 93' lang='lat'>:</span> 
     </span>
    </p>
   </div>
   <div class='ocr_carea' id='block_1_22' title="bbox 240 2104 1712 2178">
    <p class='ocr_par' dir='ltr' id='par_1_22' title="bbox 240 2104 1712 2178">
     <span class='ocr_line' id='line_1_22' title="bbox 240 2104 1712 2178; baseline 0.003 -19"><span class='ocrx_word' id='word_1_146' title='bbox 240 2131 269 2159; x_wconf 74' lang='grc' dir='ltr'>α</span> <span class='ocrx_word' id='word_1_147' title='bbox 295 2105 593 2174; x_wconf 85' lang='lat' dir='ltr'>Quoniam</span> <span class='ocrx_word' id='word_1_148' title='bbox 624 2110 689 2161; x_wconf 91' lang='lat' dir='ltr'>tu</span> <span class='ocrx_word' id='word_1_149' title='bbox 727 2122 789 2161; x_wconf 88' lang='lat' dir='ltr'>es</span> <span class='ocrx_word' id='word_1_150' title='bbox 818 2104 1101 2177; x_wconf 85' lang='lat' dir='ltr'>patientia</span> <span class='ocrx_word' id='word_1_151' title='bbox 1134 2122 1265 2161; x_wconf 89' lang='lat' dir='ltr'>mea</span> <span class='ocrx_word' id='word_1_152' title='bbox 1294 2108 1466 2176; x_wconf 78' lang='lat' dir='ltr'>(Psal.</span> <span class='ocrx_word' id='word_1_153' title='bbox 1502 2109 1649 2178; x_wconf 82' lang='lat' dir='ltr'>Lxx).</span> <span class='ocrx_word' id='word_1_154' title='bbox 1685 2131 1712 2157; x_wconf 79' lang='grc' dir='ltr'>›ι</span> 
     </span>
    </p>
   </div>
   <div class='ocr_carea' id='block_1_23' title="bbox 304 2193 1896 2268">
    <p class='ocr_par' dir='ltr' id='par_1_23' title="bbox 304 2193 1896 2268">
     <span class='ocr_line' id='line_1_23' title="bbox 304 2193 1896 2268; baseline 0.001 -16"><span class='ocrx_word' id='word_1_155' title='bbox 304 2196 402 2252; x_wconf 84' lang='lat' dir='ltr'>XI.</span> <span class='ocrx_word' id='word_1_156' title='bbox 434 2198 593 2268; x_wconf 85' lang='lat' dir='ltr'>(Cap.</span> <span class='ocrx_word' id='word_1_157' title='bbox 634 2194 749 2265; x_wconf 84' lang='lat'>25.)</span> <span class='ocrx_word' id='word_1_158' title='bbox 807 2193 1042 2250; x_wconf 88' lang='lat' dir='ltr'>Utinam</span> <span class='ocrx_word' id='word_1_159' title='bbox 1091 2212 1205 2250; x_wconf 92' lang='lat' dir='ltr'>non</span> <span class='ocrx_word' id='word_1_160' title='bbox 1257 2195 1468 2251; x_wconf 84' lang='lat' dir='ltr'>fuisset</span> <span class='ocrx_word' id='word_1_161' title='bbox 1515 2195 1773 2263; x_wconf 87' lang='lat' dir='ltr'>miseria,</span> <span class='ocrx_word' id='word_1_162' title='bbox 1826 2213 1896 2254; x_wconf 90' lang='lat' dir='ltr'>ne</span> 
     </span>
    </p>
   </div>
   <div class='ocr_carea' id='block_1_24' title="bbox 234 2283 1896 2358">
    <p class='ocr_par' dir='ltr' id='par_1_24' title="bbox 234 2283 1896 2358">
     <span class='ocr_line' id='line_1_24' title="bbox 234 2283 1896 2358; baseline 0.001 -16"><span class='ocrx_word' id='word_1_163' title='bbox 234 2286 349 2342; x_wconf 86' lang='lat' dir='ltr'>ista</span> <span class='ocrx_word' id='word_1_164' title='bbox 380 2289 540 2341; x_wconf 83' lang='lat' dir='ltr'>esset</span> <span class='ocrx_word' id='word_1_165' title='bbox 571 2283 972 2340; x_wconf 90' lang='lat' dir='ltr'>misericordia</span> <span class='ocrx_word' id='word_1_166' title='bbox 1003 2283 1358 2340; x_wconf 81' lang='lat' dir='ltr'>necessaria!</span> <span class='ocrx_word' id='word_1_167' title='bbox 1393 2284 1501 2341; x_wconf 90' lang='lat' dir='ltr'>Sed</span> <span class='ocrx_word' id='word_1_168' title='bbox 1527 2286 1896 2358; x_wconf 87' lang='lat' dir='ltr'>iniquitatem</span> 
     </span>
    </p>
   </div>
   <div class='ocr_carea' id='block_1_25' title="bbox 235 2371 1895 2448">
    <p class='ocr_par' dir='ltr' id='par_1_25' title="bbox 235 2371 1895 2448">
     <span class='ocr_line' id='line_1_25' title="bbox 235 2371 1895 2448; baseline 0 -17"><span class='ocrx_word' id='word_1_169' title='bbox 235 2374 485 2448; x_wconf 84' lang='lat' dir='ltr'>peccati,</span> <span class='ocrx_word' id='word_1_170' title='bbox 516 2377 678 2430; x_wconf 89' lang='lat' dir='ltr'>tanto</span> <span class='ocrx_word' id='word_1_171' title='bbox 709 2371 1056 2446; x_wconf 87' lang='lat' dir='ltr'>graviorem,</span> <span class='ocrx_word' id='word_1_172' title='bbox 1083 2377 1305 2445; x_wconf 89' lang='lat' dir='ltr'>quanto</span> <span class='ocrx_word' id='word_1_173' title='bbox 1329 2373 1559 2429; x_wconf 83' lang='lat' dir='ltr'>facilius</span> <span class='ocrx_word' id='word_1_174' title='bbox 1582 2374 1757 2431; x_wconf 92' lang='lat' dir='ltr'>homo</span> <span class='ocrx_word' id='word_1_175' title='bbox 1781 2392 1895 2431; x_wconf 92' lang='lat' dir='ltr'>non</span> 
     </span>
    </p>
   </div>
   <div class='ocr_carea' id='block_1_26' title="bbox 239 2460 1898 2536">
    <p class='ocr_par' dir='ltr' id='par_1_26' title="bbox 239 2460 1898 2536">
     <span class='ocr_line' id='line_1_26' title="bbox 239 2460 1898 2536; baseline 0.001 -17"><span class='ocrx_word' id='word_1_176' title='bbox 239 2466 712 2536; x_wconf 85' lang='lat' dir='ltr'>peccaret,quem</span> <span class='ocrx_word' id='word_1_177' title='bbox 726 2460 891 2517; x_wconf 90' lang='lat' dir='ltr'>nulla</span> <span class='ocrx_word' id='word_1_178' title='bbox 911 2461 1103 2517; x_wconf 91' lang='lat' dir='ltr'>adhuc</span> <span class='ocrx_word' id='word_1_179' title='bbox 1126 2462 1361 2518; x_wconf 89' lang='lat' dir='ltr'>tenebat</span> <span class='ocrx_word' id='word_1_180' title='bbox 1384 2463 1898 2536; x_wconf 79' lang='lat' dir='ltr'>infirmitas,pcena</span> 
     </span>
    </p>
   </div>
   <div class='ocr_carea' id='block_1_27' title="bbox 230 2550 1896 2625">
    <p class='ocr_par' dir='ltr' id='par_1_27' title="bbox 230 2550 1896 2625">
     <span class='ocr_line' id='line_1_27' title="bbox 230 2550 1896 2625; baseline 0.002 -19"><span class='ocrx_word' id='word_1_181' title='bbox 230 2550 579 2624; x_wconf 84' lang='lat' dir='ltr'>justissima</span> <span class='ocrx_word' id='word_1_182' title='bbox 596 2551 909 2606; x_wconf 90' lang='lat' dir='ltr'>subsecuta</span> <span class='ocrx_word' id='word_1_183' title='bbox 930 2554 1112 2615; x_wconf 89' lang='lat' dir='ltr'>est,ut</span> <span class='ocrx_word' id='word_1_184' title='bbox 1128 2551 1452 2608; x_wconf 89' lang='lat' dir='ltr'>mercedem</span> <span class='ocrx_word' id='word_1_185' title='bbox 1478 2557 1744 2608; x_wconf 88' lang='lat' dir='ltr'>mutuam</span> <span class='ocrx_word' id='word_1_186' title='bbox 1759 2570 1896 2625; x_wconf 90' lang='lat' dir='ltr'>pec—</span> 
     </span>
    </p>
   </div>
   <div class='ocr_carea' id='block_1_28' title="bbox 241 2639 1894 2716">
    <p class='ocr_par' dir='ltr' id='par_1_28' title="bbox 241 2639 1894 2716">
     <span class='ocr_line' id='line_1_28' title="bbox 241 2639 1894 2716; baseline 0.001 -19"><span class='ocrx_word' id='word_1_187' title='bbox 241 2641 353 2697; x_wconf 86' lang='lat' dir='ltr'>cati</span> <span class='ocrx_word' id='word_1_188' title='bbox 386 2641 486 2696; x_wconf 86' lang='lat' dir='ltr'>sui</span> <span class='ocrx_word' id='word_1_189' title='bbox 519 2639 577 2695; x_wconf 89' lang='lat' dir='ltr'>in</span> <span class='ocrx_word' id='word_1_190' title='bbox 614 2640 931 2711; x_wconf 88' lang='lat' dir='ltr'>semetipso</span> <span class='ocrx_word' id='word_1_191' title='bbox 963 2639 1547 2711; x_wconf 88' lang='lat' dir='ltr'>reciperet,amittens</span> <span class='ocrx_word' id='word_1_192' title='bbox 1579 2642 1689 2697; x_wconf 89' lang='lat' dir='ltr'>sub</span> <span class='ocrx_word' id='word_1_193' title='bbox 1713 2659 1774 2698; x_wconf 90' lang='lat' dir='ltr'>se</span> <span class='ocrx_word' id='word_1_194' title='bbox 1797 2660 1894 2716; x_wconf 89' lang='lat' dir='ltr'>po-</span> 
     </span>
    </p>
   </div>
   <div class='ocr_carea' id='block_1_29' title="bbox 241 2729 1892 2804">
    <p class='ocr_par' dir='ltr' id='par_1_29' title="bbox 241 2729 1892 2804">
     <span class='ocr_line' id='line_1_29' title="bbox 241 2729 1892 2804; baseline 0.002 -19"><span class='ocrx_word' id='word_1_195' title='bbox 241 2730 419 2786; x_wconf 84' lang='lat' dir='ltr'>sitam</span> <span class='ocrx_word' id='word_1_196' title='bbox 434 2729 530 2785; x_wconf 91' lang='lat' dir='ltr'>sui</span> <span class='ocrx_word' id='word_1_197' title='bbox 550 2729 810 2800; x_wconf 87' lang='lat' dir='ltr'>corporis</span> <span class='ocrx_word' id='word_1_198' title='bbox 834 2729 1268 2800; x_wconf 88' lang='lat' dir='ltr'>quodammodo</span> <span class='ocrx_word' id='word_1_199' title='bbox 1290 2730 1702 2796; x_wconf 88' lang='lat' dir='ltr'>obedientiam,</span> <span class='ocrx_word' id='word_1_200' title='bbox 1718 2748 1892 2804; x_wconf 89' lang='lat' dir='ltr'>quam</span> 
     </span>
    </p>
   </div>
   <div class='ocr_carea' id='block_1_30' title="bbox 239 2818 1896 2894">
    <p class='ocr_par' dir='ltr' id='par_1_30' title="bbox 239 2818 1896 2894">
     <span class='ocr_line' id='line_1_30' title="bbox 239 2818 1896 2894; baseline 0.002 -19"><span class='ocrx_word' id='word_1_201' title='bbox 239 2820 603 2894; x_wconf 70' lang='lat' dir='ltr'>praecipuam</span> <span class='ocrx_word' id='word_1_202' title='bbox 638 2819 746 2874; x_wconf 88' lang='lat' dir='ltr'>sub</span> <span class='ocrx_word' id='word_1_203' title='bbox 780 2818 1020 2874; x_wconf 89' lang='lat' dir='ltr'>domino</span> <span class='ocrx_word' id='word_1_204' title='bbox 1053 2836 1159 2874; x_wconf 91' lang='lat' dir='ltr'>suo</span> <span class='ocrx_word' id='word_1_205' title='bbox 1189 2820 1311 2892; x_wconf 90' lang='lat' dir='ltr'>ipse</span> <span class='ocrx_word' id='word_1_206' title='bbox 1342 2826 1792 2893; x_wconf 84' lang='lat' dir='ltr'>contempserat.</span> <span class='ocrx_word' id='word_1_207' title='bbox 1828 2825 1896 2879; x_wconf 89' lang='lat' dir='ltr'>Et</span> 
     </span>
    </p>
   </div>
   <div class='ocr_carea' id='block_1_31' title="bbox 238 2906 1893 2983">
    <p class='ocr_par' dir='ltr' id='par_1_31' title="bbox 238 2906 1893 2983">
     <span class='ocr_line' id='line_1_31' title="bbox 238 2906 1893 2983; baseline 0.001 -19"><span class='ocrx_word' id='word_1_208' title='bbox 238 2910 396 2982; x_wconf 88' lang='lat' dir='ltr'>quod</span> <span class='ocrx_word' id='word_1_209' title='bbox 431 2926 590 2963; x_wconf 91' lang='lat' dir='ltr'>nunc</span> <span class='ocrx_word' id='word_1_210' title='bbox 621 2924 756 2963; x_wconf 89' lang='lat' dir='ltr'>cum</span> <span class='ocrx_word' id='word_1_211' title='bbox 788 2908 990 2963; x_wconf 87' lang='lat' dir='ltr'>eadem</span> <span class='ocrx_word' id='word_1_212' title='bbox 1016 2906 1142 2980; x_wconf 82' lang='lat' dir='ltr'>lege</span> <span class='ocrx_word' id='word_1_213' title='bbox 1170 2909 1388 2980; x_wconf 86' lang='lat' dir='ltr'>peccati</span> <span class='ocrx_word' id='word_1_214' title='bbox 1420 2911 1738 2977; x_wconf 86' lang='lat' dir='ltr'>nascimur,</span> <span class='ocrx_word' id='word_1_215' title='bbox 1767 2927 1893 2983; x_wconf 59' lang='lat' dir='ltr'>quae</span> 
     </span>
    </p>
   </div>
   <div class='ocr_carea' id='block_1_32' title="bbox 236 2995 1893 3071">
    <p class='ocr_par' dir='ltr' id='par_1_32' title="bbox 236 2995 1893 3071">
     <span class='ocr_line' id='line_1_32' title="bbox 236 2995 1893 3071; baseline 0.001 -17"><span class='ocrx_word' id='word_1_216' title='bbox 236 2999 297 3054; x_wconf 89' lang='lat' dir='ltr'>in</span> <span class='ocrx_word' id='word_1_217' title='bbox 329 2998 619 3053; x_wconf 87' lang='lat' dir='ltr'>membris</span> <span class='ocrx_word' id='word_1_218' title='bbox 644 2995 861 3052; x_wconf 87' lang='lat' dir='ltr'>nostris</span> <span class='ocrx_word' id='word_1_219' title='bbox 882 3001 1169 3069; x_wconf 84' lang='lat' dir='ltr'>repugnat</span> <span class='ocrx_word' id='word_1_220' title='bbox 1189 2996 1303 3069; x_wconf 89' lang='lat' dir='ltr'>legi</span> <span class='ocrx_word' id='word_1_221' title='bbox 1335 2999 1764 3071; x_wconf 88' lang='lat' dir='ltr'>mentis,neque</span> <span class='ocrx_word' id='word_1_222' title='bbox 1794 3001 1893 3056; x_wconf 88' lang='lat' dir='ltr'>ad-</span> 
     </span>
    </p>
   </div>
   <div class='ocr_carea' id='block_1_33' title="bbox 237 3087 1891 3158">
    <p class='ocr_par' dir='ltr' id='par_1_33' title="bbox 237 3087 1891 3158">
     <span class='ocr_line' id='line_1_33' title="bbox 237 3087 1891 3158; baseline 0.003 -19"><span class='ocrx_word' id='word_1_223' title='bbox 237 3104 443 3143; x_wconf 86' lang='lat' dir='ltr'>versus</span> <span class='ocrx_word' id='word_1_224' title='bbox 474 3087 663 3141; x_wconf 89' lang='lat' dir='ltr'>Deum</span> <span class='ocrx_word' id='word_1_225' title='bbox 694 3101 1287 3158; x_wconf 85' lang='lat' dir='ltr'>murmurare,neque</span> <span class='ocrx_word' id='word_1_226' title='bbox 1318 3091 1520 3141; x_wconf 86' lang='lat' dir='ltr'>contra</span> <span class='ocrx_word' id='word_1_227' title='bbox 1552 3104 1672 3143; x_wconf 88' lang='lat' dir='ltr'>rem</span> <span class='ocrx_word' id='word_1_228' title='bbox 1707 3091 1891 3144; x_wconf 87' lang='lat' dir='ltr'>mani-</span> 
     </span>
    </p>
   </div>
   <div class='ocr_carea' id='block_1_34' title="bbox 236 3175 1893 3248">
    <p class='ocr_par' dir='ltr' id='par_1_34' title="bbox 236 3175 1893 3248">
     <span class='ocr_line' id='line_1_34' title="bbox 236 3175 1893 3248; baseline -0.001 -15"><span class='ocrx_word' id='word_1_229' title='bbox 236 3176 626 3233; x_wconf 76' lang='lat' dir='ltr'>festissimum</span> <span class='ocrx_word' id='word_1_230' title='bbox 658 3175 980 3247; x_wconf 87' lang='lat' dir='ltr'>disputare,</span> <span class='ocrx_word' id='word_1_231' title='bbox 1013 3176 1112 3231; x_wconf 88' lang='lat' dir='ltr'>sed</span> <span class='ocrx_word' id='word_1_232' title='bbox 1145 3191 1247 3247; x_wconf 92' lang='lat' dir='ltr'>pro</span> <span class='ocrx_word' id='word_1_233' title='bbox 1279 3193 1449 3248; x_wconf 75' lang='lat' dir='ltr'>pmna</span> <span class='ocrx_word' id='word_1_234' title='bbox 1479 3176 1641 3233; x_wconf 90' lang='lat' dir='ltr'>illius</span> <span class='ocrx_word' id='word_1_235' title='bbox 1674 3178 1893 3234; x_wconf 85' lang='lat' dir='ltr'>miseri-</span> 
     </span>
    </p>
   </div>
   <div class='ocr_carea' id='block_1_35' title="bbox 236 3264 1409 3334">
    <p class='ocr_par' dir='ltr' id='par_1_35' title="bbox 236 3264 1409 3334">
     <span class='ocr_line' id='line_1_35' title="bbox 236 3264 1409 3334; baseline 0 -14"><span class='ocrx_word' id='word_1_236' title='bbox 236 3265 503 3320; x_wconf 85' lang='lat' dir='ltr'>cordiam</span> <span class='ocrx_word' id='word_1_237' title='bbox 537 3279 794 3334; x_wconf 67' lang='lat' dir='ltr'>quaerere</span> <span class='ocrx_word' id='word_1_238' title='bbox 827 3267 883 3318; x_wconf 86' lang='lat' dir='ltr'>et</span> <span class='ocrx_word' id='word_1_239' title='bbox 914 3280 1077 3319; x_wconf 89' lang='lat' dir='ltr'>orare</span> <span class='ocrx_word' id='word_1_240' title='bbox 1108 3264 1409 3329; x_wconf 86' lang='lat' dir='ltr'>debemus,</span> 
     </span>
    </p>
   </div>
   <div class='ocr_carea' id='block_1_36' title="bbox 310 3352 1893 3427">
    <p class='ocr_par' dir='ltr' id='par_1_36' title="bbox 310 3352 1893 3427">
     <span class='ocr_line' id='line_1_36' title="bbox 310 3352 1893 3427; baseline 0.001 -18"><span class='ocrx_word' id='word_1_241' title='bbox 310 3354 433 3409; x_wconf 80' lang='lat' dir='ltr'>XII.</span> <span class='ocrx_word' id='word_1_242' title='bbox 465 3352 603 3424; x_wconf 86' lang='lat' dir='ltr'>(Cap</span> <span class='ocrx_word' id='word_1_243' title='bbox 622 3354 739 3423; x_wconf 81' lang='lat'>26.)</span> <span class='ocrx_word' id='word_1_244' title='bbox 771 3352 935 3407; x_wconf 86' lang='lat' dir='ltr'>Sicut</span> <span class='ocrx_word' id='word_1_245' title='bbox 982 3352 1242 3419; x_wconf 84' lang='lat' dir='ltr'>vulnere,</span> <span class='ocrx_word' id='word_1_246' title='bbox 1282 3354 1438 3409; x_wconf 84' lang='lat' dir='ltr'>verbi</span> <span class='ocrx_word' id='word_1_247' title='bbox 1490 3356 1695 3427; x_wconf 82' lang='lat' dir='ltr'>gratia,</span> <span class='ocrx_word' id='word_1_248' title='bbox 1732 3356 1893 3411; x_wconf 87' lang='lat' dir='ltr'>clau-</span> 
     </span>
    </p>
   </div>
   <div class='ocr_carea' id='block_1_37' title="bbox 238 3441 1893 3514">
    <p class='ocr_par' dir='ltr' id='par_1_37' title="bbox 238 3441 1893 3514">
     <span class='ocr_line' id='line_1_37' title="bbox 238 3441 1893 3514; baseline 0.001 -17"><span class='ocrx_word' id='word_1_249' title='bbox 238 3444 449 3497; x_wconf 86' lang='lat' dir='ltr'>dicans</span> <span class='ocrx_word' id='word_1_250' title='bbox 468 3441 602 3497; x_wconf 90' lang='lat' dir='ltr'>ideo</span> <span class='ocrx_word' id='word_1_251' title='bbox 623 3445 888 3506; x_wconf 88' lang='lat' dir='ltr'>curatur,</span> <span class='ocrx_word' id='word_1_252' title='bbox 913 3446 996 3508; x_wconf 90' lang='lat' dir='ltr'>ut,</span> <span class='ocrx_word' id='word_1_253' title='bbox 1021 3448 1225 3497; x_wconf 88' lang='lat' dir='ltr'>sanato</span> <span class='ocrx_word' id='word_1_254' title='bbox 1266 3442 1421 3497; x_wconf 89' lang='lat' dir='ltr'>malo</span> <span class='ocrx_word' id='word_1_255' title='bbox 1450 3444 1761 3514; x_wconf 67' lang='lat' dir='ltr'>praeterito,</span> <span class='ocrx_word' id='word_1_256' title='bbox 1806 3445 1893 3499; x_wconf 92' lang='lat' dir='ltr'>fu-</span> 
     </span>
    </p>
   </div>
   <div class='ocr_carea' id='block_1_38' title="bbox 236 3529 1895 3603">
    <p class='ocr_par' dir='ltr' id='par_1_38' title="bbox 236 3529 1895 3603">
     <span class='ocr_line' id='line_1_38' title="bbox 236 3529 1895 3603; baseline 0 -16"><span class='ocrx_word' id='word_1_257' title='bbox 236 3537 412 3587; x_wconf 85' lang='lat' dir='ltr'>turus</span> <span class='ocrx_word' id='word_1_258' title='bbox 430 3530 725 3603; x_wconf 88' lang='lat' dir='ltr'>dirigatur</span> <span class='ocrx_word' id='word_1_259' title='bbox 745 3530 1039 3595; x_wconf 88' lang='lat' dir='ltr'>incessus;</span> <span class='ocrx_word' id='word_1_260' title='bbox 1072 3529 1155 3585; x_wconf 90' lang='lat' dir='ltr'>sic</span> <span class='ocrx_word' id='word_1_261' title='bbox 1175 3530 1327 3585; x_wconf 90' lang='lat' dir='ltr'>mala</span> <span class='ocrx_word' id='word_1_262' title='bbox 1346 3535 1543 3587; x_wconf 88' lang='lat' dir='ltr'>nostra</span> <span class='ocrx_word' id='word_1_263' title='bbox 1568 3548 1681 3587; x_wconf 92' lang='lat' dir='ltr'>non</span> <span class='ocrx_word' id='word_1_264' title='bbox 1704 3532 1895 3588; x_wconf 85' lang='lat' dir='ltr'>solum</span> 
     </span>
    </p>
   </div>
   <div class='ocr_carea' id='block_1_39' title="bbox 240 3618 1896 3691">
    <p class='ocr_par' dir='ltr' id='par_1_39' title="bbox 240 3618 1896 3691">
     <span class='ocr_line' id='line_1_39' title="bbox 240 3618 1896 3691; baseline 0.001 -17"><span class='ocrx_word' id='word_1_265' title='bbox 240 3620 318 3675; x_wconf 84' lang='lat' dir='ltr'>ad</span> <span class='ocrx_word' id='word_1_266' title='bbox 347 3619 460 3674; x_wconf 87' lang='lat' dir='ltr'>hoc</span> <span class='ocrx_word' id='word_1_267' title='bbox 493 3634 789 3689; x_wconf 88' lang='lat' dir='ltr'>supernus</span> <span class='ocrx_word' id='word_1_268' title='bbox 821 3618 1085 3674; x_wconf 90' lang='lat' dir='ltr'>medicus</span> <span class='ocrx_word' id='word_1_269' title='bbox 1135 3624 1323 3684; x_wconf 85' lang='lat' dir='ltr'>sanat,</span> <span class='ocrx_word' id='word_1_270' title='bbox 1375 3625 1439 3674; x_wconf 91' lang='lat' dir='ltr'>ut</span> <span class='ocrx_word' id='word_1_271' title='bbox 1488 3619 1586 3674; x_wconf 89' lang='lat' dir='ltr'>illa</span> <span class='ocrx_word' id='word_1_272' title='bbox 1624 3622 1749 3691; x_wconf 85' lang='lat' dir='ltr'>jam</span> <span class='ocrx_word' id='word_1_273' title='bbox 1783 3638 1896 3676; x_wconf 91' lang='lat' dir='ltr'>non</span> 
     </span>
    </p>
   </div>
   <div class='ocr_carea' id='block_1_40' title="bbox 239 3708 1901 3780">
    <p class='ocr_par' dir='ltr' id='par_1_40' title="bbox 239 3708 1901 3780">
     <span class='ocr_line' id='line_1_40' title="bbox 239 3708 1901 3780; baseline 0.001 -16"><span class='ocrx_word' id='word_1_274' title='bbox 239 3711 385 3775; x_wconf 86' lang='lat' dir='ltr'>sint,</span> <span class='ocrx_word' id='word_1_275' title='bbox 419 3709 521 3764; x_wconf 83' lang='lat' dir='ltr'>sed</span> <span class='ocrx_word' id='word_1_276' title='bbox 555 3712 620 3762; x_wconf 91' lang='lat' dir='ltr'>ut</span> <span class='ocrx_word' id='word_1_277' title='bbox 669 3709 741 3763; x_wconf 89' lang='lat' dir='ltr'>de</span> <span class='ocrx_word' id='word_1_278' title='bbox 789 3711 996 3762; x_wconf 73' lang='lat' dir='ltr'>stetere</span> <span class='ocrx_word' id='word_1_279' title='bbox 1029 3711 1181 3762; x_wconf 91' lang='lat' dir='ltr'>recte</span> <span class='ocrx_word' id='word_1_280' title='bbox 1228 3708 1531 3763; x_wconf 87' lang='lat' dir='ltr'>ambulare</span> <span class='ocrx_word' id='word_1_281' title='bbox 1580 3711 1901 3780; x_wconf 87' lang='lat' dir='ltr'>possimus.</span> 
     </span>
    </p>
   </div>
   <div class='ocr_carea' id='block_1_41' title="bbox 240 3794 1900 3869">
    <p class='ocr_par' dir='ltr' id='par_1_41' title="bbox 240 3794 1900 3869">
     <span class='ocr_line' id='line_1_41' title="bbox 240 3794 1900 3869; baseline 0.002 -17"><span class='ocrx_word' id='word_1_282' title='bbox 240 3798 409 3863; x_wconf 85' lang='lat' dir='ltr'>Quod</span> <span class='ocrx_word' id='word_1_283' title='bbox 445 3796 681 3869; x_wconf 82' lang='lat' dir='ltr'>quidem</span> <span class='ocrx_word' id='word_1_284' title='bbox 715 3794 893 3851; x_wconf 90' lang='lat' dir='ltr'>etiam</span> <span class='ocrx_word' id='word_1_285' title='bbox 927 3795 1053 3851; x_wconf 86' lang='lat' dir='ltr'>sani</span> <span class='ocrx_word' id='word_1_286' title='bbox 1108 3813 1222 3851; x_wconf 92' lang='lat' dir='ltr'>non</span> <span class='ocrx_word' id='word_1_287' title='bbox 1276 3795 1385 3850; x_wconf 87' lang='lat' dir='ltr'>nisi</span> <span class='ocrx_word' id='word_1_288' title='bbox 1439 3796 1536 3852; x_wconf 90' lang='lat' dir='ltr'>illo</span> <span class='ocrx_word' id='word_1_289' title='bbox 1589 3799 1900 3869; x_wconf 87' lang='lat' dir='ltr'>adjuvante</span> 
     </span>
    </p>
   </div>
   <div class='ocr_carea' id='block_1_42' title="bbox 240 3888 589 3960">
    <p class='ocr_par' dir='ltr' id='par_1_42' title="bbox 240 3888 589 3960">
     <span class='ocr_line' id='line_1_42' title="bbox 240 3888 589 3960; baseline -0.003 -18"><span class='ocrx_word' id='word_1_290' title='bbox 240 3888 589 3960; x_wconf 83' lang='lat' dir='ltr'>poterimus.</span> 
     </span>
    </p>
   </div>
   <div class='ocr_carea' id='block_1_43' title="bbox 315 3975 1904 4046">
    <p class='ocr_par' dir='ltr' id='par_1_43' title="bbox 315 3975 1904 4046">
     <span class='ocr_line' id='line_1_43' title="bbox 315 3975 1904 4046; baseline 0.003 -15"><span class='ocrx_word' id='word_1_291' title='bbox 315 3976 462 4031; x_wconf 80' lang='lat' dir='ltr'>XIII.</span> <span class='ocrx_word' id='word_1_292' title='bbox 494 3975 681 4046; x_wconf 82' lang='lat' dir='ltr'>(Ibid.)</span> <span class='ocrx_word' id='word_1_293' title='bbox 727 3975 988 4030; x_wconf 82' lang='lat' dir='ltr'>Medicus</span> <span class='ocrx_word' id='word_1_294' title='bbox 1031 3975 1227 4043; x_wconf 88' lang='lat' dir='ltr'>homo,</span> <span class='ocrx_word' id='word_1_295' title='bbox 1280 3992 1415 4031; x_wconf 90' lang='lat' dir='ltr'>cum</span> <span class='ocrx_word' id='word_1_296' title='bbox 1469 3979 1755 4033; x_wconf 83' lang='lat' dir='ltr'>sanaverit</span> <span class='ocrx_word' id='word_1_297' title='bbox 1799 3980 1904 4035; x_wconf 82' lang='lat' dir='ltr'>ho-</span> 
     </span>
    </p>
   </div>
   <div class='ocr_carea' id='block_1_44' title="bbox 242 4064 1906 4134">
    <p class='ocr_par' dir='ltr' id='par_1_44' title="bbox 242 4064 1906 4134">
     <span class='ocr_line' id='line_1_44' title="bbox 242 4064 1906 4134; baseline 0.003 -15"><span class='ocrx_word' id='word_1_298' title='bbox 242 4064 487 4128; x_wconf 87' lang='lat' dir='ltr'>minem,</span> <span class='ocrx_word' id='word_1_299' title='bbox 512 4065 643 4134; x_wconf 88' lang='lat' dir='ltr'>jam</span> <span class='ocrx_word' id='word_1_300' title='bbox 678 4064 746 4119; x_wconf 89' lang='lat' dir='ltr'>de</span> <span class='ocrx_word' id='word_1_301' title='bbox 778 4068 986 4119; x_wconf 65' lang='lat' dir='ltr'>caetero</span> <span class='ocrx_word' id='word_1_302' title='bbox 1012 4066 1469 4121; x_wconf 88' lang='lat' dir='ltr'>sustentandum</span> <span class='ocrx_word' id='word_1_303' title='bbox 1506 4065 1808 4124; x_wconf 85' lang='lat' dir='ltr'>clementis</span> <span class='ocrx_word' id='word_1_304' title='bbox 1850 4076 1906 4124; x_wconf 90' lang='lat' dir='ltr'>et</span> 
     </span>
    </p>
   </div>
   <div class='ocr_carea' id='block_1_45' title="bbox 246 4151 1909 4227">
    <p class='ocr_par' dir='ltr' id='par_1_45' title="bbox 246 4151 1909 4227">
     <span class='ocr_line' id='line_1_45' title="bbox 246 4151 1909 4227; baseline 0.002 -19"><span class='ocrx_word' id='word_1_305' title='bbox 246 4153 550 4209; x_wconf 84' lang='lat' dir='ltr'>alimentis</span> <span class='ocrx_word' id='word_1_306' title='bbox 581 4151 1005 4225; x_wconf 89' lang='lat' dir='ltr'>corporalibus,</span> <span class='ocrx_word' id='word_1_307' title='bbox 1027 4158 1090 4208; x_wconf 91' lang='lat' dir='ltr'>ut</span> <span class='ocrx_word' id='word_1_308' title='bbox 1119 4155 1321 4209; x_wconf 86' lang='lat' dir='ltr'>eadem</span> <span class='ocrx_word' id='word_1_309' title='bbox 1356 4155 1579 4211; x_wconf 86' lang='lat' dir='ltr'>sanitas</span> <span class='ocrx_word' id='word_1_310' title='bbox 1611 4161 1743 4227; x_wconf 89' lang='lat' dir='ltr'>apto</span> <span class='ocrx_word' id='word_1_311' title='bbox 1774 4159 1909 4212; x_wconf 92' lang='lat' dir='ltr'>sub-</span> 
     </span>
    </p>
   </div>
   <div class='ocr_carea' id='block_1_46' title="bbox 243 4240 1906 4318">
    <p class='ocr_par' dir='ltr' id='par_1_46' title="bbox 243 4240 1906 4318">
     <span class='ocr_line' id='line_1_46' title="bbox 243 4240 1906 4318; baseline 0.002 -20"><span class='ocrx_word' id='word_1_312' title='bbox 243 4242 401 4299; x_wconf 87' lang='lat' dir='ltr'>sidio</span> <span class='ocrx_word' id='word_1_313' title='bbox 433 4240 805 4297; x_wconf 74' lang='lat' dir='ltr'>convalescat</span> <span class='ocrx_word' id='word_1_314' title='bbox 838 4244 1011 4313; x_wconf 88' lang='lat' dir='ltr'>atque</span> <span class='ocrx_word' id='word_1_315' title='bbox 1041 4242 1337 4314; x_wconf 89' lang='lat' dir='ltr'>persistat,</span> <span class='ocrx_word' id='word_1_316' title='bbox 1372 4244 1486 4299; x_wconf 91' lang='lat' dir='ltr'>Deo</span> <span class='ocrx_word' id='word_1_317' title='bbox 1519 4245 1782 4311; x_wconf 88' lang='lat' dir='ltr'>dimittit,</span> <span class='ocrx_word' id='word_1_318' title='bbox 1806 4246 1906 4318; x_wconf 92' lang='lat' dir='ltr'>qui</span> 
     </span>
    </p>
   </div>
   <div class='ocr_carea' id='block_1_47' title="bbox 244 4331 1906 4404">
    <p class='ocr_par' dir='ltr' id='par_1_47' title="bbox 244 4331 1906 4404">
     <span class='ocr_line' id='line_1_47' title="bbox 244 4331 1906 4404; baseline 0.004 -19"><span class='ocrx_word' id='word_1_319' title='bbox 244 4332 473 4404; x_wconf 61' lang='lat' dir='ltr'>prabet</span> <span class='ocrx_word' id='word_1_320' title='bbox 502 4333 620 4385; x_wconf 87' lang='lat' dir='ltr'>ista</span> <span class='ocrx_word' id='word_1_321' title='bbox 650 4332 710 4386; x_wconf 90' lang='lat' dir='ltr'>in</span> <span class='ocrx_word' id='word_1_322' title='bbox 743 4347 916 4386; x_wconf 88' lang='lat' dir='ltr'>carne</span> <span class='ocrx_word' id='word_1_323' title='bbox 946 4331 1297 4399; x_wconf 87' lang='lat' dir='ltr'>viventibus,</span> <span class='ocrx_word' id='word_1_324' title='bbox 1322 4334 1492 4403; x_wconf 83' lang='lat' dir='ltr'>cujus</span> <span class='ocrx_word' id='word_1_325' title='bbox 1519 4339 1684 4389; x_wconf 89' lang='lat' dir='ltr'>erant</span> <span class='ocrx_word' id='word_1_326' title='bbox 1731 4336 1906 4391; x_wconf 89' lang='lat' dir='ltr'>etiam</span> 
     </span>
    </p>
   </div>
   <div class='ocr_carea' id='block_1_48' title="bbox 245 4419 1909 4496">
    <p class='ocr_par' dir='ltr' id='par_1_48' title="bbox 245 4419 1909 4496">
     <span class='ocr_line' id='line_1_48' title="bbox 245 4419 1909 4496; baseline 0.004 -21"><span class='ocrx_word' id='word_1_327' title='bbox 245 4419 355 4476; x_wconf 82' lang='lat' dir='ltr'>illa</span> <span class='ocrx_word' id='word_1_328' title='bbox 385 4437 517 4491; x_wconf 70' lang='lat' dir='ltr'>quas</span> <span class='ocrx_word' id='word_1_329' title='bbox 547 4420 689 4475; x_wconf 90' lang='lat' dir='ltr'>dum</span> <span class='ocrx_word' id='word_1_330' title='bbox 725 4424 952 4475; x_wconf 86' lang='lat' dir='ltr'>curaret</span> <span class='ocrx_word' id='word_1_331' title='bbox 985 4420 1317 4476; x_wconf 87' lang='lat' dir='ltr'>adhibebat.</span> <span class='ocrx_word' id='word_1_332' title='bbox 1353 4422 1477 4478; x_wconf 90' lang='lat' dir='ltr'>Non</span> <span class='ocrx_word' id='word_1_333' title='bbox 1509 4424 1664 4478; x_wconf 89' lang='lat' dir='ltr'>enim</span> <span class='ocrx_word' id='word_1_334' title='bbox 1706 4441 1909 4496; x_wconf 88' lang='lat' dir='ltr'>quem-</span> 
     </span>
    </p>
   </div>
   <div class='ocr_carea' id='block_1_49' title="bbox 248 4509 1906 4583">
    <p class='ocr_par' dir='ltr' id='par_1_49' title="bbox 248 4509 1906 4583">
     <span class='ocr_line' id='line_1_49' title="bbox 248 4509 1906 4583; baseline 0.003 -18"><span class='ocrx_word' id='word_1_335' title='bbox 248 4526 432 4583; x_wconf 83' lang='lat' dir='ltr'>quam</span> <span class='ocrx_word' id='word_1_336' title='bbox 456 4510 720 4565; x_wconf 88' lang='lat' dir='ltr'>medicus</span> <span class='ocrx_word' id='word_1_337' title='bbox 736 4524 804 4564; x_wconf 85' lang='lat' dir='ltr'>ex</span> <span class='ocrx_word' id='word_1_338' title='bbox 826 4509 918 4565; x_wconf 89' lang='lat' dir='ltr'>his</span> <span class='ocrx_word' id='word_1_339' title='bbox 940 4511 1113 4565; x_wconf 88' lang='lat' dir='ltr'>rebus</span> <span class='ocrx_word' id='word_1_340' title='bbox 1129 4526 1277 4581; x_wconf 88' lang='lat' dir='ltr'>quas</span> <span class='ocrx_word' id='word_1_341' title='bbox 1292 4511 1416 4583; x_wconf 89' lang='lat' dir='ltr'>ipse</span> <span class='ocrx_word' id='word_1_342' title='bbox 1430 4512 1705 4568; x_wconf 85' lang='lat' dir='ltr'>creaverit</span> <span class='ocrx_word' id='word_1_343' title='bbox 1719 4519 1906 4582; x_wconf 83' lang='lat' dir='ltr'>sanat,</span> 
     </span>
    </p>
   </div>
   <div class='ocr_carea' id='block_1_50' title="bbox 2028 590 3681 691">
    <p class='ocr_par' dir='ltr' id='par_1_50' title="bbox 2028 590 3681 691">
     <span class='ocr_line' id='line_1_50' title="bbox 2028 590 3681 691; baseline 0.013 -48"><span class='ocrx_word' id='word_1_344' title='bbox 2028 590 2340 663; x_wconf 85' lang='lat' dir='ltr'>subrepere</span> <span class='ocrx_word' id='word_1_345' title='bbox 2372 594 2565 650; x_wconf 89' lang='lat' dir='ltr'>animo</span> <span class='ocrx_word' id='word_1_346' title='bbox 2593 597 2875 665; x_wconf 88' lang='lat' dir='ltr'>humano,</span> <span class='ocrx_word' id='word_1_347' title='bbox 2905 604 2971 654; x_wconf 87' lang='lat' dir='ltr'>ut</span> <span class='ocrx_word' id='word_1_348' title='bbox 3009 602 3165 673; x_wconf 86' lang='lat' dir='ltr'>quod</span> <span class='ocrx_word' id='word_1_349' title='bbox 3204 602 3350 659; x_wconf 89' lang='lat' dir='ltr'>bene</span> <span class='ocrx_word' id='word_1_350' title='bbox 3384 609 3681 691; x_wconf 68' lang='lat' dir='ltr'>operatur,</span> 
     </span>
    </p>
   </div>
   <div class='ocr_carea' id='block_1_51' title="bbox 2028 686 3685 755">
    <p class='ocr_par' dir='ltr' id='par_1_51' title="bbox 2028 686 3685 755">
     <span class='ocr_line' id='line_1_51' title="bbox 2028 686 3685 755; baseline 0.013 -21"><span class='ocrx_word' id='word_1_351' title='bbox 2028 696 2202 735; x_wconf 90' lang='lat' dir='ltr'>suum</span> <span class='ocrx_word' id='word_1_352' title='bbox 2235 686 2643 741; x_wconf 89' lang='lat' dir='ltr'>tantummodo</span> <span class='ocrx_word' id='word_1_353' title='bbox 2662 688 2959 744; x_wconf 81' lang='lat' dir='ltr'>existimet</span> <span class='ocrx_word' id='word_1_354' title='bbox 2979 693 3036 745; x_wconf 89' lang='lat' dir='ltr'>et</span> <span class='ocrx_word' id='word_1_355' title='bbox 3053 690 3209 747; x_wconf 87' lang='lat' dir='ltr'>dicat</span> <span class='ocrx_word' id='word_1_356' title='bbox 3227 692 3287 746; x_wconf 91' lang='lat' dir='ltr'>in</span> <span class='ocrx_word' id='word_1_357' title='bbox 3322 686 3685 755; x_wconf 75' lang='lat' dir='ltr'>abundantia</span> 
     </span>
    </p>
   </div>
   <div class='ocr_carea' id='block_1_52' title="bbox 2025 770 3703 857">
    <p class='ocr_par' dir='ltr' id='par_1_52' title="bbox 2025 770 3703 857">
     <span class='ocr_line' id='line_1_52' title="bbox 2025 770 3703 857; baseline 0.009 -35"><span class='ocrx_word' id='word_1_358' title='bbox 2025 784 2133 823; x_wconf 90' lang='lat' dir='ltr'>sua</span> <span class='ocrx_word' id='word_1_359' title='bbox 2167 785 2180 822; x_wconf 87' lang='lat'><strong>:</strong></span> <span class='ocrx_word' id='word_1_360' title='bbox 2218 791 2245 817; x_wconf 86' lang='grc'>‹‹</span> <span class='ocrx_word' id='word_1_361' title='bbox 2287 770 2410 826; x_wconf 87' lang='lat' dir='ltr'>Non</span> <span class='ocrx_word' id='word_1_362' title='bbox 2461 773 2737 829; x_wconf 88' lang='lat' dir='ltr'>movebor</span> <span class='ocrx_word' id='word_1_363' title='bbox 2782 775 2841 831; x_wconf 90' lang='lat' dir='ltr'>in</span> <span class='ocrx_word' id='word_1_364' title='bbox 2886 780 3168 852; x_wconf 65' lang='lat' dir='ltr'>aeternum</span> <span class='ocrx_word' id='word_1_365' title='bbox 3217 781 3389 850; x_wconf 77' lang='lat' dir='ltr'>(Psal.</span> <span class='ocrx_word' id='word_1_366' title='bbox 3439 784 3614 857; x_wconf 70' lang='lat' dir='ltr'>xxxv).</span> <span class='ocrx_word' id='word_1_367' title='bbox 3647 807 3703 837; x_wconf 70' lang='grc' dir='ltr'>»ι</span> 
     </span>
    </p>
   </div>
   <div class='ocr_carea' id='block_1_53' title="bbox 2025 857 3680 945">
    <p class='ocr_par' dir='ltr' id='par_1_53' title="bbox 2025 857 3680 945">
     <span class='ocr_line' id='line_1_53' title="bbox 2025 857 3680 945; baseline 0.011 -32"><span class='ocrx_word' id='word_1_368' title='bbox 2025 857 2157 913; x_wconf 89' lang='lat' dir='ltr'>Ideo</span> <span class='ocrx_word' id='word_1_369' title='bbox 2188 858 2371 931; x_wconf 87' lang='lat' dir='ltr'>quiin</span> <span class='ocrx_word' id='word_1_370' title='bbox 2422 861 2721 919; x_wconf 84' lang='lat' dir='ltr'>voluntate</span> <span class='ocrx_word' id='word_1_371' title='bbox 2766 882 2874 921; x_wconf 87' lang='lat' dir='ltr'>sua</span> <span class='ocrx_word' id='word_1_372' title='bbox 2922 869 3273 938; x_wconf 83' lang='lat' dir='ltr'>praestiterat</span> <span class='ocrx_word' id='word_1_373' title='bbox 3318 870 3510 927; x_wconf 90' lang='lat' dir='ltr'>decori</span> <span class='ocrx_word' id='word_1_374' title='bbox 3549 874 3680 945; x_wconf 88' lang='lat' dir='ltr'>ejus</span> 
     </span>
    </p>
   </div>
   <div class='ocr_carea' id='block_1_54' title="bbox 2020 947 3676 1033">
    <p class='ocr_par' dir='ltr' id='par_1_54' title="bbox 2020 947 3676 1033">
     <span class='ocr_line' id='line_1_54' title="bbox 2020 947 3676 1033; baseline 0.011 -32"><span class='ocrx_word' id='word_1_375' title='bbox 2020 947 2315 1015; x_wconf 87' lang='lat' dir='ltr'>virtutem,</span> <span class='ocrx_word' id='word_1_376' title='bbox 2334 952 2541 1005; x_wconf 86' lang='lat' dir='ltr'>avertit</span> <span class='ocrx_word' id='word_1_377' title='bbox 2582 952 2786 1008; x_wconf 77' lang='lat' dir='ltr'>faciem</span> <span class='ocrx_word' id='word_1_378' title='bbox 2812 972 2981 1011; x_wconf 88' lang='lat' dir='ltr'>suam</span> <span class='ocrx_word' id='word_1_379' title='bbox 3004 956 3331 1029; x_wconf 87' lang='lat' dir='ltr'>paululum,</span> <span class='ocrx_word' id='word_1_380' title='bbox 3349 964 3415 1015; x_wconf 90' lang='lat' dir='ltr'>ut</span> <span class='ocrx_word' id='word_1_381' title='bbox 3443 961 3545 1033; x_wconf 89' lang='lat' dir='ltr'>qui</span> <span class='ocrx_word' id='word_1_382' title='bbox 3566 962 3676 1019; x_wconf 90' lang='lat' dir='ltr'>hoc</span> 
     </span>
    </p>
   </div>
   <div class='ocr_carea' id='block_1_55' title="bbox 2024 1038 3675 1121">
    <p class='ocr_par' dir='ltr' id='par_1_55' title="bbox 2024 1038 3675 1121">
     <span class='ocr_line' id='line_1_55' title="bbox 2024 1038 3675 1121; baseline 0.01 -28"><span class='ocrx_word' id='word_1_383' title='bbox 2024 1038 2245 1094; x_wconf 81' lang='lat' dir='ltr'>dixerat</span> <span class='ocrx_word' id='word_1_384' title='bbox 2290 1041 2451 1095; x_wconf 80' lang='lat' dir='ltr'>ﬁeret</span> <span class='ocrx_word' id='word_1_385' title='bbox 2503 1045 2909 1113; x_wconf 86' lang='lat' dir='ltr'>conturbatus,</span> <span class='ocrx_word' id='word_1_386' title='bbox 2944 1047 3221 1118; x_wconf 89' lang='lat' dir='ltr'>quoniam</span> <span class='ocrx_word' id='word_1_387' title='bbox 3273 1048 3396 1121; x_wconf 89' lang='lat' dir='ltr'>ipse</span> <span class='ocrx_word' id='word_1_388' title='bbox 3445 1056 3534 1108; x_wconf 92' lang='lat' dir='ltr'>est</span> <span class='ocrx_word' id='word_1_389' title='bbox 3577 1052 3675 1110; x_wconf 90' lang='lat' dir='ltr'>ille</span> 
     </span>
    </p>
   </div>
   <div class='ocr_carea' id='block_1_56' title="bbox 2022 1130 3673 1215">
    <p class='ocr_par' dir='ltr' id='par_1_56' title="bbox 2022 1130 3673 1215">
     <span class='ocr_line' id='line_1_56' title="bbox 2022 1130 3673 1215; baseline 0.011 -33"><span class='ocrx_word' id='word_1_390' title='bbox 2022 1134 2217 1184; x_wconf 90' lang='lat' dir='ltr'>tumor</span> <span class='ocrx_word' id='word_1_391' title='bbox 2248 1130 2547 1185; x_wconf 87' lang='lat' dir='ltr'>sanandus</span> <span class='ocrx_word' id='word_1_392' title='bbox 2596 1132 2900 1189; x_wconf 88' lang='lat' dir='ltr'>doloribus</span> <span class='ocrx_word' id='word_1_393' title='bbox 2949 1135 3097 1207; x_wconf 81' lang='lat' dir='ltr'>(Cap.</span> <span class='ocrx_word' id='word_1_394' title='bbox 3149 1140 3263 1204; x_wconf 87' lang='lat'>28).</span> <span class='ocrx_word' id='word_1_395' title='bbox 3299 1138 3423 1195; x_wconf 88' lang='lat' dir='ltr'>Non</span> <span class='ocrx_word' id='word_1_396' title='bbox 3474 1140 3673 1215; x_wconf 87' lang='lat' dir='ltr'>itaque</span> 
     </span>
    </p>
   </div>
   <div class='ocr_carea' id='block_1_57' title="bbox 2021 1217 3672 1299">
    <p class='ocr_par' dir='ltr' id='par_1_57' title="bbox 2021 1217 3672 1299">
     <span class='ocr_line' id='line_1_57' title="bbox 2021 1217 3672 1299; baseline 0.01 -28"><span class='ocrx_word' id='word_1_397' title='bbox 2021 1218 2235 1273; x_wconf 85' lang='lat' dir='ltr'>dicitur</span> <span class='ocrx_word' id='word_1_398' title='bbox 2264 1217 2488 1273; x_wconf 89' lang='lat' dir='ltr'>homini</span> <span class='ocrx_word' id='word_1_399' title='bbox 2526 1237 2537 1273; x_wconf 91' lang='lat'>:</span> <span class='ocrx_word' id='word_1_400' title='bbox 2571 1220 2819 1277; x_wconf 81' lang='lat' dir='ltr'>Necesse</span> <span class='ocrx_word' id='word_1_401' title='bbox 2849 1228 2938 1277; x_wconf 86' lang='lat' dir='ltr'>est</span> <span class='ocrx_word' id='word_1_402' title='bbox 2968 1219 3318 1295; x_wconf 79' lang='lat' dir='ltr'>peccaré,ne</span> <span class='ocrx_word' id='word_1_403' title='bbox 3348 1243 3549 1299; x_wconf 88' lang='lat' dir='ltr'>pecces</span> <span class='ocrx_word' id='word_1_404' title='bbox 3570 1232 3672 1287; x_wconf 88' lang='lat' dir='ltr'>sed</span> 
     </span>
    </p>
   </div>
   <div class='ocr_carea' id='block_1_58' title="bbox 2021 1306 3674 1383">
    <p class='ocr_par' dir='ltr' id='par_1_58' title="bbox 2021 1306 3674 1383">
     <span class='ocr_line' id='line_1_58' title="bbox 2021 1306 3674 1383; baseline 0.009 -22"><span class='ocrx_word' id='word_1_405' title='bbox 2021 1306 2233 1363; x_wconf 89' lang='lat' dir='ltr'>dicitur</span> <span class='ocrx_word' id='word_1_406' title='bbox 2262 1308 2485 1363; x_wconf 88' lang='lat' dir='ltr'>homini</span> <span class='ocrx_word' id='word_1_407' title='bbox 2512 1327 2522 1362; x_wconf 91' lang='lat'>:</span> <span class='ocrx_word' id='word_1_408' title='bbox 2552 1309 2777 1365; x_wconf 86' lang='lat' dir='ltr'>Deserit</span> <span class='ocrx_word' id='word_1_409' title='bbox 2798 1310 3166 1383; x_wconf 87' lang='lat' dir='ltr'>aliquantum</span> <span class='ocrx_word' id='word_1_410' title='bbox 3190 1313 3365 1383; x_wconf 90' lang='lat' dir='ltr'>Deus,</span> <span class='ocrx_word' id='word_1_411' title='bbox 3389 1319 3543 1374; x_wconf 90' lang='lat' dir='ltr'>unde</span> <span class='ocrx_word' id='word_1_412' title='bbox 3573 1335 3674 1375; x_wconf 88' lang='lat' dir='ltr'>su-</span> 
     </span>
    </p>
   </div>
   <div class='ocr_carea' id='block_1_59' title="bbox 2018 1396 3671 1475">
    <p class='ocr_par' dir='ltr' id='par_1_59' title="bbox 2018 1396 3671 1475">
     <span class='ocr_line' id='line_1_59' title="bbox 2018 1396 3671 1475; baseline 0.01 -25"><span class='ocrx_word' id='word_1_413' title='bbox 2018 1396 2233 1468; x_wconf 87' lang='lat' dir='ltr'>perbis,</span> <span class='ocrx_word' id='word_1_414' title='bbox 2269 1401 2332 1452; x_wconf 89' lang='lat' dir='ltr'>ut</span> <span class='ocrx_word' id='word_1_415' title='bbox 2363 1397 2512 1454; x_wconf 88' lang='lat' dir='ltr'>scias</span> <span class='ocrx_word' id='word_1_416' title='bbox 2544 1416 2658 1455; x_wconf 90' lang='lat' dir='ltr'>non</span> <span class='ocrx_word' id='word_1_417' title='bbox 2694 1404 2887 1471; x_wconf 89' lang='lat' dir='ltr'>tuum,</span> <span class='ocrx_word' id='word_1_418' title='bbox 2912 1402 3011 1457; x_wconf 87' lang='lat' dir='ltr'>sed</span> <span class='ocrx_word' id='word_1_419' title='bbox 3044 1403 3174 1475; x_wconf 89' lang='lat' dir='ltr'>ejus</span> <span class='ocrx_word' id='word_1_420' title='bbox 3206 1420 3358 1473; x_wconf 89' lang='lat' dir='ltr'>esse,</span> <span class='ocrx_word' id='word_1_421' title='bbox 3392 1410 3448 1462; x_wconf 88' lang='lat' dir='ltr'>et</span> <span class='ocrx_word' id='word_1_422' title='bbox 3478 1406 3671 1466; x_wconf 88' lang='lat' dir='ltr'>discas</span> 
     </span>
    </p>
   </div>
   <div class='ocr_carea' id='block_1_60' title="bbox 2017 1487 3482 1563">
    <p class='ocr_par' dir='ltr' id='par_1_60' title="bbox 2017 1487 3482 1563">
     <span class='ocr_line' id='line_1_60' title="bbox 2017 1487 3482 1563; baseline 0.002 -23"><span class='ocrx_word' id='word_1_423' title='bbox 2017 1487 2306 1557; x_wconf 89' lang='lat' dir='ltr'>superbus</span> <span class='ocrx_word' id='word_1_424' title='bbox 2338 1506 2451 1544; x_wconf 89' lang='lat' dir='ltr'>non</span> <span class='ocrx_word' id='word_1_425' title='bbox 2484 1504 2636 1545; x_wconf 89' lang='lat' dir='ltr'>esse.</span> <span class='ocrx_word' id='word_1_426' title='bbox 2836 1533 2840 1537; x_wconf 93' lang='lat'>.</span> <span class='ocrx_word' id='word_1_427' title='bbox 3476 1558 3482 1563; x_wconf 90' lang='grc' dir='ltr'> </span> 
     </span>
    </p>
   </div>
   <div class='ocr_carea' id='block_1_61' title="bbox 2086 1572 3673 1653">
    <p class='ocr_par' dir='ltr' id='par_1_61' title="bbox 2086 1572 3673 1653">
     <span class='ocr_line' id='line_1_61' title="bbox 2086 1572 3673 1653; baseline 0.01 -25"><span class='ocrx_word' id='word_1_428' title='bbox 2086 1572 2199 1628; x_wconf 87' lang='lat' dir='ltr'>XV.</span> <span class='ocrx_word' id='word_1_429' title='bbox 2236 1574 2388 1646; x_wconf 86' lang='lat' dir='ltr'>(Cap.</span> <span class='ocrx_word' id='word_1_430' title='bbox 2439 1576 2553 1648; x_wconf 90' lang='lat'>30.)</span> <span class='ocrx_word' id='word_1_431' title='bbox 2583 1576 2804 1633; x_wconf 87' lang='lat' dir='ltr'>Vitium</span> <span class='ocrx_word' id='word_1_432' title='bbox 2866 1596 2980 1651; x_wconf 90' lang='lat' dir='ltr'>quo</span> <span class='ocrx_word' id='word_1_433' title='bbox 3042 1586 3348 1653; x_wconf 88' lang='lat' dir='ltr'>peccatum</span> <span class='ocrx_word' id='word_1_434' title='bbox 3409 1585 3673 1644; x_wconf 90' lang='lat' dir='ltr'>commit-</span> 
     </span>
    </p>
   </div>
   <div class='ocr_carea' id='block_1_62' title="bbox 2016 1661 3667 1740">
    <p class='ocr_par' dir='ltr' id='par_1_62' title="bbox 2016 1661 3667 1740">
     <span class='ocr_line' id='line_1_62' title="bbox 2016 1661 3667 1740; baseline 0.01 -26"><span class='ocrx_word' id='word_1_435' title='bbox 2016 1661 2177 1726; x_wconf 85' lang='lat' dir='ltr'>titur,</span> <span class='ocrx_word' id='word_1_436' title='bbox 2215 1664 2474 1718; x_wconf 88' lang='lat' dir='ltr'>nondum</span> <span class='ocrx_word' id='word_1_437' title='bbox 2508 1665 2664 1719; x_wconf 90' lang='lat' dir='ltr'>omni</span> <span class='ocrx_word' id='word_1_438' title='bbox 2713 1680 2781 1720; x_wconf 82' lang='lat' dir='ltr'>ex</span> <span class='ocrx_word' id='word_1_439' title='bbox 2819 1670 2982 1737; x_wconf 89' lang='lat' dir='ltr'>parte</span> <span class='ocrx_word' id='word_1_440' title='bbox 3032 1672 3307 1726; x_wconf 87' lang='lat' dir='ltr'>sanatum</span> <span class='ocrx_word' id='word_1_441' title='bbox 3362 1676 3468 1729; x_wconf 88' lang='lat' dir='ltr'>est.</span> <span class='ocrx_word' id='word_1_442' title='bbox 3504 1675 3667 1740; x_wconf 87' lang='lat' dir='ltr'>Quod</span> 
     </span>
    </p>
   </div>
   <div class='ocr_carea' id='block_1_63' title="bbox 2015 1749 3669 1821">
    <p class='ocr_par' dir='ltr' id='par_1_63' title="bbox 2015 1749 3669 1821">
     <span class='ocr_line' id='line_1_63' title="bbox 2015 1749 3669 1821; baseline 0.011 -19"><span class='ocrx_word' id='word_1_443' title='bbox 2015 1749 2252 1821; x_wconf 85' lang='lat' dir='ltr'>quidem</span> <span class='ocrx_word' id='word_1_444' title='bbox 2286 1756 2350 1805; x_wconf 88' lang='lat' dir='ltr'>ut</span> <span class='ocrx_word' id='word_1_445' title='bbox 2374 1752 2818 1821; x_wconf 86' lang='lat' dir='ltr'>inolesceret,de</span> <span class='ocrx_word' id='word_1_446' title='bbox 2848 1772 2962 1811; x_wconf 88' lang='lat' dir='ltr'>non</span> <span class='ocrx_word' id='word_1_447' title='bbox 2987 1762 3138 1813; x_wconf 87' lang='lat' dir='ltr'>recte</span> <span class='ocrx_word' id='word_1_448' title='bbox 3162 1776 3270 1816; x_wconf 89' lang='lat' dir='ltr'>usa</span> <span class='ocrx_word' id='word_1_449' title='bbox 3296 1762 3544 1819; x_wconf 87' lang='lat' dir='ltr'>sanitate</span> <span class='ocrx_word' id='word_1_450' title='bbox 3574 1764 3669 1820; x_wconf 88' lang='lat' dir='ltr'>de-</span> 
     </span>
    </p>
   </div>
   <div class='ocr_carea' id='block_1_64' title="bbox 2013 1839 3664 1914">
    <p class='ocr_par' dir='ltr' id='par_1_64' title="bbox 2013 1839 3664 1914">
     <span class='ocr_line' id='line_1_64' title="bbox 2013 1839 3664 1914; baseline 0.007 -21"><span class='ocrx_word' id='word_1_451' title='bbox 2013 1839 2259 1893; x_wconf 88' lang='lat' dir='ltr'>scendit.</span> <span class='ocrx_word' id='word_1_452' title='bbox 2286 1839 2365 1893; x_wconf 87' lang='lat' dir='ltr'>Ex</span> <span class='ocrx_word' id='word_1_453' title='bbox 2398 1856 2510 1911; x_wconf 91' lang='lat' dir='ltr'>quo</span> <span class='ocrx_word' id='word_1_454' title='bbox 2541 1840 2678 1896; x_wconf 88' lang='lat' dir='ltr'>vitio</span> <span class='ocrx_word' id='word_1_455' title='bbox 2704 1842 2828 1912; x_wconf 85' lang='lat' dir='ltr'>jam</span> <span class='ocrx_word' id='word_1_456' title='bbox 2863 1842 3013 1898; x_wconf 89' lang='lat' dir='ltr'>male</span> <span class='ocrx_word' id='word_1_457' title='bbox 3046 1844 3268 1914; x_wconf 89' lang='lat' dir='ltr'>valens,</span> <span class='ocrx_word' id='word_1_458' title='bbox 3291 1847 3378 1902; x_wconf 87' lang='lat' dir='ltr'>vel</span> <span class='ocrx_word' id='word_1_459' title='bbox 3420 1848 3664 1904; x_wconf 82' lang='lat' dir='ltr'>infirmi-</span> 
     </span>
    </p>
   </div>
   <div class='ocr_carea' id='block_1_65' title="bbox 2006 1927 3663 2009">
    <p class='ocr_par' dir='ltr' id='par_1_65' title="bbox 2006 1927 3663 2009">
     <span class='ocr_line' id='line_1_65' title="bbox 2006 1927 3663 2009; baseline 0.007 -29"><span class='ocrx_word' id='word_1_460' title='bbox 2006 1930 2142 1991; x_wconf 89' lang='lat' dir='ltr'>tate,</span> <span class='ocrx_word' id='word_1_461' title='bbox 2166 1927 2253 1983; x_wconf 90' lang='lat' dir='ltr'>vel</span> <span class='ocrx_word' id='word_1_462' title='bbox 2288 1928 2540 1983; x_wconf 66' lang='lat' dir='ltr'>cazeitate</span> <span class='ocrx_word' id='word_1_463' title='bbox 2571 1929 2741 2001; x_wconf 90' lang='lat' dir='ltr'>plura</span> <span class='ocrx_word' id='word_1_464' title='bbox 2774 1932 3111 1988; x_wconf 89' lang='lat' dir='ltr'>committit.</span> <span class='ocrx_word' id='word_1_465' title='bbox 3137 1934 3243 1990; x_wconf 90' lang='lat' dir='ltr'>Pro</span> <span class='ocrx_word' id='word_1_466' title='bbox 3282 1952 3398 2007; x_wconf 87' lang='lat' dir='ltr'>quo</span> <span class='ocrx_word' id='word_1_467' title='bbox 3438 1936 3663 2009; x_wconf 88' lang='lat' dir='ltr'>suppli-</span> 
     </span>
    </p>
   </div>
   <div class='ocr_carea' id='block_1_66' title="bbox 2007 2017 3663 2097">
    <p class='ocr_par' dir='ltr' id='par_1_66' title="bbox 2007 2017 3663 2097">
     <span class='ocr_line' id='line_1_66' title="bbox 2007 2017 3663 2097; baseline 0.007 -26"><span class='ocrx_word' id='word_1_468' title='bbox 2007 2017 2259 2072; x_wconf 90' lang='lat' dir='ltr'>candum</span> <span class='ocrx_word' id='word_1_469' title='bbox 2285 2021 2373 2073; x_wconf 90' lang='lat' dir='ltr'>est</span> <span class='ocrx_word' id='word_1_470' title='bbox 2396 2022 2458 2072; x_wconf 91' lang='lat' dir='ltr'>ut</span> <span class='ocrx_word' id='word_1_471' title='bbox 2481 2024 2817 2087; x_wconf 86' lang='lat' dir='ltr'>sanetur,nt</span> <span class='ocrx_word' id='word_1_472' title='bbox 2838 2022 3114 2094; x_wconf 90' lang='lat' dir='ltr'>deinceps</span> <span class='ocrx_word' id='word_1_473' title='bbox 3138 2023 3196 2077; x_wconf 90' lang='lat' dir='ltr'>in</span> <span class='ocrx_word' id='word_1_474' title='bbox 3220 2026 3663 2097; x_wconf 89' lang='lat' dir='ltr'>perpetuasani-</span> 
     </span>
    </p>
   </div>
   <div class='ocr_carea' id='block_1_67' title="bbox 2007 2104 3661 2182">
    <p class='ocr_par' dir='ltr' id='par_1_67' title="bbox 2007 2104 3661 2182">
     <span class='ocr_line' id='line_1_67' title="bbox 2007 2104 3661 2182; baseline 0.005 -21"><span class='ocrx_word' id='word_1_475' title='bbox 2007 2108 2125 2161; x_wconf 89' lang='lat' dir='ltr'>tate</span> <span class='ocrx_word' id='word_1_476' title='bbox 2146 2104 2400 2175; x_wconf 88' lang='lat' dir='ltr'>vivatur;</span> <span class='ocrx_word' id='word_1_477' title='bbox 2426 2124 2542 2162; x_wconf 91' lang='lat' dir='ltr'>non</span> <span class='ocrx_word' id='word_1_478' title='bbox 2569 2108 3053 2179; x_wconf 85' lang='lat' dir='ltr'>superbiendum,</span> <span class='ocrx_word' id='word_1_479' title='bbox 3070 2111 3240 2182; x_wconf 91' lang='lat' dir='ltr'>quasi</span> <span class='ocrx_word' id='word_1_480' title='bbox 3262 2112 3437 2168; x_wconf 90' lang='lat' dir='ltr'>homo</span> <span class='ocrx_word' id='word_1_481' title='bbox 3456 2114 3661 2170; x_wconf 89' lang='lat' dir='ltr'>eadem</span> 
     </span>
    </p>
   </div>
   <div class='ocr_carea' id='block_1_68' title="bbox 2007 2198 3461 2269">
    <p class='ocr_par' dir='ltr' id='par_1_68' title="bbox 2007 2198 3461 2269">
     <span class='ocr_line' id='line_1_68' title="bbox 2007 2198 3461 2269; baseline 0.003 -19"><span class='ocrx_word' id='word_1_482' title='bbox 2007 2198 2296 2266; x_wconf 88' lang='lat' dir='ltr'>potestate</span> <span class='ocrx_word' id='word_1_483' title='bbox 2327 2200 2587 2263; x_wconf 88' lang='lat' dir='ltr'>sanetur,</span> <span class='ocrx_word' id='word_1_484' title='bbox 2621 2213 2735 2268; x_wconf 89' lang='lat' dir='ltr'>qua</span> <span class='ocrx_word' id='word_1_485' title='bbox 2768 2201 3051 2269; x_wconf 89' lang='lat' dir='ltr'>potestate</span> <span class='ocrx_word' id='word_1_486' title='bbox 3083 2199 3323 2256; x_wconf 89' lang='lat' dir='ltr'>vitiatus</span> <span class='ocrx_word' id='word_1_487' title='bbox 3354 2206 3461 2257; x_wconf 90' lang='lat' dir='ltr'>est.</span> 
     </span>
    </p>
   </div>
   <div class='ocr_carea' id='block_1_69' title="bbox 2078 2283 3661 2361">
    <p class='ocr_par' dir='ltr' id='par_1_69' title="bbox 2078 2283 3661 2361">
     <span class='ocr_line' id='line_1_69' title="bbox 2078 2283 3661 2361; baseline 0.005 -22"><span class='ocrx_word' id='word_1_488' title='bbox 2078 2283 2219 2339; x_wconf 85' lang='lat' dir='ltr'>XVI.</span> <span class='ocrx_word' id='word_1_489' title='bbox 2254 2287 2409 2356; x_wconf 86' lang='lat' dir='ltr'>(Cap.</span> <span class='ocrx_word' id='word_1_490' title='bbox 2442 2286 2555 2349; x_wconf 89' lang='grc'>31.)</span> <span class='ocrx_word' id='word_1_491' title='bbox 2591 2285 2783 2357; x_wconf 87' lang='lat' dir='ltr'>Ipsam</span> <span class='ocrx_word' id='word_1_492' title='bbox 2828 2287 3188 2359; x_wconf 84' lang='lat' dir='ltr'>superbiam,</span> <span class='ocrx_word' id='word_1_493' title='bbox 3224 2306 3353 2361; x_wconf 62' lang='lat' dir='ltr'>quas</span> <span class='ocrx_word' id='word_1_494' title='bbox 3397 2289 3456 2345; x_wconf 92' lang='lat' dir='ltr'>in</span> <span class='ocrx_word' id='word_1_495' title='bbox 3507 2294 3661 2347; x_wconf 90' lang='lat' dir='ltr'>recte</span> 
     </span>
    </p>
   </div>
   <div class='ocr_carea' id='block_1_70' title="bbox 2008 2371 3656 2443">
    <p class='ocr_par' dir='ltr' id='par_1_70' title="bbox 2008 2371 3656 2443">
     <span class='ocr_line' id='line_1_70' title="bbox 2008 2371 3656 2443; baseline 0.005 -16"><span class='ocrx_word' id='word_1_496' title='bbox 2008 2371 2177 2429; x_wconf 83' lang='lat' dir='ltr'>tactis</span> <span class='ocrx_word' id='word_1_497' title='bbox 2201 2373 2396 2428; x_wconf 90' lang='lat' dir='ltr'>animo</span> <span class='ocrx_word' id='word_1_498' title='bbox 2419 2373 2731 2429; x_wconf 85' lang='lat' dir='ltr'>insidiatur</span> <span class='ocrx_word' id='word_1_499' title='bbox 2752 2375 3156 2443; x_wconf 89' lang='lat' dir='ltr'>humano,non</span> <span class='ocrx_word' id='word_1_500' title='bbox 3171 2376 3284 2432; x_wconf 91' lang='lat' dir='ltr'>cito</span> <span class='ocrx_word' id='word_1_501' title='bbox 3296 2377 3450 2434; x_wconf 89' lang='lat' dir='ltr'>Deus</span> <span class='ocrx_word' id='word_1_502' title='bbox 3466 2382 3656 2434; x_wconf 88' lang='lat' dir='ltr'>sanat.</span> 
     </span>
    </p>
   </div>
   <div class='ocr_carea' id='block_1_71' title="bbox 2009 2461 3661 2540">
    <p class='ocr_par' dir='ltr' id='par_1_71' title="bbox 2009 2461 3661 2540">
     <span class='ocr_line' id='line_1_71' title="bbox 2009 2461 3661 2540; baseline 0.005 -24"><span class='ocrx_word' id='word_1_503' title='bbox 2009 2461 2114 2517; x_wconf 90' lang='lat' dir='ltr'>Pro</span> <span class='ocrx_word' id='word_1_504' title='bbox 2142 2478 2258 2534; x_wconf 89' lang='lat' dir='ltr'>qua</span> <span class='ocrx_word' id='word_1_505' title='bbox 2288 2463 2551 2519; x_wconf 85' lang='lat' dir='ltr'>sananda</span> <span class='ocrx_word' id='word_1_506' title='bbox 2598 2463 2679 2517; x_wconf 86' lang='lat' dir='ltr'>illi</span> <span class='ocrx_word' id='word_1_507' title='bbox 2715 2464 2821 2536; x_wconf 69' lang='lat' dir='ltr'>pias</span> <span class='ocrx_word' id='word_1_508' title='bbox 2856 2465 3063 2520; x_wconf 70' lang='lat' dir='ltr'>animte</span> <span class='ocrx_word' id='word_1_509' title='bbox 3114 2483 3248 2521; x_wconf 91' lang='lat' dir='ltr'>cum</span> <span class='ocrx_word' id='word_1_510' title='bbox 3296 2466 3571 2540; x_wconf 81' lang='lat' dir='ltr'>laorymis</span> <span class='ocrx_word' id='word_1_511' title='bbox 3604 2471 3661 2526; x_wconf 87' lang='lat' dir='ltr'>et</span> 
     </span>
    </p>
   </div>
   <div class='ocr_carea' id='block_1_72' title="bbox 2009 2552 3658 2630">
    <p class='ocr_par' dir='ltr' id='par_1_72' title="bbox 2009 2552 3658 2630">
     <span class='ocr_line' id='line_1_72' title="bbox 2009 2552 3658 2630; baseline 0.005 -25"><span class='ocrx_word' id='word_1_512' title='bbox 2009 2552 2240 2625; x_wconf 85' lang='lat' dir='ltr'>magnis</span> <span class='ocrx_word' id='word_1_513' title='bbox 2273 2552 2590 2624; x_wconf 88' lang='lat' dir='ltr'>gemitibus</span> <span class='ocrx_word' id='word_1_514' title='bbox 2622 2553 2978 2625; x_wconf 87' lang='lat' dir='ltr'>supplicant,</span> <span class='ocrx_word' id='word_1_515' title='bbox 3014 2559 3079 2609; x_wconf 92' lang='lat' dir='ltr'>ut</span> <span class='ocrx_word' id='word_1_516' title='bbox 3109 2557 3180 2610; x_wconf 86' lang='lat' dir='ltr'>ad</span> <span class='ocrx_word' id='word_1_517' title='bbox 3213 2572 3341 2613; x_wconf 87' lang='lat' dir='ltr'>eam</span> <span class='ocrx_word' id='word_1_518' title='bbox 3373 2573 3658 2630; x_wconf 88' lang='lat' dir='ltr'>superan-</span> 
     </span>
    </p>
   </div>
   <div class='ocr_carea' id='block_1_73' title="bbox 2008 2641 3657 2715">
    <p class='ocr_par' dir='ltr' id='par_1_73' title="bbox 2008 2641 3657 2715">
     <span class='ocr_line' id='line_1_73' title="bbox 2008 2641 3657 2715; baseline 0.005 -20"><span class='ocrx_word' id='word_1_519' title='bbox 2008 2641 2143 2696; x_wconf 88' lang='lat' dir='ltr'>dam</span> <span class='ocrx_word' id='word_1_520' title='bbox 2171 2644 2226 2695; x_wconf 90' lang='lat' dir='ltr'>et</span> <span class='ocrx_word' id='word_1_521' title='bbox 2270 2642 2701 2713; x_wconf 89' lang='lat' dir='ltr'>quodammodo</span> <span class='ocrx_word' id='word_1_522' title='bbox 2753 2643 3116 2711; x_wconf 88' lang='lat' dir='ltr'>calcandam,</span> <span class='ocrx_word' id='word_1_523' title='bbox 3152 2650 3209 2700; x_wconf 88' lang='lat' dir='ltr'>et</span> <span class='ocrx_word' id='word_1_524' title='bbox 3256 2646 3657 2715; x_wconf 74' lang='lat' dir='ltr'>obterendum,</span> 
     </span>
    </p>
   </div>
   <div class='ocr_carea' id='block_1_74' title="bbox 2006 2729 3658 2808">
    <p class='ocr_par' dir='ltr' id='par_1_74' title="bbox 2006 2729 3658 2808">
     <span class='ocr_line' id='line_1_74' title="bbox 2006 2729 3658 2808; baseline 0.006 -25"><span class='ocrx_word' id='word_1_525' title='bbox 2006 2729 2303 2785; x_wconf 85' lang='lat' dir='ltr'>dexteram</span> <span class='ocrx_word' id='word_1_526' title='bbox 2337 2730 2688 2786; x_wconf 90' lang='lat' dir='ltr'>conantibus</span> <span class='ocrx_word' id='word_1_527' title='bbox 2727 2732 3006 2803; x_wconf 88' lang='lat' dir='ltr'>porrigat,</span> <span class='ocrx_word' id='word_1_528' title='bbox 3044 2749 3177 2788; x_wconf 89' lang='lat' dir='ltr'>cum</span> <span class='ocrx_word' id='word_1_529' title='bbox 3226 2738 3481 2791; x_wconf 84' lang='lat' dir='ltr'>extrema</span> <span class='ocrx_word' id='word_1_530' title='bbox 3527 2736 3658 2808; x_wconf 86' lang='lat' dir='ltr'>ejus</span> 
     </span>
    </p>
   </div>
   <div class='ocr_carea' id='block_1_75' title="bbox 2008 2818 3653 2892">
    <p class='ocr_par' dir='ltr' id='par_1_75' title="bbox 2008 2818 3653 2892">
     <span class='ocr_line' id='line_1_75' title="bbox 2008 2818 3653 2892; baseline 0.003 -17"><span class='ocrx_word' id='word_1_531' title='bbox 2008 2820 2218 2875; x_wconf 89' lang='lat' dir='ltr'>umbra</span> <span class='ocrx_word' id='word_1_532' title='bbox 2239 2818 2338 2873; x_wconf 91' lang='lat' dir='ltr'>illo</span> <span class='ocrx_word' id='word_1_533' title='bbox 2368 2820 2608 2875; x_wconf 86' lang='lat' dir='ltr'>meridie</span> <span class='ocrx_word' id='word_1_534' title='bbox 2631 2827 2917 2892; x_wconf 87' lang='lat' dir='ltr'>quantum</span> <span class='ocrx_word' id='word_1_535' title='bbox 2942 2821 3191 2877; x_wconf 88' lang='lat' dir='ltr'>arbitror</span> <span class='ocrx_word' id='word_1_536' title='bbox 3221 2823 3653 2880; x_wconf 86' lang='lat' dir='ltr'>absorbebitur.</span> 
     </span>
    </p>
   </div>
   <div class='ocr_carea' id='block_1_76' title="bbox 2006 2908 3656 2981">
    <p class='ocr_par' dir='ltr' id='par_1_76' title="bbox 2006 2908 3656 2981">
     <span class='ocr_line' id='line_1_76' title="bbox 2006 2908 3656 2981; baseline 0.004 -19"><span class='ocrx_word' id='word_1_537' title='bbox 2006 2908 2112 2975; x_wconf 92' lang='lat' dir='ltr'>Qui</span> <span class='ocrx_word' id='word_1_538' title='bbox 2145 2908 2441 2974; x_wconf 87' lang='lat' dir='ltr'>meridies,</span> <span class='ocrx_word' id='word_1_539' title='bbox 2473 2909 2775 2981; x_wconf 88' lang='lat' dir='ltr'>Scriptura</span> <span class='ocrx_word' id='word_1_540' title='bbox 2825 2908 3072 2975; x_wconf 89' lang='lat' dir='ltr'>dicente,</span> <span class='ocrx_word' id='word_1_541' title='bbox 3094 2909 3453 2980; x_wconf 90' lang='lat' dir='ltr'>promittitur</span> <span class='ocrx_word' id='word_1_542' title='bbox 3483 2927 3497 2966; x_wconf 89' lang='lat'><strong>:</strong></span> <span class='ocrx_word' id='word_1_543' title='bbox 3536 2932 3564 2961; x_wconf 79' lang='lat'><em>«</em></span> <span class='ocrx_word' id='word_1_544' title='bbox 3584 2912 3656 2968; x_wconf 88' lang='lat' dir='ltr'>Et</span> 
     </span>
    </p>
   </div>
   <div class='ocr_carea' id='block_1_77' title="bbox 2009 2996 3655 3071">
    <p class='ocr_par' dir='ltr' id='par_1_77' title="bbox 2009 2996 3655 3071">
     <span class='ocr_line' id='line_1_77' title="bbox 2009 2996 3655 3071; baseline 0.002 -20"><span class='ocrx_word' id='word_1_545' title='bbox 2009 3021 2029 3045; x_wconf 78' lang='grc' dir='ltr'>α</span> <span class='ocrx_word' id='word_1_546' title='bbox 2066 2998 2273 3052; x_wconf 85' lang='lat' dir='ltr'>educet</span> <span class='ocrx_word' id='word_1_547' title='bbox 2296 2996 2461 3069; x_wconf 88' lang='lat' dir='ltr'>quasi</span> <span class='ocrx_word' id='word_1_548' title='bbox 2494 2998 2689 3052; x_wconf 92' lang='lat' dir='ltr'>lumen</span> <span class='ocrx_word' id='word_1_549' title='bbox 2722 2998 3011 3068; x_wconf 82' lang='lat' dir='ltr'>justitiam</span> <span class='ocrx_word' id='word_1_550' title='bbox 3045 3003 3227 3066; x_wconf 90' lang='lat' dir='ltr'>tuam,</span> <span class='ocrx_word' id='word_1_551' title='bbox 3261 3003 3317 3054; x_wconf 87' lang='lat' dir='ltr'>et</span> <span class='ocrx_word' id='word_1_552' title='bbox 3358 2999 3655 3071; x_wconf 89' lang='lat' dir='ltr'>judicium</span> 
     </span>
    </p>
   </div>
   <div class='ocr_carea' id='block_1_78' title="bbox 2008 3085 3653 3160">
    <p class='ocr_par' dir='ltr' id='par_1_78' title="bbox 2008 3085 3653 3160">
     <span class='ocr_line' id='line_1_78' title="bbox 2008 3085 3653 3160; baseline 0.002 -19"><span class='ocrx_word' id='word_1_553' title='bbox 2008 3110 2033 3135; x_wconf 81' lang='grc' dir='ltr'>α</span> <span class='ocrx_word' id='word_1_554' title='bbox 2068 3092 2235 3141; x_wconf 90' lang='lat' dir='ltr'>tuum</span> <span class='ocrx_word' id='word_1_555' title='bbox 2267 3086 2419 3141; x_wconf 89' lang='lat' dir='ltr'>sicut</span> <span class='ocrx_word' id='word_1_556' title='bbox 2452 3086 2775 3151; x_wconf 87' lang='lat' dir='ltr'>meridiem,</span> <span class='ocrx_word' id='word_1_557' title='bbox 2810 3110 2836 3137; x_wconf 84' lang='grc'><strong>››</strong></span> <span class='ocrx_word' id='word_1_558' title='bbox 2876 3085 2923 3141; x_wconf 89' lang='lat' dir='ltr'>si</span> <span class='ocrx_word' id='word_1_559' title='bbox 2977 3087 3041 3141; x_wconf 82' lang='lat' dir='ltr'>fit</span> <span class='ocrx_word' id='word_1_560' title='bbox 3093 3088 3247 3158; x_wconf 90' lang='lat' dir='ltr'>quod</span> <span class='ocrx_word' id='word_1_561' title='bbox 3293 3104 3472 3160; x_wconf 91' lang='lat' dir='ltr'>supra</span> <span class='ocrx_word' id='word_1_562' title='bbox 3509 3088 3653 3144; x_wconf 90' lang='lat' dir='ltr'>scri-</span> 
     </span>
    </p>
   </div>
   <div class='ocr_carea' id='block_1_79' title="bbox 2006 3173 3651 3250">
    <p class='ocr_par' dir='ltr' id='par_1_79' title="bbox 2006 3173 3651 3250">
     <span class='ocr_line' id='line_1_79' title="bbox 2006 3173 3651 3250; baseline 0.002 -20"><span class='ocrx_word' id='word_1_563' title='bbox 2006 3179 2169 3247; x_wconf 88' lang='lat' dir='ltr'>ptum</span> <span class='ocrx_word' id='word_1_564' title='bbox 2199 3179 2287 3231; x_wconf 88' lang='lat' dir='ltr'>est</span> <span class='ocrx_word' id='word_1_565' title='bbox 2321 3193 2332 3229; x_wconf 90' lang='lat'>:</span> <span class='ocrx_word' id='word_1_566' title='bbox 2369 3196 2393 3223; x_wconf 90' lang='grc'>‹‹</span> <span class='ocrx_word' id='word_1_567' title='bbox 2420 3173 2627 3230; x_wconf 82' lang='lat' dir='ltr'>Revela</span> <span class='ocrx_word' id='word_1_568' title='bbox 2659 3174 2902 3229; x_wconf 88' lang='lat' dir='ltr'>Domino</span> <span class='ocrx_word' id='word_1_569' title='bbox 2939 3175 3093 3230; x_wconf 87' lang='lat' dir='ltr'>viam</span> <span class='ocrx_word' id='word_1_570' title='bbox 3120 3179 3375 3246; x_wconf 85' lang='lat' dir='ltr'>tuam,et</span> <span class='ocrx_word' id='word_1_571' title='bbox 3394 3193 3565 3250; x_wconf 85' lang='lat' dir='ltr'>spera</span> <span class='ocrx_word' id='word_1_572' title='bbox 3592 3176 3651 3234; x_wconf 92' lang='lat' dir='ltr'>in</span> 
     </span>
    </p>
   </div>
   <div class='ocr_carea' id='block_1_80' title="bbox 1924 3238 3170 3335">
    <p class='ocr_par' dir='ltr' id='par_1_80' title="bbox 1924 3238 3170 3335">
     <span class='ocr_line' id='line_1_80' title="bbox 1924 3238 3170 3335; baseline -0.002 -18"><span class='ocrx_word' id='word_1_573' title='bbox 1924 3238 1968 3305; x_wconf 75' lang='lat' dir='ltr'>C</span> <span class='ocrx_word' id='word_1_574' title='bbox 2010 3287 2037 3311; x_wconf 86' lang='grc'>‹‹</span> <span class='ocrx_word' id='word_1_575' title='bbox 2069 3280 2223 3328; x_wconf 88' lang='lat' dir='ltr'>eum,</span> <span class='ocrx_word' id='word_1_576' title='bbox 2260 3270 2315 3318; x_wconf 88' lang='lat' dir='ltr'>et</span> <span class='ocrx_word' id='word_1_577' title='bbox 2347 3265 2472 3335; x_wconf 90' lang='lat' dir='ltr'>ipse</span> <span class='ocrx_word' id='word_1_578' title='bbox 2496 3265 2665 3319; x_wconf 81' lang='lat' dir='ltr'>faciet</span> <span class='ocrx_word' id='word_1_579' title='bbox 2696 3265 2862 3335; x_wconf 76' lang='lat' dir='ltr'>(Psal.</span> <span class='ocrx_word' id='word_1_580' title='bbox 2897 3270 3107 3331; x_wconf 85' lang='lat' dir='ltr'>xxxv1).</span> <span class='ocrx_word' id='word_1_581' title='bbox 3145 3288 3170 3314; x_wconf 71' lang='grc' dir='ltr'><em>η</em></span> 
     </span>
    </p>
   </div>
   <div class='ocr_carea' id='block_1_81' title="bbox 2075 3352 3656 3427">
    <p class='ocr_par' dir='ltr' id='par_1_81' title="bbox 2075 3352 3656 3427">
     <span class='ocr_line' id='line_1_81' title="bbox 2075 3352 3656 3427; baseline 0.004 -21"><span class='ocrx_word' id='word_1_582' title='bbox 2075 3352 2241 3407; x_wconf 86' lang='lat' dir='ltr'>XVII.</span> <span class='ocrx_word' id='word_1_583' title='bbox 2278 3352 2461 3423; x_wconf 74' lang='grc' dir='ltr'>(Ιὺίιί.)</span> <span class='ocrx_word' id='word_1_584' title='bbox 2493 3353 2816 3423; x_wconf 88' lang='lat' dir='ltr'>Operamur</span> <span class='ocrx_word' id='word_1_585' title='bbox 2855 3357 2913 3408; x_wconf 91' lang='lat' dir='ltr'>et</span> <span class='ocrx_word' id='word_1_586' title='bbox 2957 3355 3200 3420; x_wconf 87' lang='lat' dir='ltr'>nos,scd</span> <span class='ocrx_word' id='word_1_587' title='bbox 3232 3353 3349 3410; x_wconf 91' lang='lat' dir='ltr'>Deo</span> <span class='ocrx_word' id='word_1_588' title='bbox 3379 3357 3656 3427; x_wconf 87' lang='lat' dir='ltr'>operante</span> 
     </span>
    </p>
   </div>
   <div class='ocr_carea' id='block_1_82' title="bbox 2007 3442 3651 3515">
    <p class='ocr_par' dir='ltr' id='par_1_82' title="bbox 2007 3442 3651 3515">
     <span class='ocr_line' id='line_1_82' title="bbox 2007 3442 3651 3515; baseline 0.002 -19"><span class='ocrx_word' id='word_1_589' title='bbox 2007 3458 2406 3513; x_wconf 88' lang='lat' dir='ltr'>cooperamur,</span> <span class='ocrx_word' id='word_1_590' title='bbox 2433 3442 2572 3512; x_wconf 87' lang='lat' dir='ltr'>quia</span> <span class='ocrx_word' id='word_1_591' title='bbox 2604 3442 3001 3497; x_wconf 82' lang='lat' dir='ltr'>misericordia</span> <span class='ocrx_word' id='word_1_592' title='bbox 3033 3444 3161 3513; x_wconf 83' lang='lat' dir='ltr'>ejus</span> <span class='ocrx_word' id='word_1_593' title='bbox 3210 3443 3486 3515; x_wconf 65' lang='lat' dir='ltr'>praevenit</span> <span class='ocrx_word' id='word_1_594' title='bbox 3524 3461 3651 3501; x_wconf 87' lang='lat' dir='ltr'>nos.</span> 
     </span>
    </p>
   </div>
   <div class='ocr_carea' id='block_1_83' title="bbox 2009 3531 3655 3605">
    <p class='ocr_par' dir='ltr' id='par_1_83' title="bbox 2009 3531 3655 3605">
     <span class='ocr_line' id='line_1_83' title="bbox 2009 3531 3655 3605; baseline 0.002 -20"><span class='ocrx_word' id='word_1_595' title='bbox 2009 3531 2287 3585; x_wconf 75' lang='lat' dir='ltr'>Prmvenit</span> <span class='ocrx_word' id='word_1_596' title='bbox 2318 3534 2509 3585; x_wconf 81' lang='lat' dir='ltr'>autem</span> <span class='ocrx_word' id='word_1_597' title='bbox 2536 3536 2599 3584; x_wconf 88' lang='lat' dir='ltr'>ut</span> <span class='ocrx_word' id='word_1_598' title='bbox 2623 3547 2917 3597; x_wconf 81' lang='lat' dir='ltr'>sanemur,</span> <span class='ocrx_word' id='word_1_599' title='bbox 2937 3532 3072 3601; x_wconf 82' lang='lat' dir='ltr'>quia</span> <span class='ocrx_word' id='word_1_600' title='bbox 3091 3535 3146 3585; x_wconf 86' lang='lat' dir='ltr'>et</span> <span class='ocrx_word' id='word_1_601' title='bbox 3176 3532 3569 3605; x_wconf 74' lang='lat' dir='ltr'>subsequatur</span> <span class='ocrx_word' id='word_1_602' title='bbox 3588 3537 3655 3588; x_wconf 88' lang='lat' dir='ltr'>ut</span> 
     </span>
    </p>
   </div>
   <div class='ocr_carea' id='block_1_84' title="bbox 2007 3617 3656 3688">
    <p class='ocr_par' dir='ltr' id='par_1_84' title="bbox 2007 3617 3656 3688">
     <span class='ocr_line' id='line_1_84' title="bbox 2007 3617 3656 3688; baseline 0.002 -15"><span class='ocrx_word' id='word_1_603' title='bbox 2007 3620 2183 3674; x_wconf 86' lang='lat' dir='ltr'>etiam</span> <span class='ocrx_word' id='word_1_604' title='bbox 2212 3617 2400 3673; x_wconf 89' lang='lat' dir='ltr'>sanati</span> <span class='ocrx_word' id='word_1_605' title='bbox 2423 3622 2774 3687; x_wconf 81' lang='lat' dir='ltr'>vegetemur.</span> <span class='ocrx_word' id='word_1_606' title='bbox 2794 3618 3072 3672; x_wconf 74' lang='lat' dir='ltr'>Prmvenit</span> <span class='ocrx_word' id='word_1_607' title='bbox 3096 3622 3160 3672; x_wconf 91' lang='lat' dir='ltr'>ut</span> <span class='ocrx_word' id='word_1_608' title='bbox 3191 3634 3481 3688; x_wconf 88' lang='lat' dir='ltr'>vocemur,</span> <span class='ocrx_word' id='word_1_609' title='bbox 3509 3620 3656 3677; x_wconf 88' lang='lat' dir='ltr'>sub-</span> 
     </span>
    </p>
   </div>
   <div class='ocr_carea' id='block_1_85' title="bbox 2011 3706 3653 3780">
    <p class='ocr_par' dir='ltr' id='par_1_85' title="bbox 2011 3706 3653 3780">
     <span class='ocr_line' id='line_1_85' title="bbox 2011 3706 3653 3780; baseline 0.002 -18"><span class='ocrx_word' id='word_1_610' title='bbox 2011 3713 2285 3779; x_wconf 87' lang='lat' dir='ltr'>sequetur</span> <span class='ocrx_word' id='word_1_611' title='bbox 2313 3712 2377 3761; x_wconf 89' lang='lat' dir='ltr'>ut</span> <span class='ocrx_word' id='word_1_612' title='bbox 2397 3706 2812 3779; x_wconf 81' lang='lat' dir='ltr'>gloriticemur.</span> <span class='ocrx_word' id='word_1_613' title='bbox 2846 3706 3125 3762; x_wconf 71' lang='lat' dir='ltr'>Prazvenit</span> <span class='ocrx_word' id='word_1_614' title='bbox 3155 3712 3220 3762; x_wconf 90' lang='lat' dir='ltr'>ut</span> <span class='ocrx_word' id='word_1_615' title='bbox 3246 3707 3337 3779; x_wconf 91' lang='lat' dir='ltr'>pie</span> <span class='ocrx_word' id='word_1_616' title='bbox 3366 3709 3653 3780; x_wconf 84' lang='lat' dir='ltr'>vivamus,</span> 
     </span>
    </p>
   </div>
   <div class='ocr_carea' id='block_1_86' title="bbox 2011 3795 3654 3868">
    <p class='ocr_par' dir='ltr' id='par_1_86' title="bbox 2011 3795 3654 3868">
     <span class='ocr_line' id='line_1_86' title="bbox 2011 3795 3654 3868; baseline 0.002 -17"><span class='ocrx_word' id='word_1_617' title='bbox 2011 3798 2404 3867; x_wconf 74' lang='lat' dir='ltr'>subsequatur</span> <span class='ocrx_word' id='word_1_618' title='bbox 2435 3802 2496 3850; x_wconf 88' lang='lat' dir='ltr'>ut</span> <span class='ocrx_word' id='word_1_619' title='bbox 2516 3812 2648 3849; x_wconf 85' lang='lat' dir='ltr'>cum</span> <span class='ocrx_word' id='word_1_620' title='bbox 2675 3795 2771 3849; x_wconf 93' lang='lat' dir='ltr'>illo</span> <span class='ocrx_word' id='word_1_621' title='bbox 2792 3810 3023 3866; x_wconf 84' lang='lat' dir='ltr'>semper</span> <span class='ocrx_word' id='word_1_622' title='bbox 3050 3795 3343 3862; x_wconf 85' lang='lat' dir='ltr'>vivamus;</span> <span class='ocrx_word' id='word_1_623' title='bbox 3367 3796 3507 3868; x_wconf 87' lang='lat' dir='ltr'>quia</span> <span class='ocrx_word' id='word_1_624' title='bbox 3526 3796 3654 3854; x_wconf 86' lang='lat' dir='ltr'>sine</span> 
     </span>
    </p>
   </div>
   <div class='ocr_carea' id='block_1_87' title="bbox 2011 3882 3659 3956">
    <p class='ocr_par' dir='ltr' id='par_1_87' title="bbox 2011 3882 3659 3956">
     <span class='ocr_line' id='line_1_87' title="bbox 2011 3882 3659 3956; baseline -0.001 -15"><span class='ocrx_word' id='word_1_625' title='bbox 2011 3887 2110 3941; x_wconf 89' lang='lat' dir='ltr'>illo</span> <span class='ocrx_word' id='word_1_626' title='bbox 2134 3885 2278 3941; x_wconf 91' lang='lat' dir='ltr'>nihil</span> <span class='ocrx_word' id='word_1_627' title='bbox 2300 3887 2481 3940; x_wconf 86' lang='lat' dir='ltr'>facere</span> <span class='ocrx_word' id='word_1_628' title='bbox 2502 3900 2835 3956; x_wconf 87' lang='lat' dir='ltr'>possumus.</span> <span class='ocrx_word' id='word_1_629' title='bbox 2856 3882 3177 3954; x_wconf 80' lang='lat' dir='ltr'>Utrumque</span> <span class='ocrx_word' id='word_1_630' title='bbox 3192 3882 3348 3938; x_wconf 90' lang='lat' dir='ltr'>enim</span> <span class='ocrx_word' id='word_1_631' title='bbox 3372 3883 3659 3956; x_wconf 89' lang='lat' dir='ltr'>scriptum</span> 
     </span>
    </p>
   </div>
   <div class='ocr_carea' id='block_1_88' title="bbox 2013 3970 3663 4045">
    <p class='ocr_par' dir='ltr' id='par_1_88' title="bbox 2013 3970 3663 4045">
     <span class='ocr_line' id='line_1_88' title="bbox 2013 3970 3663 4045; baseline -0.001 -15"><span class='ocrx_word' id='word_1_632' title='bbox 2013 3981 2119 4041; x_wconf 86' lang='lat' dir='ltr'>est,</span> <span class='ocrx_word' id='word_1_633' title='bbox 2155 3980 2231 4039; x_wconf 90' lang='lat' dir='ltr'>et,</span> <span class='ocrx_word' id='word_1_634' title='bbox 2262 3996 2289 4023; x_wconf 86' lang='grc'><em>‹‹</em></span> <span class='ocrx_word' id='word_1_635' title='bbox 2321 3975 2471 4027; x_wconf 88' lang='lat' dir='ltr'>Deus</span> <span class='ocrx_word' id='word_1_636' title='bbox 2507 3989 2691 4038; x_wconf 88' lang='lat' dir='ltr'>meus,</span> <span class='ocrx_word' id='word_1_637' title='bbox 2728 3970 3127 4026; x_wconf 87' lang='lat' dir='ltr'>misericordia</span> <span class='ocrx_word' id='word_1_638' title='bbox 3174 3970 3301 4043; x_wconf 86' lang='lat' dir='ltr'>ejus</span> <span class='ocrx_word' id='word_1_639' title='bbox 3352 3971 3663 4045; x_wconf 64' lang='lat' dir='ltr'>praeveniet</span> 
     </span>
    </p>
   </div>
   <div class='ocr_carea' id='block_1_89' title="bbox 2019 4059 3664 4135">
    <p class='ocr_par' dir='ltr' id='par_1_89' title="bbox 2019 4059 3664 4135">
     <span class='ocr_line' id='line_1_89' title="bbox 2019 4059 3664 4135; baseline -0.001 -16"><span class='ocrx_word' id='word_1_640' title='bbox 2019 4090 2043 4114; x_wconf 93' lang='grc'>‹‹</span> <span class='ocrx_word' id='word_1_641' title='bbox 2081 4080 2174 4119; x_wconf 88' lang='lat' dir='ltr'>me</span> <span class='ocrx_word' id='word_1_642' title='bbox 2226 4064 2395 4135; x_wconf 81' lang='lat' dir='ltr'>(Psal.</span> <span class='ocrx_word' id='word_1_643' title='bbox 2448 4062 2635 4129; x_wconf 75' lang='lat' dir='ltr'>LVIII);</span> <span class='ocrx_word' id='word_1_644' title='bbox 2674 4084 2699 4109; x_wconf 86' lang='grc'>››</span> <span class='ocrx_word' id='word_1_645' title='bbox 2736 4065 2791 4116; x_wconf 92' lang='lat' dir='ltr'>et</span> <span class='ocrx_word' id='word_1_646' title='bbox 2826 4078 2836 4115; x_wconf 93' lang='lat'>:</span> <span class='ocrx_word' id='word_1_647' title='bbox 2876 4086 2896 4109; x_wconf 69' lang='grc' dir='ltr'>τι</span> <span class='ocrx_word' id='word_1_648' title='bbox 2936 4059 3335 4117; x_wconf 83' lang='lat' dir='ltr'>Misericordia</span> <span class='ocrx_word' id='word_1_649' title='bbox 3373 4065 3477 4118; x_wconf 86' lang='lat' dir='ltr'>tua</span> <span class='ocrx_word' id='word_1_650' title='bbox 3522 4062 3664 4119; x_wconf 87' lang='lat' dir='ltr'>sub-</span> 
     </span>
    </p>
   </div>
   <div class='ocr_carea' id='block_1_90' title="bbox 2020 4148 3671 4224">
    <p class='ocr_par' dir='ltr' id='par_1_90' title="bbox 2020 4148 3671 4224">
     <span class='ocr_line' id='line_1_90' title="bbox 2020 4148 3671 4224; baseline 0.002 -20"><span class='ocrx_word' id='word_1_651' title='bbox 2020 4178 2045 4204; x_wconf 74' lang='grc' dir='ltr'>α</span> <span class='ocrx_word' id='word_1_652' title='bbox 2080 4156 2357 4224; x_wconf 80' lang='lat' dir='ltr'>sequetur</span> <span class='ocrx_word' id='word_1_653' title='bbox 2408 4169 2498 4207; x_wconf 90' lang='lat' dir='ltr'>me</span> <span class='ocrx_word' id='word_1_654' title='bbox 2559 4166 2660 4222; x_wconf 89' lang='lat' dir='ltr'>per</span> <span class='ocrx_word' id='word_1_655' title='bbox 2716 4166 2919 4205; x_wconf 88' lang='lat' dir='ltr'>omnes</span> <span class='ocrx_word' id='word_1_656' title='bbox 2977 4148 3101 4205; x_wconf 89' lang='lat' dir='ltr'>dies</span> <span class='ocrx_word' id='word_1_657' title='bbox 3149 4150 3278 4206; x_wconf 65' lang='lat' dir='ltr'>vita&quot;:</span> <span class='ocrx_word' id='word_1_658' title='bbox 3325 4167 3465 4208; x_wconf 68' lang='lat' dir='ltr'>mea:</span> <span class='ocrx_word' id='word_1_659' title='bbox 3500 4151 3671 4224; x_wconf 77' lang='lat' dir='ltr'>(Psal.</span> 
     </span>
    </p>
   </div>
   <div class='ocr_carea' id='block_1_91' title="bbox 2022 4246 2301 4310">
    <p class='ocr_par' dir='ltr' id='par_1_91' title="bbox 2022 4246 2301 4310">
     <span class='ocr_line' id='line_1_91' title="bbox 2022 4246 2301 4310; baseline 0.014 -18"><span class='ocrx_word' id='word_1_660' title='bbox 2022 4265 2047 4292; x_wconf 87' lang='grc'><em>‹‹</em></span> <span class='ocrx_word' id='word_1_661' title='bbox 2082 4246 2240 4310; x_wconf 82' lang='lat' dir='ltr'>xxu).</span> <span class='ocrx_word' id='word_1_662' title='bbox 2281 4263 2301 4288; x_wconf 75' lang='grc' dir='ltr'><em>η</em></span> 
     </span>
    </p>
   </div>
   <div class='ocr_carea' id='block_1_92' title="bbox 2091 4328 3671 4400">
    <p class='ocr_par' dir='ltr' id='par_1_92' title="bbox 2091 4328 3671 4400">
     <span class='ocr_line' id='line_1_92' title="bbox 2091 4328 3671 4400; baseline -0.001 -13"><span class='ocrx_word' id='word_1_663' title='bbox 2091 4330 2285 4387; x_wconf 85' lang='lat' dir='ltr'>XVIII.</span> <span class='ocrx_word' id='word_1_664' title='bbox 2320 4329 2501 4400; x_wconf 67' lang='grc' dir='ltr'>(Ηνίιί.)</span> <span class='ocrx_word' id='word_1_665' title='bbox 2537 4328 2881 4385; x_wconf 81' lang='lat' dir='ltr'>Revelemus</span> <span class='ocrx_word' id='word_1_666' title='bbox 2915 4328 2985 4383; x_wconf 91' lang='lat' dir='ltr'>ad</span> <span class='ocrx_word' id='word_1_667' title='bbox 3019 4328 3336 4384; x_wconf 90' lang='lat' dir='ltr'>Dominum</span> <span class='ocrx_word' id='word_1_668' title='bbox 3385 4328 3539 4385; x_wconf 89' lang='lat' dir='ltr'>viam</span> <span class='ocrx_word' id='word_1_669' title='bbox 3570 4345 3671 4386; x_wconf 89' lang='lat' dir='ltr'>no-</span> 
     </span>
    </p>
   </div>
   <div class='ocr_carea' id='block_1_93' title="bbox 2023 4417 3669 4487">
    <p class='ocr_par' dir='ltr' id='par_1_93' title="bbox 2023 4417 3669 4487">
     <span class='ocr_line' id='line_1_93' title="bbox 2023 4417 3669 4487; baseline -0.002 -10"><span class='ocrx_word' id='word_1_670' title='bbox 2023 4427 2203 4478; x_wconf 88' lang='lat' dir='ltr'>stram</span> <span class='ocrx_word' id='word_1_671' title='bbox 2261 4418 2642 4487; x_wconf 78' lang='lat' dir='ltr'>confessione,</span> <span class='ocrx_word' id='word_1_672' title='bbox 2680 4435 2793 4474; x_wconf 90' lang='lat' dir='ltr'>non</span> <span class='ocrx_word' id='word_1_673' title='bbox 2840 4417 3178 4474; x_wconf 88' lang='lat' dir='ltr'>defensione</span> <span class='ocrx_word' id='word_1_674' title='bbox 3226 4417 3557 4473; x_wconf 88' lang='lat' dir='ltr'>laudemus.</span> <span class='ocrx_word' id='word_1_675' title='bbox 3607 4417 3669 4473; x_wconf 89' lang='lat' dir='ltr'>Si</span> 
     </span>
    </p>
   </div>
   <div class='ocr_carea' id='block_1_94' title="bbox 2022 4505 3672 4583">
    <p class='ocr_par' dir='ltr' id='par_1_94' title="bbox 2022 4505 3672 4583">
     <span class='ocr_line' id='line_1_94' title="bbox 2022 4505 3672 4583; baseline -0.002 -18"><span class='ocrx_word' id='word_1_676' title='bbox 2022 4510 2177 4566; x_wconf 89' lang='lat' dir='ltr'>enim</span> <span class='ocrx_word' id='word_1_677' title='bbox 2214 4526 2327 4564; x_wconf 88' lang='lat' dir='ltr'>non</span> <span class='ocrx_word' id='word_1_678' title='bbox 2361 4512 2451 4583; x_wconf 78' lang='lat' dir='ltr'>est</span> <span class='ocrx_word' id='word_1_679' title='bbox 2480 4508 2665 4580; x_wconf 87' lang='lat' dir='ltr'>ipsius</span> <span class='ocrx_word' id='word_1_680' title='bbox 2696 4507 2806 4573; x_wconf 84' lang='lat' dir='ltr'>via,</span> <span class='ocrx_word' id='word_1_681' title='bbox 2841 4507 2943 4562; x_wconf 88' lang='lat' dir='ltr'>sed</span> <span class='ocrx_word' id='word_1_682' title='bbox 2994 4510 3218 4574; x_wconf 89' lang='lat' dir='ltr'>nostra,</span> <span class='ocrx_word' id='word_1_683' title='bbox 3242 4505 3444 4578; x_wconf 92' lang='lat' dir='ltr'>procul</span> <span class='ocrx_word' id='word_1_684' title='bbox 3493 4505 3672 4562; x_wconf 88' lang='lat' dir='ltr'>dubio</span> 
     </span>
    </p>
   </div>
   <div class='ocr_carea' id='block_1_95' title="bbox 249 4594 3670 4676">
    <p class='ocr_par' dir='ltr' id='par_1_95' title="bbox 249 4594 3670 4676">
     <span class='ocr_line' id='line_1_95' title="bbox 249 4594 3670 4676; baseline -0.001 -22"><span class='ocrx_word' id='word_1_685' title='bbox 249 4599 356 4654; x_wconf 83' lang='lat' dir='ltr'>sed</span> <span class='ocrx_word' id='word_1_686' title='bbox 376 4615 445 4652; x_wconf 83' lang='lat' dir='ltr'>ex</span> <span class='ocrx_word' id='word_1_687' title='bbox 466 4596 631 4654; x_wconf 88' lang='lat' dir='ltr'>illius</span> <span class='ocrx_word' id='word_1_688' title='bbox 651 4598 864 4670; x_wconf 90' lang='lat' dir='ltr'>opibus</span> <span class='ocrx_word' id='word_1_689' title='bbox 886 4598 982 4669; x_wconf 88' lang='lat' dir='ltr'>qui</span> <span class='ocrx_word' id='word_1_690' title='bbox 1010 4603 1164 4654; x_wconf 88' lang='lat' dir='ltr'>creat</span> <span class='ocrx_word' id='word_1_691' title='bbox 1187 4600 1385 4655; x_wconf 88' lang='lat' dir='ltr'>omnia</span> <span class='ocrx_word' id='word_1_692' title='bbox 1403 4603 1729 4657; x_wconf 89' lang='lat' dir='ltr'>necessaria</span> <span class='ocrx_word' id='word_1_693' title='bbox 1752 4603 1910 4659; x_wconf 85' lang='lat' dir='ltr'>sanis</span> <span class='ocrx_word' id='word_1_694' title='bbox 1940 4610 1987 4676; x_wconf 80' lang='lat'>1)</span> <span class='ocrx_word' id='word_1_695' title='bbox 2022 4617 2135 4655; x_wconf 91' lang='lat' dir='ltr'>non</span> <span class='ocrx_word' id='word_1_696' title='bbox 2172 4603 2259 4655; x_wconf 88' lang='lat' dir='ltr'>est</span> <span class='ocrx_word' id='word_1_697' title='bbox 2290 4602 2465 4653; x_wconf 88' lang='lat' dir='ltr'>recta.</span> <span class='ocrx_word' id='word_1_698' title='bbox 2493 4596 2832 4653; x_wconf 77' lang='lat' dir='ltr'>Revelcmus</span> <span class='ocrx_word' id='word_1_699' title='bbox 2856 4612 2983 4650; x_wconf 87' lang='lat' dir='ltr'>eam</span> <span class='ocrx_word' id='word_1_700' title='bbox 3013 4595 3364 4663; x_wconf 80' lang='lat' dir='ltr'>confitendo,</span> <span class='ocrx_word' id='word_1_701' title='bbox 3385 4594 3523 4667; x_wconf 88' lang='lat' dir='ltr'>quia</span> <span class='ocrx_word' id='word_1_702' title='bbox 3552 4611 3670 4652; x_wconf 89' lang='lat' dir='ltr'>non</span> 
     </span>
    </p>
   </div>
   <div class='ocr_carea' id='block_1_96' title="bbox 248 4686 1906 4760">
    <p class='ocr_par' dir='ltr' id='par_1_96' title="bbox 248 4686 1906 4760">
     <span class='ocr_line' id='line_1_96' title="bbox 248 4686 1906 4760; baseline 0.004 -20"><span class='ocrx_word' id='word_1_703' title='bbox 248 4691 434 4756; x_wconf 81' lang='lat' dir='ltr'>atque</span> <span class='ocrx_word' id='word_1_704' title='bbox 463 4686 713 4742; x_wconf 86' lang='lat' dir='ltr'>vitiosis.</span> <span class='ocrx_word' id='word_1_705' title='bbox 739 4688 869 4758; x_wconf 90' lang='lat' dir='ltr'>Ipse</span> <span class='ocrx_word' id='word_1_706' title='bbox 906 4690 1104 4743; x_wconf 90' lang='lat' dir='ltr'>autem</span> <span class='ocrx_word' id='word_1_707' title='bbox 1137 4688 1311 4753; x_wconf 90' lang='lat' dir='ltr'>Deus,</span> <span class='ocrx_word' id='word_1_708' title='bbox 1344 4705 1475 4743; x_wconf 90' lang='lat' dir='ltr'>cum</span> <span class='ocrx_word' id='word_1_709' title='bbox 1531 4704 1635 4760; x_wconf 85' lang='lat' dir='ltr'>per</span> <span class='ocrx_word' id='word_1_710' title='bbox 1685 4691 1906 4747; x_wconf 89' lang='lat' dir='ltr'>media-</span> 
     </span>
    </p>
   </div>
   <div class='ocr_carea' id='block_1_97' title="bbox 248 4773 1907 4835">
    <p class='ocr_par' dir='ltr' id='par_1_97' title="bbox 248 4773 1907 4835">
     <span class='ocr_line' id='line_1_97' title="bbox 248 4773 1907 4835; baseline 0.004 -6"><span class='ocrx_word' id='word_1_711' title='bbox 248 4782 445 4829; x_wconf 85' lang='lat' dir='ltr'>torem</span> <span class='ocrx_word' id='word_1_712' title='bbox 481 4774 581 4829; x_wconf 87' lang='lat' dir='ltr'>Dei</span> <span class='ocrx_word' id='word_1_713' title='bbox 609 4779 666 4829; x_wconf 90' lang='lat' dir='ltr'>et</span> <span class='ocrx_word' id='word_1_714' title='bbox 696 4773 1003 4830; x_wconf 87' lang='lat' dir='ltr'>hominum</span> <span class='ocrx_word' id='word_1_715' title='bbox 1035 4775 1333 4831; x_wconf 89' lang='lat' dir='ltr'>hominem</span> <span class='ocrx_word' id='word_1_716' title='bbox 1365 4777 1563 4833; x_wconf 88' lang='lat' dir='ltr'>Jesum</span> <span class='ocrx_word' id='word_1_717' title='bbox 1610 4778 1907 4835; x_wconf 89' lang='lat' dir='ltr'>Christum</span> 
     </span>
    </p>
   </div>
   <div class='ocr_carea' id='block_1_98' title="bbox 246 4862 1907 4935">
    <p class='ocr_par' dir='ltr' id='par_1_98' title="bbox 246 4862 1907 4935">
     <span class='ocr_line' id='line_1_98' title="bbox 246 4862 1907 4935; baseline 0.003 -17"><span class='ocrx_word' id='word_1_718' title='bbox 246 4862 585 4934; x_wconf 85' lang='lat' dir='ltr'>spiritalem</span> <span class='ocrx_word' id='word_1_719' title='bbox 620 4867 787 4918; x_wconf 88' lang='lat' dir='ltr'>sanat</span> <span class='ocrx_word' id='word_1_720' title='bbox 818 4880 1057 4935; x_wconf 63' lang='lat' dir='ltr'>aegrum,</span> <span class='ocrx_word' id='word_1_721' title='bbox 1090 4862 1178 4919; x_wconf 83' lang='lat' dir='ltr'>vel</span> <span class='ocrx_word' id='word_1_722' title='bbox 1207 4865 1459 4921; x_wconf 83' lang='lat' dir='ltr'>viviﬁcat</span> <span class='ocrx_word' id='word_1_723' title='bbox 1504 4872 1822 4935; x_wconf 90' lang='lat' dir='ltr'>mortuum,</span> <span class='ocrx_word' id='word_1_724' title='bbox 1852 4870 1907 4924; x_wconf 92' lang='lat' dir='ltr'>id</span> 
     </span>
    </p>
   </div>
   <div class='ocr_carea' id='block_1_99' title="bbox 248 4951 1909 5026">
    <p class='ocr_par' dir='ltr' id='par_1_99' title="bbox 248 4951 1909 5026">
     <span class='ocr_line' id='line_1_99' title="bbox 248 4951 1909 5026; baseline 0.003 -19"><span class='ocrx_word' id='word_1_725' title='bbox 248 4955 346 5007; x_wconf 77' lang='lat' dir='ltr'>est</span> <span class='ocrx_word' id='word_1_726' title='bbox 369 4951 664 5021; x_wconf 83' lang='lat' dir='ltr'>justiﬁcat</span> <span class='ocrx_word' id='word_1_727' title='bbox 692 4951 964 5023; x_wconf 87' lang='lat' dir='ltr'>impium,</span> <span class='ocrx_word' id='word_1_728' title='bbox 997 4958 1054 5008; x_wconf 91' lang='lat' dir='ltr'>et</span> <span class='ocrx_word' id='word_1_729' title='bbox 1080 4969 1215 5009; x_wconf 91' lang='lat' dir='ltr'>cum</span> <span class='ocrx_word' id='word_1_730' title='bbox 1250 4955 1319 5009; x_wconf 89' lang='lat' dir='ltr'>ad</span> <span class='ocrx_word' id='word_1_731' title='bbox 1352 4956 1663 5026; x_wconf 85' lang='lat' dir='ltr'>perfectam</span> <span class='ocrx_word' id='word_1_732' title='bbox 1689 4958 1909 5012; x_wconf 82' lang='lat' dir='ltr'>sanita-</span> 
     </span>
    </p>
   </div>
   <div class='ocr_carea' id='block_1_100' title="bbox 250 5040 1909 5118">
    <p class='ocr_par' dir='ltr' id='par_1_100' title="bbox 250 5040 1909 5118">
     <span class='ocr_line' id='line_1_100' title="bbox 250 5040 1909 5118; baseline 0.004 -23"><span class='ocrx_word' id='word_1_733' title='bbox 250 5046 399 5106; x_wconf 87' lang='lat' dir='ltr'>tem,</span> <span class='ocrx_word' id='word_1_734' title='bbox 432 5040 543 5094; x_wconf 89' lang='lat' dir='ltr'>hoc</span> <span class='ocrx_word' id='word_1_735' title='bbox 573 5043 664 5094; x_wconf 91' lang='lat' dir='ltr'>est</span> <span class='ocrx_word' id='word_1_736' title='bbox 691 5040 766 5094; x_wconf 88' lang='lat' dir='ltr'>ad</span> <span class='ocrx_word' id='word_1_737' title='bbox 799 5041 1111 5112; x_wconf 88' lang='lat' dir='ltr'>perfectam</span> <span class='ocrx_word' id='word_1_738' title='bbox 1144 5040 1323 5097; x_wconf 90' lang='lat' dir='ltr'>vitam</span> <span class='ocrx_word' id='word_1_739' title='bbox 1348 5044 1761 5117; x_wconf 86' lang='lat' dir='ltr'>justitiamque</span> <span class='ocrx_word' id='word_1_740' title='bbox 1783 5063 1909 5118; x_wconf 88' lang='lat' dir='ltr'>pcr-</span> 
     </span>
    </p>
   </div>
   <div class='ocr_carea' id='block_1_101' title="bbox 240 5127 1914 5206">
    <p class='ocr_par' dir='ltr' id='par_1_101' title="bbox 240 5127 1914 5206">
     <span class='ocr_line' id='line_1_101' title="bbox 240 5127 1914 5206; baseline 0.002 -21"><span class='ocrx_word' id='word_1_741' title='bbox 240 5127 506 5196; x_wconf 72' lang='lat' dir='ltr'>duxerit,</span> <span class='ocrx_word' id='word_1_742' title='bbox 524 5145 641 5184; x_wconf 90' lang='lat' dir='ltr'>non</span> <span class='ocrx_word' id='word_1_743' title='bbox 667 5128 971 5197; x_wconf 87' lang='lat' dir='ltr'>deserit,si</span> <span class='ocrx_word' id='word_1_744' title='bbox 995 5147 1108 5184; x_wconf 92' lang='lat' dir='ltr'>non</span> <span class='ocrx_word' id='word_1_745' title='bbox 1136 5132 1455 5199; x_wconf 88' lang='lat' dir='ltr'>deseratur,</span> <span class='ocrx_word' id='word_1_746' title='bbox 1476 5137 1539 5187; x_wconf 88' lang='lat' dir='ltr'>ut</span> <span class='ocrx_word' id='word_1_747' title='bbox 1559 5134 1651 5205; x_wconf 91' lang='lat' dir='ltr'>pie</span> <span class='ocrx_word' id='word_1_748' title='bbox 1682 5151 1914 5206; x_wconf 88' lang='lat' dir='ltr'>semper</span> 
     </span>
    </p>
   </div>
   <div class='ocr_carea' id='block_1_102' title="bbox 227 5218 1904 5294">
    <p class='ocr_par' dir='ltr' id='par_1_102' title="bbox 227 5218 1904 5294">
     <span class='ocr_line' id='line_1_102' title="bbox 227 5218 1904 5294; baseline 0 -17"><span class='ocrx_word' id='word_1_749' title='bbox 227 5223 528 5293; x_wconf 78' lang='lat' dir='ltr'>justeque</span> <span class='ocrx_word' id='word_1_750' title='bbox 554 5218 805 5274; x_wconf 87' lang='lat' dir='ltr'>vivatur.</span> <span class='ocrx_word' id='word_1_751' title='bbox 821 5218 986 5274; x_wconf 89' lang='lat' dir='ltr'>Sicut</span> <span class='ocrx_word' id='word_1_752' title='bbox 1011 5218 1167 5275; x_wconf 89' lang='lat' dir='ltr'>enim</span> <span class='ocrx_word' id='word_1_753' title='bbox 1197 5219 1400 5275; x_wconf 89' lang='lat' dir='ltr'>oculus</span> <span class='ocrx_word' id='word_1_754' title='bbox 1431 5223 1710 5294; x_wconf 86' lang='lat' dir='ltr'>corporis,</span> <span class='ocrx_word' id='word_1_755' title='bbox 1731 5222 1904 5278; x_wconf 89' lang='lat' dir='ltr'>etiam</span> 
     </span>
    </p>
   </div>
   <div class='ocr_carea' id='block_1_103' title="bbox 236 5307 1905 5383">
    <p class='ocr_par' dir='ltr' id='par_1_103' title="bbox 236 5307 1905 5383">
     <span class='ocr_line' id='line_1_103' title="bbox 236 5307 1905 5383; baseline 0.001 -19"><span class='ocrx_word' id='word_1_756' title='bbox 236 5308 600 5383; x_wconf 86' lang='lat' dir='ltr'>plenissime</span> <span class='ocrx_word' id='word_1_757' title='bbox 632 5324 837 5375; x_wconf 87' lang='lat' dir='ltr'>sanus,</span> <span class='ocrx_word' id='word_1_758' title='bbox 874 5307 986 5362; x_wconf 86' lang='lat' dir='ltr'>nisi</span> <span class='ocrx_word' id='word_1_759' title='bbox 1014 5309 1266 5365; x_wconf 90' lang='lat' dir='ltr'>candore</span> <span class='ocrx_word' id='word_1_760' title='bbox 1304 5308 1452 5367; x_wconf 85' lang='lat' dir='ltr'>lucis</span> <span class='ocrx_word' id='word_1_761' title='bbox 1504 5311 1765 5381; x_wconf 85' lang='lat' dir='ltr'>adjutus,</span> <span class='ocrx_word' id='word_1_762' title='bbox 1792 5328 1905 5366; x_wconf 89' lang='lat' dir='ltr'>non</span> 
     </span>
    </p>
   </div>
   <div class='ocr_carea' id='block_1_104' title="bbox 234 5396 1907 5471">
    <p class='ocr_par' dir='ltr' id='par_1_104' title="bbox 234 5396 1907 5471">
     <span class='ocr_line' id='line_1_104' title="bbox 234 5396 1907 5471; baseline 0 -17"><span class='ocrx_word' id='word_1_763' title='bbox 234 5401 451 5471; x_wconf 83' lang='lat' dir='ltr'>potest</span> <span class='ocrx_word' id='word_1_764' title='bbox 482 5413 739 5464; x_wconf 89' lang='lat' dir='ltr'>cernere,</span> <span class='ocrx_word' id='word_1_765' title='bbox 774 5396 857 5452; x_wconf 89' lang='lat' dir='ltr'>sic</span> <span class='ocrx_word' id='word_1_766' title='bbox 890 5396 1062 5454; x_wconf 89' lang='lat' dir='ltr'>homo</span> <span class='ocrx_word' id='word_1_767' title='bbox 1093 5399 1269 5454; x_wconf 89' lang='lat' dir='ltr'>etiam</span> <span class='ocrx_word' id='word_1_768' title='bbox 1294 5398 1907 5471; x_wconf 83' lang='lat' dir='ltr'>perfectissimejusti-</span> 
     </span>
    </p>
   </div>
   <div class='ocr_carea' id='block_1_105' title="bbox 232 5486 1909 5558">
    <p class='ocr_par' dir='ltr' id='par_1_105' title="bbox 232 5486 1909 5558">
     <span class='ocr_line' id='line_1_105' title="bbox 232 5486 1909 5558; baseline 0 -14"><span class='ocrx_word' id='word_1_769' title='bbox 232 5488 491 5555; x_wconf 72' lang='lat' dir='ltr'>ﬁculna,</span> <span class='ocrx_word' id='word_1_770' title='bbox 522 5486 637 5541; x_wconf 90' lang='lat' dir='ltr'>nisi</span> <span class='ocrx_word' id='word_1_771' title='bbox 669 5490 887 5542; x_wconf 67' lang='lat' dir='ltr'>aeterna</span> <span class='ocrx_word' id='word_1_772' title='bbox 918 5486 1045 5543; x_wconf 87' lang='lat' dir='ltr'>luce</span> <span class='ocrx_word' id='word_1_773' title='bbox 1076 5488 1358 5543; x_wconf 86' lang='lat' dir='ltr'>divinitus</span> <span class='ocrx_word' id='word_1_774' title='bbox 1397 5489 1722 5558; x_wconf 87' lang='lat' dir='ltr'>adjuvetur,</span> <span class='ocrx_word' id='word_1_775' title='bbox 1757 5492 1909 5544; x_wconf 90' lang='lat' dir='ltr'>recte</span> 
     </span>
    </p>
   </div>
   <div class='ocr_carea' id='block_1_106' title="bbox 233 5575 842 5647">
    <p class='ocr_par' dir='ltr' id='par_1_106' title="bbox 233 5575 842 5647">
     <span class='ocr_line' id='line_1_106' title="bbox 233 5575 842 5647; baseline -0.005 -14"><span class='ocrx_word' id='word_1_776' title='bbox 233 5593 375 5633; x_wconf 86' lang='lat' dir='ltr'>non</span> <span class='ocrx_word' id='word_1_777' title='bbox 412 5579 600 5647; x_wconf 89' lang='lat' dir='ltr'>potest</span> <span class='ocrx_word' id='word_1_778' title='bbox 629 5575 842 5631; x_wconf 87' lang='lat' dir='ltr'>vivere.</span> 
     </span>
    </p>
   </div>
   <div class='ocr_carea' id='block_1_107' title="bbox 318 5663 1909 5739">
    <p class='ocr_par' dir='ltr' id='par_1_107' title="bbox 318 5663 1909 5739">
     <span class='ocr_line' id='line_1_107' title="bbox 318 5663 1909 5739; baseline 0.001 -17"><span class='ocrx_word' id='word_1_779' title='bbox 318 5663 474 5722; x_wconf 75' lang='lat' dir='ltr'>XIV.</span> <span class='ocrx_word' id='word_1_780' title='bbox 519 5667 674 5736; x_wconf 85' lang='lat' dir='ltr'>(Cap.</span> <span class='ocrx_word' id='word_1_781' title='bbox 738 5667 852 5733; x_wconf 85' lang='lat'>2‘7.)</span> <span class='ocrx_word' id='word_1_782' title='bbox 913 5665 1150 5739; x_wconf 87' lang='lat' dir='ltr'>Propter</span> <span class='ocrx_word' id='word_1_783' title='bbox 1213 5665 1569 5723; x_wconf 87' lang='lat' dir='ltr'>voluntatem</span> <span class='ocrx_word' id='word_1_784' title='bbox 1629 5671 1909 5736; x_wconf 87' lang='lat' dir='ltr'>nostram,</span> 
     </span>
    </p>
   </div>
   <div class='ocr_carea' id='block_1_108' title="bbox 2019 4686 3667 4758">
    <p class='ocr_par' dir='ltr' id='par_1_108' title="bbox 2019 4686 3667 4758">
     <span class='ocr_line' id='line_1_108' title="bbox 2019 4686 3667 4758; baseline -0.004 -12"><span class='ocrx_word' id='word_1_785' title='bbox 2019 4706 2154 4746; x_wconf 89' lang='lat' dir='ltr'>eum</span> <span class='ocrx_word' id='word_1_786' title='bbox 2214 4689 2367 4755; x_wconf 82' lang='lat' dir='ltr'>latet,</span> <span class='ocrx_word' id='word_1_787' title='bbox 2404 4688 2629 4743; x_wconf 84' lang='lat' dir='ltr'>etiamsi</span> <span class='ocrx_word' id='word_1_788' title='bbox 2694 4686 2914 4758; x_wconf 86' lang='lat' dir='ltr'>operire</span> <span class='ocrx_word' id='word_1_789' title='bbox 2974 4701 3252 4740; x_wconf 89' lang='lat' dir='ltr'>conemur</span> <span class='ocrx_word' id='word_1_790' title='bbox 3281 4686 3435 4757; x_wconf 86' lang='lat' dir='ltr'>(Cap.</span> <span class='ocrx_word' id='word_1_791' title='bbox 3468 4686 3667 4755; x_wconf 75' lang='lat' dir='ltr'>xxxii).</span> 
     </span>
    </p>
   </div>
   <div class='ocr_carea' id='block_1_109' title="bbox 2020 4774 3668 4846">
    <p class='ocr_par' dir='ltr' id='par_1_109' title="bbox 2020 4774 3668 4846">
     <span class='ocr_line' id='line_1_109' title="bbox 2020 4774 3668 4846; baseline -0.004 -10"><span class='ocrx_word' id='word_1_792' title='bbox 2020 4782 2246 4836; x_wconf 87' lang='lat' dir='ltr'>Bonum</span> <span class='ocrx_word' id='word_1_793' title='bbox 2280 4784 2366 4834; x_wconf 87' lang='lat' dir='ltr'>est</span> <span class='ocrx_word' id='word_1_794' title='bbox 2399 4780 2590 4832; x_wconf 88' lang='lat' dir='ltr'>autem</span> <span class='ocrx_word' id='word_1_795' title='bbox 2623 4774 2884 4831; x_wconf 75' lang='lat' dir='ltr'>confiteri</span> <span class='ocrx_word' id='word_1_796' title='bbox 2919 4774 3185 4829; x_wconf 90' lang='lat' dir='ltr'>Domino.</span> <span class='ocrx_word' id='word_1_797' title='bbox 3208 4774 3294 4830; x_wconf 89' lang='lat' dir='ltr'>Ita</span> <span class='ocrx_word' id='word_1_798' title='bbox 3323 4774 3479 4831; x_wconf 89' lang='lat' dir='ltr'>enim</span> <span class='ocrx_word' id='word_1_799' title='bbox 3514 4774 3668 4846; x_wconf 89' lang='lat' dir='ltr'>quod</span> 
     </span>
    </p>
   </div>
   <div class='ocr_carea' id='block_1_110' title="bbox 2021 4862 3666 4941">
    <p class='ocr_par' dir='ltr' id='par_1_110' title="bbox 2021 4862 3666 4941">
     <span class='ocr_line' id='line_1_110' title="bbox 2021 4862 3666 4941; baseline -0.004 -16"><span class='ocrx_word' id='word_1_800' title='bbox 2021 4870 2071 4925; x_wconf 91' lang='lat' dir='ltr'>ei</span> <span class='ocrx_word' id='word_1_801' title='bbox 2102 4869 2290 4941; x_wconf 85' lang='lat' dir='ltr'>placet</span> <span class='ocrx_word' id='word_1_802' title='bbox 2319 4867 2479 4921; x_wconf 84' lang='lat' dir='ltr'>dabit</span> <span class='ocrx_word' id='word_1_803' title='bbox 2508 4866 2696 4931; x_wconf 86' lang='lat' dir='ltr'>nobis,</span> <span class='ocrx_word' id='word_1_804' title='bbox 2733 4866 2780 4919; x_wconf 91' lang='lat' dir='ltr'>si</span> <span class='ocrx_word' id='word_1_805' title='bbox 2816 4865 2969 4936; x_wconf 86' lang='lat' dir='ltr'>quod</span> <span class='ocrx_word' id='word_1_806' title='bbox 3002 4864 3049 4919; x_wconf 89' lang='lat' dir='ltr'>ei</span> <span class='ocrx_word' id='word_1_807' title='bbox 3087 4862 3357 4936; x_wconf 81' lang='lat' dir='ltr'>displicet</span> <span class='ocrx_word' id='word_1_808' title='bbox 3387 4864 3446 4918; x_wconf 93' lang='lat' dir='ltr'>in</span> <span class='ocrx_word' id='word_1_809' title='bbox 3477 4862 3666 4928; x_wconf 85' lang='lat' dir='ltr'>nobis,</span> 
     </span>
    </p>
   </div>
   <div class='ocr_carea' id='block_1_111' title="bbox 2021 4952 3666 5029">
    <p class='ocr_par' dir='ltr' id='par_1_111' title="bbox 2021 4952 3666 5029">
     <span class='ocr_line' id='line_1_111' title="bbox 2021 4952 3666 5029; baseline -0.006 -15"><span class='ocrx_word' id='word_1_810' title='bbox 2021 4957 2325 5029; x_wconf 87' lang='lat' dir='ltr'>displiceat</span> <span class='ocrx_word' id='word_1_811' title='bbox 2356 4961 2413 5010; x_wconf 89' lang='lat' dir='ltr'>et</span> <span class='ocrx_word' id='word_1_812' title='bbox 2443 4954 2629 5010; x_wconf 88' lang='lat' dir='ltr'>nobis.</span> <span class='ocrx_word' id='word_1_813' title='bbox 2669 4978 2693 5003; x_wconf 76' lang='grc' dir='ltr'>ι(</span> <span class='ocrx_word' id='word_1_814' title='bbox 2727 4958 2975 5020; x_wconf 82' lang='lat' dir='ltr'>Avertet,</span> <span class='ocrx_word' id='word_1_815' title='bbox 2999 4978 3023 5003; x_wconf 75' lang='grc' dir='ltr'><strong>ν</strong></span> <span class='ocrx_word' id='word_1_816' title='bbox 3061 4955 3215 5009; x_wconf 87' lang='lat' dir='ltr'>sicut</span> <span class='ocrx_word' id='word_1_817' title='bbox 3243 4953 3525 5024; x_wconf 90' lang='lat' dir='ltr'>scriptum</span> <span class='ocrx_word' id='word_1_818' title='bbox 3557 4952 3666 5016; x_wconf 85' lang='lat' dir='ltr'>est,</span> 
     </span>
    </p>
   </div>
   <div class='ocr_carea' id='block_1_112' title="bbox 2027 5039 3671 5109">
    <p class='ocr_par' dir='ltr' id='par_1_112' title="bbox 2027 5039 3671 5109">
     <span class='ocr_line' id='line_1_112' title="bbox 2027 5039 3671 5109; baseline -0.006 -7"><span class='ocrx_word' id='word_1_819' title='bbox 2027 5046 2317 5102; x_wconf 75' lang='lat' dir='ltr'>«semitas</span> <span class='ocrx_word' id='word_1_820' title='bbox 2340 5048 2567 5100; x_wconf 87' lang='lat' dir='ltr'>nostras</span> <span class='ocrx_word' id='word_1_821' title='bbox 2592 5060 2625 5098; x_wconf 89' lang='lat' dir='ltr'>a</span> <span class='ocrx_word' id='word_1_822' title='bbox 2656 5045 2747 5098; x_wconf 86' lang='lat' dir='ltr'>via</span> <span class='ocrx_word' id='word_1_823' title='bbox 2778 5060 2904 5109; x_wconf 85' lang='lat' dir='ltr'>sua,</span> <span class='ocrx_word' id='word_1_824' title='bbox 2923 5066 2949 5091; x_wconf 78' lang='grc'><strong>››</strong></span> <span class='ocrx_word' id='word_1_825' title='bbox 2984 5048 3042 5097; x_wconf 90' lang='lat' dir='ltr'>et</span> <span class='ocrx_word' id='word_1_826' title='bbox 3074 5046 3333 5097; x_wconf 88' lang='lat' dir='ltr'>nostram</span> <span class='ocrx_word' id='word_1_827' title='bbox 3359 5039 3671 5094; x_wconf 87' lang='lat' dir='ltr'>facietesse</span> 
     </span>
    </p>
   </div>
   <div class='ocr_carea' id='block_1_113' title="bbox 2024 5123 3671 5207">
    <p class='ocr_par' dir='ltr' id='par_1_113' title="bbox 2024 5123 3671 5207">
     <span class='ocr_line' id='line_1_113' title="bbox 2024 5123 3671 5207; baseline -0.004 -18"><span class='ocrx_word' id='word_1_828' title='bbox 2024 5152 2148 5207; x_wconf 71' lang='lat' dir='ltr'>qua:</span> <span class='ocrx_word' id='word_1_829' title='bbox 2172 5152 2277 5191; x_wconf 89' lang='lat' dir='ltr'>sua</span> <span class='ocrx_word' id='word_1_830' title='bbox 2310 5138 2419 5201; x_wconf 88' lang='lat' dir='ltr'>est,</span> <span class='ocrx_word' id='word_1_831' title='bbox 2443 5133 2719 5204; x_wconf 70' lang='lat' dir='ltr'>qﬂoniani</span> <span class='ocrx_word' id='word_1_832' title='bbox 2748 5132 2816 5186; x_wconf 89' lang='lat' dir='ltr'>ab</span> <span class='ocrx_word' id='word_1_833' title='bbox 2844 5132 2855 5184; x_wconf 88' lang='lat' dir='ltr'>i</span> <span class='ocrx_word' id='word_1_834' title='bbox 2865 5149 2966 5204; x_wconf 87' lang='lat' dir='ltr'>pse</span> <span class='ocrx_word' id='word_1_835' title='bbox 2990 5131 3281 5203; x_wconf 71' lang='lat' dir='ltr'>prwbetur</span> <span class='ocrx_word' id='word_1_836' title='bbox 3298 5123 3671 5183; x_wconf 86' lang='lat' dir='ltr'>credentibus</span> 
     </span>
    </p>
   </div>
   <div class='ocr_carea' id='block_1_114' title="bbox 2016 5213 3502 5294">
    <p class='ocr_par' dir='ltr' id='par_1_114' title="bbox 2016 5213 3502 5294">
     <span class='ocr_line' id='line_1_114' title="bbox 2016 5213 3502 5294; baseline -0.007 -15"><span class='ocrx_word' id='word_1_837' title='bbox 2016 5226 2073 5279; x_wconf 90' lang='lat' dir='ltr'>in</span> <span class='ocrx_word' id='word_1_838' title='bbox 2106 5242 2239 5280; x_wconf 90' lang='lat' dir='ltr'>eum</span> <span class='ocrx_word' id='word_1_839' title='bbox 2272 5230 2329 5279; x_wconf 88' lang='lat' dir='ltr'>et</span> <span class='ocrx_word' id='word_1_840' title='bbox 2358 5222 2735 5294; x_wconf 88' lang='lat' dir='ltr'>sperantibus</span> <span class='ocrx_word' id='word_1_841' title='bbox 2771 5222 2830 5275; x_wconf 91' lang='lat' dir='ltr'>in</span> <span class='ocrx_word' id='word_1_842' title='bbox 2862 5236 3018 5287; x_wconf 88' lang='lat' dir='ltr'>eum,</span> <span class='ocrx_word' id='word_1_843' title='bbox 3053 5222 3121 5273; x_wconf 93' lang='lat' dir='ltr'>ut</span> <span class='ocrx_word' id='word_1_844' title='bbox 3150 5218 3275 5289; x_wconf 90' lang='lat' dir='ltr'>ipse</span> <span class='ocrx_word' id='word_1_845' title='bbox 3306 5213 3502 5271; x_wconf 86' lang='lat' dir='ltr'>faciat.</span> 
     </span>
    </p>
   </div>
   <div class='ocr_carea' id='block_1_115' title="bbox 2088 5302 3673 5383">
    <p class='ocr_par' dir='ltr' id='par_1_115' title="bbox 2088 5302 3673 5383">
     <span class='ocr_line' id='line_1_115' title="bbox 2088 5302 3673 5383; baseline -0.003 -17"><span class='ocrx_word' id='word_1_846' title='bbox 2088 5312 2225 5368; x_wconf 82' lang='lat' dir='ltr'>XIX.</span> <span class='ocrx_word' id='word_1_847' title='bbox 2261 5314 2420 5383; x_wconf 75' lang='lat' dir='ltr'>(Cap.</span> <span class='ocrx_word' id='word_1_848' title='bbox 2445 5312 2561 5382; x_wconf 80' lang='grc'>34.)</span> <span class='ocrx_word' id='word_1_849' title='bbox 2580 5312 2705 5366; x_wconf 84' lang='lat' dir='ltr'>Non</span> <span class='ocrx_word' id='word_1_850' title='bbox 2747 5309 3028 5364; x_wconf 87' lang='lat' dir='ltr'>debemus</span> <span class='ocrx_word' id='word_1_851' title='bbox 3062 5306 3145 5362; x_wconf 91' lang='lat' dir='ltr'>sic</span> <span class='ocrx_word' id='word_1_852' title='bbox 3177 5304 3419 5361; x_wconf 83' lang='lat' dir='ltr'>laudare</span> <span class='ocrx_word' id='word_1_853' title='bbox 3447 5302 3673 5361; x_wconf 81' lang='lat' dir='ltr'>Creato-</span> 
     </span>
    </p>
   </div>
   <div class='ocr_carea' id='block_1_116' title="bbox 2021 5392 3675 5473">
    <p class='ocr_par' dir='ltr' id='par_1_116' title="bbox 2021 5392 3675 5473">
     <span class='ocr_line' id='line_1_116' title="bbox 2021 5392 3675 5473; baseline -0.004 -18"><span class='ocrx_word' id='word_1_854' title='bbox 2021 5405 2237 5469; x_wconf 89' lang='lat' dir='ltr'>rem,ut</span> <span class='ocrx_word' id='word_1_855' title='bbox 2251 5400 2530 5473; x_wconf 74' lang='lat' dir='ltr'>cogamur</span> <span class='ocrx_word' id='word_1_856' title='bbox 2543 5398 2875 5464; x_wconf 88' lang='lat' dir='ltr'>dicere,imo</span> <span class='ocrx_word' id='word_1_857' title='bbox 2894 5410 3025 5450; x_wconf 89' lang='lat' dir='ltr'>vere</span> <span class='ocrx_word' id='word_1_858' title='bbox 3048 5393 3468 5451; x_wconf 88' lang='lat' dir='ltr'>convincamur</span> <span class='ocrx_word' id='word_1_859' title='bbox 3484 5392 3675 5450; x_wconf 90' lang='lat' dir='ltr'>dicere</span> 
     </span>
    </p>
   </div>
   <div class='ocr_carea' id='block_1_117' title="bbox 2021 5481 3678 5561">
    <p class='ocr_par' dir='ltr' id='par_1_117' title="bbox 2021 5481 3678 5561">
     <span class='ocr_line' id='line_1_117' title="bbox 2021 5481 3678 5561; baseline -0.006 -15"><span class='ocrx_word' id='word_1_860' title='bbox 2021 5491 2385 5561; x_wconf 82' lang='lat' dir='ltr'>superﬂuum</span> <span class='ocrx_word' id='word_1_861' title='bbox 2401 5488 2769 5544; x_wconf 84' lang='lat' dir='ltr'>Salvatorem.</span> <span class='ocrx_word' id='word_1_862' title='bbox 2791 5484 3073 5540; x_wconf 87' lang='lat' dir='ltr'>Naturam</span> <span class='ocrx_word' id='word_1_863' title='bbox 3096 5483 3296 5558; x_wconf 89' lang='lat' dir='ltr'>itaque</span> <span class='ocrx_word' id='word_1_864' title='bbox 3321 5481 3582 5541; x_wconf 88' lang='lat' dir='ltr'>hominis</span> <span class='ocrx_word' id='word_1_865' title='bbox 3594 5481 3678 5537; x_wconf 90' lang='lat' dir='ltr'>di-</span> 
     </span>
    </p>
   </div>
   <div class='ocr_carea' id='block_1_118' title="bbox 2023 5570 3675 5651">
    <p class='ocr_par' dir='ltr' id='par_1_118' title="bbox 2023 5570 3675 5651">
     <span class='ocr_line' id='line_1_118' title="bbox 2023 5570 3675 5651; baseline -0.005 -16"><span class='ocrx_word' id='word_1_866' title='bbox 2023 5580 2154 5651; x_wconf 86' lang='lat' dir='ltr'>gnis</span> <span class='ocrx_word' id='word_1_867' title='bbox 2166 5579 2438 5635; x_wconf 86' lang='lat' dir='ltr'>laudibus</span> <span class='ocrx_word' id='word_1_868' title='bbox 2454 5578 2729 5632; x_wconf 82' lang='lat' dir='ltr'>honorem</span> <span class='ocrx_word' id='word_1_869' title='bbox 2741 5588 3050 5645; x_wconf 84' lang='lat' dir='ltr'>us,easque</span> <span class='ocrx_word' id='word_1_870' title='bbox 3074 5573 3278 5631; x_wconf 89' lang='lat' dir='ltr'>laudes</span> <span class='ocrx_word' id='word_1_871' title='bbox 3301 5574 3373 5631; x_wconf 88' lang='lat' dir='ltr'>ad</span> <span class='ocrx_word' id='word_1_872' title='bbox 3386 5570 3675 5630; x_wconf 86' lang='lat' dir='ltr'>Creatoris</span> 
     </span>
    </p>
   </div>
   <div class='ocr_carea' id='block_1_119' title="bbox 2025 5660 3674 5739">
    <p class='ocr_par' dir='ltr' id='par_1_119' title="bbox 2025 5660 3674 5739">
     <span class='ocr_line' id='line_1_119' title="bbox 2025 5660 3674 5739; baseline -0.003 -17"><span class='ocrx_word' id='word_1_873' title='bbox 2025 5668 2268 5739; x_wconf 86' lang='lat' dir='ltr'>gloriam</span> <span class='ocrx_word' id='word_1_874' title='bbox 2309 5663 2777 5722; x_wconf 87' lang='lat' dir='ltr'>referamus.Sed</span> <span class='ocrx_word' id='word_1_875' title='bbox 2820 5662 2958 5734; x_wconf 88' lang='lat' dir='ltr'>quia</span> <span class='ocrx_word' id='word_1_876' title='bbox 2991 5681 3097 5722; x_wconf 91' lang='lat' dir='ltr'>nos</span> <span class='ocrx_word' id='word_1_877' title='bbox 3121 5663 3352 5735; x_wconf 87' lang='lat' dir='ltr'>creavit,</span> <span class='ocrx_word' id='word_1_878' title='bbox 3378 5663 3458 5719; x_wconf 88' lang='lat' dir='ltr'>ita</span> <span class='ocrx_word' id='word_1_879' title='bbox 3488 5660 3674 5718; x_wconf 87' lang='lat' dir='ltr'>simus</span> 
     </span>
    </p>
   </div>
  </div>
