4094 6186
387 319 503 405 iis

1597 275 1999 377 AMULoms
2043 311 2287 375 EPISC.
2333 312 2565 377 LUGD.

3673 315 3833 389 ηας

386 457 558 533 grati,
582 460 649 514 ut
678 473 795 519 non
826 454 1035 523 simus,
1068 453 1207 527 quia
1237 456 1422 520 sanat,
1460 450 1863 524 ingrati.Vitia
1891 466 2032 506 sane
2060 446 2110 515 Α
2134 447 2210 525 lit
2241 451 2441 518 fuisse,
2465 451 2851 523 prmsentibus
2883 456 3275 525 urgetur,non
3308 451 3795 525 prmteritaremi~

388 552 589 605 nostra
618 564 745 621 qua:
776 550 1089 613 sanat,non
1110 542 1304 601 divino
1325 540 1613 614 operi,sed
1637 541 1907 595 humanm
1938 557 2032 595 vo-

389 637 925 710 luntati,justa3que
955 633 1114 689 illius
1145 631 1412 687 vindictae
1452 630 1931 686 tribuamus.Sed
1973 635 2039 685 ut

389 729 449 784 in
475 730 675 785 nostra
704 727 987 797 potestate
1008 720 1189 776 fuisse
1212 736 1282 775 ne
1304 720 1644 775 accederent
1664 720 2031 787 confitemur,

390 818 472 872 ita
502 819 566 871 ut
594 817 876 871 sanentur
903 811 962 866 in
989 809 1150 867 illius
1198 811 1388 883 magis
1438 826 1566 864 esse
1610 808 2031 875 misericordia,

389 920 566 977 quam
596 904 656 957 in
686 904 890 958 nostra
917 903 1204 973 potestate
1232 899 1542 955 fateamur.

458 994 568 1051 XX.
605 993 758 1066 (Cap.
787 990 901 1064 35.)
934 989 1336 1057 Quorumdam
1382 987 1668 1060 exempla,
1703 1005 1851 1059 quos
1896 1004 2032 1059 pec-

388 1099 553 1140 casse
581 1081 854 1155 legimus,
889 1098 1005 1137 non
1055 1080 1183 1135 ideo
1226 1078 1447 1151 scripta
1493 1077 1657 1132 dicit.
1690 1076 1789 1149 qui
1821 1093 2031 1133 sanum

388 1173 543 1246 sapit
572 1175 638 1227 ut
666 1170 741 1229 ad
768 1169 1236 1242 desperationem
1257 1185 1371 1223 non
1396 1167 1671 1240 peccandi
1698 1166 1953 1234 valeant,
1976 1173 2035 1223 et

386 1263 760 1320 securitatem
793 1258 1069 1331 peccandi
1102 1256 1271 1313 nobis
1300 1256 1731 1329 quodammodo
1780 1257 2035 1329 pmbere

385 1351 725 1418 videantur;
758 1349 858 1404 sed
890 1352 955 1403 ut
975 1348 1355 1415 disceremus,
1377 1346 1465 1401 vel
1497 1345 1813 1418 pmnitendi
1846 1346 2035 1402 humi-

386 1423 632 1508 litatem,
665 1439 753 1495 vel
780 1437 958 1494 etiam
991 1438 1050 1492 in
1100 1436 1318 1491 talibus
1359 1435 1625 1508 lapsibus
1675 1453 1789 1491 non
1837 1436 2035 1508 despe-

388 1530 634 1589 randam
660 1526 932 1585 salutem.
956 1525 1205 1592 Quidam
1237 1525 1394 1580 enim
1426 1524 1486 1579 in
1520 1530 1757 1597 peccata
1780 1524 2032 1599 prolapsi

388 1617 796 1690 desperatione
816 1614 950 1690 plus
965 1618 1232 1689 pereunt,
1246 1631 1351 1670 nec
1368 1613 1559 1671 solum
1582 1614 1899 1687 pcenitendi
1934 1630 2034 1670 ne-

386 1707 620 1781 gligunt
650 1704 1024 1773 medicinam,
1058 1705 1159 1760 sed
1191 1704 1263 1759 ad
1309 1703 1594 1776 explenda
1642 1703 1951 1760 inhonesta
1977 1709 2036 1761 et

2145 539 2410 596 niscitur.
2442 541 2556 597 Nec
2613 545 2845 597 tantum
2904 545 3327 614 repugnantem
3352 541 3553 610 videt,
3584 558 3791 600 verum

2144 628 2319 684 etiam
2351 628 2736 701 captivantem
2772 647 2833 686 se
2864 629 2923 686 in
2973 630 3099 702 lege
3145 629 3388 703 peccati,
3421 647 3551 703 quis
3598 636 3691 688 est
3730 631 3791 690 in

2146 718 2427 789 membris
2458 720 2606 789 ejus,
2624 736 2737 774 non
2757 737 2884 791 quis
2907 720 3035 775 fuit.
3053 719 3200 775 Hinc
3222 724 3314 776 est
3344 721 3501 792 quod
3525 719 3747 777 clamat
3774 738 3789 778 2

2147 829 2175 857 ‹‹
2209 806 2410 862 Infelix
2438 808 2785 880 homo,quis
2824 826 2917 865 me
2940 808 3211 864 liberabit
3230 809 3302 865 de
3322 825 3563 882 corpore
3584 810 3794 868 mortis

2147 918 2173 945 ‹‹
2208 895 2471 968 hujus?»
2506 898 2679 965 (Rom.
2713 898 2836 970 vn.)
2868 898 3107 957 Sinatur
3135 913 3320 967 orare,
3353 898 3585 956 sinatur
3617 900 3791 970 adju-

2142 986 2356 1041 torium
2407 986 2617 1042 medici
2664 986 2969 1058 potentissi
3001 987 3282 1061 ﬂagitare,
3314 988 3457 1060 quid
3506 988 3796 1045 contradi-

2143 1076 2333 1130 citur?
2362 1076 2502 1147 quid
2533 1076 2918 1149 obstrepitur;
2952 1076 3095 1150 quid
3125 1076 3306 1133 miser
3328 1076 3792 1136 misericordiam

2142 1164 2355 1220 Christi
2383 1169 2575 1236 petere
2597 1164 2975 1238 prohibetur?
3259 1182 3263 1187 '

2214 1252 2375 1309 XXV.
2403 1254 2557 1326 (Cap.
2579 1257 2696 1323 67.)
2713 1254 3085 1327 Adjutorium
3109 1255 3476 1328 postulamus
3496 1257 3791 1314 dicentes:

2147 1365 2173 1392 ‹‹
2207 1343 2288 1398 Ne
2321 1361 2425 1399 nos
2455 1343 2674 1400 inferas
2703 1344 2761 1400 in
2792 1345 3196 1402 tentationem.
3229 1346 3393 1412 Quod
3428 1347 3794 1419 adjutorium

2146 1451 2259 1488 non
2292 1436 2752 1505 posceremus,si
2784 1435 2976 1491 resisti
3010 1435 3169 1491 nullo
3192 1438 3365 1492 modo
3396 1453 3569 1509 posse
3590 1438 3794 1495 crede-

2144 1539 2361 1577 remus.
2399 1523 2594 1579 Potest
2617 1529 2919 1595 peccatum
2952 1525 3162 1597 caveri,
3195 1525 3296 1581 sed
3326 1525 3649 1598 opitulante
3692 1526 3794 1584 ille

2144 1610 2245 1683 qui
2278 1628 2391 1666 non
2413 1618 2606 1684 potest
2624 1611 2925 1668 falli.Nam
2948 1618 3005 1669 et
3024 1612 3132 1669 hoc
3155 1614 3352 1686 ipsum
3372 1614 3445 1671 ad
3466 1616 3793 1673 cavendum

2143 1705 2447 1774 peccatum
2478 1701 2749 1773 pertinet,
2773 1700 2822 1757 si
2851 1702 3133 1758 veraciter
3162 1701 3463 1759 dicimus:
3499 1702 3796 1762 «Dimitte

388 1796 613 1853 nefaria
637 1793 924 1850 desideria
953 1792 1103 1849 servi
1150 1791 1464 1848 libidinum
1514 1798 1570 1849 et
1618 1793 2032 1863 sceleratarum
2065 1822 2111 1887 Β
2147 1813 2175 1841 ‹‹
2207 1790 2375 1887 nobis
2397 1790 2592 1846 debita
2612 1794 2834 1887 nostra,
2848 1790 3001 1887 sicut
3033 1795 3098 1848 et.
3122 1808 3227 1887 nos
3257 1791 3616 1887 dimittimus
3630 1793 3797 1887 debi-

386 1883 776 1957 cupiditatum
824 1883 993 1951 fiunt,
1029 1882 1196 1955 quasi
1246 1881 1512 1954 perdant,
1546 1880 1596 1937 si
1640 1899 1754 1938 non
1795 1882 2037 1940 fecerint

385 1973 541 2047 quod
561 1971 805 2046 instigat
818 1970 1161 2040 Iibido,cum
1182 1986 1280 2026 eos
1294 1971 1421 2042 jam
1438 1975 1674 2027 maneat
1692 1976 1850 2027 certa
1870 1971 2034 2027 dam-

384 2063 566 2118 natio.
578 2061 871 2118 Adversus
886 2060 1045 2116 hunc
1062 2058 1355 2128 morbum,
1370 2058 1620 2114 nimium
1639 2059 2033 2132 periculosum

383 2156 444 2207 et
493 2149 869 2219 exitiabilem,
900 2148 1055 2206 valet
1109 2148 1588 2205 commemoratio
1639 2153 2031 2220 peccatorum,

382 2240 561 2312 etiam
592 2238 652 2295 in
684 2256 812 2312 quis
833 2237 985 2311 justi
1011 2237 1315 2310 sanctique
1345 2236 1603 2311 prolapsi
1625 2242 1784 2293 sunt.

454 2310 592 2386 XXI.
624 2310 809 2398 (Ib—id.)
840 2310 967 2385 Non
999 2326 1219 2383 frustra
1242 2325 1420 2383 etiam
1442 2310 1641 2399 justas
1681 2325 1741 2381 in
1772 2327 2035 2382 oratione

387 2419 600 2485 dicere,
634 2439 661 2467 κ
683 2416 925 2474 Dimitte
952 2415 1123 2472 nobis
1152 2414 1349 2471 debita
1377 2419 1599 2488 nostra,
1632 2415 1787 2472 sicut
1831 2420 1889 2473 et
1928 2433 2036 2473 nos

392 2528 423 2557 κ
452 2504 786 2563 dimittibus
814 2504 1182 2562 debitoribus
1232 2503 1448 2560 nostris
1477 2504 1685 2574 (Matth.
1718 2508 1815 2575 νι).
1854 2527 1882 2555 ιν
1918 2505 2033 2561 Do-

392 2596 740 2668 minumque
759 2593 1080 2662 Christum,
1113 2609 1248 2649 cum
1278 2593 1546 2649 eamdem
1576 2594 1899 2650 orationem
1931 2594 2033 2650 do-

393 2684 576 2742 cendo
618 2682 1013 2757 explicuisset,
1057 2681 1432 2738 veracissime
1491 2682 1825 2739 subdidisse
1858 2697 1871 2738 :
1909 2705 1936 2733 ο(
1975 2684 2036 2740 Si

395 2796 425 2825 κ
454 2774 610 2830 enim
625 2771 965 2830 dimiseritis
982 2770 1326 2829 hominibus
1346 2772 1864 2843 peccata,dimittet
1874 2772 2038 2828 vobis

396 2886 424 2913 κ
457 2863 624 2921 Pater
650 2865 842 2919 vester
871 2865 1110 2935 peccata
1138 2864 1332 2916 vestra
1359 2859 1563 2931 (Matth.
1595 2862 1695 2928 v1).
1728 2882 1755 2911 ιι
1791 2860 1897 2917 Per
1928 2859 2037 2917 hoc

274 3022 281 3029 .
390 2951 545 3027 enim
559 2949 971 3025 quotidianum
984 2947 1245 3023 spiritale
1255 2949 1687 3021 quodammodo
1708 2949 2035 3019 incensum,

390 3042 544 3114 quod
578 3046 713 3097 ante
745 3039 928 3096 Deum
950 3039 1006 3095 in
1044 3038 1224 3095 altare
1253 3039 1465 3106 cordis,
1495 3040 1650 3111 quod
1673 3057 1911 3096 sursum
1942 3040 2042 3095 ha-

387 3130 527 3185 bere
553 3129 958 3196 admonemur,
983 3127 1250 3194 infertur,
1269 3126 1498 3182 etiamsi
1533 3144 1646 3181 non
1680 3126 1774 3182 hie
1812 3126 2038 3183 vivatur

387 3218 515 3275 sine
544 3221 801 3290 peccato,
827 3216 963 3271 licet
992 3216 1137 3271 mori
1172 3216 1297 3270 sine
1329 3219 1586 3287 peccato,
1611 3216 1751 3270 dum
1784 3216 2034 3273 subinde
2065 3190 2110 3257 (ἶ

386 3305 560 3362 venia
586 3303 832 3371 deletur,
858 3303 1012 3376 quod
1043 3302 1292 3359 subinde
1322 3302 1653 3376 ignorantia
1685 3303 1771 3359 vel
1796 3304 2039 3361 infirmi-

387 3398 508 3450 tate
538 3392 947 3448 committitur.

456 3479 622 3541 XXII.
655 3480 809 3553 (Cap.
842 3481 954 3550 43.)
984 3480 1138 3536 Deus
1171 3483 1293 3536 tam
1349 3480 1541 3537 bonus
1584 3497 1760 3553 quam
1808 3483 2031 3553 justus,

385 3570 565 3627 talem
598 3569 896 3626 hominem
928 3569 1199 3643 fecit,qui
1232 3573 1468 3642 peccato
1499 3587 1696 3626 carere
1717 3572 2031 3642 sufficeret,

386 3658 566 3729 sedsi
594 3657 897 3715 voluisset.
913 3657 1054 3727 Quis
1085 3658 1242 3714 enim
1273 3675 1409 3714 eum
1434 3659 1622 3715 nescit
1641 3676 1851 3716 sanum
1874 3664 1932 3717 et
1952 3662 2033 3717 in-

385 3747 736 3821 culpabilem
768 3748 1082 3816 factum,et
1110 3747 1292 3804 libero
1324 3747 1564 3804 arbitrio
1586 3753 1758 3821 atque
1776 3751 1849 3805 ad
1873 3751 2035 3822 juste

384 3836 694 3897 vivendum
726 3840 1013 3910 potestate
1041 3836 1227 3892 libera
1269 3836 1693 3893 constitutum?
1722 3839 1833 3894 Sed
1878 3856 2034 3895 nunc

384 3925 455 3981 de
474 3924 575 3982 illo
605 3925 818 3998 agitur,
842 3942 1015 3998 quem
1039 3924 1385 3981 semivivum
1415 3923 1669 3982 latrones
1700 3926 1757 3981 in
1779 3926 1870 3983 via
1902 3927 2031 3983 reli-

384 4017 659 4086 querunt.
682 4014 789 4082 Qui
821 4013 1098 4086 gravibus
1130 4014 1368 4069 saucius
1397 4014 1823 4088 confessusque
1839 4016 2034 4073 vulne-

384 4101 574 4169 ribus,
594 4088 709 4157 non
741 4101 822 4156 ita
852 4106 1045 4174 potest
1077 4102 1148 4157 ad
1165 4101 1410 4173 justitia)
1440 4102 1672 4159 culmen
1696 4105 2028 4174 ascendere,

382 4188 538 4246 sicut
585 4189 777 4262 potuit
826 4190 961 4246 inde
1009 4190 1380 4258 descendere,
1408 4192 1507 4263 qui
1556 4193 1789 4248 etiamsi
1812 4194 1938 4265 jam
1971 4195 2030 4250 in

382 4277 614 4334 stabulo
645 4282 755 4345 est,
774 4277 967 4333 adhuc
996 4278 1393 4333 curatur.Non
1426 4278 1605 4351 igitur
1630 4279 1784 4336 Deus
1813 4282 2030 4354 impos-

380 4365 579 4423 sibilia
589 4364 792 4438 jubet;
825 4366 926 4421 sed
951 4366 1216 4439 jubendo
1248 4366 1525 4422 admonet
1555 4371 1611 4422 et
1642 4368 1827 4425 facere
1874 4372 2029 4441 quod

379 4454 591 4525 possis,
615 4458 673 4510 et
704 4459 899 4527 petere
929 4455 1086 4526 quod
1121 4472 1234 4510 non
1264 4454 1477 4527 possis.

2146 1902 2175 1932 «ι
2206 1880 2433 1936 toribus
2464 1879 2699 1935 nostris.
2735 1903 2762 1930 ››
2795 1879 3036 1936 Duobus
3081 1881 3241 1937 enim
3287 1881 3483 1938 modis
3523 1881 3702 1939 etiam
3732 1882 3795 1940 in

2145 1987 2383 2042 corpore
2408 1974 2645 2026 cavetur
2661 1968 2849 2024 morbi
2878 1968 3122 2037 malum,
3141 1974 3207 2025 ut
3228 1986 3343 2025 non
3365 1970 3596 2026 accidat
3612 1975 3684 2027 et
3700 1977 3811 2044 ut,

2144 2059 2193 2115 si
2224 2058 2519 2126 acciderit,
2544 2057 2657 2113 cito
2691 2062 2950 2114 sanetur.
2975 2058 3048 2115 Ut
3077 2075 3193 2115 non
3222 2059 3451 2117 accidat
3483 2077 3797 2119 caveamus

2144 2149 2418 2217 dicendo:
2446 2170 2473 2197 ‹‹
2496 2148 2576 2205 Ne
2608 2164 2714 2205 nos
2739 2147 2956 2204 inferas
2987 2148 3047 2204 in
3077 2148 3461 2207 tentationem
3484 2166 3497 2206 :
3524 2172 3552 2202 ι)
3586 2155 3654 2207 ut
3680 2152 3797 2211 cito

2145 2242 2405 2306 sanetur,
2439 2236 3049 2308 caveamusdieendo,
3078 2259 3108 2290 «
3137 2236 3380 2295 Dimitte
3409 2240 3797 2298 nobisdebita

2146 2350 2176 2378 κ
2209 2333 2427 2383 nostra.
2464 2348 2493 2377 »

2215 2416 2407 2473 XXVI.
2432 2416 2613 2489 (ιὸίἀ.)
2636 2416 2810 2472 Recte
2839 2417 2997 2472 enim
3019 2417 3266 2475 fortasse
3287 2418 3794 2489 quererenturho-

2147 2508 2336 2563 mines
2367 2506 2416 2561 si
2448 2504 2663 2562 erroris
2683 2508 2741 2563 et
2768 2504 3032 2561 libidinis
3052 2505 3254 2562 nullus
3280 2505 3592 2563 hominum
3612 2507 3798 2564 victor

2145 2597 2436 2652 existeret.
2470 2596 2618 2650 Cum
2656 2611 2791 2651 vero
2822 2594 3039 2667 ubique
3067 2594 3145 2650 sit
3173 2610 3430 2667 presens
3458 2596 3559 2667 qui
3588 2595 3797 2653 multis

2146 2685 2338 2740 modis
2360 2701 2463 2757 per
2490 2688 2819 2740 creaturam
2836 2682 2948 2739 sibi
2969 2682 3214 2739 Domino
3236 2682 3580 2740 servientem
3595 2686 3798 2741 adver-

2146 2762 2280 2829 sum
2301 2776 2482 2841 vocet,
2496 2772 2702 2829 doceat
2716 2772 3069 2840 credentem,
3084 2771 3794 2846 consoletursperantem,

2146 2862 2486 2935 diligentem
2517 2861 2879 2927 adhortetur,
2910 2865 3217 2917 conantem
3248 2861 3504 2933 adjuvet,
3525 2865 3800 2922 exaudiat

2148 2951 2577 3024 deprecantem,
2594 2968 2709 3006 non
2726 2950 2831 3006 tibi
2853 2951 3169 3022 deputatur
3195 2951 3269 3006 ad
3286 2950 3518 3024 culpam
3541 2955 3697 3025 quod
3713 2953 3799 3010 in-

2145 3040 2300 3096 vitus
2330 3040 2586 3114 ignoras,
2601 3041 2700 3096 sed
2734 3039 2889 3112 quod
2913 3038 3161 3113 negligis
3183 3056 3436 3112 quierere
3457 3042 3613 3113 quod
3636 3043 3801 3116 igno-

2148 3146 2272 3197 ras;
2307 3145 2496 3201 neque
2529 3128 2673 3185 illud
2704 3129 2858 3202 quod
2889 3128 3193 3185 vulnerata
3221 3129 3487 3187 membra
3501 3148 3617 3187 non
3640 3131 3798 3188 colli-

2145 3217 2255 3291 gis,
2290 3219 2391 3274 sed
2422 3220 2577 3290 quod
2607 3217 2892 3274 volentem
2921 3234 3130 3274 sanare
3160 3218 3505 3275 contemnis.

2215 3306 2432 3363 XXVII.
2466 3306 2617 3379 (Cap.
2649 3306 2968 3378 67.)Valde
3016 3307 3170 3363 bona
3216 3311 3357 3363 sunt
3401 3314 3710 3387 praecepta,
3742 3311 3803 3368 si

2143 3396 2402 3469 legitime
2434 3396 2527 3451 his
2560 3399 2813 3451 utamur.
2848 3397 2927 3453 Eo
2968 3396 3185 3468 quippe
3230 3394 3381 3468 ipso,
3409 3412 3525 3469 quo
3568 3398 3794 3455 firmis-

2144 3486 2292 3540 sime
2322 3485 2579 3541 creditur
2603 3485 2786 3541 Deum
2808 3485 3041 3557 justum
3074 3489 3132 3540 et
3157 3484 3380 3542 bonum
3403 3485 3799 3560 impossibilia

2144 3592 2257 3629 non
2290 3574 2549 3646 potuisse
2571 3574 2902 3647 precipere,
2917 3574 3057 3631 hinc
3077 3575 3483 3645 admonemur,
3503 3576 3637 3633 etin
3659 3577 3798 3634 faci-

2143 3663 2299 3719 libus
2330 3664 2469 3736 quid
2494 3680 2760 3737 agamus,
2786 3666 2844 3719 et
2872 3663 2932 3719 in
2963 3662 3305 3721 difficilibus
3328 3664 3468 3736 quid
3496 3669 3791 3738 petamus.

2142 3752 2352 3808 Omnia
2371 3753 2588 3825 quippe
2618 3752 2769 3808 ﬁunt
2796 3752 2990 3808 facilia
3017 3752 3420 3825 charitati,cui
3444 3755 3544 3811 uni
3575 3755 3805 3815 Christi.

2141 3843 2373 3898 sarcina
2402 3841 2542 3898 levis
2572 3846 2680 3908 est,
2713 3845 2817 3897 aut
2845 3858 2916 3897 ea
2954 3858 3073 3897 una
3117 3845 3207 3898 est
3248 3843 3483 3899 sarcina
3508 3842 3638 3917 ipsa
3662 3862 3797 3918 qua)

2142 3928 2282 3986 levis
2313 3935 2422 3985 est.
2456 3929 2791 3987 Secundum
2823 3928 2933 3985 hoc
2962 3930 3186 3986 dictum
3215 3933 3325 3999 est,
3363 3954 3386 3981 ε
3420 3935 3479 3988 et
3503 3938 3797 4006 pracepta

2146 4043 2171 4069 ‹‹
2194 4021 2321 4090 ejus
2342 4018 2541 4091 gravia
2564 4033 2678 4073 non
2697 4022 2837 4073 sunt
2855 4018 2907 4088 (Ι
2919 4018 3145 4089 Joan.v)
3162 4037 3176 4086 ;
3196 4041 3223 4070 ιι
3250 4024 3315 4075 ut
3326 4019 3636 4094 quigravia
3647 4027 3795 4079 sunt

2141 4108 2466 4165 consideret
2497 4124 2613 4164 non
2635 4098 2897 4179 potuisse
2927 4102 3207 4162 divinitus
3237 4108 3375 4175 dici,
3401 4108 3651 4183 «gravia
3670 4127 3793 4168 non

2145 4221 2171 4249 ‹‹
2195 4201 2350 4264 sunt,
2378 4219 2405 4249 υ
2439 4197 2551 4253 nisi
2584 4197 2722 4270 quia
2751 4200 2944 4269 potest
2990 4211 3119 4253 esse
3167 4196 3359 4253 cordis
3408 4199 3650 4257 affectus
3688 4201 3791 4258 cui

2140 4288 2338 4359 gravia
2370 4303 2484 4342 non
2516 4286 2728 4355 sint,et
2748 4289 2907 4358 petat
2927 4302 3043 4358 quo
3075 4285 3432 4356 destituitur,
3447 4292 3514 4343 ut
3544 4288 3795 4361 impleat

2139 4377 2295 4448 quod
2317 4377 2575 4448 iubetur.

2208 4465 2451 4521 XXVIII.
2485 4464 2673 4538 (Ibid)
2706 4465 3007 4532 Quomodo
3029 4464 3261 4520 dicitur.
3295 4465 3584 4540 «Propter
3609 4468 3792 4526 verba

448 4542 827 4616 XXIII..(Cap.
852 4544 965 4612 44.)
997 4542 1078 4598 Ea
1110 4543 1254 4599 tldes
1276 4543 1473 4615 justos
1504 4545 1733 4602 sanavit
1753 4548 2028 4621 antiquos
2058 4561 2105 4626 Ι)
2140 4578 2166 4604 ‹‹
2199 4554 2488 4610 labiorum
2520 4558 2778 4621 tuorum,
2801 4569 2907 4626 ego
2938 4553 3225 4610 eustodivi
3254 4555 3379 4611 vias
3408 4555 3589 4611 duras
3607 4557 3787 4626 (Psal.

377 4648 506 4704 quis
537 4636 707 4688 sanat
726 4636 784 4689 et
805 4649 931 4698 nos,
947 4631 1005 4687 id
1027 4636 1137 4700 est,
1153 4631 1492 4689 mediatoris
1513 4633 1614 4690 Dei
1637 4639 1696 4691 et
1717 4635 2024 4694 hominum

376 4718 635 4775 hominis
678 4719 891 4776 Christi
940 4721 1101 4778 Jesu.
1139 4719 1306 4776 Fides
1350 4722 1658 4794 sanguinis
1695 4725 1844 4797 ejus,
1878 4726 2024 4782 fides

376 4808 583 4881 mortis
605 4808 754 4879 ejus,
778 4813 835 4864 et
863 4809 1310 4865 resurrectionis
1341 4811 1487 4882 ejus.
1519 4835 1538 4861 α
1567 4811 1856 4870 Habentes
1887 4831 2022 4888 ergo

378 4918 406 4946 ι(
436 4896 710 4953 eumdem
741 4895 1013 4969 spiritum
1046 4898 1180 4955 fidei
1212 4904 1269 4953 et
1299 4915 1404 4956 nos
1435 4900 1754 4971 credimus,
1790 4908 2024 4975 propter

377 5007 405 5037 «
432 4985 588 5057 quod
618 4985 670 5049 et
705 4984 1005 5059 loquimur
1033 4987 1080 5055 (1
1112 4988 1234 5044 Cor.
1270 4991 1371 5056 IV).
1404 5010 1433 5039 ››

442 5074 632 5131 XXIV.
665 5074 819 5148 (Cap.
849 5075 965 5149 55.)
997 5076 1236 5132 Dimitte
1268 5076 1589 5147 hominem,
1623 5078 1835 5135 clamet
1864 5080 2021 5152 quod

373 5161 685 5219 clamabat.
702 5164 825 5219 Non
858 5165 1015 5221 enim
1034 5170 1264 5221 tantum
1288 5165 1604 5235 desiderat,
1623 5172 1686 5222 ut
1707 5185 1810 5239 per
1832 5167 2021 5223 indul-

370 5250 628 5323 gentiam
660 5252 735 5307 sit
752 5254 822 5310 de
840 5256 1150 5326 praeteritis
1173 5254 1522 5327 impunitus,
1537 5256 1637 5311 sed
1659 5256 1836 5310 etiam
1861 5260 1923 5311 ut
1944 5256 2022 5310 sit

370 5339 442 5393 de
473 5343 679 5395 czstero
702 5342 774 5396 ad
799 5360 913 5398 non
933 5345 1295 5416 peccandum
1330 5343 1497 5399 fortis
1518 5348 1575 5399 et
1595 5343 1842 5401 validus.
1874 5347 2020 5403 Con-

369 5425 694 5483 delectatur
721 5431 876 5487 enim
909 5431 1020 5504 legi
1055 5432 1154 5487 Dei
1187 5432 1511 5487 secundum
1545 5431 1878 5492 interiorem
1910 5439 2017 5495 ho-

369 5516 608 5571 minem.
641 5517 811 5575 Videt
844 5525 1035 5576 autem
1070 5521 1243 5577 aliam
1276 5521 1461 5595 legem
1487 5522 1542 5577 in
1578 5525 1857 5583 membris
1891 5531 2017 5588 suis

368 5613 791 5680 repugnantem
822 5610 935 5682 legi
966 5610 1183 5667 mentis
1205 5628 1344 5668 suae.
1368 5611 1537 5668 Videt
1560 5628 1706 5679 esse,
1723 5631 1840 5672 non
1867 5635 2019 5677 reco-

2139 4668 2166 4694 α
2197 4647 2368 4712 xv1),»
2396 4643 2508 4699 nisi
2536 4642 2674 4715 quia
2688 4647 3001 4715 utrumque
3013 4658 3215 4699 verum
3228 4647 3345 4713 est;
3371 4644 3654 4717 (Cap.70.)
3677 4645 3793 4703 Du~

2134 4752 2208 4789 ra:
2227 4732 2421 4789 timori
2444 4737 2604 4800 sunt,
2629 4731 2783 4789 leves
2814 4731 3301 4789 amori.Charitas
3328 4749 3463 4807 ergo
3486 4733 3785 4804 inchoata,

2128 4822 2404 4879 inchoata
2443 4820 2682 4893 justitia
2726 4825 2851 4889 est;
2886 4820 3141 4878 charitas
3192 4826 3481 4893 provecta,
3514 4827 3791 4894 provecta

2123 4911 2359 4984 justitia
2388 4909 2786 4979 est;charitas
2843 4925 3077 4983 magna,
3104 4925 3325 4984 magna
3368 4911 3606 4983 justitia
3662 4917 3783 4982 est;

2131 4999 2386 5056 charitas
2419 4998 2693 5070 perfecta,
2718 4999 2972 5070 perfecta
2992 4998 3228 5070 justitia
3254 5000 3492 5057 est.Sed
3522 5000 3787 5060 charitas

2130 5087 2201 5142 de
2231 5085 2403 5142 corde
2425 5089 2661 5157 puro,et
2680 5086 3303 5156 conscientiabona,et
3333 5088 3445 5145 fide
3475 5105 3589 5144 non
3619 5090 3783 5161 ficta,

2130 5193 2257 5247 quae
2290 5180 2428 5229 tunc
2459 5174 2714 5230 maxima
2742 5180 2832 5231 est
2859 5174 2921 5231 in
2950 5175 3059 5232 hac
3089 5176 3227 5245 vita,
3260 5178 3496 5249 quando
3526 5194 3631 5250 pro
3680 5178 3783 5236 illa

2128 5264 2257 5336 ipsa
2284 5264 2683 5319 contemnitur
2706 5263 2844 5319 vita.

2765 5372 2995 5428 CAPUT
3037 5372 3132 5429 III.

2126 5462 2209 5516 Ea:
2236 5462 2477 5532 epistolis
2505 5469 2554 5517 et
2602 5461 2742 5517 libro
2787 5460 2854 5517 de
2901 5461 3086 5519 Gratia
3133 5471 3185 5519 et
3232 5464 3400 5520 libero
3441 5463 3783 5520 Arbitrioad

2592 5533 2932 5588 Valentinum
2960 5534 3307 5590 monadium.

2198 5624 2513 5679 SENTENTIA
2533 5621 2574 5679 Ι.
2593 5622 2784 5694 (Epist.
2802 5622 2879 5696 1.)
2900 5622 3092 5680 Primo
3132 5623 3418 5681 Dominus
3442 5624 3637 5694 Jesus,
3661 5625 3775 5683 sio—
