4120 6184
336 262 453 330 123

1555 267 1960 332 AMULONIS
2005 267 2247 333 EPISC.
2298 271 2528 334 LUGD.

3633 271 3750 336 124

331 402 425 461 nis
453 402 832 479 intelligenda
859 409 947 462 est
975 404 1236 463 humana
1265 366 1682 479 fragilitasXAc
1725 423 1828 480 per
1869 405 1976 462 hoc
2003 405 2061 473 Α
2089 408 2224 465 bata
2245 411 2333 464 est
2360 406 2518 464 enim
2538 424 2663 480 quae
2681 425 2784 482 per
2799 409 3052 483 seipsam
3081 408 3213 465 alba
3237 423 3364 468 esse
3386 425 3502 466 non
3525 409 3744 482 posset.

332 497 529 552 firmat
557 512 792 552 carnem
825 497 1044 552 brachii
1081 498 1193 562 sui,
1228 497 1328 568 qui
1359 495 1680 568 potentiam
1715 496 1982 569 fragilem

331 589 507 658 atque
537 583 872 654 invalidam,
898 585 954 640 id
987 591 1095 652 est,
1117 585 1746 653 humanam,suflicere
1778 586 1885 642 sibi
1911 587 1982 642 ad

331 676 479 732 bene
509 675 870 748 operandam
925 679 1112 748 putat,
1166 691 1271 730 nec
1323 675 1681 747 adjutorium
1728 681 1986 749 sperata

332 763 598 822 Domino.
635 764 874 836 Propter
903 765 1009 819 hoc
1041 763 1198 820 enim
1231 765 1503 838 subjecit,
1539 787 1566 815 ‹‹
1591 771 1648 820 et.
1678 784 1710 821 a
1739 765 1983 822 Domino

334 876 363 905 ι(
394 854 643 910 discedit
671 871 770 910 cor
797 855 946 926 ejus.
981 876 1008 904 ››
1029 855 1144 910 Nos
1176 871 1312 926 ergo
1343 855 1414 909 ad
1446 855 1592 911 bene
1621 856 1982 927 operandum

331 961 494 1016 spem
529 961 642 999 non
674 943 997 998 habeamus
1029 943 1087 997 in
1120 943 1377 1010 homine,
1415 945 1717 1000 ﬁrmantes
1748 961 1982 1000 carnem

330 1033 554 1089 brachii
587 1033 804 1102 nostri;
841 1049 942 1088 nec
972 1051 1004 1088 a
1027 1033 1272 1088 Domine
1292 1034 1554 1088 discedat
1573 1051 1671 1089 cor
1693 1038 1982 1102 nostrum,

331 1125 431 1180 sed
463 1122 514 1178 ei
547 1123 704 1178 dic-at
733 1141 744 1178 :
782 1144 809 1171 ‹‹
839 1123 1086 1194 Adjutor
1117 1139 1282 1178 meus
1331 1128 1476 1194 esto,
1510 1140 1581 1178 ne
1613 1123 1984 1195 derelinquas

335 1235 363 1263 ι(
396 1230 490 1269 me
545 1228 735 1284 neque
782 1211 1072 1285 despicias
1121 1227 1236 1279 me,
1286 1212 1440 1268 Deus
1499 1211 1772 1268 salutaris
1817 1229 1984 1269 meus

334 1325 362 1353 ‹‹
395 1303 567 1373 (Psal.
599 1304 775 1371 XXVI).

404 1391 740 1464 IX.(Cap.4.)
773 1415 800 1440 ‹‹
833 1391 1061 1448 Gratias
1093 1395 1286 1448 autem
1321 1391 1436 1448 Deo
1467 1392 1566 1463 qui
1599 1391 1701 1446 dat
1725 1390 1894 1448 nobis
1909 1391 1986 1446 vi-

336 1507 357 1532 α
393 1483 638 1538 ctoriam
662 1498 767 1554 per
786 1481 1102 1537 Dominum
1130 1485 1399 1537 nostrum
1430 1480 1632 1536 Jesum
1665 1479 1979 1536 Christum.

333 1595 362 1624 «
393 1571 440 1645 (I
470 1571 590 1629 Cor.
623 1571 742 1640 xv.)
765 1572 914 1644 Ergo
947 1575 1005 1626 et
1033 1569 1296 1638 victoria,
1330 1587 1444 1642 qua
1475 1573 1776 1642 peccatum
1803 1568 1982 1624 vinci-

331 1666 447 1730 tur,
483 1660 629 1717 nihil
660 1663 748 1716 est
775 1659 933 1716 aliud
957 1677 1133 1732 quam
1166 1660 1264 1715 Dei
1297 1660 1542 1727 donum,
1573 1659 1632 1714 in
1661 1657 1774 1714 isto
1806 1662 1984 1714 certa-

332 1751 490 1807 mine
521 1749 852 1822 adjuvantis
885 1749 1137 1805 liberum
1167 1748 1499 1805 arbitrium.

400 1841 466 1897 X.
502 1839 684 1913 (Ibid)
717 1840 882 1895 Dicat
925 1838 1176 1895 cmlestis
1210 1838 1493 1911 magister
1525 1856 1537 1893 :
1573 1860 1600 1887 α
1631 1836 1880 1910 Vigilate
1928 1840 1986 1892 et

333 1951 361 1980 «
391 1933 556 1987 orate
591 1945 662 1984 ne
691 1928 923 1984 intretis
973 1929 1033 1982 in
1083 1927 1466 1983 tentationem
1517 1926 1718 1998 (Matth.
1751 1927 1926 1998 xxxv).
1961 1949 1989 1978 »

326 2017 478 2088 Ergo
502 2015 922 2087 unusquisque
947 2018 1148 2069 contra
1172 2029 1340 2069 suam
1361 2014 1896 2086 concupiscentiam
1913 2014 1997 2068 di-

329 2104 578 2170 micans,
613 2106 738 2158 oret
770 2119 842 2158 ne
870 2103 1048 2156 intret
1075 2101 1135 2156 in
1169 2101 1576 2167 tentationem,
1610 2101 1668 2156 id
1700 2105 1887 2171 cst,ne
1915 2101 1994 2158 sit

330 2193 402 2248 ab
433 2190 534 2248 illa
560 2191 890 2247 abstractus
920 2194 978 2245 et
1006 2188 1258 2246 illectus.
1291 2189 1415 2270 N_on
1460 2194 1655 2246 autem
1708 2191 1890 2247 intrat
1931 2191 1991 2246 in

329 2279 734 2345 tentationem,
753 2279 802 2334 si
833 2278 1132 2335 voluntate
1163 2279 1318 2335 bona
1345 2280 1540 2336 vincat
1583 2280 1994 2354 concupiscen-

329 2371 472 2426 tiam
503 2367 740 2424 malam.
750 2367 866 2423 Nec
881 2371 1077 2424 tamen
1097 2367 1318 2424 sufﬁcit
1343 2367 1654 2424 arbitrium
1673 2368 1991 2426 voluntatis

307 2459 630 2527 humana),
657 2455 773 2512 nisi
805 2474 841 2512 a
869 2455 1117 2513 Domino
1145 2455 1388 2512 victoria
1418 2458 1773 2514 concedatur
1800 2461 1991 2516 oranti

329 2566 404 2606 ne
423 2547 602 2604 intret
631 2546 689 2602 in
721 2545 1285 2612 tentationem.Quid
1309 2563 1440 2602 vero
1461 2547 1787 2603 evidentius
1812 2565 1992 2621 quam

333 2637 436 2694 Dei
467 2635 801 2693 ostenditur
827 2633 1036 2707 gratia,
1057 2635 1158 2690 ubi
1182 2635 1337 2708 quod
1355 2639 1558 2692 oratur
1587 2637 1911 2710 accipitur?
1931 2637 1991 2694 Si

334 2725 490 2783 enim
521 2725 765 2780 dixisset
795 2722 1064 2780 Salvator
1093 2727 1291 2780 noster
1323 2739 1336 2778 :
1363 2746 1391 2774 ‹‹
1423 2723 1669 2798 Vigilate
1701 2743 1772 2782 ne
1812 2727 1990 2783 intre-

337 2837 366 2867 ‹‹
417 2814 493 2871 tis
541 2813 600 2868 in
653 2813 1060 2884 tentationem,
1091 2835 1119 2862 »
1162 2813 1542 2870 admonuisse
1584 2816 1990 2872 tantummodo

330 2903 654 2959 videretur.
687 2901 833 2957 Cum
864 2917 996 2956 vero
1029 2900 1274 2970 addidit,
1310 2923 1337 2951 «
1365 2906 1424 2957 et
1453 2907 1631 2970 orate,
1663 2924 1690 2952 η
1733 2904 1990 2960 ostendi-

331 2996 429 3048 tur
456 2991 640 3048 Deum
672 2989 947 3062 adjuvare
975 3005 1048 3044 ne
1080 2989 1330 3046 intretur
1353 2991 1414 3046 in
1444 2992 1844 3048 tentatienem.

407 3082 500 3138 XI.
535 3081 689 3152 (Cap.
722 3079 802 3151 5.)
832 3078 955 3134 Nisi
989 3079 1089 3134 Dei
1121 3079 1342 3136 donum
1374 3083 1527 3136 esset
1557 3082 1732 3137 etiam
1765 3081 1894 3154 ipsa
1917 3083 1988 3137 ad

2093 497 2161 552 Et
2179 516 2212 552 a
2234 515 2347 568 quo
2381 497 2647 553 dealbata
2677 497 2902 566 est,nisi
2929 498 3122 554 abillo
3143 499 3240 570 qui
3275 515 3378 570 per
3402 497 3746 571 prophetam

2094 587 2236 642 dicit
2271 606 2283 642 :
2322 611 2346 636 ‹‹
2382 588 2439 643 Si
2475 587 2689 643 fuerint
2721 593 2956 660 peccata
3001 592 3194 644 vestra
3245 592 3310 642 ut
3358 587 3739 656 Phoenicium,

2099 698 2120 726 ι
2159 677 2314 732 sicut
2347 678 2537 732 nivem
2571 675 2854 732 dealbabo
2887 677 3014 746 (15a.
3051 675 3113 747 ι.)
3143 699 3172 726 υ
3206 676 3446 743 Quando
3479 691 3616 748 ergo
3647 677 3747 733 de-

2093 765 2290 822 albata
2321 769 2426 833 est,
2481 764 2626 820 nihil
2679 766 2814 820 boni
2871 766 3228 821 merebatur.
3263 765 3394 822 Jam
3450 781 3584 820 vero
3615 764 3749 822 alba

2093 856 2266 924 facta,
2303 856 2448 910 bene
2472 853 2757 922 ambulat,
2790 855 2890 909 sed
2923 853 2969 910 si
3003 872 3180 927 super
3208 871 3414 922 eum,a
3441 871 3556 926 quo
3595 855 3748 910 deal-

2094 945 2248 1006 hate,
2300 948 2732 1017 perseveranter
2795 945 3118 999 incumbat.
3183 945 3422 1016 Propter
3479 945 3633 1014 quod
3689 949 3747 1000 et

2095 1034 2220 1105 ipse
2258 1035 2454 1102 Jesus,
2503 1051 2678 1105 super
2725 1051 2894 1105 quem
2948 1033 3238 1088 incumbit
3279 1033 3568 1098 dealbata,
3601 1033 3750 1088 dixit

2095 1122 2401 1196 discipulis
2447 1125 2571 1178 suis
2623 1141 2635 1177 :
2687 1147 2712 1173 (ι
2747 1124 2880 1179 Sine
2928 1139 3021 1177 me
3070 1121 3217 1176 nihil
3267 1121 3515 1193 potestis
3561 1122 3746 1178 facere

2097 1234 2123 1262 α
2153 1215 2330 1282 (Ιοαη.
2361 1215 2474 1281 xv).
2510 1235 2537 1262 »

2163 1301 2303 1358 XIV.
2339 1303 2521 1374 (Ibi/1.)
2553 1302 2715 1358 Dona
2738 1319 2846 1358 sua
2875 1307 3115 1357 coronat
3145 1299 3321 1368 Deus,
3375 1316 3490 1356 non
3539 1300 3750 1357 meriia

2094 1395 2218 1458 tua,
2251 1392 2300 1446 si
2329 1391 2436 1446 tibi
2469 1407 2502 1447 a
2530 1392 2737 1464 teipse,
2770 1408 2886 1447 non
2917 1391 2992 1446 ab
3023 1389 3146 1455 ille,
3181 1395 3321 1446 sunt
3369 1389 3576 1446 merita
3619 1393 3742 1459 tua,

2093 1483 2222 1536 Haec
2251 1481 2408 1536 enim
2441 1481 2488 1536 si
2520 1480 2660 1536 talia
2689 1485 2848 1549 sunt,
2883 1478 3037 1536 mala
3066 1483 3226 1546 sunt,
3259 1495 3386 1551 quis
3419 1495 3534 1534 non
3577 1495 3746 1534 cero-

2093 1574 2196 1625 nat
2225 1570 2406 1637 Deus;
2442 1571 2488 1626 si
2521 1574 2718 1626 autem
2752 1570 2906 1625 bona
2935 1573 3094 1637 sunt,
3120 1569 3220 1624 Dei
3244 1569 3399 1624 dona
3428 1567 3746 1640 sunt,quia

2091 1659 2244 1715 sicut
2271 1661 2416 1715 dicit
2443 1659 2743 1732 apostolus
2771 1658 3026 1714 Jacobus
3062 1674 3074 1713 :
3105 1681 3126 1706 κ
3161 1657 3346 1712 Omne
3368 1657 3570 1712 datum
3603 1657 3750 1730 epti-

2011 1778 2061 1844 Β
2096 1770 2123 1800 υ
2156 1765 2319 1804 mum
2341 1753 2397 1804 et
2417 1765 2589 1805 omne
2620 1749 2837 1804 denum
2863 1747 3185 1820 perfectum
3207 1747 3519 1802 desursum
3542 1750 3632 1802 est
3651 1747 3750 1802 de-

2105 1859 2132 1888 ‹‹
2163 1838 2451 1894 scandens
2501 1855 2534 1892 a
2578 1837 2744 1893 Patre
2791 1835 3087 1892 luminum
3119 1835 3250 1906 (Jac.
3288 1834 3347 1906 ι).
3391 1856 3420 1884 π
3453 1833 3616 1890 Unde
3663 1834 3754 1889 di-

2100 1928 2182 1984 cit
2209 1927 2460 1982 Joannes
2493 1942 2816 1998 prrecursor
2847 1923 3080 1980 Domini
3110 1925 3291 1980 nostri
3326 1941 3377 1978 ια
3409 1923 3532 1980 Νο0
3567 1926 3759 1996 potest

2105 2036 2132 2065 «ι
2163 2015 2338 2070 homo
2370 2015 2632 2086 accipere
2660 2011 3142 2084 quidquam,nisi
3170 2012 3345 2068 fuerit
3374 2011 3424 2067 ei
3457 2012 3660 2067 datum
3683 2011 3758 2066 de

2105 2125 2133 2154 (ι
2161 2103 2305 2160 00010
2337 2105 2510 2176 (Ιοαη.
2545 2105 2650 2174 m).
2685 2125 2712 2154 ››
2749 2101 2962 2173 Utique
2991 2101 3062 2156 de
3092 2099 3256 2167 cmlo,
3283 2101 3440 2156 unde
3467 2100 3644 2156 etiam
3660 2116 3759 2155 ve-

2101 2193 2189 2248 nit
2215 2193 2489 2266 Spiritus,
2523 2193 2758 2265 quando
2781 2192 2956 2247 Jesus
2986 2190 3252 2246 ascendit
3289 2190 3348 2244 in
3380 2189 3586 2258 altum,
3619 2205 3758 2261 cap-

2100 2281 2300 2336 tivavit
2328 2281 2745 2354 captivitatem,
2771 2280 2936 2336 dedit
2961 2281 3116 2334 dona
3145 2277 3506 2334 hominibus.

2171 2371 2284 2426 XV.
2314 2371 2465 2443 (Cap.
2511 2370 2590 2440 8.)
2633 2369 2767 2425 Vita
2815 2369 2970 2425 bona
3019 2371 3220 2424 nostra
3265 2366 3413 2423 nihil
3458 2371 3548 2424 est
3596 2366 3758 2424 aliud

2100 2477 2276 2532 quam
2313 2459 2413 2516 Dei
2438 2458 2646 2532 gratia.
2681 2459 2819 2514 Sine
2850 2458 3030 2513 dubio
3077 2461 3136 2513 et
3181 2457 3300 2512 vita
3347 2459 3580 2524 aeterna,
3626 2473 3756 2528 quae

2100 2551 2264 2606 bona:
2305 2550 2436 2604 vita:
2487 2549 2771 2612 redditur,
2821 2547 2921 2604 Dei
2977 2547 3164 2620 gratia
3200 2552 3312 2602 est.
3344 2547 3414 2602 Et
3441 2547 3571 2618 ipsa
3597 2545 3757 2602 enim

2101 2638 2283 2712 gratis
2315 2640 2506 2705 datur,
2522 2637 2662 2710 quia
2691 2636 2874 2710 gratis
2905 2635 3044 2692 data
3072 2641 3162 2691 est
3191 2635 3292 2691 illa
3319 2635 3413 2691 cui
3444 2635 3758 2690 datur.Sed

2099 2727 2200 2784 illa
2229 2727 2324 2783 cui
2357 2728 2549 2790 datur,
2581 2725 2989 2782 tantummodo
3019 2723 3208 2796 gratia
3237 2728 3346 2780 est.
3381 2723 3512 2779 11ωο
3560 2726 3756 2778 autem

2100 2833 2226 2888 qua:
2257 2815 2340 2870 illi
2373 2817 2564 2883 datur,
2599 2814 2879 2886 quoniam
2911 2813 3221 2886 praamium
3256 2813 3384 2884 ejus
3427 2817 3536 2880 est,
3568 2811 3760 2884 gratia

2099 2909 2188 2962 est
2217 2923 2319 2978 pro
2351 2904 2558 2978 gratia,
2593 2909 2876 2976 tanquam
2909 2918 3132 2958 merces
3165 2919 3268 2974 pro
3295 2901 3549 2974 justitia.

2169 2993 2311 3049 XVI.
2345 2993 2499 3065 (Capi
2551 2993 2660 3064 11.)
2709 2993 2950 3060 Quando
3001 2991 3211 3063 spiritu
3263 2992 3521 3046 actiones
3564 2989 3762 3047 carnis

2106 3082 2476 3138 mortiﬁcatis
2508 3088 2574 3137 ut
2601 3081 2826 3148 vivatis,
2863 3081 3028 3136 illum
3061 3080 3404 3152 gloriﬁcate,
3436 3079 3604 3136 illum
3633 3079 3762 3135 lau-

339 3171 525 3226 Deum
557 3173 758 3224 nostra
785 3167 1107 3234 conversio,
1151 3184 1266 3222 non
1308 3169 1360 3224 ei
1411 3169 1698 3224 diceretur
1731 3187 1743 3224 :
1782 3193 1810 3219 ‹‹
1840 3171 1996 3228 Deus
2023 3147 2069 3216 CI
2106 3173 2258 3240 date,
2279 3171 2360 3226 illi
2392 3171 2612 3244 gratias
2645 3171 3004 3244 agite,cujus
3027 3170 3239 3241 spiritu
3271 3168 3622 3242 agimini,ut
3650 3167 3765 3225 ista

340 3280 368 3308 ‹‹
399 3257 982 3324 virtutum,converte
1014 3273 1120 3311 nos
1153 3257 1322 3327 (Psal.
1359 3259 1574 3328 Lxxxx);
1608 3265 1700 3314 net
1732 3277 1783 3314 τα
1817 3259 1991 3326 Deus,

345 3369 375 3398 «
407 3351 471 3402 tu
499 3349 840 3402 convertens
867 3343 1192 3407 viviﬁcabis
1224 3362 1330 3400 nos
1361 3347 1531 3414 (1)δαὶ.
1568 3351 1810 3418 Lxxxw),
1838 3370 1865 3397 ››
1898 3353 1992 3406 et:

339 3459 368 3488 ‹‹
399 3435 676 3492 Converte
705 3451 832 3502 nos,
866 3433 1019 3488 Deus
1071 3433 1390 3490 sanitatum
1442 3440 1777 3492 nostrarum
1821 3439 1992 3506 (Psal.

341 3547 369 3576 ‹‹
403 3525 645 3592 Lxxxw),
673 3527 731 3578 et
777 3521 1120 3593 hujusmodi
1169 3521 1304 3589 alia,
1358 3541 1486 3595 qua:
1537 3540 1996 3583 commemorare

337 3615 578 3687 longum
611 3616 715 3668 est.
753 3612 900 3667 Nam
929 3615 986 3666 et
1017 3611 1211 3667 venire
1263 3613 1334 3666 ad
1386 3612 1684 3668 Christum
1733 3615 1874 3686 quid
1907 3620 1996 3673 est

339 3702 523 3770 aliud,
573 3701 686 3758 nisi
737 3701 810 3756 ad
865 3715 999 3756 eum
1049 3701 1336 3756 credendo
1387 3701 1682 3758 converti?
1714 3708 1769 3760 et
1798 3707 1994 3760 tamen

339 3790 422 3846 ait
451 3807 512 3847 :«
540 3790 720 3846 Nemo
752 3792 947 3862 potest
975 3788 1172 3845 venire
1201 3791 1272 3844 ad
1307 3805 1420 3858 me,
1454 3790 1567 3846 nisi
1598 3792 1799 3848 datum
1824 3793 1996 3850 fuerit

343 3901 371 3930 ‹‹
405 3897 440 3935 a
468 3879 635 3934 Patre
668 3894 798 3934 meo
831 3877 1006 3950 (Joan.
1038 3877 1136 3948 v1).

409 3966 1062 4038 XII.(Cap.6.)Probatur
1075 3967 1263 4038 gratia
1279 3967 1380 4023 Dei
1396 3985 1509 4023 non
1534 3970 1856 4026 secundum
1882 3987 1996 4028 me-

341 4057 456 4114 rita
485 4058 686 4110 nostra
715 4054 865 4124 dari,
899 4054 1376 4126 quandoquidem
1427 4073 1540 4112 non
1591 4057 1782 4114 solum
1815 4059 1994 4116 nullis

343 4145 742 4212 bonis,verum
765 4142 942 4198 etiam
970 4141 1172 4199 multis
1195 4145 1422 4200 meritis
1438 4145 1610 4202 malis
1628 4149 1996 4219 praaccdenti-

342 4235 456 4290 bus
485 4231 754 4288 videmus
784 4231 1003 4299 datam,
1029 4235 1084 4288 et
1112 4229 1668 4305 quotidie’videmus
1701 4237 1846 4294 dari.
1881 4237 1993 4293 Sed

345 4323 518 4397 plane
547 4337 682 4377 cum
711 4321 846 4376 data
879 4321 1068 4389 tuerit,
1101 4321 1393 4395 incipiunt
1423 4340 1550 4380 esse
1577 4325 1753 4381 etiam
1786 4326 1993 4382 merita

345 4415 547 4469 nostra
576 4409 749 4478 bona,
783 4427 885 4483 per
915 4410 1076 4466 illam
1105 4415 1322 4468 tamen.
1359 4411 1504 4468 Nam
1538 4413 1586 4470 si
1618 4431 1680 4469 se
1705 4413 1807 4470 illa
1851 4415 1996 4471 sub-

2102 3259 2364 3327 valeatis,
2399 3265 2456 3316 et
2487 3277 2588 3315 vos
2623 3259 2772 3314 ﬁlios
2807 3260 2907 3314 Dei
2941 3274 3072 3314 esse
3102 3258 3463 3314 monstretis.
3486 3257 3764 3329 (Cap.12.)

2105 3353 2400 3421 Quotquot
2428 3348 2583 3404 enim
2609 3348 2818 3419 spiritu
2840 3347 2940 3403 Dei
2965 3347 3306 3419 aguntur,hi
3339 3345 3445 3401 lilii
3467 3350 3608 3402 sunt
3628 3345 3762 3412 Dei;

2106 3443 2393 3512 quotquot
2421 3453 2556 3509 ergo
2591 3437 2867 3507 adjuncto
2918 3435 3042 3492 solo
3087 3434 3376 3507 adjutorio
3424 3434 3592 3508 legis,
3634 3433 3762 3490 sine

2105 3527 2397 3600 adjutorio
2449 3527 2669 3598 gratim,
2717 3526 3076 3581 conﬁdentes
3125 3525 3185 3582 in
3232 3524 3446 3580 virtute
3483 3541 3610 3596 sua,
3651 3541 3760 3580 suo

2106 3617 2316 3690 spiritu
2347 3619 2624 3688 aguntur,
2648 3630 2762 3668 non
2790 3618 2931 3668 sunt
2962 3613 3067 3669 ﬁlii
3099 3614 3220 3670 Dei.

2175 3705 2345 3760 XVII.
2376 3704 2524 3775 (Cap.
2563 3701 2672 3772 14.)
2706 3702 2902 3774 Neque
2936 3703 3180 3758 scientia
3220 3703 3428 3758 divina:
3459 3701 3625 3774 legis,
3660 3717 3760 3756 ne-

2105 3810 2218 3867 que
2248 3798 2672 3862 natura,neque
2702 3790 2826 3847 sola
2859 3791 3126 3848 remissio
3158 3795 3530 3864 peccatorum
3552 3793 3642 3845 est
3663 3788 3764 3846 illa

2104 3883 2290 3958 gratia
2313 3899 2438 3954 quze
2462 3897 2566 3953 per
2579 3880 2782 3936 Jesum
2815 3881 3116 3937 Ghristum
3148 3880 3464 3936 Dominum
3495 3883 3764 3934 nostrum

2103 3974 2304 4038 datur;
2339 3971 2439 4026 sed
2472 3971 2600 4042 ipsa
2630 3969 2768 4026 facit
2799 3974 2864 4025 ut
2893 3969 2985 4024 lex
3013 3969 3414 4042 impleatur,et
3445 3973 3655 4024 natura
3684 3965 3763 4022 li-

2103 4063 2356 4128 beretur,
2389 4076 2461 4115 ne
2489 4063 2794 4132 peccatum
2825 4059 3181 4114 dominetur.

2175 4148 2568 4222 XVIII.(Ibid.)
2599 4148 2761 4214 Quod
2792 4146 2885 4203 lex
2907 4147 3079 4220 jubet
3109 4147 3296 4204 facere
3327 4163 3444 4204 non
3474 4145 3762 4214 valemus,

2104 4237 2218 4294 nisi
2248 4255 2348 4310 per
2379 4238 2552 4294 {idem
2586 4238 2844 4309 rogando
2875 4237 3259 4310 impetremus
3280 4241 3348 4292 ut
3369 4237 3558 4293 facere
3575 4235 3770 4292 valea-

2106 4327 2411 4384 mus.Nam
2445 4327 2490 4381 si
2526 4326 2669 4381 fides
2715 4325 2881 4381 liberi
2929 4329 3018 4382 est
3059 4325 3467 4382 tantummodo
3517 4323 3769 4390 arbitrii,

2103 4433 2208 4472 nec
2243 4417 2414 4470 datur
2444 4431 2477 4470 a
2503 4413 2639 4480 Dee,
2674 4418 2910 4486 propter
2941 4414 3082 4486 quid
3123 4431 3225 4486 pro
3275 4414 3358 4470 eis
3405 4415 3504 4487 qui
3557 4411 3772 4469 nolunt

346 4499 608 4568 traxerit,
639 4499 794 4578 cadit
821 4499 1019 4566 homo,
1037 4517 1153 4556 non
1183 4504 1433 4568 erectus,
1466 4501 1567 4558 sed
1599 4501 1992 4574 praecipitatus
2023 4515 2070 4580 D
2109 4505 2363 4570 credere,
2397 4518 2636 4558 eramus
2669 4506 2735 4558 ut
2763 4502 3041 4558 credant?
3069 4503 3230 4570 Quod
3266 4519 3508 4576 prorsus
3549 4503 3770 4558 facere-

344 4589 526 4646 1ibero
557 4588 1188 4662 arbitrio.Quapropter
1218 4605 1323 4646 nec
1354 4590 1590 4661 quando
1619 4591 1858 4662 coeperit
1887 4592 1989 4648 ho-

2106 4610 2239 4652 mus
2296 4589 2550 4648 inaniter
2607 4589 2720 4646 nisi
2780 4591 3104 4647 rectissime
3154 4591 3526 4648 crederemus
3584 4592 3769 4652 etiam

346 4695 442 4734 me
473 4676 686 4732 habere
711 4676 920 4732 merita
945 4677 1098 4734 bona
1123 4677 1234 4734 sibi
1266 4677 1440 4733 debet
1468 4677 1725 4734 tribucre
1756 4677 1876 4747 illa,
1901 4682 2003 4737 sed
2113 4697 2414 4756 perversae
2443 4684 2502 4737 et
2531 4678 2666 4737 fidei
2701 4679 3024 4736 contrarias
3053 4679 3382 4738 voluntates
3406 4682 3770 4754 omnipoten-

347 4765 489 4834 Deo,
520 4764 620 4838 qui
649 4764 862 4822 dicitur
893 4783 907 4822 :
946 4789 974 4817 α
1002 4767 1249 4838 Adjutor
1280 4782 1446 4823 meus
1477 4771 1622 4836 esto,
1660 4784 1733 4824 ne
1762 4769 2008 4827 derelin'

352 4880 374 4905 ι
411 4871 562 4928 quas
593 4871 686 4910 me
710 4856 878 4924 (Psal.
915 4859 1090 4925 XXVI).
1127 4877 1157 4905 »

419 4943 1164 5014 Xlll.(Ibid.)Neccssarium
1189 4948 1279 4999 est
1298 4943 1522 5006 homini
1559 4951 1619 5000 ut
1649 4949 1868 5018 gratias
1901 4948 2000 5004 Dei

351 5051 466 5088 non
500 5033 690 5088 solum
713 5034 1078 5105 justiﬁcetur
1103 5031 1349 5103 impius,
1371 5031 1428 5087 id
1453 5038 1563 5100 est,
1597 5051 1665 5090 ex
1697 5035 1878 5109 impie
1902 5038 2003 5094 fiat

339 5123 704 5194 justus,cum
739 5122 1063 5178 redduntur
1089 5119 1140 5174 ei
1172 5119 1324 5174 bona
1345 5137 1449 5191 pro
1473 5121 1775 5192 malis,sed
1797 5124 1996 5195 etiam,

2111 4777 2228 4828 tem
2261 4771 2447 4826 Deum
2478 4769 2552 4826 ad
2582 4769 2938 4826 credendum
2968 4786 3139 4841 posse
3169 4774 3522 4826 convertere.

2181 4860 2320 4916 XIX.
2374 4862 2529 4930 (Cap.
2591 4858 2700 4929 15.)
2761 4857 3204 4914 Meminerimus
3263 4859 3446 4914 Deum
3503 4858 3692 4916 dicere
3754 4876 3772 4918 :

2115 4974 2140 4998 ‹‹
2173 4947 2590 5005 Convertimini
2616 4952 2672 5002 et
2701 4947 2927 5016 vivetis,
2959 4950 2989 4998 ’››
3024 4948 3119 5003 cui
3151 4946 3370 5004 dicitur
3397 4966 3458 5003 :«
3491 4949 3774 5006 Converte

2114 5061 2141 5088 ι‹
2171 5055 2299 5109 nos,
2333 5039 2562 5093 Deus.»
2596 5036 3037 5093 Meminerimus
3068 5037 3250 5092 Deum
3282 5037 3476 5093 dicere
3510 5055 3560 5092 ;‹‹
3595 5038 3781 5110 Proji-

2116 5151 2136 5175 α
2173 5126 2280 5182 cite
2311 5143 2344 5181 a
2373 5125 2537 5181 vobis
2569 5141 2772 5181 omnes
2804 5125 3138 5197 impietates
3162 5129 3416 5194 vestras;
3451 5143 3621 5182 neum
3644 5125 3777 5200 ipsc

350 5227 483 5266 cum
515 5211 692 5267 fuerit
704 5212 832 5281 jam
854 5207 1217 5280 justificatus
1237 5224 1306 5264 ex
1327 5209 1730 5276 ﬁde,ambulet
1749 5231 1885 5270 cum
1903 5215 2000 5272 illo
2101 5216 2393 5286 justiﬁcet
2423 5214 3148 5287 impium.Meminerimus
3169 5214 3364 5288 ipsum
3384 5216 3576 5272 dicere
3603 5232 3652 5270 :«
3674 5217 3783 5275 Fa.

349 5299 560 5372 gratia,
596 5304 654 5355 et
684 5297 987 5352 incumbat
1015 5312 1193 5368 super
1222 5297 1410 5370 ipsam
1443 5314 1513 5354 ne
1541 5301 1730 5356 cadat.
1767 5302 2004 5376 Propter

351 5388 461 5445 hoc
491 5389 779 5458 scriptum
809 5389 900 5441 est
928 5385 988 5441 in
1019 5386 1253 5442 Cantice
1275 5386 1635 5444 canticorum
1659 5391 1730 5446 de
1751 5389 1880 5464 ipsa
1904 5393 2004 5447 Ec-

352 5477 527 5533 clesia
561 5477 750 5541 :«Qua:
781 5479 870 5531 est
895 5473 1007 5530 ista
1036 5493 1162 5546 qua}
1195 5476 1458 5534 ascendit
1486 5477 2004 5547 dealbata,incum-

357 5586 385 5616 ‹‹
415 5566 558 5621 bens
590 5579 767 5637 super
795 5563 1131 5622 fratruelcm
1163 5566 1376 5623 suum?
1406 5589 1434 5618 ››
1469 5567 1646 5638 (Cant.
1671 5571 1820 5639 vm.)
1835 5567 2001 5626 Deal-

2115 5327 2142 5354 ‹‹
2175 5305 2287 5361 cite
2315 5304 2481 5360 vobis
2511 5321 2610 5360 cer
2657 5319 2870 5360 novum
2920 5307 2978 5360 et
3027 5304 3302 5376 spiritum
3345 5321 3579 5372 novum,
3609 5330 3630 5360 ι
3668 5304 3768 5378 qui

2112 5393 2256 5449 dicit
2287 5409 2300 5447 :
2332 5415 2351 5442 α
2390 5393 2547 5448 Dabo
2578 5391 2744 5449 vobis
2774 5409 2874 5448 cor
2912 5409 3127 5449 novum
3160 5399 3218 5448 et
3242 5392 3518 5466 spiritum
3552 5410 3773 5452 novum

2119 5503 2141 5531 α
2176 5482 2324 5537 dabo
2375 5482 2538 5538 vobis
2571 5481 2743 5551 (Psal.
2799 5499 3028 5550 LXXXIV;
3055 5482 3242 5540 Ezech.
3278 5499 3439 5548 xvm,
3471 5484 3686 5557 xxxvx).
3742 5506 3766 5534 ι

2113 5571 2413 5639 Quomodo
2440 5586 2574 5642 ergo
2605 5571 2762 5642 quod
2793 5571 2935 5628 dicit
2969 5589 2980 5626 :
3025 5591 3048 5621 ε
3077 5570 3269 5628 Facite
3299 5571 3487 5642 vobis,
3522 5573 3662 5630 nhec
3683 5571 3772 5648 di_
