4094 6186
270 303 385 369 125

1051 308 1155 372 DE
1194 311 1984 390 PR/EDESTINATIONE,
2032 315 2232 396 ETC.,
2277 319 2383 382 EX
2425 320 2902 391 AUGUSTINO.

3571 331 3686 399 196

264 440 348 497 cit
378 456 391 495 :
418 463 441 490 ι
480 439 643 497 Dabo
684 441 949 499 vobis?»
980 446 1168 510 Quare
1189 447 1380 517 jubet,
1415 447 1464 503 si
1509 447 1633 520 ipse
1676 449 1922 541 daturus
1952 449 2009 517 Α
2107 453 2291 509 XXIV.
2328 456 2479 529 (Cap.
2538 459 2641 530 18).
2675 460 2791 515 Cur
2837 461 3061 519 dictum
3109 468 3199 522 est
3245 477 3310 521 τι(
3360 465 3687 541 Diligamus

263 530 391 586 est?
418 532 611 596 Quare
642 531 766 600 dat,
789 530 839 586 si
870 531 1043 589 homo
1068 534 1328 591 fac-turus
1359 537 1485 593 est?
1516 538 1627 593 nisi
1655 539 1794 611 quia
1825 539 1925 595 dat

262 617 418 691 quod
444 617 642 689 jubet,
673 634 809 674 cum
844 621 1081 693 adjuvat
1112 627 1179 678 ut
1207 624 1385 681 faciat
1413 626 1507 682 cui
1529 623 1721 699 jubet.

330 706 444 761 XX.
467 705 625 779 (Cap.
653 708 766 776 15.)
790 709 1031 783 Semper
1051 717 1138 767 est
1158 712 1217 768 in
1241 715 1410 771 nobis
1430 716 1702 774 voluntas
1718 719 1920 789 libera,

184 854 193 867 θ
258 795 360 850 sed
394 812 514 850 non
549 802 895 869 semperest
918 800 1088 855 bona.
1112 803 1225 857 Aut
1245 804 1399 861 enim
1423 822 1456 861 a
1479 806 1714 877 justitia
1742 808 1923 866 libera

257 888 347 939 est
376 885 619 961 quando
651 887 829 942 servit
860 895 1114 960 peccato,
1147 897 1204 947 et
1233 896 1373 949 tunc
1404 901 1491 951 est
1523 896 1677 952 mala
1711 914 1724 952 :
1759 903 1861 954 aut
1891 917 1925 955 a

258 977 500 1046 peccato
528 973 717 1030 libera
745 981 833 1032 est
854 980 1086 1050 quando
1111 982 1287 1038 servit
1307 984 1573 1055 justitize,
1597 991 1655 1041 et
1674 990 1813 1042 tunc
1835 993 1925 1043 est

256 1062 655 1118 bona.Gratia
681 1082 814 1120 vero
846 1066 947 1122 Dei
981 1086 1211 1141 semper
1240 1077 1331 1127 est
1364 1074 1537 1143 bona,
1563 1079 1617 1131 et
1652 1093 1752 1148 per
1772 1077 1921 1132 hanc

257 1152 325 1206 ﬁt
352 1154 418 1205 ut
447 1151 531 1207 sit
561 1152 740 1209 homo
786 1155 1104 1214 voluntatis
1149 1160 1334 1230 bonas,
1368 1162 1468 1234 qui
1498 1164 1661 1236 prius
1692 1165 1804 1221 fuit
1832 1183 1923 1220 vo-

257 1239 507 1295 luntatis
542 1242 732 1297 mala}.
760 1244 865 1300 Per
892 1246 1043 1302 hanc
1074 1250 1249 1305 etiam
1282 1250 1368 1320 ﬁt,
1394 1257 1461 1307 ut
1491 1252 1619 1325 ipsa
1650 1254 1802 1310 bona
1831 1272 1924 1311 vo-

252 1328 477 1398 luntas,
496 1347 630 1402 quae
643 1332 772 1403 jam
797 1350 924 1390 esse
945 1338 1138 1410 coepit,
1154 1345 1459 1413 augeatur,
1484 1346 1542 1397 et
1564 1345 1683 1398 tam
1706 1361 1922 1418 magna

252 1418 371 1486 ﬁat,
399 1423 470 1474 ut
498 1421 691 1491 possit
721 1422 961 1496 implere
983 1426 1180 1483 divina
1202 1430 1481 1486 mandata
1502 1448 1628 1504 qua:
1647 1431 1919 1503 voluerit,

248 1524 382 1563 cum
417 1508 592 1565 valde
625 1511 993 1586 perfectaque
1022 1515 1290 1574 voluerit.
1323 1520 1405 1575 Ad
1443 1521 1549 1576 hoc
1581 1523 1738 1578 enim
1766 1522 1918 1579 valet

248 1597 407 1670 quod
439 1596 735 1671 scriptum
768 1605 857 1657 est
882 1619 895 1657 :
924 1626 951 1653 ‹‹
975 1604 1032 1660 Si
1055 1605 1328 1675 volucris,
1358 1611 1730 1669 conservabis
1758 1627 1923 1667 man-

251 1708 279 1736 σι
308 1687 454 1741 data
487 1688 681 1757 (Ecrli.
706 1690 864 1759 xv),»
890 1696 956 1747 ut
985 1692 1161 1750 homo
1194 1696 1293 1767 qui
1322 1697 1572 1754 voluerit
1593 1704 1649 1755 et
1679 1718 1795 1757 non
1828 1699 1925 1773 po'

253 1775 455 1844 tuerit,
490 1779 761 1833 nondum
794 1796 855 1835 se
885 1780 1057 1853 plane
1085 1783 1230 1840 velle
1272 1792 1587 1860 cognoscat
1616 1790 1827 1860 etforet
1857 1796 1921 1846 ut

252 1861 470 1917 habeat
496 1867 727 1921 tantam
770 1867 1151 1941 voluntatem,
1184 1880 1408 1945 quanta
1453 1878 1673 1934 sufﬁcit
1703 1880 1773 1935 ad
1806 1880 1914 1936 im-

251 1950 470 2023 plenda
523 1955 823 2011 mandata.
858 1957 952 2014 Sic
993 1960 1208 2034 quippe
1268 1965 1577 2036 adjuvetur
1629 1972 1693 2023 ut
1745 1968 1919 2026 faciat

251 2041 409 2113 quod
435 2042 711 2113 jubetur.

316 2128 467 2185 XXI.
500 2130 654 2203 (Cap.
687 2135 799 2203 16.)
820 2137 945 2193 Non
971 2140 1204 2211 juberet
1230 2142 1384 2200 Deus
1417 2148 1569 2217 quod
1604 2148 1779 2204 sciret
1800 2166 1915 2205 non

246 2235 428 2290 posse
456 2219 536 2275 ab
566 2220 805 2280 homine
836 2227 981 2294 ﬁeri,
1011 2231 1144 2301 quis
1194 2232 1304 2288 hoc
1334 2234 1598 2291 nesciat?
1645 2237 1755 2293 Sed
1788 2239 1916 2294 ideo

249 2395 325 2451 ab
358 2395 465 2488 illo
497 2403 696 2488 petere
726 2402 1068 2462 debeamus.
1105 2407 1239 2481 Ipsa
1281 2415 1370 2467 est
1399 2414 1555 2470 enim
1588 2415 1754 2483 ﬁdes,
1789 2395 1915 2488 quae

250 2486 485 2540 orando
516 2486 795 2560 impetrat
824 2495 979 2565 quod
1013 2495 1102 2551 lex
1133 2498 1400 2571 imperat.

316 2573 499 2665 XXII.
522 2577 716 2652 (Ibid)
731 2580 967 2638 Certum
997 2590 1087 2641 est
1130 2605 1237 2644 nos
1278 2592 1556 2647 mandata
1584 2610 1835 2665 servare,
1867 2595 1917 2651 si

245 2662 554 2720 volumus.
591 2666 702 2722 Sed
734 2668 872 2740 quia
896 2680 1258 2747 praeparatur
1284 2678 1552 2737 voluntas
1584 2700 1618 2738 a
1646 2662 1914 2751 Domino,

250 2752 324 2807 ab
360 2751 467 2844 illo
499 2756 819 2825 petendum
852 2766 942 2817 est
973 2767 1038 2818 ut
1068 2769 1296 2823 tantum
1328 2768 1595 2841 velimus,
1630 2777 1915 2844 quantum

250 2841 488 2897 sufﬁcit
528 2847 593 2897 ut
623 2844 866 2903 volendo
913 2851 1218 2911 faciamus.
1243 2857 1476 2914 Certum
1507 2865 1596 2916 est
1643 2841 1750 2918 nos
1774 2862 1918 2919 velle

250 2945 393 2984 cum
425 2928 728 2989 volumus.
758 2935 869 2991 Sed
900 2937 995 2995 ille
1036 2942 1173 2998 facit
1202 2948 1267 2999 ut
1293 2945 1542 3004 velimus
1572 2950 1812 3017 bonum,
1847 2953 1918 3007 de

250 3034 374 3090 quo
403 3018 636 3112 dictum
669 3028 760 3079 est
790 3027 943 3097 quod
976 3031 1150 3101 paulo
1194 3038 1326 3090 ante
1374 3038 1565 3108 posui,
1589 3040 1746 3109 quod
1780 3057 1919 3112 pra:-

252 3110 512 3178 paratur
540 3108 813 3168 voluntas
835 3132 868 3169 a
886 3116 1238 3188 Domino,de
1260 3141 1374 3196 quo
1403 3108 1627 3183 dictum
1658 3133 1747 3184 est
1818 3151 1846 3179 ‹‹
1869 3132 1915 3185 Α

2038 566 2064 592 ‹‹
2096 541 2365 613 invicem,
2399 547 2535 618 quia
2578 548 2810 605 dilectio
2859 567 2929 607 ex
2980 552 3096 609 Deo
3126 558 3232 612 est.
3258 580 3285 605 n
3321 557 3369 628 (I
3393 559 3550 614 Joan.
3584 560 3688 629 IV),

2033 631 2145 688 nisi
2161 633 2299 704 quia
2316 640 2600 709 prmccpto
2618 639 2986 696 admonitum
3005 646 3093 697 est
3109 641 3360 701 liberum
3374 642 3687 705 arbitrium

2034 725 2098 777 ut
2119 728 2401 794 quaereret
2431 726 2532 781 Dei
2555 727 2812 783 donum?
2832 731 2991 795 Quod
3019 731 3256 802 quidem
3281 734 3407 792 sine
3433 753 3539 791 suo
3574 738 3689 793 fru-

2032 814 2127 866 ctu
2162 829 2402 884 prorsus
2441 815 2871 886 admoneretur,
2907 818 3019 874 nisi
3058 821 3221 892 prius
3260 824 3547 896 acciperet
3579 826 3685 882 ali-

2033 899 2171 971 quid
2203 901 2552 972 dilectionis,
2589 910 2653 960 ut
2692 907 2828 961 addi
2867 907 2977 964 sibi
3010 914 3294 981 quaereret
3334 913 3488 968 unde
3527 918 3683 985 quod

2023 990 2345 1060 jubebatur
2376 992 2662 1065 impleret,
2694 1014 2827 1051 cum
2862 998 3075 1053 dicitur
3099 1016 3111 1054 :
3137 1022 3164 1049 ‹‹
3189 1000 3516 1072 Diligamus
3546 1002 3688 1060 invi-

2034 1100 2061 1127 ‹‹
2097 1095 2244 1144 cem,
2270 1102 2296 1130 »
2323 1081 2413 1136 lex
2443 1086 2531 1138 est
2557 1100 2567 1138 :
2592 1102 2726 1140 cum
2750 1086 2982 1155 dicitur,
3013 1110 3039 1138 «
3065 1088 3201 1160 quia
3223 1089 3452 1145 dilectio
3477 1109 3545 1146 ex
3568 1093 3684 1149 Deo

2035 1188 2063 1215 ‹‹
2094 1173 2202 1235 est,
2228 1190 2255 1217 η
2274 1170 2462 1242 gratia
2501 1177 2608 1228 est.
2652 1174 2949 1245 Sapientia
2993 1176 3208 1249 quippe
3257 1178 3357 1234 Dei
3409 1179 3593 1253 legem
3626 1187 3686 1238 et

2031 1256 2493 1315 misericordiam
2527 1261 2585 1315 in
2618 1260 2819 1335 lingua
2850 1269 3063 1335 portat.
3090 1264 3252 1320 Unde
3283 1267 3567 1339 scriptum
3597 1273 3687 1326 est

2034 1343 2091 1399 in
2123 1344 2351 1417 psalmo
2388 1364 2400 1402 :
2427 1372 2453 1397 ‹‹
2487 1351 2556 1405 Et
2585 1351 2741 1406 enim
2784 1352 3249 1409 benedictionem
3282 1355 3441 1412 dabit
3473 1357 3573 1429 qui
3605 1358 3683 1414 lc-

2036 1453 2062 1482 ι(
2096 1450 2226 1505 gem
2260 1436 2417 1491 dedit
2448 1438 2616 1509 (Psal.
2653 1444 2905 1509 LXXXIII).
2932 1464 2958 1492 ››

2104 1523 2264 1579 XXV.
2300 1527 2451 1599 (Cap.
2481 1530 2595 1600 21).
2630 1530 2778 1596 Quid
2827 1536 2918 1587 est
2970 1532 3283 1601 amentius,
3330 1539 3387 1589 et
3436 1535 3508 1590 ab
3559 1536 3688 1608 ipsa

2033 1614 2340 1671 sanctitate
2372 1616 2626 1674 charitas
2661 1618 2910 1676 alienius
2953 1637 3131 1693 quam
3173 1623 3434 1678 conﬁteri
3468 1641 3537 1679 ex
3568 1625 3685 1682 Deo

2032 1718 2161 1758 esse
2182 1704 2509 1773 scientiam,
2534 1724 2663 1778 qua:
2683 1708 2810 1763 sine
2832 1708 3115 1766 charitate
3138 1712 3321 1777 inﬂat,
3346 1718 3404 1768 et
3426 1728 3494 1767 ex
3516 1714 3684 1771 nobis

2031 1809 2161 1848 esse
2178 1793 2676 1867 charitatcm,quaz
2698 1798 2836 1852 facit
2854 1803 2917 1853 ut
2934 1798 3178 1854 scientia
3198 1801 3401 1856 inﬂare
3418 1819 3532 1857 non
3558 1821 3686 1874 pos-

2027 1881 2144 1937 sit?
2167 1883 2310 1939 Item
2333 1898 2467 1938 cum
2497 1885 2640 1940 dicit
2671 1885 2985 1957 Apostolus
3013 1902 3025 1941 :
3053 1910 3080 1938 ‹‹
3108 1889 3296 1960 Super
3324 1891 3682 1947 eminentem

2030 1994 2057 2021 ‹‹
2089 1971 2342 2027 scientiae
2373 1972 2718 2029 charitatem
2749 1974 2963 2030 Christi
2987 1975 3206 2047 (Ephes.
3231 1976 3335 2048 ιιι),
3364 2000 3391 2027 ››
3422 1979 3562 2049 quid
3594 1983 3684 2035 est

2026 2060 2292 2116 insanius
2323 2078 2497 2133 quam
2533 2067 2740 2134 putare
2771 2080 2838 2119 ex
2880 2063 2997 2119 Deo
3030 2080 3159 2120 esse
3191 2065 3520 2134 scientiam,
3555 2084 3684 2139 qua;

2026 2150 2332 2205 subdenda
2351 2155 2441 2206 est
2460 2151 2753 2218 charitati,
2778 2157 2836 2207 et
2856 2169 2923 2207 ex
2944 2152 3288 2208 hominibus
3316 2154 3680 2227 charitatem,

2026 2255 2153 2309 qua:
2185 2240 2588 2310 supereminet
2617 2240 2873 2295 scientia}
2890 2241 2918 2296 Ἰ
2941 2240 3111 2298 Fides
3131 2246 3328 2297 autem
3349 2259 3484 2298 vera
3505 2248 3561 2298 et
3582 2245 3685 2300 do-

2025 2328 2215 2383 ctrina
2234 2345 2379 2383 sana
2407 2329 2611 2384 ambas
2641 2346 2771 2385 esse
2794 2328 2934 2384 dicit
2965 2347 3034 2384 ex
3066 2330 3203 2398 Deo,
3228 2330 3369 2402 quia
3399 2331 3684 2404 scriptum

2025 2422 2117 2473 est
2141 2434 2153 2474 :
2181 2439 2207 2467 α
2230 2419 2275 2472 Α
2306 2418 2453 2474 facie
2482 2418 2610 2490 ejus
2643 2417 2889 2474 scientia
2917 2423 2973 2474 et
3003 2418 3335 2474 intellectus
3366 2421 3682 2491 procedit,»

2026 2511 2084 2562 et
2113 2505 2397 2578 scriptum
2428 2510 2519 2563 est
2552 2525 2564 2562 :
2594 2529 2621 2556 «
2653 2507 2923 2564 Charitas
2964 2512 3159 2564 autem
3189 2525 3260 2563 ex
3288 2508 3405 2565 Deo
3431 2514 3542 2578 est,
3567 2532 3595 2560 »
3629 2514 3689 2566 et

2026 2595 2280 2668 legimus
2303 2596 2575 2668 spiritum
2609 2597 2865 2652 scientia:
2888 2600 2945 2651 et
2966 2596 3223 2668 pietatis,
3246 2596 3498 2669 legimus
3521 2599 3687 2671 spiri-

2025 2688 2152 2739 tum
2176 2684 2409 2740 virtutis
2438 2689 2495 2740 et
2516 2685 2841 2752 charitatis,
2859 2689 2915 2740 et
2938 2684 3331 2740 continentiae.
3358 2687 3467 2742 Sed
3491 2688 3686 2759 majus

2026 2777 2115 2828 est
2146 2774 2365 2828 donum
2397 2773 2721 2841 charitatis,
2747 2790 2925 2845 quam
2947 2772 3387 2828 scientiaz.Nam
3419 2774 3681 2844 scientia,

2026 2863 2264 2933 quando
2295 2866 2385 2917 est
2425 2863 2483 2917 in
2530 2861 2789 2928 homine,
2823 2860 3077 2916 eharitas
3109 2865 3197 2916 est
3227 2863 3577 2930 necessaria,
3612 2880 3685 2919 ne

2025 2950 2280 3005 infletur.
2314 2950 2578 3005 Charitas
2625 2952 2818 3004 autem
2871 2965 2985 3002 non
3032 2948 3360 3018 inmutatur,
3396 2967 3510 3005 non
3563 2952 3685 3025 agit

2028 3055 2357 3111 perperam,
2390 3056 2505 3093 non
2539 3038 2794 3092 inflatur.

2097 3127 2285 3183 XXVI.
2312 3127 2461 3199 (Cap.
2485 3127 2599 3198 20.)
2622 3126 2821 3183 Gratia
2852 3124 2951 3181 Dei
2972 3126 3244 3182 voluntas
3273 3126 3535 3182 humana
3565 3145 3680 3183 non

255 3218 284 3246 α
320 3196 581 3253 Ι)οωὶηο
611 3216 851 3271 gressus
882 3204 1135 3264 hominis
1167 3190 1509 3285 dirigentur,
1536 3220 1591 3271 et
1611 3218 1763 3273 viam
1786 3220 1914 3290 ejus
1945 3190 1988 3258 Ο
2025 3217 2270 3283 tollitur,
2305 3218 2406 3272 sed
2439 3235 2507 3272 ex
2549 3215 2703 3271 mala
2737 3219 3002 3270 mutatur
3048 3215 3109 3270 in
3164 3216 3408 3284 bonam;
3443 3220 3499 3272 et
3548 3233 3682 3271 cum

249 3308 279 3335 α
307 3284 472 3341 volet
501 3287 684 3358 (Psal.
728 3295 940 3365 χχχιιι),
964 3318 991 3346 n
1016 3298 1088 3353 de
1117 3316 1231 3371 quo
1280 3284 1499 3360 dictum
1550 3311 1675 3363 est:
1703 3329 1730 3357 ‹‹
1763 3284 1917 3365 Deus

253 3396 283 3422 «ί
315 3373 425 3445 qui
458 3380 739 3447 operatur
769 3379 827 3436 in
856 3383 1020 3440 vobis
1049 3392 1105 3442 et
1136 3388 1279 3446 velle
1310 3392 1480 3460 (Psal.
1516 3399 1599 3461 ιι).
1624 3418 1651 3445 ››
1679 3395 1915 3452 Certum

248 3467 345 3518 est
375 3479 490 3519 nos
521 3463 711 3522 facere
742 3485 875 3525 cum
908 3472 1176 3532 facimus.
1203 3479 1313 3534 Sed
1356 3479 1450 3536 ille
1478 3482 1615 3539 facit
1646 3489 1711 3540 ut
1732 3485 1913 3541 facia-

249 3568 411 3618 mus,
437 3553 755 3624 przebendo
802 3559 954 3618 vires
1003 3565 1443 3625 efﬁcacissimas
1473 3570 1776 3641 voluntati,
1813 3576 1912 3647 qui

247 3639 400 3695 dixit
432 3657 501 3694 :«
535 3643 767 3701 Faciam
797 3653 864 3704 ut
893 3650 951 3705 in
975 3654 1505 3724 justiﬁcationibus
1537 3661 1684 3717 meis
1715 3664 1919 3719 ambu-

248 3751 278 3778 κ
310 3728 472 3797 letis,
506 3734 567 3786 et
583 3732 814 3823 judicia
852 3755 984 3796 mea
1013 3743 1334 3802 observetis
1366 3751 1422 3802 et
1452 3748 1677 3806 faciatis
1700 3752 1910 3823 (Ezech.

250 3823 589 3915 «.nxsvi).p
617 3821 763 3915 cum
801 3827 975 3885 dicit:
1002 3852 1030 3881 ‹‹
1068 3832 1299 3891 Faciam
1342 3841 1408 3892 ut
1446 3821 1743 3909 faciatis,»
1772 3844 1911 3915 quid

251 3906 435 4001 aliud.
450 3908 598 4001 dicit
629 3911 763 3983 nisi,
785 3915 1058 3975 Auferam
1083 3939 1117 3977 a
1135 3924 1299 3981 vobis
1319 3941 1418 3982 cor
1439 3906 1734 4001 lapideum
1760 3906 1914 3987 unde

252 4013 371 4051 non
406 3996 736 4071 faciebatis,
760 4009 817 4060 et
842 4005 992 4065 dabo
1022 4026 1121 4067 cor
1142 4028 1415 4071 carneum
1450 3996 1602 4074 unde
1641 4019 1868 4076 faciatis
1885 4020 1913 4075 ?

251 4084 324 4140 Et
355 4085 471 4141 hoc
504 4087 647 4159 quid
678 4095 767 4148 est
796 4093 930 4165 nisi,
954 4098 1225 4157 Auferam
1251 4119 1348 4159 cor
1369 4105 1583 4162 durum
1609 4109 1765 4164 unde
1797 4126 1912 4165 non

254 4173 586 4243 faciebatis,
620 4181 678 4234 et
705 4180 855 4238 dabo
887 4201 986 4241 cor
1015 4188 1291 4249 obediens
1323 4196 1478 4250 unde
1508 4195 1735 4252 faciatis
1755 4197 1783 4252 ?
1814 4196 1913 4254 Ille

254 4261 399 4319 facit
431 4268 498 4320 ut
528 4265 837 4341 faciamus,
859 4275 954 4330 cui
986 4277 1127 4334 dicit
1154 4279 1363 4339 homo:
1394 4308 1413 4334 α
1444 4285 1619 4353 Pone,
1645 4285 1909 4357 Domine,

254 4374 283 4402 ιι
315 4354 652 4412 custodiam
684 4360 769 4415 ori
801 4379 929 4420 meo
952 4366 1121 4438 (Psal.
1147 4373 1291 4441 CXL).
1317 4394 1344 4421 »
1370 4373 1488 4430 Hoc
1514 4380 1602 4430 est
1632 4375 1789 4431 enim
1824 4376 1909 4433 di-

251 4457 382 4496 cere
418 4458 432 4495 :
468 4443 579 4499 Fac
614 4451 679 4501 ut
720 4466 933 4522 ponam
966 4459 1292 4515 custodiam
1326 4462 1410 4517 ori
1442 4479 1591 4519 meo.
1616 4466 1777 4530 Quod
1811 4466 1909 4522 be-

2026 3306 2401 3371 bona‘fuerit,
2436 3306 2769 3376 adjuvetur.

2094 3395 2313 3451 XXVII.
2345 3396 2503 3466 (Cap.
2536 3396 2650 3461 21.)
2685 3394 2887 3449 Fixum
2936 3394 3108 3449 debet
3136 3410 3264 3449 esse
3294 3398 3353 3450 et
3383 3393 3683 3451 immobile

2024 3486 2084 3540 in
2117 3486 2289 3540 corde
2319 3489 2529 3551 vestro,
2559 3482 2701 3554 quia
2721 3499 2834 3538 non
2859 3487 2946 3537 est
2978 3482 3261 3555 iniquitas
3286 3484 3440 3555 apud
3472 3484 3680 3540 Deum.

2021 3576 2102 3630 Ac
2134 3592 2236 3646 per
2264 3574 2393 3641 hoc,
2428 3572 2583 3645 quod
2610 3571 2803 3643 legitis
2846 3571 2903 3625 in
2942 3570 3154 3627 litteris
3185 3572 3467 3639 veritatis,
3500 3590 3535 3628 a
3565 3572 3681 3629 Deo

2025 3662 2224 3720 seduci
2269 3660 2562 3727 homines,
2592 3664 2693 3715 aut
2741 3660 3010 3725 obtundi,
3040 3659 3129 3715 vel
3178 3661 3455 3715 obdurari
3504 3662 3682 3717 corda

2023 3768 2246 3819 eorum,
2299 3750 2477 3805 nolite
2524 3748 2795 3803 dubitare
2849 3748 3217 3818 przeccssisse
3266 3749 3420 3803 mala
3470 3749 3682 3804 merita

2022 3858 2247 3909 eorum,
2280 3843 2345 3894 ut
2366 3840 2529 3909 juste
2565 3837 2680 3892 ista
2719 3840 3077 3908 paterentur,
3112 3853 3185 3890 ne
3216 3837 3588 3893 incurramus
3620 3840 3677 3893 in

2021 3929 2165 3985 illud
2200 3926 2567 4001 proverbium
2601 3923 2930 3981 Salomonis
2958 3940 2968 3978 :
3000 3944 3027 3973 ‹‹
3058 3923 3399 3996 Insipientia
3426 3925 3535 3980 viri
3566 3926 3678 3982 vio-

2029 4039 2051 4068 α
2085 4018 2168 4081 lat
2194 4016 2319 4072 vias
2349 4016 2498 4087 ejus,
2522 4014 2705 4069 Deum
2737 4016 2930 4069 autem
2964 4016 3244 4068 causatur
3277 4011 3335 4067 in
3367 4015 3540 4070 corde
3569 4032 3677 4072 suo

2026 4130 2052 4159 ι(
2084 4109 2266 4176 (Prov.
2298 4109 2435 4171 XIX).
2470 4125 2497 4153 η

2091 4195 2336 4252 XXVIII.
2370 4192 2553 4263 (Ibid)
2585 4192 2783 4247 Gratia
2812 4209 2926 4246 non
2968 4192 3296 4248 secundum
3330 4192 3540 4248 merita
3571 4193 3675 4248 ho-

2023 4286 2249 4342 minum
2283 4285 2473 4351 datur,
2508 4281 2763 4353 alioquin
2798 4282 2988 4353 gratia
3007 4282 3134 4353 jam
3166 4298 3280 4337 non
3315 4286 3404 4336 est
3432 4281 3623 4354 gratia
3656 4297 3670 4337 :

2021 4376 2159 4449 quia
2189 4376 2316 4431 ideo
2347 4378 2537 4447 gratia
2564 4374 2823 4438 vocatur,
2854 4370 2994 4442 quia
3020 4369 3203 4443 gratis
3235 4371 3429 4426 datur.

2089 4466 2277 4521 XXIX.
2313 4463 2462 4537 (Cap.
2486 4462 2601 4529 22.)
2635 4462 2747 4516 Lex
2776 4464 2969 4515 autem
3003 4460 3373 4527 subintravit,
3400 4464 3466 4515 ut
3493 4461 3676 4516 abun-

249 4530 536 4587 neﬁcium
567 4534 669 4590 Dei
692 4538 821 4608 jam
843 4541 1032 4600 fuerat
1061 4554 1411 4607 consecutus
1432 4552 1531 4624 qui
1552 4554 1776 4626 dixit.,«
1803 4555 1906 4611 Po-
1939 4563 1987 4627 D
2018 4556 2183 4610 daret
2221 4530 2532 4617 delictum;
2590 4549 2689 4604 ubi
2749 4553 2945 4603 autem
3004 4547 3325 4604 abundavit
3370 4547 3671 4619 delictum,

252 4641 282 4668 (ί
313 4620 409 4675 sui
444 4622 531 4677 ori
562 4640 692 4681 meo
724 4631 1051 4689 custodiam
1071 4635 1242 4707 (Psal.
1274 4620 1530 4711 xxxvni).
1558 4665 1586 4695 ››
1716 4690 1719 4697 .

321 4708 524 4804 XXIII.
554 4713 708 4804 (Cap.
757 4719 871 4789 17.)
910 4721 1293 4797 Omnipotens
1345 4708 1500 4786 Deus
1549 4734 1909 4804 cooperando

251 4798 485 4869 perﬁcit
505 4803 661 4873 quod
683 4811 976 4878 operando
999 4812 1224 4887 incipit,
1240 4819 1520 4889 quoniam
1544 4798 1673 4892 ipse
1690 4827 1754 4876 ut
1771 4821 1909 4877 veli-

254 4902 391 4943 mus
424 4895 702 4961 operatur
730 4894 1041 4971 incipiens,
1066 4919 1181 4975 quo
1209 4906 1539 4963 volentibus
1570 4914 1912 4982 cooperatur

254 4977 590 5047 perﬁcicns.
626 4981 866 5057 Propter
912 4993 1067 5061 quod
1118 4994 1200 5050 ait
1244 4996 1558 5068 Apostolus
1591 4977 1910 5057 :«_Certus

259 5086 291 5118 α
321 5083 458 5122 sum
492 5070 773 5140 quoniam
798 5077 897 5147 qui
929 5086 1201 5152 operatur
1232 5084 1290 5139 in
1312 5085 1475 5143 vobis
1495 5104 1643 5161 Opus
1665 5089 1909 5157 bonum,

2018 4640 2519 4715 superabundavit
2548 4638 2758 4711 gratia.
2783 4638 2893 4693 Sed
2917 4638 3122 4709 utique
3152 4638 3341 4710 gratia
3368 4637 3426 4692 id
3456 4638 3670 4711 agitur,

2020 4736 2086 4788 ut
2107 4733 2233 4804 jam
2266 4732 2411 4786 ﬁant
2441 4730 2593 4784 bona
2615 4727 2686 4782 ab
2718 4726 2802 4782 eis
2835 4726 2933 4798 qui
2967 4727 3224 4783 fecerant
3254 4726 3429 4796 mala,
3463 4745 3577 4784 non
3608 4733 3674 4784 ut

2020 4823 2391 4895 perseverent
2420 4819 2478 4873 in
2502 4816 2696 4884 malis,
2720 4821 2775 4870 et
2807 4815 2969 4871 reddi
3000 4816 3109 4872 sibi
3133 4817 3469 4874 existiment
3498 4819 3668 4873 bona.

2019 4912 2146 4968 Non
2178 4911 2376 4980 itaque
2403 4907 2620 4962 debent
2649 4905 2839 4960 dicere
2873 4922 2886 4960 :
2918 4906 3273 4963 «Faciamus
3305 4905 3463 4960 mala
3492 4908 3557 4959 ut
3586 4920 3674 4959 ve-

2023 5023 2051 5052 ‹‹
2075 5001 2239 5056 niant
2256 5000 2470 5067 bona;»
2488 4996 2588 5051 sed
2607 5012 2619 5050 :
2640 4995 2908 5051 Fecimus
2931 4995 3086 5051 mala
3106 5002 3162 5051 et
3176 4995 3458 5049 venerunt
3481 4992 3665 5044 bona:

2011 5093 2139 5163 jam
2170 5088 2455 5144 faciamus
2484 5086 2655 5151 bona,
2681 5088 2746 5139 ut
2772 5085 2829 5139 in
2858 5086 3053 5140 futuro
3075 5080 3285 5138 smculo
3317 5077 3668 5148 recipiamus

256 5176 287 5202 ‹‹
316 5155 583 5227 perﬁciet
612 5176 799 5234 usque
845 5165 904 5221 in
955 5170 1109 5226 diem
1156 5172 1373 5229 Christi
1421 5155 1582 5233 Jesu.
1609 5201 1636 5230 »
1672 5178 1744 5234 Ut
1771 5155 1908 5252 ergo
2011 5155 2121 5253 pro
2152 5179 2323 5234 bonis
2354 5178 2524 5245 bona,
2559 5175 2660 5247 qui
2695 5174 2755 5228 in
2787 5180 2894 5229 hoc
2933 5170 3142 5227 saeculo
3193 5165 3519 5237 recepimus
3563 5184 3666 5239 pro

250 5244 524 5314 velimus,
556 5247 685 5305 sine
711 5254 880 5311 nobis
904 5265 1205 5331 operatur;
1234 5279 1366 5319 cum
1392 5270 1588 5323 autem
1613 5267 1904 5338 volumus,

248 5338 307 5388 et
335 5334 424 5390 sic
450 5335 728 5398 volumus
760 5349 826 5400 ut
865 5346 1168 5421 faciamus,
1204 5350 1509 5410 nobiscum
1542 5362 1903 5428 cooperatur.

248 5422 476 5481 Tamen
506 5427 639 5485 sine
670 5431 789 5501 illo,
812 5435 899 5491 vel
921 5446 1194 5512 operante
1219 5445 1285 5495 ut
1302 5441 1569 5511 velimus,
1591 5444 1677 5500 vel
1709 5462 1908 5518 coepe.

250 5516 415 5604 rapte
447 5531 583 5571 cum
635 5520 925 5594 volumus,
959 5529 1030 5585 ad
1062 5531 1217 5586 bona
1265 5528 1497 5596 pietatis
1536 5549 1711 5604 opera
1758 5516 1903 5590 nihil

246 5599 534 5661 valemus.

2016 5466 2157 5506 num
2200 5464 2212 5502 ἒ

2017 5268 2189 5327 malis
2219 5269 2390 5324 bona.

2085 5357 2245 5414 XXX.
2279 5357 2431 5428 (Cap.
2454 5354 2567 5420 23.)
2593 5349 2832 5416 Quando
2881 5343 3098 5401 auditis
3127 5343 3415 5399 dicentem
3468 5345 3661 5401 Domi-

2243 5471 2264 5495 «
2309 5446 2428 5516 Ego
2486 5439 2768 5496 Dominus
2828 5432 3029 5489 seduxi
3092 5433 3432 5506 prophetam
3496 5434 3663 5491 illum

2020 5560 2047 5589 ‹‹
2079 5535 2288 5609 (Escrh.
2310 5534 2445 5601 xxv);
2474 5552 2501 5577 ι)
2526 5532 2581 5581 et
2603 5524 2755 5596 quod
2787 5523 2868 5626 ai‘t
2896 5521 3207 5626 Apostolus
3233 5524 3508 5626 «Cujus
3538 5525 3663 5626 vult

2019 5650 2045 5677 ‹‹
2077 5626 2407 5689 miseretur,
2433 5622 2489 5673 et
2540 5629 2713 5686 quem
2760 5610 2884 5668 vult
2928 5613 3176 5670 obdurat
3204 5615 3377 5684 (Rom.
3413 5619 3511 5685 1x),
3538 5638 3565 5664 »
3600 5614 3660 5671 in
