4094 6186
245 345 254 364 .
357 304 478 370 127

1566 303 1893 368 AMULON
1899 302 1967 366 IS
2011 303 2254 374 EPISC.
2302 310 2534 375 LUGD.

355 465 630 526 ecquem
661 447 860 508 seduci
906 446 1194 522 permittit
1223 443 1306 500 vel
1337 441 1634 510 obdurari,
1667 443 1824 500 mala
1869 443 1997 515 ejus
2025 439 2083 506 Α
2183 449 2278 508 ΙΙΙ.
2313 449 2463 524 (Cap.
2497 453 2578 519 2.)
2598 451 2722 508 Non
2764 467 2826 508 se
2857 451 3062 510 fallant
3089 453 3190 527 qui
3234 453 3476 514 dicunt:
3503 454 3578 514 Ut
3617 455 3760 530 quid

356 543 568 601 merita
595 540 840 609 credite;
865 539 924 594 in
955 555 1020 593 co
1038 553 1172 592 vero
1197 535 1367 606 cujus
1400 533 1727 601 miseretur,
1751 533 2000 606 gratiam

355 632 466 691 Dei"
491 647 605 688 non
639 627 936 686 reddentis
979 624 1135 681 mala
1177 640 1280 696 pro
1319 621 1513 690 malis,
1547 623 1648 679 sed
1700 623 1854 680 bona
1896 639 2000 696 pro

355 721 550 788 malis,
583 718 832 776 ﬁdeliter
857 721 915 771 et
947 713 1349 770 indubitanter
1386 713 1704 784 agnoscite.
1727 713 1841 769 Nec
1871 713 2000 770 ideo

355 809 634 869 auferetis
663 825 698 862 a
728 805 1025 861 Pharaone
1053 801 1304 858 liberum
1338 801 1666 868 arbitrium,
1691 802 1831 875 quia
1854 803 2001 859 mu]-

353 901 430 958 tis
450 899 592 956 locis
610 895 755 953 dicit
774 895 961 951 Deus:
988 913 1010 941 ε
1033 893 1151 965 Ego
1173 891 1438 948 induravi
1463 891 1842 959 Pharaonem,
1856 911 1884 944 ιι
1909 893 1997 948 vel

357 1014 380 1040 α
419 986 710 1054 Induravi,
739 1007 760 1034 ι
788 987 890 1041 aut
922 1002 954 1036 ur
979 982 1273 1039 Indurabo
1319 998 1418 1038 cor
1465 979 1804 1038 Pharaonis.
1823 1007 1844 1035 ι
1872 982 1999 1038 Non

350 1079 505 1137 enim
529 1079 834 1150 propterea
855 1075 981 1147 ipse
998 1073 1219 1128 Pharao
1235 1088 1351 1127 non
1373 1071 1668 1127 induravit
1683 1087 1784 1127 cor
1797 1087 1996 1126 suum.

349 1169 500 1227 Nam
529 1170 588 1225 et
619 1167 730 1222 hoc
778 1165 849 1220 de
895 1163 995 1219 illo
1040 1161 1271 1235 legitur,
1305 1161 1540 1233 quando
1570 1161 1765 1216 ablata
1811 1165 1902 1216 est
1929 1162 2003 1216 de

350 1258 592 1328 Βαγρῒο
614 1251 1184 1326 cynomyia,dicente
1204 1247 1565 1321 Scripturazc
1593 1249 1660 1304 Et
1675 1248 2004 1322 ingragavit

356 1367 379 1396 ι
415 1345 636 1401 Pharao
665 1359 766 1398 cor
786 1356 960 1398 suum
983 1339 1042 1394 in
1069 1339 1182 1394 isto
1208 1341 1489 1410 tempore,
1513 1340 1572 1393 et
1592 1337 1779 1393 noluit
1802 1337 1998 1393 dimit-

273 1431 278 1435 ’
357 1454 380 1483 ι
413 1437 532 1490 tere
575 1429 857 1505 populum
887 1427 1080 1497 (Exod.
1113 1428 1254 1496 vm).
1282 1446 1304 1477 ι
1341 1428 1420 1482 Ac
1467 1442 1571 1499 per
1613 1426 1722 1482 hoc
1759 1430 1817 1482 et
1846 1427 2002 1484 Deus

349 1521 645 1580 induravit
671 1536 774 1593 per
793 1520 1025 1592 justum
1050 1515 1366 1590 judicium,
1399 1519 1459 1572 et
1489 1515 1614 1588 ipse
1646 1515 1868 1572 Pharao
1900 1531 2002 1588 per

351 1611 602 1668 liberum
634 1607 944 1665 arbitrium
956 1648 968 1660 .

419 1695 607 1756 XXXI.
632 1698 786 1771 (Cap.
815 1695 929 1768 23).
952 1695 1102 1750 Certi
1137 1697 1322 1750 estote
1351 1692 1491 1765 quia
1520 1709 1636 1748 non
1668 1691 1779 1748 erit
1808 1693 2002 1749 inanis

2109 539 2279 596 nobis
2307 541 2654 616 praedicatur
2681 547 2858 615 atque
2888 543 3223 616 praecipitur
3243 548 3311 601 ut
3333 545 3699 604 declinemus
3729 565 3765 605 a

2109 627 2262 684 malo
2281 634 2338 685 et
2355 629 2640 686 faciamus
2661 631 2968 701 bonum,si
2991 631 3100 689 hoc
3121 651 3227 707 nos
3249 651 3365 690 non
3388 635 3642 707 agimus,
3659 638 3760 696 sed

2107 717 2165 773 id
2187 717 2332 775 velle
2347 722 2404 774 et
2420 720 2645 792 operari
2665 720 2818 776 Deus
2835 725 3111 794 operatur
3130 722 3187 778 in
3205 723 3415 780 nobis?
3429 725 3541 781 Sed
3566 726 3765 799 potius

2107 806 2454 880 intelligant,
2489 808 2538 864 si
2569 808 2672 864 ﬁlii
2717 809 2818 865 Dei
2851 815 3008 876 sunt,
3039 810 3250 884 spiritu
3280 811 3380 868 Dei
3435 830 3498 870 se
3545 814 3663 888 agi,
3695 819 3766 872 ut

2107 897 2260 968 quod
2285 899 2579 970 agendum
2603 903 2692 954 est
2705 903 2916 972 agant;
2941 904 2999 955 et
3029 915 3165 955 cum
3187 900 3436 972 egerint,
3461 901 3548 958 illi
3581 921 3616 958 a
3645 921 3765 976 quo

2108 991 2366 1058 aguntur
2392 987 2612 1059 gratias
2639 992 2834 1061 agant.
2856 989 3128 1061 Aguntur
3145 989 3302 1044 enim
3327 994 3395 1046 ut
3421 996 3618 1063 agant,
3645 1009 3764 1048 non

2108 1079 2175 1131 ut
2203 1075 2314 1148 ipsi
2347 1075 2492 1130 nihil
2524 1081 2723 1149 agant,
2754 1083 2812 1134 et
2843 1078 2914 1133 ad
2966 1077 3077 1133 hoc
3125 1078 3212 1134 eis
3256 1078 3590 1136 ostenditur
3619 1082 3764 1154 quid

2109 1180 2280 1237 agere
2309 1165 2582 1233 debeant,
2615 1171 2680 1222 ut
2708 1167 2942 1238 quando
2975 1167 3030 1222 id
3074 1171 3259 1240 agunt
3286 1167 3440 1224 sicut
3467 1171 3763 1242 agendum

2108 1259 2218 1322 est,
2252 1253 2309 1310 id
2342 1259 2448 1322 est,
2484 1272 2619 1311 cum
2650 1255 2959 1312 dilectione
2994 1260 3051 1312 et
3078 1257 3459 1332 delectatione
3489 1259 3763 1330 justitize,

2109 1345 2456 1402 suavitatem
2479 1362 2658 1418 quam
2681 1345 2844 1402 dedit
2863 1345 3168 1413 Dominus,
3186 1351 3253 1402 ut
3272 1351 3429 1403 terra
3448 1349 3579 1420 ejus
3597 1349 3768 1407 daret

2111 1435 2367 1492 fructum
2403 1451 2598 1503 suum,
2627 1434 2923 1508 accepisse
2953 1452 3015 1492 se
3045 1435 3366 1509 gaudeant;
3401 1439 3639 1509 quando
3669 1457 3770 1496 au-

2109 1530 2228 1582 tem
2257 1542 2371 1582 non
2403 1529 2605 1597 agunt,
2631 1525 2752 1580 sive
2777 1523 3016 1580 omnino
3051 1541 3166 1581 non
3193 1525 3482 1596 faciendo,
3504 1527 3626 1584 sive
3647 1545 3766 1585 non

2109 1630 2177 1670 ex
2199 1613 2482 1670 charitate
2509 1613 2794 1680 faciendo,
2809 1616 2978 1669 orent
2998 1618 3063 1668 ut
3084 1614 3236 1686 quod
3262 1615 3524 1671 nondum
3547 1615 3772 1673 habent

2109 1703 2418 1776 accipiant.
2439 1703 2586 1770 Quid
2615 1703 2772 1759 enim
2804 1701 3105 1758 habebunt
3133 1703 3290 1775 quod
3323 1719 3437 1760 non
3467 1697 3768 1779 accepturi

347 1791 513 1846 labor
525 1789 734 1852 vester,
759 1783 889 1874 siin
913 1783 1066 1874 bono
1087 1781 1384 1874 proposito
1401 1779 2000 1874 proficientesperse-
2029 1808 2078 1874 Β
2103 1795 2266 1858 sunt,
2301 1796 2406 1848 aut
2431 1790 2573 1864 quid
2604 1791 2842 1858 habent,
2865 1792 3020 1864 quod
3051 1809 3168 1848 non
3199 1794 3595 1866 acceperunt?

345 1876 556 1936 veretis
584 1891 771 1948 usque
799 1873 860 1928 in
901 1873 1100 1928 finem.
1133 1870 1288 1926 Deus
1325 1869 1504 1938 enim,
1535 1869 1637 1942 qui
1677 1871 1852 1927 modo
1882 1869 2001 1926 illis

347 1983 496 2042 quos
514 1965 726 2022 liberat
741 1979 854 2018 non
877 1961 1070 2018 reddit
1086 1959 1411 2016 secundum
1428 1975 1604 2031 opera
1618 1975 1844 2028 eorum,
1859 1963 2000 2016 tunc

347 2055 553 2113 reddet
581 2050 900 2122 unicuique
917 2047 1242 2106 secundum
1263 2063 1439 2118 opera
1464 2047 1614 2118 ejus.
1641 2047 1864 2102 Reddet
1883 2065 2004 2104 om-

347 2144 488 2202 nino
505 2143 663 2199 Deus
680 2143 740 2198 et
757 2137 915 2194 mala
937 2153 1042 2210 pro
1076 2135 1268 2202 malis,
1284 2134 1565 2207 quoniam
1579 2137 1780 2207 justus
1801 2139 1909 2202 est,
1944 2139 2002 2192 et

347 2235 503 2292 bona
531 2247 636 2304 pro
667 2227 861 2296 malis,
893 2226 1172 2300 quoniam
1221 2224 1412 2280 bonus
1441 2228 1552 2292 est,
1587 2228 1646 2280 et
1695 2223 1850 2280 bona
1894 2241 1999 2298 pro

347 2321 542 2389 bonis,
565 2316 844 2393 quoniam
874 2316 1064 2373 bonus
1103 2317 1162 2370 et
1196 2315 1400 2385 justus
1427 2317 1535 2369 est.
1565 2313 1998 2370 Tantummodo

347 2409 506 2468 mala
531 2425 638 2482 pro
667 2405 838 2464 benis
877 2421 993 2460 non
1033 2402 1257 2470 reddet,
1281 2401 1561 2475 quoniam
1591 2401 1850 2474 injustus
1882 2420 1997 2459 non

347 2502 456 2558 est.
516 2497 740 2554 Reddet
796 2507 934 2568 ergo
991 2491 1147 2548 mala
1202 2507 1306 2564 pro
1367 2488 1562 2556 malis,
1603 2507 1833 2564 poenam
1893 2508 1997 2564 pro

349 2585 660 2661 injustitia,
694 2587 751 2640 et
780 2582 971 2640 reddit
1018 2581 1172 2636 bona
1219 2596 1322 2653 pro
1369 2578 1562 2646 malis,
1591 2579 1842 2652 gratiam
1892 2597 1996 2654 pro

348 2675 658 2750 injustitia,
689 2676 748 2730 et
785 2672 988 2728 reddet
1033 2671 1188 2727 bona
1235 2685 1339 2742 pro
1390 2667 1577 2738 bonis,
1609 2669 1860 2742 gratiam
1893 2687 1996 2743 pro

227 2773 234 2779 ‘
349 2759 556 2840 gratia.

985 2891 1218 2948 CAPUT
1260 2891 1352 2947 IV.

442 3005 525 3060 Ex
551 3003 690 3060 libro
716 3001 782 3058 de
809 2998 1472 3127 Gorrepltmguﬁatia,
1505 2998 1577 3054 ad
1599 3000 1899 3070 praefatum

417 3215 734 3272 SENTENTIA
753 3211 797 3269 Ι.
817 3211 969 3284 (Cap.
990 3211 1064 3279 1.)
1083 3208 1368 3266 Dominus
1390 3225 1504 3264 non
1529 3209 1717 3265 solum
1738 3211 1996 3268 ostendit

346 3302 517 3359 nobis
535 3319 570 3358 a
589 3317 704 3374 quo
726 3299 881 3356 malo
901 3297 1286 3365 declinemus,
1301 3301 1360 3354 et
1386 3297 1543 3369 quod
1572 3298 1792 3354 bonum
1814 3298 1997 3356 facia-

345 3407 500 3460 mus,
523 3389 680 3462 quod
711 3387 903 3445 solum
934 3391 1124 3459 potest
1155 3385 1302 3459 legis
1337 3385 1549 3453 littera,
1569 3401 1769 3442 verum
1817 3387 1994 3445 etiam

345 3481 584 3552 adjuvat
613 3493 741 3546 nos,
765 3481 832 3532 ut
853 3473 1214 3531 declinemus
1237 3491 1270 3528 a
1293 3471 1468 3542 malo,
1491 3478 1550 3529 et
1579 3475 1862 3530 faciamus
1893 3475 1994 3531 bo-

345 3583 512 3635 num,
534 3567 690 3640 quod
721 3564 924 3622 nullus
954 3567 1144 3636 potest
1163 3563 1290 3619 sine
1319 3562 1529 3634 spiritu
1550 3561 1767 3636 gratiis.
1788 3565 1922 3630 Quae
1944 3561 1993 3620 si

345 3657 516 3725 desit,
541 3656 614 3712 ad
663 3655 774 3711 hoc
819 3653 911 3710 lex
959 3653 1145 3721 adest,
1171 3655 1237 3707 ut
1264 3667 1394 3708 reos
1425 3651 1598 3706 faciat
1643 3655 1700 3708 et
1746 3652 1992 3709 occidat.

344 3747 588 3820 Propter
631 3744 786 3818 quod
835 3743 980 3799 dicit
1033 3739 1386 3814 Apostolus:
1416 3761 1440 3792 α
1493 3739 1712 3796 Littera
1758 3741 1990 3810 occidit,

349 3856 372 3886 ι
405 3835 648 3909 spiritus
677 3836 876 3891 autem
905 3831 1176 3887 viviﬁcat.
1205 3852 1227 3880 υ
1265 3828 1373 3896 Qui
1412 3846 1549 3903 ergo
1578 3828 1840 3904 legitime
1868 3829 1994 3904 lege

342 3927 549 3992 utitur,
581 3923 722 3980 dicit
749 3921 810 3977 in
840 3938 908 3978 ea
937 3921 1157 3976 bonum
1190 3923 1247 3974 et
1277 3917 1532 3985 malum;
1567 3923 1626 3974 et
1655 3936 1768 3976 non
1805 3920 1992 3975 conﬂ-

339 4017 488 4072 dens
516 4013 577 4068 in
601 4011 819 4068 virtute
849 4027 980 4078 sua,
1006 4007 1269 4081 confugit
1310 4007 1382 4063 ad
1432 4007 1532 4064 Dei
1573 4007 1843 4082 gratiam,
1877 4025 1995 4081 qua

343 4104 656 4177 prmstante
685 4097 939 4154 declinet
983 4113 1016 4152 a
1058 4095 1315 4161 malo,et
1362 4095 1538 4152 faciat
1587 4096 1827 4152 bonum.
1852 4097 1993 4164 Quis

343 4197 540 4250 autem
563 4188 828 4260 confugit
845 4187 919 4243 ad
939 4185 1208 4259 gratiam,
1226 4184 1340 4240 nisi
1361 4202 1494 4240 cum
1517 4202 1551 4240 a
1571 4185 1818 4244 Domino
1837 4203 1994 4261 gres-

342 4297 448 4338 sus
467 4276 725 4335 hominis
755 4275 1112 4348 diriguntur,
1137 4278 1196 4330 et
1222 4272 1377 4328 viam
1421 4273 1552 4344 ejus
1578 4273 1767 4330 volet?
1797 4292 1862 4332 ac
1891 4293 1995 4349 per

341 4369 454 4425 hoc
485 4371 543 4424 et
570 4365 901 4422 desiderare
945 4361 1229 4420 auxilium
1275 4362 1493 4436 gratim,
1517 4360 1751 4418 initium
1793 4365 1991 4438 gratiae

343 4463 454 4529 est,
479 4458 550 4514 de
578 4473 694 4530 quo
727 4456 810 4512 ait
837 4453 936 4510 ille
962 4469 975 4510 :
1006 4476 1028 4506 ι
1052 4453 1124 4508 Et
1169 4452 1310 4520 dixi,
1335 4467 1491 4507 nunc
1543 4451 1709 4524 ccepi,
1733 4453 1855 4510 haec
1903 4458 1994 4510 est

348 4565 373 4598 α
407 4546 657 4604 mutatio
687 4547 934 4602 dextera:
955 4541 1179 4599 Excelsi
1201 4541 1374 4613 (Psal.
1406 4542 1608 4609 Lxxw).
1638 4564 1658 4590 υ

413 4636 486 4692 ΙΙ.
509 4634 696 4706 (Ιὺίά.)
711 4633 984 4690 Liberum
1017 4629 1326 4688 arbitrium
1367 4633 1425 4687 et
1467 4629 1540 4685 ad
1580 4629 1802 4688 malum
1832 4637 1889 4688 et
1918 4635 1990 4691 ad

343 4727 568 4782 bonum
597 4722 928 4780 faciendum
948 4719 1346 4777 confitendum
1367 4723 1457 4776 est
1485 4735 1592 4775 nos
1621 4719 1854 4777 habere.
1878 4722 1989 4780 Sed

345 4815 404 4870 in
435 4811 592 4870 male
625 4811 888 4868 faciendo
917 4809 1066 4866 liber
1084 4811 1176 4866 est
1203 4807 1454 4882 quisque
1475 4807 1744 4882 justitize,
1769 4827 1996 4869 servus-

343 4919 458 4976 que
479 4899 732 4975 peccati;
755 4899 815 4955 in
837 4899 990 4956 bono
1011 4895 1206 4954 autem
1228 4896 1376 4954 liber
1394 4913 1523 4954 esse
1549 4897 1750 4955 nullus
1780 4903 1989 4972 potest,

343 4992 458 5048 nisi
491 4991 668 5048 fuerit
697 4988 980 5046 liberatus
1011 4987 1084 5043 ab
1113 5003 1180 5042 eo
1210 4985 1311 5059 qui
1343 4985 1488 5041 dixit
1521 5001 1534 5042 :
1566 5007 1592 5040 ι
1614 4986 1674 5042 Si
1705 5003 1806 5044 vos
1832 4988 1993 5048 ﬁlius

351 5101 374 5129 α
409 5079 758 5148 liberaverit,
808 5082 953 5134 tunc
999 5093 1132 5133 vere
1177 5073 1346 5131 liberi
1394 5073 1558 5130 eritis
1602 5075 1780 5144 (Joan.
1811 5077 1933 5151 vn).
1960 5099 1988 5129 ››

343 5171 460 5226 Ne'c
491 5169 573 5224 ita
593 5171 658 5224 ut
677 5183 814 5224 cum
835 5166 1085 5240 quisque
1105 5163 1281 5221 fuerit
1299 5181 1334 5220 a
1357 5163 1578 5236 peccati
1597 5164 2002 5238 dominatione

343 5256 650 5322 liberatus,
667 5257 792 5328 jam
825 5273 941 5312 non
973 5254 1235 5327 indigeat
1264 5251 1356 5308 sui
1385 5250 1715 5308 liberatoris
1745 5253 1990 5324 auxilio;

346 5347 446 5402 sed
479 5345 559 5402 ita
588 5344 804 5418 potius,
839 5349 904 5400 ut
933 5345 1006 5400 ab
1053 5341 1153 5398 illo
1185 5340 1429 5396 audiens
1461 5357 1528 5395 :-¢
1555 5339 1692 5397 Sine
1724 5357 1818 5398 me
1846 5343 1992 5400 nihil

352 5455 374 5482 ι
409 5433 654 5506 potestis
676 5433 862 5487 facere
879 5433 1055 5502 (Joan.
1075 5434 1223 5498 xv),n
1241 5429 1398 5486 dicat
1418 5428 1470 5484 ei
1496 5433 1554 5484 et
1574 5429 1700 5502 ipse
1718 5447 1731 5484 :
1750 5431 1996 5503 Adjutor

351 5547 373 5574 ι
409 5538 578 5578 meus
625 5523 772 5586 esto,
805 5536 876 5575 ne
923 5519 1296 5592 derelinquas
1345 5535 1439 5576 me
1475 5519 1646 5588 (Psal.
1681 5521 1851 5591 xxvu),
1879 5543 1900 5570 ι
1935 5527 1995 5579 et

258 5611 266 5614 ’
347 5614 575 5669 caetera.

2181 1880 2272 1938 IV.
2296 1881 2450 1954 (Cap.
2483 1883 2564 1950 3.)
2592 1881 2866 1937 Doctores
2913 1879 3308 1938 Ecclesiarum
3355 1883 3604 1956 apostoli
3637 1901 3768 1940 om-

2109 1971 2207 2027 nia
2231 1969 2523 2026 faciebant
2549 1974 2604 2026 et
2635 1969 3052 2043 praecipiebant
3081 1987 3207 2043 qua:
3239 1971 3466 2040 fierent,
3497 1977 3557 2030 et
3584 1974 3769 2030 corri-

2107 2058 2348 2132 piebant
2377 2057 2426 2116 si
2450 2076 2564 2114 non
2589 2059 2812 2127 flerent,
2846 2063 2906 2114 et
2925 2059 3174 2116 orabant
3203 2063 3270 2115 ut
3297 2059 3524 2117 ﬂerent.
3554 2061 3768 2120 Praece-

2107 2147 2193 2221 pit
2219 2147 2532 2220 Apostolus
2569 2145 2770 2205 dicens
2803 2163 2816 2204 :
2850 2168 2874 2197 ι
2905 2146 3117 2204 Omnia
3143 2151 3338 2206 vestra
3377 2149 3438 2206 in
3477 2150 3768 2210 charitate

2113 2259 2134 2286 ι
2171 2237 2316 2292 ﬂant
2355 2237 2406 2306 (I
2443 2236 2563 2293 Cor.
2596 2235 2732 2308 xw).
2757 2259 2780 2291 ι
2819 2235 3072 2310 Corripit
3117 2237 3318 2294 dicens
3353 2255 3366 2294 :
3396 2257 3418 2286 ι
3449 2239 3583 2296 Jam
3633 2241 3767 2313 qui-

2112 2349 2134 2376 .
2170 2326 2302 2382 dem
2333 2327 2574 2383 omnino
2605 2325 2887 2382 delictum
2927 2330 3020 2382 est
3049 2325 3108 2382 in
3135 2325 3322 2395 vobis,
3357 2327 3498 2401 quia
3535 2329 3768 2400 judicia

2112 2433 2135 2463 ι
2170 2413 2399 2471 habetis
2429 2414 2752 2472 vobiscum.
2776 2417 2966 2482 Quare
2994 2415 3152 2472 enim
3184 2432 3302 2472 non
3328 2416 3520 2490 magis
3550 2417 3768 2492 iniqui-

2113 2523 2137 2552 α
2170 2508 2350 2560 tatem
2381 2504 2701 2577 patimini?
2749 2520 2929 2576 quare
2959 2520 3076 2560 non
3107 2505 3306 2576 potius
3358 2505 3766 2575 fraudamini?

2111 2613 2134 2643 ι
2168 2593 2281 2650 Sed
2311 2610 2414 2650 vos
2449 2591 2820 2665 iniquitatem
2871 2592 3084 2660 facitis,
3115 2597 3172 2650 et
3221 2594 3531 2660 fraudatis,
3563 2600 3622 2653 et
3650 2597 3764 2655 hoc

2114 2703 2137 2732 ι
2167 2683 2394 2738 fratres.
2425 2683 2512 2738 An
2544 2681 2784 2738 nescitis
2815 2683 2955 2754 quia
2991 2681 3200 2754 injusti
3230 2699 3474 2756 regnum
3507 2685 3610 2743 Dei
3643 2704 3760 2745 non

2107 2795 2128 2822 α
2168 2769 2589 2844 possidebunt?
2613 2790 2636 2818 ο
2663 2769 2710 2840 (I
2727 2769 2848 2826 Cor.
2869 2772 2975 2838 vi.)
2994 2771 3321 2828 Audiamus
3362 2776 3420 2828 et
3449 2779 3717 2832 orantem
3741 2793 3756 2832 :

2108 2884 2130 2910 ι
2166 2859 2282 2916 Vos
2301 2863 2520 2926 autem,
2543 2859 2757 2931 inquit,
2781 2857 3066 2916 Dominus
3085 2858 3459 2933 multiplicet.
3481 2864 3548 2917 ut
3569 2863 3759 2920 abun-

2110 2971 2133 3002 ι
2165 2950 2304 3006 dare
2332 2948 2508 3006 faciat
2548 2947 2608 3004 in
2639 2947 2924 3004 charitate
2969 2947 3029 3003 in
3071 2947 3322 3005 invicem
3353 2954 3412 3006 et
3440 2950 3499 3006 in
3548 2969 3760 3011 omnes

2107 3061 2136 3094 α
2165 3041 2213 3113 (Ι
2244 3038 2420 3095 Thess.
2447 3037 2557 3106 3).»
2585 3035 2851 3108 ΡηεαὶΡῆ
2870 3041 2936 3092 ut
2954 3036 3244 3092 habeatur
3263 3037 3541 3108 charitas,
3574 3041 3759 3098 corri-

2105 3129 2190 3202 pit
2209 3127 2348 3200 quia
2367 3142 2482 3182 non
2503 3125 2758 3181 habetur
2771 3123 3185 3193 charitas,orat
3203 3129 3270 3182 ut
3291 3127 3553 3186 abundet
3573 3129 3764 3187 chari-

2105 3220 2216 3274 tas.
2246 3219 2292 3272 O
2322 3215 2519 3282 homo,
2549 3213 2608 3268 in
2641 3213 3026 3286 praeceptione
3054 3213 3339 3287 cognosce
3367 3216 3508 3290 quid
3540 3218 3762 3276 debeas

2104 3305 2348 3370 habere;
2382 3303 2442 3357 in
2473 3301 2836 3374 correptione
2881 3317 3167 3374 cognosce
3198 3306 3298 3359 tuo
3347 3308 3406 3360 te
3448 3303 3591 3362 vitio
3643 3325 3762 3366 non

2104 3393 2349 3460 habere;
2383 3393 2441 3446 in
2482 3389 2743 3447 oratione
2791 3405 3077 3462 cognosce
3107 3391 3262 3448 unde
3314 3393 3568 3468 accipias
3601 3397 3762 3469 quod

2102 3483 2190 3538 vis
2221 3481 2456 3538 habere.

2172 3570 2240 3624 V.
2265 3569 2416 3642 (Cap.
2439 3567 2518 3641 5.)
2539 3569 2700 3634 Quod
2734 3565 2859 3623 vult
2885 3584 2988 3640 pro
3020 3585 3082 3625 se
3112 3569 3236 3626 ﬁeri
3258 3571 3359 3643 qui
3393 3573 3607 3646 corripi
3642 3592 3760 3632 non

2101 3659 2244 3727 vult,
2268 3663 2326 3715 et
2343 3658 2487 3714 dicit
2511 3675 2524 3713 :
2549 3658 2663 3713 Ora
2692 3656 2888 3729 potius
2915 3674 3019 3730 pro
3051 3675 3164 3726 me,
3192 3658 3321 3717 ideo
3353 3661 3764 3736 corripiendus

2102 3754 2213 3816 est,
2247 3751 2312 3803 ut
2341 3746 2515 3802 faciat
2541 3735 2718 3802 etiam
2749 3745 2876 3817 ipse
2916 3763 3020 3818 pro
3070 3763 3152 3803 se.
3187 3747 3362 3804 Dolor
3389 3751 3608 3824 quippe
3637 3752 3759 3823 ille,

2103 3854 2219 3910 quo
2249 3834 2362 3893 sibi
2410 3833 2679 3907 displicet
2709 3834 2944 3906 quando
2988 3835 3166 3891 sentit
3202 3838 3588 3911 correptionis
3619 3859 3761 3898 acu-

2101 3923 2510 3994 leum,excitat
2529 3939 2665 3978 eum
2687 3922 2745 3976 in
2770 3923 3012 3994 majoris
3033 3924 3315 3982 orationis
3345 3928 3644 3998 affectum,
3671 3937 3758 4000 ut,

2101 4015 2218 4072 Deo
2248 4013 2584 4078 miserante,
2619 4012 2978 4068 incremento
3017 4011 3321 4070 charitatis
3363 4017 3624 4088 adjutus,
3659 4021 3760 4076 de-

2101 4105 2258 4162 sinat
2287 4119 2458 4176 agere
2483 4101 2772 4182 pudenda
2801 4103 2859 4157 et
2887 4101 3155 4171 dolenda,
3190 4107 3248 4160 et
3277 4109 3414 4180 agat
3459 4099 3762 4166 laudanda

2101 4199 2277 4266 atque
2301 4191 2609 4266 gratanda.

2169 4281 2266 4338 VI.
2288 4279 2474 4354 (Ibid.)
2497 4278 2891 4352 Correptionis
2921 4279 3172 4348 utilitas,
3195 4300 3324 4356 quae
3355 4301 3514 4342 nunc
3544 4286 3758 4360 major,

2101 4387 2258 4427 nunc
2291 4369 2504 4435 minor,
2536 4385 2641 4441 pro
2672 4372 3044 4440 peccatorum
3075 4371 3412 4430 diversitate
3442 4374 3762 4434 salubriter

2100 4458 2435 4526 adhibetur,
2459 4461 2600 4512 tunc
2622 4459 2712 4512 est
2741 4455 3018 4526 salubris,
3041 4461 3276 4531 quando
3307 4479 3604 4536 supernus
3636 4482 3758 4524 me-

2021 4552 2068 4616 D
2099 4549 2266 4606 dicus
2297 4545 2554 4619 respicit.
2589 4545 2715 4604 Non
2746 4546 2907 4602 enim
2935 4546 3156 4620 aliquid
3191 4551 3440 4622 proiicit,
3472 4553 3589 4610 nisi
3621 4572 3755 4612 cum

2103 4639 2240 4694 fecit
2268 4641 2336 4692 ut
2363 4633 2586 4708 peccati
2616 4633 2710 4690 sui
2739 4649 3034 4707 quemque
3063 4637 3364 4709 paeniteat.
3388 4641 3460 4698 Et
3479 4641 3617 4715 quis
3647 4643 3757 4700 hoc

2101 4727 2224 4794 dat,
2251 4723 2365 4780 nisi
2397 4723 2497 4797 qui
2527 4723 2782 4796 respexit
2812 4723 3145 4796 apostolum
3177 4725 3412 4784 Petrum
3439 4735 3752 4804 negantem

2099 4821 2159 4873 et
2187 4815 2324 4872 fecit
2349 4814 2583 4870 ﬂentem
2597 4811 2627 4868 ?

2172 4903 2295 4960 VII.
2327 4901 2516 4974 (Ibid.)
2545 4901 2742 4958 Potest
2789 4900 2942 4958 Deus
2982 4919 3158 4974 quem
3189 4905 3332 4975 vult,
3365 4907 3546 4966 etiam
3593 4908 3753 4966 nullo

2101 4992 2342 5050 homine
2371 4988 2740 5062 corripiente,
2774 4989 3080 5064 corrigere,
3114 4997 3174 5048 et
3197 4993 3270 5050 ad
3303 4995 3565 5053 dolorem
3596 4997 3756 5055 salu-

2101 5083 2266 5138 brem
2297 5077 2650 5150 poenitentia
2679 5077 3083 5136 occultissima
3107 5085 3166 5138 et
3191 5083 3603 5154 potentissima
3635 5104 3757 5144 me-

2102 5169 2306 5226 dicina:
2328 5183 2446 5224 suae
2473 5169 2759 5239 potestate
2792 5168 3130 5240 perducere.
3153 5171 3226 5226 Et
3257 5171 3414 5230 sicut
3433 5189 3550 5232 non
3572 5179 3666 5231 est
3683 5176 3756 5232 ab

2101 5257 2364 5317 oratione
2393 5255 2746 5312 cessandum
2775 5271 2880 5327 pro
2918 5255 3004 5312 eis
3034 5274 3184 5330 quos
3213 5261 3428 5334 corrigi
3453 5261 3758 5332 volumus,

2102 5345 2333 5404 etiamsi
2363 5343 2525 5400 nullo
2554 5343 2862 5400 hominum
2889 5349 3090 5402 orante
3119 5363 3224 5420 pro
3256 5349 3446 5421 Petro,
3469 5351 3758 5409 Dominus

2103 5435 2356 5510 respexit
2385 5451 2520 5490 cum
2543 5437 2601 5489 et
2621 5431 2756 5488 fecit
2785 5449 2919 5488 eum
2947 5452 3122 5492 suum
3153 5437 3290 5494 ﬂere
3320 5444 3652 5511 peccatum,
3673 5442 3760 5497 ita

2102 5543 2218 5582 non
2251 5528 2338 5580 est
2385 5520 2730 5595 negligenda
2767 5523 3072 5596 correptio,
3106 5526 3376 5597 quamvis
3423 5528 3579 5586 Deus
3605 5546 3758 5604 quos

2101 5613 2372 5682 voluerit,
2394 5611 2570 5668 etiam
2591 5626 2706 5667 non
2737 5616 3050 5683 correptos,
3076 5613 3250 5672 faciat
3279 5633 3408 5674 esse
3439 5622 3754 5676 correctos.

3643 320 3854 386 ηδ’
