4120 6184
349 351 469 415 129

1132 352 1235 415 DE
1276 351 2061 428 PR/EDESTINATIONE,
2106 354 2304 430 E'l‘C.,
2350 357 2451 419 EX
2499 359 2981 429 AUGUSTlNO.

351 485 517 541 Tunc
547 489 744 540 autem
774 486 1137 558 correptione
1158 487 1387 560 proﬁcit
1408 488 1745 558 homo,cum
1768 488 2000 544 misere-
2023 485 2083 559 Α
2112 491 2516 559 peccatoribus
2546 493 2876 552 cruciﬁxus.
2905 495 3012 561 Qui
3048 501 3315 570 quamvis
3344 501 3437 557 die
3466 505 3637 561 tertio
3664 524 3751 564 re-

349 578 448 629 tur
475 578 652 646 atque
681 574 921 647 adjuvat
944 575 1044 647 qui
1077 576 1214 632 facit
1233 594 1380 649 quos
1403 577 1649 634 voluerit
1668 577 1847 634 etiam
1868 577 1995 634 sine

345 662 707 734 correptione
736 665 1034 736 proﬁcere.

416 750 565 807 VIII.
598 752 750 825 (Cap.
784 754 866 822 6.)
904 754 1264 826 Corripiatur
1310 773 1446 829 ergo
1492 756 1697 829 (origo)
1745 758 1995 812 damna-

345 840 503 908 bilis,
542 846 605 896 ut
630 858 699 896 ex
728 842 925 898 dolore
955 845 1341 917 correptionis
1370 844 1641 902 voluntas
1689 863 1993 919 regenera-

342 930 524 986 tionis
552 930 791 1000 oriatur,
817 932 864 987 si
890 936 1088 988 tamen
1123 934 1222 1006 qui
1247 934 1563 1007 corripitur
1578 934 1735 991 ﬁlius
1756 939 1846 991 est
1868 952 1998 1007 pro-

343 1018 741 1088 missionis,ut
768 1021 1019 1093 strepitu
1050 1023 1436 1095 correptionis
1467 1024 1792 1081 forinsecus
1833 1025 1998 1081 inso-

343 1113 523 1164 nante
548 1125 615 1165 ac
642 1107 990 1183 ﬂagellante,
1019 1111 1172 1168 Deus
1194 1112 1251 1167 in
1274 1112 1372 1169 illo
1396 1113 1747 1170 intrinsecus
1769 1114 1997 1171 occulta

344 1197 734 1270 inspiratione
762 1203 1035 1271 operetur
1062 1204 1120 1255 et
1146 1200 1310 1257 velle.
1341 1202 1400 1258 Si
1434 1207 1629 1259 autem
1670 1204 1797 1276 jam
1828 1220 1995 1277 rege-

345 1291 587 1342 neratus
610 1289 667 1342 et
678 1287 1040 1357 justiﬁcatus
1059 1289 1118 1343 in
1136 1289 1352 1346 malam
1373 1291 1550 1347 vitam
1574 1310 1682 1349 sua
1699 1293 1996 1349 voluntate

344 1374 810 1448 relabitur,certe
839 1376 945 1433 iste
978 1394 1094 1433 non
1123 1384 1317 1450 potest
1347 1380 1537 1437 dicere
1570 1399 1582 1436 :
1618 1382 1741 1438 Non
1776 1382 1995 1455 accepi,

342 1464 448 1538 qui
479 1470 779 1538 acceptam
801 1465 903 1522 Dei
922 1468 1175 1538 gratiam
1198 1486 1305 1525 suo
1326 1469 1384 1526 in
1409 1470 1630 1527 malum
1653 1472 1835 1528 libero
1857 1472 1998 1527 ami-

343 1553 423 1609 sit
449 1553 832 1621 arbitrio.Qui
855 1555 905 1610 si
936 1557 1302 1628 correptione
1330 1564 1721 1632 compunctus
1752 1558 1999 1616 salubri-

340 1648 431 1699 ter
460 1644 728 1718 ingemit,
763 1648 821 1700 et
849 1646 921 1701 ad
953 1645 1170 1702 similia
1200 1647 1354 1703 bona
1382 1665 1558 1721 opera
1585 1648 1674 1705 vel
1714 1649 1891 1705 etiam
1922 1649 1995 1706 ad

339 1731 588 1789 meliora
613 1733 990 1804 convertitur,
1015 1752 1223 1807 nempe
1253 1736 1349 1793 hic
1379 1737 1747 1811 apertissime
1771 1738 1995 1795 utilitas

335 1821 726 1895 correptionis
759 1828 1019 1896 apparet.
1054 1825 1164 1880 Sed
1197 1842 1301 1897 per
1337 1826 1637 1883 hominem
1684 1828 1991 1900 correptio,
2023 1861 2075 1929 B

335 1911 460 1967 sive
488 1928 560 1967 ex
588 1912 877 1968 charitate
908 1912 1004 1980 sit,
1030 1914 1149 1970 sive
1172 1932 1287 1971 non
1309 1915 1405 1983 sit,
1426 1920 1622 1973 tamen
1645 1922 1711 1973 ut
1731 1921 1995 1990 correpto

337 2001 549 2073 prosit,
585 2018 701 2058 non
735 2002 848 2057 nisi
883 2019 985 2075 per
1016 2003 1201 2059 Deum
1233 2004 1318 2060 ﬁt.

413 2089 502 2144 1X.
535 2089 722 2159 (Ibid)
754 2090 814 2146 Si
844 2091 1174 2148 dixerimus
1205 2095 1697 2166 perseverantiam
1728 2101 1849 2152 tam
1870 2095 1996 2153 lau-

340 2178 602 2235 dabilem
634 2183 875 2253 tamque
904 2180 1132 2237 felicem
1163 2182 1248 2237 sic
1277 2199 1405 2240 esse
1436 2184 1785 2253 hominis,ut
1806 2186 1857 2241 ei
1882 2204 1997 2241 non

338 2268 422 2325 sit
453 2286 523 2324 ex
554 2268 692 2337 Deo,
724 2268 872 2325 illud
900 2270 1178 2343 primitus
1207 2289 1559 2331 evacuamus
1590 2275 1743 2347 quod
1775 2274 1857 2330 ait
1886 2275 1999 2331 Do-

341 2358 548 2414 minus
581 2357 785 2413 Petro:
821 2383 840 2406 ι
868 2359 1082 2432 Rogavi
1116 2378 1217 2433 pro
1250 2366 1325 2427 te,
1361 2379 1431 2418 ne
1461 2362 1695 2419 deﬁciat
1722 2363 1869 2420 ﬁdes
1899 2368 2001 2420 tua

348 2469 379 2497 ι(
403 2448 557 2515 (Luc.
591 2450 788 2516 xm)»
813 2448 962 2514 Quid
985 2450 1141 2505 enim
1164 2449 1216 2505 ei
1247 2450 1613 2524 rogavit,nisi
1633 2469 2003 2525 perseveran-

344 2535 495 2591 tiam
527 2553 718 2609 usque
748 2537 806 2591 in
839 2537 1060 2594 ﬁnem?
1090 2540 1224 2605 Quae
1257 2540 1514 2611 profecto
1543 2541 1592 2596 si
1642 2542 1715 2598 ab
1763 2541 2002 2599 homine

339 2624 578 2681 homini
624 2631 798 2695 esset,
831 2644 866 2681 a
896 2626 1011 2682 Deo
1059 2629 1354 2699 poscenda
1402 2647 1518 2686 non
1566 2634 1738 2686 esset.
1784 2631 2001 2689 Deinde

340 2730 485 2770 eum
506 2715 666 2770 dicat
687 2715 1001 2787 Apostolus
1029 2734 1042 2771 :
1076 2740 1094 2765 ει
1129 2716 1379 2774 Oramus
1401 2724 1596 2775 autem
1621 2722 1692 2775 ad
1716 2720 2003 2788 Deum,ne

344 2826 377 2852 «ι
412 2803 554 2875 quid
606 2804 837 2859 faciatis
885 2804 1024 2860 mali
1056 2806 1128 2874 (II
1171 2808 1296 2863 Cor.
1330 2809 1478 2875 xm),
1508 2830 1536 2859 ››
1569 2808 1773 2880 procul
1824 2809 2001 2865 dubio

336 2892 843 2966 perseverantiam
878 2893 962 2950 eis
983 2899 1110 2950 orat
1136 2896 1207 2951 ad
1240 2896 1652 2969 Deum.Nequo
1676 2896 1833 2953 enim
1855 2898 2000 2954 nihil

338 2981 492 3038 mali
523 2981 666 3038 facit
690 2982 803 3054 .qui
858 2982 1078 3039 bonum
1127 2983 1362 3057 deserit,
1397 2990 1455 3042 et
1486 3002 1520 3041 a
1550 3002 1666 3057 quo
1710 2985 2003 3043 declinare

336 3088 463 3127 non
498 3070 693 3141 debet,
724 3069 1045 3129 inclinatur
1081 3072 1140 3129 in
1187 3074 1409 3131 malum
1460 3091 1575 3131 non
1625 3090 2002 3148 perseverans

335 3159 406 3216 in
438 3161 616 3217 bono.

2105 578 2673 653 surrexitnunquam
2688 583 3009 641 moriturus
3026 585 3290 657 ulterius,
3298 591 3541 662 pertulit
3554 597 3748 652 tamen

2105 684 2211 738 pro
2224 669 2570 727 mortalibus
2584 678 2830 728 mortem
2849 692 2861 729 :
2878 674 2977 747 qui
2995 678 3246 733 mortuis
3261 680 3455 751 prmsti
3466 682 3534 737 tit
3549 683 3750 755 vitam,

2106 760 2173 811 ut
2202 759 2487 831 redempti
2518 762 2648 833 ejus
2692 764 2997 835 sanguine,
3031 770 3194 821 tanto
3242 785 3309 823 ac
3359 770 3460 826 tali
3508 772 3751 847 pignore

2105 850 2341 919 accepto
2370 847 2666 904 dicerent:
2704 872 2731 902 ς(
2762 852 2821 907 Si
2851 853 3008 909 Deus
3032 871 3137 927 pro
3167 856 3356 927 nobis,
3386 859 3519 931 quis
3549 867 3751 921 contra

2108 955 2137 984 «
2167 936 2315 990 nos?
2345 937 2445 1008 qui
2480 938 2714 1011 proprio
2748 939 2891 997 Filio
2922 959 3037 997 non
3068 946 3347 1016 pepercit,
3370 948 3470 1003 sed
3502 966 3609 1022 pro
3640 968 3749 1008 no-

2111 1044 2134 1074 σ
2169 1024 2260 1079 bis
2289 1025 2566 1083 omnibus
2597 1028 2840 1084 tradidit
2867 1045 3001 1085 eum
3024 1047 3038 1099 ;
3061 1036 3352 1105 quomodo
3382 1053 3496 1093 non
3526 1043 3583 1096 et
3613 1056 3747 1099 cum

2111 1134 2131 1159 α
2170 1110 2267 1167 illo
2297 1113 2495 1169 omnia
2518 1114 2685 1169 nobis
2717 1115 2996 1171 donavit?
3031 1141 3051 1165 »
3088 1120 3261 1187 (Rom.
3295 1120 3359 1193 ι.)

2175 1199 2317 1255 XIV.
2350 1200 2538 1272 (Ibid)
2572 1201 2726 1258 Deus
2758 1208 3028 1261 naturam
3075 1211 3356 1277 nostram,
3393 1209 3449 1267 id
3481 1219 3591 1282 est,
3624 1216 3748 1272 ani-

2107 1304 2265 1344 mam
2298 1289 2664 1358 rationalem,
2689 1308 3043 1365 carnemque
3063 1294 3321 1352 hominis
3341 1297 3609 1358 Christus
3628 1319 3752 1361 sus-

2105 1378 2277 1449 cepit,
2311 1379 2680 1451 suseeptione
2706 1380 3084 1454 singulariter
3113 1382 3488 1453 mirabili,vel
3512 1388 3749 1446 mirabi-

2106 1464 2240 1521 liter
2254 1466 2561 1540 singulari,
2578 1473 2643 1524 ut
2659 1469 2839 1527 nullis
2859 1471 3107 1542 justitize
3140 1491 3258 1531 suae
3289 1476 3753 1547 praecedentibus

2112 1554 2357 1625 meritis,
2394 1556 2575 1614 Filius
2597 1558 2697 1615 Dei
2721 1559 2805 1614 sic
2828 1565 2980 1616 esset
3004 1562 3076 1618 ab
3103 1561 3269 1619 initio
3293 1580 3407 1637 quo
3429 1580 3556 1624 esse
3577 1566 3753 1627 homo

2110 1644 2399 1717 cmpisset,
2431 1650 2495 1701 ut
2520 1647 2645 1719 ipse
2676 1652 2734 1703 et
2761 1648 3038 1718 Verbum,
3073 1653 3227 1725 quod
3274 1652 3400 1709 sine
3448 1654 3615 1713 initio
3643 1662 3751 1729 est,

2106 1749 2223 1789 una
2253 1751 2504 1806 persona
2532 1739 2707 1793 esset.
2740 1737 2940 1809 Neque
2969 1739 3127 1795 enim
3150 1740 3465 1815 quisquam
3488 1747 3652 1803 tanta
3672 1748 3755 1805 rei

2104 1821 2284 1893 hujus
2316 1826 2372 1879 et
2400 1823 2533 1880 ﬁdei
2563 1842 2751 1881 caicus
2781 1830 2871 1881 est
2917 1828 3266 1900 ignorantia,
3304 1835 3369 1887 ut
3408 1834 3626 1891 audeat
3672 1835 3755 1892 di-

2106 1928 2255 1981 cere,
2290 1913 2557 1985 quamvis
2589 1915 2658 1970 de
2689 1914 2909 1987 Spiritu
2940 1923 3143 1974 sancto
3194 1924 3253 1975 et
3304 1918 3525 1994 virgine
3573 1923 3756 1980 Maria

2110 2000 2320 2057 Filium
2334 2001 2590 2058 hominis
2603 2008 2827 2073 natum,
2845 2005 3206 2078 perliberum
3223 2013 3419 2066 tamen
3444 2011 3753 2069 arbitrium

2108 2090 2255 2146 bene
2283 2090 2525 2147 vivendo
2555 2097 2614 2147 et
2643 2092 2771 2149 sine
2800 2099 3038 2165 peccato
3069 2096 3222 2152 bona
3265 2114 3443 2170 opera
3490 2100 3755 2159 faciendo

2109 2178 2393 2235 meruisse
2427 2184 2490 2234 ut
2518 2186 2674 2237 esset
2701 2182 2801 2239 Dei
2847 2183 3047 2253 Filius,
3083 2186 3390 2243 resistente
3445 2188 3755 2263 Evangelia

2110 2271 2285 2340 atque
2306 2268 2534 2326 dicente
2557 2276 2587 2325 :'
2602 2291 2624 2322 ι
2649 2270 2903 2328 Verbum
2926 2290 3060 2330 caro
3082 2274 3302 2331 factum
3324 2280 3414 2332 est
3432 2277 3610 2347 (Joan.
3634 2277 3695 2352 ι).
3722 2302 3751 2331 ι»

2110 2356 2255 2413 Nam
2290 2357 2387 2412 ubi
2419 2358 2527 2414 hoc
2558 2359 2776 2415 factum
2826 2365 2935 2430 est,
2969 2362 3081 2417 nisi
3133 2362 3192 2418 in
3248 2367 3413 2421 utero
3460 2354 3753 2441 virginali,

2110 2446 2268 2502 unde
2298 2446 2408 2502 fuit
2427 2447 2658 2504 initium
2682 2448 2941 2507 hominis
2960 2450 3222 2509 Christi?
3246 2453 3510 2527 Itemque
3530 2455 3754 2530 Virgini

2112 2535 2425 2607 requirenti
2460 2537 2755 2609 quomodo
2787 2539 2950 2595 ﬁeret
2978 2542 3134 2613 quod
3159 2541 3210 2597 ei
3232 2559 3337 2615 per
3361 2543 3636 2618 angelum
3660 2563 3760 2602 an-

2111 2624 2510 2693 nuntiabatur,
2545 2626 2789 2700 angelus
2821 2630 3158 2701 respondit:
3184 2654 3211 2681 ‹‹
3233 2632 3486 2705 Spiritus
3516 2639 3758 2691 sanctus

2115 2737 2141 2763 ‹‹
2175 2714 2542 2785 superveniet
2570 2715 2629 2770 in
2657 2720 2734 2782 te,
2765 2722 2821 2771 et
2847 2718 3033 2773 virtus
3061 2718 3347 2777 Altissimi
3381 2717 3760 2781 obumbrabit

2114 2823 2143 2852 ί(
2175 2802 2299 2857 tibi.
2339 2802 2646 2875 Propterea
2677 2805 2830 2876 quod
2865 2811 3140 2862 nascetur
3167 2824 3235 2863 ex
3265 2813 3321 2865 te
3350 2815 3646 2882 sanctum,
3666 2830 3759 2869 vo-

2113 2912 2143 2940 ς(
2173 2890 2403 2946 cabitur
2452 2890 2631 2947 Filius
2679 2891 2779 2947 Dei
2828 2892 2977 2964 (Luc.
3011 2894 3073 2965 ι).
3107 2917 3134 2944 ››
3172 2895 3496 2969 Propterea,
3539 2899 3756 2972 inquit,

2112 2994 2226 3033 nor.
2258 2984 2494 3052 propter
2516 2996 2691 3052 opera
2719 2997 2847 3053 quas
2877 2982 3140 3038 nondum
3187 2984 3306 3039 nati
3355 2985 3561 3059 utique
3591 2987 3757 3044 nulla

2110 3071 2269 3135 sunt,
2303 3068 2404 3124 sed
2434 3072 2741 3142 pr0pterea
2777 3070 2918 3142 quia
2965 3070 3216 3143 Spiritus
3268 3079 3508 3131 sanctus
3550 3092 3754 3150 super-

2109 3155 2303 3213 veniet
2329 3157 2388 3212 in
2419 3162 2497 3225 te,
2531 3162 2588 3214 et
2629 3158 2816 3214 virtus
2860 3158 3150 3215 Altissimi
3198 3160 3580 3221 obumbrabit
3623 3165 3754 3235 tibi,

414 3248 483 3304 Χ,
517 3250 768 3323 (σαρ,7,)
790 3248 969 3307 Ειθοιί
1000 3253 1262 3325 suntqui
1287 3254 1610 3310 secundum
1633 3254 1998 3328 propositum
2030 3230 2074 3298 C
2113 3246 2268 3318 quod
2328 3248 2603 3302 nascetur
2658 3262 2726 3302 ex
2779 3251 2837 3303 te
2894 3252 3184 3319 sanctum,
3215 3250 3521 3308 vocabitur
3575 3230 3758 3311 Filius

335 3336 540 3395 vocati
568 3343 733 3395 sunt.
770 3338 1141 3411 Propositum
1171 3345 1514 3411 autem,non
1544 3344 1856 3413 suum,sed
1877 3344 2001 3413 Dei,

335 3427 420 3484 de
450 3444 568 3500 quo
600 3428 742 3483 alibi
773 3429 918 3485 dicit
952 3446 963 3484 :
992 3452 1021 3481 α
1059 3430 1133 3487 Ut
1162 3432 1488 3488 secundum
1516 3432 1858 3490 electionem
1879 3451 2006 3507 pro-

340 3539 375 3569 α
408 3517 676 3589 positum
706 3516 809 3573 Dei
841 3524 1132 3589 maneret,
1157 3537 1274 3577 non
1304 3537 1373 3577 ex
1401 3522 1804 3595 operibus,sed
1825 3540 1896 3580 ex
1912 3541 2006 3581 vo-

341 3630 367 3655 .
407 3610 580 3662 caute
610 3605 837 3663 dictum
869 3612 958 3665 est
996 3606 1069 3677 ei,
1103 3609 1244 3681 quia
1292 3610 1482 3680 major
1529 3610 1739 3668 serviet
1787 3612 2001 3669 minori

338 3717 373 3747 α
408 3697 587 3765 (Rom.
622 3698 735 3766 1x);
762 3718 790 3747 ››
825 3701 884 3753 et
910 3695 1048 3752 alibi
1073 3715 1086 3754 :
1125 3721 1153 3749 ‹‹
1180 3698 1305 3756 Non
1336 3700 1662 3757 secundum
1692 3717 1868 3775 opera
1897 3720 2000 3759 no-

340 3806 373 3836 ο(
407 3788 556 3853 stra,
574 3786 677 3842 sed
699 3787 1026 3843 secundum
1058 3787 1424 3861 propositum
1458 3806 1632 3846 suum
1663 3795 1720 3847 et
1750 3792 1999 3859 gratiam

340 3896 373 3926 ι(
408 3875 485 3943 (II
519 3876 655 3931 Tim.
686 3878 751 3945 1).
787 3898 817 3927 ››

413 3963 510 4021 XI.
546 3964 730 4037 (Ibid)
763 3963 932 4021 Multi
970 3965 1181 4043 vocati,
1215 3966 1383 4039 pauci
1433 3966 1621 4024 electi.
1656 3969 2001 4043 Quicunque

338 4052 502 4109 enim
536 4051 728 4124 electi,
759 4052 885 4110 sine
931 4054 1111 4111 dubio
1163 4055 1340 4111 etiam
1388 4055 1594 4125 vocati,
1639 4075 1753 4113 non
1800 4063 1998 4115 autem

341 4141 690 4214 quicunque
723 4143 928 4214 vocati,
954 4147 1380 4216 consequenter
1408 4144 1597 4201 electi.
1623 4145 1710 4201 Illi
1732 4163 1867 4221 ergo
1891 4147 2000 4205 ele-

341 4230 448 4300 cti,
482 4236 549 4287 ut
579 4247 733 4304 saepe
765 4230 989 4287 dictum
1019 4232 1247 4304 est,qui
1270 4233 1596 4291 secundum
1627 4236 1996 4307 propositum

338 4319 553 4391 vocati,
588 4318 689 4391 qui
721 4319 901 4375 etiam
929 4324 1070 4376 sunt
1098 4320 1495 4393 prazdestinati
1523 4326 1696 4395 atque
1721 4326 1994 4396 praesciti.

410 4407 536 4465 XII.
568 4412 731 4480 (Cap.
757 4408 869 4482 12.)
903 4408 963 4464 Si
994 4426 1101 4466 nos
1130 4409 1203 4466 de
1233 4410 1552 4483 Scripturis
1582 4413 1803 4469 sanctis
1825 4431 1997 4471 nosse

338 4496 648 4570 potuimus
681 4501 916 4554 sanctos
946 4496 1184 4572 angelos
1207 4498 1335 4571 jam
1367 4498 1561 4556 nullos
1582 4516 1710 4557 esse
1733 4518 1993 4575 casuros,

2113 3335 2237 3390 Dei.
2274 3335 2393 3391 Ista
2421 3334 2696 3391 nativitas
2745 3336 3001 3408 profecto
3050 3338 3306 3410 gratuita
3352 3342 3658 3414 conjunxit
3696 3344 3756 3403 in

2115 3424 2398 3480 unitatem
2429 3440 2690 3497 personae
2740 3424 3041 3483 hominem
3086 3427 3227 3499 Deo,
3257 3445 3495 3487 carnem
3542 3431 3753 3489 Verbo.

2112 3512 2292 3569 Istam
2340 3513 2702 3570 nativitatem
2751 3514 2906 3571 bona
2947 3532 3124 3588 opera
3180 3523 3384 3575 secuta
3433 3524 3595 3588 sunt,
3641 3538 3756 3579 non

2111 3603 2263 3660 bona
2310 3619 2486 3676 Opera
2531 3608 2891 3660 meruerunt.
2922 3604 3121 3678 Neque
3165 3605 3323 3663 enim
3370 3608 3755 3669 metuendum

2110 3696 2253 3763 erat,
2287 3709 2360 3748 ne
2390 3692 2502 3747 isto
2533 3692 2812 3749 ineffabili
2844 3694 3017 3749 modo
3048 3693 3107 3749 in
3159 3696 3446 3754 unitatem
3495 3716 3756 3772 persona:

2110 3780 2357 3837 aVerbo
2404 3781 2521 3837 Deo
2575 3784 2786 3837 natura
2830 3780 3092 3837 humana
3138 3789 3432 3857 suscepta,
3463 3803 3568 3859 per
3612 3788 3755 3849 libe-

2110 3887 2242 3926 rum
2273 3870 2591 3927 voluntatis
2620 3874 2888 3943 peccaret
2917 3870 3389 3943 arbitrium,cum
3407 3874 3537 3946 ipsa
3565 3893 3760 3934 susce-

2108 3960 2232 4032 ptio
2263 3958 2397 4015 talis
2428 3963 2601 4028 esset,
2637 3962 2700 4014 ut
2740 3962 2951 4014 natura
2992 3957 3249 4016 hominis
3287 3978 3323 4018 a
3360 3961 3477 4019 Deo
3507 3963 3591 4021 ita
3618 3981 3754 4022 sus-

2108 4048 2282 4121 cepti,
2299 4041 2526 4104 nullum
2544 4046 2605 4103 in
2622 4063 2684 4103 se
2701 4050 2926 4104 motum
2951 4046 3118 4103 malas
3141 4048 3461 4109 voluntatis
3479 4054 3754 4117 admitte-

2107 4141 2214 4193 ret.
2249 4137 2355 4193 Per
2382 4136 2538 4192 hunc
2585 4134 2967 4192 mediatorem
3005 4136 3161 4194 Deus
3191 4140 3450 4197 ostendit
3478 4159 3577 4199 eos
3606 4159 3754 4216 quos

2107 4227 2236 4297 ejus
2266 4225 2550 4298 sanguine
2579 4224 2817 4281 redimit
2849 4224 3035 4282 facere
3066 4242 3128 4282 se
3158 4243 3228 4284 ex
3266 4227 3754 4306 malis.deinceps

2106 4315 2166 4370 in
2198 4318 2479 4370 aeternum
2510 4314 2713 4371 bonos.
2740 4315 2922 4381 Quem
2956 4314 3039 4371 sic
3070 4318 3348 4391 suscepit,
3366 4323 3430 4376 ut
3450 4336 3754 4395 nunquam

2105 4409 2259 4460 esset
2280 4403 2493 4476 malus,
2508 4420 2613 4459 nec
2634 4420 2702 4458 ex
2724 4402 2877 4459 malo
2901 4404 3089 4460 factus
3111 4422 3344 4479 semper
3364 4412 3520 4464 esset
3542 4408 3751 4469 bonus.

2174 4493 2289 4549 XV.
2323 4493 2510 4564 (Ibid)
2543 4492 2659 4548 Nec
2700 4492 2897 4566 ipsum
2930 4493 3084 4549 Deus
3117 4510 3244 4550 esse
3273 4494 3457 4551 voluit
3488 4497 3616 4553 sine
3645 4515 3755 4555 sua

340 4592 566 4659 quanto
597 4585 788 4659 magis
827 4586 938 4642 hoc
968 4586 1079 4659 ipsi
1103 4586 1356 4644 revelata
1385 4587 1499 4644 sibi
1526 4588 1844 4647 sublimius
1859 4593 2003 4650 veri-
2027 4601 2077 4669 D
2106 4583 2503 4657 gratia,quem
2523 4580 2759 4654 reliquit
2781 4582 2838 4636 in
2861 4581 3186 4655 ejuslibero
3202 4584 3752 4658 arbitrio,quoniam

338 4679 463 4731 tate
494 4676 824 4732 noverunt?
855 4675 1035 4732 Nobis
1065 4675 1283 4749 quippe
1327 4676 1495 4733 beata
1545 4677 1673 4734 sine
1721 4680 1837 4737 ﬁne
1880 4683 1998 4740 vita
2106 4673 2356 4729 liberum
2390 4670 2697 4727 arbitrium
2722 4670 2793 4726 ad
2817 4671 3039 4727 malum
3063 4672 3301 4741 sufﬁcit,
3317 4673 3390 4729 ad
3413 4674 3633 4732 bonum
3656 4694 3754 4733 au-

337 4764 637 4838 promissa
664 4770 773 4833 est,
808 4770 866 4821 et
894 4765 1197 4838 aequalitas
1228 4764 1687 4838 angelorum.Ex
1719 4787 1833 4841 qua
1862 4789 1993 4843 pro-

335 4853 625 4910 missione
655 4853 795 4909 certi
829 4871 1059 4922 sumus,
1094 4872 1225 4910 eum
1260 4855 1333 4910 ad
1364 4854 1523 4910 illam
1556 4857 1733 4912 vitam
1760 4865 1890 4931 post
1902 4862 1996 4933 ju-

335 4942 563 4998 dicium
592 4942 1070 5012 venerimus,non
1095 4944 1229 4998 inde
1252 4962 1357 5000 nos
1380 4961 1507 5000 esse
1532 4945 1990 5017 lapsuros.Quod

337 5032 389 5085 si
422 5033 495 5087 de
526 5033 738 5105 seipsis
766 5032 956 5105 angeli
990 5032 1400 5101 nesciunt,non
1432 5034 1704 5105 mquales,
1732 5038 1834 5093 sed
1866 5039 1995 5095 bea-

338 5119 521 5177 tiores
550 5121 794 5179 erimus.
818 5121 1047 5177 Veritas
1080 5127 1277 5177 autem
1301 5122 1470 5178 nobis
1496 5140 1698 5180 eorum
1723 5128 1993 5198 promisit

338 5210 758 5281 aequalitatem.
795 5210 1030 5266 Certum
1062 5215 1149 5267 est
1178 5210 1359 5284 igitur
1388 5210 1495 5268 hoc
1540 5229 1638 5270 eos
1688 5231 1858 5271 nosse
1893 5224 2023 5289 per'

338 5298 619 5372 speciem,
655 5300 812 5371 quod
843 5317 949 5355 nos
981 5318 1083 5373 per
1112 5302 1309 5369 ﬁdem,
1347 5300 1568 5358 nullam
1613 5304 1837 5361 scilicet
1868 5306 1990 5361 rui-

336 5404 481 5444 nam
511 5389 865 5461 cujusquam
898 5390 1080 5445 sancti
1113 5389 1303 5463 angeli
1326 5392 1455 5463 jam
1497 5392 1776 5449 futuram.

411 5478 558 5534 XIII.
593 5478 746 5552 (Cap.
786 5478 895 5550 11.)
930 5477 1028 5534 Dei
1061 5478 1399 5552 unigenitus
1424 5480 1874 5554 Filius,azqualis
1896 5483 1995 5540 Pa-

333 5567 415 5622 tri
443 5572 503 5624 et
532 5574 882 5635 coaeternus,
910 5583 1012 5640 pro
1035 5567 1202 5623 nobis
1222 5566 1399 5624 homo
1421 5569 1630 5637 factus,
1646 5576 1703 5627 et
1723 5572 1849 5629 sine
1872 5572 1992 5629 ullo

329 5655 485 5715 velle
515 5656 806 5733 originali,
840 5653 927 5712 vel
971 5655 1208 5731 proprio
1256 5661 1514 5730 peccato,
1550 5659 1620 5717 ab
1651 5659 1993 5721 hominibus

2103 4768 2220 4817 tem
2253 4777 2460 4833 parum
2483 4763 2590 4828 est,
2609 4760 2719 4814 nisi
2744 4760 3053 4831 adjuvetur
3072 4761 3145 4816 ab
3167 4763 3554 4835 omnipotenti
3578 4765 3747 4822 bono.

2103 4851 2263 4916 Quod
2296 4848 2655 4921 adjutorium
2688 4848 2736 4904 si
2767 4849 2943 4905 homo
2972 4849 3069 4905 ille
3103 4868 3206 4923 per
3235 4851 3485 4908 liberum
3515 4871 3628 4909 non
3659 4855 3750 4909 de-

2104 4940 2384 4998 seruisset
2412 4940 2742 5008 arbitrium,
2778 4957 3007 5012 semper
3043 4946 3199 4997 esset
3248 4942 3457 4998 bonus.
3494 4943 3620 4996 Hinc
3661 4947 3749 4998 est

2103 5032 2292 5102 prima
2323 5030 2511 5102 gratia
2543 5046 2669 5100 quae
2702 5030 2837 5085 data
2885 5034 2974 5085 est
3020 5030 3209 5102 primo
3251 5031 3471 5097 Adam;
3505 5030 3606 5084 sed
3640 5030 3749 5086 hac

2103 5120 2392 5193 potentior
2422 5123 2511 5175 est
2538 5118 2595 5173 in
2649 5120 2905 5174 secundo
2953 5120 3157 5174 Adam.
3193 5118 3385 5173 Prima
3430 5121 3519 5173 cst
3566 5120 3743 5188 enim,

2100 5227 2219 5283 qua
2248 5211 2313 5264 ﬁt
2346 5214 2409 5264 ut
2438 5208 2653 5264 habeat
2683 5208 2858 5264 homo
2881 5207 3206 5279 justitiam,
3226 5205 3273 5259 si
3295 5204 3455 5261 velit.
3479 5207 3748 5265 Secunda

2099 5316 2236 5372 ergo
2267 5298 2400 5371 plus
2433 5301 2640 5370 potest,
2673 5313 2791 5369 qua
2828 5296 3002 5351 etiam
3049 5294 3116 5349 ﬁt
3146 5297 3210 5349 ut
3239 5292 3397 5366 velit,
3430 5299 3488 5352 et
3515 5300 3745 5354 tantum

2102 5388 2260 5457 velit,
2292 5391 2572 5459 tantoque
2603 5386 2805 5442 ardore
2838 5383 3136 5456 diligat,ut
3163 5385 3356 5441 carnis
3384 5386 3745 5445 voluntatem

2100 5476 2392 5534 contraria
2415 5474 2922 5547 concupiscentem
2943 5470 3244 5530 voluntate
3265 5475 3508 5548 spiritus
3527 5476 3743 5534 vincat.

2101 5568 2215 5625 Nec
2247 5566 2350 5624 illa
2377 5564 2615 5638 quidem
2649 5578 2824 5635 parva
2873 5564 3017 5627 erat,
3047 5579 3179 5636 quia
3228 5564 3630 5624 demonstrata
3657 5571 3747 5625 est

2102 5660 2279 5718 etiam
2309 5653 2568 5732 potentia
2594 5650 2764 5709 liberi
2795 5650 3042 5725 arbitrii,
3075 5654 3354 5730 quoniam
3393 5656 3479 5716 sic
3504 5657 3745 5735 adjuva-

3635 368 3773 437 130’

3824 6082 4055 6146 Δ
