4094 6186
350 285 462 347 131

1565 277 1968 344 AMULONIS
2011 277 2256 340 EPISC.
2301 277 2531 342 LUGD.

3640 275 3751 338 132

351 417 544 485 batur,
561 421 624 473 ut
638 417 765 474 sine
786 417 893 473 hoc
911 415 1202 488 adjutorio
1221 415 1279 468 in
1297 415 1448 470 bono
1466 431 1582 468 non
1605 413 1994 480 maneret,sed
2024 413 2080 480 Α
2110 413 2218 468 hac
2248 429 2460 481 eremo,
2489 418 2554 468 ut
2582 429 2650 468 ex
2680 428 2745 466 eo
2778 410 2945 484 quasi
2978 409 3160 484 guttis
3206 409 3560 482 quibusdam
3605 409 3754 465 irro-

348 503 460 561 hoc
519 504 881 578 adjutorium
935 504 984 560 si
1033 501 1223 570 vellet,
1264 502 1578 558 desereret.
1616 501 1744 558 llzec
1800 505 1997 556 autem

348 595 511 649 tanto
543 595 732 666 major
760 598 868 661 est,
904 597 970 647 ut
1013 607 1223 664 parum
1273 590 1350 645 sit
1398 591 1623 647 homini
1677 609 1779 663 per
1836 589 2000 645 illam

349 697 618 753 reparare
650 679 936 753 perditam
983 678 1333 748 libertatem,
1363 697 1572 753 parum
1622 679 1699 735 sit
1747 679 1999 750 denique

350 787 466 824 non
501 787 670 842 posse
702 770 826 824 sine
866 769 966 823 illa
1013 769 1100 823 vel
1153 770 1586 842 apprchendere
1633 770 1875 836 bonum,
1909 767 1997 824 vel

347 874 690 929 permanere
721 857 778 911 in
815 859 988 925 bono,
1012 857 1061 912 si
1092 857 1248 926 velit,
1283 858 1393 913 nisi
1427 858 1601 913 etiam
1625 857 1914 912 efficiatur
1934 861 2001 910 ut

345 945 672 1001 velit.Tune
702 962 840 1018 ergo
871 947 1112 1002 dederat
1144 947 1296 1002 Deus
1319 947 1542 1002 homini
1565 947 1779 1002 bonam
1800 945 2000 1001 volun-

345 1038 549 1103 tatem,
583 1034 642 1089 in
673 1035 774 1090 illa
806 1036 1021 1108 quippe
1052 1053 1184 1091 cum
1237 1036 1451 1091 fecerat
1501 1035 1600 1109 qui
1656 1036 1869 1091 fecerat
1909 1051 1997 1090 re-

345 1129 539 1192 ctum;
565 1125 804 1180 dederat
833 1125 1353 1196 adjutorium,sine
1365 1143 1480 1198 quo
1499 1126 1556 1180 in
1575 1143 1640 1181 ea
1664 1141 1778 1180 non
1801 1127 2002 1197 posset

344 1229 687 1285 permanere
718 1212 768 1268 si
797 1211 990 1280 vellet,
1027 1218 1093 1270 ut
1125 1218 1320 1270 autem
1362 1213 1534 1270 vellet
1565 1214 1624 1269 in
1657 1214 1785 1286 ejus
1813 1212 1998 1270 libero

345 1300 584 1374 reliquit
615 1301 881 1358 arbitrio.
911 1303 1022 1358 Sed
1050 1303 1188 1376 quia
1227 1302 1416 1360 noluit
1465 1318 1826 1376 permanere,
1860 1318 1998 1375 pro-

344 1390 493 1447 fecto
523 1391 650 1464 ejus
680 1395 770 1448 est
800 1391 970 1465 culpa
1023 1392 1194 1463 cuius
1242 1393 1519 1448 meritum
1553 1392 1762 1450 fuisset
1786 1391 1834 1448 si
1869 1409 1996 1464 per-

346 1496 584 1536 manere
609 1479 925 1546 voluisset;
959 1481 1112 1536 sicut
1139 1481 1401 1537 fecerunt
1432 1479 1622 1554 angeli
1655 1480 1997 1552 sancti,qui,

345 1569 694 1625 cadentibus
725 1568 856 1624 aliis
885 1586 989 1641 per
1023 1569 1274 1625 liberum
1327 1569 1657 1636 arbitrium,
1691 1587 1795 1642 per
1841 1569 1995 1625 idem

343 1657 595 1714 liberum
625 1657 936 1714 arbitrium
969 1661 1259 1713 steterunt
1289 1659 1423 1730 ipsi,
1457 1663 1516 1714 et
1546 1657 1724 1729 hujus
1749 1657 2001 1714 mansio-

343 1745 438 1802 nis
469 1745 724 1802 debitam
757 1747 1085 1802 mercedem
1116 1747 1370 1819 recipere
1393 1750 1996 1815 mcruerunt,tantam

342 1833 568 1891 scilicet
599 1833 980 1891 beatitudinis
1010 1835 1457 1908 plenitudinem,
1484 1852 1601 1908 qua
1630 1836 1716 1892 eis
1746 1835 1999 1892 certissi-

345 1939 511 1979 mum
541 1923 617 1980 sit
649 1941 881 1997 semper
909 1941 973 1980 se
993 1923 1052 1978 in
1079 1923 1179 1980 illa
1207 1941 1336 1982 esse
1367 1925 1776 1982 mansuros.Si
1799 1929 1995 1996 autem

341 2013 452 2068 hoe
483 2011 839 2085 adiutorium
892 2012 978 2068 vel
1032 2013 1257 2087 angelo,
1291 2014 1378 2070 vel
1429 2013 1674 2082 homini,
1709 2030 1842 2069 cum
1877 2014 1995 2086 pri~

345 2117 509 2157 mum
540 2101 676 2158 facti
697 2107 854 2170 sunt,
879 2103 1468 2176 defuisset,quoniam
1493 2121 1607 2159 non
1629 2103 1764 2158 talis
1789 2108 1996 2160 natura

347 2191 502 2246 facta
527 2195 670 2258 erat,
705 2195 769 2246 ut
797 2191 925 2249 sine
949 2191 1146 2248 divino
1180 2193 1470 2264 adjutorio
1514 2197 1711 2265 posset
1762 2209 1995 2248 manere

345 2280 396 2335 si
427 2279 616 2348 vellet,
652 2297 767 2336 non
799 2281 1002 2353 utique
1033 2300 1141 2338 sua
1168 2282 1342 2354 culpa
1371 2281 1995 2354 cecidissent.Adjuto-

343 2369 496 2425 rium
511 2370 730 2443 quippe
746 2371 1050 2438 defuisset,
1063 2372 1188 2426 sine
1205 2387 1321 2444 quo
1335 2387 1572 2426 manere
1593 2388 1708 2426 non
1731 2376 1992 2443 possent.

346 2459 514 2514 Nunc
543 2462 741 2515 autem
774 2459 992 2532 quibus
1013 2459 1178 2515 deest
1210 2457 1322 2515 tale
1352 2459 1858 2530 adjutorium,jam
1881 2477 1996 2531 pm-

346 2567 422 2604 na
470 2549 692 2622 peccati
739 2552 862 2616 est;
915 2548 1133 2620 quibus
1192 2551 1388 2604 autem
1442 2549 1635 2616 datur,
1669 2550 1996 2605 secundum

345 2637 594 2711 gratiam
647 2637 840 2705 datur,
876 2654 993 2692 non
1043 2637 1367 2693 secundum
1416 2637 1700 2704 debitum,
1737 2641 1793 2691 et
1830 2641 1995 2694 tanto

345 2726 601 2799 amplius
629 2727 807 2782 datur
835 2743 940 2799 per
963 2725 1168 2782 Jesum
1199 2724 1494 2782 Christum
1524 2726 1838 2782 Dominum
1869 2744 1998 2783 nos-

346 2815 752 2888 trum,quibus
773 2815 831 2870 id
849 2815 987 2870 dare
1009 2815 1126 2870 Deo
1147 2813 1588 2888 placuit,utnon
1603 2815 1792 2870 solum
1819 2815 1994 2885 adsit,

346 2905 601 2978 sinequo
623 2921 963 2977 permanere
985 2922 1100 2962 non
1126 2902 1700 2976 possumus,etiamsi
1722 2903 1994 2973 velimus,

346 3011 546 3050 verum
605 2993 782 3048 etiam
832 2996 1062 3048 tantum
1110 3009 1176 3047 ac
1225 2991 1340 3047 tale
1389 2993 1468 3047 sit
1492 2996 1558 3048 ut
1601 2991 1872 3048 velimus.
1908 2993 1999 3049 Fit

347 3081 562 3153 quippe
593 3081 651 3134 in
686 3079 855 3135 nobis
881 3097 983 3152 per
1012 3080 1166 3135 hanc
1196 3079 1296 3134 Dei
1327 3080 1577 3151 gratiam
1604 3081 1660 3134 in
1686 3081 1838 3136 bono
1861 3081 2000 3136 rcci-

2109 502 2218 556 rati
2249 518 2364 557 non
2397 500 2740 557 deﬁciamus
2770 499 2832 554 in
2858 499 2972 556 via.

2761 633 2992 690 CAPUT
3031 633 3098 687 V.

2179 743 2260 796 Ex:
2282 757 2528 797 scr-mone
2556 741 2619 796 51
2654 741 3011 867 exposlitionis
3057 739 3342 810 Evangelii
3387 739 3687 794 secundum

2823 828 3074 867 oanncm.

2823 828 2963 866 οαηη
2971 828 3074 867 σηι.

2179 948 2491 1002 SENTENTIA
2525 947 2567 1000 Ι.
2603 945 2918 1000 Dominum
2951 943 3260 1018 praescium
3287 943 3621 1000 futurorum
3655 962 3758 1018 per

2105 1036 2449 1106 prophetam
2473 1033 2809 1108 praedixisse
2833 1035 2887 1088 in
2899 1033 3232 1090 ﬁdelitatem
3251 1033 3588 1090 Judzeorum
3600 1051 3759 1106 ,prze-

2106 1123 2322 1180 dixisse
2370 1127 2590 1193 tamen,
2639 1140 2752 1180 non
2808 1122 3033 1180 fecisse.
3068 1123 3192 1178 Non
3251 1121 3407 1178 enim
3451 1127 3759 1195 propterea

2106 1229 2462 1286 quemquam
2497 1213 2650 1270 Deus
2681 1213 2837 1288 cogit
2858 1213 2929 1268 ad
2963 1211 3345 1286 peccandum,
3378 1211 3518 1285 quia
3558 1211 3760 1268 futura

2105 1301 2412 1358 hominum
2459 1306 2697 1376 peccata
2718 1302 2846 1375 jam
2877 1301 3055 1360 novit.
3087 1303 3354 1374 Ipsorum
3383 1300 3540 1358 enim
3571 1318 3759 1374 praes-

2105 1390 2240 1447 civit
2287 1396 2544 1464 peccata,
2576 1409 2692 1448 non
2741 1409 2882 1460 sua;
2918 1408 3034 1448 non
3085 1391 3438 1463 cujusquam
3487 1389 3757 1459 alterius,

2106 1479 2205 1535 sed
2238 1479 2922 1552 ipsorum.'Quapropter
2951 1478 3004 1536 si
3031 1495 3100 1534 ea
3148 1495 3278 1551 qua:
3325 1477 3422 1535 ille
3467 1477 3762 1551 praescivit

2106 1569 2388 1640 ipsorum,
2423 1585 2538 1624 non
2563 1575 2702 1625 sunt
2723 1569 3008 1642 ipsorum,
3035 1585 3151 1624 non
3174 1584 3306 1626 vere
3319 1567 3422 1624 illa
3443 1567 3758 1640 praescivit.

2105 1657 2215 1713 Sed
2249 1657 2387 1729 quia
2424 1656 2584 1713 illius
2635 1655 3002 1730 prmscientia
3050 1655 3173 1712 falli
3221 1673 3337 1712 non
3388 1661 3604 1730 potest,
3631 1657 3761 1713 sine

2105 1747 2282 1802 dubio
2314 1763 2428 1802 non
2460 1747 2634 1814 alius,
2669 1747 2771 1802 sed
2802 1745 2912 1819 ipsi
2953 1749 3218 1819 peccant,
3251 1763 3398 1819 quos
3429 1747 3588 1804 Deus
3615 1763 3758 1821 peo-

2102 1839 2337 1893 caturos
2383 1853 2514 1892 esse
2563 1835 2871 1910 praescivit.
2925 1836 3210 1892 Fecerunt
3255 1851 3392 1909 ergo
3448 1839 3758 1908 peccatum

2101 1925 2308 1990 Judaei,
2344 1926 2499 1996 quod
2529 1941 2630 1982 eos
2662 1924 2846 1982 facere
2879 1941 2995 1980 non
3025 1924 3312 1998 compulit
3330 1923 3425 1980 cui
3447 1929 3758 1998 peccatum

2105 2031 2217 2069 non
2252 2013 2462 2085 placet,
2496 2015 2598 2070 sed
2629 2015 2885 2071 facturos
2918 2031 3047 2070 esse
3079 2014 3344 2086 prtedixit
3381 2029 3559 2086 quem
3609 2013 3760 2070 nihil
3851 2011 3854 2014 ’

2102 2103 2262 2158 latet.
2297 2103 2365 2159 Et
2399 2104 2526 2160 ideo
2559 2103 2607 2158 si
2641 2121 2755 2158 non
2789 2103 3036 2173 malum,
3067 2103 3169 2159 sed
3197 2105 3417 2160 bonum
3446 2103 3636 2160 facere
3666 2121 3762 2160 vo-

2105 2191 2374 2256 luissent,
2409 2209 2524 2246 non
2557 2192 3024 2264 prohiberentur,
3055 2197 3112 2248 et
3143 2192 3250 2248 hoc
3295 2192 3504 2249 facturi
3549 2193 3760 2266 prmvi-

2104 2280 2380 2336 darentur
2399 2281 2471 2336 ab
2493 2298 2558 2337 eo
2582 2281 2682 2352 qui
2717 2282 2874 2338 novit
2905 2282 3045 2353 quid
3078 2283 3156 2338 sit
3185 2282 3436 2354 quisque
3465 2282 3757 2352 facturus,

2103 2373 2160 2425 et
2190 2370 2333 2442 quid
2365 2370 2417 2426 ei
2449 2371 2528 2426 sit
2558 2387 2660 2442 pro
2691 2372 2819 2442 ejus
2849 2386 3022 2442 opere
3056 2371 3415 2428 redditurus.

2175 2458 2246 2514 II.
2281 2458 2496 2514 Malam
2526 2459 2864 2515 Judaeorum
2893 2458 3257 2516 voluntatem
3288 2458 3554 2532 praevidit
3575 2459 3761 2532 Deus,

2104 2552 2160 2604 et
2190 2565 2294 2620 per
2322 2547 2671 2620 prephetam
2725 2549 3136 2622 praenuntiavit
3185 2547 3282 2604 ille
3327 2549 3421 2604 cui
3471 2550 3762 2606 abscondi

2105 2637 2304 2692 futura
2333 2654 2448 2693 non
2479 2643 2749 2709 possunt.
2775 2637 2886 2692 Sed
2919 2637 3096 2693 aliam
3129 2655 3393 2706 causam,
3424 2638 3644 2711 inquis,
3675 2640 3764 2694 di-

2104 2725 2185 2780 cit
2215 2724 2516 2796 propheta,
2541 2741 2659 2780 non
2681 2724 3000 2781 voluntatis
3018 2724 3278 2781 illorum.
3302 2727 3488 2792 Quam
3511 2743 3760 2784 causam

2105 2813 2247 2869 dicit
2275 2813 2604 2887 propheta?
2637 2837 2657 2864 α
2687 2814 2834 2880 Quia
2853 2813 3013 2870 dedit
3028 2813 3113 2869 illi
3131 2815 3286 2870 Deus
3303 2815 3578 2888 spiritum
3601 2833 3764 2872 com-

2109 2925 2130 2951 «ι
2167 2902 2524 2976 punctionis,
2557 2902 2758 2959 oculos
2781 2907 2846 2958 ut
2867 2921 2981 2959 non
3011 2903 3266 2973 videant,
3281 2908 3340 2958 et
3355 2921 3527 2961 aures
3548 2910 3616 2960 ut
3637 2923 3761 2962 non

2109 3013 2136 3040 (ι
2169 2991 2432 3060 audiant,
2467 2997 2524 3047 et
2553 2993 2859 3048 excaacavit
2887 2993 3086 3048 oculos
3116 2998 3416 3064 eorum,et
3445 2994 3764 3052 obduravit

2111 3103 2131 3128 ι
2167 3096 2266 3134 cor
2288 3097 2491 3135 eorum
2523 3082 2696 3150 (Rom.
2730 3083 2832 3150 x1).
2865 3104 2892 3130 η
2926 3082 3116 3138 Etiam
3145 3081 3254 3137 hoc
3272 3097 3471 3138 eorum
3493 3082 3764 3140 volunta-

349 3169 562 3242 piendo
595 3172 652 3222 ct
683 3172 1118 3240 perseveranter
1147 3168 1418 3233 tenendo,
1454 3185 1567 3222 non
1603 3168 1794 3224 solum
1827 3186 2000 3242 posse
2028 3153 2070 3219 Ο
2108 3172 2224 3223 tem
2257 3169 2543 3227 meruisse
2572 3170 2917 3243 respondeo.
2942 3171 3036 3227 Sic
3066 3170 3222 3226 enim
3251 3175 3518 3240 excmcat,
3541 3173 3628 3228 sic
3659 3174 3764 3230 ob-

349 3259 505 3330 quod
537 3256 829 3325 volumus,
862 3273 1062 3312 verum
1095 3256 1273 3312 etiam
1305 3255 1450 3312 velle
1495 3258 1648 3328 quod
1698 3275 1994 3330 possums.

419 3373 562 3430 XVI.
594 3374 757 3446 (Cap.
815 3375 928 3442 12.)
973 3372 1167 3428 Prima
1221 3372 1462 3428 libertas
1517 3373 1833 3430 voluntatis
1878 3379 2002 3432 erat

350 3479 522 3536 posse
552 3479 667 3518 non
709 3479 947 3534 peccare
982 3478 995 3517 :
1031 3461 1353 3518 novissima
1401 3463 1512 3518 erit
1558 3461 1744 3519 multo
1792 3465 1998 3538 major,

353 3570 468 3608 non
505 3569 678 3626 posse
708 3569 966 3625 peccaro.
1000 3550 1196 3606 Prima
1225 3551 1637 3608 immortalitas
1667 3557 1794 3608 erat
1829 3569 2002 3626 posse

353 3659 469 3698 non
502 3641 650 3697 mori
685 3659 698 3696 z
736 3639 1054 3698 novissima
1087 3639 1199 3696 erit
1228 3638 1414 3696 multo
1444 3641 1652 3712 major,
1687 3659 1803 3698 non
1829 3658 2001 3714 posse

352 3731 524 3786 mori.
558 3731 752 3786 Prima
799 3734 926 3786 erat
974 3729 1416 3802 perseverantia:
1465 3733 1746 3800 potestas,
1781 3730 2000 3785 bonum

352 3836 524 3891 posse
555 3837 668 3876 non
700 3821 965 3876 deserere
999 3835 1012 3874 ε
1050 3817 1370 3875 novissima
1404 3818 1515 3874 erit
1563 3818 2002 3891 perseverantia:

351 3908 619 3978 felicitas,
652 3910 870 3963 bonum
902 3925 1016 3964 non
1050 3925 1222 3980 posse
1253 3908 1538 3964 deserere.
1563 3907 1841 3981 Nunquid
1864 3907 2004 3980 quia

351 4001 527 4052 erunt
554 3997 709 4052 bona
737 3996 1058 4052 novissima
1089 3995 1313 4067 potiora
1351 4000 1526 4069 atque
1579 3997 1840 4066 meliora,
1872 3997 2002 4054 ideo

354 4085 592 4140 fuerunt
621 4083 720 4140 illa
749 4085 942 4157 prima
969 4083 1058 4138 vel
1083 4083 1248 4140 nulla
1275 4085 1365 4140 vel
1395 4086 1615 4158 parva?

424 4189 595 4246 XVII.
626 4193 784 4262 (Cap.
819 4192 930 4259 14.)
961 4190 1103 4245 Cum
1137 4190 1406 4247 homines
1437 4207 1541 4264 per
1577 4194 2002 4266 correptionem

356 4280 416 4334 in
446 4279 599 4335 viam
625 4279 870 4351 justitia:
903 4296 1004 4335 seu
1039 4279 1299 4348 veniunt,
1334 4295 1438 4336 seu
1473 4282 2004 4354 revertuntur,quis

355 4373 630 4440 operatur
661 4369 720 4424 in
753 4369 1027 4425 cordibus
1055 4385 1257 4424 eorum
1291 4369 1564 4438 salutem,
1594 4370 1706 4426 nisi
1754 4370 1851 4426 ille
1903 4371 2005 4444 qui

355 4457 616 4528 quolibet
646 4457 948 4531 plantante
979 4462 1036 4513 et
1069 4458 1314 4531 rigante,
1349 4463 1407 4512 et
1437 4457 1701 4529 quolibet
1739 4459 1798 4515 in
1847 4459 2006 4534 agris

352 4544 442 4600 vel
475 4546 804 4604 arbusculis
834 4547 1236 4619 operante,dat
1265 4545 1692 4604 incrementum
1724 4548 1920 4606 Deus?

425 4661 623 4717 XVIII.
653 4665 810 4734 (Cap.
847 4663 956 4735 16.)
987 4663 1100 4718 Nec
1141 4661 1329 4734 gratia
1353 4662 1641 4735 prohibet
1685 4667 2002 4738 correptio-

355 4767 510 4820 nem,
527 4767 632 4806 nec
649 4751 931 4822 correptio
954 4757 1126 4824 negat
1147 4749 1632 4822 gratiam.Etidco
1650 4755 1732 4810 sic
1755 4759 1843 4810 est
1859 4773 2001 4828 prae-

354 4840 625 4914 cipienda
645 4841 900 4912 justitia,
933 4845 998 4894 ut
1026 4858 1059 4893 a
1089 4840 1204 4894 Deo
1235 4839 1443 4912 gratia,
1466 4857 1583 4912 qua
1604 4842 1660 4896 id
1689 4846 1840 4916 quod
1867 4863 2005 4917 pra:-

354 4930 571 5002 cipitur
604 4929 888 4998 ﬁat,lideli
921 4930 1181 4984 oratione
1211 4934 1518 5000 poscatur;
1553 4936 1611 4985 et
1642 4931 1748 4987 hoc
1783 4938 2004 4989 utrum-

355 5036 466 5090 que
499 5019 580 5074 ita
629 5019 962 5074 faciendum
1022 5023 1128 5086 est,
1165 5020 1230 5072 ut
1279 5033 1467 5090 neque
1493 5020 1658 5090 justa
1714 5023 2002 5095 correptio

355 5107 707 5180 negligatur.
742 5109 951 5164 Omnia
978 5125 1111 5164 vero
1151 5107 1272 5161 hzec
1320 5124 1455 5163 cum
1505 5109 1787 5168 charitatc
1837 5114 1998 5181 ﬁant,

355 5196 633 5266 quoniam
664 5197 918 5253 Charitas
957 5215 1060 5254 nec
1110 5195 1248 5254 facit
1294 5205 1620 5275 peccatum,
1656 5206 1713 5254 et
1747 5202 2004 5274 cooperit

355 5281 797 5339 multitudinem
829 5292 1221 5358 peccatorum.

425 5389 564 5445 XIX.
596 5390 776 5447 Nemo
810 5393 983 5450 habet
1014 5396 1082 5450 de
1113 5415 1219 5453 suo
1243 5397 1354 5453 nisi
1389 5395 1764 5452 mendacium
1790 5401 1847 5452 et
1870 5414 2000 5470 pec-

357 5482 576 5536 catum.
611 5479 670 5536 Si
698 5481 840 5554 quid
873 5487 1066 5538 autem
1098 5485 1274 5541 habet
1305 5487 1478 5542 homo
1528 5485 1788 5542 veritatis
1828 5491 2002 5559 atque

347 5567 614 5649 justitia,
648 5570 720 5630 ab
751 5569 852 5629 illo
899 5571 1056 5630 fonte
1085 5577 1175 5632 est
1205 5589 1382 5650 quem
1413 5575 1696 5634 debemus
1737 5575 1901 5638 sitire
1941 5579 2002 5638 in

2108 3259 2283 3314 durat
2312 3258 2488 3327 Deus,
2521 3259 2858 3328 deserendo,
2881 3264 2939 3314 et
2969 3276 3086 3315 non
3109 3261 3461 3332 adjuvando,
3481 3262 3638 3334 quod
3669 3280 3764 3319 oc-

2109 3346 2263 3404 culto
2287 3347 2512 3418 judicio
2545 3349 2730 3404 facere
2761 3351 2971 3421 potest,
2999 3348 3202 3421 iniquo
3243 3367 3360 3405 non
3389 3354 3600 3424 potest.
3634 3351 3761 3409 Hoc

2108 3437 2348 3494 omnino
2378 3437 2565 3510 pietas
2597 3437 3004 3511 religiosorum
3034 3439 3452 3496 inconcussum
3483 3441 3655 3498 debet
3675 3442 3764 3498 in-

2108 3525 2506 3598 violatumque
2521 3543 2768 3582 scrvare.
2787 3527 2951 3582 Sicut
2967 3527 3303 3600 Apostolus,
3324 3545 3460 3584 cum
3483 3531 3760 3587 eamdem

2109 3615 2299 3688 ipsam
2339 3619 2618 3673 tractaret
2642 3615 3054 3673 difﬁcillimam
3080 3617 3462 3689 quastionem
3497 3634 3512 3674 :
3548 3641 3578 3671 ι(
3603 3620 3764 3688 Quid

2113 3727 2141 3755 «
2169 3721 2306 3778 ergo
2356 3705 2642 3775 dicemus,
2675 3706 2888 3778 inquit,
2942 3706 3212 3778 nunquid
3261 3706 3546 3780 iniquitas
3597 3709 3762 3782 apud

2113 3816 2142 3846 ‹‹
2173 3794 2402 3852 Deum?
2429 3793 2598 3850 Absit
2633 3796 2808 3865 (Rom.
2842 3795 2942 3867 IX).
2973 3816 3002 3846 »
3037 3795 3132 3851 Sic
3179 3811 3315 3868 ergo
3362 3796 3519 3853 absit
3564 3803 3632 3854 ut
3684 3799 3766 3856 sit

2110 3883 2390 3956 iniquitas
2421 3884 2576 3956 apud
2607 3884 2813 3940 Deum.
2844 3883 2974 3940 Sive
3005 3886 3239 3958 quando
3261 3886 3765 3958 adjuvat,miseri-

2111 3973 2364 4030 corditer
2392 3973 2563 4041 facit;
2592 3973 2712 4028 sive
2742 3973 2976 4045 quando
3004 3990 3120 4030 non
3143 3974 3576 4048 adjuvat,juste
3595 3977 3761 4048 facit,

2111 4061 2252 4134 quia
2280 4059 2480 4116 omnia
2509 4076 2625 4115 non
2655 4059 3006 4129 temeritate,
3039 4061 3140 4117 sed
3163 4061 3388 4134 judicio
3419 4063 3575 4120 facit.

2184 4149 2280 4206 III.
2314 4149 2372 4205 Si
2396 4147 2626 4220 judicia
2653 4151 2988 4205 sanctorum
3011 4150 3181 4222 justa
3208 4155 3368 4221 sunt,
3383 4156 3602 4224 quanto
3633 4171 3766 4212 ma-

2111 4240 2202 4312 gis
2226 4237 2610 4311 justiﬁcantis
2659 4242 2718 4294 et
2764 4237 3185 4296 sanctiﬁcantis
3232 4239 3375 4296 Dei?
3401 4241 3574 4298 Justa
3620 4259 3765 4318 ergo

2113 4332 2272 4396 sunt,
2305 4326 2406 4384 sed
2439 4326 2689 4384 occulta.
2715 4327 2848 4384 Ideo
2869 4344 3003 4383 cum
3035 4329 3388 4400 quaestiones
3413 4329 3765 4404 hujusmodi

2111 4419 2174 4474 in
2197 4416 2456 4473 medium
2479 4415 2952 4489 venerint,quare
2971 4416 3124 4474 alius
3145 4417 3410 4490 sic,a1ius
3431 4423 3627 4476 autem
3649 4423 3764 4490 sic,

2038 4486 2083 4588 Ι)
2117 4523 2296 4580 quare
2325 4505 2444 4576 ille,
2478 4505 2594 4561 Deo
2624 4486 3287 4578 deserente,exczecetu’r,
3319 4507 3560 4578 ille,Deo
3589 4511 3663 4566 ad
3661 4486 3766 4582 ju;

2115 4600 2304 4666 vente,
2339 4593 2725 4664 illuminetur,
2758 4613 2874 4651 non
2925 4595 3093 4653 nobis
3113 4597 3407 4668 judicium
3438 4599 3510 4655 de
3531 4599 3764 4671 judicio

2115 4685 2261 4743 tanti
2283 4685 2506 4757 judicis
2537 4703 2917 4757 usurpemus,
2930 4686 3557 4746 sedcontremiscentes
3577 4689 3768 4746 excla-

2114 4793 2346 4832 memus
2377 4791 2511 4830 cum
2542 4774 2816 4847 Apostolo
2851 4793 2864 4830 :
2899 4801 2918 4825 ει
2953 4775 2997 4831 Ο
3027 4775 3273 4832 altitudo
3303 4775 3643 4834 divitiarum
3677 4796 3768 4835 sa-

2118 4891 2136 4913 «
2175 4865 2402 4937 pientiar
2436 4870 2492 4918 et
2518 4863 2773 4918 scientia:
2807 4865 2938 4920 Dei!
2974 4881 3152 4937 quam
3187 4865 3596 4922 inscrutabilia
3624 4870 3768 4922 sunt

2117 4980 2137 5005 ιι
2165 4954 2394 5026 judicia
2425 4954 2640 5024 ejus,et
2670 4953 3104 5026 investigabiles
3135 4955 3236 5010 viae
3269 4956 3397 5026 ejus
3430 4955 3761 5029 (Rom.x1)l»

2113 5043 2274 5099 Unde
2303 5041 2526 5096 dictum
2549 5046 2606 5096 et
2623 5041 2681 5096 iu
2704 5041 2930 5113 psalmo
2957 5059 2968 5097 :
2997 5067 3022 5092 ‹‹
3045 5044 3278 5100 Judieia
3301 5050 3401 5100 tua
3423 5045 3577 5102 sicut
3597 5046 3768 5119 abys-

2115 5155 2142 5182 ‹‹
2176 5149 2280 5188 sus
2311 5129 2496 5186 multa
2527 5132 2694 5203 (Ρδιιι.
2729 5134 2918 5202 xxxv).
2953 5153 2980 5182 ››

2183 5220 2274 5276 IV.
2307 5221 2632 5276 Audiamus
2664 5221 3073 5278 admonentem
3097 5222 3461 5296 Scripturam
3484 5229 3659 5298 atque
3681 5224 3770 5279 di-

2111 5314 2338 5366 centem
2371 5325 2384 5362 :
2418 5332 2444 5359 ‹‹
2477 5309 2697 5364 Altiora
2727 5313 2782 5365 te
2811 5327 2882 5366 ne
2905 5310 3228 5382 quaesieris,
3252 5315 3309 5366 et
3340 5313 3580 5370 fortiora
3611 5318 3665 5368 te
3689 5329 3766 5368 ne

2113 5401 2406 5454 scrutatus
2423 5397 2600 5453 fueris
2625 5398 2959 5471 (Eccli.m).n
2981 5401 3106 5456 Non
3121 5399 3258 5472 quia
3272 5401 3386 5458 ista
3398 5406 3608 5475 negata
3622 5406 3769 5459 sunt

2111 5487 2443 5560 nobis,cum
2459 5487 2612 5544 Deus
2637 5487 2914 5561 magister
2934 5490 3090 5548 dicat
3113 5508 3126 5546 :
3156 5514 3178 5543 σι
3196 5490 3352 5548 Nihil
3365 5491 3766 5550 estoccultum

2115 5600 2144 5633 ι(
2176 5578 2333 5659 quod
2364 5593 2480 5638 non
2513 5577 2796 5640 reveletur
2825 5579 2958 5656 (Luc
2984 5580 3126 5662 vni).
3161 5603 3188 5636 ››
3223 5581 3335 5643 Sed
3365 5581 3418 5642 si
3451 5603 3480 5636 «
3510 5582 3572 5643 in
3601 5581 3766 5662 quod
