  <div class='ocr_page' id='page_1' title='image "/cluster/home/n/w/nwhite01/storage/ocr_20150623/116/hvd.32044054759808/072.png"; bbox 0 0 4094 6186; ppageno 0'>
   <div class='ocr_carea' id='block_1_1' title="bbox 296 340 414 405">
    <p class='ocr_par' dir='ltr' id='par_1_1' title="bbox 296 340 414 405">
     <span class='ocr_line' id='line_1_1' title="bbox 296 340 414 405; baseline 0.008 -1"><span class='ocrx_word' id='word_1_1' title='bbox 296 340 414 405; x_wconf 77' lang='lat'>{33</span> 
     </span>
    </p>
   </div>
   <div class='ocr_carea' id='block_1_2' title="bbox 299 565 1951 639">
    <p class='ocr_par' dir='ltr' id='par_1_2' title="bbox 299 565 1951 639">
     <span class='ocr_line' id='line_1_2' title="bbox 299 565 1951 639; baseline -0.004 -15"><span class='ocrx_word' id='word_1_2' title='bbox 299 567 434 624; x_wconf 92' lang='lat' dir='ltr'>dicit</span> <span class='ocrx_word' id='word_1_3' title='bbox 447 566 911 639; x_wconf 88' lang='lat' dir='ltr'>Apostolus,non</span> <span class='ocrx_word' id='word_1_4' title='bbox 927 568 1114 623; x_wconf 89' lang='lat' dir='ltr'>solum</span> <span class='ocrx_word' id='word_1_5' title='bbox 1132 568 1285 639; x_wconf 90' lang='lat' dir='ltr'>quod</span> <span class='ocrx_word' id='word_1_6' title='bbox 1302 567 1598 623; x_wconf 80' lang='lat' dir='ltr'>nescimus</span> <span class='ocrx_word' id='word_1_7' title='bbox 1613 570 1669 620; x_wconf 89' lang='lat' dir='ltr'>et</span> <span class='ocrx_word' id='word_1_8' title='bbox 1682 565 1828 620; x_wconf 85' lang='lat' dir='ltr'>seire</span> <span class='ocrx_word' id='word_1_9' title='bbox 1859 565 1951 619; x_wconf 89' lang='lat' dir='ltr'>de-</span> 
     </span>
    </p>
   </div>
   <div class='ocr_carea' id='block_1_3' title="bbox 299 644 1950 729">
    <p class='ocr_par' dir='ltr' id='par_1_3' title="bbox 299 644 1950 729">
     <span class='ocr_line' id='line_1_3' title="bbox 299 644 1950 729; baseline -0.003 -16"><span class='ocrx_word' id='word_1_10' title='bbox 299 658 525 721; x_wconf 85' lang='lat' dir='ltr'>bemus,</span> <span class='ocrx_word' id='word_1_11' title='bbox 552 657 655 712; x_wconf 89' lang='lat' dir='ltr'>sed</span> <span class='ocrx_word' id='word_1_12' title='bbox 679 655 853 712; x_wconf 89' lang='lat' dir='ltr'>etiam</span> <span class='ocrx_word' id='word_1_13' title='bbox 874 680 893 706; x_wconf 72' lang='lat' dir='ltr'>a</span> <span class='ocrx_word' id='word_1_14' title='bbox 914 657 961 713; x_wconf 87' lang='lat' dir='ltr'>si</span> <span class='ocrx_word' id='word_1_15' title='bbox 977 657 1118 729; x_wconf 84' lang='lat' dir='ltr'>quid</span> <span class='ocrx_word' id='word_1_16' title='bbox 1136 656 1302 712; x_wconf 81' lang='lat' dir='ltr'>aliter</span> <span class='ocrx_word' id='word_1_17' title='bbox 1320 656 1605 728; x_wconf 83' lang='lat' dir='ltr'>sapimus,</span> <span class='ocrx_word' id='word_1_18' title='bbox 1628 644 1950 726; x_wconf 54' lang='lat' dir='ltr'>ideioque</span> 
     </span>
    </p>
   </div>
   <div class='ocr_carea' id='block_1_4' title="bbox 300 742 1949 801">
    <p class='ocr_par' dir='ltr' id='par_1_4' title="bbox 300 742 1949 801">
     <span class='ocr_line' id='line_1_4' title="bbox 300 742 1949 801; baseline -0.002 -2"><span class='ocrx_word' id='word_1_19' title='bbox 300 744 508 800; x_wconf 80' lang='lat' dir='ltr'>«nobis</span> <span class='ocrx_word' id='word_1_20' title='bbox 530 745 690 800; x_wconf 90' lang='lat' dir='ltr'>Deus</span> <span class='ocrx_word' id='word_1_21' title='bbox 712 744 1005 801; x_wconf 87' lang='lat' dir='ltr'>revelavit.</span> <span class='ocrx_word' id='word_1_22' title='bbox 1029 768 1057 795; x_wconf 85' lang='lat'><strong>»</strong></span> <span class='ocrx_word' id='word_1_23' title='bbox 1086 746 1458 800; x_wconf 85' lang='lat' dir='ltr'>Pcrvenimus</span> <span class='ocrx_word' id='word_1_24' title='bbox 1482 749 1673 799; x_wconf 87' lang='lat' dir='ltr'>autem</span> <span class='ocrx_word' id='word_1_25' title='bbox 1707 744 1764 797; x_wconf 90' lang='lat' dir='ltr'>in</span> <span class='ocrx_word' id='word_1_26' title='bbox 1796 742 1949 797; x_wconf 88' lang='lat' dir='ltr'>viam</span> 
     </span>
    </p>
   </div>
   <div class='ocr_carea' id='block_1_5' title="bbox 300 832 1949 906">
    <p class='ocr_par' dir='ltr' id='par_1_5' title="bbox 300 832 1949 906">
     <span class='ocr_line' id='line_1_5' title="bbox 300 832 1949 906; baseline -0.003 -17"><span class='ocrx_word' id='word_1_27' title='bbox 300 835 449 901; x_wconf 85' lang='lat' dir='ltr'>ﬁdei,</span> <span class='ocrx_word' id='word_1_28' title='bbox 469 834 623 888; x_wconf 86' lang='lat' dir='ltr'>hanc</span> <span class='ocrx_word' id='word_1_29' title='bbox 647 833 1558 906; x_wconf 85' lang='lat' dir='ltr'>perseverantissimeteneamus.</span> <span class='ocrx_word' id='word_1_30' title='bbox 1578 834 1706 905; x_wconf 85' lang='lat' dir='ltr'>Ipsa</span> <span class='ocrx_word' id='word_1_31' title='bbox 1740 832 1949 903; x_wconf 83' lang='lat' dir='ltr'>perdu-</span> 
     </span>
    </p>
   </div>
   <div class='ocr_carea' id='block_1_6' title="bbox 297 919 1952 996">
    <p class='ocr_par' dir='ltr' id='par_1_6' title="bbox 297 919 1952 996">
     <span class='ocr_line' id='line_1_6' title="bbox 297 919 1952 996; baseline -0.003 -17"><span class='ocrx_word' id='word_1_32' title='bbox 297 923 370 979; x_wconf 87' lang='lat' dir='ltr'>cit</span> <span class='ocrx_word' id='word_1_33' title='bbox 390 924 462 979; x_wconf 88' lang='lat' dir='ltr'>ad</span> <span class='ocrx_word' id='word_1_34' title='bbox 490 923 834 979; x_wconf 85' lang='lat' dir='ltr'>cubiculum</span> <span class='ocrx_word' id='word_1_35' title='bbox 859 924 1083 996; x_wconf 74' lang='lat' dir='ltr'>Regis,-</span> <span class='ocrx_word' id='word_1_36' title='bbox 1104 925 1159 977; x_wconf 88' lang='lat' dir='ltr'>in</span> <span class='ocrx_word' id='word_1_37' title='bbox 1179 942 1292 996; x_wconf 91' lang='lat' dir='ltr'>quo</span> <span class='ocrx_word' id='word_1_38' title='bbox 1319 941 1522 979; x_wconf 86' lang='lat' dir='ltr'>omnes</span> <span class='ocrx_word' id='word_1_39' title='bbox 1544 919 1952 978; x_wconf 86' lang='lat' dir='ltr'>suntthesauri</span> 
     </span>
    </p>
   </div>
   <div class='ocr_carea' id='block_1_7' title="bbox 302 1011 1949 1084">
    <p class='ocr_par' dir='ltr' id='par_1_7' title="bbox 302 1011 1949 1084">
     <span class='ocr_line' id='line_1_7' title="bbox 302 1011 1949 1084; baseline -0.002 -16"><span class='ocrx_word' id='word_1_40' title='bbox 302 1038 320 1062; x_wconf 88' lang='grc' dir='ltr'>ι</span> <span class='ocrx_word' id='word_1_41' title='bbox 357 1012 662 1084; x_wconf 65' lang='lat' dir='ltr'>sapientiae</span> <span class='ocrx_word' id='word_1_42' title='bbox 695 1016 751 1067; x_wconf 89' lang='lat' dir='ltr'>et</span> <span class='ocrx_word' id='word_1_43' title='bbox 781 1012 1037 1067; x_wconf 78' lang='lat' dir='ltr'>scientiae</span> <span class='ocrx_word' id='word_1_44' title='bbox 1069 1012 1418 1068; x_wconf 86' lang='lat' dir='ltr'>absconditi.</span> <span class='ocrx_word' id='word_1_45' title='bbox 1459 1037 1480 1061; x_wconf 76' lang='grc' dir='ltr'>ιο</span> <span class='ocrx_word' id='word_1_46' title='bbox 1515 1011 1949 1067; x_wconf 84' lang='lat' dir='ltr'>Ambulandum</span> 
     </span>
    </p>
   </div>
   <div class='ocr_carea' id='block_1_8' title="bbox 296 1099 1953 1173">
    <p class='ocr_par' dir='ltr' id='par_1_8' title="bbox 296 1099 1953 1173">
     <span class='ocr_line' id='line_1_8' title="bbox 296 1099 1953 1173; baseline -0.003 -16"><span class='ocrx_word' id='word_1_47' title='bbox 296 1102 843 1173; x_wconf 87' lang='lat' dir='ltr'>est,proﬁciendum</span> <span class='ocrx_word' id='word_1_48' title='bbox 869 1103 1377 1173; x_wconf 87' lang='lat' dir='ltr'>est,cresccndum</span> <span class='ocrx_word' id='word_1_49' title='bbox 1402 1107 1507 1170; x_wconf 90' lang='lat' dir='ltr'>est,</span> <span class='ocrx_word' id='word_1_50' title='bbox 1534 1107 1599 1157; x_wconf 91' lang='lat' dir='ltr'>ut</span> <span class='ocrx_word' id='word_1_51' title='bbox 1630 1102 1748 1156; x_wconf 89' lang='lat' dir='ltr'>sint</span> <span class='ocrx_word' id='word_1_52' title='bbox 1779 1099 1953 1154; x_wconf 92' lang='lat' dir='ltr'>corda</span> 
     </span>
    </p>
   </div>
   <div class='ocr_carea' id='block_1_9' title="bbox 294 1190 1949 1262">
    <p class='ocr_par' dir='ltr' id='par_1_9' title="bbox 294 1190 1949 1262">
     <span class='ocr_line' id='line_1_9' title="bbox 294 1190 1949 1262; baseline -0.003 -15"><span class='ocrx_word' id='word_1_53' title='bbox 294 1196 496 1247; x_wconf 87' lang='lat' dir='ltr'>nostra</span> <span class='ocrx_word' id='word_1_54' title='bbox 524 1190 766 1262; x_wconf 79' lang='lat' dir='ltr'>capacia</span> <span class='ocrx_word' id='word_1_55' title='bbox 796 1207 995 1246; x_wconf 90' lang='lat' dir='ltr'>earum</span> <span class='ocrx_word' id='word_1_56' title='bbox 1032 1207 1226 1246; x_wconf 88' lang='lat' dir='ltr'>rerum</span> <span class='ocrx_word' id='word_1_57' title='bbox 1251 1208 1398 1262; x_wconf 87' lang='lat' dir='ltr'>quas</span> <span class='ocrx_word' id='word_1_58' title='bbox 1421 1207 1621 1262; x_wconf 91' lang='lat' dir='ltr'>capere</span> <span class='ocrx_word' id='word_1_59' title='bbox 1644 1190 1815 1244; x_wconf 89' lang='lat' dir='ltr'>modo</span> <span class='ocrx_word' id='word_1_60' title='bbox 1836 1205 1949 1243; x_wconf 90' lang='lat' dir='ltr'>non</span> 
     </span>
    </p>
   </div>
   <div class='ocr_carea' id='block_1_10' title="bbox 294 1278 1954 1353">
    <p class='ocr_par' dir='ltr' id='par_1_10' title="bbox 294 1278 1954 1353">
     <span class='ocr_line' id='line_1_10' title="bbox 294 1278 1954 1353; baseline -0.002 -18"><span class='ocrx_word' id='word_1_61' title='bbox 294 1280 809 1353; x_wconf 87' lang='lat' dir='ltr'>possumus.Quod</span> <span class='ocrx_word' id='word_1_62' title='bbox 843 1280 891 1333; x_wconf 97' lang='lat' dir='ltr'>si</span> <span class='ocrx_word' id='word_1_63' title='bbox 926 1296 1029 1334; x_wconf 88' lang='lat' dir='ltr'>nos</span> <span class='ocrx_word' id='word_1_64' title='bbox 1064 1279 1307 1335; x_wconf 85' lang='lat' dir='ltr'>ultimus</span> <span class='ocrx_word' id='word_1_65' title='bbox 1339 1280 1464 1335; x_wconf 85' lang='lat' dir='ltr'>dies</span> <span class='ocrx_word' id='word_1_66' title='bbox 1484 1278 1954 1351; x_wconf 86' lang='lat' dir='ltr'>proﬁcientesin-</span> 
     </span>
    </p>
   </div>
   <div class='ocr_carea' id='block_1_11' title="bbox 291 1367 1783 1440">
    <p class='ocr_par' dir='ltr' id='par_1_11' title="bbox 291 1367 1783 1440">
     <span class='ocr_line' id='line_1_11' title="bbox 291 1367 1783 1440; baseline -0.001 -18"><span class='ocrx_word' id='word_1_67' title='bbox 291 1368 543 1440; x_wconf 79' lang='lat' dir='ltr'>venerit,</span> <span class='ocrx_word' id='word_1_68' title='bbox 576 1368 657 1423; x_wconf 88' lang='lat' dir='ltr'>ibi</span> <span class='ocrx_word' id='word_1_69' title='bbox 688 1368 974 1424; x_wconf 79' lang='lat' dir='ltr'>discimus</span> <span class='ocrx_word' id='word_1_70' title='bbox 1005 1370 1160 1439; x_wconf 88' lang='lat' dir='ltr'>quod</span> <span class='ocrx_word' id='word_1_71' title='bbox 1192 1368 1286 1423; x_wconf 87' lang='lat' dir='ltr'>hic</span> <span class='ocrx_word' id='word_1_72' title='bbox 1319 1385 1430 1423; x_wconf 89' lang='lat' dir='ltr'>non</span> <span class='ocrx_word' id='word_1_73' title='bbox 1464 1367 1783 1440; x_wconf 84' lang='lat' dir='ltr'>potuimus.</span> 
     </span>
    </p>
   </div>
   <div class='ocr_carea' id='block_1_12' title="bbox 359 1491 1950 1564">
    <p class='ocr_par' dir='ltr' id='par_1_12' title="bbox 359 1491 1950 1564">
     <span class='ocr_line' id='line_1_12' title="bbox 359 1491 1950 1564; baseline 0.001 -18"><span class='ocrx_word' id='word_1_74' title='bbox 359 1494 429 1548; x_wconf 74' lang='grc' dir='ltr'><strong>ν.</strong></span> <span class='ocrx_word' id='word_1_75' title='bbox 465 1494 550 1548; x_wconf 74' lang='lat' dir='ltr'>Ne</span> <span class='ocrx_word' id='word_1_76' title='bbox 586 1494 799 1548; x_wconf 83' lang='lat' dir='ltr'>audeat</span> <span class='ocrx_word' id='word_1_77' title='bbox 858 1492 1174 1564; x_wconf 80' lang='lat' dir='ltr'>quisquam</span> <span class='ocrx_word' id='word_1_78' title='bbox 1232 1492 1481 1548; x_wconf 88' lang='lat' dir='ltr'>liberum</span> <span class='ocrx_word' id='word_1_79' title='bbox 1527 1491 1833 1548; x_wconf 78' lang='lat' dir='ltr'>arbitrium</span> <span class='ocrx_word' id='word_1_80' title='bbox 1867 1492 1950 1547; x_wconf 89' lang='lat' dir='ltr'>sic</span> 
     </span>
    </p>
   </div>
   <div class='ocr_carea' id='block_1_13' title="bbox 291 1580 1951 1652">
    <p class='ocr_par' dir='ltr' id='par_1_13' title="bbox 291 1580 1951 1652">
     <span class='ocr_line' id='line_1_13' title="bbox 291 1580 1951 1652; baseline -0.002 -13"><span class='ocrx_word' id='word_1_81' title='bbox 291 1583 631 1649; x_wconf 80' lang='lat' dir='ltr'>defendere,</span> <span class='ocrx_word' id='word_1_82' title='bbox 664 1585 730 1636; x_wconf 89' lang='lat' dir='ltr'>ut</span> <span class='ocrx_word' id='word_1_83' title='bbox 762 1581 929 1636; x_wconf 90' lang='lat' dir='ltr'>nobis</span> <span class='ocrx_word' id='word_1_84' title='bbox 978 1580 1297 1636; x_wconf 84' lang='lat' dir='ltr'>orationem</span> <span class='ocrx_word' id='word_1_85' title='bbox 1346 1598 1460 1652; x_wconf 88' lang='lat' dir='ltr'>qua</span> <span class='ocrx_word' id='word_1_86' title='bbox 1498 1581 1770 1651; x_wconf 82' lang='lat' dir='ltr'>dicimus,</span> <span class='ocrx_word' id='word_1_87' title='bbox 1813 1601 1831 1628; x_wconf 73' lang='grc' dir='ltr'>α</span> <span class='ocrx_word' id='word_1_88' title='bbox 1870 1581 1951 1638; x_wconf 87' lang='lat' dir='ltr'>Ne</span> 
     </span>
    </p>
   </div>
   <div class='ocr_carea' id='block_1_14' title="bbox 296 1670 1946 1739">
    <p class='ocr_par' dir='ltr' id='par_1_14' title="bbox 296 1670 1946 1739">
     <span class='ocr_line' id='line_1_14' title="bbox 296 1670 1946 1739; baseline 0.001 -17"><span class='ocrx_word' id='word_1_89' title='bbox 296 1696 315 1722; x_wconf 83' lang='grc' dir='ltr'>ι</span> <span class='ocrx_word' id='word_1_90' title='bbox 352 1688 463 1726; x_wconf 87' lang='lat' dir='ltr'>nos</span> <span class='ocrx_word' id='word_1_91' title='bbox 526 1670 745 1725; x_wconf 71' lang='lat' dir='ltr'>inferas</span> <span class='ocrx_word' id='word_1_92' title='bbox 803 1670 860 1724; x_wconf 91' lang='lat' dir='ltr'>in</span> <span class='ocrx_word' id='word_1_93' title='bbox 921 1670 1323 1739; x_wconf 81' lang='lat' dir='ltr'>tentationem,</span> <span class='ocrx_word' id='word_1_94' title='bbox 1362 1691 1382 1719; x_wconf 71' lang='grc' dir='ltr'><strong>υ</strong></span> <span class='ocrx_word' id='word_1_95' title='bbox 1418 1673 1660 1724; x_wconf 82' lang='lat' dir='ltr'>conetur</span> <span class='ocrx_word' id='word_1_96' title='bbox 1700 1670 1946 1725; x_wconf 77' lang='lat' dir='ltr'>auferre.</span> 
     </span>
    </p>
   </div>
   <div class='ocr_carea' id='block_1_15' title="bbox 292 1757 1951 1830">
    <p class='ocr_par' dir='ltr' id='par_1_15' title="bbox 292 1757 1951 1830">
     <span class='ocr_line' id='line_1_15' title="bbox 292 1757 1951 1830; baseline -0.001 -14"><span class='ocrx_word' id='word_1_97' title='bbox 292 1761 526 1816; x_wconf 80' lang='lat' dir='ltr'>Rursus</span> <span class='ocrx_word' id='word_1_98' title='bbox 558 1774 630 1813; x_wconf 91' lang='lat' dir='ltr'>ne</span> <span class='ocrx_word' id='word_1_99' title='bbox 661 1758 975 1830; x_wconf 81' lang='lat' dir='ltr'>quisquam</span> <span class='ocrx_word' id='word_1_100' title='bbox 1011 1761 1179 1830; x_wconf 86' lang='lat' dir='ltr'>neget</span> <span class='ocrx_word' id='word_1_101' title='bbox 1207 1757 1523 1813; x_wconf 78' lang='lat' dir='ltr'>voluntatis</span> <span class='ocrx_word' id='word_1_102' title='bbox 1556 1758 1863 1813; x_wconf 82' lang='lat' dir='ltr'>arbitrium</span> <span class='ocrx_word' id='word_1_103' title='bbox 1895 1764 1951 1814; x_wconf 87' lang='lat' dir='ltr'>et</span> 
     </span>
    </p>
   </div>
   <div class='ocr_carea' id='block_1_16' title="bbox 292 1828 2147 1919">
    <p class='ocr_par' dir='ltr' id='par_1_16' title="bbox 292 1828 2147 1919">
     <span class='ocr_line' id='line_1_16' title="bbox 292 1828 2147 1919; baseline -0.003 -13"><span class='ocrx_word' id='word_1_104' title='bbox 292 1851 511 1907; x_wconf 83' lang='lat' dir='ltr'>audeat</span> <span class='ocrx_word' id='word_1_105' title='bbox 569 1865 848 1903; x_wconf 82' lang='lat' dir='ltr'>excusare</span> <span class='ocrx_word' id='word_1_106' title='bbox 909 1853 1231 1919; x_wconf 85' lang='lat' dir='ltr'>peccatum.</span> <span class='ocrx_word' id='word_1_107' title='bbox 1267 1848 1377 1902; x_wconf 83' lang='lat' dir='ltr'>Sed</span> <span class='ocrx_word' id='word_1_108' title='bbox 1409 1846 1716 1902; x_wconf 80' lang='lat' dir='ltr'>audiamus</span> <span class='ocrx_word' id='word_1_109' title='bbox 1751 1846 1948 1901; x_wconf 88' lang='lat' dir='ltr'>Domi-</span> <span class='ocrx_word' id='word_1_110' title='bbox 1981 1845 2027 1910; x_wconf 83' lang='lat' dir='ltr'><strong>B</strong></span> <span class='ocrx_word' id='word_1_111' title='bbox 2059 1828 2147 1919; x_wconf 58' lang='lat' dir='ltr'>:(_q</span> 
     </span>
    </p>
   </div>
   <div class='ocr_carea' id='block_1_17' title="bbox 286 1935 1942 2009">
    <p class='ocr_par' dir='ltr' id='par_1_17' title="bbox 286 1935 1942 2009">
     <span class='ocr_line' id='line_1_17' title="bbox 286 1935 1942 2009; baseline -0.003 -15"><span class='ocrx_word' id='word_1_112' title='bbox 286 1955 447 2005; x_wconf 90' lang='lat' dir='ltr'>num,</span> <span class='ocrx_word' id='word_1_113' title='bbox 468 1942 527 1992; x_wconf 87' lang='lat' dir='ltr'>et</span> <span class='ocrx_word' id='word_1_114' title='bbox 559 1935 1013 2009; x_wconf 58' lang='lat' dir='ltr'>praecipientem,</span> <span class='ocrx_word' id='word_1_115' title='bbox 1039 1941 1096 1990; x_wconf 90' lang='lat' dir='ltr'>et</span> <span class='ocrx_word' id='word_1_116' title='bbox 1129 1935 1531 2008; x_wconf 85' lang='lat' dir='ltr'>opitulantcm,</span> <span class='ocrx_word' id='word_1_117' title='bbox 1555 1940 1611 1989; x_wconf 91' lang='lat' dir='ltr'>ct</span> <span class='ocrx_word' id='word_1_118' title='bbox 1634 1936 1942 2005; x_wconf 84' lang='lat' dir='ltr'>jubentem</span> 
     </span>
    </p>
   </div>
   <div class='ocr_carea' id='block_1_18' title="bbox 278 2023 1942 2098">
    <p class='ocr_par' dir='ltr' id='par_1_18' title="bbox 278 2023 1942 2098">
     <span class='ocr_line' id='line_1_18' title="bbox 278 2023 1942 2098; baseline -0.001 -17"><span class='ocrx_word' id='word_1_119' title='bbox 278 2026 420 2098; x_wconf 87' lang='lat' dir='ltr'>quid</span> <span class='ocrx_word' id='word_1_120' title='bbox 478 2026 672 2081; x_wconf 80' lang='lat' dir='ltr'>facere</span> <span class='ocrx_word' id='word_1_121' title='bbox 728 2024 1069 2087; x_wconf 83' lang='lat' dir='ltr'>debeamus,</span> <span class='ocrx_word' id='word_1_122' title='bbox 1101 2028 1157 2078; x_wconf 88' lang='lat' dir='ltr'>et.</span> <span class='ocrx_word' id='word_1_123' title='bbox 1201 2024 1571 2095; x_wconf 85' lang='lat' dir='ltr'>adjuvantcm</span> <span class='ocrx_word' id='word_1_124' title='bbox 1608 2030 1669 2079; x_wconf 91' lang='lat' dir='ltr'>ut</span> <span class='ocrx_word' id='word_1_125' title='bbox 1702 2023 1942 2096; x_wconf 88' lang='lat' dir='ltr'>implere</span> 
     </span>
    </p>
   </div>
   <div class='ocr_carea' id='block_1_19' title="bbox 276 2116 604 2193">
    <p class='ocr_par' dir='ltr' id='par_1_19' title="bbox 276 2116 604 2193">
     <span class='ocr_line' id='line_1_19' title="bbox 276 2116 604 2193; baseline -0.009 -22"><span class='ocrx_word' id='word_1_126' title='bbox 276 2116 604 2193; x_wconf 82' lang='lat' dir='ltr'>possimus.</span> 
     </span>
    </p>
   </div>
   <div class='ocr_carea' id='block_1_20' title="bbox 347 2228 1944 2297">
    <p class='ocr_par' dir='ltr' id='par_1_20' title="bbox 347 2228 1944 2297">
     <span class='ocr_line' id='line_1_20' title="bbox 347 2228 1944 2297; baseline -0.001 -12"><span class='ocrx_word' id='word_1_127' title='bbox 347 2232 440 2287; x_wconf 80' lang='lat' dir='ltr'>Vl.</span> <span class='ocrx_word' id='word_1_128' title='bbox 479 2231 782 2297; x_wconf 86' lang='lat' dir='ltr'>Quosdam</span> <span class='ocrx_word' id='word_1_129' title='bbox 808 2230 989 2285; x_wconf 88' lang='lat' dir='ltr'>nimia</span> <span class='ocrx_word' id='word_1_130' title='bbox 1012 2247 1128 2285; x_wconf 68' lang='lat' dir='ltr'>sua:</span> <span class='ocrx_word' id='word_1_131' title='bbox 1152 2230 1469 2285; x_wconf 86' lang='lat' dir='ltr'>voluntatis</span> <span class='ocrx_word' id='word_1_132' title='bbox 1501 2230 1715 2285; x_wconf 92' lang='lat' dir='ltr'>ﬁducia</span> <span class='ocrx_word' id='word_1_133' title='bbox 1740 2228 1944 2284; x_wconf 90' lang='lat' dir='ltr'>extulit</span> 
     </span>
    </p>
   </div>
   <div class='ocr_carea' id='block_1_21' title="bbox 276 2317 1944 2392">
    <p class='ocr_par' dir='ltr' id='par_1_21' title="bbox 276 2317 1944 2392">
     <span class='ocr_line' id='line_1_21' title="bbox 276 2317 1944 2392; baseline -0.002 -18"><span class='ocrx_word' id='word_1_134' title='bbox 276 2321 335 2375; x_wconf 92' lang='lat' dir='ltr'>in</span> <span class='ocrx_word' id='word_1_135' title='bbox 362 2319 799 2392; x_wconf 84' lang='lat' dir='ltr'>superbiam,et</span> <span class='ocrx_word' id='word_1_136' title='bbox 818 2319 1105 2390; x_wconf 88' lang='lat' dir='ltr'>quosdam</span> <span class='ocrx_word' id='word_1_137' title='bbox 1140 2318 1322 2373; x_wconf 90' lang='lat' dir='ltr'>nimia</span> <span class='ocrx_word' id='word_1_138' title='bbox 1352 2336 1470 2373; x_wconf 66' lang='lat' dir='ltr'>sua:</span> <span class='ocrx_word' id='word_1_139' title='bbox 1500 2318 1817 2373; x_wconf 85' lang='lat' dir='ltr'>voluntatis</span> <span class='ocrx_word' id='word_1_140' title='bbox 1842 2317 1944 2371; x_wconf 82' lang='lat' dir='ltr'>dif-</span> 
     </span>
    </p>
   </div>
   <div class='ocr_carea' id='block_1_22' title="bbox 278 2406 1941 2479">
    <p class='ocr_par' dir='ltr' id='par_1_22' title="bbox 278 2406 1941 2479">
     <span class='ocr_line' id='line_1_22' title="bbox 278 2406 1941 2479; baseline -0.002 -14"><span class='ocrx_word' id='word_1_141' title='bbox 278 2409 527 2465; x_wconf 89' lang='lat' dir='ltr'>ﬁdentia</span> <span class='ocrx_word' id='word_1_142' title='bbox 556 2407 772 2479; x_wconf 88' lang='lat' dir='ltr'>dcjccit</span> <span class='ocrx_word' id='word_1_143' title='bbox 791 2406 850 2461; x_wconf 90' lang='lat' dir='ltr'>in</span> <span class='ocrx_word' id='word_1_144' title='bbox 875 2407 1313 2479; x_wconf 76' lang='lat' dir='ltr'>negligentiam.</span> <span class='ocrx_word' id='word_1_145' title='bbox 1344 2407 1430 2462; x_wconf 82' lang='lat' dir='ltr'>illi</span> <span class='ocrx_word' id='word_1_146' title='bbox 1452 2407 1681 2463; x_wconf 89' lang='lat' dir='ltr'>dicunt:</span> <span class='ocrx_word' id='word_1_147' title='bbox 1702 2406 1772 2461; x_wconf 89' lang='lat' dir='ltr'>Ut</span> <span class='ocrx_word' id='word_1_148' title='bbox 1800 2407 1941 2478; x_wconf 90' lang='lat' dir='ltr'>quid</span> 
     </span>
    </p>
   </div>
   <div class='ocr_carea' id='block_1_23' title="bbox 277 2496 1944 2571">
    <p class='ocr_par' dir='ltr' id='par_1_23' title="bbox 277 2496 1944 2571">
     <span class='ocr_line' id='line_1_23' title="bbox 277 2496 1944 2571; baseline -0.002 -17"><span class='ocrx_word' id='word_1_149' title='bbox 277 2515 565 2571; x_wconf 85' lang='lat' dir='ltr'>rogamus</span> <span class='ocrx_word' id='word_1_150' title='bbox 591 2501 772 2551; x_wconf 88' lang='lat' dir='ltr'>Deum</span> <span class='ocrx_word' id='word_1_151' title='bbox 798 2513 868 2552; x_wconf 90' lang='lat' dir='ltr'>ne</span> <span class='ocrx_word' id='word_1_152' title='bbox 891 2497 1198 2551; x_wconf 84' lang='lat' dir='ltr'>vincamur</span> <span class='ocrx_word' id='word_1_153' title='bbox 1218 2497 1556 2560; x_wconf 85' lang='lat' dir='ltr'>tentatione,</span> <span class='ocrx_word' id='word_1_154' title='bbox 1577 2496 1732 2567; x_wconf 90' lang='lat' dir='ltr'>quod</span> <span class='ocrx_word' id='word_1_155' title='bbox 1756 2496 1815 2550; x_wconf 90' lang='lat' dir='ltr'>in</span> <span class='ocrx_word' id='word_1_156' title='bbox 1847 2513 1944 2551; x_wconf 83' lang='lat' dir='ltr'>no-</span> 
     </span>
    </p>
   </div>
   <div class='ocr_carea' id='block_1_24' title="bbox 277 2585 1945 2658">
    <p class='ocr_par' dir='ltr' id='par_1_24' title="bbox 277 2585 1945 2658">
     <span class='ocr_line' id='line_1_24' title="bbox 277 2585 1945 2658; baseline -0.002 -16"><span class='ocrx_word' id='word_1_157' title='bbox 277 2591 406 2643; x_wconf 86' lang='lat' dir='ltr'>stra</span> <span class='ocrx_word' id='word_1_158' title='bbox 437 2591 531 2642; x_wconf 88' lang='lat' dir='ltr'>est</span> <span class='ocrx_word' id='word_1_159' title='bbox 563 2585 898 2658; x_wconf 84' lang='lat' dir='ltr'>potestate?</span> <span class='ocrx_word' id='word_1_160' title='bbox 930 2586 1029 2641; x_wconf 85' lang='lat' dir='ltr'>Isti</span> <span class='ocrx_word' id='word_1_161' title='bbox 1062 2586 1268 2641; x_wconf 88' lang='lat' dir='ltr'>dicunt</span> <span class='ocrx_word' id='word_1_162' title='bbox 1301 2603 1312 2641; x_wconf 95' lang='lat'>:</span> <span class='ocrx_word' id='word_1_163' title='bbox 1349 2585 1421 2640; x_wconf 89' lang='lat' dir='ltr'>Ut</span> <span class='ocrx_word' id='word_1_164' title='bbox 1467 2585 1609 2657; x_wconf 90' lang='lat' dir='ltr'>quid</span> <span class='ocrx_word' id='word_1_165' title='bbox 1660 2601 1945 2641; x_wconf 86' lang='lat' dir='ltr'>conamur</span> 
     </span>
    </p>
   </div>
   <div class='ocr_carea' id='block_1_25' title="bbox 280 2673 1939 2746">
    <p class='ocr_par' dir='ltr' id='par_1_25' title="bbox 280 2673 1939 2746">
     <span class='ocr_line' id='line_1_25' title="bbox 280 2673 1939 2746; baseline -0.003 -14"><span class='ocrx_word' id='word_1_166' title='bbox 280 2677 431 2732; x_wconf 84' lang='lat' dir='ltr'>bene</span> <span class='ocrx_word' id='word_1_167' title='bbox 462 2675 684 2742; x_wconf 81' lang='lat' dir='ltr'>vivere,</span> <span class='ocrx_word' id='word_1_168' title='bbox 706 2674 860 2745; x_wconf 88' lang='lat' dir='ltr'>quod</span> <span class='ocrx_word' id='word_1_169' title='bbox 894 2675 951 2727; x_wconf 88' lang='lat' dir='ltr'>in</span> <span class='ocrx_word' id='word_1_170' title='bbox 986 2674 1083 2729; x_wconf 86' lang='lat' dir='ltr'>Dei</span> <span class='ocrx_word' id='word_1_171' title='bbox 1118 2678 1206 2729; x_wconf 89' lang='lat' dir='ltr'>est</span> <span class='ocrx_word' id='word_1_172' title='bbox 1236 2679 1519 2746; x_wconf 84' lang='lat' dir='ltr'>potestate</span> <span class='ocrx_word' id='word_1_173' title='bbox 1542 2674 1569 2727; x_wconf 77' lang='lat' dir='ltr'>‘I</span> <span class='ocrx_word' id='word_1_174' title='bbox 1598 2674 1642 2729; x_wconf 92' lang='grc' dir='ltr'><strong>Ο</strong></span> <span class='ocrx_word' id='word_1_175' title='bbox 1675 2673 1939 2742; x_wconf 89' lang='lat' dir='ltr'>Domine,</span> 
     </span>
    </p>
   </div>
   <div class='ocr_carea' id='block_1_26' title="bbox 276 2761 1944 2838">
    <p class='ocr_par' dir='ltr' id='par_1_26' title="bbox 276 2761 1944 2838">
     <span class='ocr_line' id='line_1_26' title="bbox 276 2761 1944 2838; baseline -0.002 -17"><span class='ocrx_word' id='word_1_176' title='bbox 276 2770 503 2838; x_wconf 87' lang='lat' dir='ltr'>epater</span> <span class='ocrx_word' id='word_1_177' title='bbox 524 2765 628 2836; x_wconf 88' lang='lat' dir='ltr'>qui</span> <span class='ocrx_word' id='word_1_178' title='bbox 651 2780 713 2818; x_wconf 88' lang='lat' dir='ltr'>es</span> <span class='ocrx_word' id='word_1_179' title='bbox 735 2764 793 2817; x_wconf 90' lang='lat' dir='ltr'>in</span> <span class='ocrx_word' id='word_1_180' title='bbox 820 2762 1000 2834; x_wconf 78' lang='lat' dir='ltr'>ccelis,</span> <span class='ocrx_word' id='word_1_181' title='bbox 1035 2780 1105 2818; x_wconf 90' lang='lat' dir='ltr'>ne</span> <span class='ocrx_word' id='word_1_182' title='bbox 1142 2780 1248 2818; x_wconf 92' lang='lat' dir='ltr'>nos</span> <span class='ocrx_word' id='word_1_183' title='bbox 1284 2761 1502 2817; x_wconf 84' lang='lat' dir='ltr'>inferas</span> <span class='ocrx_word' id='word_1_184' title='bbox 1524 2762 1581 2817; x_wconf 93' lang='lat' dir='ltr'>in</span> <span class='ocrx_word' id='word_1_185' title='bbox 1616 2762 1944 2834; x_wconf 86' lang='lat' dir='ltr'>quamlibet</span> 
     </span>
    </p>
   </div>
   <div class='ocr_carea' id='block_1_27' title="bbox 273 2850 1943 2918">
    <p class='ocr_par' dir='ltr' id='par_1_27' title="bbox 273 2850 1943 2918">
     <span class='ocr_line' id='line_1_27' title="bbox 273 2850 1943 2918; baseline -0.002 -9"><span class='ocrx_word' id='word_1_186' title='bbox 273 2854 535 2911; x_wconf 84' lang='lat' dir='ltr'>istarum</span> <span class='ocrx_word' id='word_1_187' title='bbox 568 2852 980 2918; x_wconf 81' lang='lat' dir='ltr'>tentationum,</span> <span class='ocrx_word' id='word_1_188' title='bbox 1018 2853 1119 2907; x_wconf 89' lang='lat' dir='ltr'>sed</span> <span class='ocrx_word' id='word_1_189' title='bbox 1140 2850 1324 2906; x_wconf 86' lang='lat' dir='ltr'>libera</span> <span class='ocrx_word' id='word_1_190' title='bbox 1346 2868 1452 2906; x_wconf 90' lang='lat' dir='ltr'>nos</span> <span class='ocrx_word' id='word_1_191' title='bbox 1475 2868 1508 2906; x_wconf 90' lang='lat' dir='ltr'>a</span> <span class='ocrx_word' id='word_1_192' title='bbox 1528 2850 1701 2907; x_wconf 88' lang='lat' dir='ltr'>malo.</span> <span class='ocrx_word' id='word_1_193' title='bbox 1734 2850 1943 2905; x_wconf 83' lang='lat' dir='ltr'>Audia-</span> 
     </span>
    </p>
   </div>
   <div class='ocr_carea' id='block_1_28' title="bbox 274 2939 1940 3013">
    <p class='ocr_par' dir='ltr' id='par_1_28' title="bbox 274 2939 1940 3013">
     <span class='ocr_line' id='line_1_28' title="bbox 274 2939 1940 3013; baseline -0.004 -15"><span class='ocrx_word' id='word_1_194' title='bbox 274 2961 415 2998; x_wconf 86' lang='lat' dir='ltr'>mus</span> <span class='ocrx_word' id='word_1_195' title='bbox 440 2942 759 2997; x_wconf 89' lang='lat' dir='ltr'>Dominum</span> <span class='ocrx_word' id='word_1_196' title='bbox 793 2941 1111 2997; x_wconf 89' lang='lat' dir='ltr'>dicentem:</span> <span class='ocrx_word' id='word_1_197' title='bbox 1138 2964 1159 2990; x_wconf 72' lang='grc' dir='ltr'><strong><em>α</em></strong></span> <span class='ocrx_word' id='word_1_198' title='bbox 1179 2940 1391 3013; x_wconf 84' lang='lat' dir='ltr'>Rogavi</span> <span class='ocrx_word' id='word_1_199' title='bbox 1417 2957 1520 3011; x_wconf 90' lang='lat' dir='ltr'>pro</span> <span class='ocrx_word' id='word_1_200' title='bbox 1542 2944 1618 3006; x_wconf 90' lang='lat' dir='ltr'>te,</span> <span class='ocrx_word' id='word_1_201' title='bbox 1654 2939 1839 3007; x_wconf 87' lang='lat' dir='ltr'>Petro,</span> <span class='ocrx_word' id='word_1_202' title='bbox 1870 2956 1940 2993; x_wconf 91' lang='lat' dir='ltr'>ne</span> 
     </span>
    </p>
   </div>
   <div class='ocr_carea' id='block_1_29' title="bbox 277 3027 1939 3101">
    <p class='ocr_par' dir='ltr' id='par_1_29' title="bbox 277 3027 1939 3101">
     <span class='ocr_line' id='line_1_29' title="bbox 277 3027 1939 3101; baseline 0 -19"><span class='ocrx_word' id='word_1_203' title='bbox 277 3056 298 3082; x_wconf 78' lang='grc' dir='ltr'>ι</span> <span class='ocrx_word' id='word_1_204' title='bbox 336 3032 583 3087; x_wconf 80' lang='lat' dir='ltr'>deficiat</span> <span class='ocrx_word' id='word_1_205' title='bbox 625 3032 769 3086; x_wconf 88' lang='lat' dir='ltr'>ﬁdes</span> <span class='ocrx_word' id='word_1_206' title='bbox 794 3036 894 3085; x_wconf 90' lang='lat' dir='ltr'>tua</span> <span class='ocrx_word' id='word_1_207' title='bbox 917 3030 1068 3101; x_wconf 81' lang='lat' dir='ltr'>(Luc.</span> <span class='ocrx_word' id='word_1_208' title='bbox 1089 3034 1251 3098; x_wconf 80' lang='lat' dir='ltr'>XXII),</span> <span class='ocrx_word' id='word_1_209' title='bbox 1278 3054 1300 3082; x_wconf 76' lang='grc' dir='ltr'>ι</span> <span class='ocrx_word' id='word_1_210' title='bbox 1331 3046 1403 3085; x_wconf 89' lang='lat' dir='ltr'>ne</span> <span class='ocrx_word' id='word_1_211' title='bbox 1423 3028 1507 3085; x_wconf 91' lang='lat' dir='ltr'>sic</span> <span class='ocrx_word' id='word_1_212' title='bbox 1538 3027 1939 3084; x_wconf 84' lang='lat' dir='ltr'>existimemus</span> 
     </span>
    </p>
   </div>
   <div class='ocr_carea' id='block_1_30' title="bbox 272 3118 1939 3186">
    <p class='ocr_par' dir='ltr' id='par_1_30' title="bbox 272 3118 1939 3186">
     <span class='ocr_line' id='line_1_30' title="bbox 272 3118 1939 3186; baseline -0.003 -10"><span class='ocrx_word' id='word_1_213' title='bbox 272 3122 455 3176; x_wconf 87' lang='lat' dir='ltr'>ﬁdem</span> <span class='ocrx_word' id='word_1_214' title='bbox 488 3124 756 3174; x_wconf 89' lang='lat' dir='ltr'>nostram</span> <span class='ocrx_word' id='word_1_215' title='bbox 778 3136 906 3175; x_wconf 90' lang='lat' dir='ltr'>esse</span> <span class='ocrx_word' id='word_1_216' title='bbox 929 3120 987 3173; x_wconf 89' lang='lat' dir='ltr'>in</span> <span class='ocrx_word' id='word_1_217' title='bbox 1009 3118 1190 3174; x_wconf 89' lang='lat' dir='ltr'>libero</span> <span class='ocrx_word' id='word_1_218' title='bbox 1214 3118 1478 3186; x_wconf 88' lang='lat' dir='ltr'>arbitrio,</span> <span class='ocrx_word' id='word_1_219' title='bbox 1503 3122 1568 3173; x_wconf 89' lang='lat' dir='ltr'>ut</span> <span class='ocrx_word' id='word_1_220' title='bbox 1597 3118 1793 3172; x_wconf 90' lang='lat' dir='ltr'>divino</span> <span class='ocrx_word' id='word_1_221' title='bbox 1824 3134 1939 3173; x_wconf 91' lang='lat' dir='ltr'>non</span> 
     </span>
    </p>
   </div>
   <div class='ocr_carea' id='block_1_31' title="bbox 1073 306 2919 417">
    <p class='ocr_par' dir='ltr' id='par_1_31' title="bbox 1073 306 2919 417">
     <span class='ocr_line' id='line_1_31' title="bbox 1073 306 2919 417; baseline 0.004 -12"><span class='ocrx_word' id='word_1_222' title='bbox 1073 306 1191 407; x_wconf 51' lang='lat' dir='ltr'>‘DE</span> <span class='ocrx_word' id='word_1_223' title='bbox 1236 336 2012 413; x_wconf 77' lang='lat' dir='ltr'>PR/EDESTINA&#39;I‘IONE,</span> <span class='ocrx_word' id='word_1_224' title='bbox 2061 338 2256 417; x_wconf 60' lang='grc' dir='ltr'>ΕΜ,</span> <span class='ocrx_word' id='word_1_225' title='bbox 2303 339 2405 407; x_wconf 84' lang='lat' dir='ltr'>EX</span> <span class='ocrx_word' id='word_1_226' title='bbox 2445 349 2919 415; x_wconf 85' lang='lat' dir='ltr'>AUGUSTINO.</span> 
     </span>
    </p>
   </div>
   <div class='ocr_carea' id='block_1_32' title="bbox 299 476 2030 552">
    <p class='ocr_par' dir='ltr' id='par_1_32' title="bbox 299 476 2030 552">
     <span class='ocr_line' id='line_1_32' title="bbox 299 476 2030 552; baseline 0.001 -22"><span class='ocrx_word' id='word_1_227' title='bbox 299 501 327 530; x_wconf 80' lang='grc'>‹‹</span> <span class='ocrx_word' id='word_1_228' title='bbox 358 478 735 552; x_wconf 85' lang='lat' dir='ltr'>pervenimus</span> <span class='ocrx_word' id='word_1_229' title='bbox 788 477 845 532; x_wconf 90' lang='lat' dir='ltr'>in</span> <span class='ocrx_word' id='word_1_230' title='bbox 896 495 962 533; x_wconf 90' lang='lat' dir='ltr'>eo</span> <span class='ocrx_word' id='word_1_231' title='bbox 1002 478 1373 535; x_wconf 87' lang='lat' dir='ltr'>ambulemus</span> <span class='ocrx_word' id='word_1_232' title='bbox 1403 478 1572 547; x_wconf 78' lang='lat' dir='ltr'>(Phil.</span> <span class='ocrx_word' id='word_1_233' title='bbox 1598 482 1703 546; x_wconf 87' lang='grc' dir='ltr'>ιιι),</span> <span class='ocrx_word' id='word_1_234' title='bbox 1731 498 1760 527; x_wconf 69' lang='grc' dir='ltr'><strong><em>υ</em></strong></span> <span class='ocrx_word' id='word_1_235' title='bbox 1794 477 1947 532; x_wconf 85' lang='lat' dir='ltr'>sicut</span> <span class='ocrx_word' id='word_1_236' title='bbox 1974 476 2030 542; x_wconf 84' lang='grc' dir='ltr'><strong>Α</strong></span> 
     </span>
    </p>
   </div>
   <div class='ocr_carea' id='block_1_33' title="bbox 3588 362 3747 467">
    <p class='ocr_par' dir='ltr' id='par_1_33' title="bbox 3588 362 3747 467">
     <span class='ocr_line' id='line_1_33' title="bbox 3588 362 3747 467; baseline 0.006 -45"><span class='ocrx_word' id='word_1_237' title='bbox 3588 362 3747 467; x_wconf 39' lang='grc'>1341</span> 
     </span>
    </p>
   </div>
   <div class='ocr_carea' id='block_1_34' title="bbox 2060 565 3709 652">
    <p class='ocr_par' dir='ltr' id='par_1_34' title="bbox 2060 565 3709 652">
     <span class='ocr_line' id='line_1_34' title="bbox 2060 565 3709 652; baseline 0.012 -35"><span class='ocrx_word' id='word_1_238' title='bbox 2060 565 2141 618; x_wconf 67' lang='lat' dir='ltr'>Ex</span> <span class='ocrx_word' id='word_1_239' title='bbox 2173 566 2311 652; x_wconf 60' lang='lat' dir='ltr'>(ibro</span> <span class='ocrx_word' id='word_1_240' title='bbox 2365 568 2427 623; x_wconf 82' lang='lat' dir='ltr'>de</span> <span class='ocrx_word' id='word_1_241' title='bbox 2482 571 2970 652; x_wconf 50' lang='lat' dir='ltr'>Prmdestinatiogze</span> <span class='ocrx_word' id='word_1_242' title='bbox 3024 585 3359 652; x_wconf 66' lang='lat' dir='ltr'>sanctorum,</span> <span class='ocrx_word' id='word_1_243' title='bbox 3386 580 3616 652; x_wconf 66' lang='lat' dir='ltr'>itemque</span> <span class='ocrx_word' id='word_1_244' title='bbox 3643 579 3709 637; x_wconf 75' lang='lat' dir='ltr'>de</span> 
     </span>
    </p>
   </div>
   <div class='ocr_carea' id='block_1_35' title="bbox 2156 636 3606 718">
    <p class='ocr_par' dir='ltr' id='par_1_35' title="bbox 2156 636 3606 718">
     <span class='ocr_line' id='line_1_35' title="bbox 2156 636 3606 718; baseline 0.012 -27"><span class='ocrx_word' id='word_1_245' title='bbox 2156 636 2293 694; x_wconf 86' lang='lat' dir='ltr'>dono</span> <span class='ocrx_word' id='word_1_246' title='bbox 2318 645 2755 711; x_wconf 50' lang='lat' dir='ltr'>perseverantis,</span> <span class='ocrx_word' id='word_1_247' title='bbox 2780 646 2850 699; x_wconf 86' lang='lat' dir='ltr'>ad</span> <span class='ocrx_word' id='word_1_248' title='bbox 2880 648 3203 718; x_wconf 79' lang='lat' dir='ltr'>Prosperum</span> <span class='ocrx_word' id='word_1_249' title='bbox 3234 656 3285 705; x_wconf 81' lang='lat' dir='ltr'>et</span> <span class='ocrx_word' id='word_1_250' title='bbox 3311 636 3606 708; x_wconf 65' lang='grc' dir='ltr'>Ηίιανίιίγη.</span> 
     </span>
    </p>
   </div>
   <div class='ocr_carea' id='block_1_36' title="bbox 2133 745 3710 829">
    <p class='ocr_par' dir='ltr' id='par_1_36' title="bbox 2133 745 3710 829">
     <span class='ocr_line' id='line_1_36' title="bbox 2133 745 3710 829; baseline 0.011 -32"><span class='ocrx_word' id='word_1_251' title='bbox 2133 745 2444 803; x_wconf 70' lang='lat' dir='ltr'>SENTENTIA</span> <span class='ocrx_word' id='word_1_252' title='bbox 2479 749 2703 822; x_wconf 75' lang='lat' dir='ltr'>l.(Cap.</span> <span class='ocrx_word' id='word_1_253' title='bbox 2739 753 2850 820; x_wconf 82' lang='grc'>10.)</span> <span class='ocrx_word' id='word_1_254' title='bbox 2896 753 3049 810; x_wconf 80' lang='lat' dir='ltr'>later</span> <span class='ocrx_word' id='word_1_255' title='bbox 3095 754 3343 825; x_wconf 78' lang='lat' dir='ltr'>gratiam</span> <span class='ocrx_word' id='word_1_256' title='bbox 3389 760 3447 811; x_wconf 90' lang='lat' dir='ltr'>et</span> <span class='ocrx_word' id='word_1_257' title='bbox 3494 760 3710 829; x_wconf 68' lang='lat' dir='ltr'>prende-</span> 
     </span>
    </p>
   </div>
   <div class='ocr_carea' id='block_1_37' title="bbox 2062 833 3706 916">
    <p class='ocr_par' dir='ltr' id='par_1_37' title="bbox 2062 833 3706 916">
     <span class='ocr_line' id='line_1_37' title="bbox 2062 833 3706 916; baseline 0.011 -32"><span class='ocrx_word' id='word_1_258' title='bbox 2062 833 2437 891; x_wconf 87' lang='lat' dir='ltr'>stinationem</span> <span class='ocrx_word' id='word_1_259' title='bbox 2473 838 2578 892; x_wconf 89' lang='lat' dir='ltr'>hoc</span> <span class='ocrx_word' id='word_1_260' title='bbox 2612 844 2840 895; x_wconf 86' lang='lat' dir='ltr'>tantum</span> <span class='ocrx_word' id='word_1_261' title='bbox 2876 842 3303 914; x_wconf 85' lang='lat' dir='ltr'>interest,quod</span> <span class='ocrx_word' id='word_1_262' title='bbox 3337 847 3706 916; x_wconf 60' lang='lat' dir='ltr'>praedestina-</span> 
     </span>
    </p>
   </div>
   <div class='ocr_carea' id='block_1_38' title="bbox 2062 922 3707 1005">
    <p class='ocr_par' dir='ltr' id='par_1_38' title="bbox 2062 922 3707 1005">
     <span class='ocr_line' id='line_1_38' title="bbox 2062 922 3707 1005; baseline 0.01 -31"><span class='ocrx_word' id='word_1_263' title='bbox 2062 922 2139 975; x_wconf 90' lang='lat' dir='ltr'>tio</span> <span class='ocrx_word' id='word_1_264' title='bbox 2162 929 2248 977; x_wconf 88' lang='lat' dir='ltr'>est</span> <span class='ocrx_word' id='word_1_265' title='bbox 2269 926 2463 995; x_wconf 71' lang='lat' dir='ltr'>gratim.</span> <span class='ocrx_word' id='word_1_266' title='bbox 2490 928 2847 999; x_wconf 67' lang='lat' dir='ltr'>prmparatio,</span> <span class='ocrx_word' id='word_1_267' title='bbox 2864 930 3050 1002; x_wconf 84' lang='lat' dir='ltr'>gratia</span> <span class='ocrx_word' id='word_1_268' title='bbox 3070 933 3339 1003; x_wconf 86' lang='lat' dir='ltr'>verojam</span> <span class='ocrx_word' id='word_1_269' title='bbox 3362 933 3491 1005; x_wconf 86' lang='lat' dir='ltr'>ipsa</span> <span class='ocrx_word' id='word_1_270' title='bbox 3518 936 3707 991; x_wconf 88' lang='lat' dir='ltr'>dona-</span> 
     </span>
    </p>
   </div>
   <div class='ocr_carea' id='block_1_39' title="bbox 2061 1010 3701 1093">
    <p class='ocr_par' dir='ltr' id='par_1_39' title="bbox 2061 1010 3701 1093">
     <span class='ocr_line' id='line_1_39' title="bbox 2061 1010 3701 1093; baseline 0.01 -31"><span class='ocrx_word' id='word_1_271' title='bbox 2061 1010 2161 1064; x_wconf 88' lang='lat' dir='ltr'>tio.</span> <span class='ocrx_word' id='word_1_272' title='bbox 2197 1015 2357 1078; x_wconf 84' lang='lat' dir='ltr'>Quod</span> <span class='ocrx_word' id='word_1_273' title='bbox 2398 1015 2592 1087; x_wconf 81' lang='lat' dir='ltr'>itaque</span> <span class='ocrx_word' id='word_1_274' title='bbox 2619 1017 2701 1071; x_wconf 87' lang='lat' dir='ltr'>ait</span> <span class='ocrx_word' id='word_1_275' title='bbox 2728 1019 3059 1089; x_wconf 83' lang='lat' dir='ltr'>Apostolus,</span> <span class='ocrx_word' id='word_1_276' title='bbox 3097 1042 3123 1067; x_wconf 79' lang='grc' dir='ltr'>α</span> <span class='ocrx_word' id='word_1_277' title='bbox 3156 1022 3277 1074; x_wconf 87' lang='grc' dir='ltr'>Νοιι</span> <span class='ocrx_word' id='word_1_278' title='bbox 3309 1038 3375 1075; x_wconf 83' lang='lat' dir='ltr'>ex</span> <span class='ocrx_word' id='word_1_279' title='bbox 3404 1023 3701 1093; x_wconf 84' lang='lat' dir='ltr'>operibus,</span> 
     </span>
    </p>
   </div>
   <div class='ocr_carea' id='block_1_40' title="bbox 2064 1104 3757 1191">
    <p class='ocr_par' dir='ltr' id='par_1_40' title="bbox 2064 1104 3757 1191">
     <span class='ocr_line' id='line_1_40' title="bbox 2064 1104 3757 1191; baseline 0.009 -38"><span class='ocrx_word' id='word_1_280' title='bbox 2064 1122 2091 1146; x_wconf 85' lang='grc'>‹‹</span> <span class='ocrx_word' id='word_1_281' title='bbox 2126 1116 2194 1154; x_wconf 83' lang='lat' dir='ltr'>ne</span> <span class='ocrx_word' id='word_1_282' title='bbox 2228 1104 2372 1157; x_wconf 83' lang='lat' dir='ltr'>forte</span> <span class='ocrx_word' id='word_1_283' title='bbox 2404 1104 2537 1176; x_wconf 84' lang='lat' dir='ltr'>quis</span> <span class='ocrx_word' id='word_1_284' title='bbox 2567 1105 2897 1175; x_wconf 84' lang='lat' dir='ltr'>extollatur,</span> <span class='ocrx_word' id='word_1_285' title='bbox 2929 1107 3118 1179; x_wconf 87' lang='lat' dir='ltr'>ipsius</span> <span class='ocrx_word' id='word_1_286' title='bbox 3174 1109 3330 1164; x_wconf 89' lang='lat' dir='ltr'>enim</span> <span class='ocrx_word' id='word_1_287' title='bbox 3388 1126 3597 1167; x_wconf 87' lang='lat' dir='ltr'>sumus</span> <span class='ocrx_word' id='word_1_288' title='bbox 3638 1113 3704 1167; x_wconf 71' lang='grc' dir='ltr'>[ἰ-</span> <span class='ocrx_word' id='word_1_289' title='bbox 3752 1180 3757 1191; x_wconf 33' lang='grc'><strong><em>1</em></strong></span> 
     </span>
    </p>
   </div>
   <div class='ocr_carea' id='block_1_41' title="bbox 2065 1194 3708 1271">
    <p class='ocr_par' dir='ltr' id='par_1_41' title="bbox 2065 1194 3708 1271">
     <span class='ocr_line' id='line_1_41' title="bbox 2065 1194 3708 1271; baseline 0.01 -31"><span class='ocrx_word' id='word_1_290' title='bbox 2065 1210 2091 1239; x_wconf 76' lang='grc' dir='ltr'><em>υ</em></span> <span class='ocrx_word' id='word_1_291' title='bbox 2123 1196 2450 1261; x_wconf 77' lang='lat' dir='ltr'>gmentum,</span> <span class='ocrx_word' id='word_1_292' title='bbox 2486 1194 2661 1250; x_wconf 89' lang='lat' dir='ltr'>creati</span> <span class='ocrx_word' id='word_1_293' title='bbox 2696 1196 2751 1249; x_wconf 90' lang='lat' dir='ltr'>in</span> <span class='ocrx_word' id='word_1_294' title='bbox 2787 1196 3014 1251; x_wconf 84' lang='lat' dir='ltr'>Christo</span> <span class='ocrx_word' id='word_1_295' title='bbox 3045 1198 3179 1253; x_wconf 84' lang='lat' dir='ltr'>Jesu</span> <span class='ocrx_word' id='word_1_296' title='bbox 3212 1199 3270 1253; x_wconf 91' lang='lat' dir='ltr'>in</span> <span class='ocrx_word' id='word_1_297' title='bbox 3303 1199 3576 1271; x_wconf 88' lang='lat' dir='ltr'>operibus</span> <span class='ocrx_word' id='word_1_298' title='bbox 3609 1202 3708 1257; x_wconf 88' lang='lat' dir='ltr'>bo-</span> 
     </span>
    </p>
   </div>
   <div class='ocr_carea' id='block_1_42' title="bbox 2064 1281 3702 1361">
    <p class='ocr_par' dir='ltr' id='par_1_42' title="bbox 2064 1281 3702 1361">
     <span class='ocr_line' id='line_1_42' title="bbox 2064 1281 3702 1361; baseline 0.008 -29"><span class='ocrx_word' id='word_1_299' title='bbox 2064 1302 2090 1327; x_wconf 88' lang='grc'>‹‹</span> <span class='ocrx_word' id='word_1_300' title='bbox 2126 1281 2215 1333; x_wconf 90' lang='lat' dir='ltr'>nis</span> <span class='ocrx_word' id='word_1_301' title='bbox 2238 1282 2445 1353; x_wconf 56' lang='lat' dir='ltr'>(Ephous.</span> <span class='ocrx_word' id='word_1_302' title='bbox 2464 1286 2547 1352; x_wconf 88' lang='grc' dir='ltr'>ιι),</span> <span class='ocrx_word' id='word_1_303' title='bbox 2577 1308 2601 1332; x_wconf 90' lang='grc'><strong>››</strong></span> <span class='ocrx_word' id='word_1_304' title='bbox 2635 1284 2820 1357; x_wconf 88' lang='lat' dir='ltr'>gratia</span> <span class='ocrx_word' id='word_1_305' title='bbox 2849 1288 3127 1352; x_wconf 86' lang='lat' dir='ltr'>est.0uod</span> <span class='ocrx_word' id='word_1_306' title='bbox 3162 1292 3354 1343; x_wconf 90' lang='lat' dir='ltr'>autem</span> <span class='ocrx_word' id='word_1_307' title='bbox 3389 1288 3657 1361; x_wconf 86' lang='lat' dir='ltr'>sequitur</span> <span class='ocrx_word' id='word_1_308' title='bbox 3687 1305 3702 1346; x_wconf 90' lang='lat'>:</span> 
     </span>
    </p>
   </div>
   <div class='ocr_carea' id='block_1_43' title="bbox 2065 1374 3704 1450">
    <p class='ocr_par' dir='ltr' id='par_1_43' title="bbox 2065 1374 3704 1450">
     <span class='ocr_line' id='line_1_43' title="bbox 2065 1374 3704 1450; baseline 0.004 -27"><span class='ocrx_word' id='word_1_309' title='bbox 2065 1390 2091 1416; x_wconf 77' lang='grc' dir='ltr'>ιι</span> <span class='ocrx_word' id='word_1_310' title='bbox 2124 1385 2249 1440; x_wconf 67' lang='lat' dir='ltr'>quae</span> <span class='ocrx_word' id='word_1_311' title='bbox 2282 1374 2624 1444; x_wconf 66' lang='lat' dir='ltr'>praeparavit</span> <span class='ocrx_word' id='word_1_312' title='bbox 2682 1374 2836 1429; x_wconf 90' lang='lat' dir='ltr'>Deus</span> <span class='ocrx_word' id='word_1_313' title='bbox 2888 1380 2951 1429; x_wconf 92' lang='lat' dir='ltr'>ut</span> <span class='ocrx_word' id='word_1_314' title='bbox 2999 1375 3057 1429; x_wconf 89' lang='lat' dir='ltr'>in</span> <span class='ocrx_word' id='word_1_315' title='bbox 3090 1374 3211 1431; x_wconf 80' lang='lat' dir='ltr'>illis</span> <span class='ocrx_word' id='word_1_316' title='bbox 3248 1376 3644 1450; x_wconf 90' lang='lat' dir='ltr'>ambulemus,</span> <span class='ocrx_word' id='word_1_317' title='bbox 3676 1400 3704 1429; x_wconf 77' lang='grc' dir='ltr'>ι)</span> 
     </span>
    </p>
   </div>
   <div class='ocr_carea' id='block_1_44' title="bbox 2062 1459 3709 1539">
    <p class='ocr_par' dir='ltr' id='par_1_44' title="bbox 2062 1459 3709 1539">
     <span class='ocr_line' id='line_1_44' title="bbox 2062 1459 3709 1539; baseline 0.006 -27"><span class='ocrx_word' id='word_1_318' title='bbox 2062 1459 2494 1528; x_wconf 73' lang='lat' dir='ltr'>prazdestinatio</span> <span class='ocrx_word' id='word_1_319' title='bbox 2520 1467 2626 1528; x_wconf 88' lang='lat' dir='ltr'>est,</span> <span class='ocrx_word' id='word_1_320' title='bbox 2662 1479 2788 1534; x_wconf 73' lang='lat' dir='ltr'>qua:</span> <span class='ocrx_word' id='word_1_321' title='bbox 2820 1464 2945 1519; x_wconf 86' lang='lat' dir='ltr'>sine</span> <span class='ocrx_word' id='word_1_322' title='bbox 2978 1464 3343 1534; x_wconf 69' lang='lat' dir='ltr'>praescientia</span> <span class='ocrx_word' id='word_1_323' title='bbox 3370 1482 3485 1521; x_wconf 91' lang='lat' dir='ltr'>non</span> <span class='ocrx_word' id='word_1_324' title='bbox 3516 1470 3709 1539; x_wconf 86' lang='lat' dir='ltr'>potest</span> 
     </span>
    </p>
   </div>
   <div class='ocr_carea' id='block_1_45' title="bbox 2060 1552 3706 1626">
    <p class='ocr_par' dir='ltr' id='par_1_45' title="bbox 2060 1552 3706 1626">
     <span class='ocr_line' id='line_1_45' title="bbox 2060 1552 3706 1626; baseline 0.006 -26"><span class='ocrx_word' id='word_1_325' title='bbox 2060 1561 2206 1613; x_wconf 88' lang='lat' dir='ltr'>esse,</span> <span class='ocrx_word' id='word_1_326' title='bbox 2242 1553 2431 1619; x_wconf 86' lang='lat' dir='ltr'>potest</span> <span class='ocrx_word' id='word_1_327' title='bbox 2463 1555 2656 1605; x_wconf 84' lang='lat' dir='ltr'>autem</span> <span class='ocrx_word' id='word_1_328' title='bbox 2688 1568 2815 1607; x_wconf 86' lang='lat' dir='ltr'>esse</span> <span class='ocrx_word' id='word_1_329' title='bbox 2848 1552 2973 1607; x_wconf 89' lang='lat' dir='ltr'>sine</span> <span class='ocrx_word' id='word_1_330' title='bbox 3022 1554 3527 1625; x_wconf 68' lang='lat' dir='ltr'>praedestinatione</span> <span class='ocrx_word' id='word_1_331' title='bbox 3558 1571 3706 1626; x_wconf 64' lang='lat' dir='ltr'>pras-</span> 
     </span>
    </p>
   </div>
   <div class='ocr_carea' id='block_1_46' title="bbox 2059 1635 3712 1714">
    <p class='ocr_par' dir='ltr' id='par_1_46' title="bbox 2059 1635 3712 1714">
     <span class='ocr_line' id='line_1_46' title="bbox 2059 1635 3712 1714; baseline 0.007 -26"><span class='ocrx_word' id='word_1_332' title='bbox 2059 1635 2321 1691; x_wconf 85' lang='lat' dir='ltr'>scientia.</span> <span class='ocrx_word' id='word_1_333' title='bbox 2357 1638 2864 1695; x_wconf 75' lang='lat' dir='ltr'>Przedestinatione</span> <span class='ocrx_word' id='word_1_334' title='bbox 2897 1640 3111 1712; x_wconf 87' lang='lat' dir='ltr'>quippe</span> <span class='ocrx_word' id='word_1_335' title='bbox 3142 1642 3295 1697; x_wconf 91' lang='lat' dir='ltr'>Deus</span> <span class='ocrx_word' id='word_1_336' title='bbox 3326 1659 3393 1698; x_wconf 88' lang='lat' dir='ltr'>ea</span> <span class='ocrx_word' id='word_1_337' title='bbox 3422 1644 3712 1714; x_wconf 71' lang='lat' dir='ltr'>praascivit</span> 
     </span>
    </p>
   </div>
   <div class='ocr_carea' id='block_1_47' title="bbox 2058 1725 3711 1798">
    <p class='ocr_par' dir='ltr' id='par_1_47' title="bbox 2058 1725 3711 1798">
     <span class='ocr_line' id='line_1_47' title="bbox 2058 1725 3711 1798; baseline 0.006 -21"><span class='ocrx_word' id='word_1_338' title='bbox 2058 1740 2185 1795; x_wconf 77' lang='lat' dir='ltr'>quae</span> <span class='ocrx_word' id='word_1_339' title='bbox 2218 1725 2404 1781; x_wconf 85' lang='lat' dir='ltr'>fuerat</span> <span class='ocrx_word' id='word_1_340' title='bbox 2434 1725 2559 1798; x_wconf 90' lang='lat' dir='ltr'>ipse</span> <span class='ocrx_word' id='word_1_341' title='bbox 2590 1726 2867 1783; x_wconf 78' lang='lat' dir='ltr'>facturus.</span> <span class='ocrx_word' id='word_1_342' title='bbox 2907 1728 3069 1784; x_wconf 88' lang='lat' dir='ltr'>Unde</span> <span class='ocrx_word' id='word_1_343' title='bbox 3101 1731 3326 1785; x_wconf 90' lang='lat' dir='ltr'>dictum</span> <span class='ocrx_word' id='word_1_344' title='bbox 3358 1736 3472 1787; x_wconf 84' lang='lat' dir='ltr'>est:</span> <span class='ocrx_word' id='word_1_345' title='bbox 3510 1732 3711 1787; x_wconf 81' lang='lat' dir='ltr'>«Fecit</span> 
     </span>
    </p>
   </div>
   <div class='ocr_carea' id='block_1_48' title="bbox 2154 1815 3707 1893">
    <p class='ocr_par' dir='ltr' id='par_1_48' title="bbox 2154 1815 3707 1893">
     <span class='ocr_line' id='line_1_48' title="bbox 2154 1815 3707 1893; baseline 0.006 -27"><span class='ocrx_word' id='word_1_346' title='bbox 2154 1830 2238 1867; x_wconf 79' lang='lat' dir='ltr'>me</span> <span class='ocrx_word' id='word_1_347' title='bbox 2278 1815 2475 1869; x_wconf 86' lang='lat' dir='ltr'>futura</span> <span class='ocrx_word' id='word_1_348' title='bbox 2510 1820 2649 1870; x_wconf 91' lang='lat' dir='ltr'>sunt</span> <span class='ocrx_word' id='word_1_349' title='bbox 2670 1815 2794 1886; x_wconf 73' lang='lat' dir='ltr'>(13a.</span> <span class='ocrx_word' id='word_1_350' title='bbox 2830 1820 2977 1884; x_wconf 72' lang='lat' dir='ltr'>xw).</span> <span class='ocrx_word' id='word_1_351' title='bbox 3014 1839 3041 1865; x_wconf 83' lang='grc'><strong>››</strong></span> <span class='ocrx_word' id='word_1_352' title='bbox 3078 1818 3347 1874; x_wconf 66' lang='lat' dir='ltr'>Praescire</span> <span class='ocrx_word' id='word_1_353' title='bbox 3379 1822 3576 1875; x_wconf 86' lang='lat' dir='ltr'>autem</span> <span class='ocrx_word' id='word_1_354' title='bbox 3603 1835 3707 1893; x_wconf 90' lang='lat' dir='ltr'>po-</span> 
     </span>
    </p>
   </div>
   <div class='ocr_carea' id='block_1_49' title="bbox 2057 1902 3708 1981">
    <p class='ocr_par' dir='ltr' id='par_1_49' title="bbox 2057 1902 3708 1981">
     <span class='ocr_line' id='line_1_49' title="bbox 2057 1902 3708 1981; baseline 0.007 -28"><span class='ocrx_word' id='word_1_355' title='bbox 2057 1905 2168 1956; x_wconf 85' lang='lat' dir='ltr'>test</span> <span class='ocrx_word' id='word_1_356' title='bbox 2189 1902 2360 1957; x_wconf 90' lang='lat' dir='ltr'>etiam</span> <span class='ocrx_word' id='word_1_357' title='bbox 2386 1903 2510 1974; x_wconf 84' lang='lat' dir='ltr'>ipse</span> <span class='ocrx_word' id='word_1_358' title='bbox 2528 1921 2654 1975; x_wconf 68' lang='lat' dir='ltr'>quae</span> <span class='ocrx_word' id='word_1_359' title='bbox 2680 1922 2791 1959; x_wconf 89' lang='lat' dir='ltr'>non</span> <span class='ocrx_word' id='word_1_360' title='bbox 2816 1905 2973 1973; x_wconf 87' lang='lat' dir='ltr'>facit,</span> <span class='ocrx_word' id='word_1_361' title='bbox 2994 1906 3146 1961; x_wconf 89' lang='lat' dir='ltr'>sicut</span> <span class='ocrx_word' id='word_1_362' title='bbox 3178 1923 3540 1981; x_wconf 70' lang='lat' dir='ltr'>quaecunque</span> <span class='ocrx_word' id='word_1_363' title='bbox 3568 1925 3708 1980; x_wconf 88' lang='lat' dir='ltr'>pec-</span> 
     </span>
    </p>
   </div>
   <div class='ocr_carea' id='block_1_50' title="bbox 2051 1991 3751 2068">
    <p class='ocr_par' dir='ltr' id='par_1_50' title="bbox 2051 1991 3751 2068">
     <span class='ocr_line' id='line_1_50' title="bbox 2051 1991 3751 2068; baseline 0.006 -25"><span class='ocrx_word' id='word_1_364' title='bbox 2051 1991 2356 2062; x_wconf 75' lang='lat' dir='ltr'>cat.a,quia</span> <span class='ocrx_word' id='word_1_365' title='bbox 2383 1992 2488 2047; x_wconf 89' lang='lat' dir='ltr'>etsi</span> <span class='ocrx_word' id='word_1_366' title='bbox 2524 1997 2663 2048; x_wconf 90' lang='lat' dir='ltr'>sunt</span> <span class='ocrx_word' id='word_1_367' title='bbox 2691 1994 2980 2064; x_wconf 70' lang='lat' dir='ltr'>quaedam,</span> <span class='ocrx_word' id='word_1_368' title='bbox 3005 2010 3132 2065; x_wconf 75' lang='lat' dir='ltr'>quae</span> <span class='ocrx_word' id='word_1_369' title='bbox 3166 1995 3246 2051; x_wconf 89' lang='lat' dir='ltr'>ita</span> <span class='ocrx_word' id='word_1_370' title='bbox 3276 1999 3512 2068; x_wconf 87' lang='lat' dir='ltr'>peccata</span> <span class='ocrx_word' id='word_1_371' title='bbox 3543 2001 3705 2063; x_wconf 87' lang='lat' dir='ltr'>sunt,</span> <span class='ocrx_word' id='word_1_372' title='bbox 3750 2044 3751 2047; x_wconf 55' lang='grc' dir='ltr'><strong>η</strong></span> 
     </span>
    </p>
   </div>
   <div class='ocr_carea' id='block_1_51' title="bbox 2051 2081 3704 2153">
    <p class='ocr_par' dir='ltr' id='par_1_51' title="bbox 2051 2081 3704 2153">
     <span class='ocr_line' id='line_1_51' title="bbox 2051 2081 3704 2153; baseline 0.005 -20"><span class='ocrx_word' id='word_1_373' title='bbox 2051 2083 2116 2133; x_wconf 90' lang='lat' dir='ltr'>ut</span> <span class='ocrx_word' id='word_1_374' title='bbox 2144 2097 2322 2151; x_wconf 68' lang='lat' dir='ltr'>poenae</span> <span class='ocrx_word' id='word_1_375' title='bbox 2347 2082 2465 2135; x_wconf 83' lang='lat' dir='ltr'>sint</span> <span class='ocrx_word' id='word_1_376' title='bbox 2495 2081 2669 2136; x_wconf 86' lang='lat' dir='ltr'>etiam</span> <span class='ocrx_word' id='word_1_377' title='bbox 2702 2087 3095 2153; x_wconf 84' lang='lat' dir='ltr'>peccatorum,</span> <span class='ocrx_word' id='word_1_378' title='bbox 3130 2085 3284 2139; x_wconf 90' lang='lat' dir='ltr'>unde</span> <span class='ocrx_word' id='word_1_379' title='bbox 3314 2085 3537 2141; x_wconf 89' lang='lat' dir='ltr'>dictum</span> <span class='ocrx_word' id='word_1_380' title='bbox 3568 2090 3658 2142; x_wconf 90' lang='lat' dir='ltr'>est</span> <span class='ocrx_word' id='word_1_381' title='bbox 3689 2102 3704 2141; x_wconf 88' lang='lat'>:</span> 
     </span>
    </p>
   </div>
   <div class='ocr_carea' id='block_1_52' title="bbox 2054 2168 3708 2242">
    <p class='ocr_par' dir='ltr' id='par_1_52' title="bbox 2054 2168 3708 2242">
     <span class='ocr_line' id='line_1_52' title="bbox 2054 2168 3708 2242; baseline 0.007 -24"><span class='ocrx_word' id='word_1_382' title='bbox 2054 2188 2082 2218; x_wconf 85' lang='grc'>«</span> <span class='ocrx_word' id='word_1_383' title='bbox 2114 2168 2381 2223; x_wconf 87' lang='lat' dir='ltr'>Tradidit</span> <span class='ocrx_word' id='word_1_384' title='bbox 2423 2169 2555 2224; x_wconf 90' lang='lat' dir='ltr'>illos</span> <span class='ocrx_word' id='word_1_385' title='bbox 2588 2170 2741 2226; x_wconf 89' lang='lat' dir='ltr'>Deus</span> <span class='ocrx_word' id='word_1_386' title='bbox 2771 2170 2829 2225; x_wconf 88' lang='lat' dir='ltr'>in</span> <span class='ocrx_word' id='word_1_387' title='bbox 2871 2173 3177 2242; x_wconf 89' lang='lat' dir='ltr'>reprobam</span> <span class='ocrx_word' id='word_1_388' title='bbox 3212 2176 3491 2240; x_wconf 90' lang='lat' dir='ltr'>mentem,</span> <span class='ocrx_word' id='word_1_389' title='bbox 3524 2176 3589 2229; x_wconf 90' lang='lat' dir='ltr'>ut</span> <span class='ocrx_word' id='word_1_390' title='bbox 3619 2175 3708 2230; x_wconf 88' lang='lat' dir='ltr'>fa-</span> 
     </span>
    </p>
   </div>
   <div class='ocr_carea' id='block_1_53' title="bbox 2052 2258 3711 2335">
    <p class='ocr_par' dir='ltr' id='par_1_53' title="bbox 2052 2258 3711 2335">
     <span class='ocr_line' id='line_1_53' title="bbox 2052 2258 3711 2335; baseline 0.004 -24"><span class='ocrx_word' id='word_1_391' title='bbox 2052 2280 2079 2306; x_wconf 88' lang='grc'>‹‹</span> <span class='ocrx_word' id='word_1_392' title='bbox 2114 2258 2271 2313; x_wconf 86' lang='lat' dir='ltr'>ciant</span> <span class='ocrx_word' id='word_1_393' title='bbox 2298 2276 2423 2330; x_wconf 74' lang='lat' dir='ltr'>qum.</span> <span class='ocrx_word' id='word_1_394' title='bbox 2457 2276 2571 2315; x_wconf 86' lang='lat' dir='ltr'>non</span> <span class='ocrx_word' id='word_1_395' title='bbox 2604 2261 2957 2316; x_wconf 87' lang='lat' dir='ltr'>conveniunt</span> <span class='ocrx_word' id='word_1_396' title='bbox 2992 2263 3163 2333; x_wconf 85' lang='lat' dir='ltr'>(Rom.</span> <span class='ocrx_word' id='word_1_397' title='bbox 3193 2265 3289 2331; x_wconf 77' lang='lat'>1),»</span> <span class='ocrx_word' id='word_1_398' title='bbox 3325 2279 3440 2318; x_wconf 89' lang='lat' dir='ltr'>non</span> <span class='ocrx_word' id='word_1_399' title='bbox 3472 2262 3553 2318; x_wconf 91' lang='lat' dir='ltr'>ibi</span> <span class='ocrx_word' id='word_1_400' title='bbox 3582 2279 3711 2335; x_wconf 88' lang='lat' dir='ltr'>pec-</span> 
     </span>
    </p>
   </div>
   <div class='ocr_carea' id='block_1_54' title="bbox 2050 2348 3708 2423">
    <p class='ocr_par' dir='ltr' id='par_1_54' title="bbox 2050 2348 3708 2423">
     <span class='ocr_line' id='line_1_54' title="bbox 2050 2348 3708 2423; baseline 0.004 -24"><span class='ocrx_word' id='word_1_401' title='bbox 2050 2351 2245 2400; x_wconf 87' lang='lat' dir='ltr'>catum</span> <span class='ocrx_word' id='word_1_402' title='bbox 2271 2348 2367 2402; x_wconf 88' lang='lat' dir='ltr'>Dei</span> <span class='ocrx_word' id='word_1_403' title='bbox 2396 2350 2608 2418; x_wconf 86' lang='lat' dir='ltr'>est,sed</span> <span class='ocrx_word' id='word_1_404' title='bbox 2627 2350 2945 2421; x_wconf 82' lang='lat' dir='ltr'>judicium.</span> <span class='ocrx_word' id='word_1_405' title='bbox 2966 2351 3246 2415; x_wconf 86' lang='lat' dir='ltr'>Quocirca</span> <span class='ocrx_word' id='word_1_406' title='bbox 3275 2350 3708 2423; x_wconf 68' lang='lat' dir='ltr'>prmdestinatio</span> 
     </span>
    </p>
   </div>
   <div class='ocr_carea' id='block_1_55' title="bbox 2051 2433 3709 2513">
    <p class='ocr_par' dir='ltr' id='par_1_55' title="bbox 2051 2433 3709 2513">
     <span class='ocr_line' id='line_1_55' title="bbox 2051 2433 3709 2513; baseline 0.005 -26"><span class='ocrx_word' id='word_1_407' title='bbox 2051 2433 2308 2506; x_wconf 71' lang='lat' dir='ltr'>Dei,quae</span> <span class='ocrx_word' id='word_1_408' title='bbox 2337 2436 2397 2491; x_wconf 92' lang='lat' dir='ltr'>in</span> <span class='ocrx_word' id='word_1_409' title='bbox 2432 2438 2581 2491; x_wconf 85' lang='lat' dir='ltr'>bono</span> <span class='ocrx_word' id='word_1_410' title='bbox 2619 2443 2728 2507; x_wconf 90' lang='lat' dir='ltr'>est,</span> <span class='ocrx_word' id='word_1_411' title='bbox 2763 2438 2965 2510; x_wconf 73' lang='lat' dir='ltr'>gratia:</span> <span class='ocrx_word' id='word_1_412' title='bbox 2999 2444 3109 2507; x_wconf 88' lang='lat' dir='ltr'>est,</span> <span class='ocrx_word' id='word_1_413' title='bbox 3145 2444 3209 2495; x_wconf 92' lang='lat' dir='ltr'>ut</span> <span class='ocrx_word' id='word_1_414' title='bbox 3238 2439 3379 2507; x_wconf 84' lang='lat' dir='ltr'>dixi,</span> <span class='ocrx_word' id='word_1_415' title='bbox 3413 2456 3709 2513; x_wconf 70' lang='lat' dir='ltr'>prmpara-</span> 
     </span>
    </p>
   </div>
   <div class='ocr_carea' id='block_1_56' title="bbox 2050 2523 3703 2600">
    <p class='ocr_par' dir='ltr' id='par_1_56' title="bbox 2050 2523 3703 2600">
     <span class='ocr_line' id='line_1_56' title="bbox 2050 2523 3703 2600; baseline 0.005 -23"><span class='ocrx_word' id='word_1_416' title='bbox 2050 2523 2350 2595; x_wconf 83' lang='lat' dir='ltr'>tio,gratia</span> <span class='ocrx_word' id='word_1_417' title='bbox 2379 2543 2512 2582; x_wconf 90' lang='lat' dir='ltr'>vero</span> <span class='ocrx_word' id='word_1_418' title='bbox 2544 2532 2631 2582; x_wconf 89' lang='lat' dir='ltr'>est</span> <span class='ocrx_word' id='word_1_419' title='bbox 2662 2527 2851 2600; x_wconf 89' lang='lat' dir='ltr'>ipsius</span> <span class='ocrx_word' id='word_1_420' title='bbox 2882 2530 3414 2600; x_wconf 60' lang='lat' dir='ltr'>praedestinationis</span> <span class='ocrx_word' id='word_1_421' title='bbox 3441 2532 3703 2586; x_wconf 74' lang='lat' dir='ltr'>effectus.</span> 
     </span>
    </p>
   </div>
   <div class='ocr_carea' id='block_1_57' title="bbox 2125 2613 3708 2688">
    <p class='ocr_par' dir='ltr' id='par_1_57' title="bbox 2125 2613 3708 2688">
     <span class='ocr_line' id='line_1_57' title="bbox 2125 2613 3708 2688; baseline 0.006 -22"><span class='ocrx_word' id='word_1_422' title='bbox 2125 2613 2195 2667; x_wconf 90' lang='lat' dir='ltr'>ll.</span> <span class='ocrx_word' id='word_1_423' title='bbox 2240 2617 2393 2685; x_wconf 81' lang='lat' dir='ltr'>(Cap.</span> <span class='ocrx_word' id='word_1_424' title='bbox 2432 2617 2540 2686; x_wconf 87' lang='grc'>11.)</span> <span class='ocrx_word' id='word_1_425' title='bbox 2602 2615 2747 2670; x_wconf 85' lang='lat' dir='ltr'>Cum</span> <span class='ocrx_word' id='word_1_426' title='bbox 2808 2617 3119 2688; x_wconf 86' lang='lat' dir='ltr'>Apostolus</span> <span class='ocrx_word' id='word_1_427' title='bbox 3178 2620 3379 2676; x_wconf 88' lang='lat' dir='ltr'>dicat:</span> <span class='ocrx_word' id='word_1_428' title='bbox 3420 2643 3440 2668; x_wconf 76' lang='grc' dir='ltr'>α</span> <span class='ocrx_word' id='word_1_429' title='bbox 3478 2619 3609 2675; x_wconf 87' lang='lat' dir='ltr'>Ideo</span> <span class='ocrx_word' id='word_1_430' title='bbox 3640 2636 3708 2675; x_wconf 83' lang='lat' dir='ltr'>ex</span> 
     </span>
    </p>
   </div>
   <div class='ocr_carea' id='block_1_58' title="bbox 2053 2703 3707 2780">
    <p class='ocr_par' dir='ltr' id='par_1_58' title="bbox 2053 2703 3707 2780">
     <span class='ocr_line' id='line_1_58' title="bbox 2053 2703 3707 2780; baseline 0.005 -25"><span class='ocrx_word' id='word_1_431' title='bbox 2053 2726 2079 2751; x_wconf 86' lang='grc'>‹‹</span> <span class='ocrx_word' id='word_1_432' title='bbox 2112 2703 2246 2769; x_wconf 80' lang='lat' dir='ltr'>ﬁde,</span> <span class='ocrx_word' id='word_1_433' title='bbox 2281 2708 2347 2756; x_wconf 88' lang='lat' dir='ltr'>ut</span> <span class='ocrx_word' id='word_1_434' title='bbox 2380 2704 2708 2758; x_wconf 84' lang='lat' dir='ltr'>secundum</span> <span class='ocrx_word' id='word_1_435' title='bbox 2769 2704 3017 2777; x_wconf 85' lang='lat' dir='ltr'>gratiam</span> <span class='ocrx_word' id='word_1_436' title='bbox 3076 2706 3248 2763; x_wconf 88' lang='lat' dir='ltr'>ﬁrma</span> <span class='ocrx_word' id='word_1_437' title='bbox 3288 2707 3365 2762; x_wconf 90' lang='lat' dir='ltr'>sit</span> <span class='ocrx_word' id='word_1_438' title='bbox 3394 2707 3707 2780; x_wconf 89' lang='lat' dir='ltr'>promissio</span> 
     </span>
    </p>
   </div>
   <div class='ocr_carea' id='block_1_59' title="bbox 2052 2791 3707 2863">
    <p class='ocr_par' dir='ltr' id='par_1_59' title="bbox 2052 2791 3707 2863">
     <span class='ocr_line' id='line_1_59' title="bbox 2052 2791 3707 2863; baseline 0.007 -23"><span class='ocrx_word' id='word_1_439' title='bbox 2052 2812 2081 2840; x_wconf 74' lang='grc' dir='ltr'>κ</span> <span class='ocrx_word' id='word_1_440' title='bbox 2114 2791 2285 2863; x_wconf 81' lang='lat' dir='ltr'>(llam.</span> <span class='ocrx_word' id='word_1_441' title='bbox 2322 2794 2422 2859; x_wconf 82' lang='grc' dir='ltr'>ιν),</span> <span class='ocrx_word' id='word_1_442' title='bbox 2459 2814 2486 2842; x_wconf 82' lang='grc'><strong>››</strong></span> <span class='ocrx_word' id='word_1_443' title='bbox 2521 2793 2741 2847; x_wconf 90' lang='lat' dir='ltr'>mirum</span> <span class='ocrx_word' id='word_1_444' title='bbox 2795 2798 2884 2848; x_wconf 90' lang='lat' dir='ltr'>est</span> <span class='ocrx_word' id='word_1_445' title='bbox 2933 2794 3201 2850; x_wconf 89' lang='lat' dir='ltr'>homines</span> <span class='ocrx_word' id='word_1_446' title='bbox 3230 2795 3560 2852; x_wconf 88' lang='lat' dir='ltr'>inﬁrmitati</span> <span class='ocrx_word' id='word_1_447' title='bbox 3587 2813 3707 2852; x_wconf 65' lang='lat' dir='ltr'>sua!</span> 
     </span>
    </p>
   </div>
   <div class='ocr_carea' id='block_1_60' title="bbox 2048 2879 3706 2954">
    <p class='ocr_par' dir='ltr' id='par_1_60' title="bbox 2048 2879 3706 2954">
     <span class='ocr_line' id='line_1_60' title="bbox 2048 2879 3706 2954; baseline 0.005 -22"><span class='ocrx_word' id='word_1_448' title='bbox 2048 2894 2112 2933; x_wconf 89' lang='lat' dir='ltr'>se</span> <span class='ocrx_word' id='word_1_449' title='bbox 2144 2879 2316 2933; x_wconf 87' lang='lat' dir='ltr'>malle</span> <span class='ocrx_word' id='word_1_450' title='bbox 2347 2880 2735 2947; x_wconf 87' lang='lat' dir='ltr'>committere,</span> <span class='ocrx_word' id='word_1_451' title='bbox 2771 2897 2949 2952; x_wconf 89' lang='lat' dir='ltr'>quam</span> <span class='ocrx_word' id='word_1_452' title='bbox 3000 2882 3264 2938; x_wconf 89' lang='lat' dir='ltr'>ﬁrmitati</span> <span class='ocrx_word' id='word_1_453' title='bbox 3294 2884 3706 2954; x_wconf 90' lang='lat' dir='ltr'>promissionis</span> 
     </span>
    </p>
   </div>
   <div class='ocr_carea' id='block_1_61' title="bbox 2049 2967 3704 3042">
    <p class='ocr_par' dir='ltr' id='par_1_61' title="bbox 2049 2967 3704 3042">
     <span class='ocr_line' id='line_1_61' title="bbox 2049 2967 3704 3042; baseline 0.003 -20"><span class='ocrx_word' id='word_1_454' title='bbox 2049 2967 2297 3022; x_wconf 81' lang='lat' dir='ltr'>Dci.Sed</span> <span class='ocrx_word' id='word_1_455' title='bbox 2324 2967 2546 3023; x_wconf 89' lang='lat' dir='ltr'>incerta</span> <span class='ocrx_word' id='word_1_456' title='bbox 2567 2974 2657 3024; x_wconf 91' lang='lat' dir='ltr'>cst</span> <span class='ocrx_word' id='word_1_457' title='bbox 2687 2969 2854 3039; x_wconf 90' lang='lat' dir='ltr'>mihi,</span> <span class='ocrx_word' id='word_1_458' title='bbox 2890 2970 3109 3042; x_wconf 90' lang='lat' dir='ltr'>inquis,</span> <span class='ocrx_word' id='word_1_459' title='bbox 3143 2972 3214 3026; x_wconf 90' lang='lat' dir='ltr'>de</span> <span class='ocrx_word' id='word_1_460' title='bbox 3247 2972 3469 3042; x_wconf 88' lang='lat' dir='ltr'>meipso</span> <span class='ocrx_word' id='word_1_461' title='bbox 3497 2972 3704 3027; x_wconf 89' lang='lat' dir='ltr'>volun-</span> 
     </span>
    </p>
   </div>
   <div class='ocr_carea' id='block_1_62' title="bbox 2046 3056 3705 3133">
    <p class='ocr_par' dir='ltr' id='par_1_62' title="bbox 2046 3056 3705 3133">
     <span class='ocr_line' id='line_1_62' title="bbox 2046 3056 3705 3133; baseline 0.005 -24"><span class='ocrx_word' id='word_1_462' title='bbox 2046 3060 2138 3111; x_wconf 85' lang='lat' dir='ltr'>tas</span> <span class='ocrx_word' id='word_1_463' title='bbox 2160 3056 2281 3110; x_wconf 90' lang='lat' dir='ltr'>Dei.</span> <span class='ocrx_word' id='word_1_464' title='bbox 2299 3057 2445 3123; x_wconf 85' lang='lat' dir='ltr'>Quid</span> <span class='ocrx_word' id='word_1_465' title='bbox 2463 3073 2599 3129; x_wconf 90' lang='lat' dir='ltr'>ergo</span> <span class='ocrx_word' id='word_1_466' title='bbox 2615 3059 2850 3113; x_wconf 82' lang='lat' dir='ltr'>?Tuane</span> <span class='ocrx_word' id='word_1_467' title='bbox 2862 3058 2968 3113; x_wconf 90' lang='lat' dir='ltr'>tibi</span> <span class='ocrx_word' id='word_1_468' title='bbox 2983 3059 3252 3115; x_wconf 86' lang='lat' dir='ltr'>voluntas</span> <span class='ocrx_word' id='word_1_469' title='bbox 3265 3061 3334 3115; x_wconf 91' lang='lat' dir='ltr'>dc</span> <span class='ocrx_word' id='word_1_470' title='bbox 3347 3061 3533 3133; x_wconf 89' lang='lat' dir='ltr'>teipso</span> <span class='ocrx_word' id='word_1_471' title='bbox 3544 3065 3705 3118; x_wconf 84' lang='lat' dir='ltr'>certa</span> 
     </span>
    </p>
   </div>
   <div class='ocr_carea' id='block_1_63' title="bbox 2046 3144 3701 3215">
    <p class='ocr_par' dir='ltr' id='par_1_63' title="bbox 2046 3144 3701 3215">
     <span class='ocr_line' id='line_1_63' title="bbox 2046 3144 3701 3215; baseline 0.002 -16"><span class='ocrx_word' id='word_1_472' title='bbox 2046 3148 2159 3211; x_wconf 88' lang='lat' dir='ltr'>est,</span> <span class='ocrx_word' id='word_1_473' title='bbox 2192 3160 2296 3198; x_wconf 86' lang='lat' dir='ltr'>nec</span> <span class='ocrx_word' id='word_1_474' title='bbox 2322 3144 2541 3199; x_wconf 87' lang='lat' dir='ltr'>times?</span> <span class='ocrx_word' id='word_1_475' title='bbox 2574 3168 2601 3194; x_wconf 85' lang='grc'><strong>‹‹</strong></span> <span class='ocrx_word' id='word_1_476' title='bbox 2633 3144 2739 3210; x_wconf 86' lang='lat' dir='ltr'>Qui</span> <span class='ocrx_word' id='word_1_477' title='bbox 2796 3145 3029 3199; x_wconf 83' lang='lat' dir='ltr'>videtur</span> <span class='ocrx_word' id='word_1_478' title='bbox 3076 3150 3251 3215; x_wconf 90' lang='lat' dir='ltr'>stare,</span> <span class='ocrx_word' id='word_1_479' title='bbox 3281 3147 3475 3201; x_wconf 88' lang='lat' dir='ltr'>videat</span> <span class='ocrx_word' id='word_1_480' title='bbox 3505 3164 3576 3202; x_wconf 88' lang='lat' dir='ltr'>ne</span> <span class='ocrx_word' id='word_1_481' title='bbox 3607 3165 3701 3203; x_wconf 88' lang='lat' dir='ltr'>ca-</span> 
     </span>
    </p>
   </div>
   <div class='ocr_carea' id='block_1_64' title="bbox 270 3207 3699 3308">
    <p class='ocr_par' dir='ltr' id='par_1_64' title="bbox 270 3207 3699 3308">
     <span class='ocr_line' id='line_1_64' title="bbox 270 3207 3699 3308; baseline 0.001 -21"><span class='ocrx_word' id='word_1_482' title='bbox 270 3207 1934 3308; x_wconf 38' lang='lat' dir='ltr'>eséatﬁdj“,tOPiO-Mfﬁémuiétevinseﬁstfnﬁdicent?“</span> <span class='ocrx_word' id='word_1_483' title='bbox 1968 3215 2011 3281; x_wconf 81' lang='lat' dir='ltr'>C</span> <span class='ocrx_word' id='word_1_484' title='bbox 2052 3253 2080 3282; x_wconf 87' lang='lat'><strong>«</strong></span> <span class='ocrx_word' id='word_1_485' title='bbox 2112 3207 2211 3287; x_wconf 83' lang='lat' dir='ltr'>dat</span> <span class='ocrx_word' id='word_1_486' title='bbox 2228 3233 2277 3302; x_wconf 89' lang='grc'>(1</span> <span class='ocrx_word' id='word_1_487' title='bbox 2303 3236 2428 3290; x_wconf 87' lang='lat' dir='ltr'>Cor.</span> <span class='ocrx_word' id='word_1_488' title='bbox 2460 3238 2538 3299; x_wconf 81' lang='lat' dir='ltr'>x).</span> <span class='ocrx_word' id='word_1_489' title='bbox 2572 3256 2600 3283; x_wconf 74' lang='grc' dir='ltr'><strong>υ</strong></span> <span class='ocrx_word' id='word_1_490' title='bbox 2635 3207 2779 3289; x_wconf 77' lang='lat' dir='ltr'>Cum</span> <span class='ocrx_word' id='word_1_491' title='bbox 2838 3234 3021 3307; x_wconf 85' lang='lat' dir='ltr'>igitur</span> <span class='ocrx_word' id='word_1_492' title='bbox 3078 3207 3326 3308; x_wconf 82' lang='lat' dir='ltr'>utraque</span> <span class='ocrx_word' id='word_1_493' title='bbox 3354 3236 3574 3291; x_wconf 87' lang='lat' dir='ltr'>incerta</span> <span class='ocrx_word' id='word_1_494' title='bbox 3602 3236 3699 3304; x_wconf 90' lang='lat' dir='ltr'>sit,</span> 
     </span>
    </p>
   </div>
   <div class='ocr_carea' id='block_1_65' title="bbox 279 3295 1935 3369">
    <p class='ocr_par' dir='ltr' id='par_1_65' title="bbox 279 3295 1935 3369">
     <span class='ocr_line' id='line_1_65' title="bbox 279 3295 1935 3369; baseline -0.006 -14"><span class='ocrx_word' id='word_1_495' title='bbox 279 3318 300 3347; x_wconf 78' lang='grc' dir='ltr'>ι</span> <span class='ocrx_word' id='word_1_496' title='bbox 322 3299 508 3354; x_wconf 88' lang='lat' dir='ltr'>Dedit</span> <span class='ocrx_word' id='word_1_497' title='bbox 556 3298 644 3354; x_wconf 90' lang='lat' dir='ltr'>eis</span> <span class='ocrx_word' id='word_1_498' title='bbox 701 3302 1052 3369; x_wconf 84' lang='lat' dir='ltr'>potestatem</span> <span class='ocrx_word' id='word_1_499' title='bbox 1085 3296 1238 3353; x_wconf 87' lang='lat' dir='ltr'>ﬁlios</span> <span class='ocrx_word' id='word_1_500' title='bbox 1270 3296 1371 3352; x_wconf 90' lang='lat' dir='ltr'>Dei</span> <span class='ocrx_word' id='word_1_501' title='bbox 1404 3295 1529 3352; x_wconf 91' lang='lat' dir='ltr'>ﬁeri</span> <span class='ocrx_word' id='word_1_502' title='bbox 1558 3297 1733 3368; x_wconf 85' lang='lat' dir='ltr'>(Joan.</span> <span class='ocrx_word' id='word_1_503' title='bbox 1766 3296 1874 3367; x_wconf 84' lang='grc' dir='ltr'>ιιι),</span> <span class='ocrx_word' id='word_1_504' title='bbox 1912 3319 1935 3345; x_wconf 77' lang='grc' dir='ltr'>ι</span> 
     </span>
    </p>
   </div>
   <div class='ocr_carea' id='block_1_66' title="bbox 273 3385 1939 3456">
    <p class='ocr_par' dir='ltr' id='par_1_66' title="bbox 273 3385 1939 3456">
     <span class='ocr_line' id='line_1_66' title="bbox 273 3385 1939 3456; baseline -0.003 -12"><span class='ocrx_word' id='word_1_505' title='bbox 273 3404 350 3445; x_wconf 87' lang='lat' dir='ltr'>ne</span> <span class='ocrx_word' id='word_1_506' title='bbox 384 3387 633 3443; x_wconf 89' lang='lat' dir='ltr'>omnino</span> <span class='ocrx_word' id='word_1_507' title='bbox 694 3386 1097 3442; x_wconf 82' lang='lat' dir='ltr'>existimemus</span> <span class='ocrx_word' id='word_1_508' title='bbox 1154 3385 1214 3441; x_wconf 88' lang='lat' dir='ltr'>in</span> <span class='ocrx_word' id='word_1_509' title='bbox 1261 3390 1463 3441; x_wconf 86' lang='lat' dir='ltr'>nostra</span> <span class='ocrx_word' id='word_1_510' title='bbox 1504 3388 1794 3456; x_wconf 88' lang='lat' dir='ltr'>potestate</span> <span class='ocrx_word' id='word_1_511' title='bbox 1824 3401 1939 3440; x_wconf 89' lang='lat' dir='ltr'>non</span> 
     </span>
    </p>
   </div>
   <div class='ocr_carea' id='block_1_67' title="bbox 273 3472 1937 3549">
    <p class='ocr_par' dir='ltr' id='par_1_67' title="bbox 273 3472 1937 3549">
     <span class='ocr_line' id='line_1_67' title="bbox 273 3472 1937 3549; baseline -0.003 -16"><span class='ocrx_word' id='word_1_512' title='bbox 273 3493 409 3534; x_wconf 83' lang='lat' dir='ltr'>esse</span> <span class='ocrx_word' id='word_1_513' title='bbox 467 3480 629 3549; x_wconf 90' lang='lat' dir='ltr'>quod</span> <span class='ocrx_word' id='word_1_514' title='bbox 690 3475 1008 3531; x_wconf 89' lang='lat' dir='ltr'>credimus.</span> <span class='ocrx_word' id='word_1_515' title='bbox 1042 3474 1457 3530; x_wconf 86' lang='lat' dir='ltr'>Verumtamen</span> <span class='ocrx_word' id='word_1_516' title='bbox 1497 3473 1557 3528; x_wconf 92' lang='lat' dir='ltr'>in</span> <span class='ocrx_word' id='word_1_517' title='bbox 1590 3478 1840 3546; x_wconf 86' lang='lat' dir='ltr'>utroque</span> <span class='ocrx_word' id='word_1_518' title='bbox 1871 3472 1937 3528; x_wconf 91' lang='lat' dir='ltr'>il-</span> 
     </span>
    </p>
   </div>
   <div class='ocr_carea' id='block_1_68' title="bbox 272 3563 1942 3636">
    <p class='ocr_par' dir='ltr' id='par_1_68' title="bbox 272 3563 1942 3636">
     <span class='ocr_line' id='line_1_68' title="bbox 272 3563 1942 3636; baseline -0.002 -14"><span class='ocrx_word' id='word_1_519' title='bbox 272 3566 396 3622; x_wconf 86' lang='lat' dir='ltr'>lius</span> <span class='ocrx_word' id='word_1_520' title='bbox 440 3564 731 3622; x_wconf 86' lang='lat' dir='ltr'>beneﬁcia</span> <span class='ocrx_word' id='word_1_521' title='bbox 777 3580 1227 3636; x_wconf 77' lang='lat' dir='ltr'>cognoscamus.</span> <span class='ocrx_word' id='word_1_522' title='bbox 1260 3563 1406 3618; x_wconf 89' lang='lat' dir='ltr'>Nam</span> <span class='ocrx_word' id='word_1_523' title='bbox 1437 3568 1495 3618; x_wconf 88' lang='lat' dir='ltr'>et</span> <span class='ocrx_word' id='word_1_524' title='bbox 1524 3563 1761 3635; x_wconf 68' lang='lat' dir='ltr'>agenda)</span> <span class='ocrx_word' id='word_1_525' title='bbox 1801 3567 1942 3619; x_wconf 91' lang='lat' dir='ltr'>sunt</span> 
     </span>
    </p>
   </div>
   <div class='ocr_carea' id='block_1_69' title="bbox 272 3653 1939 3728">
    <p class='ocr_par' dir='ltr' id='par_1_69' title="bbox 272 3653 1939 3728">
     <span class='ocr_line' id='line_1_69' title="bbox 272 3653 1939 3728; baseline -0.002 -19"><span class='ocrx_word' id='word_1_526' title='bbox 272 3655 504 3728; x_wconf 73' lang='lat' dir='ltr'>gratiae,</span> <span class='ocrx_word' id='word_1_527' title='bbox 527 3655 672 3727; x_wconf 87' lang='lat' dir='ltr'>quia</span> <span class='ocrx_word' id='word_1_528' title='bbox 695 3654 833 3709; x_wconf 86' lang='lat' dir='ltr'>data</span> <span class='ocrx_word' id='word_1_529' title='bbox 852 3658 941 3708; x_wconf 89' lang='lat' dir='ltr'>est</span> <span class='ocrx_word' id='word_1_530' title='bbox 968 3657 1247 3724; x_wconf 88' lang='lat' dir='ltr'>potestas,</span> <span class='ocrx_word' id='word_1_531' title='bbox 1281 3656 1338 3707; x_wconf 91' lang='lat' dir='ltr'>et</span> <span class='ocrx_word' id='word_1_532' title='bbox 1357 3653 1668 3723; x_wconf 90' lang='lat' dir='ltr'>orandum,</span> <span class='ocrx_word' id='word_1_533' title='bbox 1700 3667 1774 3707; x_wconf 91' lang='lat' dir='ltr'>ne</span> <span class='ocrx_word' id='word_1_534' title='bbox 1801 3667 1939 3706; x_wconf 89' lang='lat' dir='ltr'>suc-</span> 
     </span>
    </p>
   </div>
   <div class='ocr_carea' id='block_1_70' title="bbox 274 3740 1937 3814">
    <p class='ocr_par' dir='ltr' id='par_1_70' title="bbox 274 3740 1937 3814">
     <span class='ocr_line' id='line_1_70' title="bbox 274 3740 1937 3814; baseline -0.004 -13"><span class='ocrx_word' id='word_1_535' title='bbox 274 3745 524 3801; x_wconf 82' lang='lat' dir='ltr'>cumbat</span> <span class='ocrx_word' id='word_1_536' title='bbox 558 3743 893 3798; x_wconf 87' lang='lat' dir='ltr'>inﬁrmitas.</span> <span class='ocrx_word' id='word_1_537' title='bbox 920 3742 1051 3814; x_wconf 90' lang='lat' dir='ltr'>Ipsa</span> <span class='ocrx_word' id='word_1_538' title='bbox 1083 3746 1173 3797; x_wconf 89' lang='lat' dir='ltr'>est</span> <span class='ocrx_word' id='word_1_539' title='bbox 1203 3742 1370 3809; x_wconf 88' lang='lat' dir='ltr'>ﬁdes,</span> <span class='ocrx_word' id='word_1_540' title='bbox 1393 3758 1520 3812; x_wconf 66' lang='lat' dir='ltr'>qua:</span> <span class='ocrx_word' id='word_1_541' title='bbox 1552 3756 1654 3812; x_wconf 90' lang='lat' dir='ltr'>per</span> <span class='ocrx_word' id='word_1_542' title='bbox 1681 3740 1937 3795; x_wconf 88' lang='lat' dir='ltr'>dilectio-</span> 
     </span>
    </p>
   </div>
   <div class='ocr_carea' id='block_1_71' title="bbox 273 3829 1938 3904">
    <p class='ocr_par' dir='ltr' id='par_1_71' title="bbox 273 3829 1938 3904">
     <span class='ocr_line' id='line_1_71' title="bbox 273 3829 1938 3904; baseline -0.002 -17"><span class='ocrx_word' id='word_1_543' title='bbox 273 3849 410 3889; x_wconf 86' lang='lat' dir='ltr'>nem</span> <span class='ocrx_word' id='word_1_544' title='bbox 435 3831 898 3904; x_wconf 85' lang='lat' dir='ltr'>operatur,sicut</span> <span class='ocrx_word' id='word_1_545' title='bbox 910 3831 1039 3902; x_wconf 85' lang='lat' dir='ltr'>ejus</span> <span class='ocrx_word' id='word_1_546' title='bbox 1062 3847 1399 3887; x_wconf 88' lang='lat' dir='ltr'>mensuram</span> <span class='ocrx_word' id='word_1_547' title='bbox 1422 3829 1705 3885; x_wconf 89' lang='lat' dir='ltr'>Dominus</span> <span class='ocrx_word' id='word_1_548' title='bbox 1728 3829 1938 3900; x_wconf 89' lang='lat' dir='ltr'>cuique</span> 
     </span>
    </p>
   </div>
   <div class='ocr_carea' id='block_1_72' title="bbox 273 3916 1934 3994">
    <p class='ocr_par' dir='ltr' id='par_1_72' title="bbox 273 3916 1934 3994">
     <span class='ocr_line' id='line_1_72' title="bbox 273 3916 1934 3994; baseline -0.002 -17"><span class='ocrx_word' id='word_1_549' title='bbox 273 3921 537 3994; x_wconf 84' lang='lat' dir='ltr'>partitus</span> <span class='ocrx_word' id='word_1_550' title='bbox 569 3925 680 3987; x_wconf 88' lang='lat' dir='ltr'>est,</span> <span class='ocrx_word' id='word_1_551' title='bbox 700 3925 766 3975; x_wconf 90' lang='lat' dir='ltr'>ut</span> <span class='ocrx_word' id='word_1_552' title='bbox 795 3920 893 3992; x_wconf 90' lang='lat' dir='ltr'>qui</span> <span class='ocrx_word' id='word_1_553' title='bbox 928 3919 1232 3992; x_wconf 87' lang='lat' dir='ltr'>gloriatur,</span> <span class='ocrx_word' id='word_1_554' title='bbox 1260 3936 1373 3974; x_wconf 90' lang='lat' dir='ltr'>non</span> <span class='ocrx_word' id='word_1_555' title='bbox 1401 3920 1459 3974; x_wconf 92' lang='lat' dir='ltr'>in</span> <span class='ocrx_word' id='word_1_556' title='bbox 1493 3916 1705 3991; x_wconf 89' lang='lat' dir='ltr'>seipse,</span> <span class='ocrx_word' id='word_1_557' title='bbox 1741 3918 1843 3975; x_wconf 89' lang='lat' dir='ltr'>sed</span> <span class='ocrx_word' id='word_1_558' title='bbox 1874 3917 1934 3973; x_wconf 89' lang='lat' dir='ltr'>in</span> 
     </span>
    </p>
   </div>
   <div class='ocr_carea' id='block_1_73' title="bbox 271 4008 862 4083">
    <p class='ocr_par' dir='ltr' id='par_1_73' title="bbox 271 4008 862 4083">
     <span class='ocr_line' id='line_1_73' title="bbox 271 4008 862 4083; baseline -0.002 -18"><span class='ocrx_word' id='word_1_559' title='bbox 271 4008 526 4067; x_wconf 87' lang='lat' dir='ltr'>Domino</span> <span class='ocrx_word' id='word_1_560' title='bbox 558 4008 862 4083; x_wconf 73' lang='lat' dir='ltr'>glorietur.</span> 
     </span>
    </p>
   </div>
   <div class='ocr_carea' id='block_1_74' title="bbox 339 4124 1935 4199">
    <p class='ocr_par' dir='ltr' id='par_1_74' title="bbox 339 4124 1935 4199">
     <span class='ocr_line' id='line_1_74' title="bbox 339 4124 1935 4199; baseline 0.001 -20"><span class='ocrx_word' id='word_1_561' title='bbox 339 4126 465 4183; x_wconf 75' lang='lat' dir='ltr'>VII.</span> <span class='ocrx_word' id='word_1_562' title='bbox 490 4129 793 4199; x_wconf 86' lang='lat' dir='ltr'>Quotquot</span> <span class='ocrx_word' id='word_1_563' title='bbox 825 4130 944 4182; x_wconf 88' lang='lat' dir='ltr'>tam</span> <span class='ocrx_word' id='word_1_564' title='bbox 979 4126 1227 4199; x_wconf 86' lang='lat' dir='ltr'>superbe</span> <span class='ocrx_word' id='word_1_565' title='bbox 1249 4125 1578 4197; x_wconf 89' lang='lat' dir='ltr'>sapiunt,ut</span> <span class='ocrx_word' id='word_1_566' title='bbox 1598 4141 1715 4180; x_wconf 82' lang='lat' dir='ltr'>suae</span> <span class='ocrx_word' id='word_1_567' title='bbox 1736 4124 1935 4181; x_wconf 84' lang='lat' dir='ltr'>volun-</span> 
     </span>
    </p>
   </div>
   <div class='ocr_carea' id='block_1_75' title="bbox 274 4214 1932 4281">
    <p class='ocr_par' dir='ltr' id='par_1_75' title="bbox 274 4214 1932 4281">
     <span class='ocr_line' id='line_1_75' title="bbox 274 4214 1932 4281; baseline 0.001 -11"><span class='ocrx_word' id='word_1_568' title='bbox 274 4215 412 4270; x_wconf 83' lang='lat' dir='ltr'>tatis</span> <span class='ocrx_word' id='word_1_569' title='bbox 433 4215 664 4271; x_wconf 89' lang='lat' dir='ltr'>viribus</span> <span class='ocrx_word' id='word_1_570' title='bbox 688 4219 919 4271; x_wconf 89' lang='lat' dir='ltr'>tantum</span> <span class='ocrx_word' id='word_1_571' title='bbox 945 4214 1281 4270; x_wconf 82' lang='lat' dir='ltr'>existiment</span> <span class='ocrx_word' id='word_1_572' title='bbox 1302 4232 1428 4270; x_wconf 88' lang='lat' dir='ltr'>esse</span> <span class='ocrx_word' id='word_1_573' title='bbox 1459 4214 1932 4281; x_wconf 89' lang='lat' dir='ltr'>tribuendum,ut</span> 
     </span>
    </p>
   </div>
   <div class='ocr_carea' id='block_1_76' title="bbox 269 4302 1931 4377">
    <p class='ocr_par' dir='ltr' id='par_1_76' title="bbox 269 4302 1931 4377">
     <span class='ocr_line' id='line_1_76' title="bbox 269 4302 1931 4377; baseline 0.001 -18"><span class='ocrx_word' id='word_1_574' title='bbox 269 4304 611 4377; x_wconf 86' lang='lat' dir='ltr'>negentsibi</span> <span class='ocrx_word' id='word_1_575' title='bbox 627 4304 1024 4360; x_wconf 89' lang='lat' dir='ltr'>necessarium</span> <span class='ocrx_word' id='word_1_576' title='bbox 1040 4303 1302 4359; x_wconf 84' lang='lat' dir='ltr'>divinum</span> <span class='ocrx_word' id='word_1_577' title='bbox 1326 4302 1683 4374; x_wconf 87' lang='lat' dir='ltr'>adjutorium</span> <span class='ocrx_word' id='word_1_578' title='bbox 1699 4303 1769 4357; x_wconf 87' lang='lat' dir='ltr'>ad</span> <span class='ocrx_word' id='word_1_579' title='bbox 1785 4303 1931 4360; x_wconf 86' lang='lat' dir='ltr'>bene</span> 
     </span>
    </p>
   </div>
   <div class='ocr_carea' id='block_1_77' title="bbox 267 4391 1927 4466">
    <p class='ocr_par' dir='ltr' id='par_1_77' title="bbox 267 4391 1927 4466">
     <span class='ocr_line' id='line_1_77' title="bbox 267 4391 1927 4466; baseline -0.001 -17"><span class='ocrx_word' id='word_1_580' title='bbox 267 4393 608 4461; x_wconf 87' lang='lat' dir='ltr'>vivendum,</span> <span class='ocrx_word' id='word_1_581' title='bbox 664 4410 778 4449; x_wconf 90' lang='lat' dir='ltr'>non</span> <span class='ocrx_word' id='word_1_582' title='bbox 813 4397 1062 4466; x_wconf 89' lang='lat' dir='ltr'>possunt</span> <span class='ocrx_word' id='word_1_583' title='bbox 1092 4394 1325 4449; x_wconf 88' lang='lat' dir='ltr'>credere</span> <span class='ocrx_word' id='word_1_584' title='bbox 1356 4392 1414 4447; x_wconf 91' lang='lat' dir='ltr'>in</span> <span class='ocrx_word' id='word_1_585' title='bbox 1448 4391 1767 4448; x_wconf 86' lang='lat' dir='ltr'>Christum.</span> <span class='ocrx_word' id='word_1_586' title='bbox 1803 4392 1927 4448; x_wconf 91' lang='lat' dir='ltr'>Non</span> 
     </span>
    </p>
   </div>
   <div class='ocr_carea' id='block_1_78' title="bbox 270 4480 1930 4556">
    <p class='ocr_par' dir='ltr' id='par_1_78' title="bbox 270 4480 1930 4556">
     <span class='ocr_line' id='line_1_78' title="bbox 270 4480 1930 4556; baseline -0.001 -17"><span class='ocrx_word' id='word_1_587' title='bbox 270 4500 426 4539; x_wconf 78' lang='lat' dir='ltr'>enim</span> <span class='ocrx_word' id='word_1_588' title='bbox 460 4483 691 4556; x_wconf 88' lang='lat' dir='ltr'>aliquid</span> <span class='ocrx_word' id='word_1_589' title='bbox 746 4487 993 4556; x_wconf 85' lang='lat' dir='ltr'>prosunt</span> <span class='ocrx_word' id='word_1_590' title='bbox 1041 4481 1273 4555; x_wconf 66' lang='lat' dir='ltr'>syllabae</span> <span class='ocrx_word' id='word_1_591' title='bbox 1318 4480 1575 4536; x_wconf 89' lang='lat' dir='ltr'>nominis</span> <span class='ocrx_word' id='word_1_592' title='bbox 1606 4480 1840 4549; x_wconf 88' lang='lat' dir='ltr'>Christi,</span> <span class='ocrx_word' id='word_1_593' title='bbox 1873 4486 1930 4539; x_wconf 88' lang='lat' dir='ltr'>et</span> 
     </span>
    </p>
   </div>
   <div class='ocr_carea' id='block_1_79' title="bbox 2049 3322 3705 3398">
    <p class='ocr_par' dir='ltr' id='par_1_79' title="bbox 2049 3322 3705 3398">
     <span class='ocr_line' id='line_1_79' title="bbox 2049 3322 3705 3398; baseline 0.003 -22"><span class='ocrx_word' id='word_1_594' title='bbox 2049 3339 2155 3376; x_wconf 93' lang='lat' dir='ltr'>cur</span> <span class='ocrx_word' id='word_1_595' title='bbox 2183 3339 2298 3377; x_wconf 91' lang='lat' dir='ltr'>non</span> <span class='ocrx_word' id='word_1_596' title='bbox 2326 3322 2504 3378; x_wconf 88' lang='lat' dir='ltr'>homo</span> <span class='ocrx_word' id='word_1_597' title='bbox 2537 3322 2781 3378; x_wconf 89' lang='lat' dir='ltr'>ﬁrmiori</span> <span class='ocrx_word' id='word_1_598' title='bbox 2813 3324 2989 3379; x_wconf 87' lang='lat' dir='ltr'>ﬁdem</span> <span class='ocrx_word' id='word_1_599' title='bbox 3021 3341 3211 3393; x_wconf 90' lang='lat' dir='ltr'>suam,</span> <span class='ocrx_word' id='word_1_600' title='bbox 3237 3341 3423 3398; x_wconf 90' lang='lat' dir='ltr'>spem,</span> <span class='ocrx_word' id='word_1_601' title='bbox 3457 3326 3705 3382; x_wconf 86' lang='lat' dir='ltr'>charita-</span> 
     </span>
    </p>
   </div>
   <div class='ocr_carea' id='block_1_80' title="bbox 2049 3411 2682 3483">
    <p class='ocr_par' dir='ltr' id='par_1_80' title="bbox 2049 3411 2682 3483">
     <span class='ocr_line' id='line_1_80' title="bbox 2049 3411 2682 3483; baseline 0.003 -18"><span class='ocrx_word' id='word_1_602' title='bbox 2049 3415 2286 3483; x_wconf 90' lang='lat' dir='ltr'>temque</span> <span class='ocrx_word' id='word_1_603' title='bbox 2314 3411 2682 3467; x_wconf 81' lang='lat' dir='ltr'>committit?</span> 
     </span>
    </p>
   </div>
   <div class='ocr_carea' id='block_1_81' title="bbox 2122 3499 3700 3576">
    <p class='ocr_par' dir='ltr' id='par_1_81' title="bbox 2122 3499 3700 3576">
     <span class='ocr_line' id='line_1_81' title="bbox 2122 3499 3700 3576; baseline 0.004 -21"><span class='ocrx_word' id='word_1_604' title='bbox 2122 3499 2216 3555; x_wconf 87' lang='grc' dir='ltr'>ΙΙΙ.</span> <span class='ocrx_word' id='word_1_605' title='bbox 2252 3499 2403 3573; x_wconf 83' lang='lat' dir='ltr'>(Cap.</span> <span class='ocrx_word' id='word_1_606' title='bbox 2436 3500 2548 3572; x_wconf 89' lang='grc'>15.)</span> <span class='ocrx_word' id='word_1_607' title='bbox 2579 3501 2681 3557; x_wconf 89' lang='lat' dir='ltr'>Est</span> <span class='ocrx_word' id='word_1_608' title='bbox 2710 3503 2888 3558; x_wconf 90' lang='lat' dir='ltr'>etiam</span> <span class='ocrx_word' id='word_1_609' title='bbox 2936 3503 3452 3576; x_wconf 69' lang='lat' dir='ltr'>prmclarissimum</span> <span class='ocrx_word' id='word_1_610' title='bbox 3500 3504 3700 3561; x_wconf 88' lang='lat' dir='ltr'>lumen</span> 
     </span>
    </p>
   </div>
   <div class='ocr_carea' id='block_1_82' title="bbox 2048 3589 3699 3666">
    <p class='ocr_par' dir='ltr' id='par_1_82' title="bbox 2048 3589 3699 3666">
     <span class='ocr_line' id='line_1_82' title="bbox 2048 3589 3699 3666; baseline 0.005 -24"><span class='ocrx_word' id='word_1_611' title='bbox 2048 3589 2580 3659; x_wconf 71' lang='lat' dir='ltr'>prmdestinationis</span> <span class='ocrx_word' id='word_1_612' title='bbox 2613 3596 2670 3646; x_wconf 88' lang='lat' dir='ltr'>et</span> <span class='ocrx_word' id='word_1_613' title='bbox 2700 3592 2897 3664; x_wconf 68' lang='lat' dir='ltr'>gratia:</span> <span class='ocrx_word' id='word_1_614' title='bbox 2931 3593 3056 3666; x_wconf 86' lang='lat' dir='ltr'>ipse</span> <span class='ocrx_word' id='word_1_615' title='bbox 3086 3592 3360 3663; x_wconf 88' lang='lat' dir='ltr'>salvator,</span> <span class='ocrx_word' id='word_1_616' title='bbox 3393 3594 3520 3666; x_wconf 90' lang='lat' dir='ltr'>ipse</span> <span class='ocrx_word' id='word_1_617' title='bbox 3577 3611 3699 3651; x_wconf 89' lang='lat' dir='ltr'>me-</span> 
     </span>
    </p>
   </div>
   <div class='ocr_carea' id='block_1_83' title="bbox 2047 3676 3700 3746">
    <p class='ocr_par' dir='ltr' id='par_1_83' title="bbox 2047 3676 3700 3746">
     <span class='ocr_line' id='line_1_83' title="bbox 2047 3676 3700 3746; baseline 0.005 -14"><span class='ocrx_word' id='word_1_618' title='bbox 2047 3676 2235 3732; x_wconf 90' lang='lat' dir='ltr'>diator</span> <span class='ocrx_word' id='word_1_619' title='bbox 2263 3677 2365 3733; x_wconf 83' lang='lat' dir='ltr'>Dei</span> <span class='ocrx_word' id='word_1_620' title='bbox 2396 3682 2452 3733; x_wconf 90' lang='lat' dir='ltr'>et</span> <span class='ocrx_word' id='word_1_621' title='bbox 2481 3678 2787 3736; x_wconf 89' lang='lat' dir='ltr'>hominum</span> <span class='ocrx_word' id='word_1_622' title='bbox 2825 3681 3016 3746; x_wconf 79' lang='lat' dir='ltr'>homo</span> <span class='ocrx_word' id='word_1_623' title='bbox 3065 3682 3337 3739; x_wconf 87' lang='lat' dir='ltr'>Christus</span> <span class='ocrx_word' id='word_1_624' title='bbox 3374 3683 3568 3739; x_wconf 82' lang='lat' dir='ltr'>Jesus.</span> <span class='ocrx_word' id='word_1_625' title='bbox 3602 3683 3700 3740; x_wconf 91' lang='lat' dir='ltr'>Ille</span> 
     </span>
    </p>
   </div>
   <div class='ocr_carea' id='block_1_84' title="bbox 2045 3766 3697 3835">
    <p class='ocr_par' dir='ltr' id='par_1_84' title="bbox 2045 3766 3697 3835">
     <span class='ocr_line' id='line_1_84' title="bbox 2045 3766 3697 3835; baseline 0.004 -15"><span class='ocrx_word' id='word_1_626' title='bbox 2045 3766 2202 3821; x_wconf 91' lang='lat' dir='ltr'>enim</span> <span class='ocrx_word' id='word_1_627' title='bbox 2234 3766 2512 3835; x_wconf 91' lang='lat' dir='ltr'>homo,ut</span> <span class='ocrx_word' id='word_1_628' title='bbox 2536 3784 2569 3822; x_wconf 86' lang='lat' dir='ltr'>a</span> <span class='ocrx_word' id='word_1_629' title='bbox 2599 3768 2787 3824; x_wconf 88' lang='lat' dir='ltr'>Verbo</span> <span class='ocrx_word' id='word_1_630' title='bbox 2822 3770 2973 3823; x_wconf 89' lang='lat' dir='ltr'>Patri</span> <span class='ocrx_word' id='word_1_631' title='bbox 3006 3774 3289 3826; x_wconf 61' lang='lat' dir='ltr'>coarterno</span> <span class='ocrx_word' id='word_1_632' title='bbox 3322 3772 3381 3826; x_wconf 93' lang='lat' dir='ltr'>in</span> <span class='ocrx_word' id='word_1_633' title='bbox 3409 3772 3697 3828; x_wconf 89' lang='lat' dir='ltr'>unitatem</span> 
     </span>
    </p>
   </div>
   <div class='ocr_carea' id='block_1_85' title="bbox 2046 3856 3699 3929">
    <p class='ocr_par' dir='ltr' id='par_1_85' title="bbox 2046 3856 3699 3929">
     <span class='ocr_line' id='line_1_85' title="bbox 2046 3856 3699 3929; baseline 0.003 -19"><span class='ocrx_word' id='word_1_634' title='bbox 2046 3871 2306 3927; x_wconf 73' lang='lat' dir='ltr'>personas</span> <span class='ocrx_word' id='word_1_635' title='bbox 2320 3860 2667 3927; x_wconf 89' lang='lat' dir='ltr'>assumptus</span> <span class='ocrx_word' id='word_1_636' title='bbox 2689 3856 2869 3912; x_wconf 89' lang='lat' dir='ltr'>Filius</span> <span class='ocrx_word' id='word_1_637' title='bbox 2888 3857 2987 3911; x_wconf 87' lang='lat' dir='ltr'>Dei</span> <span class='ocrx_word' id='word_1_638' title='bbox 3004 3858 3342 3929; x_wconf 74' lang='lat' dir='ltr'>unigenitus</span> <span class='ocrx_word' id='word_1_639' title='bbox 3354 3863 3527 3927; x_wconf 88' lang='lat' dir='ltr'>esset,</span> <span class='ocrx_word' id='word_1_640' title='bbox 3543 3860 3699 3915; x_wconf 91' lang='lat' dir='ltr'>unde</span> 
     </span>
    </p>
   </div>
   <div class='ocr_carea' id='block_1_86' title="bbox 2043 3942 3697 4026">
    <p class='ocr_par' dir='ltr' id='par_1_86' title="bbox 2043 3942 3697 4026">
     <span class='ocr_line' id='line_1_86' title="bbox 2043 3942 3697 4026; baseline 0.003 -27"><span class='ocrx_word' id='word_1_641' title='bbox 2043 3942 2153 3999; x_wconf 92' lang='lat' dir='ltr'>hoc</span> <span class='ocrx_word' id='word_1_642' title='bbox 2175 3943 2595 4026; x_wconf 51' lang='lat' dir='ltr'>meruit‘iquod</span> <span class='ocrx_word' id='word_1_643' title='bbox 2627 3945 2754 4015; x_wconf 87' lang='lat' dir='ltr'>ejus</span> <span class='ocrx_word' id='word_1_644' title='bbox 2785 3946 3003 4000; x_wconf 91' lang='lat' dir='ltr'>bonum</span> <span class='ocrx_word' id='word_1_645' title='bbox 3034 3945 3439 4019; x_wconf 88' lang='lat' dir='ltr'>qualecunque</span> <span class='ocrx_word' id='word_1_646' title='bbox 3458 3964 3697 4019; x_wconf 59' lang='lat' dir='ltr'>praees-</span> 
     </span>
    </p>
   </div>
   <div class='ocr_carea' id='block_1_87' title="bbox 2044 4032 3697 4110">
    <p class='ocr_par' dir='ltr' id='par_1_87' title="bbox 2044 4032 3697 4110">
     <span class='ocr_line' id='line_1_87' title="bbox 2044 4032 3697 4110; baseline 0.004 -23"><span class='ocrx_word' id='word_1_647' title='bbox 2044 4032 2214 4102; x_wconf 88' lang='lat' dir='ltr'>sit,ut</span> <span class='ocrx_word' id='word_1_648' title='bbox 2239 4034 2309 4088; x_wconf 91' lang='lat' dir='ltr'>ad</span> <span class='ocrx_word' id='word_1_649' title='bbox 2334 4033 2485 4088; x_wconf 89' lang='lat' dir='ltr'>hanc</span> <span class='ocrx_word' id='word_1_650' title='bbox 2512 4033 2864 4089; x_wconf 77' lang='lat' dir='ltr'>ineffabilem</span> <span class='ocrx_word' id='word_1_651' title='bbox 2896 4035 3296 4092; x_wconf 82' lang='lat' dir='ltr'>excellentiam</span> <span class='ocrx_word' id='word_1_652' title='bbox 3325 4037 3697 4110; x_wconf 81' lang='lat' dir='ltr'>perveniret?</span> 
     </span>
    </p>
   </div>
   <div class='ocr_carea' id='block_1_88' title="bbox 2043 4121 3695 4199">
    <p class='ocr_par' dir='ltr' id='par_1_88' title="bbox 2043 4121 3695 4199">
     <span class='ocr_line' id='line_1_88' title="bbox 2043 4121 3695 4199; baseline 0.004 -22"><span class='ocrx_word' id='word_1_653' title='bbox 2043 4121 2311 4177; x_wconf 83' lang='lat' dir='ltr'>Faciente</span> <span class='ocrx_word' id='word_1_654' title='bbox 2342 4139 2409 4177; x_wconf 90' lang='lat' dir='ltr'>ac</span> <span class='ocrx_word' id='word_1_655' title='bbox 2441 4121 2798 4194; x_wconf 89' lang='lat' dir='ltr'>suscipiente</span> <span class='ocrx_word' id='word_1_656' title='bbox 2846 4123 3055 4193; x_wconf 89' lang='lat' dir='ltr'>Verbo,</span> <span class='ocrx_word' id='word_1_657' title='bbox 3089 4126 3213 4198; x_wconf 91' lang='lat' dir='ltr'>ipse</span> <span class='ocrx_word' id='word_1_658' title='bbox 3251 4126 3446 4196; x_wconf 91' lang='lat' dir='ltr'>homo,</span> <span class='ocrx_word' id='word_1_659' title='bbox 3480 4143 3548 4183; x_wconf 83' lang='lat' dir='ltr'>ex</span> <span class='ocrx_word' id='word_1_660' title='bbox 3577 4143 3695 4199; x_wconf 91' lang='lat' dir='ltr'>quo</span> 
     </span>
    </p>
   </div>
   <div class='ocr_carea' id='block_1_89' title="bbox 2040 4211 3694 4288">
    <p class='ocr_par' dir='ltr' id='par_1_89' title="bbox 2040 4211 3694 4288">
     <span class='ocr_line' id='line_1_89' title="bbox 2040 4211 3694 4288; baseline 0.004 -21"><span class='ocrx_word' id='word_1_661' title='bbox 2040 4226 2169 4267; x_wconf 89' lang='lat' dir='ltr'>esse</span> <span class='ocrx_word' id='word_1_662' title='bbox 2183 4212 2378 4283; x_wconf 63' lang='lat' dir='ltr'>coepit,</span> <span class='ocrx_word' id='word_1_663' title='bbox 2416 4211 2597 4268; x_wconf 90' lang='lat' dir='ltr'>Filius</span> <span class='ocrx_word' id='word_1_664' title='bbox 2620 4212 2719 4269; x_wconf 90' lang='lat' dir='ltr'>Dei</span> <span class='ocrx_word' id='word_1_665' title='bbox 2744 4214 2953 4271; x_wconf 89' lang='lat' dir='ltr'>unicus</span> <span class='ocrx_word' id='word_1_666' title='bbox 2975 4231 3102 4271; x_wconf 88' lang='lat' dir='ltr'>esse</span> <span class='ocrx_word' id='word_1_667' title='bbox 3123 4216 3316 4288; x_wconf 66' lang='lat' dir='ltr'>caspit.</span> <span class='ocrx_word' id='word_1_668' title='bbox 3350 4216 3561 4274; x_wconf 86' lang='lat' dir='ltr'>Filium</span> <span class='ocrx_word' id='word_1_669' title='bbox 3592 4218 3694 4275; x_wconf 90' lang='lat' dir='ltr'>Dei</span> 
     </span>
    </p>
   </div>
   <div class='ocr_carea' id='block_1_90' title="bbox 2042 4300 3694 4378">
    <p class='ocr_par' dir='ltr' id='par_1_90' title="bbox 2042 4300 3694 4378">
     <span class='ocr_line' id='line_1_90' title="bbox 2042 4300 3694 4378; baseline 0.005 -23"><span class='ocrx_word' id='word_1_670' title='bbox 2042 4300 2281 4356; x_wconf 91' lang='lat' dir='ltr'>unicum</span> <span class='ocrx_word' id='word_1_671' title='bbox 2309 4301 2524 4373; x_wconf 81' lang='lat' dir='ltr'>femina</span> <span class='ocrx_word' id='word_1_672' title='bbox 2562 4302 2660 4359; x_wconf 87' lang='lat' dir='ltr'>illa</span> <span class='ocrx_word' id='word_1_673' title='bbox 2694 4303 2884 4375; x_wconf 87' lang='lat' dir='ltr'>gratia</span> <span class='ocrx_word' id='word_1_674' title='bbox 2913 4305 3293 4378; x_wconf 89' lang='lat' dir='ltr'>conccpit.De</span> <span class='ocrx_word' id='word_1_675' title='bbox 3324 4307 3544 4378; x_wconf 89' lang='lat' dir='ltr'>Spiritu</span> <span class='ocrx_word' id='word_1_676' title='bbox 3563 4325 3694 4363; x_wconf 88' lang='lat' dir='ltr'>san-</span> 
     </span>
    </p>
   </div>
   <div class='ocr_carea' id='block_1_91' title="bbox 2040 4390 3688 4466">
    <p class='ocr_par' dir='ltr' id='par_1_91' title="bbox 2040 4390 3688 4466">
     <span class='ocr_line' id='line_1_91' title="bbox 2040 4390 3688 4466; baseline 0.004 -20"><span class='ocrx_word' id='word_1_677' title='bbox 2040 4395 2131 4446; x_wconf 88' lang='lat' dir='ltr'>cto</span> <span class='ocrx_word' id='word_1_678' title='bbox 2162 4396 2217 4447; x_wconf 90' lang='lat' dir='ltr'>et</span> <span class='ocrx_word' id='word_1_679' title='bbox 2244 4390 2469 4465; x_wconf 89' lang='lat' dir='ltr'>virgine</span> <span class='ocrx_word' id='word_1_680' title='bbox 2529 4392 2712 4448; x_wconf 91' lang='lat' dir='ltr'>Maria</span> <span class='ocrx_word' id='word_1_681' title='bbox 2769 4393 2871 4449; x_wconf 91' lang='lat' dir='ltr'>Dei</span> <span class='ocrx_word' id='word_1_682' title='bbox 2904 4394 3085 4451; x_wconf 83' lang='lat' dir='ltr'>Filius</span> <span class='ocrx_word' id='word_1_683' title='bbox 3114 4395 3326 4450; x_wconf 89' lang='lat' dir='ltr'>unicus</span> <span class='ocrx_word' id='word_1_684' title='bbox 3358 4400 3532 4452; x_wconf 90' lang='lat' dir='ltr'>natus</span> <span class='ocrx_word' id='word_1_685' title='bbox 3561 4401 3688 4466; x_wconf 78' lang='lat' dir='ltr'>est;</span> 
     </span>
    </p>
   </div>
   <div class='ocr_carea' id='block_1_92' title="bbox 2038 4481 3691 4554">
    <p class='ocr_par' dir='ltr' id='par_1_92' title="bbox 2038 4481 3691 4554">
     <span class='ocr_line' id='line_1_92' title="bbox 2038 4481 3691 4554; baseline 0.003 -18"><span class='ocrx_word' id='word_1_686' title='bbox 2038 4497 2152 4536; x_wconf 92' lang='lat' dir='ltr'>non</span> <span class='ocrx_word' id='word_1_687' title='bbox 2185 4482 2379 4537; x_wconf 88' lang='lat' dir='ltr'>carnis</span> <span class='ocrx_word' id='word_1_688' title='bbox 2440 4481 2737 4554; x_wconf 89' lang='lat' dir='ltr'>cupidine,</span> <span class='ocrx_word' id='word_1_689' title='bbox 2770 4484 2868 4539; x_wconf 90' lang='lat' dir='ltr'>sed</span> <span class='ocrx_word' id='word_1_690' title='bbox 2904 4482 3026 4539; x_wconf 90' lang='lat' dir='ltr'>solo</span> <span class='ocrx_word' id='word_1_691' title='bbox 3056 4483 3157 4539; x_wconf 90' lang='lat' dir='ltr'>Dei</span> <span class='ocrx_word' id='word_1_692' title='bbox 3189 4499 3450 4540; x_wconf 88' lang='lat' dir='ltr'>munere.</span> <span class='ocrx_word' id='word_1_693' title='bbox 3486 4484 3691 4541; x_wconf 88' lang='lat' dir='ltr'>Libera</span> 
     </span>
    </p>
   </div>
   <div class='ocr_carea' id='block_1_93' title="bbox 269 4569 3687 4651">
    <p class='ocr_par' dir='ltr' id='par_1_93' title="bbox 269 4569 3687 4651">
     <span class='ocr_line' id='line_1_93' title="bbox 269 4569 3687 4651; baseline 0.001 -23"><span class='ocrx_word' id='word_1_694' title='bbox 269 4576 644 4630; x_wconf 88' lang='lat' dir='ltr'>sacramenta</span> <span class='ocrx_word' id='word_1_695' title='bbox 675 4571 912 4639; x_wconf 84' lang='lat' dir='ltr'>Christi,</span> <span class='ocrx_word' id='word_1_696' title='bbox 948 4571 1046 4626; x_wconf 89' lang='lat' dir='ltr'>ubi</span> <span class='ocrx_word' id='word_1_697' title='bbox 1081 4569 1372 4626; x_wconf 86' lang='lat' dir='ltr'>resistitur</span> <span class='ocrx_word' id='word_1_698' title='bbox 1402 4570 1532 4625; x_wconf 89' lang='lat' dir='ltr'>ﬁdei</span> <span class='ocrx_word' id='word_1_699' title='bbox 1565 4569 1801 4626; x_wconf 88' lang='lat' dir='ltr'>Christi.</span> <span class='ocrx_word' id='word_1_700' title='bbox 1831 4571 1926 4627; x_wconf 89' lang='lat' dir='ltr'>Fi-</span> <span class='ocrx_word' id='word_1_701' title='bbox 1956 4584 2004 4651; x_wconf 84' lang='lat' dir='ltr'>D</span> <span class='ocrx_word' id='word_1_702' title='bbox 2041 4572 2094 4625; x_wconf 90' lang='lat' dir='ltr'>in</span> <span class='ocrx_word' id='word_1_703' title='bbox 2120 4569 2217 4626; x_wconf 87' lang='lat' dir='ltr'>illo</span> <span class='ocrx_word' id='word_1_704' title='bbox 2239 4570 2512 4628; x_wconf 88' lang='lat' dir='ltr'>voluntas</span> <span class='ocrx_word' id='word_1_705' title='bbox 2534 4576 2753 4642; x_wconf 86' lang='lat' dir='ltr'>orat,ac</span> <span class='ocrx_word' id='word_1_706' title='bbox 2775 4575 2936 4627; x_wconf 88' lang='lat' dir='ltr'>tanto</span> <span class='ocrx_word' id='word_1_707' title='bbox 2959 4572 3147 4645; x_wconf 85' lang='lat' dir='ltr'>magis</span> <span class='ocrx_word' id='word_1_708' title='bbox 3168 4575 3537 4645; x_wconf 88' lang='lat' dir='ltr'>erat,quanto</span> <span class='ocrx_word' id='word_1_709' title='bbox 3558 4591 3687 4631; x_wconf 88' lang='lat' dir='ltr'>ma-</span> 
     </span>
    </p>
   </div>
   <div class='ocr_carea' id='block_1_94' title="bbox 267 4659 1928 4731">
    <p class='ocr_par' dir='ltr' id='par_1_94' title="bbox 267 4659 1928 4731">
     <span class='ocr_line' id='line_1_94' title="bbox 267 4659 1928 4731; baseline -0.002 -13"><span class='ocrx_word' id='word_1_710' title='bbox 267 4664 372 4720; x_wconf 88' lang='lat' dir='ltr'>des</span> <span class='ocrx_word' id='word_1_711' title='bbox 411 4666 614 4720; x_wconf 89' lang='lat' dir='ltr'>autem</span> <span class='ocrx_word' id='word_1_712' title='bbox 647 4661 862 4717; x_wconf 87' lang='lat' dir='ltr'>Christi</span> <span class='ocrx_word' id='word_1_713' title='bbox 896 4664 982 4717; x_wconf 88' lang='lat' dir='ltr'>est</span> <span class='ocrx_word' id='word_1_714' title='bbox 1015 4661 1248 4716; x_wconf 88' lang='lat' dir='ltr'>credere</span> <span class='ocrx_word' id='word_1_715' title='bbox 1271 4660 1329 4714; x_wconf 88' lang='lat' dir='ltr'>in</span> <span class='ocrx_word' id='word_1_716' title='bbox 1353 4676 1486 4714; x_wconf 92' lang='lat' dir='ltr'>eum</span> <span class='ocrx_word' id='word_1_717' title='bbox 1519 4659 1617 4731; x_wconf 90' lang='lat' dir='ltr'>qui</span> <span class='ocrx_word' id='word_1_718' title='bbox 1642 4660 1928 4730; x_wconf 85' lang='lat' dir='ltr'>justiﬁcat</span> 
     </span>
    </p>
   </div>
   <div class='ocr_carea' id='block_1_95' title="bbox 268 4749 1926 4826">
    <p class='ocr_par' dir='ltr' id='par_1_95' title="bbox 268 4749 1926 4826">
     <span class='ocr_line' id='line_1_95' title="bbox 268 4749 1926 4826; baseline 0 -20"><span class='ocrx_word' id='word_1_719' title='bbox 268 4752 558 4826; x_wconf 87' lang='lat' dir='ltr'>impium;</span> <span class='ocrx_word' id='word_1_720' title='bbox 584 4752 819 4807; x_wconf 89' lang='lat' dir='ltr'>credere</span> <span class='ocrx_word' id='word_1_721' title='bbox 850 4750 909 4805; x_wconf 88' lang='lat' dir='ltr'>in</span> <span class='ocrx_word' id='word_1_722' title='bbox 942 4750 1344 4816; x_wconf 87' lang='lat' dir='ltr'>mediatorem,</span> <span class='ocrx_word' id='word_1_723' title='bbox 1370 4749 1497 4804; x_wconf 91' lang='lat' dir='ltr'>sine</span> <span class='ocrx_word' id='word_1_724' title='bbox 1528 4765 1642 4819; x_wconf 91' lang='lat' dir='ltr'>quo</span> <span class='ocrx_word' id='word_1_725' title='bbox 1673 4750 1926 4822; x_wconf 85' lang='lat' dir='ltr'>interpo-</span> 
     </span>
    </p>
   </div>
   <div class='ocr_carea' id='block_1_96' title="bbox 267 4837 1919 4906">
    <p class='ocr_par' dir='ltr' id='par_1_96' title="bbox 267 4837 1919 4906">
     <span class='ocr_line' id='line_1_96' title="bbox 267 4837 1919 4906; baseline -0.002 -11"><span class='ocrx_word' id='word_1_726' title='bbox 267 4842 381 4898; x_wconf 85' lang='lat' dir='ltr'>site</span> <span class='ocrx_word' id='word_1_727' title='bbox 404 4860 520 4897; x_wconf 89' lang='lat' dir='ltr'>non</span> <span class='ocrx_word' id='word_1_728' title='bbox 547 4840 995 4895; x_wconf 86' lang='lat' dir='ltr'>reconciliamur</span> <span class='ocrx_word' id='word_1_729' title='bbox 1024 4839 1170 4905; x_wconf 88' lang='lat' dir='ltr'>Deo;</span> <span class='ocrx_word' id='word_1_730' title='bbox 1194 4839 1425 4894; x_wconf 88' lang='lat' dir='ltr'>credere</span> <span class='ocrx_word' id='word_1_731' title='bbox 1460 4838 1515 4893; x_wconf 91' lang='lat' dir='ltr'>in</span> <span class='ocrx_word' id='word_1_732' title='bbox 1541 4837 1919 4906; x_wconf 76' lang='lat' dir='ltr'>Salvatorcm,</span> 
     </span>
    </p>
   </div>
   <div class='ocr_carea' id='block_1_97' title="bbox 266 4927 1923 5003">
    <p class='ocr_par' dir='ltr' id='par_1_97' title="bbox 266 4927 1923 5003">
     <span class='ocr_line' id='line_1_97' title="bbox 266 4927 1923 5003; baseline -0.002 -18"><span class='ocrx_word' id='word_1_733' title='bbox 266 4931 366 5002; x_wconf 91' lang='lat' dir='ltr'>qui</span> <span class='ocrx_word' id='word_1_734' title='bbox 392 4930 548 4985; x_wconf 84' lang='lat' dir='ltr'>venit</span> <span class='ocrx_word' id='word_1_735' title='bbox 570 4930 727 5003; x_wconf 91' lang='lat' dir='ltr'>quod</span> <span class='ocrx_word' id='word_1_736' title='bbox 763 4929 1013 5001; x_wconf 86' lang='lat' dir='ltr'>perierat</span> <span class='ocrx_word' id='word_1_737' title='bbox 1047 4944 1303 5000; x_wconf 61' lang='lat' dir='ltr'>quaerere</span> <span class='ocrx_word' id='word_1_738' title='bbox 1334 4931 1505 4999; x_wconf 85' lang='lat' dir='ltr'>atque</span> <span class='ocrx_word' id='word_1_739' title='bbox 1531 4927 1923 4995; x_wconf 86' lang='lat' dir='ltr'>salvare;crc-</span> 
     </span>
    </p>
   </div>
   <div class='ocr_carea' id='block_1_98' title="bbox 264 5016 1922 5090">
    <p class='ocr_par' dir='ltr' id='par_1_98' title="bbox 264 5016 1922 5090">
     <span class='ocr_line' id='line_1_98' title="bbox 264 5016 1922 5090; baseline -0.001 -18"><span class='ocrx_word' id='word_1_740' title='bbox 264 5018 402 5073; x_wconf 89' lang='lat' dir='ltr'>dere</span> <span class='ocrx_word' id='word_1_741' title='bbox 441 5020 499 5073; x_wconf 91' lang='lat' dir='ltr'>in</span> <span class='ocrx_word' id='word_1_742' title='bbox 536 5036 674 5073; x_wconf 89' lang='lat' dir='ltr'>cum</span> <span class='ocrx_word' id='word_1_743' title='bbox 708 5019 808 5090; x_wconf 87' lang='lat' dir='ltr'>qui</span> <span class='ocrx_word' id='word_1_744' title='bbox 843 5017 1022 5073; x_wconf 79' lang='lat' dir='ltr'>dixit:</span> <span class='ocrx_word' id='word_1_745' title='bbox 1056 5038 1075 5063; x_wconf 78' lang='grc' dir='ltr'><strong>α</strong></span> <span class='ocrx_word' id='word_1_746' title='bbox 1102 5017 1239 5072; x_wconf 82' lang='lat' dir='ltr'>Sine</span> <span class='ocrx_word' id='word_1_747' title='bbox 1271 5033 1361 5072; x_wconf 90' lang='lat' dir='ltr'>me</span> <span class='ocrx_word' id='word_1_748' title='bbox 1396 5016 1538 5070; x_wconf 89' lang='lat' dir='ltr'>nihil</span> <span class='ocrx_word' id='word_1_749' title='bbox 1570 5017 1813 5088; x_wconf 84' lang='lat' dir='ltr'>potestis</span> <span class='ocrx_word' id='word_1_750' title='bbox 1840 5018 1922 5071; x_wconf 83' lang='lat' dir='ltr'>fa-</span> 
     </span>
    </p>
   </div>
   <div class='ocr_carea' id='block_1_99' title="bbox 266 5106 1921 5178">
    <p class='ocr_par' dir='ltr' id='par_1_99' title="bbox 266 5106 1921 5178">
     <span class='ocr_line' id='line_1_99' title="bbox 266 5106 1921 5178; baseline -0.001 -17"><span class='ocrx_word' id='word_1_751' title='bbox 266 5128 295 5155; x_wconf 85' lang='grc'>‹‹</span> <span class='ocrx_word' id='word_1_752' title='bbox 323 5123 453 5162; x_wconf 87' lang='lat' dir='ltr'>cere</span> <span class='ocrx_word' id='word_1_753' title='bbox 484 5107 535 5176; x_wconf 88' lang='grc'>(1</span> <span class='ocrx_word' id='word_1_754' title='bbox 562 5109 720 5163; x_wconf 74' lang='lat' dir='ltr'>Joau.</span> <span class='ocrx_word' id='word_1_755' title='bbox 753 5110 867 5175; x_wconf 87' lang='lat' dir='ltr'>xv).</span> <span class='ocrx_word' id='word_1_756' title='bbox 898 5129 924 5157; x_wconf 85' lang='grc'><strong>››</strong></span> <span class='ocrx_word' id='word_1_757' title='bbox 960 5106 1065 5172; x_wconf 86' lang='lat' dir='ltr'>Qui</span> <span class='ocrx_word' id='word_1_758' title='bbox 1100 5122 1235 5177; x_wconf 81' lang='lat' dir='ltr'>ergo</span> <span class='ocrx_word' id='word_1_759' title='bbox 1286 5107 1561 5178; x_wconf 83' lang='lat' dir='ltr'>ignorans</span> <span class='ocrx_word' id='word_1_760' title='bbox 1611 5107 1709 5161; x_wconf 89' lang='lat' dir='ltr'>Dei</span> <span class='ocrx_word' id='word_1_761' title='bbox 1744 5106 1921 5178; x_wconf 88' lang='lat' dir='ltr'>justi-</span> 
     </span>
    </p>
   </div>
   <div class='ocr_carea' id='block_1_100' title="bbox 262 5194 1918 5267">
    <p class='ocr_par' dir='ltr' id='par_1_100' title="bbox 262 5194 1918 5267">
     <span class='ocr_line' id='line_1_100' title="bbox 262 5194 1918 5267; baseline 0.001 -19"><span class='ocrx_word' id='word_1_762' title='bbox 262 5194 559 5267; x_wconf 84' lang='lat' dir='ltr'>tiam,qua</span> <span class='ocrx_word' id='word_1_763' title='bbox 575 5196 947 5266; x_wconf 86' lang='lat' dir='ltr'>justiﬁcatur</span> <span class='ocrx_word' id='word_1_764' title='bbox 967 5194 1379 5266; x_wconf 89' lang='lat' dir='ltr'>impius,suam</span> <span class='ocrx_word' id='word_1_765' title='bbox 1402 5195 1526 5249; x_wconf 88' lang='lat' dir='ltr'>vult</span> <span class='ocrx_word' id='word_1_766' title='bbox 1545 5195 1918 5264; x_wconf 83' lang='lat' dir='ltr'>constituere,</span> 
     </span>
    </p>
   </div>
   <div class='ocr_carea' id='block_1_101' title="bbox 258 5283 1921 5355">
    <p class='ocr_par' dir='ltr' id='par_1_101' title="bbox 258 5283 1921 5355">
     <span class='ocr_line' id='line_1_101' title="bbox 258 5283 1921 5355; baseline 0.001 -18"><span class='ocrx_word' id='word_1_767' title='bbox 258 5300 381 5355; x_wconf 88' lang='lat' dir='ltr'>qua</span> <span class='ocrx_word' id='word_1_768' title='bbox 410 5284 795 5339; x_wconf 85' lang='lat' dir='ltr'>convincatur</span> <span class='ocrx_word' id='word_1_769' title='bbox 826 5284 1141 5355; x_wconf 86' lang='lat' dir='ltr'>superbus,</span> <span class='ocrx_word' id='word_1_770' title='bbox 1161 5283 1218 5337; x_wconf 89' lang='lat' dir='ltr'>in</span> <span class='ocrx_word' id='word_1_771' title='bbox 1254 5284 1402 5337; x_wconf 90' lang='lat' dir='ltr'>hanc</span> <span class='ocrx_word' id='word_1_772' title='bbox 1433 5301 1546 5339; x_wconf 91' lang='lat' dir='ltr'>non</span> <span class='ocrx_word' id='word_1_773' title='bbox 1579 5289 1769 5355; x_wconf 87' lang='lat' dir='ltr'>potest</span> <span class='ocrx_word' id='word_1_774' title='bbox 1800 5300 1921 5339; x_wconf 86' lang='lat' dir='ltr'>cre-</span> 
     </span>
    </p>
   </div>
   <div class='ocr_carea' id='block_1_102' title="bbox 257 5370 1920 5444">
    <p class='ocr_par' dir='ltr' id='par_1_102' title="bbox 257 5370 1920 5444">
     <span class='ocr_line' id='line_1_102' title="bbox 257 5370 1920 5444; baseline 0.002 -19"><span class='ocrx_word' id='word_1_775' title='bbox 257 5371 418 5437; x_wconf 85' lang='lat' dir='ltr'>dere,</span> <span class='ocrx_word' id='word_1_776' title='bbox 456 5390 569 5427; x_wconf 89' lang='lat' dir='ltr'>non</span> <span class='ocrx_word' id='word_1_777' title='bbox 595 5372 735 5444; x_wconf 86' lang='lat' dir='ltr'>quia</span> <span class='ocrx_word' id='word_1_778' title='bbox 758 5373 971 5428; x_wconf 90' lang='lat' dir='ltr'>mutari</span> <span class='ocrx_word' id='word_1_779' title='bbox 1018 5371 1282 5428; x_wconf 89' lang='lat' dir='ltr'>homines</span> <span class='ocrx_word' id='word_1_780' title='bbox 1309 5373 1365 5425; x_wconf 91' lang='lat' dir='ltr'>in</span> <span class='ocrx_word' id='word_1_781' title='bbox 1389 5370 1600 5425; x_wconf 89' lang='lat' dir='ltr'>melius</span> <span class='ocrx_word' id='word_1_782' title='bbox 1641 5390 1753 5427; x_wconf 91' lang='lat' dir='ltr'>non</span> <span class='ocrx_word' id='word_1_783' title='bbox 1788 5391 1920 5444; x_wconf 89' lang='lat' dir='ltr'>pos-</span> 
     </span>
    </p>
   </div>
   <div class='ocr_carea' id='block_1_103' title="bbox 258 5460 1917 5533">
    <p class='ocr_par' dir='ltr' id='par_1_103' title="bbox 258 5460 1917 5533">
     <span class='ocr_line' id='line_1_103' title="bbox 258 5460 1917 5533; baseline -0.001 -16"><span class='ocrx_word' id='word_1_784' title='bbox 258 5462 531 5529; x_wconf 83' lang='lat' dir='ltr'>sunt,sed</span> <span class='ocrx_word' id='word_1_785' title='bbox 550 5461 815 5532; x_wconf 87' lang='lat' dir='ltr'>quandiu</span> <span class='ocrx_word' id='word_1_786' title='bbox 832 5460 971 5517; x_wconf 89' lang='lat' dir='ltr'>talia</span> <span class='ocrx_word' id='word_1_787' title='bbox 994 5462 1373 5533; x_wconf 75' lang='lat' dir='ltr'>sapiunt,uon</span> <span class='ocrx_word' id='word_1_788' title='bbox 1398 5465 1645 5529; x_wconf 88' lang='lat' dir='ltr'>possunt</span> <span class='ocrx_word' id='word_1_789' title='bbox 1666 5462 1917 5516; x_wconf 88' lang='lat' dir='ltr'>credere.</span> 
     </span>
    </p>
   </div>
   <div class='ocr_carea' id='block_1_104' title="bbox 256 5547 1923 5619">
    <p class='ocr_par' dir='ltr' id='par_1_104' title="bbox 256 5547 1923 5619">
     <span class='ocr_line' id='line_1_104' title="bbox 256 5547 1923 5619; baseline 0.001 -14"><span class='ocrx_word' id='word_1_790' title='bbox 256 5548 413 5605; x_wconf 85' lang='lat' dir='ltr'>Hinc</span> <span class='ocrx_word' id='word_1_791' title='bbox 444 5554 811 5606; x_wconf 84' lang='lat' dir='ltr'>excaecantur</span> <span class='ocrx_word' id='word_1_792' title='bbox 832 5555 886 5604; x_wconf 89' lang='lat' dir='ltr'>et</span> <span class='ocrx_word' id='word_1_793' title='bbox 910 5550 1282 5615; x_wconf 84' lang='lat' dir='ltr'>indurantur,</span> <span class='ocrx_word' id='word_1_794' title='bbox 1315 5547 1452 5618; x_wconf 81' lang='lat' dir='ltr'>quia</span> <span class='ocrx_word' id='word_1_795' title='bbox 1483 5550 1748 5619; x_wconf 84' lang='lat' dir='ltr'>negando</span> <span class='ocrx_word' id='word_1_796' title='bbox 1782 5552 1923 5607; x_wconf 89' lang='lat' dir='ltr'>divi-</span> 
     </span>
    </p>
   </div>
   <div class='ocr_carea' id='block_1_105' title="bbox 252 5637 1354 5719">
    <p class='ocr_par' dir='ltr' id='par_1_105' title="bbox 252 5637 1354 5719">
     <span class='ocr_line' id='line_1_105' title="bbox 252 5637 1354 5719; baseline -0.009 -19"><span class='ocrx_word' id='word_1_797' title='bbox 252 5653 411 5700; x_wconf 83' lang='lat' dir='ltr'>num</span> <span class='ocrx_word' id='word_1_798' title='bbox 442 5637 805 5713; x_wconf 87' lang='lat' dir='ltr'>adjutorium</span> <span class='ocrx_word' id='word_1_799' title='bbox 836 5657 951 5701; x_wconf 88' lang='lat' dir='ltr'>non</span> <span class='ocrx_word' id='word_1_800' title='bbox 983 5641 1354 5719; x_wconf 84' lang='lat' dir='ltr'>adjuvantur.</span> 
     </span>
    </p>
   </div>
   <div class='ocr_carea' id='block_1_106' title="bbox 2038 4660 3687 4736">
    <p class='ocr_par' dir='ltr' id='par_1_106' title="bbox 2038 4660 3687 4736">
     <span class='ocr_line' id='line_1_106' title="bbox 2038 4660 3687 4736; baseline 0.003 -22"><span class='ocrx_word' id='word_1_801' title='bbox 2038 4661 2129 4732; x_wconf 84' lang='lat' dir='ltr'>gis</span> <span class='ocrx_word' id='word_1_802' title='bbox 2159 4660 2371 4716; x_wconf 82' lang='lat' dir='ltr'>servire</span> <span class='ocrx_word' id='word_1_803' title='bbox 2403 4665 2638 4732; x_wconf 88' lang='lat' dir='ltr'>peccato</span> <span class='ocrx_word' id='word_1_804' title='bbox 2672 4679 2785 4717; x_wconf 90' lang='lat' dir='ltr'>non</span> <span class='ocrx_word' id='word_1_805' title='bbox 2807 4664 3049 4733; x_wconf 87' lang='lat' dir='ltr'>poterat.</span> <span class='ocrx_word' id='word_1_806' title='bbox 3068 4664 3322 4733; x_wconf 87' lang='lat' dir='ltr'>Apparet</span> <span class='ocrx_word' id='word_1_807' title='bbox 3351 4662 3549 4736; x_wconf 89' lang='lat' dir='ltr'>itaque</span> <span class='ocrx_word' id='word_1_808' title='bbox 3580 4681 3687 4719; x_wconf 92' lang='lat' dir='ltr'>no-</span> 
     </span>
    </p>
   </div>
   <div class='ocr_carea' id='block_1_107' title="bbox 2038 4748 3685 4822">
    <p class='ocr_par' dir='ltr' id='par_1_107' title="bbox 2038 4748 3685 4822">
     <span class='ocr_line' id='line_1_107' title="bbox 2038 4748 3685 4822; baseline 0.002 -20"><span class='ocrx_word' id='word_1_809' title='bbox 2038 4748 2127 4803; x_wconf 89' lang='lat' dir='ltr'>bis</span> <span class='ocrx_word' id='word_1_810' title='bbox 2153 4748 2207 4802; x_wconf 91' lang='lat' dir='ltr'>in</span> <span class='ocrx_word' id='word_1_811' title='bbox 2236 4754 2435 4804; x_wconf 87' lang='lat' dir='ltr'>nostro</span> <span class='ocrx_word' id='word_1_812' title='bbox 2458 4749 2647 4820; x_wconf 84' lang='lat' dir='ltr'>capite</span> <span class='ocrx_word' id='word_1_813' title='bbox 2668 4748 2793 4820; x_wconf 88' lang='lat' dir='ltr'>ipse</span> <span class='ocrx_word' id='word_1_814' title='bbox 2815 4748 2943 4804; x_wconf 78' lang='lat' dir='ltr'>fons</span> <span class='ocrx_word' id='word_1_815' title='bbox 2962 4749 3343 4822; x_wconf 70' lang='lat' dir='ltr'>gratiis,unde</span> <span class='ocrx_word' id='word_1_816' title='bbox 3360 4752 3685 4807; x_wconf 90' lang='lat' dir='ltr'>secundum</span> 
     </span>
    </p>
   </div>
   <div class='ocr_carea' id='block_1_108' title="bbox 2037 4838 3682 4910">
    <p class='ocr_par' dir='ltr' id='par_1_108' title="bbox 2037 4838 3682 4910">
     <span class='ocr_line' id='line_1_108' title="bbox 2037 4838 3682 4910; baseline 0.001 -19"><span class='ocrx_word' id='word_1_817' title='bbox 2037 4838 2506 4909; x_wconf 84' lang='lat' dir='ltr'>uniuscujusque</span> <span class='ocrx_word' id='word_1_818' title='bbox 2536 4854 2874 4893; x_wconf 88' lang='lat' dir='ltr'>mensuram</span> <span class='ocrx_word' id='word_1_819' title='bbox 2898 4856 2959 4894; x_wconf 91' lang='lat' dir='ltr'>se</span> <span class='ocrx_word' id='word_1_820' title='bbox 2982 4855 3083 4910; x_wconf 91' lang='lat' dir='ltr'>per</span> <span class='ocrx_word' id='word_1_821' title='bbox 3110 4844 3322 4895; x_wconf 88' lang='lat' dir='ltr'>cuncta</span> <span class='ocrx_word' id='word_1_822' title='bbox 3351 4840 3480 4910; x_wconf 87' lang='lat' dir='ltr'>ejus</span> <span class='ocrx_word' id='word_1_823' title='bbox 3506 4856 3682 4894; x_wconf 90' lang='lat' dir='ltr'>mem-</span> 
     </span>
    </p>
   </div>
   <div class='ocr_carea' id='block_1_109' title="bbox 2033 4927 3680 4999">
    <p class='ocr_par' dir='ltr' id='par_1_109' title="bbox 2033 4927 3680 4999">
     <span class='ocr_line' id='line_1_109' title="bbox 2033 4927 3680 4999; baseline -0.003 -16"><span class='ocrx_word' id='word_1_824' title='bbox 2033 4929 2139 4983; x_wconf 88' lang='lat' dir='ltr'>bra</span> <span class='ocrx_word' id='word_1_825' title='bbox 2163 4927 2460 4982; x_wconf 73' lang='lat' dir='ltr'>diffundit.</span> <span class='ocrx_word' id='word_1_826' title='bbox 2499 4929 2575 4982; x_wconf 86' lang='lat' dir='ltr'>Ea</span> <span class='ocrx_word' id='word_1_827' title='bbox 2605 4928 2792 4999; x_wconf 86' lang='lat' dir='ltr'>gratia</span> <span class='ocrx_word' id='word_1_828' title='bbox 2824 4930 2889 4983; x_wconf 87' lang='lat' dir='ltr'>ﬁt</span> <span class='ocrx_word' id='word_1_829' title='bbox 2910 4930 2982 4984; x_wconf 88' lang='lat' dir='ltr'>ab</span> <span class='ocrx_word' id='word_1_830' title='bbox 3006 4929 3172 4983; x_wconf 89' lang='lat' dir='ltr'>initio</span> <span class='ocrx_word' id='word_1_831' title='bbox 3196 4930 3325 4984; x_wconf 89' lang='lat' dir='ltr'>ﬁdei</span> <span class='ocrx_word' id='word_1_832' title='bbox 3358 4946 3477 4983; x_wconf 65' lang='lat' dir='ltr'>sum</span> <span class='ocrx_word' id='word_1_833' title='bbox 3509 4928 3680 4979; x_wconf 90' lang='lat' dir='ltr'>homo</span> 
     </span>
    </p>
   </div>
   <div class='ocr_carea' id='block_1_110' title="bbox 2033 5013 3680 5090">
    <p class='ocr_par' dir='ltr' id='par_1_110' title="bbox 2033 5013 3680 5090">
     <span class='ocr_line' id='line_1_110' title="bbox 2033 5013 3680 5090; baseline -0.004 -19"><span class='ocrx_word' id='word_1_834' title='bbox 2033 5018 2370 5090; x_wconf 89' lang='lat' dir='ltr'>quicunque</span> <span class='ocrx_word' id='word_1_835' title='bbox 2391 5017 2778 5083; x_wconf 84' lang='lat' dir='ltr'>Christianus,</span> <span class='ocrx_word' id='word_1_836' title='bbox 2803 5034 2920 5088; x_wconf 91' lang='lat' dir='ltr'>qua</span> <span class='ocrx_word' id='word_1_837' title='bbox 2934 5018 3120 5090; x_wconf 87' lang='lat' dir='ltr'>gratia</span> <span class='ocrx_word' id='word_1_838' title='bbox 3142 5018 3315 5072; x_wconf 90' lang='lat' dir='ltr'>homo</span> <span class='ocrx_word' id='word_1_839' title='bbox 3340 5014 3434 5068; x_wconf 88' lang='lat' dir='ltr'>ille</span> <span class='ocrx_word' id='word_1_840' title='bbox 3465 5014 3537 5067; x_wconf 91' lang='lat' dir='ltr'>ab</span> <span class='ocrx_word' id='word_1_841' title='bbox 3569 5013 3680 5066; x_wconf 92' lang='lat' dir='ltr'>ini-</span> 
     </span>
    </p>
   </div>
   <div class='ocr_carea' id='block_1_111' title="bbox 2032 5101 3677 5176">
    <p class='ocr_par' dir='ltr' id='par_1_111' title="bbox 2032 5101 3677 5176">
     <span class='ocr_line' id='line_1_111' title="bbox 2032 5101 3677 5176; baseline -0.003 -14"><span class='ocrx_word' id='word_1_842' title='bbox 2032 5108 2112 5162; x_wconf 90' lang='lat' dir='ltr'>tio</span> <span class='ocrx_word' id='word_1_843' title='bbox 2136 5123 2242 5161; x_wconf 88' lang='lat' dir='ltr'>suo</span> <span class='ocrx_word' id='word_1_844' title='bbox 2268 5107 2456 5162; x_wconf 80' lang='lat' dir='ltr'>factus</span> <span class='ocrx_word' id='word_1_845' title='bbox 2481 5111 2569 5161; x_wconf 90' lang='lat' dir='ltr'>est</span> <span class='ocrx_word' id='word_1_846' title='bbox 2591 5107 2879 5174; x_wconf 87' lang='lat' dir='ltr'>Christus,</span> <span class='ocrx_word' id='word_1_847' title='bbox 2914 5108 2983 5161; x_wconf 85' lang='lat' dir='ltr'>de</span> <span class='ocrx_word' id='word_1_848' title='bbox 3006 5108 3133 5176; x_wconf 90' lang='lat' dir='ltr'>ipso</span> <span class='ocrx_word' id='word_1_849' title='bbox 3156 5103 3374 5174; x_wconf 89' lang='lat' dir='ltr'>Spiritu</span> <span class='ocrx_word' id='word_1_850' title='bbox 3391 5105 3446 5155; x_wconf 91' lang='lat' dir='ltr'>et</span> <span class='ocrx_word' id='word_1_851' title='bbox 3466 5101 3561 5156; x_wconf 89' lang='lat' dir='ltr'>hic</span> <span class='ocrx_word' id='word_1_852' title='bbox 3590 5118 3677 5157; x_wconf 88' lang='lat' dir='ltr'>re-</span> 
     </span>
    </p>
   </div>
   <div class='ocr_carea' id='block_1_112' title="bbox 2032 5189 3678 5267">
    <p class='ocr_par' dir='ltr' id='par_1_112' title="bbox 2032 5189 3678 5267">
     <span class='ocr_line' id='line_1_112' title="bbox 2032 5189 3678 5267; baseline -0.003 -15"><span class='ocrx_word' id='word_1_853' title='bbox 2032 5202 2229 5263; x_wconf 88' lang='lat' dir='ltr'>natus,</span> <span class='ocrx_word' id='word_1_854' title='bbox 2267 5197 2337 5249; x_wconf 89' lang='lat' dir='ltr'>de</span> <span class='ocrx_word' id='word_1_855' title='bbox 2371 5212 2485 5267; x_wconf 89' lang='lat' dir='ltr'>quo</span> <span class='ocrx_word' id='word_1_856' title='bbox 2518 5200 2607 5251; x_wconf 90' lang='lat' dir='ltr'>est</span> <span class='ocrx_word' id='word_1_857' title='bbox 2640 5195 2735 5250; x_wconf 90' lang='lat' dir='ltr'>ille</span> <span class='ocrx_word' id='word_1_858' title='bbox 2768 5199 2962 5259; x_wconf 86' lang='lat' dir='ltr'>natus,</span> <span class='ocrx_word' id='word_1_859' title='bbox 2992 5195 3194 5247; x_wconf 89' lang='lat' dir='ltr'>eodem</span> <span class='ocrx_word' id='word_1_860' title='bbox 3247 5189 3465 5259; x_wconf 86' lang='lat' dir='ltr'>Spiritu</span> <span class='ocrx_word' id='word_1_861' title='bbox 3526 5192 3591 5246; x_wconf 88' lang='lat' dir='ltr'>ﬁt</span> <span class='ocrx_word' id='word_1_862' title='bbox 3619 5191 3678 5248; x_wconf 89' lang='lat' dir='ltr'>in</span> 
     </span>
    </p>
   </div>
   <div class='ocr_carea' id='block_1_113' title="bbox 2033 5277 3678 5355">
    <p class='ocr_par' dir='ltr' id='par_1_113' title="bbox 2033 5277 3678 5355">
     <span class='ocr_line' id='line_1_113' title="bbox 2033 5277 3678 5355; baseline -0.002 -15"><span class='ocrx_word' id='word_1_863' title='bbox 2033 5285 2203 5340; x_wconf 88' lang='lat' dir='ltr'>nobis</span> <span class='ocrx_word' id='word_1_864' title='bbox 2237 5284 2503 5339; x_wconf 86' lang='lat' dir='ltr'>remissio</span> <span class='ocrx_word' id='word_1_865' title='bbox 2534 5289 2925 5355; x_wconf 87' lang='lat' dir='ltr'>peccatorum,</span> <span class='ocrx_word' id='word_1_866' title='bbox 2950 5298 3062 5351; x_wconf 88' lang='lat' dir='ltr'>quo</span> <span class='ocrx_word' id='word_1_867' title='bbox 3096 5277 3314 5349; x_wconf 85' lang='lat' dir='ltr'>Spiritu</span> <span class='ocrx_word' id='word_1_868' title='bbox 3348 5278 3565 5334; x_wconf 87' lang='lat' dir='ltr'>factum</span> <span class='ocrx_word' id='word_1_869' title='bbox 3589 5286 3678 5337; x_wconf 88' lang='lat' dir='ltr'>est</span> 
     </span>
    </p>
   </div>
   <div class='ocr_carea' id='block_1_114' title="bbox 2032 5367 3679 5440">
    <p class='ocr_par' dir='ltr' id='par_1_114' title="bbox 2032 5367 3679 5440">
     <span class='ocr_line' id='line_1_114' title="bbox 2032 5367 3679 5440; baseline -0.002 -10"><span class='ocrx_word' id='word_1_870' title='bbox 2032 5374 2339 5430; x_wconf 89' lang='lat' dir='ltr'>utnullum</span> <span class='ocrx_word' id='word_1_871' title='bbox 2362 5374 2600 5429; x_wconf 88' lang='lat' dir='ltr'>haberet</span> <span class='ocrx_word' id='word_1_872' title='bbox 2634 5371 2726 5426; x_wconf 90' lang='lat' dir='ltr'>illc</span> <span class='ocrx_word' id='word_1_873' title='bbox 2756 5374 3079 5440; x_wconf 85' lang='lat' dir='ltr'>peccatum.</span> <span class='ocrx_word' id='word_1_874' title='bbox 3115 5367 3242 5421; x_wconf 62' lang='lat' dir='ltr'>Haec</span> <span class='ocrx_word' id='word_1_875' title='bbox 3273 5385 3333 5424; x_wconf 92' lang='lat' dir='ltr'>se</span> <span class='ocrx_word' id='word_1_876' title='bbox 3366 5369 3519 5427; x_wconf 91' lang='lat' dir='ltr'>Deus</span> <span class='ocrx_word' id='word_1_877' title='bbox 3549 5387 3679 5427; x_wconf 86' lang='lat' dir='ltr'>esse</span> 
     </span>
    </p>
   </div>
   <div class='ocr_carea' id='block_1_115' title="bbox 2030 5456 3679 5533">
    <p class='ocr_par' dir='ltr' id='par_1_115' title="bbox 2030 5456 3679 5533">
     <span class='ocr_line' id='line_1_115' title="bbox 2030 5456 3679 5533; baseline -0.001 -15"><span class='ocrx_word' id='word_1_878' title='bbox 2030 5464 2323 5519; x_wconf 80' lang='lat' dir='ltr'>facturum</span> <span class='ocrx_word' id='word_1_879' title='bbox 2346 5464 2601 5533; x_wconf 78' lang='lat' dir='ltr'>profecto</span> <span class='ocrx_word' id='word_1_880' title='bbox 2624 5457 2929 5530; x_wconf 71' lang='lat' dir='ltr'>praescivit.</span> <span class='ocrx_word' id='word_1_881' title='bbox 2964 5457 3098 5528; x_wconf 89' lang='lat' dir='ltr'>Ipsa</span> <span class='ocrx_word' id='word_1_882' title='bbox 3143 5459 3229 5512; x_wconf 90' lang='lat' dir='ltr'>cst</span> <span class='ocrx_word' id='word_1_883' title='bbox 3257 5456 3439 5531; x_wconf 89' lang='lat' dir='ltr'>igitur</span> <span class='ocrx_word' id='word_1_884' title='bbox 3467 5460 3679 5532; x_wconf 66' lang='lat' dir='ltr'>praede-</span> 
     </span>
    </p>
   </div>
   <div class='ocr_carea' id='block_1_116' title="bbox 2030 5545 3678 5619">
    <p class='ocr_par' dir='ltr' id='par_1_116' title="bbox 2030 5545 3678 5619">
     <span class='ocr_line' id='line_1_116' title="bbox 2030 5545 3678 5619; baseline 0.001 -10"><span class='ocrx_word' id='word_1_885' title='bbox 2030 5552 2265 5609; x_wconf 89' lang='lat' dir='ltr'>stinatio</span> <span class='ocrx_word' id='word_1_886' title='bbox 2307 5555 2661 5618; x_wconf 87' lang='lat' dir='ltr'>sanctorum,</span> <span class='ocrx_word' id='word_1_887' title='bbox 2698 5563 2824 5619; x_wconf 78' lang='lat' dir='ltr'>quae</span> <span class='ocrx_word' id='word_1_888' title='bbox 2857 5545 2913 5602; x_wconf 89' lang='lat' dir='ltr'>in</span> <span class='ocrx_word' id='word_1_889' title='bbox 2949 5548 3158 5605; x_wconf 88' lang='lat' dir='ltr'>Sancto</span> <span class='ocrx_word' id='word_1_890' title='bbox 3192 5552 3528 5608; x_wconf 84' lang='lat' dir='ltr'>sanctorum</span> <span class='ocrx_word' id='word_1_891' title='bbox 3558 5566 3678 5611; x_wconf 79' lang='lat' dir='ltr'>ma-</span> 
     </span>
    </p>
   </div>
   <div class='ocr_carea' id='block_1_117' title="bbox 2027 5638 2439 5703">
    <p class='ocr_par' dir='ltr' id='par_1_117' title="bbox 2027 5638 2439 5703">
     <span class='ocr_line' id='line_1_117' title="bbox 2027 5638 2439 5703; baseline -0.019 -1"><span class='ocrx_word' id='word_1_892' title='bbox 2027 5641 2182 5703; x_wconf 79' lang='lat' dir='ltr'>xime</span> <span class='ocrx_word' id='word_1_893' title='bbox 2213 5638 2439 5699; x_wconf 87' lang='lat' dir='ltr'>claruit.</span> 
     </span>
    </p>
   </div>
  </div>
