4094 6186
406 317 539 381 435

895 450 968 507 De
995 448 1131 505 dono
1150 448 1589 520 perseverantia.

490 540 584 597 IV.
616 540 770 612 (Cap.
808 540 884 607 1.)
931 539 1161 594 Donum
1219 535 1319 592 Dei
1378 550 1507 591 esse
1560 534 2065 606 perseverantiam,

418 646 537 701 qua
567 644 754 700 usque
783 626 843 682 in
877 628 1052 681 ﬁnem
1084 626 1492 697 perseveratur
1519 622 1581 678 in
1611 622 1862 688 Christo,
1888 623 2064 678 ﬁnem

417 723 611 775 autem
637 734 753 789 quo
774 714 1023 769 vitaista
1046 713 1268 780 ﬁnitur,
1303 713 1359 766 in
1391 729 1508 785 qua
1536 713 1943 767 tantummodo
1974 729 2067 783 pe-

410 805 665 864 riculum
687 808 776 860 est
807 820 878 858 ne
910 802 1171 858 cadatur.
1206 802 1409 874 Itaque
1441 805 1642 857 utrum
1675 802 1925 873 quisque
1956 800 2063 856 hoc

413 911 632 950 munus
663 892 970 965 acceperit,
997 891 1260 964 quandiu
1291 891 1444 947 hanc
1467 890 1647 945 vitam
1676 890 1857 959 ducit,
1880 890 2065 947 incer-

408 986 537 1039 tum
569 986 680 1039 est.
714 982 773 1038 Si
804 981 963 1038 enim
994 980 1345 1054 priusquam
1405 979 1693 1035 moriatur
1720 979 1910 1047 cadat,
1946 996 2060 1035 non

410 1086 813 1144 perseverasse
871 1070 1073 1143 utique
1133 1069 1369 1137 dicitur,
1403 1072 1462 1124 et
1490 1066 1793 1124 verissime
1821 1067 2058 1124 dicitur.

409 1159 710 1226 Quomodo
730 1175 868 1233 ergo
889 1157 1382 1232 perseverantiam
1399 1156 1500 1229 qui
1533 1173 1648 1212 non
1679 1156 2063 1229 perseveravit

409 1248 706 1322 accepisse
733 1246 824 1303 vel
854 1247 1134 1304 habuisse
1165 1247 1452 1303 dicendus
1480 1251 1570 1302 est
1588 1246 1616 1300 ‘2

479 1337 548 1393 V.
574 1336 760 1408 (Ibid)
791 1336 849 1393 Si
883 1336 1096 1392 habeat
1150 1334 1368 1408 aliquis
1423 1334 1865 1405 continentiam,
1899 1339 1957 1392 et
1984 1334 2058 1391 ab

408 1444 478 1484 ea
509 1425 739 1482 decidat
758 1430 935 1498 atque
960 1424 1328 1481 incontinens
1352 1424 1473 1493 ﬁat,
1503 1424 1553 1481 si
1576 1423 1871 1496 justitiam
1902 1424 2060 1480 simi-

408 1515 560 1585 liter,
594 1515 644 1571 si
676 1513 1039 1587 patientiam,
1075 1514 1123 1570 si
1166 1513 1355 1586 ipsam
1406 1513 1603 1582 ﬁdem,
1637 1518 1790 1569 recte
1844 1513 2060 1569 dicitur

408 1604 687 1662 habuisse
715 1607 772 1659 et
801 1620 918 1659 non
949 1602 1183 1659 habere.
1218 1601 1531 1659 Continens
1590 1602 1748 1658 enim
1806 1602 1936 1672 fuit,
1969 1600 2057 1658 vel

397 1694 601 1766 justus
620 1690 848 1764 fuit,vel
876 1691 1130 1765 patiens,
1150 1691 1241 1747 vel
1262 1689 1450 1747 ﬁdelis
1472 1690 1583 1746 fuit
1611 1691 1876 1763 quandiu
1907 1691 2053 1760 fuit;

404 1799 543 1840 cum
578 1798 712 1838 vero
740 1797 873 1842 esse
900 1779 1145 1848 destitit,
1179 1797 1295 1835 non
1317 1783 1407 1835 est
1436 1780 1590 1851 quod
1620 1779 1750 1835 fuit.
1768 1779 1893 1879 Qui
1922 1796 2055 1837 vero
2086 1812 2134 1879 Β

405 1889 524 1929 non
557 1869 1325 1944 perseveraverit,quomodo
1355 1885 1731 1942 perseverans
1763 1869 1894 1937 fuit,
1921 1885 2057 1925 cum

405 1961 827 2035 perseverando
840 1959 1091 2032 quisque
1104 1958 1379 2015 ostendat
1388 1961 1850 2031 perseverantem
1860 1958 1889 2013 ?
1900 1959 2056 2030 quod

405 2050 516 2106 iste
547 2066 663 2106 non
694 2048 848 2105 fecit.

475 2138 570 2196 VI.
596 2138 781 2208 (Ιὺίἀ.)
824 2137 1340 2205 Perseverantiam,
1371 2152 1489 2209 qua
1516 2136 1577 2191 in
1609 2136 1840 2192 Christo
1871 2153 2059 2208 persc-

403 2231 636 2286 veratur
662 2244 849 2300 usque
878 2226 937 2282 in
970 2227 1168 2295 ﬁnem,
1205 2225 1365 2282 nullo
1419 2225 1592 2281 modo
1649 2224 1926 2281 habuisse
1977 2225 2058 2281 di-

405 2318 659 2375 cendum
682 2320 792 2384 est,
826 2316 924 2388 qui
959 2332 1075 2371 non
1107 2314 1491 2388 perseveravit
1548 2331 1733 2386 usque
1762 2314 1823 2370 in
1855 2315 2056 2383 ﬁnem,

406 2408 717 2480 potiusque
748 2405 900 2462 hanc
928 2394 1136 2460 habuit
1165 2404 1342 2459 unius
1369 2403 1509 2460 anni
1540 2403 1750 2472 ﬁdelis,
1783 2407 1840 2459 et
1868 2420 2055 2475 quan-

406 2501 534 2553 tum
566 2496 720 2551 infra
748 2494 989 2568 cogitari
1020 2493 1287 2566 potest,si
1318 2494 1502 2549 donec
1533 2497 1858 2549 moreretur
1878 2492 2057 2548 ﬁdeli-

404 2590 493 2642 ter
519 2584 680 2656 vixit,
713 2600 893 2657 quam
947 2582 1268 2638 multorum
1327 2598 1637 2650 annorum,
1672 2580 1721 2639 si
1779 2581 2053 2655 exiguum

406 2673 687 2746 temporis
716 2676 850 2729 ante
882 2676 1131 2728 mortem
1165 2688 1200 2727 a
1232 2670 1365 2726 ﬁdei
1397 2670 1720 2727 stabilitate
1751 2671 1979 2726 defecit.

476 2763 597 2818 VlI.
630 2763 783 2834 (Cap.
813 2763 890 2828 2.)
921 2760 1117 2816 Oratio
1149 2777 1277 2831 quas
1310 2758 1614 2815 Dominica
1658 2766 2051 2833 nuncupatur,

405 2851 547 2924 quia
573 2868 701 2907 eam
725 2849 1009 2907 Dominus
1030 2848 1248 2917 docuit,
1265 2849 1498 2921 quando
1529 2853 1732 2904 oratur
1758 2866 1790 2904 a
1812 2851 2050 2920 sanctis,

405 2940 550 2997 nihil
579 2956 725 3013 pene
743 2938 906 2996 aliud
937 2955 1113 3012 quam
1145 2938 1573 3010 perseverantia
1596 2939 1756 3011 posci
1788 2939 2055 3012 intelligi-

407 3029 811 3098 tur.(Dicimus
841 3028 1000 3084 enim
1024 3045 1037 3083 :
1065 3050 1095 3077 ‹‹
1116 3026 1525 3084 Sanctiﬁcetur
1556 3044 1769 3084 nomen
1799 3033 1988 3097 tuum,
2020 3052 2050 3081 »

404 3136 521 3175 non
541 3117 697 3190 quod
719 3120 990 3188 optemus
1028 3115 1145 3171 Deo
1169 3119 1234 3170 ut
1264 3115 1663 3171 sanctiﬁcatur
1690 3116 2053 3174 orationibus

1590 332 1593 335 λ
1626 305 2042 374 A‘MULONIS
2077 306 2325 371 EPISC.
2370 308 2605 373 LU-GD.

3708 312 3831 377 1‘36

2097 444 2152 510 Α
2183 443 2433 515 arquales
2454 443 2676 517 angelis
2707 443 2828 513 Dei,
2864 444 3124 500 nondum
3155 452 3292 518 ergo
3322 445 3478 502 sicut
3504 444 3564 502 in
3592 446 3739 509 caalo
3767 447 3831 504 in

2175 532 2261 588 eis
2284 532 2348 586 ﬁt
2366 532 2635 589 voluntas
2666 533 2785 589 Dei.
2824 534 3083 590 «Panem
3116 536 3383 590 nostrum
3410 533 3827 607 quotidianum

2177 642 2206 670 ‹‹
2228 620 2302 676 da
2322 621 2492 676 ﬂebis
2514 622 2700 678 hsdie.
2722 643 2749 672 »
2773 622 2927 694 (Cap.
2953 621 3028 695 4.)
3051 623 3216 678 Hunc
3238 638 3447 694 panem
3480 629 3675 680 autem
3700 623 3832 679 dari

2176 710 2344 765 nobis
2368 711 2629 782 quotidie
2649 711 3117 783 postulamus,ne
3137 712 3236 784 qui
3257 711 3314 766 in
3340 712 3571 768 Christo
3593 730 3828 780 sumus,

2173 803 2231 853 ct
2242 799 2566 857 Eucharisti
2574 818 2667 856 am
2683 801 2941 873 quotidie
2953 802 3025 857 ad
3039 801 3235 857 cibum
3252 802 3458 858 salutis
3480 803 3827 876 accipimus,

2170 891 2566 947 intercedente
2581 891 2779 963 aliquo
2800 890 3062 965 graviore
3082 890 3461 959 delicto,dum
3484 891 3738 948 abstenti
3768 898 3830 950 et

2172 995 2287 1034 non
2319 980 2823 1036 communicantes
2853 997 2888 1037 a
2917 979 3138 1037 caelesti
3168 996 3319 1053 pane
3349 979 3756 1054 prohibemur,
3791 998 3829 1038 a

2170 1066 2384 1123 Christi
2412 1083 2651 1139 corpore
2681 1082 3045 1140 separemur.
3090 1091 3117 1118 ‹‹
3149 1067 3393 1125 Dimitte
3425 1068 3597 1126 nobis
3627 1069 3827 1128 debita

2171 1177 2199 1205 «ι
2215 1156 2594 1224 nostra,sicut
2604 1161 2661 1213 et
2672 1173 2778 1213 nos
2790 1156 3119 1214 dimittibus
3139 1156 3503 1214 debitoribus
3528 1158 3767 1216 nostris.
3792 1182 3824 1210 »

2169 1245 2320 1317 (Cap.
2343 1246 2422 1316 5.)
2444 1247 2629 1313 Quam
2653 1246 2979 1303 necessarie
3012 1249 3230 1313 autem,
3253 1262 3431 1319 quam
3453 1248 3829 1321 providenter

2167 1337 2225 1390 et
2254 1333 2571 1391 salubriter
2599 1335 2987 1392 admonemur
3040 1336 3194 1407 quod
3226 1339 3558 1408 peccatores
3587 1354 3823 1409 sumus,

2168 1422 2268 1495 qui
2291 1440 2394 1496 pro
2418 1423 2670 1497 peccatis
2695 1440 2898 1497 rogare
2920 1423 3368 1497 compellimur?
3389 1429 3454 1482 ut
3474 1427 3615 1483 dum
3633 1425 3827 1484 indul-

2167 1512 2359 1586 gentia
2393 1513 2464 1568 de
2496 1512 2611 1570 Deo
2642 1513 2879 1586 petitur,
2912 1512 3281 1571 conscientias
3322 1532 3442 1572 sum
3473 1516 3711 1586 animus
3741 1534 3829 1575 re-

2166 1601 2456 1657 cordetur.
2490 1601 2572 1658 Ne
2604 1602 2736 1674 quis
2769 1602 2879 1658 sibi
2901 1602 3070 1675 quasi
3092 1602 3373 1661 innocens
3398 1602 3642 1678 placeat,
3675 1611 3734 1664 et
3759 1624 3826 1664 se

2165 1689 2490 1747 extollendo
2510 1690 2644 1764 plus
2670 1692 3210 1765 pereat,instruitur
3228 1696 3286 1750 et
3315 1692 3555 1751 docetur
3580 1709 3825 1770 peccare

2167 1796 2230 1836 se
2241 1780 2671 1853 quotidie,dum
2695 1779 2953 1854 quotidie
2973 1798 3076 1854 pro
3098 1782 3355 1856 peccatis
3366 1783 3613 1856 jubetur
3630 1801 3818 1842 orare.
3884 1786 3903 1847 ,'

2167 1868 2261 1925 Sic
2282 1869 2534 1943 denique
2554 1872 2611 1926 et
2629 1869 2886 1926 Joannes
2909 1869 2968 1925 in
2989 1870 3248 1943 Epistola
3268 1889 3378 1928 sua
3400 1889 3624 1945 ponens
3647 1873 3817 1930 dixit:

2169 1976 2197 2005 κ
2229 1956 2288 2011 Si
2321 1955 2643 2012 dixerimus
2700 1956 2840 2029 quia
2878 1962 3180 2030 peccatum
3213 1976 3330 2015 non
3360 1959 3673 2029 habemus,
3707 1978 3817 2018 nos

2169 2041 2388 2114 «ipsos
2435 2043 2794 2113 seducimus,
2835 2048 2894 2101 et
2948 2046 3159 2103 veritas
3210 2046 3270 2102 in
3329 2048 3499 2105 nobis
3556 2065 3673 2105 non
3729 2055 3822 2108 est

2168 2154 2197 2182 «
2229 2133 2275 2200 (I
2293 2132 2450 2188 Joan.
2484 2135 2546 2201 ι).
2573 2155 2600 2183 ››
2634 2133 2766 2214 Jam
2788 2149 2920 2190 vero
2942 2151 3075 2190 cum
3099 2135 3304 2191 dicunt
3323 2137 3680 2194 sancti:«Ne
3710 2148 3819 2196 nes

2169 2244 2197 2272 «
2212 2220 2430 2277 inferas
2444 2222 2502 2276 in
2521 2221 2922 2291 tentationem,
2938 2224 3040 2279 sed
3061 2223 3247 2280 libera
3262 2241 3369 2281 nos
3387 2243 3420 2281 a
3437 2226 3646 2297 male,»
3671 2229 3815 2300 quid

2166 2308 2325 2365 aliud
2348 2324 2527 2381 quam
2559 2313 2623 2364 ut
2651 2309 2709 2365 in
2741 2310 3050 2366 sanctitate
3080 2315 3449 2384 perseverent
3466 2315 3821 2385 precantur?

2164 2398 2311 2454 Nam
2334 2397 2591 2470 profecto
2612 2414 2888 2454 concesso
2910 2398 3025 2456 sibi
3044 2399 3154 2456 isto
3178 2400 3279 2457 Dei
3303 2401 3475 2471 dono,
3496 2403 3652 2475 quod
3687 2420 3818 2461 esse

2165 2487 2266 2542 Dei
2297 2488 2518 2543 donum
2550 2503 2685 2542 cum
2717 2488 2790 2543 ab
2822 2486 2920 2544 illo
2979 2489 3242 2561 poscitur
3297 2489 3443 2546 satis
3499 2494 3817 2566 aperteque

2164 2581 2563 2645 monstratur;
2597 2577 2709 2633 isto
2738 2593 2874 2650 ergo
2912 2594 3187 2634 concesso
3213 2578 3325 2634 sibi
3375 2578 3475 2635 Dei
3530 2580 3685 2637 dono
3738 2600 3817 2640 ne

2164 2668 2492 2723 inferantur
2504 2666 2563 2721 in
2578 2664 3160 2733 tentationem,nemo
3172 2673 3511 2725 sanctorum
3526 2687 3640 2725 non
3655 2676 3818 2728 tenet

2164 2773 2351 2830 usque
2381 2755 2440 2811 in
2485 2756 2663 2810 ﬁnem
2702 2755 3191 2827 perseverantiam
3235 2758 3583 2814 sanctitatis.
3614 2760 3815 2834 Neque

2162 2846 2319 2902 enim
2342 2844 2658 2917 quisquam
2683 2843 2743 2899 in
2765 2844 3062 2916 proposito
3082 2845 3414 2902 Christiano
3445 2863 3815 2919 perseverare

2161 2933 2412 3001 desistit,
2446 2931 2558 2987 nisi
2588 2931 2650 2987 in
2682 2930 3060 2987 tentationem
3110 2932 3383 3006 primitus
3411 2933 3715 2991 inleratur.
3749 2937 3812 2993 Si

2163 3039 2300 3097 ergo
2348 3021 2705 3078 concedatur
2757 3020 2809 3076 ei
2869 3021 3025 3093 quod
3084 3025 3233 3091 orat,
3263 3026 3329 3079 ut
3358 3041 3474 3081 non
3502 3023 3809 3095 inferatur,

2163 3113 2368 3184 utique
2397 3110 2456 3165 in
2487 3108 2946 3167 sanctiﬁcatione
2985 3127 3188 3183 quam,
3220 3111 3337 3169 Deo
3368 3113 3641 3184 donante,
3673 3131 3813 3187 peru

406 3179 647 3271 nostris,
678 3179 779 3260 sed
838 3203 994 3275 quod
1054 3206 1325 3276 petamus
1373 3203 1445 3259 ab
1488 3218 1557 3258 eo
1589 3207 1653 3258 ut
1680 3220 1893 3260 nomen
1923 3206 2052 3278 ejus
2081 3179 2124 3247 (ἶ
2164 3179 2334 3275 cepit,
2367 3198 2483 3256 Deo
2513 3198 2786 3267 donante,
2818 3179 3094 3271 persistit.

404 3292 809 3352 sancti'ﬁcetur
829 3292 889 3347 in
920 3291 1400 3348 nobis.therum
1423 3308 1458 3347 a
1476 3308 1591 3364 quo
1621 3292 1775 3348 Deus
1802 3294 2056 3351 sanctiﬁ-

406 3387 592 3450 catur,
626 3380 728 3454 qui
784 3379 909 3454 ipse
966 3378 1341 3436 sanctiﬁcat?
1368 3379 1481 3436 Sed
1528 3379 1668 3453 quia
1702 3380 1829 3454 ipse
1857 3382 2003 3439 dixit
2036 3400 2050 3440 :

408 3494 438 3523 «ι
468 3469 665 3527 Sancti
697 3474 902 3538 estote,
932 3469 1212 3542 quoniam
1241 3473 1300 3524 et
1328 3484 1434 3542 ego
1474 3474 1716 3527 sanctus
1744 3488 1900 3540 sum,
1932 3494 1960 3522 »
1994 3474 2052 3528 id

314 3572 317 3575 ‘
406 3558 661 3633 petimus
681 3563 743 3614 et
760 3562 1139 3631 rogamus,ut
1166 3556 1265 3630 qui
1296 3555 1356 3613 in
1388 3556 1681 3630 baptismo
1705 3560 2053 3616 sanctiﬁcati

404 3647 711 3718 sumus,in
723 3663 790 3704 eo
804 3647 962 3720 quod
982 3662 1111 3702 esse
1140 3645 1424 3719 cmpimus
1452 3663 1910 3720 perseveremus.
1926 3649 2055 3707 Haec

406 3738 605 3811 itaque
661 3736 1048 3793 sanctiﬁcatio
1078 3740 1147 3791 ut
1190 3735 1250 3791 in
1295 3735 1465 3792 nobis
1513 3741 1749 3793 maneat
1794 3754 2053 3796 oramus.

405 3828 476 3884 Et
500 3825 641 3900 quia
667 3825 952 3883 Dominus
974 3828 1032 3881 et
1052 3824 1237 3896 judex
1268 3828 1467 3881 noster
1494 3829 1699 3882 sanato
1734 3842 1769 3881 a
1796 3842 1858 3882 se
1887 3831 1945 3884 et
1971 3828 2055 3883 vi-

363 3915 634 3973 ~viﬁcato
683 3914 1100 3983 comminatur,
1129 3931 1245 3969 non
1305 3912 1663 3987 delinquere,
1698 3931 1771 3970 ne
1816 3914 1958 3987 quid
2001 3915 2054 3972 ei

404 4004 666 4060 deterius
696 4004 820 4073 ﬁat,
850 4002 1003 4059 hanc
1051 4002 1347 4059 continuis
1404 3997 1769 4061 orationibus
1823 4020 2054 4077 precem

407 4091 680 4159 facimus,
712 4091 823 4147 hoc
876 4091 1085 4148 diebus
1138 4108 1206 4147 ac
1250 4091 1520 4148 noctibus
1568 4092 1955 4165 postulamus,
1990 4096 2058 4149 ut

405 4179 792 4238 sanctiﬁcatio
862 4184 921 4236 et
991 4179 1325 4249 viviﬁcatio,
1383 4197 1511 4253 qua
1566 4182 1638 4237 de
1694 4180 1795 4238 Dei
1869 4181 2057 4255 gratia

405 4268 684 4338 sumit-ur,
742 4267 931 4341 ipsius
985 4268 1344 4341 protectione
1396 4272 1702 4337 servetur.)
1733 4270 1881 4338 Quid
1921 4287 2055 4327 cum

2230 3289 2379 3346 VIII.
2404 3288 2640 3361 (Cap.6.)
2662 3287 2787 3344 Non
2811 3288 3010 3345 dicant
3027 3289 3295 3347 homines
3315 3293 3809 3364 perseverantiam

2162 3380 2440 3452 cuiquam
2463 3377 2659 3433 datam
2681 3376 2940 3450 usquein
2954 3379 3151 3449 ﬁnem,
3173 3380 3285 3438 nisi
3299 3380 3573 3455 eumipsa
3585 3383 3813 3440 venerit

2163 3470 2322 3537 ﬁnis,
2347 3471 2406 3523 et
2434 3483 2836 3540 perseverasse
2886 3467 2979 3523 cui
3029 3468 3167 3523 data
3196 3473 3304 3538 est,
3338 3474 3601 3543 repertus
3633 3470 3812 3528 fuerit

2162 3574 2350 3631 usque
2370 3556 2429 3612 in
2452 3556 2650 3612 ﬁnem.
2676 3554 2939 3612 Dicimus
2960 3556 3176 3630 quippe
3196 3562 3424 3615 castum
3448 3575 3626 3631 quem
3656 3561 3817 3619 novi-

2163 3663 2297 3702 mus
2318 3642 2694 3721 castum,sive
2716 3642 2938 3713 sit,sive
2968 3661 3083 3701 non
3110 3645 3188 3702 sit
3216 3646 3274 3701 in
3306 3648 3512 3704 eadem
3540 3648 3815 3707 castitate

2164 3752 2501 3804 mansurus,
2533 3738 2592 3790 et
2619 3733 2669 3790 si
2700 3732 2841 3806 quid
2873 3732 3031 3790 aliud
3072 3734 3252 3791 divini
3283 3736 3545 3793 muneris
3573 3736 3813 3811 habeat,

2163 3825 2321 3899 quod
2352 3823 2535 3881 teneri
2567 3827 2624 3878 et
2651 3822 2840 3878 amitti
2866 3826 3076 3895 potest,
3109 3822 3362 3882 dicimus
3408 3841 3545 3883 eum
3592 3826 3815 3886 habere

2163 3912 2661 3987 quandiucunque
2702 3910 2917 3981 habet;
2950 3915 3010 3968 et
3040 3912 3090 3968 si
3120 3912 3403 3984 amiserit,
3436 3914 3692 3974 dicimus
3716 3916 3816 3974 ha-

2163 4003 2385 4059 buisse.
2421 3999 2915 4057 Perseverantiam
2970 4017 3105 4057 vero
3137 4017 3325 4074 usque
3350 4003 3409 4059 in
3441 4004 3642 4075 ﬁnem,
3674 4020 3821 4079 quo—

2164 4091 2324 4147 niam
2346 4106 2461 4146 non
2484 4088 2659 4145 habet
2676 4090 2994 4161 quisquam
3017 4089 3133 4146 nisi
3155 4089 3257 4163 qui
3279 4099 3607 4169 perseveret
3628 4111 3820 4169 usque

2163 4180 2223 4236 in
2238 4177 2617 4248 ﬁnem,multi
2640 4194 2769 4233 eam
2791 4182 3047 4250 possunt
3070 4179 3510 4251 habere,nullus
3522 4184 3818 4242 amittere.

2162 4270 2361 4342 Neque
2378 4266 2536 4324 enim
2559 4266 2941 4323 metuendum
2963 4272 3151 4336 est,ne
3164 4268 3311 4327 forte
3331 4287 3466 4328 cum
3488 4284 3821 4345 persevera-

406 4357 681 4426 dicimus,
718 4379 746 4410 «
774 4357 1060 4414 Adveniet
1106 4373 1355 4430 regnum
1413 4361 1604 4427 tuum,
1641 4381 1670 4410 »
1703 4375 1845 4415 num
1896 4359 2054 4415 aliud
2159 4357 2307 4414 verit
2326 4357 2500 4413 homo
2524 4371 2713 4427 usque
2735 4355 2794 4411 in
2819 4356 3020 4425 ﬁnem,
3043 4356 3244 4430 aliqua
3263 4358 3323 4415 in
3348 4376 3416 4417 eo
3441 4359 3597 4417 mala
3616 4361 3821 4418 volun-
3841 4346 3855 4363 I

286 4444 295 4449 ’
405 4446 705 4523 poscimus
762 4446 874 4502 nisi
928 4450 993 4502 ut
1040 4445 1235 4502 veniat
1276 4450 1334 4501 et
1362 4447 1552 4514 nobis,
1585 4448 1738 4520 quod
1769 4465 1897 4505 esse
1925 4465 2057 4505 ven-

2161 4452 2253 4503 tas
2278 4445 2518 4512 oriatur,
2548 4461 2619 4501 ne
2636 4450 2962 4517 perseveret
2992 4462 3179 4519 usque
3210 4447 3270 4503 in
3302 4449 3499 4506 ﬁnem.
3528 4450 3649 4507 Hoc
3678 4467 3818 4525 ergo

405 4541 605 4593 turum
665 4553 781 4593 non
838 4535 1182 4590 dubitamus
1237 4536 1513 4592 omnibus
1569 4537 1788 4594 sanctis
1819 4537 1847 4594 ?
1905 4540 2053 4611 Ergo
2083 4553 2132 4618 ι)
2163 4536 2262 4592 Dei
2286 4533 3445 4607 donumsuppliciteremereripotest,sed
3459 4554 3592 4593 cum
3607 4539 3817 4594 datum

406 4630 464 4680 et
486 4624 567 4695 hi,
596 4626 697 4697 qui
740 4626 867 4697 jam
918 4624 1105 4679 sancti
1165 4629 1325 4693 sunt,
1357 4625 1499 4696 quid
1529 4629 1716 4694 erant,
1749 4626 1861 4682 nisi
1895 4632 1961 4682 ut
1990 4629 2050 4683 in

406 4731 474 4769 ea
492 4713 803 4770 sanctitate
825 4731 951 4785 quae
986 4712 1105 4769 illis
1130 4713 1265 4769 data
1293 4718 1384 4769 est
1414 4720 1783 4786 perseverent
1800 4714 1828 4769 ‘2
1858 4716 2054 4788 Neque

408 4803 563 4858 enim
623 4800 791 4858 aliter
846 4803 1036 4857 veniet
1094 4819 1336 4875 regnum
1396 4803 1519 4871 Dei,
1552 4804 1719 4875 quod
1755 4821 1868 4859 non
1899 4804 2050 4873 aliis,

408 4892 509 4949 sed
540 4891 635 4948 his
666 4892 765 4964 qui
815 4896 1187 4964 perseverant
1242 4909 1428 4963 usque
1486 4892 1544 4947 in
1605 4894 1778 4948 ﬁnem
1829 4899 2053 4949 certum

407 4986 496 5037 est
551 4997 680 5038 esse
736 4985 1067 5036 venturum.
1104 4982 1252 5053 (Cap.
1286 4981 1363 5052 3.)
1398 5002 1426 5031 (ί
1468 4982 1593 5037 Fiat
1639 4981 1908 5038 voluntas
1958 4987 2057 5038 tua

412 5093 438 5120 ‹‹
471 5071 529 5125 in
561 5069 703 5127 cosio
734 5074 792 5126 et
820 5069 879 5125 in
910 5074 1083 5137 terra,
1119 5093 1146 5119 ››
1180 5069 1265 5124 vel
1305 5070 1457 5142 quod
1491 5070 1549 5124 in
1583 5070 1875 5142 plerisque
1904 5072 2058 5126 codi-

408 5159 575 5215 cibus
607 5159 838 5233 legitur,
860 5159 1167 5232 magisque
1192 5161 1265 5215 ab
1295 5160 1599 5215 orantibus
1631 5161 2052 5231 frequentatur,

412 5270 439 5299 «ι
462 5248 615 5304 sicut
638 5249 698 5303 in
740 5250 882 5305 caelo
906 5254 964 5306 et
994 5250 1054 5304 in
1089 5254 1264 5304 terra.
1298 5271 1326 5298 ››
1362 5249 1523 5315 Quod
1559 5247 1819 5320 plerique
1849 5249 2057 5304 intelli-

409 5337 735 5412 gunt,sicut
759 5338 948 5393 sancti
973 5336 1249 5410 angeli,et
1265 5354 1372 5391 nos
1394 5336 1678 5392 faciamus
1696 5336 2055 5394 voluntatem

407 5430 594 5492 tuam,
629 5428 693 5480 ut
722 5428 878 5481 terra
906 5427 1130 5482 scilicet
1177 5426 1442 5481 imitetur
1497 5425 1729 5492 cmlum,
1764 5426 1821 5481 id
1851 5432 1958 5494 est,
1992 5432 2059 5483 ut

411 5513 586 5570 homo
627 5512 922 5586 angelum,
954 5515 1043 5571 vel
1098 5515 1349 5571 inﬁdelis
1405 5514 1656 5570 ﬁdelem.
1690 5514 2061 5582 Quantalibet

411 5600 569 5664 enim
593 5600 861 5661 homines
883 5604 1192 5664 sanctitate
1213 5603 1607 5682 praepolleant,
1630 5605 1893 5665 nondum
1920 5611 2060 5671 sunt

2162 4623 2356 4690 fuerit,
2388 4622 2576 4679 amitti
2637 4622 3060 4691 contumaciter
3091 4642 3205 4679 non
3239 4630 3447 4697 potest.
3479 4626 3628 4682 Cum
3656 4626 3819 4683 enim

2164 4716 2491 4788 perseveret
2537 4711 2790 4785 quisque
2819 4729 3007 4783 usque
3035 4712 3097 4767 in
3128 4713 3329 4784 ﬁnem,
3364 4728 3552 4787 neque
3581 4715 3693 4771 hoc
3722 4716 3823 4771 do-

2164 4821 2307 4859 num
2322 4800 2809 4875 potestamittere,
2828 4817 2931 4857 nec
2944 4798 3059 4857 alia
3070 4818 3197 4873 quae
3212 4807 3439 4874 poterat
3450 4808 3583 4860 ante
3615 4804 3817 4861 ﬁnem.

2237 4892 2326 4948 IX.
2363 4891 2675 4963 Imperavit
2705 4890 2883 4958 Deus,
2902 4895 2965 4945 ut
2987 4890 3037 4945 ei
3060 4891 3246 4947 sancti
3272 4892 3400 4964 ejus
3430 4892 3629 4948 dicant
3653 4910 3824 4950 oran-

2166 4988 2281 5039 tes:
2314 5005 2339 5032 ‹‹
2355 4982 2435 5036 Ne
2458 4998 2564 5035 nos
2597 4980 2813 5035 inferas
2844 4979 2902 5034 in
2932 4981 3334 5037 tentationem.
3369 5005 3398 5032 ››
3429 4981 3616 5055 (Ιὺίἀ.)
3647 4982 3823 5048 Quis-

2166 5071 2300 5143 quis
2326 5068 2512 5142 igitur
2540 5068 2852 5123 exauditur
2884 5068 2991 5123 hoc
3023 5086 3292 5140 poscens,
3327 5087 3444 5127 non
3475 5070 3731 5127 infertur
3760 5072 3821 5127 in

2167 5157 2546 5217 contumaciae
2578 5157 2986 5225 tentationem,
3019 5174 3137 5230 qua
3168 5159 3354 5231 possit
3380 5160 3469 5217 vel
3501 5160 3719 5233 dignus
3741 5160 3824 5218 sit

2167 5246 2653 5322 perseverantiam
2686 5247 3017 5304 sanctitatis
3048 5249 3413 5307 amittere.At
3432 5250 3590 5307 enim
3618 5250 3826 5308 volun-

2166 5342 2284 5395 tate
2307 5354 2415 5392 sua
2436 5336 2689 5408 quisque
2719 5336 2935 5392 deserit
2955 5337 3243 5407 Deum,ut
3272 5340 3479 5397 merito
3510 5340 3826 5396 deseratur

2168 5445 2201 5484 a
2224 5428 2361 5495 Deo,
2395 5426 2530 5497 quis
2590 5424 2699 5479 hoc
2758 5426 3101 5498 negaverit?
3131 5428 3243 5483 Sed
3296 5428 3425 5485 ideo
3457 5429 3716 5501 petimus
3746 5446 3824 5486 ne

2166 5517 2491 5572 inferamur
2541 5512 2603 5568 in
2664 5515 3066 5587 tentationem,
3099 5520 3164 5572 ut
3221 5516 3329 5574 hoc
3362 5534 3479 5575 non
3508 5519 3632 5575 ﬁat.
3664 5517 3825 5576 Etsi

2168 5602 2743 5681 exaudimur,utique
2772 5621 2888 5663 non
2920 5606 3003 5678 ﬁt,
3038 5605 3176 5684 quia
3195 5606 3350 5667 Deus
3380 5624 3497 5667 non
3524 5607 3828 5685 permittit
