4120 6184
234 333 345 395 Mi

1496 336 1643 397 LIB.
1690 336 2002 399 CONTRA
2041 336 2388 402 JUD/EOS.

3529 351 3645 413 1‘42

229 500 2687 529 *Μ’-*Μ

1488 648 2395 757 Δινωιοιπε

654 841 1341 958 “EPISTOLA
1408 844 1644 961 seu
1711 847 2087 997 LIBER
2162 847 2646 963 CONTRA
2720 853 3232 970 JUDJEOS

1376 1040 1507 1108 AD
1574 1039 2057 1111 CAROLUM
2128 1042 2513 1113 REGEM.

1720 1198 2148 1211 m

290 1293 333 1349 Ι.
369 1293 735 1349 Detestanda
752 1254 1091 1350 Judzeorum
1125 1297 1388 1369 perﬁdia,
1412 1302 1469 1353 et
1493 1314 1696 1354 eorum
1727 1299 1882 1355 inter
1908 1300 1964 1366 Α
1995 1298 2266 1356 sissimos
2295 1299 2441 1368 dies,
2469 1299 2527 1354 in
2550 1299 2771 1372 quibus
2790 1299 3128 1356 abundante
3158 1298 3469 1372 iniquitate
3490 1300 3648 1355 refri-

221 1382 590 1438 Christianos
607 1383 972 1440 conversatio
987 1389 1277 1457 quantum
1301 1386 1377 1443 sit
1396 1387 1568 1443 noxia
1584 1387 1880 1457 ﬁdelibus,

220 1476 275 1527 et
300 1471 695 1527 ecclesiarum
727 1472 1069 1529 doctoribus
1097 1474 1446 1546 periculosa,
1475 1478 1631 1549 apud
1663 1476 1883 1534 multos

218 1559 591 1633 incognitum
613 1565 723 1631 est,
747 1578 863 1617 non
894 1562 1086 1620 solum
1110 1562 1379 1637 vulgares
1400 1569 1456 1621 et
1476 1564 1754 1637 plebeios,
1779 1567 1882 1622 sed

215 1650 391 1707 etiam
424 1649 659 1719 nobiles
689 1656 748 1707 et
774 1651 1113 1723 honoratos,
1136 1652 1588 1726 doctoszpariter
1606 1655 1694 1710 vel
1713 1654 1883 1710 indo-

217 1744 338 1796 etes
360 1755 376 1794 :
402 1742 463 1795 et
482 1740 641 1812 apud
660 1756 762 1796 eos
783 1739 1057 1810 maxime,
1082 1740 1238 1797 inter
1259 1758 1407 1814 quos
1439 1742 1602 1798 nulla
1622 1743 1883 1814 praefato-

217 1845 345 1885 rum
377 1827 716 1887 inﬁdelium
744 1830 1030 1887 habitatio
1052 1835 1152 1887 aut
1175 1826 1566 1904 frequentatio
1586 1837 1694 1888 est.
1719 1833 1883 1889 Unde

218 1918 621 1974 necessarium
652 1918 949 1987 duximus,
974 1924 1033 1975 et
1063 1924 1353 1992 quantum
1384 1921 1879 1994 religionisgdam-

218 2023 358 2062 num
408 2023 481 2063 ex
527 2022 735 2063 eorum
783 2008 1167 2080 permistione
1208 2007 1579 2067 Christianus
1626 2010 1881 2083 populus

217 2095 454 2164 sentiat,
481 2100 543 2152 et
573 2096 717 2167 quid
749 2097 821 2152 de
849 2097 936 2153 eis
965 2098 1396 2154 observandum
1426 2098 1515 2155 vel
1545 2098 1880 2172 divinaiau-

216 2183 581 2252 ctoritas,vel
598 2188 940 2257 sanctorum
961 2186 1199 2243 Patrum
1212 2187 1568 2244 venerabilia
1587 2189 1878 2259 instituta,

214 2272 297 2330 vel
328 2273 716 2345 antiquorum
749 2273 1085 2347 principum
1110 2274 1382 2349 religiosa
1402 2277 1593 2333 edicta
1611 2293 1881 2350 percepe-

213 2364 350 2428 rint,
380 2363 770 2435 praesentium
802 2362 1132 2421 litterarum
1164 2365 1403 2437 scriptis
1438 2364 1688 2422 breviter
1717 2382 1880 2422 com-

211 2450 579 2525 prehendere
598 2456 695 2509 :-et
715 2456 837 2508 tam
860 2469 963 2525 per
982 2470 1110 2522 nos,
1136 2471 1315 2527 quam
1338 2471 1441 2526 per
1460 2458 1714 2510 vestram
1738 2472 1879 2513 una-

215 2541 437 2598 nimem
490 2540 920 2597 fraternitatem
949 2547 1008 2598 et
1040 2543 1358 2598 fraternam
1409 2542 1881 2610 unanimitatem,

214 2631 285 2685 ad
315 2629 599 2688 notitiam
630 2630 899 2687 omnium
929 2630 1032 2704 qui
1064 2631 1235 2688 nobis
1269 2632 1329 2687 in
1362 2632 1611 2688 Domino
1642 2632 1880 2706 regendi

213 2719 522 2776 commissi
571 2722 734 2789 sunt,
752 2718 843 2776 vel
890 2719 1221 2792 cuicunque
1260 2738 1437 2777 nosse
1464 2720 1774 2792 voluerint,
1826 2726 1885 2779 et

214 2808 515 2863 valuerint
543 2808 868 2883 pervenire.

280 2898 352 2954 ll.
376 2898 467 2953 Ad
499 2913 682 2969 quam
714 2914 838 2954 rem
883 2898 1132 2955 sollicite
1163 2901 1555 2974 peragendam
1588 2900 1885 2956 constrin-

219 2987 299 3060 git
320 3003 433 3042 nos
452 2985 839 3043 vehementer
856 2987 986 3061 ipsa
1004 2988 1320 3060 pastoralis
1339 2989 1514 3046 ofﬁcii
1536 2982 1884 3058 necessitas;

217 3080 274 3131 et
292 3076 637 3131 animarum
661 3076 898 3144 damna,
915 3093 1085 3149 quas,
1102 3079 1273 3150 juxta
1292 3078 1621 3150 exemplum
1641 3079 1885 3151 Aposto-

218 3164 397 3233 li,Dei
416 3163 796 3221 mmulatione
817 3164 1405 3235 zelare,debemus,et
1426 3167 1498 3222 ab
1520 3166 1753 3223 insidiis
1774 3183 1887 3223 ser-

218 3255 413 3326 pentis
428 3252 791 3326 antiqui,qui
812 3270 1032 3313 veneno
1053 3254 1290 3311 malitia:
1310 3274 1430 3312 suae
1447 3255 1709 3313 ﬁdelium
1732 3273 1888 3312 men-

220 3346 310 3399 tes
339 3359 578 3416 semper
608 3343 927 3415 depravare
970 3349 1236 3413 conatur,
1260 3345 1509 3402 Domino
1550 3346 1885 3415 auxiliante,

222 3432 518 3487 custodire
540 3448 554 3486 :
579 3435 648 3487 ut
669 3432 931 3489 Ecclesia
951 3433 1057 3491 Dei
1075 3434 1211 3503 vivi,
1239 3451 1459 3506 sponsa
1475 3436 1645 3509 Agni,
1670 3437 1730 3491 in
1753 3435 1887 3491 ﬁdei

222 3525 281 3576 et
306 3520 614 3592 religionis
646 3520 1005 3590 sinceritate,
1028 3522 1268 3595 proprio
1310 3522 1433 3579 viro
1472 3522 1810 3596 incorrupta
1834 3526 1892 3579 et

223 3614 383 3666 casta
409 3611 703 3665 servetur.
727 3608 907 3666 Juxta
937 3611 1094 3682 quod
1146 3611 1305 3668 idem
1353 3611 1668 3684 Apostolus
1698 3612 1840 3667 dicit
1872 3629 1886 3667 :

231 3697 553 3754 IEmulor
593 3698 753 3754 enim
804 3715 907 3755 vos
955 3699 1057 3756 Dei
1108 3700 1484 3758 aamulatione
1540 3718 1553 3756 :
1606 3700 1891 3773 despondi

230 3811 254 3838 ι
285 3787 443 3844 enim
486 3804 593 3844 vos
651 3787 755 3843 uni
812 3788 938 3844 viro
988 3788 1276 3863 virginem
1337 3794 1561 3846 castam
1620 3790 1891 3845 exhibere

234 3897 258 3928 ι
287 3875 543 3932 Christo.
568 3875 772 3932 Timeo
802 3880 1001 3932 autem
1033 3894 1107 3933 ne
1138 3878 1293 3934 sicut
1321 3894 1562 3951 serpens
1592 3879 1770 3935 Evam
1801 3895 1891 3935 se-

239 3984 262 4013 ι
293 3966 459 4021 duxit
477 3964 702 4022 astutia
723 3981 852 4034 sua,
878 3964 964 4021 ita
984 3972 1444 4040 corrumpantur
1463 3985 1674 4024 sensus
1694 3967 1891 4029 vestri,

1991 1388 2177 1460 geseit
2206 1388 2464 1444 eharitas
2485 1387 2829 1458 multorum,
2852 1389 3029 1444 etiam
3054 1388 3236 1446 Isaias
3260 1389 3546 1462 propheta
3574 1388 3649 1445 si-

1990 1476 2250 1549 gniﬁcat,
2278 1476 2378 1532 ubi
2407 1477 2491 1532 ait
2522 1493 2535 1531 :
2566 1497 2592 1529 α
2616 1477 2680 1533 In
2704 1478 2796 1535 die
2827 1478 2928 1534 illa
2949 1478 3246 1535 auferetur
3274 1477 3526 1550 paxillus
3548 1478 3651 1551 qui
3762 1542 3769 1549 ,

1996 1587 2018 1615 ι
2054 1565 2205 1620 ﬁxus
2237 1565 2426 1621 fuerat
2454 1566 2515 1621 in
2545 1565 2670 1621 loco
2701 1566 2881 1635 ﬁdeli,
2909 1570 2967 1622 et
2994 1567 3317 1640 frangetur,
3346 1571 3404 1623 et
3432 1560 3652 1639 peribit

1995 1675 2018 1703 α
2054 1657 2113 1709 et
2141 1656 2309 1710 cadet
2339 1656 2493 1726 quod
2538 1656 2895 1728 pependerat
2942 1656 3002 1710 in
3053 1672 3140 1724 eo,
3174 1656 3316 1729 quia
3360 1656 3648 1714 Dominus

1996 1764 2018 1795 α
2051 1742 2284 1799 loeutus
2315 1747 2406 1799 est
2436 1745 2566 1814 (Isa.
2599 1761 2732 1813 xm,
2764 1745 2877 1816 25).
2906 1767 2929 1794 ιι

2065 1831 2161 1886 ΙΙΙ.
2196 1831 2457 1887 Primum
2488 1832 2683 1904 itaque
2726 1832 2871 1888 illud
2919 1834 2992 1888 ad
3041 1835 3386 1890 memoriam
3418 1835 3646 1892 reduci-

1990 1936 2146 1989 mus,
2176 1924 2241 1976 ut
2272 1921 2551 1993 recogitet
2576 1926 2633 1977 et
2663 1922 2986 1994 perpendat
3015 1923 3424 1999 unusquisque
3453 1923 3645 1983 ﬁdelis

1990 2009 2112 2081 qui,
2137 2014 2195 2065 et
2215 2010 2439 2082 quales,
2463 2015 2520 2067 et
2539 2027 2716 2083 quam
2739 2011 2977 2067 cavendi
3009 2012 3129 2068 sint
3149 2013 3221 2068 de
3242 2012 3457 2084 quibus
3487 2030 3644 2070 nunc

1988 2097 2318 2170 loquimur;
2353 2099 2409 2153 id
2458 2103 2566 2165 est,
2595 2100 2799 2171 perﬁdi
2850 2104 2908 2155 et
2956 2099 3285 2173 blasphemi
3331 2101 3539 2158 Judzei.
3562 2101 3644 2159 De

1990 2186 2137 2259 ipsis
2167 2187 2329 2244 enim
2360 2187 2645 2246 Dominus
2672 2189 2731 2244 in
2759 2189 3103 2263 Apocolypsi
3125 2190 3390 2261 Joannis,
3413 2190 3641 2263 angelo.
3756 2219 3765 2228 -

1990 2276 2049 2331 id
2080 2281 2170 2333 est
2201 2278 2492 2333 sacerdoti
2514 2277 2785 2336 Ecclesiae
2807 2279 3068 2352 Smyrna:
3096 2278 3377 2352 loquitur,
3400 2280 3602 2337 dicens
3626 2296 3640 2336 :

1995 2387 2017 2415 α
2054 2365 2182 2422 Scio
2214 2364 2656 2423 tribulationem
2685 2370 2870 2437 tuam,
2896 2372 2953 2423 et
2980 2372 3412 2441 paupertatem'
3431 2370 3533 2425 sed
3556 2369 3644 2425 di-

1996 2475 2018 2504 α
2052 2471 2152 2511 ves
2183 2471 2275 2523 es;
2311 2459 2368 2511 et
2396 2455 2828 2529 blasphemaris
2859 2457 2933 2513 ab
2962 2456 3056 2513 his
3086 2458 3188 2529 qui
3218 2474 3281 2514 se
3313 2458 3520 2524 dicunt
3546 2459 3646 2514 Ju—

1995 2562 2023 2595 ι
2054 2544 2207 2599 daeos
2237 2560 2387 2612 esse,
2407 2549 2466 2601 et
2486 2563 2602 2601 non
2626 2550 2786 2611 sunt,
2812 2546 2914 2603 sed
2937 2551 3078 2602 sunt
3098 2563 3398 2621 synagoga
3416 2547 3645 2605 Satanae

1996 2653 2017 2680 α
2053 2632 2235 2703 (Apoc.
2271 2651 2329 2704 ιι,
2362 2632 2438 2702 9).
2461 2653 2489 2685 ιι
2526 2634 2594 2689 Et
2649 2633 2864 2690 iterum
2910 2634 3130 2708 Angelo
3180 2634 3449 2693 Ecclesiae
3506 2636 3645 2691 Phi-

1990 2720 2296 2793 ladelphia:
2348 2721 2551 2777 scribit
2583 2739 2596 2779 :
2627 2743 2654 2776 α
2682 2724 2827 2779 Ecce
2877 2724 3026 2779 dabo
3075 2724 3146 2780 de
3192 2740 3492 2798 synagoga
3540 2725 3644 2780 Sa-

1998 2828 2022 2860 ι
2055 2813 2205 2865 tanae
2235 2809 2335 2882 qui
2358 2827 2421 2867 se
2452 2811 2657 2867 dicunt
2685 2811 2920 2868 Judaaos
2951 2829 3099 2882 esse,
3122 2816 3181 2868 et
3209 2830 3326 2868 non
3358 2814 3645 2884 sunt,'sed

1997 2920 2020 2949 ι
2056 2898 2461 2956 mentiuntur:
2487 2917 2619 2956 ecce
2664 2899 2877 2956 faciam
2924 2900 3056 2955 illos
3087 2904 3154 2956 ut
3182 2901 3438 2969 veniant,
3462 2906 3520 2957 et
3548 2902 3648 2956 ad-

1998 3007 2027 3040 α
2056 2991 2222 3043 orent
2252 2990 2387 3042 ante
2417 2988 2595 3060 pedes
2632 2992 2786 3057 tuos,
2810 2992 2867 3044 et
2906 2988 3093 3045 scient
3131 2989 3272 3061 quia
3316 3006 3422 3063 ego
3470 2988 3645 3044 dilexi

2001 3096 2029 3128 α
2057 3079 2114 3131 te
2143 3076 2324 3147 (Apoc.
2359 3092 2438 3144 ιιι,
2469 3075 2546 3147 9).
2575 3099 2596 3126 ι
2623 3076 2704 3131 De
2734 3075 2826 3132 his
2848 3092 2983 3149 ergo
3013 3094 3130 3132 non
3159 3075 3400 3147 Judazis,
3434 3082 3500 3134 ut
3529 3076 3643 3149 ipsi

1959 3201 1962 3204 η
1995 3165 2381 3234 mentiuntur,
2406 3164 2507 3221 sed
2540 3181 2839 3239 synagoga
2869 3167 3116 3234 Satanae,
3141 3166 3284 3223 dicit
3308 3167 3485 3224 etiam
3518 3167 3648 3224 bea-

1978 3258 2094 3309 tus
2126 3253 2340 3309 Paulus
2374 3254 2675 3326 apostolus
2707 3255 2779 3310 ad
2811 3254 3368 3312 Thessalonicenses
3400 3272 3414 3312 :
3444 3279 3464 3306 α
3501 3255 3649 3323 Quia

2002 3365 2024 3394 α
2051 3343 2254 3399 eadem
2272 3342 2432 3415 passi
2451 3342 2592 3399 estis
2609 3346 2666 3399 et
2676 3360 2776 3399 vos
2793 3362 2827 3399 a
2840 3343 3272 3401 contribulibus
3282 3345 3647 3416 vestris,qu:-s

2005 3453 2032 3486 α
2051 3436 2109 3488 et
2126 3432 2237 3503 ipsi
2256 3448 2290 3487 a
2303 3430 2654 3504 Judazis,qui
2671 3436 2728 3488 et
2738 3432 3053 3488 Dominum
3068 3433 3407 3489 occiderunt
3420 3434 3646 3503 Jesum,

2004 3541 2032 3574 α
2052 3524 2110 3577 et
2124 3520 2444 3592 prophetas
2464 3537 2477 3575 :
2498 3525 2554 3575 et
2570 3538 2676 3577 nos
2696 3522 2986 3594 persecuti
3011 3525 3235 3592 sunt,et
3254 3522 3372 3578 Deo
3396 3539 3511 3577 non
3532 3521 3652 3594 pla-

2004 3630 2027 3659 ι
2053 3609 2202 3675 cent,
2219 3610 2277 3663 et
2302 3606 2578 3662 omnibus
2613 3606 2955 3664 hominibus
2994 3609 3406 3679 adversantur;
3452 3608 3649 3687 prohi-

2007 3715 2029 3745 ι
2054 3696 2258 3752 bentes
2276 3713 2383 3752 nos
2401 3696 2677 3769 gentibus
2690 3695 2847 3768 loqui
2866 3695 3110 3752 utsalvaa
3127 3697 3654 3770 ﬁant,etimpleant

2005 3807 2027 3835 α
2053 3788 2292 3859 peccata
2312 3801 2421 3841 sua
2444 3801 2676 3856 semper
2699 3800 2711 3838 :
2738 3783 3000 3855 pervenit
3026 3788 3224 3840 autem
3244 3784 3333 3839 ira
3351 3783 3453 3841 Dei
3475 3799 3652 3855 super

2009 3894 2036 3927 α
2065 3890 2163 3929 eos
2194 3889 2383 3945 usque
2429 3872 2489 3926 in
2537 3872 2715 3927 ﬁnem
2744 3871 2796 3942 (I
2827 3871 3003 3927 Thess.
3036 3887 3095 3941 ιι,
3130 3872 3218 3941 14,
3252 3871 3338 3940 15,
3376 3871 3484 3939 16).
3509 3892 3532 3922 ι
3570 3870 3652 3927 De

2003 3960 2221 4017 talibus
2252 3967 2307 4016 et
2336 3962 2544 4017 beatus
2569 3960 2824 4018 Joannes
2853 3960 2914 4016 in
2938 3957 3199 4033 Epistola
3225 3976 3353 4028 sua,
3378 3956 3652 4015 ﬁdelibus

238 4070 262 4098 ι
290 4056 346 4105 et
385 4050 664 4107 excidant
713 4068 748 4106 a
792 4050 1174 4125 simplicitate
1220 4071 1348 4126 quae
1403 4059 1494 4112 est
1546 4055 1608 4111 in
1658 4055 1887 4112 Christo
1917 4041 1960 4109 C
2000 4048 2281 4123 praecipit,
2314 4047 2514 4105 dicens
2548 4066 2561 4105 :
2595 4068 2616 4098 ι
2647 4048 2706 4105 Si
2754 4049 2889 4121 quis
2918 4048 3074 4105 venit
3120 4049 3193 4105 ad
3242 4066 3365 4118 vos,
3397 4052 3455 4105 et
3499 4047 3651 4104 hanc

238 4162 261 4189 ι
294 4141 361 4209 (II
382 4140 506 4196 Cor.
531 4156 610 4208 xx,
630 4143 689 4208 2,
712 4140 823 4213 3).:
852 4141 1017 4208 Quod
1040 4142 1290 4198 maxime
1312 4143 1482 4200 nobis
1505 4145 1890 4201 metuendum

231 4245 379 4297 esse,
399 4230 499 4302 qui
522 4230 586 4285 in
606 4229 702 4285 his
722 4230 1063 4288 novissimis
1083 4234 1141 4287 et
1160 4232 1507 4304 periculosis
1528 4233 1892 4306 temporibus

232 4318 457 4374 occulto
476 4317 583 4374 Dei
594 4318 824 4389 judicio
846 4318 1115 4377 Ecclesia:
1137 4322 1401 4395 regimen
1433 4322 1625 4378 sortiti
1657 4339 1891 4391 sumus,

233 4410 484 4464 testatur
511 4407 654 4464 alibi
686 4409 843 4466 idem
874 4409 1000 4482 ipse
1021 4408 1357 4482 Apostolus,
1379 4414 1437 4465 et
1464 4410 1782 4467 imminens
1803 4427 1897 4483 pe-

238 4495 485 4552 rieulum
507 4502 711 4569 aperte
741 4498 1067 4568 denuntiai,
1089 4498 1327 4555 dicens:
1358 4522 1379 4549 ιι
1413 4498 1666 4571 Spiritus
1696 4504 1895 4556 autem

243 4603 269 4631 ι
301 4584 611 4641 manifeste
650 4584 812 4655 dicit,
839 4587 996 4659 quod
1046 4586 1107 4641 in
1146 4587 1487 4644 novissimis
1535 4588 1897 4659 temporibus

239 4695 264 4722 α
300 4672 604 4730 discedent
631 4675 875 4746 quidam
920 4692 956 4731 a
1000 4675 1137 4747 ﬁde,
1170 4677 1543 4733 attendentes
1591 4676 1898 4750 spiritibus

244 4781 267 4809 ι
300 4763 536 4832 erroris,
569 4767 631 4819 ει
671 4762 957 4820 doctrinis
1004 4764 1451 4834 daemoniorum,
1496 4765 1554 4821 in
1602 4766 1899 4839 hypocrisi

243 4870 269 4899 σ
304 4852 675 4923 loquentium
714 4852 1113 4924 mendacium,
1152 4858 1211 4911 et
1247 4854 1629 4911 cauteriatam
1678 4856 1901 4912 haben-

2006 4162 2027 4190 α
2063 4137 2389 4194 doctrinam
2407 4155 2521 4194 non
2547 4138 2733 4209 affert,
2751 4138 2928 4195 nolite
2950 4138 3204 4211 recipere
3219 4155 3355 4194 eum
3379 4138 3438 4194 in
3457 4138 3650 4207 domo,

2007 4251 2029 4279 ι
2067 4243 2171 4283 nec
2192 4242 2292 4283 ave
2311 4227 2363 4282 ei
2386 4227 2648 4284 dixeritis
2669 4244 2681 4283 :
2708 4227 2807 4300 qui
2824 4229 2980 4283 enim
2997 4228 3140 4284 dicit
3158 4227 3244 4284 illi
3262 4244 3383 4298 ave,
3399 4244 3657 4285 commu-

2008 4339 2031 4370 ι
2066 4316 2223 4373 nieat
2254 4314 2528 4388 operibus
2568 4315 2729 4372 illius
2771 4316 3048 4390 malignis
3080 4318 3151 4390 (II
3173 4319 3330 4376 Joan.
3367 4319 3453 4388 10,
3488 4317 3598 4391 11).
3623 4340 3648 4372 ι

2004 4406 2169 4474 Quod
2198 4405 2335 4461 licet
2380 4404 2649 4461 nonnulli
2697 4406 3108 4462 tantummodo
3139 4407 3209 4462 de
3237 4405 3527 4463 hmreticis
3556 4404 3658 4478 qui

2005 4497 2076 4553 ab
2115 4494 2373 4552 Ecclesia
2423 4499 2810 4564 recesserunt,
2834 4499 2892 4551 et
2921 4494 3136 4550 Christi
3181 4493 3317 4551 ﬁdei
3363 4495 3658 4551 contraria

2005 4587 2235 4653 docent,
2261 4583 2484 4641 dictum
2515 4588 2749 4657 putent;
2784 4601 2890 4639 nos
2910 4588 3108 4639 tamen
3136 4582 3445 4655 vigilanter
3473 4582 3660 4640 consi-

2007 4677 2208 4731 derare
2239 4675 2547 4742 debemus,
2581 4674 2736 4744 quod
2769 4671 2994 4731 nullam
3034 4670 3432 4744 exceptionem
3462 4672 3662 4731 fecerit

2005 4762 2342 4836 Apostolus,
2375 4763 2475 4818 sed
2520 4760 2870 4835 generaliter
2900 4761 2970 4817 de
3008 4761 3286 4819 omnibus
3331 4763 3659 4820 doctrinam

2008 4851 2224 4909 Christi
2253 4850 2668 4923 respuentibus
2699 4850 2907 4906 dixerit
2931 4867 2978 4906 ξι
3005 4850 3064 4907 Si
3096 4851 3231 4924 quis
3250 4852 3409 4908 venit
3438 4853 3509 4907 ad
3536 4869 3655 4921 vos,

246 4957 269 4985 ι
304 4939 451 4995 tium
483 4956 655 4997 suam
687 4940 1110 4998 conscientiam
1142 4943 1188 5012 (I
1224 4944 1359 4999 Tim.
1398 4959 1469 5010 IV,
1498 4944 1571 5013 1).
1596 4964 1621 4996 ιο
1652 4944 1815 5001 Unde
1845 4948 1903 5001 et
2016 4963 2037 4993 ι
2071 4946 2129 4997 et
2157 4941 2310 4996 hanc
2341 4939 2669 4995 doctrinam
2701 4958 2816 4996 non
2848 4940 3034 5012 affert,
3062 4964 3083 4993 ι
3122 4944 3179 4996 et
3207 4944 3431 4996 caetera.

240 5025 528 5084 Dominus
566 5029 630 5084 in
677 5029 1010 5104 Evangelia,
1044 5031 1308 5086 omnium
1360 5032 1621 5088 ﬁdelium
1671 5039 1900 5089 mentes

240 5119 444 5186 terret,
466 5122 526 5173 et
561 5124 909 5191 praemonet,
936 5119 1136 5176 dicens
1172 5136 1185 5176 :
1217 5141 1239 5169 α
1263 5121 1679 5177 Verumtamen
1721 5122 1901 5178 Filius

243 5225 268 5254 ς
297 5204 556 5262 hominis
572 5208 814 5263 veniens
834 5211 1008 5280 putas
1030 5207 1284 5263 inveniet
1300 5209 1476 5264 fidem
1497 5210 1555 5263 in
1574 5215 1730 5266 terra
1745 5215 1897 5280 (Luc.

242 5316 268 5343 ι
306 5310 464 5363 xvm,
487 5295 581 5365 8)?
604 5321 628 5348 ι
657 5295 776 5351 Hoc
815 5312 1070 5368 namque
1110 5300 1367 5369 tempus,
1391 5301 1447 5352 et
1476 5296 1584 5354 hos
1624 5298 1904 5371 periculo-

2081 5029 2175 5085 lV.
2201 5029 2260 5084 Si
2292 5028 2425 5101 quis
2456 5034 2653 5084 autem
2694 5028 2836 5085 illud
2880 5029 3051 5085 nobis
3079 5028 3339 5101 opponit,
3365 5027 3517 5098 quod
3548 5027 3659 5083 iste

2010 5134 2202 5174 sermo
2232 5117 2523 5186 veniendi,
2549 5135 2666 5189 quo
2693 5118 2916 5173 dictum
2948 5121 3056 5173 est.
3090 5137 3111 5165 α
3147 5116 3206 5172 Si
3237 5116 3369 5188 quis
3397 5116 3556 5172 venit
3586 5117 3658 5172 ad

2008 5225 2132 5276 vos,
2161 5230 2181 5257 ι
2210 5206 2442 5279 proprie
2473 5208 2904 5279 quodammodo
2937 5206 3007 5261 de
3040 5204 3203 5260 falsis
3234 5204 3570 5263 doctoribus
3601 5205 3661 5262 in

2011 5295 2331 5370 Scripturis
2354 5295 2489 5367 poni
2511 5295 2716 5365 soleat,
2743 5298 2813 5352 de
2844 5293 3058 5367 quibus
3084 5298 3141 5349 et
3169 5293 3455 5352 Dominus
3478 5296 3621 5352 dicit
3647 5313 3661 5353 :

314 5430 341 5455 ³
372 5418 534 5493 Hune
556 5419 773 5493 librum
791 5421 902 5493 sub
926 5420 1161 5493 nomine
1184 5420 1406 5493 Rabani
1432 5421 1615 5477 Mauri
1640 5422 1903 5479 ediderat
1931 5410 1979 5475 Ι)
2012 5440 2214 5487 sensu,
2242 5426 2368 5475 tum
2400 5438 2469 5476 ex
2489 5420 2624 5493 styli
2645 5417 3151 5493 dissimilitudine,
3177 5419 3416 5476 Rabano
3442 5421 3671 5493 abjudi-

238 5490 456 5564 Petrus
479 5491 1400 5564 FranciscusChifﬁetius;critici
1422 5510 1555 5548 vero
1578 5493 1907 5564 plurimi,et
2015 5495 2271 5550 eandum
2310 5489 2664 5564 censuerunt
2706 5489 3071 5564 et_Amul_oni
3108 5496 3307 5564 nostro
3354 5489 3667 5551 restituen-

237 5560 301 5617 hi
325 5562 526 5635 magni

242 5632 493 5694 raria'G

619 5563 840 5631 nderis,
857 5563 1011 5619 inter
1025 5580 1174 5636 quos
1191 5568 1458 5636 auctores
1474 5563 1737 5620 Historia:
1758 5566 1906 5630 litte-

576 5634 666 5707 iae,
690 5639 816 5693 tum
838 5651 907 5694 ex
932 5634 1466 5711 manuscriptorum
1493 5636 1756 5696 unanimi
1777 5655 1909 5699 eon-

2016 5566 2179 5636 dum.
2204 5566 2359 5632 Quos
2406 5561 2732 5636 sequimur.
2762 5560 2908 5620 Vide
2958 5561 3274 5623 Historiam
3322 5564 3668 5627 litterariam

2016 5635 2233 5700 Gallia.
2266 5636 2423 5703 Enrr.
