4094 6186
458 298 577 394 ω

1678 326 2082 394 Amm
2114 324 2367 397 EPISC.
2408 332 2646 399 LU’GD.

3746 336 3863 398 m

463 487 493 523 α
522 464 820 526 Attendite
843 466 1062 525 al‘alsis
1091 463 1409 540 prophetis,
1433 465 1533 538 qui
1562 465 1806 524 veniunt
1825 466 1898 523 ad
1920 483 2023 524 vos
2035 465 2103 522 in
2132 466 2189 535 λ
2215 467 2334 540 gio,
2365 471 2423 526 et
2445 469 2573 540 ejus
2612 468 2884 526 Ecclesia:
2915 467 3369 526 communicatio
3400 485 3529 542 quo:
3581 468 3867 527 catholica

463 581 486 609 ι
518 557 887 615 vestimentis
926 555 1144 626 ovium,
1177 554 1534 612 intrinsecus
1573 559 1769 614 autem
1817 560 1957 614 sunt
1982 555 2107 630 lupi

463 671 486 700 α
522 663 762 722 rapaces
792 645 996 717 (Matth.
1039 660 1139 712 vn,
1172 644 1267 714 i5;
1314 666 1337 695 ιι
1391 648 1449 702 et
1505 644 1718 702 iterum
1769 661 1785 703 ς
1824 664 1857 699 ι
1890 644 2108 703 Omnes

460 756 488 791 ρ
517 739 805 811 quotquot
828 739 1139 804 venerunt,
1164 734 1323 792 fures
1354 738 1495 791 sunt
1536 740 1594 791 et
1642 734 1895 792 latrones
1926 736 2103 806 (Joan.

453 843 510 897 x,
533 826 623 899 8);
651 848 674 876 ι
708 825 864 899 legat
886 823 1111 889 librum
1155 823 1311 881 beati
1341 822 1678 897 Augustini,
1704 827 1905 881 contra
1921 824 2107 897 quin-

454 932 569 991 que
626 916 877 973 haireses
926 913 1381 988 prsetitulatum;
1444 914 1503 969 id
1558 917 1666 983 est,
1718 931 2103 987 paganorum,

453 1007 818 1075 Judteorum,
846 1004 1323 1072 Manichazorum,
1356 1002 1843 1071 Sabellianorum,
1864 1003 2107 1061 Ariano-

455 1112 590 1153 rum
622 1112 637 1152 :
670 1098 729 1152 et
753 1093 1052 1151 evidenter
1075 1095 1354 1165 agnoscet
1382 1092 1616 1149 Judasos
1646 1091 1826 1148 falsos
1854 1109 1984 1148 esse
2012 1093 2111 1148 do-

455 1190 669 1255 cteros,
700 1187 760 1240 et
788 1183 941 1240 inter
969 1186 1208 1239 caeteros
1254 1180 1555 1237 haereticos
1601 1181 1900 1254 deputari;
1931 1184 1990 1238 et
2020 1181 2107 1237 id-

455 1275 611 1336 circo
626 1275 687 1331 in
697 1271 871 1331 omni
885 1268 1182 1344 colloquio
1204 1274 1385 1344 atque
1404 1270 1693 1341 convictu,
1714 1282 1999 1328 consessu
2014 1271 2109 1328 vel

455 1358 849 1447 processum!
870 1359 1214 1434 oscuioiper
1236 1375 1365 1435 quis
1395 1359 1636 1434 plurimi
1654 1361 1743 1418 eis
1770 1360 2111 1432 adluantur)

328 1484 343 1497 ο
453 1456 741 1530 tanquam
772 1450 1081 1510 haereticos
1104 1464 1240 1507 esse
1263 1450 1587 1520 cavendos;
1612 1450 1734 1507 imo
1772 1453 1842 1507 et
1880 1450 2111 1524 peiores

451 1543 747 1605 hmreticis
776 1559 791 1599 :
817 1542 971 1600 Sicut
984 1555 1090 1597 eos
1118 1538 1376 1596 Ecclesia
1388 1538 1683 1597 catholica
1704 1555 1836 1596 esse
1857 1539 2108 1612 judicat,

456 1642 586 1710 quas
610 1634 675 1691 in
701 1630 915 1689 diebus
944 1628 1261 1687 Dominicse
1286 1628 1607 1703 passion-is,
1630 1632 1764 1702 post
1784 1628 2108 1699 hereticos,

454 1729 514 1789 et
543 1719 972 1788 schismaticos,
996 1719 1054 1774 et
1082 1732 1263 1790 prope
1288 1732 1553 1791 paganos
1580 1732 1689 1791 pro
1715 1718 1799 1775 eis
1822 1722 1978 1792 orat,
2000 1717 2111 1776 hoc

455 1811 630 1910 modo
659 1810 930 1908 patenter
948 1806 1276 1906 ostendens
1307 1820 1406 1910 eos
1430 1809 1495 1908 et
1518 1807 1751 1910 pejores
1772 1822 1910 1864 esse
1937 1807 2114 1910 hisre-
2140 1842 2190 1910 Β

450 1899 611 1971 tiols,
631 1902 701 1957 et
726 1896 1026 1974 protinus
1042 1894 1316 1970 paganis.
1334 1896 1488 1963 Quia
1503 1895 1777 1953 videlicet
1804 1896 2108 1970 proprium

452 2000 586 2053 esse
596 1985 754 2048 sciet
776 1985 1206 2052 haereticorum,
1224 1985 1297 2041 de
1315 1982 1565 2050 Domino
1585 1986 1726 2042 Jesu
1746 1986 1980 2044 Christo
2005 1985 2108 2045 Dei

454 2072 602 2140 ﬁlio
623 2077 890 2151 quasdam
904 2088 1064 2145 vera,
1079 2070 1350 2148 quaedam
1364 2072 1521 2131 falsa
1532 2074 1754 2132 sentire
1775 2092 1787 2132 :
1806 2076 2108 2150 preprium

456 2172 652 2227 autem
673 2164 1031 2236 (Iudaeorum,
1049 2166 1263 2220 cuneta
1290 2163 1362 2219 de
1388 2160 1489 2220 illo
1509 2162 1665 2221 falsa
1674 2166 1940 2236 credere;
1966 2164 2109 2224 dum

454 2258 624 2320 illum
642 2259 702 2314 et
716 2253 902 2313 Deum
916 2251 1085 2311 nullo
1102 2252 1281 2309 modo
1302 2268 1430 2310 esse
1451 2253 1716 2326 credunt,
1731 2259 1789 2311 et
1804 2254 2109 2313 hominem

451 2348 687 2407 tantum
716 2341 1049 2403 canimunis
1078 2345 1323 2413 naturae,
1348 2340 1407 2398 id
1437 2346 1546 2412 est,
1564 2358 1642 2399 ex
1659 2342 1784 2401 viro
1805 2346 1863 2400 et
1893 2344 2111 2402 femina

452 2440 825 2515 procreatum
845 2432 1037 2491 adhuc
1057 2431 1439 2505 suspicantur
1454 2434 1959 2501 venturum.Quod
1973 2445 2108 2490 vero

452 2540 641 2587 unum
659 2522 853 2603 Deum
867 2521 1229 2581 conditorem
1251 2520 1518 2578 omnium
1538 2521 1913 2593 confitentur,
1928 2523 2107 2581 etiam

451 2616 743 2675 idolorum
762 2612 1029 2671 ‘cui'tores
1056 2626 1273 2685 negare
1300 2627 1423 2667 non
1454 2610 1665 2668 solent.

518 2702 592 2762 ν.
624 2700 790 2762 lﬁnde
818 2706 876 2760 et
901 2701 1179 2778 prwfatus
1204 2699 1561 2758 venerabilis
1593 2700 1824 2770 Doctor,
1849 2700 2004 2758 libro
2036 2700 2107 2759 de

450 2810 587 2857 vera
622 2792 903 2869 religione
933 2790 1086 2864 (Lup.
1114 2788 1195 2864 5),
1228 2794 1481 2864 quatuor
1508 2790 1742 2848 ordines
1780 2791 2106 2849 errantium

450 2874 724 2946 ordinum
737 2880 1094 2941 omnimodis
1109 2881 1396 2937 cavendcs
1406 2878 1815 2937 inﬁhristiana
1830 2880 2107 2954 religione

443 2974 822 3036 commendat
848 2974 906 3029 et
927 2966 1211 3039 inculcat,
1244 2970 1448 3027 dicens
1481 2986 1496 3026 :
1528 2991 1551 3023 ι
1578 2968 1780 3042 Neque
1806 2968 1869 3026 in
1896 2969 2106 3027 con‘fu-

442 3062 609 3121 sione
632 3072 1024 3136 paganorum,
1042 3072 1239 3130 neque
1266 3057 1328 3114 in
1369 3058 1776 3130 purgamentis
1803 3058 2105 3116 haeretico-

2215 560 2323 627 est,
2357 560 2414 612 et
2442 557 2728 616 catholica
2764 558 3105 616 nominatur
3148 575 3264 615 non
3314 557 3507 615 solum
3538 576 3573 615 a
3599 558 3747 630 suis,
3779 576 3869 616 ve-

2216 662 2349 701 rum
2374 646 2557 705 etiam
2584 647 2660 704 ab
2691 647 2967 705 omnibus
2998 647 3277 706 inimicis.

2285 734 2381 791 VI.
2413 736 2591 793 Juxta
2626 736 2749 794 haec
2778 738 2953 795 verba
3001 737 3189 794 sancti
3236 736 3499 794 Doctoris
3547 742 3606 793 et
3656 738 3867 805 Patris,

2216 825 2563 899 repudiandi
2593 831 2734 884 sunt
2762 827 2859 883 isti
2889 843 3094 885 onmes
3114 827 3199 899 (in
3224 827 3465 900 quibus,
3488 832 3547 884 et
3575 844 3713 883 cum
3745 828 3898 900 qui-.

2216 913 2329 970 bus
2349 915 2525 971 etiam
2545 916 2784 987 Judaei);
2816 920 2873 973 et
2902 917 2984 973 ita
3013 917 3424 973 tantummodo
3454 916 3676 973 eisdem
3710 922 3875 972 uten-

2217 1001 2360 1059 dum
2390 1006 2481 1059 est
2507 1002 2777 1061 Ecclesiae
2808 1004 2931 1073 Dei,
2955 1008 3021 1060 ut
3047 1002 3178 1076 ipsa
3219 1003 3508 1077 proficiat,
3529 1008 3596 1059 ut
3625 1003 3711 1058 illi
3743 1020 3870 1059 cor-

2216 1090 2503 1164 rigantur,
2528 1095 2593 1147 ut
2638 1108 2707 1148 ex
2743 1108 2946 1149 eorum
2993 1093 3427 1165 comparatione
3475 1091 3868 1165 pulchrescat,

2217 1197 2333 1237 non
2363 1196 2432 1237 ex
2461 1197 2665 1238 eorum
2684 1182 2864 1255 (quod
2887 1182 3062 1252 absit)
3083 1181 3529 1256 participatione
3545 1182 3870 1239 sordescat.

2217 1270 2524 1343 Tanquam
2545 1270 2743 1327 hostes
2774 1270 2931 1327 enim
2952 1270 3077 1343 Dei,
3095 1275 3160 1327 et
3183 1271 3410 1327 inimici
3432 1271 3633 1328 erucis
3646 1271 3873 1328 Christi

2217 1358 2437 1415 vitandi
2459 1360 2697 1429 sun-t,de
2712 1359 2929 1433 quibus
2940 1360 3070 1434 ipse
3084 1360 3377 1417 Dominus
3389 1360 3668 1417 Christus
3685 1360 3871 1417 dicit:

2219 1467 2249 1497 ι
2272 1447 2391 1515 Qui
2422 1465 2539 1505 non
2567 1453 2659 1506 est
2701 1464 2962 1522 mecum,
2988 1453 3198 1505 contra
3226 1464 3322 1506 me
3361 1454 3459 1506 est
3487 1453 3592 1506 :et
3614 1448 3725 1521 qui
3748 1464 3874 1506 non

2220 1556 2250 1588 ι
2280 1536 2505 1611 colligit
2536 1553 2772 1595 mecum
2801 1537 3095 1613 dispergit
3113 1540 3267 1610 (Luc.
3292 1557 3350 1609 ιι,
3372 1536 3486 1609 23).
3510 1542 3754 1606 agnam
3782 1542 3876 1598 at-

2218 1631 2375 1685 tente
2394 1632 2592 1687 autem
2608 1628 2861 1686 istorum
2884 1628 3177 1686 consortia
3200 1627 3482 1702 fugienda
3501 1627 3643 1697 sint,
3655 1629 3876 1686 beatus

2218 1717 2475 1775 Joannes
2504 1717 2828 1790 apostolus,
2863 1733 2980 1774 non
3000 1716 3198 1774 solum
3224 1716 3421 1774 verbis
3446 1719 3538 1789 (ut
3558 1732 3750 1791 mpm
3771 1733 3877 1791 pe-

2217 1807 2492 1877 suimus),
2517 1806 2616 1863 sed
2650 1807 2826 1865 etiam
2852 1806 3141 1879 exemplis
3166 1806 3403 1863 edocuit
3434 1822 3447 1864 :
3470 1804 3636 1863 sicut
3658 1807 3876 1864 beatus

2220 1897 2482 1954 irenaeus
2494 1896 2756 1953 ecclesiae
2783 1895 3196 1970 Lugdunensis
3216 1895 3668 1970 antiquissime
3685 1896 3880 1970 penti-

2215 1986 2331 2055 i'ex,
2355 1990 2413 2044 et
2449 1986 2668 2060 Martyr
2703 1985 3014 2058 gloriosus,
3048 1986 3108 2042 in
3148 1984 3314 2043 libris
3345 1985 3490 2054 suis,
3516 1986 3596 2041 de
3616 2001 3690 2042 se
3718 1985 3874 2059 ipso,

2218 2080 2277 2134 et
2304 2077 2377 2133 de
2399 2077 2572 2133 beato
2602 2076 2917 2149 Polyoarpo
2935 2073 3233 2148 discipulo
3270 2075 3398 2147 ejus
3437 2074 3644 2132 scribit
3662 2074 3783 2131 ιῶ.
3814 2090 3877 2132 m

2217 2166 2341 2223 adv.
2372 2165 2611 2236 ham-ac.
2634 2166 2710 2237 3),
2726 2164 2938 2221 dicens
2962 2180 2976 2220 :
3000 2164 3353 2239 Polycarpus
3390 2164 3491 2236 qui
3532 2178 3649 2220 non
3679 2163 3877 2220 solum

2218 2256 2291 2313 ab
2322 2253 2602 2328 apostolis
2628 2254 2900 2312 eruditus
2938 2257 3052 2322 est,
3078 2258 3142 2311 et
3162 2257 3546 2311 conversatus
3592 2266 3730 2311 cum
3779 2253 3878 2310 his

2215 2344 2321 2418 'q'ui
2353 2343 2671 2401 Dominum
2698 2342 2988 2414 viderant,
3008 2343 3112 2402 sed
3134 2346 3192 2399 et
3211 2344 3285 2400 ab
3315 2341 3460 2415 ipsis
3480 2341 3770 2416 apostolis
3785 2356 3883 2398 er-

2218 2433 2457 2491 dinatus
2476 2437 2568 2490 est
2587 2434 3022 2507 Smyrnteorum
3038 2432 3301 2489 ecclesias
3321 2432 3631 2506 episcopus
3656 2447 3669 2487 ε
3695 2448 3878 2504 quem

2215 2540 2326 2580 nos
2357 2538 2589 2597 quoque
2618 2522 2678 2579 in
2709 2522 2901 2596 prima
2925 2525 3093 2580 astate
3116 2527 3325 2579 nostra
3344 2521 3606 2578 vidimus
3635 2520 3762 2591 (diu
3790 2525 3883 2577 et-

2214 2613 2375 2669 enim
2398 2612 2742 2687 permansit,
2756 2611 2815 2667 in
2836 2612 2957 2669 vita
2973 2615 3033 2668 et
3053 2610 3313 2684 longave
3330 2614 3501 2668 astate
3517 2610 3881 2683 perdamus;

2210 2700 2432 2759 nobilis
2459 2701 2726 2774 vivendo,
2759 2701 2862 2758 sed
2900 2704 2959 2757 et
2996 2700 3301 2757 moriendo
3333 2699 3585 2756 nobilior
3600 2699 3876 2768 exstitit;

2217 2793 2433 2866 quippe
2454 2791 2554 2865 qui
2572 2791 2751 2848 vitam
2775 2789 3053 2864 martyrio
3074 2789 3428 2847 terminavit.
3444 2789 3515 2845 Et
3530 2789 3877 2845 suntetiam

2212 2892 2375 2939 nunc
2400 2880 2507 2953 qui
2536 2879 2851 2936 audierunt
2877 2879 2950 2935 ab
2980 2878 3307 2952 ipso,quod
3326 2877 3586 2934 Joannes
3615 2874 3881 2948 discipu-

2209 2966 2309 3028 lus
2338 2969 2594 3041 Domini,
2627 2969 2781 3043 apud
2819 2968 3119 3041 Ephesum
3157 2982 3298 3023 cum
3347 2965 3588 3023 balneas
3634 2963 3877 3023 lavandi

2210 3060 2403 3134 "gratia
2431 3059 2640 3116 fuisset
2664 3058 2990 3132 ingressus,
3006 3060 3073 3113 et
3099 3055 3346 3113 vidisset
3370 3053 3454 3110 ibi
3477 3053 3869 3124 Corinthum;

442 3160 598 3221 rem,
626 3161 820 3223 neque
851 3148 912 3203 in
937 3144 1224 3220 languore
1254 3145 1793 3216 schismaticorum,
1816 3146 2099 3220 nequeIin
2137 3213 2172 3223 Δ
2212 3147 2547 3206 exsiluisset
2592 3147 2890 3214 continuo,
2918 3149 2978 3203 et
3002 3145 3379 3202 discessisset
3405 3157 3520 3199 non
3562 3141 3874 3211 lotus,di-

441 3213 700 3298 claritate
723 3213 1077 3296 Jud‘eeoruni
1092 3234 1405 3307 quaerenda
1431 3232 1637 3308 religio
1660 3213 1788 3305 est;
1808 3213 2098 3311 sed-apud
2129 3213 2175 3286 Ca
2212 3252 2349 3293 cens
2375 3234 2734 3308 :Fugiamus
2764 3234 2923 3302 hinc,
2942 3250 3020 3290 ne
3049 3237 3108 3290 et
3136 3232 3358 3289 balnea:
3389 3232 3531 3305 ipse
3552 3235 3871 3300 cor-mani,

440 3337 541 3386 eos
578 3324 763 3396 solos,
787 3322 899 3401 qui
938 3316 1282 3393 Christiani,
1316 3322 1609 3393 catholici,
1643 3324 1949 3381 orthodoxi
1990 3342 2099 3383 no-

439 3416 774 3486 minentur;
826 3408 896 3471 id
940 3416 1057 3483 “est,
1089 3411 1450 3487 integritatis
1501 3413 1804 3484 custodes,
1835 3418 1895 3472 et
1941 3418 2100 3473 recta

438 3506 756 3566 sectantes.
783 3526 806 3558 ο
844 3498 955 3561 Ubi
997 3502 1177 3560 etiam
1222 3501 1561 3571 ostendens,
1591 3506 1648 3559 et
1676 3502 1892 3560 docens
1939 3501 2097 3577 quod

438 3588 535 3655 his
565 3595 820 3669 Quatuor
848 3587 1165 3667 generibus
1206 3588 1517 3646 hominum
1563 3592 1688 3646 tam
1714 3593 1888 3647 caute
1914 3593 1975 3647 et
2002 3591 2097 3665 pie

437 3680 727 3743 utendum
768 3680 857 3741 sit
900 3676 1173 3739 Ecclesiae
1216 3679 1342 3749 Dei,
1375 3682 1443 3736 ut
1488 3695 1557 3736 ex
1596 3679 1691 3737 his
1739 3695 1857 3736 non
1901 3680 2095 3738 solum

435 3788 554 3837 non
602 3772 974 3849 depravatur,
1002 3769 1114 3828 sed
1156 3769 1339 3829 etiam
1378 3769 1673 3843 proficiat,
1704 3772 1762 3825 et
1810 3768 2098 3827 enitescat

432 3860 497 3921 in
528 3856 763 3932 melius,
808 3858 1145 3934 ’subj'ungit,
1175 3856 1376 3915 dicens
1408 3857 1559 3933 (Cap.
1590 3856 1685 3929 6):
1715 3880 1737 3909 α
1761 3858 1895 3915 Haec
1937 3859 2094 3915 enim

431 3947 698 4009 Ecclesia
724 3949 827 4006 Dei
858 3947 1166 4018 catholica,
1189 3963 1295 4022 per
1308 3951 1502 4005 totum
1525 3947 1726 4004 orbem
1747 3945 1938 4005 valide
1954 3945 2096 4005 late-

435 4053 551 4112 que
581 4036 814 4108 diil‘usa,
837 4034 1114 4093 omnibus
1159 4035 1493 4094 errantibus
1541 4036 1730 4093 utitur
1776 4037 1850 4093 ad
1897 4052 2095 4110 prove-

434 4128 567 4182 ctus
597 4141 760 4195 suos,
781 4128 841 4182 et
869 4123 940 4182 ad
972 4138 1175 4181 eorum
1203 4125 1621 4181 correctionem
1653 4141 1789 4181 cum
1819 4126 2095 4200 evigilare

431 4206 947 4287 voluerint.Uti‘t‘ur
965 4212 1123 4270 enim
1144 4211 1421 4286 gentibus
1449 4214 1522 4270 ad
1557 4206 1865 4271 materiam
1898 4230 2095 4286 opera-

431 4300 613 4360 tionis
636 4316 778 4372 suae,
800 4298 1093 4367 haereticis
1114 4301 1188 4357 ad
1216 4299 1622 4374 probationem
1647 4301 1925 4358 doctrinae
1947 4320 2090 4373 suae,

428 4390 827 4450 schismaticis
856 4389 929 4451 ad
965 4390 1386 4447 documentum
1418 4389 1758 4447 stabilitatis
1806 4408 1949 4461 suae,
1981 4391 2092 4449 Ju-

2205 3323 2269 3379 in
2300 3323 2519 3396 quibus
2549 3322 2864 3380 Corinthus
2886 3321 3047 3379 lavat
3074 3321 3337 3379 veritatis
3367 3320 3666 3379 inimicus.
3700 3321 3875 3377 idem

2204 3412 2388 3470 etiam
2410 3411 2762 3487 Polycarpns
2783 3411 3069 3469 ‘Marcioni
3092 3408 3413 3483 aliquando
3427 3425 3563 3467 cum
3577 3410 3873 3467 occurris-

2206 3505 2319 3573 set,
2340 3501 2557 3559 dicenti
2579 3501 2692 3559 sibi
2716 3518 2730 3558 :
2753 3500 3039 3574 Agnoscis
3060 3516 3188 3569 nos,
3210 3499 3550 3575 respondit:
3572 3500 3874 3573 Agnosco,

2202 3606 2460 3665 agnosco
2480 3591 2939 3666 primogenitum
2961 3590 3409 3647 SatanaaEanta
3420 3592 3567 3645 tunc
3584 3587 3873 3662 apostoli,

2200 3685 2381 3754 atque
2411 3696 2616 3737 eorum
2644 3677 2923 3754 discipuli
2951 3678 3015 3734 in
3045 3677 3328 3752 religione
3356 3675 3586 3735 cautela
3607 3677 3875 3734 utetiam

2202 3774 2322 3841 tur,
2345 3775 2413 3826 ut
2442 3786 2515 3826 ne
2544 3770 2703 3826 verbi
2726 3768 2968 3842 quidem
2990 3766 3469 3825 communionem
3491 3778 3630 3823 cum
3654 3765 3875 3839 aliqua

2204 3875 2429 3930 eorum,
2457 3858 2559 3931 qui
2591 3876 2627 3916 a
2650 3857 2891 3916 veritate
2920 3857 3308 3915 deviaverant.
3342 3856 3557 3913 habere
3582 3859 3875 3929 patorem-

2196 3952 2320 4006 tur.

2272 4038 2356 4093 Ad
2386 4036 2513 4093 haec
2543 4038 2592 4093 si
2623 4035 3015 4110 forte‘aliquis
3045 4035 3206 4105 dicit,
3238 4034 3581 4092 Corinthum
3618 4033 3872 4091 haereti-

2195 4143 2341 4183 cum
2372 4125 2576 4195 fuisse,
2610 4141 2726 4182 non
2757 4124 3303 4194 Judaeum,noverit
3331 4122 3695 4197 temporibus
3724 4139 3875 4194 apo-

2192 4216 2490 4273 stolorum
2520 4231 2637 4272 non
2661 4214 2842 4271 fuisse
2869 4212 3176 4271 haereticos
3198 4213 3313 4270 nisi
3327 4229 3405 4270 ex
3421 4212 3642 4270 Judaeis
3664 4227 3736 4268 ac
3760 4212 3873 4268 Sa-

2196 4305 2532 4374 maritanis,
2551 4304 2706 4361 sicut
2732 4304 2970 4360 fuerunt
2988 4303 3191 4361 Simon
3212 4307 3282 4359 et
3308 4301 3646 4368 Menander,
3666 4297 3869 4356 Ebien

2201 4398 2260 4450 et
2282 4393 2578 4451 Nicolaus.
2602 4393 2713 4451 Sed
2732 4397 2791 4449 et
2804 4407 2881 4449 ex
2908 4392 3209 4450 erroribus
3239 4390 3563 4466 supradicti
3593 4388 3871 4446 Geﬁnihi

428 4480 570 4539 desis
601 4480 674 4539 ad
716 4479 1219 4555 comparationem
1264 4477 1727 4553 pulchritudinis
1757 4497 1897 4537 suae.
1929 4480 2090 4539 Alios
2189 4487 2515 4557 cognoscat
2534 4483 2691 4556 quod
2723 4482 2924 4538 omnia
2943 4482 3065 4538 sint
3091 4482 3340 4539 Judaica
3370 4497 3499 4554 qua:
3526 4479 3871 4537 astrueba‘t.

426 4585 565 4644 ergo
582 4570 814 4642 invitat,
836 4568 986 4627 alios
1014 4568 1299 4638 excludit;
1323 4567 1471 4658 alios
1491 4567 1791 4658 relinquit,
1816 4569 1963 4628 alios
1982 4588 2086 4627 an-
2115 4586 2167 4658 ι)
2200 4572 2558 4629 Ρτεθάἱοειὶιαῐ
2575 4571 2891 4627 Dominum
2912 4572 3180 4626 nostrum
3201 4569 3407 4626 Iesum
3748 4581 3883 4658 plr-

424 4659 671 4729 tecedit;
701 4658 977 4716 omnibus
1024 4663 1220 4715 tamen
1268 4657 1467 4731 gratias
1513 4657 1615 4714 Dei
1662 4658 2082 4732 participanda)
2116 4655 2154 4658 —
2195 4678 2326 4718 rum
2344 4659 2982 4728 fuissehominem,nec
2998 4655 3879 4728 resurrexisse;etcimumcidi

429 4748 532 4805 dat
560 4750 906 4822 petestatem
936 4762 951 4803 :
986 4746 1107 4804 sive
1137 4747 1223 4803 illi
1251 4746 1544 4803 formandi
1577 4745 1696 4804 sint
1726 4748 1939 4818 adhuc,
1964 4750 2084 4808 sive
2186 4768 2368 4809 carne
2410 4741 2695 4823 oportere.
2720 4749 2858 4805 Post
2887 4748 3400 4815 resurrectionem,
3431 4750 3739 4802 terrenum
3758 4744 3881 4799 di»

428 4835 807 4905 reformandi,
862 4834 983 4893 sive
1032 4834 1430 4909 recolligendi,
1480 4835 1602 4891 sive
1650 4836 2018 4894 admittendi.
2056 4862 2079 4891 ιο
2194 4841 2362 4897 cebat
2390 4840 2657 4896 futurum
2690 4854 2819 4895 esse
2851 4853 3101 4911 regnum
3126 4836 3347 4894 Christi
3379 4836 3438 4891 in
3472 4832 3807 4893 Jerusalem
3850 4852 3881 4893 :

428 4927 498 4986 Et
517 4929 662 5000 .post
690 4924 994 4999 aliquanta
1021 4925 1236 4981 iterum
1276 4923 1419 4981 dicit
1448 4927 1602 4997 (Cap.
1623 4926 1710 4999 7):
1741 4926 2083 4999 Repudiatis
2183 4936 2251 4987 'et
2278 4930 2549 4987 homines
2568 4929 2631 4985 in
2662 4944 2836 4984 carne
2859 4927 3077 4983 iterum
3096 4924 3597 4999 concupiscentiis
3617 4927 3674 4979 et
3692 4922 3893 4982 vitiis

426 5016 613 5090 igitur
638 5014 916 5073 omnibus
937 5012 1039 5088 qui
1069 5029 1257 5088 neque
1279 5013 1337 5069 in
1360 5015 1545 5070 sacris
1568 5013 2083 5088 philosophantur,
2193 5020 2520 5091 subjectam
2551 5016 3055 5074 conversationem
3087 5014 3416 5083 habituros,
3439 5016 3497 5069 et
3521 5009 3745 5085 legales
3768 5009 3892 5067 fe-

428 5116 618 5179 nequ'e
658 5105 719 5160 in
769 5102 1141 5179 philosophia
1171 5107 1619 5173 consecrantur;
1653 5108 1710 5159 ct
1736 5103 1830 5160 his
1861 5105 1962 5177 qui
1992 5106 2081 5162 vel
2192 5108 2483 5164 stivitates
2513 5122 2751 5163 rursum
2783 5104 3188 5174 celebrandas,
3217 5108 3295 5184 et.
3316 5102 3546 5158 hostias
3584 5097 3899 5159 carnales

424 5204 606 5265 prava
635 5190 928 5267 opinione,
959 5192 1047 5251 vel
1092 5191 1291 5266 aliqua
1320 5191 1623 5249 simultate
1653 5194 2078 5265 superbientes,
2192 5198 2404 5253 iterum
2428 5195 2813 5269 jugulandas.

428 5298 464 5336 a
490 5279 692 5355 regula
719 5287 777 5337 e‘t
805 5283 1219 5340 communione
1259 5281 1528 5339 Ecclesiae
1561 5280 1859 5338 catholica:
1888 5283 2079 5340 devia-
2258 5286 2582 5352 Vll.Quam
2605 5283 2830 5357 polluta
2869 5282 2946 5340 sit
2985 5282 3107 5338 haec
3149 5282 3410 5355 pessima
3447 5279 3774 5354 generatio,
3804 5288 3911 5340 et

421 5373 596 5437 runt;
624 5370 804 5426 cibis
840 5372 941 5444 qui
986 5389 1230 5429 suarum
1281 5372 1719 5444 Seripturarum
1767 5369 1988 5441 lumen,
2021 5378 2081 5430 et
2190 5392 2369 5448 quam
2401 5390 2531 5430 vere
2558 5373 2762 5430 eﬂ'ecta
2787 5386 3086 5446 synagoga
3106 5372 3357 5441 Satanas,
3372 5370 3564 5427 etiam
3586 5369 3648 5424 in
3668 5368 3919 5428 Evan-

426 5456 1373 5533 spiritaiis‘pcapuligratiam,quod
1391 5459 1615 5517 Novum
1634 5459 2077 5518 Testamentum
2187 5463 2338 5537 gelio
2369 5461 2654 5521 Dominus
2684 5462 2963 5527 ostendit,
2984 5461 3190 5518 dicens
3214 5477 3228 5516 :
3256 5479 3282 5511 ι
3307 5460 3456 5517 Gem
3500 5459 3921 5523 immundus

414 5549 688 5617 'vocatur,
708 5546 922 5606 habere
944 5547 1278 5619 noluerunt,
1294 5562 1441 5622 quos
1463 5551 1686 5621 quanta
1705 5548 1868 5621 potui
1891 5550 2077 5609 brevi-
2193 5572 2217 5605 α
2250 5553 2495 5627 spiritus
2512 5551 2715 5609 exierit
2732 5551 2807 5609 ab
2825 5550 3085 5624 homine,
3101 5550 3368 5608 ambulat
3385 5566 3491 5624 per
3502 5548 3641 5605 loca
3658 5549 3796 5604 arid
3808 5568 3915 5625 δ,

424 5639 545 5699 tate
572 5635 915 5708 constrinxi,
948 5636 1199 5696 tenenda
1241 5641 1331 5693 est
1377 5636 1546 5696 nobis
1575 5637 1909 5699 Christiana
1938 5641 2076 5699 reli-
2188 5669 2213 5698 α
2249 5660 2515 5719 quarens
2546 5642 2831 5715 requiem,
2854 5645 2913 5701 et
2932 5658 3048 5700 non
3079 5642 3329 5713 invenit;
3354 5645 3497 5701 tunc
3519 5640 3708 5698 dicit:
3736 5638 3925 5701 Rt:—
