4120 6184
304 273 421 336 με

1558 281 1707 382 LIB.
1755 283 2076 349 CONTRA
2115 286 2460 353 lUDJEOS.

3593 313 3715 384 M6

304 425 329 454 ι
360 410 555 464 vertar
578 405 640 464 in
670 407 913 466 domum
944 425 1138 468 meam
1183 411 1338 469 unde
1377 412 1524 470 exivi
1560 430 1573 470 :
1607 418 1665 474 et
1691 415 1955 486 veniens,
1983 417 2040 494 Α
2067 435 2208 476 cum
2231 427 2543 497 exponeret
2571 442 2706 485 eum
2735 426 2950 502 locum,
2975 433 3074 490 ubi
3117 435 3187 495 de
3226 437 3480 504 Domino
3504 444 3715 518 praedi-

302 520 333 545 ι-
361 497 584 552 invenit
638 501 964 568 vacantem,
1019 501 1213 574 scopis
1265 504 1634 575 mundatam,
1679 509 1736 562 et
1783 523 1952 562 orna-

301 607 322 639 ι
357 589 503 643 tam.
539 588 701 644 Tunc
751 589 929 660 vadit,
963 594 1020 646 et
1058 591 1311 648 assumit
1357 598 1584 666 septem
1634 594 1781 651 alios
1828 596 1954 668 spi-

293 697 323 735 s
353 677 510 733 ritus
553 694 783 746 secum,
815 681 1128 751 nequiores
1168 697 1230 737 se
1265 697 1276 738 :
1313 686 1370 737 et
1401 683 1650 756 ingressi
1683 683 1956 741 habitant

298 785 319 815 ι
354 767 435 822 ibi
470 784 482 822 :
517 768 744 824 etﬁunt
764 769 1086 826 novissima
1114 770 1372 828 hominis
1394 771 1556 829 illius
1577 774 1775 846 pejora
1804 774 1956 847 prio-

297 879 318 909 ι
356 857 525 912 ribus
547 857 697 929 (Luc.
728 876 804 926 xl,
827 859 920 927 24,
942 861 1032 928 25,
1056 861 1168 929 26).
1191 877 1218 912 ι
1249 861 1342 917 Sic
1377 861 1475 917 ﬁet
1503 867 1561 918 et
1588 864 1950 935 generationi

291 946 429 1002 huic
450 945 884 1018 pessimaﬂum
897 949 1072 1005 verba
1088 950 1318 1005 Domini
1339 952 1546 1007 beatus
1563 952 1950 1026 Hieronymus

290 1035 634 1108 explanans,
667 1036 750 1092 ita
783 1037 929 1093 dicit
959 1055 972 1094 :
1006 1061 1026 1087 α
1053 1039 1405 1096 Immundus
1437 1041 1682 1114 spiritus
1712 1042 1888 1098 exivit
1917 1060 1952 1099 a

286 1125 778 1198 Iudaeis,quando
802 1134 1153 1201 acceperunt
1173 1129 1361 1202 legem
1388 1148 1400 1186 :
1427 1135 1484 1186 et
1505 1130 1828 1186 ambulavit
1845 1149 1952 1204 per

287 1213 418 1271 loca
443 1216 635 1284 arida,
655 1231 922 1288 quaerens
945 1217 1057 1275 sibi
1085 1219 1369 1290 requiem.
1390 1244 1420 1272 ι
1441 1220 1733 1292 Expulsus
1752 1220 1949 1276 videli-

287 1309 375 1362 cet
415 1322 453 1360 a
488 1304 732 1375 Judaeis,
758 1306 1092 1364 ambulavit
1121 1325 1224 1380 per
1249 1309 1514 1381 gentium
1557 1309 1943 1366 solitudines:

283 1411 409 1468 quae
433 1411 574 1450 cum
595 1399 797 1468 postea
813 1396 1062 1453 Domino
1084 1397 1602 1467 credidissent,ille
1619 1417 1736 1456 non
1755 1399 1949 1456 inven-

285 1489 340 1540 to
373 1483 507 1540 loco
555 1484 615 1540 in
655 1485 1015 1554 nationibus,
1041 1486 1186 1542 dixit
1218 1503 1231 1544 :
1278 1488 1553 1544 Revertar
1587 1489 1659 1544 ad
1703 1489 1944 1545 domum

284 1589 478 1631 meam
505 1573 818 1645 pristinam
861 1576 1024 1632 unde
1058 1577 1204 1632 exivi
1231 1595 1244 1633 :
1270 1577 1496 1634 habebo
1536 1579 1771 1635 Judmos
1797 1595 1945 1651 quos

281 1668 417 1722 ante
445 1662 814 1720 dimiseram.
842 1665 911 1720 Et
938 1665 1179 1723 veniens
1210 1667 1431 1722 invenit
1460 1667 1703 1724 domum
1733 1685 1942 1724 vacan-

281 1759 422 1821 tem,
447 1753 648 1825 scopis
677 1754 1044 1811 mandatam.
1067 1755 1328 1812 Vaeabat
1355 1757 1512 1812 enim
1537 1757 1822 1858 templum
1845 1756 1942 1813 Ju-
1972 1792 2019 1860 Β

280 1843 570 1911 deorum,
593 1847 651 1899 et
669 1843 968 1901 Christum
994 1845 1285 1918 hospitem
1308 1864 1425 1903 non
1446 1847 1717 1914 habebat,
1743 1847 1941 1905 dicen-

280 1935 398 1988 tem
423 1950 478 1987 ει
502 1932 758 2004 Surgite,
782 1950 986 1990 eamus
1007 1934 1145 1991 hinc
1167 1937 1342 2005 (Ιοαη.
1366 1953 1478 2005 xw,
1497 1937 1641 2009 31).»
1658 1938 1728 1992 Et
1747 1935 1807 1992 in
1828 1937 1941 1994 alio

279 2021 402 2076 loco
428 2037 442 2076 :
479 2040 502 2069 ι
526 2020 867 2078 Dimittetur
894 2023 1062 2079 vobis
1078 2025 1290 2081 domus
1319 2030 1513 2082 vestra
1533 2027 1764 2082 deserta
1784 2027 1936 2096 (Luc.

279 2131 308 2161 ι
333 2127 458 2166 xm.
483 2110 599 2182 35).
628 2133 652 2158 ι
679 2112 826 2178 Quia
857 2113 1036 2185 igitur
1071 2119 1130 2171 et
1173 2114 1296 2183 Dei,
1330 2119 1388 2171 et
1416 2114 1758 2188 angelorum
1788 2133 1938 2187 pra:-

273 2200 425 2258 sidia
455 2217 576 2256 non
611 2199 930 2271 habebant,
957 2207 1014 2259 et
1043 2204 1232 2260 ornati
1275 2209 1443 2260 erant
1488 2203 1804 2277 superﬂuis
1835 2205 1936 2260 ob-

271 2289 718 2347 servationibus
771 2289 950 2364 legis,
1009 2296 1066 2348 et
1130 2293 1544 2350 traditionibus
1615 2293 1936 2350 Pharisaeo-

268 2395 401 2438 rum
439 2395 453 2433 :
493 2379 805 2435 revertitur
853 2380 1126 2438 diabolus
1155 2383 1230 2438 ad
1272 2383 1473 2439 sedem
1522 2399 1690 2440 suam
1737 2383 1935 2456 pristi-

269 2483 432 2534 nam,
468 2471 532 2523 et
560 2469 896 2541 septenario
935 2470 1051 2529 sibi
1091 2488 1334 2528 numero
1367 2472 1704 2529 daemonum
1736 2473 1933 2530 addito

271 2555 505 2612 habitat
533 2557 848 2630 pristinam
879 2560 1143 2630 domum,
1172 2566 1231 2616 et
1254 2563 1405 2617 fiunt
1425 2561 1744 2618 novissima
1774 2561 1934 2618 illius

272 2646 477 2718 pejora
502 2646 824 2718 prioribus.
858 2648 1041 2705 Multo
1063 2649 1220 2706 enim
1271 2669 1427 2706 nunc
1477 2651 1686 2722 majori
1718 2652 1933 2709 dznmo-

271 2751 420 2789 ηοω
453 2751 702 2791 numero
733 2738 1130 2810 possidentur,
1163 2739 1636 2812 blasphemantes
1688 2741 1753 2799 in
1796 2759 1931 2814 syn-

272 2823 479 2896 agogis
503 2825 632 2880 suis
653 2825 952 2884 Christum
982 2828 1210 2897 Jesum,
1233 2847 1410 2901 quam
1444 2830 1502 2885 in
1535 2831 1778 2904 [Egypto
1807 2847 1934 2903 pos-

270 2912 418 2966 cessi
454 2913 696 2969 fuerant
722 2919 857 2971 ante
897 2916 1053 2989 legis
1082 2918 1371 2974 notitiam.
1402 2942 1422 2968 α
1461 2919 1540 2975 De
1569 2919 1698 2974 istis
1728 2935 1930 2975 eorum

266 2999 682 3073 blasphemiis,
717 3021 832 3061 non
863 3006 1056 3063 solum
1097 3008 1157 3063 in
1185 3008 1502 3064 Dominum
1533 3009 1732 3065 Jesum
1766 3008 1930 3067 Chri-

266 3093 449 3159 stum,
473 3093 579 3146 sed
605 3093 746 3148 etin
782 3094 1102 3152 Ecclesiam
1131 3097 1280 3168 ejus,
1309 3099 1464 3154 idem
1506 3099 1708 3154 doctor
1737 3098 1796 3152 in
1827 3113 1928 3154 ex-

267 3177 610 3249 planatione
631 3183 812 3239 Amos
841 3163 1317 3258 prophetarum
1352 3188 1452 3244 illa
1482 3189 1660 3245 verba
1685 3204 1929 3261 expcne—
1957 3163 2010 3236 (λ

265 3270 429 3323 retu
454 3271 534 3326 Et
549 3272 810 3329 tenuerit
830 3273 990 3330 ultra
1003 3276 1260 3332 furorem
1283 3294 1480 3346 suum,
1505 3282 1562 3334 et
1582 3276 1934 3350 indignatio-

268 3376 302 3413 ις
326 3375 470 3414 nem
491 3377 667 3417 suam
691 3363 1006 3419 servaverit
1027 3381 1213 3437 usque
1236 3365 1295 3422 iu
1318 3367 1493 3423 finem
1515 3368 1713 3440 (Amos.
1748 3383 1786 3437 1,
1810 3367 1920 3435 2),-

263 3450 341 3507 ita
355 3451 447 3506 ait
461 3468 474 3507 :
487 3470 514 3498 ι
527 3449 973 3524 Antiquumque
992 3454 1326 3522 furoremet
1343 3455 1716 3512 iracundiam
1727 3463 1927 3515 tenen-

263 3543 348 3596 tes
370 3557 574 3612 usque
586 3539 762 3595 hodie
779 3540 840 3595 in
858 3543 1173 3616 synagogis
1194 3544 1340 3612 suis,
1362 3545 1472 3601 sub
1492 3547 1728 3604 nomine
1750 3549 1923 3605 Naza-

264 3646 550 3686 reaorum
565 3629 981 3702 blasphemant
1003 3632 1286 3706 populum
1305 3633 1759 3691 Christian-um.»
1779 3637 1922 3695 Item

262 3721 418 3793 apud
444 3720 733 3776 eumdem.
749 3720 1097 3792 prophetam
1115 3738 1410 3794 exponens
1432 3723 1532 3779 illa
1550 3724 1782 3781 Domini
1803 3744 1924 3784 ver-

263 3809 351 3878 ba,
386 3809 626 3881 quibus.
642 3807 901 3881 psalmos
924 3814 981 3866 et
1009 3812 1258 3881 cantica,
1275 3828 1401 3884 quae
1422 3812 1695 3870 videntur
1715 3833 1920 3872 canere

265 3897 320 3954 in
345 3899 672 3971 synagogis
702 3899 929 3956 Satana:
960 3901 1253 3974 reprobat,
1275 3902 1476 3958 dicens
1501 3921 1546 3958 εει
1571 3904 1748 3960 Aufer
1770 3923 1804 3962 a
1826 3921 1918 3963 me

269 4008 296 4036 ι
323 3988 650 4046 tumultum
674 3989 1009 4046 carminum
1026 3993 1284 4061 tuorum,
1309 3996 1366 4048 et
1387 3993 1614 4048 cantica
1638 3993 1773 4066 lyrae
1804 4000 1916 4051 tuae

268 4097 294 4128 ι
323 4094 442 4132 non
473 4078 716 4133 audiam
751 4081 944 4148 (Amos
973 4097 1029 4147 v,
1057 4081 1182 4152 23);
1209 4103 1231 4130 ιι
1256 4081 1534 4153 prmfatus
1562 4083 1763 4139 doctor
1789 4101 1920 4140 con-

258 4166 518 4239 jungens
563 4183 663 4222 eos
710 4166 1019 4237 haereticis,
1056 4170 1141 4225 sic
1189 4169 1449 4242 loquitur
1481 4188 1493 4226 :
1523 4195 1544 4222 «ι
1579 4172 1916 4230 ὖιιάωοῐιυω

265 4270 497 4328 quoque
545 4256 806 4326 traditio,
829 4261 886 4313 et
933 4257 1146 4330 psalmi
1177 4274 1325 4331 quos
1371 4260 1434 4315 in
1480 4261 1794 4335 synagogis
1821 4279 1916 4319 ca-

266 4349 442 4413 nunt,
458 4349 518 4400 et
536 4344 954 4402 haereticorum
973 4349 1300 4422 composita
1319 4348 1600 4416 laudatio,
1623 4351 1916 4410 tumultus

263 4438 355 4489 est
394 4434 673 4503 Domino,
703 4439 763 4490 et
790 4438 880 4506 (ut
925 4435 1007 4492 ita
1054 4437 1270 4508 dicam)
1317 4439 1632 4512 grunnitus
1681 4443 1826 4513 suis,
1859 4447 1917 4500 et

261 4519 485 4578 clamor
512 4521 838 4579 asinorum.
864 4546 884 4571 ι

328 4611 483 4667 νω.
511 4612 678 4668 Idem
704 4612 884 4668 etiam
914 4614 1115 4670 doctor
1157 4621 1377 4688 quanto
1408 4619 1538 4675 odio
1571 4624 1629 4675 et
1667 4636 1923 4681 exsecra-

261 4699 426 4756 tione
441 4701 783 4757 istiusmodi
805 4701 1309 4776 blasphematores
1326 4707 1629 4778 Christi,et
1653 4711 1920 4768 Ecclesiae

262 4789 388 4859 ejus
419 4789 807 4846 abominandi
839 4792 976 4860 sint,
1006 4811 1113 4850 suo
1165 4811 1271 4852 nos
1320 4798 1581 4870 exemplo
1622 4800 1919 4870 informat,

264 4880 524 4949 Quodam
552 4880 688 4936 loco
702 4880 903 4937 dicens
925 4899 982 4936 ται
1001 4883 1060 4940 Si
1083 4885 1316 4962 expedit
1334 4887 1528 4944 odisse
1550 4887 1844 4960 homines,
1864 4896 1922 4948 et

263 4973 499 5038 gentem
519 4968 780 5040 aliquam
799 4971 1094 5042 detestari,
1110 4974 1258 5030 miro
1280 4975 1412 5031 odio
1429 4993 1662 5034 aversor
1676 4979 1922 5036 circum-

262 5053 546 5112 eisionem
565 5074 578 5113 :
596 5074 786 5130 usque
803 5058 974 5116 hodie
987 5061 1144 5117 enim
1161 5068 1919 5138 persequunturDominum

261 5149 540 5200 nostrum
568 5146 773 5203 Jesum
824 5148 1124 5206 Christum
1170 5152 1229 5208 in
1273 5157 1587 5229 synagogis
1618 5159 1864 5215 Satanm.
1892 5181 1918 5212 ι

260 5233 416 5290 Item
462 5235 604 5292 alibi
657 5237 759 5309 (ep.
817 5239 938 5308 151,
969 5250 1160 5313 quaest.
1197 5243 1321 5316 10):
1353 5263 1375 5293 ι
1404 5247 1661 5314 Quantae,
1705 5249 1916 5321 inquit,

257 5323 614 5381 traditiones
671 5326 1135 5399 Pharisaeorum,
1181 5349 1329 5404 quas
1383 5335 1554 5392 hodie
1614 5345 1920 5412 δευτερώσεις

257 5417 493 5483 vocant,
517 5419 578 5470 et
605 5433 790 5488 quam.
819 5418 1106 5476 animales
1138 5421 1259 5478 sint
1277 5423 1486 5480 tabula:
1509 5427 1796 5485 revolvere
1829 5449 1923 5488 ne-

253 5517 449 5572 queo:
477 5503 757 5578 pleraque
779 5507 938 5564 enim
962 5514 1081 5567 tam
1104 5512 1300 5584 turpia
1319 5519 1481 5584 sunt,
1499 5521 1565 5572 ut
1579 5520 1919 5579 erubescam

502 5617 526 5646 ι
556 5593 621 5651 In
667 5599 1032 5671 expositione
1070 5617 1301 5676 quoque
1333 5603 1492 5661 Isaiae
1525 5607 1608 5677 (in
1633 5625 1749 5684 cap.
1775 5615 1917 5684 vui),

1941 4532 1992 4600 D

2063 513 2223 565 ctum
2251 515 2416 606 est-ta
2436 513 2792 606 lnlapidem.
2808 525 3004 578 autem
3028 524 3387 600 offensionis,
3412 534 3470 588 et
3489 513 3723 606 petram

2067 617 2096 652 α
2125 602 2385 694 scandali
2418 605 2648 694 duabus
2687 610 2961 669 domibus
3014 614 3220 688 Israel,
3240 640 3262 667 ι
3285 617 3462 676 etiam
3491 602 3718 694 primos

2062 693 2339 785 auctores
2359 693 2566 750 talium
2595 696 3138 775 fabularum,atque
3171 693 3571 770 doctrinarum
3613 712 3715 785 qui

2061 782 2124 834 et
2148 782 2380 852 quando
2412 799 2540 840 esse
2577 789 2859 860 coeperint
2897 793 3054 864 apud
3099 794 3360 869 Judaeos;
3399 801 3456 854 et
3499 782 3716 868 scholae,

2060 885 2284 938 eorum,
2319 872 2539 942 quibus
2587 875 2833 933 invicem
2885 883 3353 955 succedentibus,
3402 904 3588 960 usque
3637 891 3718 952 ad

2060 959 2441 1018 novissimam
2496 965 2894 1037 captivitatem
2943 973 3346 1041 pervenerint,
3381 959 3711 1040 hisiverbis

2057 1047 2293 1120 exponit
2316 1065 2366 1104 :c
2391 1050 2691 1120 Nazareni,
2718 1055 2818 1128 qui
2864 1057 2946 1112 ita
2984 1052 3274 1131 recipiunt
3301 1062 3617 1136 Christum,
3646 1073 3711 1124 ut

2057 1137 2490 1195 observationes
2513 1141 2657 1213 legis
2675 1144 2882 1201 veteris
2900 1163 3020 1201 non.
3033 1149 3708 1224 omittant,duasdomus

2057 1224 2474 1300 interpretatur
2507 1231 2789 1302 Sammai,
2815 1239 2872 1290 et
2890 1235 3063 1305 Ellel;
3087 1254 3157 1298 ex
3178 1238 3393 1312 quibus
3427 1243 3538 1300 orti
3568 1249 3710 1311 sunt

2056 1315 2272 1372 Scribae
2294 1321 2351 1374 et
2373 1319 2668 1377 Pharisaei.
2684 1323 2942 1388 Quorum
2963 1326 3226 1401 suscepit
3247 1328 3513 1390 scholam
3529 1333 3711 1390 Achi—

2055 1404 2182 1473 bas,
2208 1410 2267 1462 et
2294 1412 2428 1479 post
2456 1425 2592 1465 eum
2627 1410 2832 1481 Mehir,
2859 1414 2952 1470 cui
2983 1417 3270 1482 successit
3298 1418 3608 1484 Johannan
3638 1419 3706 1480 ti-

2054 1493 2170 1550 lius
2189 1496 2408 1552 Zachzei
2429 1501 2486 1553 et
2503 1503 2637 1571 post
2653 1515 2786 1556 eum
2804 1502 3041 1572 Eliezer,
3056 1510 3114 1562 et
3133 1522 3238 1579 per
3252 1508 3522 1568 ordinem
3539 1511 3709 1570 Thel-

2053 1582 2239 1674 phon,
2257 1589 2313 1640 et
2333 1603 2568 1643 rursum
2591 1589 2808 1662 Joseph
2832 1591 3122 1663 Galilaeus,
3146 1599 3204 1652 et
3223 1613 3411 1670 usque
3432 1601 3505 1661 ad
3527 1603 3706 1674 capti-

2050 1671 2288 1728 vitatem
2317 1676 2654 1762 Jerusalem
2683 1678 2883 1736 Josue.
2914 1681 3178 1740 Sammai,
3216 1685 3418 1758 igitur,
3449 1694 3507 1746 et
3535 1671 3704 1762 Ellel,

2051 1777 2166 1816 non
2207 1761 2392 1818 multo
2440 1764 2607 1835 prius
2639 1783 2816 1839 quam
2865 1770 3154 1831 Dominus
3196 1781 3562 1848 nasceretur,
3587 1761 3699 1837 orti

2049 1855 2188 1905 sunt
2216 1850 2276 1906 in
2307 1852 2511 1909 Judaza
2543 1871 2556 1910 :
2593 1872 2852 1928 quorum-
2877 1859 3036 1932 prior
3077 1861 3495 1937 interpretatur
3523 1867 3696 1924 dissi-

2048 1943 2234 2012 pator,
2269 1957 2523 2014 sequens
2554 1945 2866 2017 profanus;
2897 1966 2964 2006 eo
2996 1951 3150 2022 quod
3202 1969 3306 2025 per
3352 1955 3697 2016 traditiones

2047 2027 2404 2104 (δευτορώσεις)
2432 2050 2593 2102 suas,
2625 2033 2770 2108 legis
2811 2042 3098 2110 prmocpta
3143 2039 3584 2114 dissipaverint,
3611 2050 3697 2102 at-

2048 2136 2161 2190 que
2191 2120 2635 2179 maculaverint.
2664 2124 2736 2180 Et
2781 2124 2888 2182 has
2935 2143 3064 2184 esse
3112 2129 3260 2186 duas
3308 2131 3520 2191 domus
3569 2152 3696 2208 quae

2047 2207 2402 2267 Salvatorem
2435 2229 2551 2268 non
2599 2214 2954 2287 receperint;
2989 2215 3130 2289 quid
3162 2219 3357 2286 factus
3381 2220 3461 2280 sit
3505 2207 3601 2286 eis
3636 2222 3696 2284 in

2045 2299 2300 2370 ruinam,
2325 2301 2462 2358 etin
2483 2302 2849 2361 scandalum.
2875 2329 2898 2359 ι

2117 2435 2208 2491 1V.
2243 2436 2420 2492 Tales
2460 2438 2818 2507 Scribarum,
2854 2443 2912 2495 et
2955 2440 3381 2500 Pharismrum
3429 2447 3696 2520 magistri

2045 2525 2415 2595 exstiterunt,
2437 2527 2707 2582 doctores
2726 2525 3059 2584 fabularum
3088 2535 3146 2586 et
3164 2533 3652 2605 superstitionum
3677 2555 3692 2594 :

2041 2631 2146 2688 pro
2179 2616 2396 2688 quibus
2423 2633 2522 2672 eos
2567 2617 2900 2690 frequenter
2941 2620 3001 2675 in
3052 2621 3362 2695 Evangelia
3409 2625 3696 2685 Dominus

2043 2704 2336 2776 increpat;
2363 2710 2421 2761 et
2442 2706 2731 2778 praecipue
2756 2707 2854 2763 ubi
2879 2725 3084 2766 omnes
3103 2727 3304 2768 eorum
3329 2729 3560 2772 errores
3578 2733 3695 2778 uno

2042 2793 2382 2864 prophetico
2413 2794 2750 2850 testimonio
2791 2796 3060 2865 destruit,
3093 2799 3293 2856 dicens
3327 2817 3339 2857 :
3371 2824 3393 2852 ι
3419 2805 3616 2869 ΟΜΝ
3638 2807 3696 2862 et

2047 2899 2071 2930 ι
2101 2897 2206 2937 vos
2237 2882 2713 2954 transgredimini
2735 2885 3016 2940 manda-ta
3035 2886 3136 2942 Dei
3167 2893 3405 2962 propter
3433 2891 3694 2950 traditio-

2044 2989 2076 3022 ιτ
2103 2985 2236 3025 nem
2285 2971 2583 3027 vestram?
2621 2994 2642 3021 ι
2676 2971 2878 3044 (Matth.
2911 2990 3001 3042 xv,
3038 2974 3118 3047 3.)
3152 2977 3223 3032 Et
3274 2982 3406 3050 post
3448 2992 3686 3052 pauca:

2042 3078 2075 3111 α
2102 3060 2445 3133 Hypocritae,
2481 3060 2629 3116 bene
2677 3061 3047 3134 prophetavit
3074 3065 3145 3120 de
3173 3066 3348 3124 vobis.
3369 3067 3578 3138 Isaias,
3597 3071 3686 3126 di;-

2045 3169 2074 3203 ι
2099 3166 2274 3207 cens:
2301 3149 2564 3222 Populus~
2587 3150 2686 3207 hic
2710 3150 2883 3209 labiis
2930 3167 3023 3210 me
3055 3155 3324 3226 honorat,
3354 3173 3454 3215 cor
3489 3163 3686 3220 autem

2045 3257 2076 3288 «ς
2101 3240 2230 3312 ejus
2260 3239 2429 3312 longe
2459 3243 2552 3295 est
2579 3257 2617 3295 a
2633 3255 2753 3296 me.
2767 3239 2906 3298 Sine
2926 3257 3104 3299 causa
3124 3248 3325 3302 autem:
3340 3245 3548 3304 colunt
3568 3264 3684 3320 me,

2043 3347 2066 3378 α
2100 3330 2374 3385 docentes
2403 3330 2706 3387 doctrinas
2749 3335 2807 3386 et
2856 3334 3135 3390 mandata
3163 3334 3471 3394 hominum
3503 3339 3687 3411 (ibim,

2040 3440 2062 3468 α
2098 3435 2234 3476 vers.
2261 3422 2316 3488 7,
2339 3421 2392 3487 8,
2418 3420 2495 3487 9).
2526 3441 2547 3471 ι
2579 3419 2829 3476 Istorum
2862 3421 3043 3494 igitur
3073 3440 3486 3496 perversorum‘
3510 3432 3688 3502 atque

2032 3507 2354 3580 impiorum-
2383 3509 2620 3564 doctoru
2631 3526 2694 3564 m
2721 3509 2853 3565 caeci
2876 3515 2934 3566 et
2951 3511 3219 3569 inﬁdeles
3250 3515 3687 3585 Judaei,.relicta

2030 3597 2270 3654 veritate
2299 3597 2444 3670 legis
2475 3602 2533 3653 et
2562 3597 3000 3670 prophetarum,
3026 3617 3221 3673 usque
3242 3603 3302 3658 in
3333 3604 3684 3664 hodiernum

2031 3686 2186 3743 diem
2219 3689 2528 3744 observant
2557 3687 2922 3755 traditiones,
2957 3693 3016 3743 et
3045 3696 3377 3761 sequuntur
3417 3709 3680 3752 errores:

2029 3775 2089 3831 in
2121 3776 2215 3833 his
2245 3776 2506 3850 legendis
2528 3775 2780 3830 maxime
2799 3780 3180 3848 occupantur,
3204 3778 3331 3834 hasce
3345 3779 3500 3837 inter
3523 3800 3586 3838 se
3605 3783 3684 3840 lo-

2029 3871 2281 3938 quentes
2295 3866 2664 3929 conl‘uerunt,
2684 3863 2805 3918 hinc
2826 3879 2928 3935 per
2947 3865 3184 3939 singula
3205 3868 3449 3927 sabbata
3469 3869 3532 3926 in
3552 3889 3686 3946 syn.

2031 3954 2234 4027 agogis
2255 3955 2480 4010 Satanm
2499 3952 2814 4025 praedicare
2830 3969 2947 4009 non
2965 3959 3218 4013 cessant.
3237 3957 3297 4014 Si
3320 3957 3462 4032 quid
3484 3964 3680 4019 autem

2028 4045 2098 4100 de
2123 4043 2292 4099 libris
2320 4041 2465 4114 legis
2485 4040 2692 4097 divina;
2722 4041 3045 4116 intelligere
3067 4050 3372 4117 conantur,
3390 4049 3569 4121 juxta
3581 4069 3686 4108 csa.

2027 4132 2261 4188 citatam
2293 4147 2497 4188 eorum
2519 4132 2926 4204 depravantes,
2950 4133 3256 4193 cluserunt
3283 4138 3395 4194 sibi
3437 4139 3681 4198 misera-

2026 4221 2223 4279 biliter
2253 4220 2470 4276 ostium
2506 4220 2799 4290 veritatis;
2834 4221 3231 4296 impleturquc
3262 4225 3328 4281 in
3373 4226 3463 4284 eis
3489 4229 3681 4286 mani-

2025 4310 2344 4368 festissime
2373 4311 2528 4382 quod
2563 4309 2786 4367 eisdem
2831 4311 3190 4382 doctoribus,
3223 4314 3352 4370 imo
3373 4317 3681 4387 perditori-

2024 4402 2157 4470 bus,
2199 4416 2402 4456 eorum
2443 4399 2732 4456 Dominus
2769 4399 2829 4454 in
2872 4399 3182 4474 Evangetio
3221 4403 3554 4476 exprobrat,
3591 4406 3680 4462 dl-

2025 4501 2167 4547 een-s
2193 4506 2245 4544 :«
2274 4489 2377 4544 Vis-
2400 4489 2588 4557 vobis,
2613 4488 2827 4545 Scribe:
2857 4491 2918 4544 et
2964 4487 3258 4560 Pharisaei,
3284 4490 3424 4564 quia
3461 4491 3683 4552 tulistis

2033 4600 2061 4630 ‹‹
2093 4579 2313 4636 clavem
2338 4577 2589 4634 scientias
2616 4593 2628 4632 :
2656 4576 2771 4650 ipsi
2793 4592 2908 4633 non
2928 4576 3234 4648 introisti‘s,
3259 4583 3320 4637 et
3341 4597 3452 4639 eos
3468 4581 3574 4655 qui
3599 4582 3684 4640 iur

2035 4689 2064 4720 ‹‹
2092 4668 2350 4725 troibant
2378 4665 2762 4739 prohirbuistis
2792 4668 2944 4734 (Luc.
2977 4683 3060 4735 xr,
3087 4667 3200 4740 52).
3221 4690 3251 4720 ››

2102 4803 2167 4860 Χ.
2203 4802 2464 4874 Denique
2494 4799 2694 4857 audiat
2732 4800 3028 4874 paulisper
3077 4802 3350 4878 religiosa
3401 4806 3682 4866 sanctitas

2028 4897 2220 4949 vestra
2251 4907 2428 4962 quam
2454 4889 2742 4958 nefandis,
2768 4894 2943 4963 atque
2965 4891 3248 4951 inauditis
3275 4893 3677 4966 blasphemiis,

2029 4986 2088 5038 et
2118 4979 2391 5038 conviciis
2413 4978 2734 5035 Dominum
2755 4984 3025 5038 nostrum
3057 4981 3260 5038 Jesum
3281 4981 3605 5051 Christum,
3622 4987 3682 5039 et

2029 5069 2426 5127 Christianum
2450 5069 2580 5140 ejus
2606 5069 2890 5143 populum
2915 5070 3194 5126 irrideant
3215 5074 3271 5125 et
3291 5069 3675 5130 subsaunent.

2030 5161 2274 5218 Sanctos
2295 5157 2590 5232 apostolos
2625 5158 2803 5232 impie
2825 5160 3134 5216 immutate
3179 5157 3459 5218 vocabulo
3486 5159 3677 5233 appel-

2029 5250 2152 5306 lant
2177 5253 2504 5321 apostatas;
2529 5251 2812 5320 tanquam
2843 5265 2960 5303 non
3004 5247 3218 5302 missos
3237 5264 3274 5304 a
3293 5247 3434 5320 Deo,
3453 5249 3555 5308 sed
3589 5262 3678 5306 re-

2030 5341 2200 5413 fugas
2221 5335 2365 5410 legis
2385 5353 2524 5392 suae.
2540 5335 3098 5409 Evangelium,quOd
3121 5338 3432 5396 nosGraaco
3448 5337 3680 5412 eloquio

2031 5425 2414 5500 intelligimus
2455 5425 2674 5478 bonum
2711 5421 3014 5493 nuntium,
3061 5424 3175 5498 ipsi
3215 5427 3452 5500 propria
3477 5426 3680 5501 lingua

2031 5513 2494 5575 malitiosissime
2548 5512 2934 5570 immutantes
2992 5519 3202 5572 vocant
3248 5516 3675 5586 Havouemon,

2030 5608 2184 5682 quod
2215 5605 2632 5675 interpretatur
2664 5601 2865 5659 Latine
2886 5603 3228 5679 iniquitatis
3248 5606 3525 5668 revelatio.
3541 5625 3559 5670 ξ,
3585 5624 3678 5666 as-
