4094 6186
249 334 364 400 us
1506 343 1654 407 LIB.
1699 340 2012 410 comm
2050 345 2395 417 Jumsos.
3517 360 3672 453 ,ιδο

245 493 276 523 α
303 472 443 544 gent
469 472 639 527 terrm
673 470 926 542 tamiliis,
945 476 1002 564 et
1022 473 1256 532 familias
1286 490 1576 550 seorsum,
1603 479 1662 534 et
1692 475 1911 534 mulie-
1940 477 1999 548 Α
2027 479 2185 539 mine
2213 483 2445 543 Domini
2473 487 2615 545 Jesu
2646 485 2883 546 Christi.
2907 511 2936 541 ι)
2972 489 3102 549 Sive
3130 488 3192 549 in
3222 495 3500 564 secundo,
3533 511 3671 553 cum

246 587 276 615 «ι
304 577 401 617 res
425 577 630 617 eorum
653 578 920 618 seorsum
937 562 1133 635 (Zach.
1165 582 1268 637 x11,
1293 566 1553 636 1042),»
1595 571 1654 623 et
1688 571 1923 627 caetera.
2027 573 2293 632 veniente
2322 577 2569 633 Domino
2598 580 2668 634 ad
2694 580 3011 651 judicium,
3042 581 3324 640 videbunt
3352 583 3412 640 in
3442 562 3510 640 eo
3538 584 3671 640 vul-

247 651 311 745 In
343 655 578 745 tantum
618 667 877 724 namque
924 669 1126 745 eorum
1180 654 1467 745 processit
1513 655 1817 745 impietas,
1852 660 1920 713 ut
2026 679 2166 719 nera
2189 682 2317 737 qua:
2338 666 2663 723 intulerunt
2685 685 2698 723 :
2721 673 2777 724 et
2796 687 2899 742 pro
2924 674 3087 726 tanta
3110 672 3409 745 impietate
3429 676 3672 731 cernent

238 742 427 834 etiarn.
447 738 815 834 Scripturam
846 742 1246 834 propheticam
1277 743 1492 800 falsare
1514 744 1707 834 conati
1738 745 1859 800 sint
1890 761 1905 801 :
2024 768 2087 807 se
2115 769 2245 809 esse
2274 738 2915 824 damnandos.Quando
2935 738 3278 833 implebit-ur
3297 761 3454 834 quod
3478 764 3670 819 Domi-

240 833 295 886 et
321 828 429 924 ubi
453 847 561 885 nos
583 828 763 901 )sicut
784 829 1108 924 in_Hebr_azo
1130 848 1403 924 sermone
1431 834 1505 889 ab
1528 833 1696 924 initio
1731 834 1913 924 conti-
2020 856 2133 895 nus
2165 843 2224 897 in
2254 844 2561 917 Evangelio
2582 846 2760 902 dicit:
2791 849 2904 902 «Et
2929 828 3069 904 tunc
3099 828 3405 923 apparebit
3424 852 3664 924 signum

238 919 434 1012 natur)
460 934 533 974 ex
562 934 814 1012 persona
842 919 942 975 Dei
972 918 1196 1012 dictum
1230 919 1486 995 legimus
1518 938 1587 1012 :_«
1721 922 1907 978 eﬁ'un-
2022 951 2051 978 ‹‹
2085 930 2214 986 Filii
2243 932 2499 989 hominis
2522 934 2580 989 in
2603 936 2840 1003 coelo,et
2868 942 3009 992 tunc
3033 918 3312 1012 plangent
3330 918 3537 997 omnes
3566 942 3664 996 tri-

150 1076 165 1087 .
242 1030 270 1057 ‹‹
302 1008 439 1063 dam
470 1024 654 1096 super
678 1008 925 1064 domum
977 1008 1182 1080 David,
1214 1013 1272 1066 et
1319 1026 1499 1083 super
1548 1010 1908 1067 habitatores
2018 1040 2047 1068 «
2080 1019 2191 1076 bus
2214 1025 2380 1077 terrm
2400 1023 2605 1092 (Matth.
2639 1042 2791 1091 xxxv,
2813 1026 2976 1096 30).»
3002 1008 3241 1083 Undeet
3259 1028 3467 1085 beatus
3487 1030 3661 1085 Joan-

240 1118 266 1145 σε
302 1095 673 1152 Hierusalem
696 1096 982 1169 Spiritum
1004 1096 1227 1169 gratiae,
1246 1102 1303 1154 et
1336 1114 1577 1171 precum
1610 1115 1623 1154 :
1656 1103 1713 1154 et
1742 1099 1904 1171 aspi-
2014 1122 2119 1163 nes
2164 1106 2225 1164 in
2271 1108 2618 1184 Apocalypsi
2665 1095 2934 1181 testatur,
2960 1114 3161 1169 dicens
3189 1131 3202 1169 :
3240 1138 3269 1166 ‹‹
3299 1117 3444 1173 Ecce
3499 1118 3660 1174 venit

240 1207 267 1235 κ
299 1184 458 1240 cient
500 1186 575 1240 ad
608 1201 703 1241 me
733 1201 910 1258 quem
942 1186 1308 1242 conﬁxerunt
1336 1186 1550 1255 (Ibid);
1576 1207 1605 1237 »
1639 1186 1740 1242 ubi
1783 1190 1901 1242 sta-

235 1273 343 1329 tim
374 1274 520 1346 quia
551 1273 666 1330 iste
694 1273 772 1330 sit
804 1274 960 1331 Deus
980 1273 1079 1347 qui
1100 1274 1222 1331 haec
1250 1275 1323 1331 de
1364 1291 1426 1331 se
1455 1274 1735 1347 loquitur,
1761 1274 1897 1331 Pro-

234 1362 414 1435 pheta
441 1363 750 1419 evidenter
777 1363 1052 1431 ostendit,
1072 1364 1399 1437 adjungens
1424 1381 1437 1420 :
1476 1365 1592 1419 «Et
1618 1363 1899 1436 plangent

232 1468 367 1507 eum
400 1450 651 1525 planctu
678 1452 847 1525 quasi
875 1467 1053 1525 super
1072 1451 1444 1525 unigenitum
1480 1468 1494 1508 :
1525 1456 1584 1508 et
1613 1451 1896 1509 dolebunt

231 1557 412 1614 super
429 1556 501 1597 eo
518 1544 588 1597 ut
608 1540 794 1598 doleri
814 1540 962 1598 solet
981 1541 1042 1597 in
1073 1545 1260 1598 morte
1290 1540 1664 1614 primogeniti
1690 1558 1703 1597 :
1730 1563 1758 1592 »
1783 1541 1893 1598 iste

230 1629 389 1685 enim
419 1629 603 1686 Deus.

296 1719 441 1776 XIV.
478 1718 809 1792 Responsio
838 1718 1098 1776 veritatis
1126 1723 1330 1776 contra
1374 1720 1681 1793 praafatum
1731 1736 1888 1776 erro-

226 1825 351 1864 rem
365 1808 712 1865 Judaicum.
728 1808 837 1875 Qui
859 1824 921 1864 se
941 1809 1268 1864 eﬂ‘usurum
1290 1807 1433 1864 dicit
1452 1824 1631 1881 super
1642 1808 1884 1864 domum

224 1898 432 1965 David,
461 1901 522 1954 et
552 1914 735 1970 super
777 1896 1139 1955 habitatores
1187 1897 1551 1954 Hierusalem
1602 1897 1886 1970 Spiritum

222 1987 423 2060 gratias
438 1990 501 2043 et
518 2002 797 2059 precum;
820 1989 877 2042 et
904 2001 1019 2042 non
1039 1986 1109 2043 de
1129 1986 1261 2042 aliis
1283 1986 1460 2059 (sicut
1479 1984 1576 2042 isti
1593 1985 1890 2042 insanien-

218 2074 731 2148 tesdelirant),sed
755 2075 827 2130 de
842 2075 1064 2131 eisdem
1079 2074 1511 2132 habitatoribus
1521 2074 1885 2131 Hierusalem

216 2163 568 2238 subjungit:
597 2185 627 2215 ‹‹
648 2164 719 2220 Et
740 2162 1028 2236 aspicient
1045 2165 1118 2221 ad
1146 2180 1241 2220 me
1261 2180 1435 2238 quem
1457 2164 1838 2236 confixerunt,
1853 2185 1880 2214 ι)

214 2253 314 2310 Dei
346 2253 543 2310 Patris
572 2252 937 2327 unigenitus,
966 2259 1026 2311 et
1054 2254 1491 2328 primogenitus
1530 2257 1641 2325 est,
1665 2254 1737 2309 de
1766 2271 1882 2326 quo

212 2342 271 2397 in
306 2341 626 2417 Evangelia
657 2342 937 2409 scribitur
968 2360 982 2400 :
1021 2364 1049 2394 «
1071 2345 1142 2399 Et
1169 2343 1430 2400 vidimus
1456 2342 1704 2417 gloriam
1728 2344 1879 2415 ejus,

215 2452 242 2481 σι
271 2431 533 2505 gloriam
564 2431 739 2504 quasi
775 2430 1062 2506 unigeniti
1087 2450 1122 2488 a
1144 2432 1310 2488 Patre
1339 2433 1495 2489 Joan.
1528 2450 1569 2503 1,
1603 2433 1714 2500 14).
1746 2454 1777 2484 κ
1810 2433 1881 2489 Et

210 2519 536 2593 Apostolus
566 2520 713 2576 dicit
737 2538 751 2576 ε
780 2542 810 2572 ‹‹
833 2520 906 2577 Ut
936 2521 1016 2577 sit
1045 2520 1171 2593 ipse
1194 2520 1623 2594 primogenitus
1651 2520 1711 2576 in
1733 2520 1882 2576 mul-

211 2609 294 2665 tis
320 2608 614 2666 fratribus
643 2609 822 2681 (Rom.
852 2625 977 2681 vm,
991 2610 1104 2683 29).
1129 2631 1158 2661 »
1183 2611 1255 2666 Et
1287 2611 1347 2665 in
1375 2608 1720 2683 Apocalypsi
1743 2609 1881 2665 scri-

212 2704 380 2773 ptum
411 2704 508 2758 est
542 2717 556 2757 :
594 2722 625 2751 «
658 2699 1095 2773 Primogenitus
1119 2703 1581 2766 mortuorum,et
1606 2698 1879 2772 princeps

214 2812 241 2839 ιι
274 2805 484 2863 regum
516 2793 686 2845 terrae
721 2806 736 2843 :
768 2787 870 2861 qui
901 2788 1105 2844 dilexit
1136 2804 1266 2857 nos,
1288 2792 1346 2843 et
1374 2787 1516 2843 lavit
1544 2804 1652 2844 nos
1679 2805 1714 2844 a
1744 2804 1875 2859 pec-

215 2901 236 2927 ι
272 2880 425 2935 catis
459 2876 686 2935 nostris
704 2876 765 2932 in
788 2876 1077 2951 sanguine
1099 2893 1229 2933 suo.
1263 2876 1444 2949 (Apoc.
1472 2894 1513 2948 1,
1542 2875 1619 2948 5).
1653 2896 1683 2927 ››
1715 2877 1785 2931 Et
1815 2875 1874 2930 in

212 2966 451 3024 Psalmo
485 2984 502 3023 :
542 2988 570 3017 ‹‹
594 2968 667 3022 Et
695 2982 803 3038 ego
834 2965 1297 3039 primogenitum
1325 2981 1542 3037 ponam
1575 2964 1766 3032 illum,
1806 2980 1875 3019 ex

208 3057 433 3115 celsum
490 3073 615 3128 prae
660 3056 898 3129 regibus
946 3059 1112 3111 terra:
1157 3056 1332 3125 (Psal.
1382 3070 1648 3125 Lxxxvm,
1693 3053 1804 3125 28).
1843 3076 1865 3106 ι

207 3146 371 3203 Unde
400 3145 464 3200 in
491 3144 589 3201 bis
610 3143 787 3200 dictis
814 3142 1173 3216 propheticis
1203 3142 1548 3203 brevissime
1567 3146 1625 3199 et
1652 3141 1870 3215 plenis-

2012 1217 2041 1246 «
2072 1198 2589 1268 cum‘nubibus,et
2605 1200 2823 1257 videbit
2842 1202 3036 1258 omnis
3055 1202 3282 1273 oculus,
3298 1209 3357 1260 et
3386 1206 3487 1277 qui
3518 1223 3655 1261 eum

2010 1306 2039 1335 ‹‹
2066 1292 2444 1361 pupugerunt
2473 1305 2487 1345 :
2521 1294 2580 1346 et
2610 1289 2890 1364 plangent
2916 1307 2979 1348 se
3010 1308 3189 1365 super
3216 1308 3284 1349 eo
3314 1292 3507 1351 omnis
3551 1295 3654 1349 tri-

2008 1394 2037 1425 ‹‹
2069 1375 2180 1431 bus
2211 1380 2398 1434 terrae.
2431 1379 2652 1447 Etiam;
2686 1396 2857 1436 amen
2888 1382 3066 1454 (Apoc.
3103 1399 3143 1448 1,
3172 1384 3249 1452 7).
3284 1404 3312 1434 υ
3384 1438 3387 1445 ,

2075 1464 2191 1521 XV.
2225 1466 2321 1524 Sic
2370 1468 2566 1540 itaque
2616 1469 2714 1525 isti
2760 1469 3044 1538 infelices,
3073 1488 3280 1528 sanam
3325 1473 3654 1531 doctrinam

2002 1570 2119 1610 non
2149 1555 2531 1626 sustinentes,
2556 1560 2658 1615 sed
2690 1560 2763 1615 ad
2791 1577 2900 1616 sua
2929 1560 3219 1617 desideria
3247 1567 3653 1621 coacervantes

1999 1641 2113 1698 sibi
2145 1642 2459 1715 magistros
2492 1645 2821 1717 prurientes
2852 1647 3098 1704 auribus
3132 1665 3146 1704 :
3180 1666 3215 1704 a
3237 1649 3478 1706 veritate
3498 1668 3654 1709 aver-

1998 1730 2070 1797 si,
2100 1735 2160 1787 et
2201 1732 2274 1787 ad
2326 1732 2555 1789 fabulas
2599 1735 2890 1803 conversi;
2924 1736 3067 1792 dum
3113 1753 3297 1791 unum
3338 1742 3397 1794 et
3443 1755 3649 1797 verum

1999 1818 2320 1888 Christum,
2345 1819 2444 1892 qui
2466 1836 2534 1876 ex
2564 1821 2690 1895 lege
2712 1827 2767 1880 et
2789 1824 3089 1896 prophetis
3101 1826 3227 1897 jam
3259 1826 3488 1883 venisse
3517 1845 3647 1883 ma-

2001 1907 2382 1965 nifestissime
2403 1911 3061 1984 ostenditur,suscipere
3082 1915 3511 1982 renuunt,duos
3533 1916 3646 1972 sibi

1997 1996 2177 2054 falsos
2208 1998 2278 2054 de
2301 1997 2454 2054 malo
2482 1998 2758 2056 thesauro
2781 2001 2972 2056 cordis
2994 2001 3084 2058 sui
3113 2002 3443 2059 finxerunt:
3469 2008 3645 2077 atque

1995 2086 2079 2142 ita
2107 2087 2456 2158 semetipsos
2477 2086 2821 2144 Antichristi
2843 2088 3215 2146 illusionibus
3244 2095 3400 2147 totos
3430 2110 3647 2164 praepa-

1994 2172 2287 2222 raverunt.
2325 2167 2428 2223 Ubi
2450 2167 2607 2223 enim
2640 2184 2901 2240 unquam
2937 2168 2998 2223 in
3029 2170 3349 2242 Seripturis
3396 2173 3643 2245 prophe-

1992 2246 2127 2303 ticis
2148 2248 2416 2303 auditum
2447 2252 2554 2314 est,
2574 2251 2640 2302 ut
2686 2248 2866 2317 (sicut
2912 2248 3025 2321 ipsi
3057 2249 3279 2321 dicunt)
3303 2251 3362 2306 in
3404 2253 3642 2308 subver-

1991 2336 2154 2392 sione
2185 2334 2436 2391 civitatis
2467 2335 2831 2392 Hierusalem
2853 2341 2912 2392 et
2933 2337 3138 2409 templi
3161 2338 3430 2395 Christus
3448 2358 3642 2398 nasce-

1990 2415 2185 2472 retur?
2216 2415 2361 2471 Cum
2392 2431 2421 2470 e
2454 2416 2747 2471 contrario
2779 2420 2971 2472 stante
3001 2418 3193 2473 adhuc
3223 2418 3444 2492 templo
3474 2424 3533 2477 et
3561 2421 3641 2476 ci-

1986 2505 2509 2573 vitate,adventum
2532 2505 2661 2578 ejus
2683 2504 2839 2561 Deus
2852 2507 3155 2577 promittat
3168 2523 3271 2579 per
3293 2507 3642 2566 Malachiam

1988 2593 2563 2668 prephetam,dicens
2588 2610 2601 2648 :
2629 2615 2656 2645 «
2670 2594 2813 2650 Ecce
2826 2611 2931 2667 ego
2947 2593 3115 2650 mitto
3129 2594 3402 2668 angelum
3417 2614 3637 2665 meum,

1988 2706 2017 2735 «
2047 2688 2103 2740 et
2134 2682 2483 2756 praeparabit
2512 2682 2665 2738 viam
2697 2688 2831 2739 ante
2863 2683 3069 2739 faciem
3102 2700 3295 2739 meam
3320 2703 3333 2741 :
3358 2689 3414 2741 et
3436 2687 3638 2742 statim

1989 2795 2018 2825 «
2047 2772 2241 2828 veniet
2268 2772 2342 2828 ad
2374 2770 2660 2844 templum
2712 2787 2888 2827 suum
2938 2772 3282 2828 Dominator
3328 2790 3504 2846 quem
3533 2792 3636 2832 vos

1988 2883 2016 2912 α
2048 2860 2331 2934 quaaritis,
2356 2864 2414 2915 et
2450 2859 2706 2932 Angelus
2756 2860 3092 2915 testamenti
3121 2876 3297 2931 quem
3327 2878 3429 2918 vos
3458 2862 3636 2920 vultis

1984 2971 2014 3001 «
2045 2949 2292 3023 (Malach.
2323 2965 2406 3015 ιιι,
2441 2949 2513 3017 1).
2546 2969 2573 2997 »
2607 2947 2676 3001 Et
2705 2963 2820 3002 non
2852 2946 3042 3002 solum
3073 2942 3409 3017 adventum,
3444 2952 3545 3006 sed
3576 2955 3634 3007 et

1981 3037 2315 3112 passionem
2334 3037 2382 3109 ej
2392 3054 2460 3092 us
2474 3039 2607 3091 ante
2618 3035 3073 3091 destructionem
3087 3035 3337 3093 civitatis
3358 3041 3416 3094 et
3426 3039 3630 3112 templi

1980 3129 2260 3194 futuram,
2285 3124 2517 3183 Gabriel
2548 3124 2790 3199 angelus
2820 3142 2923 3199 per
2951 3125 3248 3181 Danielem
3282 3127 3628 3200 prophetam

206 3235 352 3291 sime
384 3232 743 3307 mysterium
771 3212 985 3289 Christi
1036 3232 1526 3305 comprehensum
1575 3212 1694 3299 est;
1727 3232 1870 3287 dum

1987 3216 2317 3287 annuntiat,
2350 3214 2552 3271 dicens
2585 3231 2598 3270 :
2635 3236 2663 3264 ‹‹
2694 3214 2764 3269 Et
2790 3218 2921 3287 post
2951 3214 3253 3288 sexaginta
3302 3216 3451 3273 duas
3496 3217 3634 3273 heb-

208 3324 301 3381 illc
330 3324 433 3396 qui
457 3322 537 3379 ab
566 3320 770 3394 impiis
792 3322 1057 3378 confixus
1076 3326 1135 3378 et
1162 3323 1477 3377 transﬁxus
1499 3324 1675 3393 est,et
1689 3319 1864 3391 Deus,

208 3416 264 3468 et
292 3410 669 3486 unigenitus,
699 3415 758 3465 et
785 3410 1211 3484 primogenitus
1241 3426 1370 3467 esse
1399 3410 1865 3466 commendatur.

210 3500 313 3557 Ubi
340 3516 485 3573 ergo
518 3514 633 3555 nos
648 3498 823 3570 juxta
850 3498 1026 3554 ﬁdem
1057 3498 1371 3571 Scriptura
1396 3502 1635 3570 sanctae,
1648 3515 1717 3556 ex
1744 3514 1868 3570 per-

209 3607 352 3648 sona
381 3588 487 3646 Dei
521 3587 782 3661 legimus
815 3603 830 3642 :
862 3608 892 3637 ιι
913 3587 981 3643 Et
1003 3587 1291 3660 aspicient
1320 3588 1391 3643 ad
1414 3604 1527 3659 me,
1542 3603 1716 3660 quem
1735 3604 1868 3643 con-

216 3702 245 3730 ιι
272 3681 562 3747 ﬁxerunt;
593 3700 616 3726 ι
653 3675 737 3731 illi
770 3675 1038 3748 quamvis
1069 3676 1127 3731 in
1157 3676 1283 3749 ipso
1315 3680 1474 3732 textu
1505 3675 1864 3749 1ibri,divino

213 3774 353 3825 nutu
383 3770 648 3824 terrente
677 3782 793 3821 non
828 3765 1047 3821 fuerint
1074 3765 1202 3821 ausi
1233 3768 1462 3821 mutare
1493 3782 1507 3821 :
1540 3768 1737 3821 tamen
1767 3781 1865 3820 ex-

214 3858 505 3915 trinsecus
535 3874 567 3913 e
586 3854 769 3912 latere
789 3854 1134 3911 adnotatum
1154 3854 1375 3911 habent
1394 3854 1548 3910 sicut
1568 3870 1749 3926 supra
1768 3870 1865 3925 po-

214 3946 470 4003 suimus:
493 3943 802 4016 Aspicient
829 3943 903 3998 ad
933 3958 1069 3999 eum
1091 3959 1267 4015 quem
1300 3943 1666 3998 conﬁxerunt
1696 3958 1710 3998 :
1744 3963 1772 3992 ››
1807 3945 1867 3997 et

215 4035 297 4091 sic
322 4035 572 4091 tradunt
590 4032 720 4088 suis
740 4030 1070 4103 discipulis,
1088 4029 1326 4086 utsicut
1346 4029 1404 4085 in
1422 4034 1581 4085 textu
1603 4029 1863 4085 contine-

216 4127 308 4179 tur
328 4121 754 4192 transeribant,
786 4119 891 4175 sed
923 4117 1075 4174 sicut
1103 4117 1245 4174 foris
1276 4119 1620 4174 adnotatum
1660 4121 1749 4174 est
1781 4116 1862 4173 le-

215 4216 374 4286 gant.
400 4212 473 4268 Ut
514 4213 757 4266 teneant
799 4207 1091 4276 videlicet,
1122 4207 1278 4280 quod
1307 4208 1479 4279 juxta
1528 4222 1730 4262 eorum
1765 4206 1863 4261 de-

215 4300 550 4371 mentiam,J
558 4297 709 4354 udaei
733 4296 1021 4369 aspicient
1041 4296 1114 4352 ad
1128 4312 1265 4352 eum
1279 4311 1454 4368 quem
1476 4294 1861 4362 confixerunt,

215 4391 330 4464 θος
354 4394 415 4447 et
442 4389 662 4461 Magog
686 4404 701 4443 :
727 4402 864 4442 cum
883 4385 942 4440 in
961 4385 1074 4441 hoc
1093 4384 1220 4442 loco
1260 4383 1425 4440 nulla
1459 4383 1699 4440 omnino
1729 4382 1864 4439 illa-

218 4495 341 4534 rum
369 4477 645 4551 gentium
687 4474 911 4531 mentio
960 4473 1092 4541 ﬁat;
1125 4473 1229 4529 sed
1278 4488 1459 4546 supra
1503 4471 1864 4528 habitatores

1981 3332 2002 3358 α
2036 3306 2318 3364 domades
2367 3303 2666 3360 occidetur
2712 3303 3023 3361 Christus:
3059 3308 3116 3360 et
3162 3320 3278 3360 non
3339 3306 3453 3362 erit
3497 3307 3627 3379 ejus

1981 3419 2003 3446 ι
2038 3394 2311 3469 populus,
2343 3392 2443 3465 qui
2474 3409 2609 3448 eum
2642 3396 2963 3465 negaturus
2985 3398 3093 3449 est.
3128 3396 3196 3449 Et
3224 3393 3539 3465 civitatem,
3574 3399 3635 3452 et

1979 3507 2008 3535 ‹‹
2033 3482 2437 3541 sanctuarium
2451 3480 2766 3554 dissipabit
2777 3482 3031 3555 populus
3045 3500 3179 3538 cum
3202 3483 3349 3539 duce
3359 3488 3604 3541 venturo
3616 3528 3628 3540 .

1979 3596 2007 3625 α
2037 3574 2107 3629 Et
2137 3570 2274 3627 ﬁnis
2304 3572 2434 3644 ejus
2463 3570 2727 3639 vastitas,
2747 3574 2805 3626 et
2835 3574 2967 3643 post
2997 3572 3175 3627 tinem
3223 3571 3361 3628 belli
3409 3575 3635 3630 statuta

1978 3683 2007 3712 ‹‹
2040 3659 2322 3717 desolatio
2353 3661 2515 3728 (Dan.
2546 3677 2623 3726 1x,
2649 3659 2761 3729 26).
2795 3680 2823 3708 ››
2859 3659 2922 3713 In
2955 3659 3171 3730 quibus
3192 3659 3383 3717 verbis
3405 3661 3634 3718 eviden-

1973 3754 2064 3806 ter
2083 3748 2430 3815 ostenditur,
2457 3747 2596 3819 quia
2618 3763 2730 3801 non
2755 3746 2944 3801 solum
2964 3747 3351 3803 vastationem
3379 3748 3633 3805 civitatis

1973 3843 2032 3896 et
2062 3837 2264 3911 templi
2298 3834 2603 3909 praecessit
2634 3835 2920 3889 adventus
2942 3836 2998 3889 et
3018 3834 3215 3905 passio
3251 3833 3496 3903 Christi;
3530 3838 3632 3892 sed

1971 3928 2148 3983 etiam
2181 3929 2419 3999 propter
2438 3924 2628 3995 ipsam
2660 3920 2995 3994 passionem
3018 3925 3073 3977 et
3092 3925 3551 3994 mortem,quam
3576 3924 3631 3980 ei

1972 4015 2149 4088 impie
2164 4013 2511 4080 intulerunt,
2534 4010 2810 4066 continuo
2831 4009 3150 4066 subsecuta
3170 4010 3248 4067 sit
3275 4009 3377 4067 illa
3397 4012 3631 4069 subver-

1973 4106 2080 4162 sio.
2113 4105 2184 4159 Et
2214 4092 2599 4176 perdiderunt
2650 4097 2952 4153 Christum
3005 4099 3237 4168 ducem,
3266 4100 3338 4155 de
3379 4117 3495 4172 quo
3527 4117 3632 4173 per

1973 4193 2279 4251 Michaeam
2294 4188 2640 4263 prophetam
2657 4187 3016 4260 promissum
3034 4187 3248 4243 fuerat:
3268 4189 3389 4244 «Ex
3402 4189 3628 4246 teenim

1978 4305 2005 4335 «
2038 4282 2189 4339 exict
2218 4280 2354 4347 dux,
2389 4276 2493 4350 qui
2525 4280 2693 4350 regat
2714 4276 2999 4349 populum
3023 4293 3222 4333 meum
3246 4277 3422 4334 Israel
3446 4278 3629 4348 (Mieh.

1978 4396 2006 4425 ‹‹
2033 4373 2112 4440 v).
2145 4393 2172 4423 »
2212 4369 2285 4426 Ut
2313 4366 2522 4422 merito
2572 4382 2691 4421 non
2738 4366 2816 4421 sit
2865 4366 2993 4437 ejus
3043 4366 3315 4438 populus,
3350 4367 3448 4439 qui
3490 4385 3628 4424 eum

1974 4460 2226 4535 negavit,
2255 4462 2313 4515 et
2359 4455 2593 4513 occidit.
2624 4455 2696 4509 Et
2743 4457 2978 4527 propter
3025 4453 3136 4509 hoc
3186 4453 3377 4510 scelus
3424 4456 3627 4511 traditi

220 4541 576 4624 Hierusalem
600 4566 1158 4631 commemorentur,
1173 4561 1245 4618 de
1266 4541 1481 4635 quibus
1502 4565 1699 4634 aperte
1711 4561 1864 4618 Deus
1895 4579 1945 4647 Β
1974 4555 2116 4647 sunt
2145 4553 2368 4606 aeternae
2401 4542 2721 4647 captivitati
2756 4560 2768 4599 :
2898 4559 3015 4647 qua
3044 4542 3183 4647 licet
3203 4542 3317 4647 ipsi
3349 4541 3466 4647 sibi
3484 4542 3626 4647 libe:

220 4655 354 4712 dicit
381 4673 396 4712 :
433 4655 554 4711 «Et
585 4652 877 4726 aspicient
902 4652 970 4707 ad
1014 4666 1108 4707 me
1129 4631 1303 4723 quem
1333 4631 1698 4706 conﬁxerunt
1720 4668 1733 4706 :
1758 4672 1785 4700 ››
1811 4652 1869 4707 ct
1895 4631 1941 4647 u
1976 4640 2259 4697 rationem
2291 4631 3001 4726 promittant,manifcste
3013 4631 3299 4726 propheta
3318 4632 3631 4726 confirmat

220 4744 289 4800 de
304 4744 509 4801 iisdem
528 4741 812 4800 continuo
829 4740 961 4811 subj
970 4742 1255 4812 ungatur:
1280 4742 1377 4793 «et
1396 4736 1674 4811 plangent
1697 4742 1862 4795 teer

224 4856 253 4881 ιι
282 4830 873 4901 familiamfamilia
902 4844 1168 4885 seorsum
1195 4843 1209 4884 :
1240 4849 1268 4878 ››
1302 4827 1360 4882 id
1381 4833 1493 4897 est,
1512 4825 1745 4883 familiae
1767 4828 1864 4883 do-

220 4937 347 4978 mus
364 4921 571 4987 David,
588 4923 648 4976 et
676 4920 893 4976 domus
913 4918 1166 4989 Nathan,
1181 4920 1241 4973 et
1260 4917 1471 4973 domus
1506 4916 1661 4987 Levi,
1682 4921 1739 4973 et
1769 4916 1865 4973 do-

220 5025 349 5066 mus
374 5009 594 5081 Semei,
614 5013 674 5066 et
700 5023 907 5066 omnes
936 5006 1172 5080 reliqum
1206 5023 1220 5062 :
1255 5010 1320 5062 ut
1347 5005 1587 5063 omnino
1617 5005 1730 5079 ipsi
1761 5004 1865 5079 qui

218 5100 714 5171 conﬁxerunt,pro
728 5100 892 5154 tanto
913 5095 1130 5154 scelere
1142 5093 1416 5169 plangere
1441 5094 1862 5167 intelligantur.

217 5184 347 5242 Sive
390 5187 449 5243 in
497 5186 689 5261 primo
739 5186 1013 5257 adventu,
1046 5188 1180 5258 post
1227 5183 1560 5256 passionem
1608 5183 1862 5256 Domini,

217 5277 447 5347 quando
494 5276 956 5350 praedicantibus
1006 5273 1290 5347 apostolis
1339 5273 1675 5345 compuncti
1725 5278 1866 5329 sunt

213 5365 479 5437 eorde,et
506 5364 780 5422 dolentes
810 5364 1083 5420 dixerunt
1114 5380 1128 5419 :
1166 5384 1195 5414 «
1217 5360 1339 5417 Viri
1371 5362 1605 5430 fratres,
1624 5360 1763 5434 quid
1789 5363 1866 5417 fa-

218 5472 258 5501 c
288 5451 493 5512 ciemus
538 5455 678 5529 (Act.
727 5471 792 5526 11,
839 5454 929 5523 37,
961 5451 1102 5521 38)?
1131 5474 1159 5503 »
1205 5455 1265 5507 et
1309 5450 1508 5506 statim
1549 5450 1861 5507 consilium

216 5538 421 5599 salutis
452 5546 832 5617 acceperunt,
881 5541 1111 5597 dicente
1141 5540 1306 5595 Petro
1337 5539 1408 5594 ad
1442 5555 1542 5593 eos
1577 5555 1589 5593 :
1628 5560 1656 5589 «
1687 5538 1868 5594 Pumi-

225 5650 265 5679 α
291 5631 513 5691 tentiam
543 5632 731 5708 agite,
762 5635 821 5687 et
850 5630 1174 5703 baptizatur
1202 5626 1611 5700 unusquisque
1651 5628 1712 5685 in
1764 5646 1866 5686 no-

1971 4731 2111 4807 quia
2144 4751 2171 4780 ι(
2204 4725 2339 4782 finis
2366 4725 2495 4797 ejus
2516 4722 2849 4789 vastitas,et
2880 4724 3012 4794 post
3042 4720 3221 4776 linem
3251 4720 3385 4777 belli
3408 4724 3630 4778 statuta

1974 4844 2003 4874 «
2032 4815 2316 4877 desolatio
2351 4831 2363 4869 :
2399 4816 2457 4869 et
2478 4828 2665 4884 usque
2686 4809 2758 4866 ad
2781 4809 3350 4866 consummationem
3372 4812 3429 4866 et
3448 4810 3625 4866 ﬁnem

1976 4934 2004 4963 «
2033 4903 2427 4983 perseverabit
2458 4898 2743 4957 desolatio
2768 4899 2926 4969 (Dan.
2963 4916 3040 4966 1x,
3072 4899 3186 4971 27).
3219 4920 3248 4951 ››

2043 4996 2187 5054 XVI.
2238 4991 2403 5059 Quod
2449 4988 2720 5045 similiter
2774 4986 2953 5044 etiam
3002 4986 3288 5044 Jeremias
3340 4984 3626 5057 propheta

1973 5090 2246 5153 testatur,
2278 5081 2402 5148 ubi,
2435 5078 2804 5152 praecipiente
2852 5077 3122 5145 Domino,
3149 5076 3417 5147 lagenam
3457 5072 3623 5146 figuli

1973 5181 2218 5235 testeum
2240 5172 2300 5227 in
2314 5170 2499 5228 oculis
2515 5185 2717 5225 eorum
2736 5160 3580 5240 projccit,etconfregit,dicens
3605 5181 3618 5219 :

1976 5290 2005 5319 ‹‹
2039 5258 2618 5322 HaecdicitDominus
2641 5274 2654 5313 :
2681 5256 2774 5314 Sic
2788 5258 3082 5311 conteram
3103 5251 3395 5307 civitatem
3421 5251 3620 5321 istam,

1976 5379 2005 5408 ‹‹
2028 5358 2085 5412 et
2113 5351 2396 5427 populum
2428 5347 2790 5415 istum,sicut
2811 5341 3243 5400 conteriturvas
3264 5339 3451 5414 ﬁguli,
3467 5342 3621 5413 quod

1979 5470 2001 5497 ι
2039 5462 2154 5501 non
2186 5445 2377 5515 potest
2408 5438 2562 5493 ultra
2589 5432 2902 5491 instaurari
2932 5432 3147 5505 (larem.
3171 5449 3285 5501 x111,
3314 5431 3421 5500 11).
3446 5452 3475 5481 ››
3511 5430 3622 5488 Sed

1974 5540 2033 5592 et
2063 5551 2165 5607 per
2193 5531 2336 5587 Osee
2367 5526 2710 5600 prophetam
2740 5522 2941 5577 eodem
2964 5521 3139 5577 modo
3159 5520 3445 5577 Dominus
3464 5538 3622 5577 com-

1976 5624 2254 5688 minatur,
2270 5618 2471 5675 dicens
2496 5630 2509 5668 :
2536 5612 2815 5707 «,Proptcr
2835 5610 3123 5668 malitiam
3142 5609 3621 5668 adinventionum
