4094 6186
439 339 546 404 1M

1653 335 2055 401 AMULOM‘S
2099 333 2347 400 ME.
2391 337 2625 400 LUﬁ'D.

3736 339 3848 399 il!

439 481 727 545 deorum,
759 474 830 532 de
860 467 1034 530 domo
1063 487 1194 528 mea
1221 471 1452 545 ejiciam
1507 489 1626 529 eos.
1667 471 1793 528 Non
1843 471 2076 539 addam,
2108 470 2165 537 Α
2194 472 2539 541 adventum;
2574 472 2672 544 qui
2706 475 2826 528 tam
2854 471 3050 528 clarus
3077 471 3300 527 mundo
3333 468 3546 539 illuxit,
3581 474 3649 527 ut
3689 472 3760 528 de
3785 491 3850 529 eo

440 571 562 622 «ut
581 565 823 640 diligam
855 580 954 620 eos
987 563 1127 636 (0&6.
1160 581 1238 631 Ix,
1267 563 1376 631 15).
1407 586 1426 611 n
1463 563 1533 618 Et
1562 562 1773 618 iterum
1807 577 1820 616 :
1849 583 1876 612 ι(
1906 563 1978 617 Et
2000 577 2096 633 po-

441 678 462 705 α
493 655 670 728 pulus
700 659 869 710 meus
900 652 1176 725 pendebit
1203 653 1273 706 ad
1309 651 1562 708 reditum
1603 669 1802 707 meum
1838 652 2092 722 :jugum

2203 562 2360 617 dicat
2383 562 2525 617 Osee
2543 562 2827 635 propheta
2852 579 2864 616 :
2895 585 2922 612 ι(
2945 561 3119 629 Quasi
3141 560 3469 617 diluculum
3493 567 3854 634 przeparatus

2208 673 2236 701 ‹‹
2265 655 2356 706 est
2373 668 2644 723 egressus
2675 653 2802 722 ejus
2825 651 2964 719 (Ose.
2996 669 3070 721 v1,
3103 651 3174 722 3).
3207 674 3233 701 »
3271 652 3339 706 Et
3368 650 3642 706 Habacuc
3683 651 3856 707 simi-

437 767 466 795 «
498 749 693 799 autem
724 743 1058 814 imponetur
1085 741 1137 796 ei
1177 741 1376 809 simul,
1412 743 1565 814 quod
1619 758 1734 796 non
1792 741 2090 796 auferetur
2204 743 2338 798 liter
2370 760 2383 797 :
2422 741 2756 814 «Splendor
2778 743 2907 811 ejus
2939 745 3003 795 ut
3033 739 3132 795 lux
3161 739 3272 795 erit
3295 755 3307 794 :
3331 756 3555 794 cornua
3575 739 3637 794 in
3667 740 3858 795 mani-

439 856 467 883 ‹‹
497 833 664 903 (Ibid.
691 850 768 899 x1,
791 835 868 901 7).
901 853 930 881 ››
964 831 1111 886 Nam
1130 835 1188 886 et
1216 849 1318 904 per
1348 831 1695 886 Malachiam
1719 829 2094 902 prophetam,

437 921 500 976 in
528 922 780 977 adVen-tu
811 920 971 992 Elite,
1003 924 1061 976 et
1092 937 1212 975 non.
1243 919 1519 976 relaxatio
1569 919 1948 992 captivitatis,
1982 934 2097 972 non

439 1010 660 1066 reditus
684 1010 744 1065 in
763 1013 982 1066 terram
1008 1010 1419 1077 Judzeam,non
1441 1009 1789 1064 restauratio
1821 1007 2096 1073 civitatis,

441 1104 499 1156 et
518 1097 1299 1171 templi,etca3remoniarum
1314 1097 1590 1171 legalium
1608 1114 1622 1164 ;
1641 1099 1742 1154 sed
1767 1096 1894 1153 sola
1915 1094 2098 1162 salus,

445 1188 570 1246 sola
599 1187 733 1243 fidei
765 1188 952 1261 gratia
981 1187 1066 1243 eis
1111 1186 1494 1260 promittitur,
1529 1187 1755 1242 dicente
1804 1185 2050 1242 Domino
2085 1189 2099 1228 ί

451 1300 478 1327 ‹‹
509 1279 654 1334 Ecce
684 1293 790 1350 ego
821 1277 1053 1332 mittam
1087 1276 1252 1333 vobis
1272 1275 1459 1332 Eliam
1480 1275 1819 1332 Thesbitem
1845 1292 1858 1330 :
1883 1279 1942 1331 et
1961 1291 2104 1330 con-

453 1388 482 1418 ‹‹
511 1369 696 1424 vertet
725 1383 826 1422 cor
853 1370 1089 1439 patrum
1123 1366 1194 1422 ad
1227 1365 1402 1433 ﬁlios,
1434 1369 1493 1421 et
1518 1381 1617 1421 cor
1640 1363 1894 1421 ﬁliorum
1917 1365 1986 1420 ad
2012 1380 2108 1436 pa-

456 1476 492 1506 ‹ο
516 1458 637 1511 tres
657 1469 865 1511 eorum
895 1455 1148 1525 (Malach.
1173 1471 1249 1524 1v,
1273 1455 1328 1523 5,
1350 1454 1436 1525 6);
1463 1475 1491 1504 ››
1534 1457 1600 1509 ut
1634 1453 1906 1509 videlicet
1931 1454 2107 1509 corda

455 1543 706 1600 istorum
738 1543 996 1600 filiorum
1029 1542 1521 1614 carnalium,quze
1545 1559 1702 1598 nunc
1723 1558 1826 1614 per
1845 1541 2108 1597 incredu-

451 1633 675 1689 litatem
723 1649 892 1690 suam
942 1634 1016 1689 ab
1073 1632 1452 1704 antiquorum
1503 1635 1734 1703 patrum
1787 1632 1900 1687 ﬁde
1935 1631 2107 1704 longe

452 1721 749 1794 disjuncta
779 1727 938 1792 sunt,
973 1727 1114 1778 tunc
1143 1725 1305 1777 tanto
1331 1721 1614 1793 propheta
1641 1721 2018 1792 praedicante,
2050 1723 2109 1775 et

2210 851 2237 884 «
2270 834 2380 888 bus
2410 833 2539 904 ejus
2571 831 2650 885 ibi
2682 831 3026 886 abscondita
3054 834 3142 885 est
3173 829 3452 884 fortitudo
3482 829 3612 900 ejus
3633 829 3857 898 (Habac.

2213 942 2240 974 (‹
2274 939 2355 988 111,
2391 922 2478 992 li);
2514 942 2540 971 »
2584 921 2739 992 quod
2788 918 3156 992 apertissime
3211 919 3286 974 de
3343 917 3535 974 crucis
3585 919 3862 991 passione

2209 1014 2434 1069 dictum
2466 1015 2574 1067 est.

2281 1101 2478 1159 XVIII.
2513 1101 2622 1156 Sed
2651 1103 2708 1155 et
2739 1098 2920 1155 Isaias
2953 1113 2966 1152 :
3005 1119 3033 1149 ‹‹
3067 1098 3308 1170 Propter
3335 1096 3865 1170 Sion,inquit,nen

2216 1214 2245 1242 ‹‹
2275 1191 2500 1257 tacebo,
2515 1193 2572 1245 et
2584 1192 2818 1262 prepter
2831 1187 3194 1244 Hierusalem
3208 1203 3322 1241 non
3343 1185 3665 1258 quiescam,
3679 1187 3870 1243 donec

2219 1294 2247 1333 «ξ
2277 1280 2611 1354 egrediatur
2632 1282 2695 1333 ut
2724 1277 3001 1348 splendor
3011 1277 3213 1347 justus
3236 1276 3452 1347 ejus,et
3471 1275 3870 1346 salvatorejus

2222 1393 2244 1420 ι
2280 1376 2346 1428 ut
2372 1370 2602 1442 lampas
2632 1367 3002 1424 accendatur.
3019 1367 3088 1421 Et
3105 1365 3388 1420 videbunt
3414 1368 3618 1437 gentes
3628 1365 3871 1436 justum

2220 1484 2248 1513 «
2280 1466 2470 1529 tuum,
2505 1463 2562 1515 et
2591 1456 2788 1514 cuncti
2819 1472 2984 1527 reges
3013 1455 3297 1527 inclytum
3345 1457 3512 1510 tuum
3562 1453 3698 1525 (ιω.
3733 1471 3870 1522 Lxu,

2219 1573 2249 1603 «
2281 1554 2333 1623 1,
2365 1552 2440 1621 2).
2471 1572 2498 1602 ››
2535 1553 2717 1616 Quem
2751 1564 2865 1603 non
2898 1544 3057 1617 longi
3079 1543 3360 1617 temporis
3391 1543 3578 1614 spatio
3600 1544 3874 1600 tardatu-

2216 1658 2370 1709 rum,
2387 1641 2487 1696 sed
2515 1637 2789 1695 velociter
2808 1640 2866 1691 et
2887 1633 3170 1690 citissime
3190 1634 3262 1689 de
3283 1631 3515 1688 diabolo
3546 1632 3878 1705 triumpha-

2216 1738 2439 1797 turum,
2468 1733 2525 1784 et
2555 1727 2811 1800 praedam
2843 1741 2910 1780 ac
2942 1722 3130 1795 spolia
3160 1723 3289 1794 ejus
3321 1725 3703 1794 sumpturum
3753 1722 3878 1778 Do-

452 1810 568 1908 ]?30
619 1815 989 1908 οεξῐὶνθνίῖθηῖθ
1035 1827 1236 1867 eorum
1288 1811 1421 1865 ﬁdei
1442 1898 1454 1908 _
1473 1810 1770 1867 εοθίθῐιίιπ
1789 1827 1808 1908 ξ
1843 1814 1902 1865 et
1930 1809 2103 1908 ἐωξξᾶ
2134 1843 2184 1908 Β
2213 1824 2411 1889 minus
2442 1835 2544 1891 per
2573 1816 2845 1874 eumdem
2870 1813 3216 1885 prophetam
3240 1811 3569 1883 promittit:
3595 1810 3880 1884 quipost-

453 1901 798 1972 Apostolum
839 1901 1015 1973 (Rom.
1061 1918 1139 1968 x1,
1162 1901 1274 1969 24),
1311 1898 1459 1954 rami
1503 1903 1739 1970 propter
1787 1898 2106 1954 increduli—

456 1993 635 2046 tatem
689 1989 877 2059 fracti,
913 2006 1016 2062 per
1072 1988 1394 2044 bonitatem
1455 1988 1555 2044 Dei
1607 1989 1943 2044 inserantur
1990 2005 2107 2042 sum

462 2078 644 2134 olivaa.
678 2079 790 2134 Sed
824 2083 881 2135 et
911 2078 971 2134 in
1003 2079 1147 2135 Osee
1176 2077 1461 2148 propheta
1491 2093 1505 2132 :
1541 2078 1677 2133 Post
1705 2077 1923 2133 multos
1965 2078 2111 2132 istos

465 2167 609 2235 dies,
627 2167 842 2238 quibus
863 2167 1040 2236 (sicut
1062 2166 1407 2238 praedictum
1429 2167 1537 2237 est)
1558 2167 1763 2221 sedent
1800 2166 1904 2220 ﬁlii
1937 2166 2111 2221 Israel

468 2255 593 2312 sine
626 2260 850 2328 rege,et
871 2255 996 2311 sine
1013 2254 1295 2328 principe,
1314 2257 1371 2310 et
1407 2255 1533 2311 sine
1573 2255 1878 2323 sacriﬁcio,
1902 2260 1960 2310 ct
1988 2254 2114 2311 sine

471 2344 658 2414 altari,
681 2350 739 2401 et
769 2345 895 2400 sine
926 2345 1137 2417 ephod,
1169 2348 1228 2399 et
1256 2343 1383 2400 sine
1410 2343 1730 2416 terapbim;
1767 2344 1890 2400 sola
1919 2344 2004 2399 eis
2025 2344 2112 2398 in-

471 2433 707 2509 quisitio
729 2439 787 2491 et
816 2433 1071 2490 inventio
1101 2433 1223 2502 Dei,
1256 2437 1314 2489 et
1351 2433 1565 2489 Christi
1597 2433 1725 2503 ejus
1756 2433 2117 2505 promittitur

473 2525 545 2582 ad
575 2523 846 2594 salutem,
883 2523 1112 2580 dicente
1139 2521 1385 2578 Domino
1418 2539 1520 2594 per
1550 2523 1822 2578 eumdem
1868 2522 2115 2594 prophe-

470 2618 588 2682 tam
625 2631 639 2669 :
680 2637 701 2664 «ι
735 2614 808 2669 Et
837 2616 970 2685 post
987 2613 1109 2668 haec
1139 2616 1498 2669 revertentur
1526 2611 1630 2666 ﬁlii
1654 2612 1852 2681 Israel,
1874 2616 1930 2668 et
1960 2629 2115 2685 quae-

474 2725 502 2755 «
535 2701 990 2759 rentDominum
1003 2702 1187 2758 Deum
1207 2705 1468 2769 suum,ct
1483 2700 1661 2757 David
1687 2717 1882 2774 regem
1906 2718 2078 2758 suum
2102 2720 2114 2758 :

473 2814 502 2844 ‹‹
532 2797 590 2848 et
614 2791 910 2864 pavebunt
941 2791 1014 2846 ad
1044 2791 1380 2857 Dominum,
1413 2793 1468 2844 ct
1499 2791 1570 2845 ad
1623 2791 1842 2846 bonum
1883 2791 2011 2862 ejus
2057 2791 2115 2845 in

472 2903 502 2933 «
532 2881 850 2938 novissimo
881 2880 1109 2935 dierum
1141 2879 1283 2948 (Οδθ.
1310 2897 1391 2947 Ill,
1423 2879 1502 2950 5).
1534 2900 1563 2930 »
1599 2879 1761 2936 Unde
1803 2883 1871 2935 et.
1902 2880 2116 2936 Paulus

465 2971 527 3028 in
559 2970 824 3044 Epistola
849 2970 922 3025 ad
957 2969 1271 3036 Romanos,
1291 2967 1390 3023 ubi
1437 2969 1509 3024 de
1553 2969 1876 3024 novissima
1914 2986 2118 3026 eorum

468 3058 785 3117 salvatione
832 3057 1119 3130 loquitur;
1153 3056 1504 3112 ablationem
1554 3057 1897 3129 impietatis,
1933 3063 1990 3113 et
2031 3058 2118 3113 in-

470 3147 836 3220 dulgentiam
869 3150 1238 3220 peccatorum
1271 3147 1678 3201 tantummodo
1729 3164 1830 3219 per
1867 3148 2116 3219 gratiam

2219 1933 2399 1993 quam
2433 1912 2657 1967 dixerat
2690 1925 2702 1961 :
2740 1927 2767 1955 ‹‹
2801 1900 3082 1993 Parvulus
3105 1900 3268 1993 enim
3285 1903 3462 1993 natus
3490 1903 3582 1955 est
3609 1899 3806 1993 nobis,
3824 1905 3884 1957 et

2223 1989 2257 2062 ἆ
2286 2006 2444 2062 illius
2493 2002 2669 2056 datus
2716 1998 2804 2050 est
2860 1991 3076 2048 nobis:
3111 1989 3416 2064 vocabitur
3471 2005 3685 2046 nomen
3743 1990 3883 2062 ejus

2224 2120 2252 2148 «
2283 2088 2671 2154 admirabilis,
2700 2081 3097 2149 consiliarius,
3133 2080 3308 2146 Deus,
3343 2078 3532 2146 fortis,
3567 2082 3737 2150 pater
3786 2081 3882 2136 fu-

2225 2183 2400 2241 «turi
2452 2176 2671 2243 saeculi,
2722 2173 2994 2247 princeps
3045 2168 3206 2242 pacis
3258 2169 3389 2241 (1.5a.
3423 2186 3500 2236 1x,
3527 2169 3658 2240 6).»
3693 2170 3764 2224 Et
3820 2169 3883 2225 in

2223 2275 2336 2332 alio
2381 2273 2506 2327 loco
2542 2286 2554 2323 :
2597 2268 2667 2322 Et
2712 2260 3014 2318 vocabitur
3070 2275 3283 2314 nomen
3345 2259 3476 2330 ejus
3529 2259 3886 2316 Emmanuel

2222 2368 2355 2436 (13a.
2386 2379 2485 2426 vu,
2523 2356 2609 2429 14)
2641 2374 2654 2422 ;
2689 2377 2715 2405 ››
2751 2350 2965 2423 adjecit
2996 2348 3210 2414 adhuc,
3233 2347 3434 2403 dicens
3467 2364 3480 2403 :
3518 2369 3546 2397 ‹‹
3563 2349 3634 2404 Et
3662 2349 3746 2403 ait
3765 2349 3887 2406 Do-

2228 2476 2256 2504 ‹‹
2289 2453 2487 2508 minus
2521 2447 2591 2502 ad
2627 2442 2911 2509 me,Voca
2943 2454 3156 2494 nomen
3190 2438 3342 2509 ejus,
3371 2436 3643 2493 Accelera
3691 2438 3890 2510 spolia

2229 2565 2256 2593 ‹‹
2288 2538 2629 2597 detrahere:
2658 2531 2892 2589 Festina
2909 2527 3153 2601 prmdari
3171 2531 3301 2597 (15a.
3337 2535 3460 2597 vni,
3479 2527 3552 2598 3).
3590 2548 3618 2577 »
3644 2527 3816 2584 Unde
3834 2531 3892 2585 et

2225 2634 2429 2687 contra
2457 2627 2601 2682 istos
2621 2615 3088 2688 duricordes,qui
3107 2619 3453 2687 praesentem
3467 2615 3566 2670 Dei
3580 2616 3890 2687 justitiam

2227 2737 2342 2777 non
2367 2715 2733 2788 recipientes,
2751 2708 2975 2780 seipsos
2996 2705 3274 2777 elongant
3293 2703 3764 2776 ajustitia,Deus
3784 2724 3896 2779 per

2227 2808 2499 2866 eumdem
2534 2800 2880 2875 prophetam
2917 2795 3153 2866 clamat,
3188 2794 3390 2850 dicens
3424 2810 3437 2850 :
3472 2815 3500 2843 ‹‹
3521 2795 3734 2850 Audite
3768 2813 3892 2868 me,

2231 2922 2259 2951 «
2289 2899 2435 2954 duro
2468 2894 2660 2958 corde,
2687 2888 2788 2961 qui
2815 2888 2987 2959 longe
3017 2885 3160 2942 estis
3201 2901 3234 2938 a
3265 2883 3522 2956 justitia.
3547 2885 3731 2956 Prope
3777 2885 3900 2941 feci

2233 3011 2259 3039 ‹‹
2283 2985 2582 3060 justitiam
2616 2995 2810 3035 meam
2845 2994 2858 3034 :
2893 2993 3008 3032 non
3041 2973 3432 3047 elongabitur,
3466 2976 3524 3028 et
3551 2973 3715 3029 salus
3754 2991 3896 3032 mea

2233 3099 2260 3126 ‹‹
2293 3094 2408 3132 non
2441 3065 2962 3129 morabitur.Dabo
2992 3063 3051 3118 in
3075 3063 3216 3120 Sion
3240 3062 3577 3129 salutem,et
3602 3062 3661 3117 in
3685 3063 3898 3119 Hieru-

2234 3187 2262 3216 «
2293 3165 2475 3220 salem
2499 3160 2746 3234 gloriam
2787 3171 2980 3212 meam
3018 3154 3149 3226 (13a.
3182 3170 3332 3220 XLVI,
3368 3154 3455 3220 12,
3485 3153 3600 3221 23).
3634 3173 3663 3201 η
3701 3153 3896 3226 Prope

472 3233 791 3294 Salvatoris
827 3233 910 3289 eis
942 3233 1251 3305 promittit,
1286 3233 1488 3288 dicens
1522 3251 1534 3288 :
1572 3254 1600 3283 ‹‹
1630 3234 1776 3289 Cum
1816 3235 2118 3292 intraverit
2151 3213 2195 3280 (ἶ
2234 3277 2262 3306 α
2295 3257 2383 3310 est
2404 3213 2606 3326 justi“
2637 3265 2805 3304 meus
2841 3213 3150 3318 :egrcssus
3179 3245 3268 3298 est
3297 3241 3561 3312 salvator
3603 3257 3802 3313 meus,
3825 3213 3898 3296 ἐι

473 3347 504 3376 ις
535 3323 836 3398 plenitudo
865 3323 1149 3395 gentium,
1170 3325 1309 3376 tunc
1339 3322 1531 3377 omnis
1562 3322 1737 3378 Israel
1771 3325 1967 3380 salvus
1998 3327 2116 3395 ﬁet,

476 3434 503 3463 «
535 3412 690 3469 sicut
719 3410 1003 3484 scriptum
1035 3413 1160 3466 est:
1192 3410 1400 3466 Veniet
1447 3427 1514 3466 ex
1567 3411 1704 3467 Sion
1747 3413 1844 3486 qui
1886 3415 2114 3487 eripiat,

478 3524 500 3554 ι
530 3506 588 3558 et
615 3503 836 3558 avertat
866 3500 1226 3572 impietatem
1259 3517 1292 3554 a
1319 3499 1497 3556 Jacob
1533 3517 1545 3554 :
1579 3503 1636 3556 et
1664 3501 1773 3556 hoc
1815 3501 1932 3559 illis
1960 3521 1993 3559 a
2026 3521 2118 3561 me

472 3593 979 3657 «testamentum,
1039 3605 1173 3645 cum
1254 3588 1551 3646 abstulero
1619 3596 1867 3664 peccata,
1915 3610 2114 3650 eorum

474 3704 504 3734 «
535 3683 708 3752 (diem.
741 3697 818 3748 x1,
843 3681 934 3749 25,
965 3679 1054 3748 26,
1087 3677 1250 3751 27).»

539 3769 709 3830 XVII.
743 3768 892 3837 Quid
929 3784 1064 3842 ergo
1096 3768 1334 3841 prodest
1363 3767 1594 3825 miseris
1624 3771 1776 3842 quod
1821 3771 2116 3830 Christum

470 3877 646 3920 suum
668 3859 796 3932 jam
823 3857 1076 3927 venisse,
1107 3860 1163 3914 et
1193 3856 1252 3912 in
1289 3857 1390 3912 illa
1418 3857 1739 3915 vastatione
1788 3861 2118 3936 Hierosoly-

469 3966 702 4010 morum
733 3953 939 4005 natum
969 3964 1117 4016 esse,
1132 3950 1189 4002 et
1218 3947 1372 4019 apud
1406 3947 1610 4003 urbem
1643 3949 1888 4005 Romam
1921 3951 1980 4005 in
2030 3970 2116 4008 er-

471 4035 700 4112 gastulo
733 4039 1122 4103 retrusum,et
1149 4052 1336 4107 usque
1365 4035 1539 4092 hodie
1559 4053 1664 4109 pro
1685 4055 1886 4094 eorum
1909 4039 2117 4096 libera-

469 4125 629 4182 tione
651 4123 856 4180 multis
876 4123 1065 4196 pmnis
1079 4125 1351 4180 affectum
1374 4141 1502 4180 esse
1534 4127 1905 4200 conﬁngunt;
1933 4133 1997 4184 ut
2016 4147 2119 4202 per

471 4213 594 4270 haec
610 4213 924 4269 adventum
957 4211 1075 4269 veri
1097 4211 1331 4284 Christi,
1352 4217 1471 4269 tam
1507 4214 1815 4273 manifeste
1839 4217 1897 4272 in
1929 4219 2118 4274 omni-

471 4302 584 4360 bus
613 4300 889 4374 gentibus
913 4300 1294 4370 declaratum,
1320 4305 1475 4374 apud
1505 4321 1646 4360 suos
1676 4307 1971 4364 auditores
1995 4325 2119 4364 eva-

471 4393 676 4460 cuent;
709 4395 767 4446 et
795 4407 858 4447 se
884 4391 956 4447 ab
987 4391 1115 4462 ejus
1146 4391 1419 4462 passione
1449 4397 1507 4448 et
1537 4396 1724 4449 morte
1760 4394 1918 4451 velut
1950 4397 2116 4454 inno-

468 4484 665 4538 centes
695 4481 1044 4538 ostendant?
1073 4481 1224 4536 Dum
1257 4480 1374 4549 ille,
1407 4496 1583 4554 quem
1616 4500 1791 4539 suum
1819 4485 2116 4545 Christum

2229 3364 2259 3394 «
2291 3340 2530 3398 brachia
2579 3355 2708 3393 mea
2755 3333 3002 3407 populos
3042 3331 3399 3405 judicabunt
3447 3330 3578 3401 (Im.
3633 3347 3706 3397 ιι,
3737 3331 3826 3400 5).
3861 3353 3892 3382 »

2227 3429 2376 3498 Quid
2398 3432 2592 3484 autem
2612 3425 2854 3486 mirum,
2873 3421 2923 3477 si
2944 3419 3285 3492 hujusmodi
3305 3417 3576 3474 homines
3593 3422 3892 3485 errantes,

2227 3523 2285 3574 et
2316 3517 2373 3571 in
2395 3529 2647 3572 errorem
2677 3511 2995 3580 mittentes,
3011 3506 3156 3562 illud
3185 3507 3254 3562 de
3277 3505 3612 3561 ostensione
3634 3507 3901 3576 pseudo-

2229 3605 2432 3666 christi
2463 3619 2664 3661 eorum
2689 3601 2844 3672 apud
2870 3612 3151 3671 magnum
3177 3596 3472 3651 doctorem
3497 3610 3902 3666 suum,quem

2228 3696 2535 3754 nomina-nt
2563 3693 2743 3749 J'osue
2774 3691 2883 3745 ben
2919 3687 3051 3743 Levi
3087 3703 3099 3742 :
3143 3685 3243 3756 qui
3297 3683 3540 3740 forsitan
3592 3683 3718 3756 ipse
3773 3685 3899 3740 im—

2226 3787 2360 3860 pius
2391 3783 2675 3855 magister
2703 3783 2814 3848 est,
2847 3794 3024 3850 quem
3057 3774 3231 3845 (sicut
3271 3790 3451 3846 supra
3493 3771 3912 3842 ostendimus)

2225 3874 2546 3947 septimum
2577 3873 2710 3944 post
2753 3865 3036 3934 Sammai,
3071 3867 3127 3920 et
3175 3862 3338 3930 Ellel,
3373 3861 3637 3918 scholam
3678 3878 3909 3918 eorum.

2226 3979 2415 4036 usque
2446 3962 2519 4017 ad
2551 3957 2950 4032 captivitatem
2982 3953 3243 4010 tenuisse
3263 3953 3473 4008 beatus
3497 3949 3914 4023 Hieronymus—

2227 4051 2497 4124 docet(in
2526 4065 2644 4120 cap.
2678 4064 2778 4102 vm
2813 4045 2947 4112 I'sa.)
2983 4060 2996 4098 :
3031 4047 3088 4098 et
3121 4041 3246 4114 ipse
3276 4041 3428 4096 hanc
3459 4039 3770 4112 stropham
3821 4041 3912 4096 at}

2227 4138 2636 4212 decipiendum
2660 4133 2951 4191 infelicem
2985 4129 3269 4203 populum
3300 4129 3668 4202 excogitavit,
3700 4131 3776 4184 ut
3802 4133 3902 4186 tu—

2226 4229 2340 4284 lem
2375 4225 2824 4300 promissionem
2854 4221 3012 4277 velut
3041 4236 3144 4292 pro
3174 4217 3570 4275 consolatione
3600 4217 3915 4274 haberent.

2226 4319 2285 4374 in
2317 4315 2754 4373 calamitatibus
2775 4309 3286 4383 captivitatis,quze
3316 4311 3458 4363 tunc
3480 4306 3760 4362 inchoata
3776 4311 3896 4362 et.

2227 4405 2398 4477 Quid,
2429 4405 2693 4478 inquam,
2710 4402 2925 4456 mirum
2962 4397 3010 4454 si
3042 4401 3142 4454 aut
3172 4397 3282 4452 hoc
3315 4397 3420 4451 isti
3441 4397 3759 4463 ﬁnxerunt,
3787 4399 3908 4454 aut

2227 4497 2297 4552 ad
2327 4493 2792 4550 confirmandam
2821 4505 3023 4545 eorum
3046 4485 3608 4558 infidelitatem,ipse
3629 4485 3904 4541 Satanas

468 4574 697 4644 putant,
730 4587 844 4628 non
877 4571 949 4627 ab
979 4569 1126 4642 ipsis
1153 4570 1255 4626 sed
1287 4586 1323 4625 a
1352 4569 1633 4626 Romanis
1681 4575 1846 4629 tanta
1889 4579 1947 4630 et
1993 4581 2112 4634 tam
2142 4584 2648 4656 lytransligurans
2689 4597 2750 4635 se
2797 4578 2960 4634 velut
3007 4575 3282 4649 angelum
3333 4574 3514 4643 lucis;
3549 4573 3656 4646 qui
3699 4574 3910 4630 etiam-

465 4658 641 4732 longa
669 4658 825 4716 mala
853 4659 1111 4731 patiatur.
1140 4675 1153 4713 :
1188 4674 1324 4714 cum
1339 4659 1512 4728 juxta
1531 4658 1834 4717 veritatem
1856 4664 2113 4738 Scriptu-

467 4763 695 4819 rarum,
715 4747 916 4804 nullus
947 4747 1098 4806 alius
1129 4746 1398 4804 Christus
1447 4747 1815 4820 recipiendus
1863 4753 1958 4821 sit,
1995 4756 2110 4812 nisi

465 4853 643 4910 quem
661 4834 773 4908 ipsi
793 4836 985 4890 crucis
1005 4834 1270 4908 patibulo
1291 4836 1602 4893 affixerunt
1623 4855 1637 4894 :
1665 4838 1791 4911 ipso
1808 4858 1911 4914 per
1931 4844 2108 4902 Mala-

465 4926 658 4982 chiam
672 4924 1017 4999 prephetam
1030 4928 1484 4997 testante,atque
1509 4926 1737 4985 dicente
1748 4931 1998 4999 (Malach.
2022 4953 2105 5003 III,

461 5017 520 5086 8)
552 5031 566 5071 :
605 5039 626 5067 α
662 5013 724 5072 Si
755 5012 995 5088 conligit
1041 5013 1215 5069 homo
1265 5014 1475 5082 Deum,
1507 5016 1645 5087 quia
1685 5035 1786 5074 vos
1817 5023 2110 5094 conligitis

465 5126 494 5158 α
529 5120 641 5175 me,
669 5109 728 5162 et
758 5120 852 5160 me
881 5120 982 5159 vos
1013 5101 1306 5174 configitis
1336 5119 1479 5175 gens
1507 5107 1694 5161 tota.»
1727 5107 1807 5163 De
1839 5115 2029 5180 quoet
2051 5112 2108 5166 in

462 5193 745 5250 Zachuria
773 5194 1060 5265 scriptum
1093 5194 1182 5247 cst
1214 5207 1227 5245 :
1266 5214 1293 5243 «
1327 5193 1398 5247 Et
1426 5192 1640 5249 dicitur
1668 5195 1717 5250 ei
1753 5213 1766 5250 :
1803 5198 1947 5263 Quid
1973 5205 2113 5256 sunt

464 5280 646 5354 plagae
675 5281 798 5337 ista:
830 5282 890 5338 in
937 5281 1130 5339 medio
1183 5297 1469 5338 manuum
1518 5285 1793 5340 tuarum?
1830 5290 1887 5341 et
1911 5289 2055 5345 dicit
2087 5307 2100 5345 :

2225 4672 2472 4730 Domino
2505 4673 2705 4726 nostro
2739 4669 2809 4724 de
2841 4665 3160 4739 Scripturis
3206 4665 3485 4736 laqueum
3535 4662 3908 4719 tentatienis

2217 4761 2449 4834 objecit,
2465 4761 2628 4832 justo
2651 4757 2751 4814 Dei
2767 4756 2991 4828 judicio
3014 4755 3098 4811 eis
3115 4753 3340 4810 illusit?
3359 4757 3417 4809 et
3435 4752 3485 4809 ei
3530 4751 3631 4824 qui
3663 4752 3905 4826 dignus

2218 4857 2342 4908 erat
2372 4854 2438 4906 ut
2463 4849 2845 4921 deciperetur,
2871 4850 2928 4902 et
2957 4845 3270 4917 deciperet;
3306 4842 3389 4900 sic
3416 4842 3748 4915 permissus
3795 4847 3914 4899 est-

2219 4956 2519 5014 apparere,
2552 4940 2609 4993 et
2638 4936 2782 4991 talia
2814 4933 2975 4990 velut
3005 4950 3073 4989 ex
3102 4933 3296 4990 verbis
3348 4930 3710 5006 propheticis
3745 4928 3905 5003 pro-

2221 5030 2387 5100 ferre,
2422 5028 2579 5083 unde
2610 5043 2644 5080 a
2668 5026 2781 5080 ﬁde
2812 5025 2933 5079 veri
2985 5022 3301 5080 Salvatoris
3351 5024 3794 5087 averterentur;
3839 5027 3912 5077 et

2219 5118 2290 5174 ad
2322 5115 2713 5188 exspectanda
2744 5112 2891 5169 falsa
2921 5118 2980 5168 et
3009 5112 3226 5180 inania,
3244 5113 3417 5184 juxta
3445 5107 3738 5165 desideria
3761 5126 3911 5165 eon-

2220 5207 2311 5262 dis
2341 5206 2454 5273 sui,
2491 5203 2906 5261 miserabiliter
2935 5200 3443 5274 provocarentur?‘
3461 5199 3752 5271 Implente
3793 5200 3908 5255 in-

2213 5296 2297 5351 eis
2329 5296 2444 5352 Deo
2493 5294 2646 5366 quod
2692 5293 2753 5347 in
2804 5289 3055 5348 Psalmis
3107 5289 3449 5348 terribiliter
3495 5293 3629 5345 ante
3683 5289 3908 5346 fuerat

465 5389 493 5418 α
527 5367 798 5441 Plagatus
829 5386 964 5425 sum
995 5371 1054 5425 in
1086 5370 1258 5426 domo
1290 5387 1492 5426 eorum
1524 5371 1623 5443 qui
1650 5371 1972 5444 diligebant
2011 5395 2104 5433 me
2213 5383 2630 5452 comminatus,
2655 5381 2855 5436 dicens
2877 5396 2928 5437 :«
2953 5383 3022 5436 Et
3051 5397 3166 5436 non
3189 5379 3411 5436 audivit
3429 5377 3688 5453 populus
3708 5394 3914 5435 meus

465 5478 486 5505 «ι
525 5455 705 5524 (Zach.
738 5474 858 5524 xm,
889 5459 943 5529 6)
978 5475 990 5513 :
1031 5482 1051 5507 ι»
1085 5460 1199 5514 Aut
1247 5461 1541 5532 quomodo
1590 5478 1693 5532 per
1737 5465 1821 5518 tot
1867 5467 2099 5536 saecula,

459 5560 595 5598 cum
627 5544 698 5598 ab
732 5560 934 5599 eorum
963 5547 1288 5601 vastatione
1317 5551 1375 5602 et
1406 5548 1771 5619 dispersione
1787 5552 1912 5621 jam
1944 5555 2100 5612 mille

455 5633 573 5689 fere
604 5632 742 5689 anni
777 5631 1150 5703 impleantur,
1185 5635 1266 5690 ita
1297 5637 1424 5704 ejus
1455 5637 1769 5695 obscurare
1818 5648 2104 5702 conantur

2215 5495 2241 5522 «
2274 5489 2472 5528 vocem
2499 5487 2713 5540 meam,
2747 5475 2804 5525 et
2836 5469 3019 5526 Israel
3048 5487 3162 5525 non
3193 5468 3448 5525 intendit
3479 5465 3627 5522 mihi
3656 5482 3670 5521 :
3696 5470 3754 5522 et
3785 5467 3914 5523 (1ρὶ-

2215 5583 2243 5611 ‹‹
2276 5559 2408 5614 misi
2428 5575 2528 5614 eos
2549 5557 2875 5613 secundum
2899 5558 3191 5614 desideria
3223 5556 3415 5612 cordis
3454 5553 3918 5612 eorumJbunt

2213 5670 2242 5699 «
2274 5649 2332 5703 in
2365 5645 2813 5702 adventionibus
2841 5646 2965 5703 suis
2998 5647 3169 5716 (Psal.
3205 5662 3367 5717 Lxxx,
3404 5646 3492 5714 12,
3516 5643 3626 5713 f3).
3667 5665 3690 5692 ι
