  <div class='ocr_page' id='page_1' title='image "/cluster/home/n/w/nwhite01/storage/ocr_20150623/116/hvd.32044054759808/082.png"; bbox 0 0 4120 6184; ppageno 0'>
   <div class='ocr_carea' id='block_1_1' title="bbox 287 305 422 369">
    <p class='ocr_par' dir='ltr' id='par_1_1' title="bbox 287 305 422 369">
     <span class='ocr_line' id='line_1_1' title="bbox 287 305 422 369; baseline 0.022 -4"><span class='ocrx_word' id='word_1_1' title='bbox 287 305 406 369; x_wconf 71' lang='lat'>1-53</span> <span class='ocrx_word' id='word_1_2' title='bbox 419 326 422 328; x_wconf 71' lang='lat'><em>‘</em></span> 
     </span>
    </p>
   </div>
   <div class='ocr_carea' id='block_1_2' title="bbox 1547 302 2445 369">
    <p class='ocr_par' dir='ltr' id='par_1_2' title="bbox 1547 302 2445 369">
     <span class='ocr_line' id='line_1_2' title="bbox 1547 302 2445 369; baseline -0.002 -1"><span class='ocrx_word' id='word_1_3' title='bbox 1547 307 1695 368; x_wconf 87' lang='lat' dir='ltr'>LIB.</span> <span class='ocrx_word' id='word_1_4' title='bbox 1746 302 2061 369; x_wconf 71' lang='lat' dir='ltr'>CONTRA</span> <span class='ocrx_word' id='word_1_5' title='bbox 2101 304 2445 369; x_wconf 68' lang='lat' dir='ltr'>JU&#39;DEOS.</span> 
     </span>
    </p>
   </div>
   <div class='ocr_carea' id='block_1_3' title="bbox 3595 317 3716 381">
    <p class='ocr_par' dir='ltr' id='par_1_3' title="bbox 3595 317 3716 381">
     <span class='ocr_line' id='line_1_3' title="bbox 3595 317 3716 381; baseline 0.025 -3"><span class='ocrx_word' id='word_1_6' title='bbox 3595 317 3716 381; x_wconf 60' lang='grc'>154</span> 
     </span>
    </p>
   </div>
   <div class='ocr_carea' id='block_1_4' title="bbox 353 436 3718 521">
    <p class='ocr_par' dir='ltr' id='par_1_4' title="bbox 353 436 3718 521">
     <span class='ocr_line' id='line_1_4' title="bbox 353 436 3718 521; baseline 0.004 -26"><span class='ocrx_word' id='word_1_7' title='bbox 353 438 503 495; x_wconf 84' lang='grc' dir='ltr'>ΧΙΧ.</span> <span class='ocrx_word' id='word_1_8' title='bbox 537 437 685 495; x_wconf 83' lang='lat' dir='ltr'>Nam</span> <span class='ocrx_word' id='word_1_9' title='bbox 719 442 778 494; x_wconf 92' lang='lat' dir='ltr'>et</span> <span class='ocrx_word' id='word_1_10' title='bbox 807 436 866 493; x_wconf 89' lang='lat' dir='ltr'>in</span> <span class='ocrx_word' id='word_1_11' title='bbox 897 436 1161 496; x_wconf 73' lang='lat' dir='ltr'>historiis</span> <span class='ocrx_word' id='word_1_12' title='bbox 1209 438 1622 496; x_wconf 79' lang='lat' dir='ltr'>ecclesiasticis</span> <span class='ocrx_word' id='word_1_13' title='bbox 1672 440 1947 512; x_wconf 90' lang='lat' dir='ltr'>legimus,</span> <span class='ocrx_word' id='word_1_14' title='bbox 1979 439 2036 508; x_wconf 64' lang='grc' dir='ltr'><strong>Α</strong></span> <span class='ocrx_word' id='word_1_15' title='bbox 2063 457 2131 495; x_wconf 86' lang='lat' dir='ltr'>ex</span> <span class='ocrx_word' id='word_1_16' title='bbox 2161 439 2468 512; x_wconf 79' lang='lat' dir='ltr'>Babylone,</span> <span class='ocrx_word' id='word_1_17' title='bbox 2496 457 2600 498; x_wconf 91' lang='lat' dir='ltr'>nec</span> <span class='ocrx_word' id='word_1_18' title='bbox 2633 447 2764 515; x_wconf 90' lang='lat' dir='ltr'>post</span> <span class='ocrx_word' id='word_1_19' title='bbox 2785 443 3237 519; x_wconf 89' lang='lat' dir='ltr'>quadringintos</span> <span class='ocrx_word' id='word_1_20' title='bbox 3267 447 3528 521; x_wconf 75' lang='lat' dir='ltr'>triginta,</span> <span class='ocrx_word' id='word_1_21' title='bbox 3562 451 3718 509; x_wconf 81' lang='lat' dir='ltr'>sicut</span> 
     </span>
    </p>
   </div>
   <div class='ocr_carea' id='block_1_5' title="bbox 287 529 1948 602">
    <p class='ocr_par' dir='ltr' id='par_1_5' title="bbox 287 529 1948 602">
     <span class='ocr_line' id='line_1_5' title="bbox 287 529 1948 602; baseline 0.001 -17"><span class='ocrx_word' id='word_1_22' title='bbox 287 531 564 602; x_wconf 80' lang='lat' dir='ltr'>(Ruﬁnus,</span> <span class='ocrx_word' id='word_1_23' title='bbox 600 529 700 584; x_wconf 80' lang='lat' dir='ltr'>lib.</span> <span class='ocrx_word' id='word_1_24' title='bbox 743 546 779 583; x_wconf 86' lang='lat' dir='ltr'>x</span> <span class='ocrx_word' id='word_1_25' title='bbox 820 530 1043 595; x_wconf 82' lang='lat' dir='ltr'>Histor.,</span> <span class='ocrx_word' id='word_1_26' title='bbox 1078 545 1195 600; x_wconf 82' lang='lat' dir='ltr'>cap.</span> <span class='ocrx_word' id='word_1_27' title='bbox 1229 530 1463 602; x_wconf 83' lang='lat' dir='ltr'>xxxvn),</span> <span class='ocrx_word' id='word_1_28' title='bbox 1497 546 1594 586; x_wconf 87' lang='lat' dir='ltr'>eos</span> <span class='ocrx_word' id='word_1_29' title='bbox 1635 530 1948 602; x_wconf 83' lang='lat' dir='ltr'>aliquoties</span> 
     </span>
    </p>
   </div>
   <div class='ocr_carea' id='block_1_6' title="bbox 287 617 1949 691">
    <p class='ocr_par' dir='ltr' id='par_1_6' title="bbox 287 617 1949 691">
     <span class='ocr_line' id='line_1_6' title="bbox 287 617 1949 691; baseline 0 -16"><span class='ocrx_word' id='word_1_30' title='bbox 287 621 411 676; x_wconf 86' lang='lat' dir='ltr'>sive</span> <span class='ocrx_word' id='word_1_31' title='bbox 452 635 558 691; x_wconf 90' lang='lat' dir='ltr'>per</span> <span class='ocrx_word' id='word_1_32' title='bbox 607 621 910 690; x_wconf 89' lang='lat' dir='ltr'>apostatas</span> <span class='ocrx_word' id='word_1_33' title='bbox 960 617 1247 686; x_wconf 84' lang='lat' dir='ltr'>homines,</span> <span class='ocrx_word' id='word_1_34' title='bbox 1281 618 1400 674; x_wconf 84' lang='lat' dir='ltr'>sive</span> <span class='ocrx_word' id='word_1_35' title='bbox 1447 636 1550 691; x_wconf 89' lang='lat' dir='ltr'>per</span> <span class='ocrx_word' id='word_1_36' title='bbox 1594 619 1790 691; x_wconf 92' lang='lat' dir='ltr'>ipsum</span> <span class='ocrx_word' id='word_1_37' title='bbox 1823 621 1949 675; x_wconf 92' lang='lat' dir='ltr'>dia-</span> 
     </span>
    </p>
   </div>
   <div class='ocr_carea' id='block_1_7' title="bbox 289 707 1952 782">
    <p class='ocr_par' dir='ltr' id='par_1_7' title="bbox 289 707 1952 782">
     <span class='ocr_line' id='line_1_7' title="bbox 289 707 1952 782; baseline 0.001 -19"><span class='ocrx_word' id='word_1_38' title='bbox 289 709 494 764; x_wconf 81' lang='lat' dir='ltr'>bolum</span> <span class='ocrx_word' id='word_1_39' title='bbox 553 708 1072 780; x_wconf 88' lang='lat' dir='ltr'>transﬁgurautem</span> <span class='ocrx_word' id='word_1_40' title='bbox 1123 725 1184 762; x_wconf 90' lang='lat' dir='ltr'>se</span> <span class='ocrx_word' id='word_1_41' title='bbox 1235 707 1295 762; x_wconf 90' lang='lat' dir='ltr'>in</span> <span class='ocrx_word' id='word_1_42' title='bbox 1346 709 1620 782; x_wconf 79' lang='lat' dir='ltr'>angelum</span> <span class='ocrx_word' id='word_1_43' title='bbox 1669 709 1838 778; x_wconf 91' lang='lat' dir='ltr'>lucis,</span> <span class='ocrx_word' id='word_1_44' title='bbox 1882 711 1952 764; x_wconf 89' lang='lat' dir='ltr'>ad</span> 
     </span>
    </p>
   </div>
   <div class='ocr_carea' id='block_1_8' title="bbox 290 795 1951 872">
    <p class='ocr_par' dir='ltr' id='par_1_8' title="bbox 290 795 1951 872">
     <span class='ocr_line' id='line_1_8' title="bbox 290 795 1951 872; baseline 0.002 -19"><span class='ocrx_word' id='word_1_45' title='bbox 290 798 432 854; x_wconf 88' lang='lat' dir='ltr'>talia</span> <span class='ocrx_word' id='word_1_46' title='bbox 461 813 594 852; x_wconf 90' lang='lat' dir='ltr'>esse</span> <span class='ocrx_word' id='word_1_47' title='bbox 633 795 890 851; x_wconf 90' lang='lat' dir='ltr'>delusos.</span> <span class='ocrx_word' id='word_1_48' title='bbox 922 796 1088 851; x_wconf 88' lang='lat' dir='ltr'>Sicut</span> <span class='ocrx_word' id='word_1_49' title='bbox 1127 796 1402 854; x_wconf 83' lang='lat' dir='ltr'>Julianus</span> <span class='ocrx_word' id='word_1_50' title='bbox 1446 799 1764 872; x_wconf 78' lang='lat' dir='ltr'>imperator</span> <span class='ocrx_word' id='word_1_51' title='bbox 1794 801 1951 872; x_wconf 72' lang='lat' dir='ltr'>(Hist.</span> 
     </span>
    </p>
   </div>
   <div class='ocr_carea' id='block_1_9' title="bbox 296 886 1956 959">
    <p class='ocr_par' dir='ltr' id='par_1_9' title="bbox 296 886 1956 959">
     <span class='ocr_line' id='line_1_9' title="bbox 296 886 1956 959; baseline 0 -15"><span class='ocrx_word' id='word_1_52' title='bbox 296 890 466 959; x_wconf 78' lang='lat' dir='ltr'>Trip.,</span> <span class='ocrx_word' id='word_1_53' title='bbox 503 886 605 941; x_wconf 73' lang='lat' dir='ltr'>lib.</span> <span class='ocrx_word' id='word_1_54' title='bbox 639 903 716 953; x_wconf 80' lang='lat' dir='ltr'>v1,</span> <span class='ocrx_word' id='word_1_55' title='bbox 750 903 868 958; x_wconf 84' lang='lat' dir='ltr'>cap.</span> <span class='ocrx_word' id='word_1_56' title='bbox 894 886 1073 958; x_wconf 80' lang='lat' dir='ltr'>XLIII),</span> <span class='ocrx_word' id='word_1_57' title='bbox 1098 903 1165 942; x_wconf 82' lang='lat' dir='ltr'>ex</span> <span class='ocrx_word' id='word_1_58' title='bbox 1195 887 1528 944; x_wconf 89' lang='lat' dir='ltr'>Christiano</span> <span class='ocrx_word' id='word_1_59' title='bbox 1561 889 1631 944; x_wconf 91' lang='lat' dir='ltr'>ad</span> <span class='ocrx_word' id='word_1_60' title='bbox 1663 889 1956 944; x_wconf 88' lang='lat' dir='ltr'>idolorum</span> 
     </span>
    </p>
   </div>
   <div class='ocr_carea' id='block_1_10' title="bbox 292 977 1957 1049">
    <p class='ocr_par' dir='ltr' id='par_1_10' title="bbox 292 977 1957 1049">
     <span class='ocr_line' id='line_1_10' title="bbox 292 977 1957 1049; baseline 0 -16"><span class='ocrx_word' id='word_1_61' title='bbox 292 977 519 1033; x_wconf 90' lang='lat' dir='ltr'>cultum</span> <span class='ocrx_word' id='word_1_62' title='bbox 543 992 885 1043; x_wconf 88' lang='lat' dir='ltr'>conversus,</span> <span class='ocrx_word' id='word_1_63' title='bbox 910 981 968 1032; x_wconf 89' lang='lat' dir='ltr'>et</span> <span class='ocrx_word' id='word_1_64' title='bbox 1002 993 1106 1049; x_wconf 91' lang='lat' dir='ltr'>per</span> <span class='ocrx_word' id='word_1_65' title='bbox 1146 977 1346 1033; x_wconf 89' lang='lat' dir='ltr'>omnia</span> <span class='ocrx_word' id='word_1_66' title='bbox 1364 978 1762 1035; x_wconf 84' lang='lat' dir='ltr'>Antichristus</span> <span class='ocrx_word' id='word_1_67' title='bbox 1789 980 1957 1034; x_wconf 80' lang='lat' dir='ltr'>eﬂ‘ec-</span> 
     </span>
    </p>
   </div>
   <div class='ocr_carea' id='block_1_11' title="bbox 289 1061 1958 1136">
    <p class='ocr_par' dir='ltr' id='par_1_11' title="bbox 289 1061 1958 1136">
     <span class='ocr_line' id='line_1_11' title="bbox 289 1061 1958 1136; baseline 0.001 -16"><span class='ocrx_word' id='word_1_68' title='bbox 289 1071 411 1132; x_wconf 88' lang='lat' dir='ltr'>tus,</span> <span class='ocrx_word' id='word_1_69' title='bbox 436 1065 596 1120; x_wconf 88' lang='lat' dir='ltr'>inter</span> <span class='ocrx_word' id='word_1_70' title='bbox 625 1068 866 1120; x_wconf 66' lang='lat' dir='ltr'>crateras</span> <span class='ocrx_word' id='word_1_71' title='bbox 889 1065 1218 1136; x_wconf 89' lang='lat' dir='ltr'>impietates</span> <span class='ocrx_word' id='word_1_72' title='bbox 1246 1084 1406 1135; x_wconf 88' lang='lat' dir='ltr'>suas,</span> <span class='ocrx_word' id='word_1_73' title='bbox 1434 1066 1492 1121; x_wconf 91' lang='lat' dir='ltr'>in</span> <span class='ocrx_word' id='word_1_74' title='bbox 1517 1068 1718 1123; x_wconf 89' lang='lat' dir='ltr'>odium</span> <span class='ocrx_word' id='word_1_75' title='bbox 1742 1061 1958 1124; x_wconf 81' lang='lat' dir='ltr'>Christi</span> 
     </span>
    </p>
   </div>
   <div class='ocr_carea' id='block_1_12' title="bbox 291 1152 1965 1228">
    <p class='ocr_par' dir='ltr' id='par_1_12' title="bbox 291 1152 1965 1228">
     <span class='ocr_line' id='line_1_12' title="bbox 291 1152 1965 1228; baseline 0 -18"><span class='ocrx_word' id='word_1_76' title='bbox 291 1153 586 1226; x_wconf 76' lang='lat' dir='ltr'>templum</span> <span class='ocrx_word' id='word_1_77' title='bbox 622 1153 679 1207; x_wconf 91' lang='lat' dir='ltr'>in</span> <span class='ocrx_word' id='word_1_78' title='bbox 716 1152 1135 1225; x_wconf 78' lang='lat' dir='ltr'>Hierosolymis</span> <span class='ocrx_word' id='word_1_79' title='bbox 1165 1154 1251 1209; x_wconf 91' lang='lat' dir='ltr'>eis</span> <span class='ocrx_word' id='word_1_80' title='bbox 1283 1170 1554 1227; x_wconf 86' lang='lat' dir='ltr'>reparare</span> <span class='ocrx_word' id='word_1_81' title='bbox 1585 1155 1872 1228; x_wconf 87' lang='lat' dir='ltr'>permisit,</span> <span class='ocrx_word' id='word_1_82' title='bbox 1898 1169 1965 1220; x_wconf 74' lang='lat' dir='ltr'>ut,</span> 
     </span>
    </p>
   </div>
   <div class='ocr_carea' id='block_1_13' title="bbox 298 1241 1966 1316">
    <p class='ocr_par' dir='ltr' id='par_1_13' title="bbox 298 1241 1966 1316">
     <span class='ocr_line' id='line_1_13' title="bbox 298 1241 1966 1316; baseline 0.001 -18"><span class='ocrx_word' id='word_1_83' title='bbox 298 1243 377 1299; x_wconf 90' lang='lat' dir='ltr'>ibi</span> <span class='ocrx_word' id='word_1_84' title='bbox 410 1241 574 1297; x_wconf 90' lang='lat' dir='ltr'>velut</span> <span class='ocrx_word' id='word_1_85' title='bbox 618 1241 838 1315; x_wconf 85' lang='lat' dir='ltr'>legales</span> <span class='ocrx_word' id='word_1_86' title='bbox 866 1242 1138 1314; x_wconf 85' lang='lat' dir='ltr'>victimas</span> <span class='ocrx_word' id='word_1_87' title='bbox 1181 1242 1578 1300; x_wconf 89' lang='lat' dir='ltr'>immolarent.</span> <span class='ocrx_word' id='word_1_88' title='bbox 1603 1244 1866 1316; x_wconf 88' lang='lat' dir='ltr'>Cumque</span> <span class='ocrx_word' id='word_1_89' title='bbox 1897 1261 1966 1300; x_wconf 84' lang='lat' dir='ltr'>ex</span> 
     </span>
    </p>
   </div>
   <div class='ocr_carea' id='block_1_14' title="bbox 296 1330 1963 1407">
    <p class='ocr_par' dir='ltr' id='par_1_14' title="bbox 296 1330 1963 1407">
     <span class='ocr_line' id='line_1_14' title="bbox 296 1330 1963 1407; baseline 0 -17"><span class='ocrx_word' id='word_1_90' title='bbox 296 1331 581 1407; x_wconf 76' lang='lat' dir='ltr'>omnibus</span> <span class='ocrx_word' id='word_1_91' title='bbox 631 1330 948 1403; x_wconf 86' lang='lat' dir='ltr'>provinciis</span> <span class='ocrx_word' id='word_1_92' title='bbox 996 1332 1217 1387; x_wconf 70' lang='lat' dir='ltr'>Judaeis</span> <span class='ocrx_word' id='word_1_93' title='bbox 1248 1330 1532 1401; x_wconf 84' lang='lat' dir='ltr'>collectis,</span> <span class='ocrx_word' id='word_1_94' title='bbox 1565 1350 1713 1388; x_wconf 89' lang='lat' dir='ltr'>nova</span> <span class='ocrx_word' id='word_1_95' title='bbox 1759 1332 1963 1405; x_wconf 85' lang='lat' dir='ltr'>templi</span> 
     </span>
    </p>
   </div>
   <div class='ocr_carea' id='block_1_15' title="bbox 291 1421 1963 1492">
    <p class='ocr_par' dir='ltr' id='par_1_15' title="bbox 291 1421 1963 1492">
     <span class='ocr_line' id='line_1_15' title="bbox 291 1421 1963 1492; baseline 0.001 -15"><span class='ocrx_word' id='word_1_96' title='bbox 291 1422 686 1478; x_wconf 82' lang='lat' dir='ltr'>fundamenta</span> <span class='ocrx_word' id='word_1_97' title='bbox 735 1421 1028 1492; x_wconf 82' lang='lat' dir='ltr'>jacerent;</span> <span class='ocrx_word' id='word_1_98' title='bbox 1080 1421 1274 1476; x_wconf 90' lang='lat' dir='ltr'>subito</span> <span class='ocrx_word' id='word_1_99' title='bbox 1326 1426 1494 1477; x_wconf 89' lang='lat' dir='ltr'>nocte</span> <span class='ocrx_word' id='word_1_100' title='bbox 1543 1423 1745 1478; x_wconf 90' lang='lat' dir='ltr'>oborto</span> <span class='ocrx_word' id='word_1_101' title='bbox 1796 1427 1963 1478; x_wconf 64' lang='lat' dir='ltr'>terris</span> 
     </span>
    </p>
   </div>
   <div class='ocr_carea' id='block_1_16' title="bbox 293 1509 1964 1584">
    <p class='ocr_par' dir='ltr' id='par_1_16' title="bbox 293 1509 1964 1584">
     <span class='ocr_line' id='line_1_16' title="bbox 293 1509 1964 1584; baseline 0.001 -18"><span class='ocrx_word' id='word_1_102' title='bbox 293 1516 483 1577; x_wconf 86' lang='lat' dir='ltr'>motu,</span> <span class='ocrx_word' id='word_1_103' title='bbox 515 1527 660 1566; x_wconf 88' lang='lat' dir='ltr'>saxa</span> <span class='ocrx_word' id='word_1_104' title='bbox 689 1511 760 1566; x_wconf 89' lang='lat' dir='ltr'>ab</span> <span class='ocrx_word' id='word_1_105' title='bbox 791 1509 910 1566; x_wconf 92' lang='lat' dir='ltr'>imo</span> <span class='ocrx_word' id='word_1_106' title='bbox 936 1511 1458 1568; x_wconf 80' lang='lat' dir='ltr'>fundamentorum</span> <span class='ocrx_word' id='word_1_107' title='bbox 1494 1529 1762 1582; x_wconf 85' lang='lat' dir='ltr'>excussa,</span> <span class='ocrx_word' id='word_1_108' title='bbox 1791 1512 1964 1584; x_wconf 85' lang='lat' dir='ltr'>longe</span> 
     </span>
    </p>
   </div>
   <div class='ocr_carea' id='block_1_17' title="bbox 288 1600 1964 1675">
    <p class='ocr_par' dir='ltr' id='par_1_17' title="bbox 288 1600 1964 1675">
     <span class='ocr_line' id='line_1_17' title="bbox 288 1600 1964 1675; baseline 0.001 -18"><span class='ocrx_word' id='word_1_109' title='bbox 288 1600 534 1672; x_wconf 79' lang='lat' dir='ltr'>lateque</span> <span class='ocrx_word' id='word_1_110' title='bbox 567 1615 775 1672; x_wconf 88' lang='lat' dir='ltr'>sparsa</span> <span class='ocrx_word' id='word_1_111' title='bbox 797 1603 955 1654; x_wconf 90' lang='lat' dir='ltr'>sunt.</span> <span class='ocrx_word' id='word_1_112' title='bbox 983 1601 999 1655; x_wconf 88' lang='grc' dir='ltr'><strong>Ι</strong></span> <span class='ocrx_word' id='word_1_113' title='bbox 1009 1616 1196 1672; x_wconf 90' lang='lat' dir='ltr'>gneus</span> <span class='ocrx_word' id='word_1_114' title='bbox 1226 1617 1458 1673; x_wconf 90' lang='lat' dir='ltr'>quoque</span> <span class='ocrx_word' id='word_1_115' title='bbox 1479 1602 1688 1675; x_wconf 80' lang='lat' dir='ltr'>globus</span> <span class='ocrx_word' id='word_1_116' title='bbox 1711 1604 1781 1658; x_wconf 88' lang='lat' dir='ltr'>ab</span> <span class='ocrx_word' id='word_1_117' title='bbox 1815 1601 1964 1658; x_wconf 86' lang='lat' dir='ltr'>inte-</span> 
     </span>
    </p>
   </div>
   <div class='ocr_carea' id='block_1_18' title="bbox 292 1688 1964 1765">
    <p class='ocr_par' dir='ltr' id='par_1_18' title="bbox 292 1688 1964 1765">
     <span class='ocr_line' id='line_1_18' title="bbox 292 1688 1964 1765; baseline 0.002 -19"><span class='ocrx_word' id='word_1_118' title='bbox 292 1689 433 1746; x_wconf 84' lang='lat' dir='ltr'>riori</span> <span class='ocrx_word' id='word_1_119' title='bbox 456 1689 584 1744; x_wconf 68' lang='lat' dir='ltr'>aede</span> <span class='ocrx_word' id='word_1_120' title='bbox 615 1688 819 1761; x_wconf 85' lang='lat' dir='ltr'>templi</span> <span class='ocrx_word' id='word_1_121' title='bbox 851 1705 1144 1762; x_wconf 89' lang='lat' dir='ltr'>egressus,</span> <span class='ocrx_word' id='word_1_122' title='bbox 1167 1691 1456 1762; x_wconf 90' lang='lat' dir='ltr'>plurimos</span> <span class='ocrx_word' id='word_1_123' title='bbox 1477 1709 1679 1747; x_wconf 89' lang='lat' dir='ltr'>eorum</span> <span class='ocrx_word' id='word_1_124' title='bbox 1703 1709 1809 1748; x_wconf 90' lang='lat' dir='ltr'>suo</span> <span class='ocrx_word' id='word_1_125' title='bbox 1838 1711 1964 1765; x_wconf 90' lang='lat' dir='ltr'>pro-</span> 
     </span>
    </p>
   </div>
   <div class='ocr_carea' id='block_1_19' title="bbox 293 1777 1958 1853">
    <p class='ocr_par' dir='ltr' id='par_1_19' title="bbox 293 1777 1958 1853">
     <span class='ocr_line' id='line_1_19' title="bbox 293 1777 1958 1853; baseline 0.002 -18"><span class='ocrx_word' id='word_1_126' title='bbox 293 1777 506 1836; x_wconf 82' lang='lat' dir='ltr'>stravit</span> <span class='ocrx_word' id='word_1_127' title='bbox 536 1777 834 1834; x_wconf 87' lang='lat' dir='ltr'>incendio.</span> <span class='ocrx_word' id='word_1_128' title='bbox 859 1781 982 1845; x_wconf 87' lang='lat' dir='ltr'>Quo</span> <span class='ocrx_word' id='word_1_129' title='bbox 1015 1782 1233 1834; x_wconf 88' lang='lat' dir='ltr'>terrore</span> <span class='ocrx_word' id='word_1_130' title='bbox 1255 1780 1437 1852; x_wconf 83' lang='lat' dir='ltr'>aliqui</span> <span class='ocrx_word' id='word_1_131' title='bbox 1469 1782 1770 1853; x_wconf 82' lang='lat' dir='ltr'>pavefacti,</span> <span class='ocrx_word' id='word_1_132' title='bbox 1797 1782 1958 1838; x_wconf 88' lang='lat' dir='ltr'>Chri-</span> 
     </span>
    </p>
   </div>
   <div class='ocr_carea' id='block_1_20' title="bbox 293 1867 1962 1928">
    <p class='ocr_par' dir='ltr' id='par_1_20' title="bbox 293 1867 1962 1928">
     <span class='ocr_line' id='line_1_20' title="bbox 293 1867 1962 1928; baseline 0.001 -4"><span class='ocrx_word' id='word_1_133' title='bbox 293 1874 456 1924; x_wconf 85' lang='lat' dir='ltr'>stum</span> <span class='ocrx_word' id='word_1_134' title='bbox 481 1867 920 1923; x_wconf 88' lang='lat' dir='ltr'>conﬁtebantur</span> <span class='ocrx_word' id='word_1_135' title='bbox 939 1867 1126 1924; x_wconf 87' lang='lat' dir='ltr'>inviti.</span> <span class='ocrx_word' id='word_1_136' title='bbox 1142 1870 1213 1924; x_wconf 90' lang='lat' dir='ltr'>Et</span> <span class='ocrx_word' id='word_1_137' title='bbox 1234 1886 1305 1924; x_wconf 89' lang='lat' dir='ltr'>ne</span> <span class='ocrx_word' id='word_1_138' title='bbox 1327 1868 1484 1925; x_wconf 86' lang='lat' dir='ltr'>istud</span> <span class='ocrx_word' id='word_1_139' title='bbox 1503 1887 1642 1926; x_wconf 88' lang='lat' dir='ltr'>casu</span> <span class='ocrx_word' id='word_1_140' title='bbox 1661 1873 1962 1928; x_wconf 84' lang='lat' dir='ltr'>crederent</span> 
     </span>
    </p>
   </div>
   <div class='ocr_carea' id='block_1_21' title="bbox 296 1957 1960 2029">
    <p class='ocr_par' dir='ltr' id='par_1_21' title="bbox 296 1957 1960 2029">
     <span class='ocr_line' id='line_1_21' title="bbox 296 1957 1960 2029; baseline 0.002 -15"><span class='ocrx_word' id='word_1_141' title='bbox 296 1959 548 2024; x_wconf 66' lang='lat' dir='ltr'>factum,</span> <span class='ocrx_word' id='word_1_142' title='bbox 576 1957 844 2029; x_wconf 85' lang='lat' dir='ltr'>sequenti</span> <span class='ocrx_word' id='word_1_143' title='bbox 876 1961 1042 2013; x_wconf 89' lang='lat' dir='ltr'>nocte</span> <span class='ocrx_word' id='word_1_144' title='bbox 1075 1958 1134 2013; x_wconf 89' lang='lat' dir='ltr'>in</span> <span class='ocrx_word' id='word_1_145' title='bbox 1158 1959 1522 2015; x_wconf 85' lang='lat' dir='ltr'>vestimentis</span> <span class='ocrx_word' id='word_1_146' title='bbox 1542 1977 1745 2015; x_wconf 91' lang='lat' dir='ltr'>eorum</span> <span class='ocrx_word' id='word_1_147' title='bbox 1769 1962 1960 2018; x_wconf 91' lang='lat' dir='ltr'>crucis</span> 
     </span>
    </p>
   </div>
   <div class='ocr_carea' id='block_1_22' title="bbox 295 2046 1958 2124">
    <p class='ocr_par' dir='ltr' id='par_1_22' title="bbox 295 2046 1958 2124">
     <span class='ocr_line' id='line_1_22' title="bbox 295 2046 1958 2124; baseline 0.002 -20"><span class='ocrx_word' id='word_1_148' title='bbox 295 2047 579 2120; x_wconf 81' lang='lat' dir='ltr'>apparuit</span> <span class='ocrx_word' id='word_1_149' title='bbox 608 2046 1185 2119; x_wconf 88' lang='lat' dir='ltr'>signum.Theodosii</span> <span class='ocrx_word' id='word_1_150' title='bbox 1207 2065 1438 2121; x_wconf 88' lang='lat' dir='ltr'>quoque</span> <span class='ocrx_word' id='word_1_151' title='bbox 1471 2049 1715 2106; x_wconf 90' lang='lat' dir='ltr'>minoris</span> <span class='ocrx_word' id='word_1_152' title='bbox 1737 2055 1958 2124; x_wconf 90' lang='lat' dir='ltr'>tempo-</span> 
     </span>
    </p>
   </div>
   <div class='ocr_carea' id='block_1_23' title="bbox 294 2136 1961 2213">
    <p class='ocr_par' dir='ltr' id='par_1_23' title="bbox 294 2136 1961 2213">
     <span class='ocr_line' id='line_1_23' title="bbox 294 2136 1961 2213; baseline 0.003 -22"><span class='ocrx_word' id='word_1_153' title='bbox 294 2138 463 2191; x_wconf 88' lang='lat' dir='ltr'>ribus</span> <span class='ocrx_word' id='word_1_154' title='bbox 485 2137 650 2207; x_wconf 78' lang='lat' dir='ltr'>(Hist.</span> <span class='ocrx_word' id='word_1_155' title='bbox 680 2137 854 2208; x_wconf 77' lang='lat' dir='ltr'>Trip.,</span> <span class='ocrx_word' id='word_1_156' title='bbox 878 2136 973 2191; x_wconf 80' lang='lat' dir='ltr'>lib.</span> <span class='ocrx_word' id='word_1_157' title='bbox 996 2154 1095 2204; x_wconf 82' lang='lat' dir='ltr'>xu,</span> <span class='ocrx_word' id='word_1_158' title='bbox 1121 2154 1238 2209; x_wconf 83' lang='lat' dir='ltr'>cap.</span> <span class='ocrx_word' id='word_1_159' title='bbox 1264 2140 1364 2205; x_wconf 84' lang='lat' dir='ltr'>1x),</span> <span class='ocrx_word' id='word_1_160' title='bbox 1388 2137 1658 2194; x_wconf 87' lang='lat' dir='ltr'>diabolus</span> <span class='ocrx_word' id='word_1_161' title='bbox 1681 2139 1738 2194; x_wconf 90' lang='lat' dir='ltr'>in</span> <span class='ocrx_word' id='word_1_162' title='bbox 1771 2141 1961 2213; x_wconf 86' lang='lat' dir='ltr'>specie</span> 
     </span>
    </p>
   </div>
   <div class='ocr_carea' id='block_1_24' title="bbox 297 2225 1960 2302">
    <p class='ocr_par' dir='ltr' id='par_1_24' title="bbox 297 2225 1960 2302">
     <span class='ocr_line' id='line_1_24' title="bbox 297 2225 1960 2302; baseline 0.001 -18"><span class='ocrx_word' id='word_1_163' title='bbox 297 2225 486 2298; x_wconf 76' lang='lat' dir='ltr'>Moysi</span> <span class='ocrx_word' id='word_1_164' title='bbox 521 2225 747 2281; x_wconf 82' lang='lat' dir='ltr'>Judaeis</span> <span class='ocrx_word' id='word_1_165' title='bbox 776 2225 836 2280; x_wconf 91' lang='lat' dir='ltr'>in</span> <span class='ocrx_word' id='word_1_166' title='bbox 867 2229 1031 2281; x_wconf 85' lang='lat' dir='ltr'>Creta</span> <span class='ocrx_word' id='word_1_167' title='bbox 1061 2243 1369 2299; x_wconf 83' lang='lat' dir='ltr'>apparens,</span> <span class='ocrx_word' id='word_1_168' title='bbox 1391 2229 1530 2283; x_wconf 91' lang='lat' dir='ltr'>dum</span> <span class='ocrx_word' id='word_1_169' title='bbox 1555 2245 1652 2285; x_wconf 88' lang='lat' dir='ltr'>eos</span> <span class='ocrx_word' id='word_1_170' title='bbox 1678 2247 1781 2302; x_wconf 90' lang='lat' dir='ltr'>per</span> <span class='ocrx_word' id='word_1_171' title='bbox 1801 2247 1960 2286; x_wconf 89' lang='lat' dir='ltr'>mare</span> 
     </span>
    </p>
   </div>
   <div class='ocr_carea' id='block_1_25' title="bbox 296 2314 1963 2391">
    <p class='ocr_par' dir='ltr' id='par_1_25' title="bbox 296 2314 1963 2391">
     <span class='ocr_line' id='line_1_25' title="bbox 296 2314 1963 2391; baseline 0.002 -20"><span class='ocrx_word' id='word_1_172' title='bbox 296 2315 444 2388; x_wconf 83' lang='lat' dir='ltr'>pede</span> <span class='ocrx_word' id='word_1_173' title='bbox 478 2314 639 2370; x_wconf 88' lang='lat' dir='ltr'>sicco</span> <span class='ocrx_word' id='word_1_174' title='bbox 671 2315 745 2370; x_wconf 87' lang='lat' dir='ltr'>ad</span> <span class='ocrx_word' id='word_1_175' title='bbox 777 2319 992 2370; x_wconf 88' lang='lat' dir='ltr'>terram</span> <span class='ocrx_word' id='word_1_176' title='bbox 1024 2317 1496 2387; x_wconf 89' lang='lat' dir='ltr'>repromissionis</span> <span class='ocrx_word' id='word_1_177' title='bbox 1526 2319 1814 2390; x_wconf 87' lang='lat' dir='ltr'>promittit</span> <span class='ocrx_word' id='word_1_178' title='bbox 1841 2336 1963 2391; x_wconf 89' lang='lat' dir='ltr'>pcr-</span> 
     </span>
    </p>
   </div>
   <div class='ocr_carea' id='block_1_26' title="bbox 296 2403 1958 2478">
    <p class='ocr_par' dir='ltr' id='par_1_26' title="bbox 296 2403 1958 2478">
     <span class='ocr_line' id='line_1_26' title="bbox 296 2403 1958 2478; baseline 0.002 -19"><span class='ocrx_word' id='word_1_179' title='bbox 296 2406 539 2470; x_wconf 87' lang='lat' dir='ltr'>ducere,</span> <span class='ocrx_word' id='word_1_180' title='bbox 567 2403 842 2476; x_wconf 89' lang='lat' dir='ltr'>plurimis</span> <span class='ocrx_word' id='word_1_181' title='bbox 866 2405 1087 2460; x_wconf 85' lang='lat' dir='ltr'>necatis</span> <span class='ocrx_word' id='word_1_182' title='bbox 1109 2405 1318 2477; x_wconf 88' lang='lat' dir='ltr'>reliqui</span> <span class='ocrx_word' id='word_1_183' title='bbox 1342 2407 1440 2478; x_wconf 90' lang='lat' dir='ltr'>qui</span> <span class='ocrx_word' id='word_1_184' title='bbox 1473 2407 1617 2462; x_wconf 87' lang='lat' dir='ltr'>salvi</span> <span class='ocrx_word' id='word_1_185' title='bbox 1640 2409 1776 2464; x_wconf 83' lang='lat' dir='ltr'>facti</span> <span class='ocrx_word' id='word_1_186' title='bbox 1799 2413 1958 2477; x_wconf 86' lang='lat' dir='ltr'>sunt,</span> 
     </span>
    </p>
   </div>
   <div class='ocr_carea' id='block_1_27' title="bbox 295 2493 1964 2568">
    <p class='ocr_par' dir='ltr' id='par_1_27' title="bbox 295 2493 1964 2568">
     <span class='ocr_line' id='line_1_27' title="bbox 295 2493 1964 2568; baseline 0.002 -19"><span class='ocrx_word' id='word_1_187' title='bbox 295 2493 618 2550; x_wconf 80' lang='lat' dir='ltr'>confestim</span> <span class='ocrx_word' id='word_1_188' title='bbox 650 2493 724 2548; x_wconf 90' lang='lat' dir='ltr'>ad</span> <span class='ocrx_word' id='word_1_189' title='bbox 755 2493 969 2548; x_wconf 88' lang='lat' dir='ltr'>Christi</span> <span class='ocrx_word' id='word_1_190' title='bbox 1013 2495 1263 2566; x_wconf 87' lang='lat' dir='ltr'>gratiam</span> <span class='ocrx_word' id='word_1_191' title='bbox 1307 2496 1712 2568; x_wconf 82' lang='lat' dir='ltr'>confugerunt.</span> <span class='ocrx_word' id='word_1_192' title='bbox 1749 2498 1964 2553; x_wconf 87' lang='lat' dir='ltr'>Scribit</span> 
     </span>
    </p>
   </div>
   <div class='ocr_carea' id='block_1_28' title="bbox 295 2583 1961 2656">
    <p class='ocr_par' dir='ltr' id='par_1_28' title="bbox 295 2583 1961 2656">
     <span class='ocr_line' id='line_1_28' title="bbox 295 2583 1961 2656; baseline 0.002 -17"><span class='ocrx_word' id='word_1_193' title='bbox 295 2584 478 2639; x_wconf 85' lang='lat' dir='ltr'>etiam</span> <span class='ocrx_word' id='word_1_194' title='bbox 521 2583 734 2638; x_wconf 86' lang='lat' dir='ltr'>beatus</span> <span class='ocrx_word' id='word_1_195' title='bbox 784 2583 1170 2656; x_wconf 72' lang='lat' dir='ltr'>Hieronymus</span> <span class='ocrx_word' id='word_1_196' title='bbox 1217 2585 1277 2640; x_wconf 92' lang='lat' dir='ltr'>in</span> <span class='ocrx_word' id='word_1_197' title='bbox 1329 2586 1774 2642; x_wconf 82' lang='lat' dir='ltr'>Commentariis</span> <span class='ocrx_word' id='word_1_198' title='bbox 1822 2589 1961 2642; x_wconf 86' lang='lat' dir='ltr'>Eze-</span> 
     </span>
    </p>
   </div>
   <div class='ocr_carea' id='block_1_29' title="bbox 295 2671 1960 2748">
    <p class='ocr_par' dir='ltr' id='par_1_29' title="bbox 295 2671 1960 2748">
     <span class='ocr_line' id='line_1_29' title="bbox 295 2671 1960 2748; baseline 0.002 -20"><span class='ocrx_word' id='word_1_199' title='bbox 295 2671 532 2739; x_wconf 75' lang='lat' dir='ltr'>chielis,</span> <span class='ocrx_word' id='word_1_200' title='bbox 567 2689 707 2727; x_wconf 90' lang='lat' dir='ltr'>cum</span> <span class='ocrx_word' id='word_1_201' title='bbox 736 2671 907 2728; x_wconf 84' lang='lat' dir='ltr'>illum</span> <span class='ocrx_word' id='word_1_202' title='bbox 947 2673 1140 2728; x_wconf 91' lang='lat' dir='ltr'>locum</span> <span class='ocrx_word' id='word_1_203' title='bbox 1172 2675 1509 2746; x_wconf 85' lang='lat' dir='ltr'>explanarct</span> <span class='ocrx_word' id='word_1_204' title='bbox 1538 2676 1637 2731; x_wconf 91' lang='lat' dir='ltr'>ubi</span> <span class='ocrx_word' id='word_1_205' title='bbox 1670 2677 1960 2748; x_wconf 70' lang='lat' dir='ltr'>prophetae</span> 
     </span>
    </p>
   </div>
   <div class='ocr_carea' id='block_1_30' title="bbox 297 2761 1959 2835">
    <p class='ocr_par' dir='ltr' id='par_1_30' title="bbox 297 2761 1959 2835">
     <span class='ocr_line' id='line_1_30' title="bbox 297 2761 1959 2835; baseline 0.003 -19"><span class='ocrx_word' id='word_1_206' title='bbox 297 2761 644 2835; x_wconf 71' lang='lat' dir='ltr'>praecipitur</span> <span class='ocrx_word' id='word_1_207' title='bbox 675 2765 739 2816; x_wconf 88' lang='lat' dir='ltr'>ut</span> <span class='ocrx_word' id='word_1_208' title='bbox 769 2763 1023 2818; x_wconf 85' lang='lat' dir='ltr'>dormiat</span> <span class='ocrx_word' id='word_1_209' title='bbox 1053 2780 1229 2835; x_wconf 88' lang='lat' dir='ltr'>super</span> <span class='ocrx_word' id='word_1_210' title='bbox 1255 2763 1412 2819; x_wconf 88' lang='lat' dir='ltr'>latus</span> <span class='ocrx_word' id='word_1_211' title='bbox 1444 2781 1620 2821; x_wconf 89' lang='lat' dir='ltr'>suum</span> <span class='ocrx_word' id='word_1_212' title='bbox 1653 2765 1959 2821; x_wconf 88' lang='lat' dir='ltr'>sinistrum</span> 
     </span>
    </p>
   </div>
   <div class='ocr_carea' id='block_1_31' title="bbox 295 2850 1964 2926">
    <p class='ocr_par' dir='ltr' id='par_1_31' title="bbox 295 2850 1964 2926">
     <span class='ocr_line' id='line_1_31' title="bbox 295 2850 1964 2926; baseline 0.002 -20"><span class='ocrx_word' id='word_1_213' title='bbox 295 2856 597 2907; x_wconf 81' lang='lat' dir='ltr'>trecentos</span> <span class='ocrx_word' id='word_1_214' title='bbox 651 2850 971 2922; x_wconf 83' lang='lat' dir='ltr'>nonaginta</span> <span class='ocrx_word' id='word_1_215' title='bbox 1018 2852 1163 2919; x_wconf 90' lang='lat' dir='ltr'>dies,</span> <span class='ocrx_word' id='word_1_216' title='bbox 1205 2856 1262 2907; x_wconf 91' lang='lat' dir='ltr'>et</span> <span class='ocrx_word' id='word_1_217' title='bbox 1310 2859 1578 2910; x_wconf 89' lang='lat' dir='ltr'>assumat</span> <span class='ocrx_word' id='word_1_218' title='bbox 1621 2853 1964 2926; x_wconf 81' lang='lat' dir='ltr'>iniquitates</span> 
     </span>
    </p>
   </div>
   <div class='ocr_carea' id='block_1_32' title="bbox 297 2940 1962 3014">
    <p class='ocr_par' dir='ltr' id='par_1_32' title="bbox 297 2940 1962 3014">
     <span class='ocr_line' id='line_1_32' title="bbox 297 2940 1962 3014; baseline 0.002 -19"><span class='ocrx_word' id='word_1_219' title='bbox 297 2941 518 2995; x_wconf 82' lang='lat' dir='ltr'>domus</span> <span class='ocrx_word' id='word_1_220' title='bbox 536 2940 716 2996; x_wconf 84' lang='lat' dir='ltr'>Israel</span> <span class='ocrx_word' id='word_1_221' title='bbox 738 2958 750 2995; x_wconf 91' lang='lat'><strong>:</strong></span> <span class='ocrx_word' id='word_1_222' title='bbox 773 2941 1028 3012; x_wconf 86' lang='lat' dir='ltr'>itemque</span> <span class='ocrx_word' id='word_1_223' title='bbox 1049 2940 1300 2996; x_wconf 87' lang='lat' dir='ltr'>dormiat</span> <span class='ocrx_word' id='word_1_224' title='bbox 1322 2959 1498 3014; x_wconf 81' lang='lat' dir='ltr'>super</span> <span class='ocrx_word' id='word_1_225' title='bbox 1518 2942 1673 2998; x_wconf 90' lang='lat' dir='ltr'>latus</span> <span class='ocrx_word' id='word_1_226' title='bbox 1696 2944 1962 2999; x_wconf 82' lang='lat' dir='ltr'>dextrum</span> 
     </span>
    </p>
   </div>
   <div class='ocr_carea' id='block_1_33' title="bbox 300 3029 1963 3104">
    <p class='ocr_par' dir='ltr' id='par_1_33' title="bbox 300 3029 1963 3104">
     <span class='ocr_line' id='line_1_33' title="bbox 300 3029 1963 3104; baseline 0.004 -20"><span class='ocrx_word' id='word_1_227' title='bbox 300 3030 701 3102; x_wconf 84' lang='lat' dir='ltr'>quadraginta</span> <span class='ocrx_word' id='word_1_228' title='bbox 729 3029 946 3097; x_wconf 90' lang='lat' dir='ltr'>dies,et</span> <span class='ocrx_word' id='word_1_229' title='bbox 965 3035 1231 3087; x_wconf 86' lang='lat' dir='ltr'>assumat</span> <span class='ocrx_word' id='word_1_230' title='bbox 1260 3031 1598 3104; x_wconf 87' lang='lat' dir='ltr'>iniquitates</span> <span class='ocrx_word' id='word_1_231' title='bbox 1620 3034 1832 3089; x_wconf 88' lang='lat' dir='ltr'>domus</span> <span class='ocrx_word' id='word_1_232' title='bbox 1861 3034 1963 3090; x_wconf 88' lang='lat' dir='ltr'>Ju-</span> 
     </span>
    </p>
   </div>
   <div class='ocr_carea' id='block_1_34' title="bbox 299 3119 1962 3195">
    <p class='ocr_par' dir='ltr' id='par_1_34' title="bbox 299 3119 1962 3195">
     <span class='ocr_line' id='line_1_34' title="bbox 299 3119 1962 3195; baseline 0.002 -20"><span class='ocrx_word' id='word_1_233' title='bbox 299 3119 517 3186; x_wconf 85' lang='lat' dir='ltr'>da.Qu-i</span> <span class='ocrx_word' id='word_1_234' title='bbox 539 3119 668 3174; x_wconf 89' lang='lat' dir='ltr'>dies</span> <span class='ocrx_word' id='word_1_235' title='bbox 683 3119 876 3192; x_wconf 84' lang='lat' dir='ltr'>juncti</span> <span class='ocrx_word' id='word_1_236' title='bbox 897 3119 1252 3188; x_wconf 87' lang='lat' dir='ltr'>simul,ﬁunt</span> <span class='ocrx_word' id='word_1_237' title='bbox 1267 3122 1681 3194; x_wconf 87' lang='lat' dir='ltr'>quadringenti</span> <span class='ocrx_word' id='word_1_238' title='bbox 1701 3123 1962 3195; x_wconf 84' lang='lat' dir='ltr'>triginta,</span> 
     </span>
    </p>
   </div>
   <div class='ocr_carea' id='block_1_35' title="bbox 2060 530 3716 612">
    <p class='ocr_par' dir='ltr' id='par_1_35' title="bbox 2060 530 3716 612">
     <span class='ocr_line' id='line_1_35' title="bbox 2060 530 3716 612; baseline 0.009 -29"><span class='ocrx_word' id='word_1_239' title='bbox 2060 545 2129 584; x_wconf 82' lang='lat' dir='ltr'>ex</span> <span class='ocrx_word' id='word_1_240' title='bbox 2161 530 2423 602; x_wconf 63' lang='lat' dir='ltr'>ngypto,</span> <span class='ocrx_word' id='word_1_241' title='bbox 2449 533 2548 587; x_wconf 91' lang='lat' dir='ltr'>sed</span> <span class='ocrx_word' id='word_1_242' title='bbox 2584 550 2771 604; x_wconf 90' lang='lat' dir='ltr'>neque</span> <span class='ocrx_word' id='word_1_243' title='bbox 2793 539 2924 607; x_wconf 90' lang='lat' dir='ltr'>post</span> <span class='ocrx_word' id='word_1_244' title='bbox 2944 536 3318 610; x_wconf 87' lang='lat' dir='ltr'>quingentos,</span> <span class='ocrx_word' id='word_1_245' title='bbox 3345 540 3444 612; x_wconf 91' lang='lat' dir='ltr'>qui</span> <span class='ocrx_word' id='word_1_246' title='bbox 3459 541 3585 611; x_wconf 88' lang='lat' dir='ltr'>jam</span> <span class='ocrx_word' id='word_1_247' title='bbox 3612 542 3716 598; x_wconf 91' lang='lat' dir='ltr'>im-</span> 
     </span>
    </p>
   </div>
   <div class='ocr_carea' id='block_1_36' title="bbox 2063 618 3716 702">
    <p class='ocr_par' dir='ltr' id='par_1_36' title="bbox 2063 618 3716 702">
     <span class='ocr_line' id='line_1_36' title="bbox 2063 618 3716 702; baseline 0.01 -30"><span class='ocrx_word' id='word_1_248' title='bbox 2063 618 2204 691; x_wconf 88' lang='lat' dir='ltr'>pleti</span> <span class='ocrx_word' id='word_1_249' title='bbox 2266 623 2422 686; x_wconf 90' lang='lat' dir='ltr'>sunt,</span> <span class='ocrx_word' id='word_1_250' title='bbox 2468 621 2740 689; x_wconf 81' lang='lat' dir='ltr'>relaxari;</span> <span class='ocrx_word' id='word_1_251' title='bbox 2803 641 2916 679; x_wconf 90' lang='lat' dir='ltr'>non</span> <span class='ocrx_word' id='word_1_252' title='bbox 2970 625 3305 699; x_wconf 90' lang='lat' dir='ltr'>intelligunt</span> <span class='ocrx_word' id='word_1_253' title='bbox 3364 646 3424 685; x_wconf 90' lang='lat' dir='ltr'>se</span> <span class='ocrx_word' id='word_1_254' title='bbox 3478 631 3716 702; x_wconf 85' lang='lat' dir='ltr'>gravius</span> 
     </span>
    </p>
   </div>
   <div class='ocr_carea' id='block_1_37' title="bbox 2066 711 3712 786">
    <p class='ocr_par' dir='ltr' id='par_1_37' title="bbox 2066 711 3712 786">
     <span class='ocr_line' id='line_1_37' title="bbox 2066 711 3712 786; baseline 0.01 -26"><span class='ocrx_word' id='word_1_255' title='bbox 2066 724 2243 778; x_wconf 89' lang='lat' dir='ltr'>quam</span> <span class='ocrx_word' id='word_1_256' title='bbox 2277 725 2536 780; x_wconf 86' lang='lat' dir='ltr'>unquam</span> <span class='ocrx_word' id='word_1_257' title='bbox 2572 715 2743 766; x_wconf 86' lang='lat' dir='ltr'>antea</span> <span class='ocrx_word' id='word_1_258' title='bbox 2762 711 2819 766; x_wconf 88' lang='lat' dir='ltr'>in</span> <span class='ocrx_word' id='word_1_259' title='bbox 2845 713 3026 769; x_wconf 91' lang='lat' dir='ltr'>Deum</span> <span class='ocrx_word' id='word_1_260' title='bbox 3059 730 3350 786; x_wconf 87' lang='lat' dir='ltr'>peccasse,</span> <span class='ocrx_word' id='word_1_261' title='bbox 3375 719 3475 774; x_wconf 91' lang='lat' dir='ltr'>Dei</span> <span class='ocrx_word' id='word_1_262' title='bbox 3501 719 3712 776; x_wconf 85' lang='lat' dir='ltr'>Filium</span> 
     </span>
    </p>
   </div>
   <div class='ocr_carea' id='block_1_38' title="bbox 2065 794 3712 878">
    <p class='ocr_par' dir='ltr' id='par_1_38' title="bbox 2065 794 3712 878">
     <span class='ocr_line' id='line_1_38' title="bbox 2065 794 3712 878; baseline 0.01 -30"><span class='ocrx_word' id='word_1_263' title='bbox 2065 794 2477 867; x_wconf 87' lang='lat' dir='ltr'>cruciﬁgendo,</span> <span class='ocrx_word' id='word_1_264' title='bbox 2494 802 2550 852; x_wconf 90' lang='lat' dir='ltr'>et</span> <span class='ocrx_word' id='word_1_265' title='bbox 2570 798 2878 854; x_wconf 88' lang='lat' dir='ltr'>clamando</span> <span class='ocrx_word' id='word_1_266' title='bbox 2899 817 2944 856; x_wconf 71' lang='grc' dir='ltr'>τα</span> <span class='ocrx_word' id='word_1_267' title='bbox 2969 802 3220 875; x_wconf 88' lang='lat' dir='ltr'>Sanguis</span> <span class='ocrx_word' id='word_1_268' title='bbox 3237 805 3366 875; x_wconf 86' lang='lat' dir='ltr'>ejus</span> <span class='ocrx_word' id='word_1_269' title='bbox 3384 823 3561 878; x_wconf 87' lang='lat' dir='ltr'>super</span> <span class='ocrx_word' id='word_1_270' title='bbox 3586 825 3712 876; x_wconf 90' lang='lat' dir='ltr'>nos,</span> 
     </span>
    </p>
   </div>
   <div class='ocr_carea' id='block_1_39' title="bbox 2071 885 3716 961">
    <p class='ocr_par' dir='ltr' id='par_1_39' title="bbox 2071 885 3716 961">
     <span class='ocr_line' id='line_1_39' title="bbox 2071 885 3716 961; baseline 0.009 -23"><span class='ocrx_word' id='word_1_271' title='bbox 2071 889 2127 939; x_wconf 90' lang='lat' dir='ltr'>et</span> <span class='ocrx_word' id='word_1_272' title='bbox 2149 901 2324 956; x_wconf 84' lang='lat' dir='ltr'>super</span> <span class='ocrx_word' id='word_1_273' title='bbox 2351 885 2501 941; x_wconf 89' lang='lat' dir='ltr'>ﬁlios</span> <span class='ocrx_word' id='word_1_274' title='bbox 2535 892 2762 943; x_wconf 87' lang='lat' dir='ltr'>nostros</span> <span class='ocrx_word' id='word_1_275' title='bbox 2784 888 2987 956; x_wconf 72' lang='lat' dir='ltr'>(Matth.</span> <span class='ocrx_word' id='word_1_276' title='bbox 3013 908 3208 961; x_wconf 85' lang='lat' dir='ltr'>xxvm,</span> <span class='ocrx_word' id='word_1_277' title='bbox 3231 894 3344 961; x_wconf 87' lang='lat'>25);</span> <span class='ocrx_word' id='word_1_278' title='bbox 3374 916 3394 943; x_wconf 76' lang='grc' dir='ltr'><strong><em>ι</em></strong></span> <span class='ocrx_word' id='word_1_279' title='bbox 3422 899 3479 950; x_wconf 90' lang='lat' dir='ltr'>et</span> <span class='ocrx_word' id='word_1_280' title='bbox 3497 895 3716 954; x_wconf 90' lang='lat' dir='ltr'>idcirco</span> 
     </span>
    </p>
   </div>
   <div class='ocr_carea' id='block_1_40' title="bbox 2069 974 3716 1049">
    <p class='ocr_par' dir='ltr' id='par_1_40' title="bbox 2069 974 3716 1049">
     <span class='ocr_line' id='line_1_40' title="bbox 2069 974 3716 1049; baseline 0.01 -22"><span class='ocrx_word' id='word_1_281' title='bbox 2069 991 2103 1028; x_wconf 92' lang='lat' dir='ltr'>a</span> <span class='ocrx_word' id='word_1_282' title='bbox 2133 974 2248 1029; x_wconf 91' lang='lat' dir='ltr'>Deo</span> <span class='ocrx_word' id='word_1_283' title='bbox 2279 991 2406 1030; x_wconf 90' lang='lat' dir='ltr'>esse</span> <span class='ocrx_word' id='word_1_284' title='bbox 2432 976 2694 1033; x_wconf 88' lang='lat' dir='ltr'>desertos</span> <span class='ocrx_word' id='word_1_285' title='bbox 2717 981 2889 1049; x_wconf 87' lang='lat' dir='ltr'>atque</span> <span class='ocrx_word' id='word_1_286' title='bbox 2918 979 3192 1036; x_wconf 86' lang='lat' dir='ltr'>oblivioni</span> <span class='ocrx_word' id='word_1_287' title='bbox 3222 983 3468 1040; x_wconf 89' lang='lat' dir='ltr'>traditos</span> <span class='ocrx_word' id='word_1_288' title='bbox 3494 1002 3506 1040; x_wconf 89' lang='lat'><strong>:</strong></span> <span class='ocrx_word' id='word_1_289' title='bbox 3532 987 3716 1043; x_wconf 90' lang='lat' dir='ltr'>donec</span> 
     </span>
    </p>
   </div>
   <div class='ocr_carea' id='block_1_41' title="bbox 2069 1063 3715 1145">
    <p class='ocr_par' dir='ltr' id='par_1_41' title="bbox 2069 1063 3715 1145">
     <span class='ocr_line' id='line_1_41' title="bbox 2069 1063 3715 1145; baseline 0.01 -29"><span class='ocrx_word' id='word_1_290' title='bbox 2069 1063 2421 1118; x_wconf 86' lang='lat' dir='ltr'>erubescant</span> <span class='ocrx_word' id='word_1_291' title='bbox 2439 1063 2803 1122; x_wconf 88' lang='lat' dir='ltr'>inﬁdelitatis</span> <span class='ocrx_word' id='word_1_292' title='bbox 2824 1085 2962 1135; x_wconf 73' lang='lat' dir='ltr'>suae,</span> <span class='ocrx_word' id='word_1_293' title='bbox 2988 1074 3043 1124; x_wconf 90' lang='lat' dir='ltr'>et</span> <span class='ocrx_word' id='word_1_294' title='bbox 3066 1087 3178 1125; x_wconf 93' lang='lat' dir='ltr'>non</span> <span class='ocrx_word' id='word_1_295' title='bbox 3207 1075 3586 1145; x_wconf 85' lang='lat' dir='ltr'>temporalem</span> <span class='ocrx_word' id='word_1_296' title='bbox 3612 1078 3715 1132; x_wconf 89' lang='lat' dir='ltr'>sed</span> 
     </span>
    </p>
   </div>
   <div class='ocr_carea' id='block_1_42' title="bbox 2071 1153 3720 1237">
    <p class='ocr_par' dir='ltr' id='par_1_42' title="bbox 2071 1153 3720 1237">
     <span class='ocr_line' id='line_1_42' title="bbox 2071 1153 3720 1237; baseline 0.01 -31"><span class='ocrx_word' id='word_1_297' title='bbox 2071 1155 2348 1208; x_wconf 69' lang='lat' dir='ltr'>aeternam</span> <span class='ocrx_word' id='word_1_298' title='bbox 2380 1153 2730 1222; x_wconf 89' lang='lat' dir='ltr'>libertatem,</span> <span class='ocrx_word' id='word_1_299' title='bbox 2755 1174 2881 1229; x_wconf 64' lang='lat' dir='ltr'>quae</span> <span class='ocrx_word' id='word_1_300' title='bbox 2933 1158 2992 1213; x_wconf 89' lang='lat' dir='ltr'>in</span> <span class='ocrx_word' id='word_1_301' title='bbox 3041 1160 3272 1217; x_wconf 88' lang='lat' dir='ltr'>Christo</span> <span class='ocrx_word' id='word_1_302' title='bbox 3303 1168 3409 1231; x_wconf 88' lang='lat' dir='ltr'>est,</span> <span class='ocrx_word' id='word_1_303' title='bbox 3434 1165 3720 1237; x_wconf 87' lang='lat' dir='ltr'>incipiant</span> 
     </span>
    </p>
   </div>
   <div class='ocr_carea' id='block_1_43' title="bbox 2073 1241 3719 1326">
    <p class='ocr_par' dir='ltr' id='par_1_43' title="bbox 2073 1241 3719 1326">
     <span class='ocr_line' id='line_1_43' title="bbox 2073 1241 3719 1326; baseline 0.009 -30"><span class='ocrx_word' id='word_1_304' title='bbox 2073 1241 2405 1298; x_wconf 89' lang='lat' dir='ltr'>desiderare</span> <span class='ocrx_word' id='word_1_305' title='bbox 2439 1261 2451 1298; x_wconf 89' lang='lat'><strong>:</strong></span> <span class='ocrx_word' id='word_1_306' title='bbox 2483 1244 2636 1299; x_wconf 87' lang='lat' dir='ltr'>sicut</span> <span class='ocrx_word' id='word_1_307' title='bbox 2663 1246 2748 1301; x_wconf 90' lang='lat' dir='ltr'>eis</span> <span class='ocrx_word' id='word_1_308' title='bbox 2777 1263 2880 1318; x_wconf 91' lang='lat' dir='ltr'>per</span> <span class='ocrx_word' id='word_1_309' title='bbox 2911 1247 3167 1320; x_wconf 89' lang='lat' dir='ltr'>Moysem</span> <span class='ocrx_word' id='word_1_310' title='bbox 3196 1249 3322 1322; x_wconf 91' lang='lat' dir='ltr'>ipse</span> <span class='ocrx_word' id='word_1_311' title='bbox 3351 1253 3719 1326; x_wconf 88' lang='lat' dir='ltr'>omnipotens</span> 
     </span>
    </p>
   </div>
   <div class='ocr_carea' id='block_1_44' title="bbox 2074 1329 3718 1404">
    <p class='ocr_par' dir='ltr' id='par_1_44' title="bbox 2074 1329 3718 1404">
     <span class='ocr_line' id='line_1_44' title="bbox 2074 1329 3718 1404; baseline 0.009 -19"><span class='ocrx_word' id='word_1_312' title='bbox 2074 1329 2228 1386; x_wconf 88' lang='lat' dir='ltr'>Deus</span> <span class='ocrx_word' id='word_1_313' title='bbox 2259 1332 2650 1389; x_wconf 86' lang='lat' dir='ltr'>comminatus</span> <span class='ocrx_word' id='word_1_314' title='bbox 2681 1339 2788 1404; x_wconf 90' lang='lat' dir='ltr'>est,</span> <span class='ocrx_word' id='word_1_315' title='bbox 2823 1336 3022 1392; x_wconf 89' lang='lat' dir='ltr'>dicens</span> <span class='ocrx_word' id='word_1_316' title='bbox 3058 1356 3070 1394; x_wconf 92' lang='lat'><strong>:</strong></span> <span class='ocrx_word' id='word_1_317' title='bbox 3102 1361 3122 1389; x_wconf 78' lang='grc' dir='ltr'>α</span> <span class='ocrx_word' id='word_1_318' title='bbox 3159 1339 3343 1397; x_wconf 91' lang='lat' dir='ltr'>Urbes</span> <span class='ocrx_word' id='word_1_319' title='bbox 3373 1346 3595 1399; x_wconf 88' lang='lat' dir='ltr'>vestras</span> <span class='ocrx_word' id='word_1_320' title='bbox 3627 1361 3718 1400; x_wconf 80' lang='lat' dir='ltr'>re-</span> 
     </span>
    </p>
   </div>
   <div class='ocr_carea' id='block_1_45' title="bbox 2080 1419 3720 1495">
    <p class='ocr_par' dir='ltr' id='par_1_45' title="bbox 2080 1419 3720 1495">
     <span class='ocr_line' id='line_1_45' title="bbox 2080 1419 3720 1495; baseline 0.013 -26"><span class='ocrx_word' id='word_1_321' title='bbox 2080 1438 2102 1468; x_wconf 67' lang='lat' dir='ltr'>c</span> <span class='ocrx_word' id='word_1_322' title='bbox 2137 1419 2332 1493; x_wconf 84' lang='lat' dir='ltr'>digam</span> <span class='ocrx_word' id='word_1_323' title='bbox 2376 1421 2432 1476; x_wconf 91' lang='lat' dir='ltr'>in</span> <span class='ocrx_word' id='word_1_324' title='bbox 2485 1421 2886 1495; x_wconf 91' lang='lat' dir='ltr'>solitudinem,</span> <span class='ocrx_word' id='word_1_325' title='bbox 2918 1431 2976 1481; x_wconf 89' lang='lat' dir='ltr'>et</span> <span class='ocrx_word' id='word_1_326' title='bbox 3005 1428 3234 1484; x_wconf 88' lang='lat' dir='ltr'>deserta</span> <span class='ocrx_word' id='word_1_327' title='bbox 3280 1430 3490 1488; x_wconf 87' lang='lat' dir='ltr'>faciam</span> <span class='ocrx_word' id='word_1_328' title='bbox 3543 1450 3720 1489; x_wconf 89' lang='lat' dir='ltr'>sanc-</span> 
     </span>
    </p>
   </div>
   <div class='ocr_carea' id='block_1_46' title="bbox 2078 1510 3719 1587">
    <p class='ocr_par' dir='ltr' id='par_1_46' title="bbox 2078 1510 3719 1587">
     <span class='ocr_line' id='line_1_46' title="bbox 2078 1510 3719 1587; baseline 0.012 -25"><span class='ocrx_word' id='word_1_329' title='bbox 2078 1529 2101 1558; x_wconf 81' lang='lat'><em>«</em></span> <span class='ocrx_word' id='word_1_330' title='bbox 2136 1510 2331 1566; x_wconf 89' lang='lat' dir='ltr'>tuaria</span> <span class='ocrx_word' id='word_1_331' title='bbox 2357 1515 2568 1580; x_wconf 91' lang='lat' dir='ltr'>vestra,</span> <span class='ocrx_word' id='word_1_332' title='bbox 2603 1529 2708 1569; x_wconf 92' lang='lat' dir='ltr'>nec</span> <span class='ocrx_word' id='word_1_333' title='bbox 2737 1513 3014 1587; x_wconf 87' lang='lat' dir='ltr'>recipiam</span> <span class='ocrx_word' id='word_1_334' title='bbox 3047 1517 3200 1574; x_wconf 86' lang='lat' dir='ltr'>ultra</span> <span class='ocrx_word' id='word_1_335' title='bbox 3229 1521 3463 1577; x_wconf 90' lang='lat' dir='ltr'>odorem</span> <span class='ocrx_word' id='word_1_336' title='bbox 3495 1523 3719 1580; x_wconf 85' lang='lat' dir='ltr'>suavis-</span> 
     </span>
    </p>
   </div>
   <div class='ocr_carea' id='block_1_47' title="bbox 2079 1598 3720 1679">
    <p class='ocr_par' dir='ltr' id='par_1_47' title="bbox 2079 1598 3720 1679">
     <span class='ocr_line' id='line_1_47' title="bbox 2079 1598 3720 1679; baseline 0.012 -30"><span class='ocrx_word' id='word_1_337' title='bbox 2079 1617 2100 1649; x_wconf 80' lang='grc' dir='ltr'>ι</span> <span class='ocrx_word' id='word_1_338' title='bbox 2136 1598 2356 1654; x_wconf 90' lang='lat' dir='ltr'>simum</span> <span class='ocrx_word' id='word_1_339' title='bbox 2388 1616 2401 1655; x_wconf 90' lang='lat'><strong>:</strong></span> <span class='ocrx_word' id='word_1_340' title='bbox 2438 1601 2891 1676; x_wconf 89' lang='lat' dir='ltr'>disperdamque</span> <span class='ocrx_word' id='word_1_341' title='bbox 2938 1609 3152 1662; x_wconf 88' lang='lat' dir='ltr'>terram</span> <span class='ocrx_word' id='word_1_342' title='bbox 3194 1612 3468 1679; x_wconf 86' lang='lat' dir='ltr'>vestram,</span> <span class='ocrx_word' id='word_1_343' title='bbox 3502 1616 3560 1668; x_wconf 89' lang='lat' dir='ltr'>et</span> <span class='ocrx_word' id='word_1_344' title='bbox 3589 1618 3720 1668; x_wconf 89' lang='lat' dir='ltr'>stu-</span> 
     </span>
    </p>
   </div>
   <div class='ocr_carea' id='block_1_48' title="bbox 2078 1687 3722 1773">
    <p class='ocr_par' dir='ltr' id='par_1_48' title="bbox 2078 1687 3722 1773">
     <span class='ocr_line' id='line_1_48' title="bbox 2078 1687 3722 1773; baseline 0.01 -32"><span class='ocrx_word' id='word_1_345' title='bbox 2078 1707 2099 1734; x_wconf 72' lang='grc' dir='ltr'>α</span> <span class='ocrx_word' id='word_1_346' title='bbox 2135 1687 2358 1758; x_wconf 85' lang='lat' dir='ltr'>pebunt</span> <span class='ocrx_word' id='word_1_347' title='bbox 2396 1705 2574 1762; x_wconf 87' lang='lat' dir='ltr'>super</span> <span class='ocrx_word' id='word_1_348' title='bbox 2627 1707 2756 1746; x_wconf 90' lang='lat' dir='ltr'>eam</span> <span class='ocrx_word' id='word_1_349' title='bbox 2809 1691 3031 1750; x_wconf 88' lang='lat' dir='ltr'>inimici</span> <span class='ocrx_word' id='word_1_350' title='bbox 3079 1696 3274 1765; x_wconf 87' lang='lat' dir='ltr'>vestri,</span> <span class='ocrx_word' id='word_1_351' title='bbox 3307 1715 3441 1754; x_wconf 91' lang='lat' dir='ltr'>cum</span> <span class='ocrx_word' id='word_1_352' title='bbox 3491 1699 3722 1773; x_wconf 61' lang='lat' dir='ltr'>habita-1f</span> 
     </span>
    </p>
   </div>
   <div class='ocr_carea' id='block_1_49' title="bbox 2083 1778 3717 1861">
    <p class='ocr_par' dir='ltr' id='par_1_49' title="bbox 2083 1778 3717 1861">
     <span class='ocr_line' id='line_1_49' title="bbox 2083 1778 3717 1861; baseline 0.01 -31"><span class='ocrx_word' id='word_1_353' title='bbox 2083 1798 2102 1824; x_wconf 75' lang='grc' dir='ltr'>ι</span> <span class='ocrx_word' id='word_1_354' title='bbox 2138 1780 2292 1832; x_wconf 89' lang='lat' dir='ltr'>tores</span> <span class='ocrx_word' id='word_1_355' title='bbox 2346 1778 2505 1834; x_wconf 89' lang='lat' dir='ltr'>illius</span> <span class='ocrx_word' id='word_1_356' title='bbox 2562 1780 2798 1836; x_wconf 86' lang='lat' dir='ltr'>fuerint.</span> <span class='ocrx_word' id='word_1_357' title='bbox 2842 1781 2956 1837; x_wconf 88' lang='lat' dir='ltr'>Vos</span> <span class='ocrx_word' id='word_1_358' title='bbox 3015 1788 3210 1840; x_wconf 89' lang='lat' dir='ltr'>autem</span> <span class='ocrx_word' id='word_1_359' title='bbox 3261 1787 3594 1861; x_wconf 89' lang='lat' dir='ltr'>dispergam</span> <span class='ocrx_word' id='word_1_360' title='bbox 3658 1791 3717 1847; x_wconf 90' lang='lat' dir='ltr'>in</span> 
     </span>
    </p>
   </div>
   <div class='ocr_carea' id='block_1_50' title="bbox 2075 1869 3718 1951">
    <p class='ocr_par' dir='ltr' id='par_1_50' title="bbox 2075 1869 3718 1951">
     <span class='ocr_line' id='line_1_50' title="bbox 2075 1869 3718 1951; baseline 0.014 -38"><span class='ocrx_word' id='word_1_361' title='bbox 2075 1884 2098 1913; x_wconf 73' lang='grc' dir='ltr'><strong><em>α</em></strong></span> <span class='ocrx_word' id='word_1_362' title='bbox 2132 1871 2355 1939; x_wconf 82' lang='lat' dir='ltr'>gentes,</span> <span class='ocrx_word' id='word_1_363' title='bbox 2391 1872 2447 1922; x_wconf 90' lang='lat' dir='ltr'>et</span> <span class='ocrx_word' id='word_1_364' title='bbox 2481 1869 2797 1941; x_wconf 86' lang='lat' dir='ltr'>evaginabo</span> <span class='ocrx_word' id='word_1_365' title='bbox 2830 1875 2962 1942; x_wconf 88' lang='lat' dir='ltr'>post</span> <span class='ocrx_word' id='word_1_366' title='bbox 2997 1889 3098 1928; x_wconf 92' lang='lat' dir='ltr'>vos</span> <span class='ocrx_word' id='word_1_367' title='bbox 3146 1873 3408 1945; x_wconf 90' lang='lat' dir='ltr'>gladium</span> <span class='ocrx_word' id='word_1_368' title='bbox 3443 1895 3455 1932; x_wconf 93' lang='lat'><strong>:</strong></span> <span class='ocrx_word' id='word_1_369' title='bbox 3489 1879 3718 1951; x_wconf 86' lang='lat' dir='ltr'>eritque</span> 
     </span>
    </p>
   </div>
   <div class='ocr_carea' id='block_1_51' title="bbox 2076 1958 3714 2034">
    <p class='ocr_par' dir='ltr' id='par_1_51' title="bbox 2076 1958 3714 2034">
     <span class='ocr_line' id='line_1_51' title="bbox 2076 1958 3714 2034; baseline 0.012 -30"><span class='ocrx_word' id='word_1_370' title='bbox 2076 1975 2096 2003; x_wconf 80' lang='grc' dir='ltr'>ι</span> <span class='ocrx_word' id='word_1_371' title='bbox 2131 1959 2288 2011; x_wconf 87' lang='lat' dir='ltr'>terra</span> <span class='ocrx_word' id='word_1_372' title='bbox 2328 1960 2520 2012; x_wconf 89' lang='lat' dir='ltr'>vestra</span> <span class='ocrx_word' id='word_1_373' title='bbox 2569 1958 2820 2025; x_wconf 89' lang='lat' dir='ltr'>deserta,</span> <span class='ocrx_word' id='word_1_374' title='bbox 2852 1964 2910 2014; x_wconf 89' lang='lat' dir='ltr'>et</span> <span class='ocrx_word' id='word_1_375' title='bbox 2958 1960 3222 2017; x_wconf 86' lang='lat' dir='ltr'>civitates</span> <span class='ocrx_word' id='word_1_376' title='bbox 3269 1965 3475 2021; x_wconf 68' lang='lat' dir='ltr'>dirutae</span> <span class='ocrx_word' id='word_1_377' title='bbox 3523 1969 3714 2034; x_wconf 75' lang='lat' dir='ltr'>(Leuit.</span> 
     </span>
    </p>
   </div>
   <div class='ocr_carea' id='block_1_52' title="bbox 2076 2046 3720 2117">
    <p class='ocr_par' dir='ltr' id='par_1_52' title="bbox 2076 2046 3720 2117">
     <span class='ocr_line' id='line_1_52' title="bbox 2076 2046 3720 2117; baseline 0.01 -21"><span class='ocrx_word' id='word_1_378' title='bbox 2076 2065 2097 2093; x_wconf 76' lang='grc' dir='ltr'>ι</span> <span class='ocrx_word' id='word_1_379' title='bbox 2131 2062 2282 2113; x_wconf 76' lang='lat' dir='ltr'>XXVI,</span> <span class='ocrx_word' id='word_1_380' title='bbox 2316 2046 2406 2113; x_wconf 83' lang='lat' dir='ltr'>3t,</span> <span class='ocrx_word' id='word_1_381' title='bbox 2456 2048 2545 2114; x_wconf 81' lang='lat'>32,</span> <span class='ocrx_word' id='word_1_382' title='bbox 2598 2046 2709 2117; x_wconf 88' lang='lat'>33).</span> <span class='ocrx_word' id='word_1_383' title='bbox 2739 2071 2760 2099; x_wconf 76' lang='grc' dir='ltr'><strong><em>ι</em></strong></span> <span class='ocrx_word' id='word_1_384' title='bbox 2799 2048 2870 2102; x_wconf 84' lang='lat' dir='ltr'>Et</span> <span class='ocrx_word' id='word_1_385' title='bbox 2914 2047 3129 2104; x_wconf 88' lang='lat' dir='ltr'>iterum</span> <span class='ocrx_word' id='word_1_386' title='bbox 3164 2068 3220 2105; x_wconf 75' lang='grc' dir='ltr'>ζα</span> <span class='ocrx_word' id='word_1_387' title='bbox 3255 2052 3521 2110; x_wconf 81' lang='lat' dir='ltr'>Peribitis</span> <span class='ocrx_word' id='word_1_388' title='bbox 3570 2057 3720 2112; x_wconf 82' lang='lat' dir='ltr'>inter</span> 
     </span>
    </p>
   </div>
   <div class='ocr_carea' id='block_1_53' title="bbox 2077 2134 3718 2210">
    <p class='ocr_par' dir='ltr' id='par_1_53' title="bbox 2077 2134 3718 2210">
     <span class='ocr_line' id='line_1_53' title="bbox 2077 2134 3718 2210; baseline 0.009 -23"><span class='ocrx_word' id='word_1_389' title='bbox 2077 2152 2099 2180; x_wconf 77' lang='grc' dir='ltr'><strong><em>α</em></strong></span> <span class='ocrx_word' id='word_1_390' title='bbox 2131 2139 2356 2206; x_wconf 83' lang='lat' dir='ltr'>gentes,</span> <span class='ocrx_word' id='word_1_391' title='bbox 2390 2139 2447 2190; x_wconf 92' lang='lat' dir='ltr'>et</span> <span class='ocrx_word' id='word_1_392' title='bbox 2489 2134 2721 2192; x_wconf 89' lang='lat' dir='ltr'>hostilis</span> <span class='ocrx_word' id='word_1_393' title='bbox 2747 2153 2850 2191; x_wconf 91' lang='lat' dir='ltr'>vos</span> <span class='ocrx_word' id='word_1_394' title='bbox 2899 2141 3054 2194; x_wconf 84' lang='lat' dir='ltr'>terra</span> <span class='ocrx_word' id='word_1_395' title='bbox 3101 2146 3425 2198; x_wconf 87' lang='lat' dir='ltr'>consumet.</span> <span class='ocrx_word' id='word_1_396' title='bbox 3458 2146 3630 2210; x_wconf 52' lang='lat' dir='ltr'>Quodé</span> <span class='ocrx_word' id='word_1_397' title='bbox 3669 2147 3718 2202; x_wconf 90' lang='lat' dir='ltr'>si</span> 
     </span>
    </p>
   </div>
   <div class='ocr_carea' id='block_1_54' title="bbox 2078 2224 3719 2297">
    <p class='ocr_par' dir='ltr' id='par_1_54' title="bbox 2078 2224 3719 2297">
     <span class='ocr_line' id='line_1_54' title="bbox 2078 2224 3719 2297; baseline 0.008 -20"><span class='ocrx_word' id='word_1_398' title='bbox 2078 2224 2203 2278; x_wconf 66' lang='lat' dir='ltr'>«de</span> <span class='ocrx_word' id='word_1_399' title='bbox 2256 2224 2350 2280; x_wconf 88' lang='lat' dir='ltr'>his</span> <span class='ocrx_word' id='word_1_400' title='bbox 2410 2224 2592 2297; x_wconf 88' lang='lat' dir='ltr'>aliqui</span> <span class='ocrx_word' id='word_1_401' title='bbox 2655 2226 3069 2296; x_wconf 87' lang='lat' dir='ltr'>remanserint,</span> <span class='ocrx_word' id='word_1_402' title='bbox 3132 2229 3433 2287; x_wconf 86' lang='lat' dir='ltr'>tabescent</span> <span class='ocrx_word' id='word_1_403' title='bbox 3489 2233 3550 2289; x_wconf 90' lang='lat' dir='ltr'>in</span> <span class='ocrx_word' id='word_1_404' title='bbox 3609 2234 3719 2290; x_wconf 86' lang='lat' dir='ltr'>ini-</span> 
     </span>
    </p>
   </div>
   <div class='ocr_carea' id='block_1_55' title="bbox 2077 2313 3724 2391">
    <p class='ocr_par' dir='ltr' id='par_1_55' title="bbox 2077 2313 3724 2391">
     <span class='ocr_line' id='line_1_55' title="bbox 2077 2313 3724 2391; baseline 0.009 -26"><span class='ocrx_word' id='word_1_405' title='bbox 2077 2331 2100 2358; x_wconf 73' lang='grc' dir='ltr'>ι</span> <span class='ocrx_word' id='word_1_406' title='bbox 2133 2313 2460 2384; x_wconf 86' lang='lat' dir='ltr'>quitatibus</span> <span class='ocrx_word' id='word_1_407' title='bbox 2492 2315 2638 2385; x_wconf 88' lang='lat' dir='ltr'>suis,</span> <span class='ocrx_word' id='word_1_408' title='bbox 2671 2315 2730 2370; x_wconf 90' lang='lat' dir='ltr'>in</span> <span class='ocrx_word' id='word_1_409' title='bbox 2765 2319 2920 2371; x_wconf 89' lang='lat' dir='ltr'>terra</span> <span class='ocrx_word' id='word_1_410' title='bbox 2949 2315 3322 2375; x_wconf 90' lang='lat' dir='ltr'>inimicorum</span> <span class='ocrx_word' id='word_1_411' title='bbox 3359 2338 3632 2391; x_wconf 87' lang='lat' dir='ltr'>suorum;</span> <span class='ocrx_word' id='word_1_412' title='bbox 3665 2327 3724 2380; x_wconf 80' lang='lat' dir='ltr'>et</span> 
     </span>
    </p>
   </div>
   <div class='ocr_carea' id='block_1_56' title="bbox 2076 2407 3719 2486">
    <p class='ocr_par' dir='ltr' id='par_1_56' title="bbox 2076 2407 3719 2486">
     <span class='ocr_line' id='line_1_56' title="bbox 2076 2407 3719 2486; baseline 0.01 -34"><span class='ocrx_word' id='word_1_413' title='bbox 2076 2425 2096 2452; x_wconf 71' lang='grc' dir='ltr'>ιι</span> <span class='ocrx_word' id='word_1_414' title='bbox 2136 2407 2372 2474; x_wconf 88' lang='lat' dir='ltr'>propter</span> <span class='ocrx_word' id='word_1_415' title='bbox 2402 2408 2640 2475; x_wconf 87' lang='lat' dir='ltr'>peccata</span> <span class='ocrx_word' id='word_1_416' title='bbox 2678 2408 2912 2476; x_wconf 88' lang='lat' dir='ltr'>patrum</span> <span class='ocrx_word' id='word_1_417' title='bbox 2954 2423 3195 2463; x_wconf 89' lang='lat' dir='ltr'>suorum</span> <span class='ocrx_word' id='word_1_418' title='bbox 3227 2413 3286 2464; x_wconf 88' lang='lat' dir='ltr'>et</span> <span class='ocrx_word' id='word_1_419' title='bbox 3315 2427 3425 2466; x_wconf 86' lang='lat' dir='ltr'>sua</span> <span class='ocrx_word' id='word_1_420' title='bbox 3453 2411 3719 2486; x_wconf 76' lang='lat' dir='ltr'>afﬂigen-</span> 
     </span>
    </p>
   </div>
   <div class='ocr_carea' id='block_1_57' title="bbox 2077 2494 3720 2575">
    <p class='ocr_par' dir='ltr' id='par_1_57' title="bbox 2077 2494 3720 2575">
     <span class='ocr_line' id='line_1_57' title="bbox 2077 2494 3720 2575; baseline 0.01 -32"><span class='ocrx_word' id='word_1_421' title='bbox 2077 2513 2104 2541; x_wconf 45' lang='grc' dir='ltr'>α.</span> <span class='ocrx_word' id='word_1_422' title='bbox 2137 2497 2250 2559; x_wconf 87' lang='lat' dir='ltr'>tur,</span> <span class='ocrx_word' id='word_1_423' title='bbox 2287 2494 2470 2548; x_wconf 90' lang='lat' dir='ltr'>donec</span> <span class='ocrx_word' id='word_1_424' title='bbox 2498 2495 2888 2550; x_wconf 88' lang='lat' dir='ltr'>conﬁteantur</span> <span class='ocrx_word' id='word_1_425' title='bbox 2917 2494 3254 2567; x_wconf 87' lang='lat' dir='ltr'>iniquitates</span> <span class='ocrx_word' id='word_1_426' title='bbox 3285 2505 3510 2569; x_wconf 79' lang='lat' dir='ltr'>suas,et‘</span> <span class='ocrx_word' id='word_1_427' title='bbox 3536 2504 3720 2575; x_wconf 85' lang='lat' dir='ltr'>majo-</span> 
     </span>
    </p>
   </div>
   <div class='ocr_carea' id='block_1_58' title="bbox 2077 2582 3725 2661">
    <p class='ocr_par' dir='ltr' id='par_1_58' title="bbox 2077 2582 3725 2661">
     <span class='ocr_line' id='line_1_58' title="bbox 2077 2582 3725 2661; baseline 0.009 -27"><span class='ocrx_word' id='word_1_428' title='bbox 2077 2604 2097 2630; x_wconf 77' lang='grc' dir='ltr'>α</span> <span class='ocrx_word' id='word_1_429' title='bbox 2132 2599 2263 2636; x_wconf 92' lang='lat' dir='ltr'>rum</span> <span class='ocrx_word' id='word_1_430' title='bbox 2296 2599 2560 2648; x_wconf 90' lang='lat' dir='ltr'>suorum,</span> <span class='ocrx_word' id='word_1_431' title='bbox 2593 2582 2809 2654; x_wconf 90' lang='lat' dir='ltr'>quibus</span> <span class='ocrx_word' id='word_1_432' title='bbox 2841 2585 3199 2656; x_wconf 75' lang='lat' dir='ltr'>przevaricati</span> <span class='ocrx_word' id='word_1_433' title='bbox 3229 2593 3368 2644; x_wconf 90' lang='lat' dir='ltr'>sunt</span> <span class='ocrx_word' id='word_1_434' title='bbox 3405 2590 3464 2644; x_wconf 89' lang='lat' dir='ltr'>in</span> <span class='ocrx_word' id='word_1_435' title='bbox 3519 2607 3633 2661; x_wconf 91' lang='lat' dir='ltr'>me,</span> <span class='ocrx_word' id='word_1_436' title='bbox 3667 2597 3725 2649; x_wconf 87' lang='lat' dir='ltr'>et</span> 
     </span>
    </p>
   </div>
   <div class='ocr_carea' id='block_1_59' title="bbox 2076 2671 3725 2753">
    <p class='ocr_par' dir='ltr' id='par_1_59' title="bbox 2076 2671 3725 2753">
     <span class='ocr_line' id='line_1_59' title="bbox 2076 2671 3725 2753; baseline 0.01 -33"><span class='ocrx_word' id='word_1_437' title='bbox 2076 2691 2097 2720; x_wconf 76' lang='grc' dir='ltr'>ι</span> <span class='ocrx_word' id='word_1_438' title='bbox 2135 2671 2586 2728; x_wconf 88' lang='lat' dir='ltr'>ambulaverunt</span> <span class='ocrx_word' id='word_1_439' title='bbox 2613 2689 2681 2728; x_wconf 86' lang='lat' dir='ltr'>ex</span> <span class='ocrx_word' id='word_1_440' title='bbox 2724 2674 2964 2730; x_wconf 86' lang='lat' dir='ltr'>adverso</span> <span class='ocrx_word' id='word_1_441' title='bbox 2995 2674 3162 2730; x_wconf 89' lang='lat' dir='ltr'>mihi.</span> <span class='ocrx_word' id='word_1_442' title='bbox 3192 2677 3522 2735; x_wconf 81' lang='lat' dir='ltr'>Ambulabo-</span> <span class='ocrx_word' id='word_1_443' title='bbox 3547 2680 3725 2753; x_wconf 82' lang='lat' dir='ltr'>igitur</span> 
     </span>
    </p>
   </div>
   <div class='ocr_carea' id='block_1_60' title="bbox 2078 2763 3721 2832">
    <p class='ocr_par' dir='ltr' id='par_1_60' title="bbox 2078 2763 3721 2832">
     <span class='ocr_line' id='line_1_60' title="bbox 2078 2763 3721 2832; baseline 0.009 -21"><span class='ocrx_word' id='word_1_444' title='bbox 2078 2781 2100 2808; x_wconf 78' lang='grc' dir='ltr'>α</span> <span class='ocrx_word' id='word_1_445' title='bbox 2135 2763 2194 2814; x_wconf 89' lang='lat' dir='ltr'>et</span> <span class='ocrx_word' id='word_1_446' title='bbox 2223 2777 2328 2832; x_wconf 88' lang='lat' dir='ltr'>ego</span> <span class='ocrx_word' id='word_1_447' title='bbox 2387 2767 2590 2816; x_wconf 90' lang='lat' dir='ltr'>contra</span> <span class='ocrx_word' id='word_1_448' title='bbox 2630 2779 2748 2829; x_wconf 89' lang='lat' dir='ltr'>eos,</span> <span class='ocrx_word' id='word_1_449' title='bbox 2782 2767 2839 2817; x_wconf 91' lang='lat' dir='ltr'>et</span> <span class='ocrx_word' id='word_1_450' title='bbox 2886 2763 3161 2820; x_wconf 85' lang='lat' dir='ltr'>inducam</span> <span class='ocrx_word' id='word_1_451' title='bbox 3215 2765 3347 2821; x_wconf 85' lang='lat' dir='ltr'>illos</span> <span class='ocrx_word' id='word_1_452' title='bbox 3397 2768 3455 2822; x_wconf 88' lang='lat' dir='ltr'>in</span> <span class='ocrx_word' id='word_1_453' title='bbox 3505 2773 3721 2825; x_wconf 88' lang='lat' dir='ltr'>terram</span> 
     </span>
    </p>
   </div>
   <div class='ocr_carea' id='block_1_61' title="bbox 2078 2850 3721 2917">
    <p class='ocr_par' dir='ltr' id='par_1_61' title="bbox 2078 2850 3721 2917">
     <span class='ocr_line' id='line_1_61' title="bbox 2078 2850 3721 2917; baseline 0.008 -16"><span class='ocrx_word' id='word_1_454' title='bbox 2078 2870 2100 2900; x_wconf 74' lang='grc' dir='ltr'><strong>α</strong></span> <span class='ocrx_word' id='word_1_455' title='bbox 2135 2850 2429 2917; x_wconf 87' lang='lat' dir='ltr'>hostilem,</span> <span class='ocrx_word' id='word_1_456' title='bbox 2489 2852 2672 2906; x_wconf 91' lang='lat' dir='ltr'>donec</span> <span class='ocrx_word' id='word_1_457' title='bbox 2728 2852 3034 2906; x_wconf 87' lang='lat' dir='ltr'>erubescat</span> <span class='ocrx_word' id='word_1_458' title='bbox 3089 2853 3501 2910; x_wconf 87' lang='lat' dir='ltr'>incircumcisa</span> <span class='ocrx_word' id='word_1_459' title='bbox 3553 2875 3721 2914; x_wconf 90' lang='lat' dir='ltr'>mens</span> 
     </span>
    </p>
   </div>
   <div class='ocr_carea' id='block_1_62' title="bbox 2078 2939 3721 3013">
    <p class='ocr_par' dir='ltr' id='par_1_62' title="bbox 2078 2939 3721 3013">
     <span class='ocr_line' id='line_1_62' title="bbox 2078 2939 3721 3013; baseline 0.009 -25"><span class='ocrx_word' id='word_1_460' title='bbox 2078 2959 2099 2988; x_wconf 79' lang='grc' dir='ltr'>ι</span> <span class='ocrx_word' id='word_1_461' title='bbox 2135 2955 2359 2994; x_wconf 90' lang='lat' dir='ltr'>eorum.</span> <span class='ocrx_word' id='word_1_462' title='bbox 2393 2941 2557 2994; x_wconf 90' lang='lat' dir='ltr'>Tunc</span> <span class='ocrx_word' id='word_1_463' title='bbox 2597 2939 2849 2994; x_wconf 78' lang='lat' dir='ltr'>orabunt</span> <span class='ocrx_word' id='word_1_464' title='bbox 2898 2957 3002 3012; x_wconf 90' lang='lat' dir='ltr'>pro</span> <span class='ocrx_word' id='word_1_465' title='bbox 3050 2940 3456 3013; x_wconf 89' lang='lat' dir='ltr'>impietatibus</span> <span class='ocrx_word' id='word_1_466' title='bbox 3483 2945 3630 3010; x_wconf 87' lang='lat' dir='ltr'>suis,</span> <span class='ocrx_word' id='word_1_467' title='bbox 3661 2951 3721 3004; x_wconf 81' lang='lat' dir='ltr'>et</span> 
     </span>
    </p>
   </div>
   <div class='ocr_carea' id='block_1_63' title="bbox 2079 3027 3718 3104">
    <p class='ocr_par' dir='ltr' id='par_1_63' title="bbox 2079 3027 3718 3104">
     <span class='ocr_line' id='line_1_63' title="bbox 2079 3027 3718 3104; baseline 0.007 -25"><span class='ocrx_word' id='word_1_468' title='bbox 2079 3052 2099 3079; x_wconf 79' lang='grc' dir='ltr'><strong><em>α</em></strong></span> <span class='ocrx_word' id='word_1_469' title='bbox 2136 3029 2484 3084; x_wconf 88' lang='lat' dir='ltr'>recordabor</span> <span class='ocrx_word' id='word_1_470' title='bbox 2519 3027 2749 3084; x_wconf 62' lang='lat' dir='ltr'>foederis</span> <span class='ocrx_word' id='word_1_471' title='bbox 2793 3029 2906 3084; x_wconf 88' lang='lat' dir='ltr'>mei</span> <span class='ocrx_word' id='word_1_472' title='bbox 2949 3031 3102 3101; x_wconf 89' lang='lat' dir='ltr'>quod</span> <span class='ocrx_word' id='word_1_473' title='bbox 3148 3032 3340 3104; x_wconf 89' lang='lat' dir='ltr'>pepigi</span> <span class='ocrx_word' id='word_1_474' title='bbox 3373 3051 3506 3088; x_wconf 90' lang='lat' dir='ltr'>cum</span> <span class='ocrx_word' id='word_1_475' title='bbox 3537 3036 3718 3091; x_wconf 83' lang='lat' dir='ltr'>Abra-</span> 
     </span>
    </p>
   </div>
   <div class='ocr_carea' id='block_1_64' title="bbox 2079 3119 3713 3197">
    <p class='ocr_par' dir='ltr' id='par_1_64' title="bbox 2079 3119 3713 3197">
     <span class='ocr_line' id='line_1_64' title="bbox 2079 3119 3713 3197; baseline 0.002 -26"><span class='ocrx_word' id='word_1_476' title='bbox 2079 3141 2100 3169; x_wconf 79' lang='grc' dir='ltr'>ι</span> <span class='ocrx_word' id='word_1_477' title='bbox 2133 3119 2291 3187; x_wconf 86' lang='lat' dir='ltr'>ham,</span> <span class='ocrx_word' id='word_1_478' title='bbox 2315 3123 2372 3174; x_wconf 90' lang='lat' dir='ltr'>et</span> <span class='ocrx_word' id='word_1_479' title='bbox 2406 3119 2584 3187; x_wconf 88' lang='lat' dir='ltr'>Isaac,</span> <span class='ocrx_word' id='word_1_480' title='bbox 2609 3122 2667 3174; x_wconf 88' lang='lat' dir='ltr'>et</span> <span class='ocrx_word' id='word_1_481' title='bbox 2686 3119 2865 3175; x_wconf 86' lang='lat' dir='ltr'>Jacob</span> <span class='ocrx_word' id='word_1_482' title='bbox 2897 3123 3060 3187; x_wconf 83' lang='lat' dir='ltr'>(vers.</span> <span class='ocrx_word' id='word_1_483' title='bbox 3083 3121 3172 3188; x_wconf 90' lang='lat'>38,</span> <span class='ocrx_word' id='word_1_484' title='bbox 3195 3120 3284 3189; x_wconf 89' lang='lat'>39,</span> <span class='ocrx_word' id='word_1_485' title='bbox 3309 3123 3396 3190; x_wconf 73' lang='lat'>40,</span> <span class='ocrx_word' id='word_1_486' title='bbox 3422 3124 3511 3189; x_wconf 72' lang='lat' dir='ltr'>1A,</span> <span class='ocrx_word' id='word_1_487' title='bbox 3536 3125 3661 3197; x_wconf 69' lang='lat'>42):</span> <span class='ocrx_word' id='word_1_488' title='bbox 3691 3147 3713 3175; x_wconf 71' lang='grc' dir='ltr'>ι</span> 
     </span>
    </p>
   </div>
   <div class='ocr_carea' id='block_1_65' title="bbox 300 3187 3716 3282">
    <p class='ocr_par' dir='ltr' id='par_1_65' title="bbox 300 3187 3716 3282">
     <span class='ocr_line' id='line_1_65' title="bbox 300 3187 3716 3282; baseline 0.001 -16"><span class='ocrx_word' id='word_1_489' title='bbox 300 3215 360 3266; x_wconf 87' lang='lat' dir='ltr'>et</span> <span class='ocrx_word' id='word_1_490' title='bbox 394 3227 500 3282; x_wconf 86' lang='lat' dir='ltr'>pro</span> <span class='ocrx_word' id='word_1_491' title='bbox 531 3187 782 3265; x_wconf 76' lang='lat' dir='ltr'>totidem</span> <span class='ocrx_word' id='word_1_492' title='bbox 829 3210 1187 3281; x_wconf 89' lang='lat' dir='ltr'>deputantur</span> <span class='ocrx_word' id='word_1_493' title='bbox 1225 3187 1425 3279; x_wconf 71' lang='lat' dir='ltr'>annis;</span> <span class='ocrx_word' id='word_1_494' title='bbox 1459 3187 1688 3266; x_wconf 71' lang='lat' dir='ltr'>dicente</span> <span class='ocrx_word' id='word_1_495' title='bbox 1719 3187 1965 3268; x_wconf 68' lang='lat' dir='ltr'>Domino</span> <span class='ocrx_word' id='word_1_496' title='bbox 1997 3187 2048 3254; x_wconf 56' lang='grc' dir='ltr'>(Τ</span> <span class='ocrx_word' id='word_1_497' title='bbox 2074 3209 2131 3264; x_wconf 89' lang='lat' dir='ltr'>Si</span> <span class='ocrx_word' id='word_1_498' title='bbox 2163 3225 2357 3264; x_wconf 90' lang='lat' dir='ltr'>veram</span> <span class='ocrx_word' id='word_1_499' title='bbox 2403 3207 2655 3263; x_wconf 88' lang='lat' dir='ltr'>salutem</span> <span class='ocrx_word' id='word_1_500' title='bbox 2704 3212 2762 3263; x_wconf 89' lang='lat' dir='ltr'>ct</span> <span class='ocrx_word' id='word_1_501' title='bbox 2816 3187 3163 3264; x_wconf 9' lang='lat' dir='ltr'>libertatemr</span> <span class='ocrx_word' id='word_1_502' title='bbox 3193 3187 3321 3282; x_wconf 68' lang='lat' dir='ltr'>quas</span> <span class='ocrx_word' id='word_1_503' title='bbox 3368 3187 3428 3266; x_wconf 85' lang='lat' dir='ltr'>in</span> <span class='ocrx_word' id='word_1_504' title='bbox 3475 3187 3570 3268; x_wconf 87' lang='lat' dir='ltr'>his</span> <span class='ocrx_word' id='word_1_505' title='bbox 3608 3187 3716 3270; x_wconf 44' lang='lat' dir='ltr'>&#39;Dei</span> 
     </span>
    </p>
   </div>
   <div class='ocr_carea' id='block_1_66' title="bbox 302 3297 1963 3372">
    <p class='ocr_par' dir='ltr' id='par_1_66' title="bbox 302 3297 1963 3372">
     <span class='ocr_line' id='line_1_66' title="bbox 302 3297 1963 3372; baseline 0.003 -19"><span class='ocrx_word' id='word_1_506' title='bbox 302 3300 377 3353; x_wconf 79' lang='lat' dir='ltr'>ad</span> <span class='ocrx_word' id='word_1_507' title='bbox 407 3299 691 3353; x_wconf 89' lang='lat' dir='ltr'>eumdem</span> <span class='ocrx_word' id='word_1_508' title='bbox 743 3297 1085 3370; x_wconf 86' lang='lat' dir='ltr'>prophetam</span> <span class='ocrx_word' id='word_1_509' title='bbox 1117 3317 1130 3355; x_wconf 89' lang='lat'><strong>:</strong></span> <span class='ocrx_word' id='word_1_510' title='bbox 1162 3320 1182 3349; x_wconf 74' lang='grc' dir='ltr'>α</span> <span class='ocrx_word' id='word_1_511' title='bbox 1217 3299 1381 3354; x_wconf 91' lang='lat' dir='ltr'>Diem</span> <span class='ocrx_word' id='word_1_512' title='bbox 1431 3317 1534 3372; x_wconf 91' lang='lat' dir='ltr'>pro</span> <span class='ocrx_word' id='word_1_513' title='bbox 1584 3318 1758 3370; x_wconf 89' lang='lat' dir='ltr'>anno,</span> <span class='ocrx_word' id='word_1_514' title='bbox 1783 3302 1963 3368; x_wconf 87' lang='lat' dir='ltr'>diem,</span> 
     </span>
    </p>
   </div>
   <div class='ocr_carea' id='block_1_67' title="bbox 302 3387 1968 3460">
    <p class='ocr_par' dir='ltr' id='par_1_67' title="bbox 302 3387 1968 3460">
     <span class='ocr_line' id='line_1_67' title="bbox 302 3387 1968 3460; baseline 0.004 -18"><span class='ocrx_word' id='word_1_515' title='bbox 302 3387 579 3460; x_wconf 84' lang='lat' dir='ltr'>inquam,</span> <span class='ocrx_word' id='word_1_516' title='bbox 621 3404 728 3459; x_wconf 89' lang='lat' dir='ltr'>pro</span> <span class='ocrx_word' id='word_1_517' title='bbox 778 3404 930 3442; x_wconf 86' lang='lat' dir='ltr'>anno</span> <span class='ocrx_word' id='word_1_518' title='bbox 978 3388 1111 3443; x_wconf 89' lang='lat' dir='ltr'>dedi</span> <span class='ocrx_word' id='word_1_519' title='bbox 1160 3388 1265 3444; x_wconf 89' lang='lat' dir='ltr'>tibi</span> <span class='ocrx_word' id='word_1_520' title='bbox 1317 3391 1528 3456; x_wconf 56' lang='lat' dir='ltr'>(Exeo/1.</span> <span class='ocrx_word' id='word_1_521' title='bbox 1564 3394 1661 3460; x_wconf 81' lang='lat' dir='ltr'>iv).</span> <span class='ocrx_word' id='word_1_522' title='bbox 1692 3416 1713 3443; x_wconf 74' lang='grc' dir='ltr'><strong><em>υ</em></strong></span> <span class='ocrx_word' id='word_1_523' title='bbox 1753 3392 1968 3448; x_wconf 88' lang='lat' dir='ltr'>Scribit</span> 
     </span>
    </p>
   </div>
   <div class='ocr_carea' id='block_1_68' title="bbox 302 3477 1962 3552">
    <p class='ocr_par' dir='ltr' id='par_1_68' title="bbox 302 3477 1962 3552">
     <span class='ocr_line' id='line_1_68' title="bbox 302 3477 1962 3552; baseline 0.004 -21"><span class='ocrx_word' id='word_1_524' title='bbox 302 3477 506 3549; x_wconf 84' lang='lat' dir='ltr'>itaque</span> <span class='ocrx_word' id='word_1_525' title='bbox 531 3477 809 3548; x_wconf 68' lang='lat' dir='ltr'>praefatus</span> <span class='ocrx_word' id='word_1_526' title='bbox 830 3477 1050 3545; x_wconf 89' lang='lat' dir='ltr'>doctor,</span> <span class='ocrx_word' id='word_1_527' title='bbox 1074 3482 1131 3532; x_wconf 91' lang='lat' dir='ltr'>et</span> <span class='ocrx_word' id='word_1_528' title='bbox 1151 3477 1532 3534; x_wconf 87' lang='lat' dir='ltr'>vanissimam</span> <span class='ocrx_word' id='word_1_529' title='bbox 1566 3497 1729 3552; x_wconf 90' lang='lat' dir='ltr'>spem</span> <span class='ocrx_word' id='word_1_530' title='bbox 1760 3499 1962 3537; x_wconf 91' lang='lat' dir='ltr'>eorum</span> 
     </span>
    </p>
   </div>
   <div class='ocr_carea' id='block_1_69' title="bbox 299 3565 1960 3639">
    <p class='ocr_par' dir='ltr' id='par_1_69' title="bbox 299 3565 1960 3639">
     <span class='ocr_line' id='line_1_69' title="bbox 299 3565 1960 3639; baseline 0.004 -19"><span class='ocrx_word' id='word_1_531' title='bbox 299 3567 370 3621; x_wconf 88' lang='lat' dir='ltr'>de</span> <span class='ocrx_word' id='word_1_532' title='bbox 401 3565 776 3622; x_wconf 87' lang='lat' dir='ltr'>absolutione</span> <span class='ocrx_word' id='word_1_533' title='bbox 804 3565 1181 3638; x_wconf 87' lang='lat' dir='ltr'>captivitatis,</span> <span class='ocrx_word' id='word_1_534' title='bbox 1207 3567 1266 3621; x_wconf 89' lang='lat' dir='ltr'>in</span> <span class='ocrx_word' id='word_1_535' title='bbox 1292 3583 1407 3638; x_wconf 90' lang='lat' dir='ltr'>qua</span> <span class='ocrx_word' id='word_1_536' title='bbox 1428 3585 1584 3624; x_wconf 89' lang='lat' dir='ltr'>nunc</span> <span class='ocrx_word' id='word_1_537' title='bbox 1605 3571 1960 3639; x_wconf 88' lang='lat' dir='ltr'>detinentur,</span> 
     </span>
    </p>
   </div>
   <div class='ocr_carea' id='block_1_70' title="bbox 296 3654 1966 3728">
    <p class='ocr_par' dir='ltr' id='par_1_70' title="bbox 296 3654 1966 3728">
     <span class='ocr_line' id='line_1_70' title="bbox 296 3654 1966 3728; baseline 0.003 -18"><span class='ocrx_word' id='word_1_538' title='bbox 296 3654 393 3711; x_wconf 87' lang='lat' dir='ltr'>his</span> <span class='ocrx_word' id='word_1_539' title='bbox 449 3656 652 3711; x_wconf 89' lang='lat' dir='ltr'>verbis</span> <span class='ocrx_word' id='word_1_540' title='bbox 709 3655 976 3728; x_wconf 81' lang='lat' dir='ltr'>exponit,</span> <span class='ocrx_word' id='word_1_541' title='bbox 1031 3655 1231 3711; x_wconf 89' lang='lat' dir='ltr'>dicens</span> <span class='ocrx_word' id='word_1_542' title='bbox 1286 3658 1364 3724; x_wconf 90' lang='lat' dir='ltr'>(S.</span> <span class='ocrx_word' id='word_1_543' title='bbox 1423 3659 1643 3714; x_wconf 76' lang='lat' dir='ltr'>Hieron.</span> <span class='ocrx_word' id='word_1_544' title='bbox 1700 3661 1760 3714; x_wconf 82' lang='lat' dir='ltr'>in</span> <span class='ocrx_word' id='word_1_545' title='bbox 1807 3677 1854 3715; x_wconf 81' lang='grc' dir='ltr'>ο.</span> <span class='ocrx_word' id='word_1_546' title='bbox 1907 3677 1966 3715; x_wconf 78' lang='grc' dir='ltr'>ιν</span> 
     </span>
    </p>
   </div>
   <div class='ocr_carea' id='block_1_71' title="bbox 297 3744 1962 3821">
    <p class='ocr_par' dir='ltr' id='par_1_71' title="bbox 297 3744 1962 3821">
     <span class='ocr_line' id='line_1_71' title="bbox 297 3744 1962 3821; baseline 0.004 -23"><span class='ocrx_word' id='word_1_547' title='bbox 297 3745 528 3817; x_wconf 65' lang='lat' dir='ltr'>Emit.)</span> <span class='ocrx_word' id='word_1_548' title='bbox 547 3761 594 3798; x_wconf 77' lang='grc' dir='ltr'>ει</span> <span class='ocrx_word' id='word_1_549' title='bbox 620 3744 809 3800; x_wconf 65' lang='lat' dir='ltr'>Judaei</span> <span class='ocrx_word' id='word_1_550' title='bbox 831 3762 864 3800; x_wconf 90' lang='lat' dir='ltr'>a</span> <span class='ocrx_word' id='word_1_551' title='bbox 885 3747 1144 3801; x_wconf 89' lang='lat' dir='ltr'>secundo</span> <span class='ocrx_word' id='word_1_552' title='bbox 1166 3763 1318 3801; x_wconf 88' lang='lat' dir='ltr'>anno</span> <span class='ocrx_word' id='word_1_553' title='bbox 1339 3746 1704 3819; x_wconf 87' lang='lat' dir='ltr'>Vespasiani,</span> <span class='ocrx_word' id='word_1_554' title='bbox 1727 3751 1962 3821; x_wconf 89' lang='lat' dir='ltr'>quando</span> 
     </span>
    </p>
   </div>
   <div class='ocr_carea' id='block_1_72' title="bbox 295 3832 1964 3910">
    <p class='ocr_par' dir='ltr' id='par_1_72' title="bbox 295 3832 1964 3910">
     <span class='ocr_line' id='line_1_72' title="bbox 295 3832 1964 3910; baseline 0.005 -24"><span class='ocrx_word' id='word_1_555' title='bbox 295 3832 673 3889; x_wconf 79' lang='lat' dir='ltr'>Hierusalem</span> <span class='ocrx_word' id='word_1_556' title='bbox 705 3852 739 3888; x_wconf 90' lang='lat' dir='ltr'>a</span> <span class='ocrx_word' id='word_1_557' title='bbox 768 3834 1050 3889; x_wconf 83' lang='lat' dir='ltr'>Romanis</span> <span class='ocrx_word' id='word_1_558' title='bbox 1080 3839 1270 3907; x_wconf 86' lang='lat' dir='ltr'>capta,</span> <span class='ocrx_word' id='word_1_559' title='bbox 1293 3836 1701 3910; x_wconf 87' lang='lat' dir='ltr'>templumque</span> <span class='ocrx_word' id='word_1_560' title='bbox 1731 3839 1964 3895; x_wconf 89' lang='lat' dir='ltr'>subver-</span> 
     </span>
    </p>
   </div>
   <div class='ocr_carea' id='block_1_73' title="bbox 296 3923 1964 4002">
    <p class='ocr_par' dir='ltr' id='par_1_73' title="bbox 296 3923 1964 4002">
     <span class='ocr_line' id='line_1_73' title="bbox 296 3923 1964 4002; baseline 0.006 -25"><span class='ocrx_word' id='word_1_561' title='bbox 296 3939 432 3977; x_wconf 84' lang='lat' dir='ltr'>sum</span> <span class='ocrx_word' id='word_1_562' title='bbox 461 3926 580 3991; x_wconf 77' lang='lat' dir='ltr'>est,</span> <span class='ocrx_word' id='word_1_563' title='bbox 601 3927 927 3995; x_wconf 85' lang='lat' dir='ltr'>supputare</span> <span class='ocrx_word' id='word_1_564' title='bbox 946 3923 1151 3978; x_wconf 87' lang='lat' dir='ltr'>volunt</span> <span class='ocrx_word' id='word_1_565' title='bbox 1170 3923 1231 3978; x_wconf 91' lang='lat' dir='ltr'>in</span> <span class='ocrx_word' id='word_1_566' title='bbox 1258 3925 1635 3981; x_wconf 87' lang='lat' dir='ltr'>tribulatione</span> <span class='ocrx_word' id='word_1_567' title='bbox 1663 3931 1720 3982; x_wconf 89' lang='lat' dir='ltr'>et</span> <span class='ocrx_word' id='word_1_568' title='bbox 1749 3946 1964 4002; x_wconf 80' lang='lat' dir='ltr'>angus-</span> 
     </span>
    </p>
   </div>
   <div class='ocr_carea' id='block_1_74' title="bbox 295 4011 1958 4091">
    <p class='ocr_par' dir='ltr' id='par_1_74' title="bbox 295 4011 1958 4091">
     <span class='ocr_line' id='line_1_74' title="bbox 295 4011 1958 4091; baseline 0.006 -25"><span class='ocrx_word' id='word_1_569' title='bbox 295 4011 378 4066; x_wconf 75' lang='lat' dir='ltr'>tia</span> <span class='ocrx_word' id='word_1_570' title='bbox 407 4017 466 4068; x_wconf 86' lang='lat' dir='ltr'>et</span> <span class='ocrx_word' id='word_1_571' title='bbox 496 4011 859 4084; x_wconf 87' lang='lat' dir='ltr'>captivitatis</span> <span class='ocrx_word' id='word_1_572' title='bbox 881 4013 1027 4085; x_wconf 89' lang='lat' dir='ltr'>jugo</span> <span class='ocrx_word' id='word_1_573' title='bbox 1057 4013 1257 4085; x_wconf 88' lang='lat' dir='ltr'>populi</span> <span class='ocrx_word' id='word_1_574' title='bbox 1291 4014 1565 4070; x_wconf 90' lang='lat' dir='ltr'>constitui</span> <span class='ocrx_word' id='word_1_575' title='bbox 1599 4032 1784 4073; x_wconf 87' lang='lat' dir='ltr'>annos</span> <span class='ocrx_word' id='word_1_576' title='bbox 1817 4036 1958 4091; x_wconf 89' lang='lat' dir='ltr'>qua-</span> 
     </span>
    </p>
   </div>
   <div class='ocr_carea' id='block_1_75' title="bbox 295 4101 1958 4180">
    <p class='ocr_par' dir='ltr' id='par_1_75' title="bbox 295 4101 1958 4180">
     <span class='ocr_line' id='line_1_75' title="bbox 295 4101 1958 4180; baseline 0.005 -26"><span class='ocrx_word' id='word_1_577' title='bbox 295 4101 635 4175; x_wconf 81' lang='lat' dir='ltr'>dringintos</span> <span class='ocrx_word' id='word_1_578' title='bbox 687 4101 948 4174; x_wconf 89' lang='lat' dir='ltr'>triginta,</span> <span class='ocrx_word' id='word_1_579' title='bbox 982 4105 1040 4157; x_wconf 90' lang='lat' dir='ltr'>et</span> <span class='ocrx_word' id='word_1_580' title='bbox 1069 4102 1154 4157; x_wconf 89' lang='lat' dir='ltr'>sic</span> <span class='ocrx_word' id='word_1_581' title='bbox 1185 4102 1373 4158; x_wconf 90' lang='lat' dir='ltr'>redire</span> <span class='ocrx_word' id='word_1_582' title='bbox 1421 4103 1704 4176; x_wconf 88' lang='lat' dir='ltr'>populum</span> <span class='ocrx_word' id='word_1_583' title='bbox 1737 4108 1809 4162; x_wconf 90' lang='lat' dir='ltr'>ad</span> <span class='ocrx_word' id='word_1_584' title='bbox 1841 4107 1958 4180; x_wconf 89' lang='lat' dir='ltr'>pri-</span> 
     </span>
    </p>
   </div>
   <div class='ocr_carea' id='block_1_76' title="bbox 297 4191 1956 4270">
    <p class='ocr_par' dir='ltr' id='par_1_76' title="bbox 297 4191 1956 4270">
     <span class='ocr_line' id='line_1_76' title="bbox 297 4191 1956 4270; baseline 0.004 -24"><span class='ocrx_word' id='word_1_585' title='bbox 297 4191 523 4247; x_wconf 71' lang='lat' dir='ltr'>stinum</span> <span class='ocrx_word' id='word_1_586' title='bbox 548 4195 805 4258; x_wconf 87' lang='lat' dir='ltr'>statum;</span> <span class='ocrx_word' id='word_1_587' title='bbox 830 4195 897 4246; x_wconf 84' lang='lat' dir='ltr'>ut</span> <span class='ocrx_word' id='word_1_588' title='bbox 917 4193 1210 4262; x_wconf 89' lang='lat' dir='ltr'>quomodo</span> <span class='ocrx_word' id='word_1_589' title='bbox 1231 4191 1336 4246; x_wconf 88' lang='lat' dir='ltr'>ﬁlii</span> <span class='ocrx_word' id='word_1_590' title='bbox 1364 4193 1539 4248; x_wconf 88' lang='lat' dir='ltr'>Israel</span> <span class='ocrx_word' id='word_1_591' title='bbox 1563 4196 1956 4270; x_wconf 84' lang='lat' dir='ltr'>quadringen-</span> 
     </span>
    </p>
   </div>
   <div class='ocr_carea' id='block_1_77' title="bbox 292 4280 1956 4355">
    <p class='ocr_par' dir='ltr' id='par_1_77' title="bbox 292 4280 1956 4355">
     <span class='ocr_line' id='line_1_77' title="bbox 292 4280 1956 4355; baseline 0.005 -21"><span class='ocrx_word' id='word_1_592' title='bbox 292 4280 374 4334; x_wconf 85' lang='lat' dir='ltr'>tis</span> <span class='ocrx_word' id='word_1_593' title='bbox 413 4280 664 4353; x_wconf 84' lang='lat' dir='ltr'>triginta</span> <span class='ocrx_word' id='word_1_594' title='bbox 704 4280 875 4335; x_wconf 92' lang='lat' dir='ltr'>annis</span> <span class='ocrx_word' id='word_1_595' title='bbox 906 4280 1144 4334; x_wconf 84' lang='lat' dir='ltr'>fuerunt</span> <span class='ocrx_word' id='word_1_596' title='bbox 1170 4281 1230 4335; x_wconf 91' lang='lat' dir='ltr'>in</span> <span class='ocrx_word' id='word_1_597' title='bbox 1264 4283 1522 4355; x_wconf 62' lang='lat' dir='ltr'>Egypto,</span> <span class='ocrx_word' id='word_1_598' title='bbox 1550 4282 1632 4339; x_wconf 91' lang='lat' dir='ltr'>sic</span> <span class='ocrx_word' id='word_1_599' title='bbox 1664 4284 1722 4339; x_wconf 90' lang='lat' dir='ltr'>in</span> <span class='ocrx_word' id='word_1_600' title='bbox 1753 4287 1956 4342; x_wconf 90' lang='lat' dir='ltr'>eodem</span> 
     </span>
    </p>
   </div>
   <div class='ocr_carea' id='block_1_78' title="bbox 297 4369 1958 4447">
    <p class='ocr_par' dir='ltr' id='par_1_78' title="bbox 297 4369 1958 4447">
     <span class='ocr_line' id='line_1_78' title="bbox 297 4369 1958 4447; baseline 0.005 -24"><span class='ocrx_word' id='word_1_601' title='bbox 297 4386 552 4425; x_wconf 79' lang='lat' dir='ltr'>numero</span> <span class='ocrx_word' id='word_1_602' title='bbox 578 4369 821 4424; x_wconf 86' lang='lat' dir='ltr'>ﬁniatur</span> <span class='ocrx_word' id='word_1_603' title='bbox 851 4374 1114 4425; x_wconf 83' lang='lat' dir='ltr'>extroma</span> <span class='ocrx_word' id='word_1_604' title='bbox 1151 4370 1458 4442; x_wconf 88' lang='lat' dir='ltr'>captivitas</span> <span class='ocrx_word' id='word_1_605' title='bbox 1502 4391 1516 4427; x_wconf 90' lang='lat'><strong>:</strong></span> <span class='ocrx_word' id='word_1_606' title='bbox 1557 4373 1958 4447; x_wconf 88' lang='lat' dir='ltr'>scriptumque</span> 
     </span>
    </p>
   </div>
   <div class='ocr_carea' id='block_1_79' title="bbox 296 4458 1954 4531">
    <p class='ocr_par' dir='ltr' id='par_1_79' title="bbox 296 4458 1954 4531">
     <span class='ocr_line' id='line_1_79' title="bbox 296 4458 1954 4531; baseline 0.004 -18"><span class='ocrx_word' id='word_1_607' title='bbox 296 4473 426 4513; x_wconf 83' lang='lat' dir='ltr'>esse</span> <span class='ocrx_word' id='word_1_608' title='bbox 447 4459 512 4514; x_wconf 81' lang='lat' dir='ltr'>in</span> <span class='ocrx_word' id='word_1_609' title='bbox 532 4459 733 4514; x_wconf 79' lang='lat' dir='ltr'>Exodo</span> <span class='ocrx_word' id='word_1_610' title='bbox 755 4458 867 4531; x_wconf 66' lang='lat' dir='ltr'>(XL.</span> <span class='ocrx_word' id='word_1_611' title='bbox 903 4460 1061 4525; x_wconf 75' lang='lat'>112):</span> <span class='ocrx_word' id='word_1_612' title='bbox 1093 4481 1114 4507; x_wconf 75' lang='grc' dir='ltr'><strong><em>α</em></strong></span> <span class='ocrx_word' id='word_1_613' title='bbox 1149 4459 1442 4516; x_wconf 86' lang='lat' dir='ltr'>Habitatio</span> <span class='ocrx_word' id='word_1_614' title='bbox 1474 4465 1670 4518; x_wconf 90' lang='lat' dir='ltr'>autem</span> <span class='ocrx_word' id='word_1_615' title='bbox 1703 4463 1954 4520; x_wconf 91' lang='lat' dir='ltr'>ﬁliorum</span> 
     </span>
    </p>
   </div>
   <div class='ocr_carea' id='block_1_80' title="bbox 2071 3297 3718 3370">
    <p class='ocr_par' dir='ltr' id='par_1_80' title="bbox 2071 3297 3718 3370">
     <span class='ocr_line' id='line_1_80' title="bbox 2071 3297 3718 3370; baseline 0.003 -17"><span class='ocrx_word' id='word_1_616' title='bbox 2071 3298 2263 3354; x_wconf 86' lang='lat' dir='ltr'>verbis</span> <span class='ocrx_word' id='word_1_617' title='bbox 2311 3297 2672 3370; x_wconf 86' lang='lat' dir='ltr'>promittitur</span> <span class='ocrx_word' id='word_1_618' title='bbox 2713 3301 3054 3369; x_wconf 75' lang='lat' dir='ltr'>quzererent,</span> <span class='ocrx_word' id='word_1_619' title='bbox 3097 3298 3225 3369; x_wconf 88' lang='lat' dir='ltr'>jam</span> <span class='ocrx_word' id='word_1_620' title='bbox 3275 3299 3504 3356; x_wconf 88' lang='lat' dir='ltr'>dudum</span> <span class='ocrx_word' id='word_1_621' title='bbox 3550 3303 3718 3360; x_wconf 78' lang='lat' dir='ltr'>intel-</span> 
     </span>
    </p>
   </div>
   <div class='ocr_carea' id='block_1_81' title="bbox 2073 3387 3720 3461">
    <p class='ocr_par' dir='ltr' id='par_1_81' title="bbox 2073 3387 3720 3461">
     <span class='ocr_line' id='line_1_81' title="bbox 2073 3387 3720 3461; baseline 0.004 -18"><span class='ocrx_word' id='word_1_622' title='bbox 2073 3389 2250 3461; x_wconf 88' lang='lat' dir='ltr'>ligere</span> <span class='ocrx_word' id='word_1_623' title='bbox 2281 3387 2612 3460; x_wconf 89' lang='lat' dir='ltr'>potuissent</span> <span class='ocrx_word' id='word_1_624' title='bbox 2651 3387 2730 3442; x_wconf 89' lang='lat' dir='ltr'>ita</span> <span class='ocrx_word' id='word_1_625' title='bbox 2773 3387 3000 3442; x_wconf 87' lang='lat' dir='ltr'>deserta</span> <span class='ocrx_word' id='word_1_626' title='bbox 3027 3387 3183 3443; x_wconf 86' lang='lat' dir='ltr'>facta</span> <span class='ocrx_word' id='word_1_627' title='bbox 3210 3405 3338 3444; x_wconf 91' lang='lat' dir='ltr'>esse</span> <span class='ocrx_word' id='word_1_628' title='bbox 3387 3393 3720 3449; x_wconf 78' lang='lat' dir='ltr'>sanctuaria</span> 
     </span>
    </p>
   </div>
   <div class='ocr_carea' id='block_1_82' title="bbox 2073 3476 3717 3552">
    <p class='ocr_par' dir='ltr' id='par_1_82' title="bbox 2073 3476 3717 3552">
     <span class='ocr_line' id='line_1_82' title="bbox 2073 3476 3717 3552; baseline 0.003 -19"><span class='ocrx_word' id='word_1_629' title='bbox 2073 3495 2200 3548; x_wconf 90' lang='lat' dir='ltr'>sua,</span> <span class='ocrx_word' id='word_1_630' title='bbox 2226 3481 2291 3532; x_wconf 90' lang='lat' dir='ltr'>ut</span> <span class='ocrx_word' id='word_1_631' title='bbox 2311 3477 2486 3548; x_wconf 87' lang='lat' dir='ltr'>(sicut</span> <span class='ocrx_word' id='word_1_632' title='bbox 2515 3477 2668 3532; x_wconf 90' lang='lat' dir='ltr'>Deus</span> <span class='ocrx_word' id='word_1_633' title='bbox 2712 3476 2836 3547; x_wconf 90' lang='lat' dir='ltr'>ipse</span> <span class='ocrx_word' id='word_1_634' title='bbox 2885 3476 3156 3548; x_wconf 89' lang='lat' dir='ltr'>testatur)</span> <span class='ocrx_word' id='word_1_635' title='bbox 3195 3495 3309 3534; x_wconf 89' lang='lat' dir='ltr'>non</span> <span class='ocrx_word' id='word_1_636' title='bbox 3360 3480 3599 3552; x_wconf 85' lang='lat' dir='ltr'>recipiat</span> <span class='ocrx_word' id='word_1_637' title='bbox 3645 3483 3717 3538; x_wconf 86' lang='lat' dir='ltr'>ab</span> 
     </span>
    </p>
   </div>
   <div class='ocr_carea' id='block_1_83' title="bbox 2071 3565 3717 3634">
    <p class='ocr_par' dir='ltr' id='par_1_83' title="bbox 2071 3565 3717 3634">
     <span class='ocr_line' id='line_1_83' title="bbox 2071 3565 3717 3634; baseline 0.002 -11"><span class='ocrx_word' id='word_1_638' title='bbox 2071 3567 2156 3623; x_wconf 90' lang='lat' dir='ltr'>eis</span> <span class='ocrx_word' id='word_1_639' title='bbox 2189 3566 2339 3622; x_wconf 91' lang='lat' dir='ltr'>ultra</span> <span class='ocrx_word' id='word_1_640' title='bbox 2367 3567 2605 3622; x_wconf 86' lang='lat' dir='ltr'>odorem</span> <span class='ocrx_word' id='word_1_641' title='bbox 2647 3565 3087 3634; x_wconf 90' lang='lat' dir='ltr'>suavissimum,</span> <span class='ocrx_word' id='word_1_642' title='bbox 3123 3584 3228 3622; x_wconf 91' lang='lat' dir='ltr'>nec</span> <span class='ocrx_word' id='word_1_643' title='bbox 3255 3585 3458 3624; x_wconf 92' lang='lat' dir='ltr'>eorum</span> <span class='ocrx_word' id='word_1_644' title='bbox 3491 3573 3717 3626; x_wconf 82' lang='lat' dir='ltr'>restau-</span> 
     </span>
    </p>
   </div>
   <div class='ocr_carea' id='block_1_84' title="bbox 2072 3654 3719 3732">
    <p class='ocr_par' dir='ltr' id='par_1_84' title="bbox 2072 3654 3719 3732">
     <span class='ocr_line' id='line_1_84' title="bbox 2072 3654 3719 3732; baseline 0.003 -21"><span class='ocrx_word' id='word_1_645' title='bbox 2072 3655 2377 3724; x_wconf 84' lang='lat' dir='ltr'>rationem,</span> <span class='ocrx_word' id='word_1_646' title='bbox 2412 3672 2539 3726; x_wconf 72' lang='lat' dir='ltr'>quze</span> <span class='ocrx_word' id='word_1_647' title='bbox 2569 3654 2868 3722; x_wconf 79' lang='lat' dir='ltr'>nullaest,</span> <span class='ocrx_word' id='word_1_648' title='bbox 2909 3659 3305 3726; x_wconf 87' lang='lat' dir='ltr'>expectarent;</span> <span class='ocrx_word' id='word_1_649' title='bbox 3341 3659 3446 3712; x_wconf 88' lang='lat' dir='ltr'>sed</span> <span class='ocrx_word' id='word_1_650' title='bbox 3493 3658 3719 3732; x_wconf 89' lang='lat' dir='ltr'>seipsos</span> 
     </span>
    </p>
   </div>
   <div class='ocr_carea' id='block_1_85' title="bbox 2071 3743 3723 3811">
    <p class='ocr_par' dir='ltr' id='par_1_85' title="bbox 2071 3743 3723 3811">
     <span class='ocr_line' id='line_1_85' title="bbox 2071 3743 3723 3811; baseline 0.002 -10"><span class='ocrx_word' id='word_1_651' title='bbox 2071 3745 2488 3801; x_wconf 89' lang='lat' dir='ltr'>restaurandos</span> <span class='ocrx_word' id='word_1_652' title='bbox 2528 3743 2830 3798; x_wconf 88' lang='lat' dir='ltr'>humiliter</span> <span class='ocrx_word' id='word_1_653' title='bbox 2873 3744 2988 3798; x_wconf 90' lang='lat' dir='ltr'>Deo</span> <span class='ocrx_word' id='word_1_654' title='bbox 3019 3744 3354 3811; x_wconf 86' lang='lat' dir='ltr'>subderent,</span> <span class='ocrx_word' id='word_1_655' title='bbox 3387 3748 3723 3804; x_wconf 88' lang='lat' dir='ltr'>conﬁtendo-</span> 
     </span>
    </p>
   </div>
   <div class='ocr_carea' id='block_1_86' title="bbox 2070 3833 3725 3908">
    <p class='ocr_par' dir='ltr' id='par_1_86' title="bbox 2070 3833 3725 3908">
     <span class='ocr_line' id='line_1_86' title="bbox 2070 3833 3725 3908; baseline 0.001 -18"><span class='ocrx_word' id='word_1_656' title='bbox 2070 3835 2414 3906; x_wconf 89' lang='lat' dir='ltr'>iniquitates</span> <span class='ocrx_word' id='word_1_657' title='bbox 2445 3850 2583 3888; x_wconf 88' lang='lat' dir='ltr'>suas</span> <span class='ocrx_word' id='word_1_658' title='bbox 2603 3837 2660 3887; x_wconf 91' lang='lat' dir='ltr'>et</span> <span class='ocrx_word' id='word_1_659' title='bbox 2685 3833 2974 3903; x_wconf 84' lang='lat' dir='ltr'>majorum</span> <span class='ocrx_word' id='word_1_660' title='bbox 3007 3848 3271 3898; x_wconf 88' lang='lat' dir='ltr'>suorum,</span> <span class='ocrx_word' id='word_1_661' title='bbox 3293 3839 3352 3888; x_wconf 89' lang='lat' dir='ltr'>et</span> <span class='ocrx_word' id='word_1_662' title='bbox 3371 3837 3592 3890; x_wconf 89' lang='lat' dir='ltr'>orando</span> <span class='ocrx_word' id='word_1_663' title='bbox 3610 3854 3725 3908; x_wconf 74' lang='lat' dir='ltr'>pro</span> 
     </span>
    </p>
   </div>
   <div class='ocr_carea' id='block_1_87' title="bbox 2069 3920 3713 3997">
    <p class='ocr_par' dir='ltr' id='par_1_87' title="bbox 2069 3920 3713 3997">
     <span class='ocr_line' id='line_1_87' title="bbox 2069 3920 3713 3997; baseline 0.001 -17"><span class='ocrx_word' id='word_1_664' title='bbox 2069 3923 2472 3997; x_wconf 89' lang='lat' dir='ltr'>impietatibus</span> <span class='ocrx_word' id='word_1_665' title='bbox 2522 3922 2758 3989; x_wconf 90' lang='lat' dir='ltr'>suis,ut</span> <span class='ocrx_word' id='word_1_666' title='bbox 2806 3920 3234 3994; x_wconf 87' lang='lat' dir='ltr'>indulgentiam</span> <span class='ocrx_word' id='word_1_667' title='bbox 3265 3924 3541 3996; x_wconf 84' lang='lat' dir='ltr'>consequi</span> <span class='ocrx_word' id='word_1_668' title='bbox 3592 3941 3713 3981; x_wconf 91' lang='lat' dir='ltr'>me-</span> 
     </span>
    </p>
   </div>
   <div class='ocr_carea' id='block_1_88' title="bbox 2067 4010 3716 4082">
    <p class='ocr_par' dir='ltr' id='par_1_88' title="bbox 2067 4010 3716 4082">
     <span class='ocr_line' id='line_1_88' title="bbox 2067 4010 3716 4082; baseline 0.001 -13"><span class='ocrx_word' id='word_1_669' title='bbox 2067 4017 2351 4069; x_wconf 88' lang='lat' dir='ltr'>rerentur.</span> <span class='ocrx_word' id='word_1_670' title='bbox 2386 4011 2498 4066; x_wconf 89' lang='lat' dir='ltr'>Sed</span> <span class='ocrx_word' id='word_1_671' title='bbox 2530 4010 2670 4082; x_wconf 90' lang='lat' dir='ltr'>quia</span> <span class='ocrx_word' id='word_1_672' title='bbox 2700 4011 2948 4065; x_wconf 89' lang='lat' dir='ltr'>necdum</span> <span class='ocrx_word' id='word_1_673' title='bbox 2981 4010 3273 4066; x_wconf 80' lang='lat' dir='ltr'>erubescit</span> <span class='ocrx_word' id='word_1_674' title='bbox 3302 4011 3716 4071; x_wconf 88' lang='lat' dir='ltr'>ineircumcisa</span> 
     </span>
    </p>
   </div>
   <div class='ocr_carea' id='block_1_89' title="bbox 2069 4099 3713 4172">
    <p class='ocr_par' dir='ltr' id='par_1_89' title="bbox 2069 4099 3713 4172">
     <span class='ocr_line' id='line_1_89' title="bbox 2069 4099 3713 4172; baseline 0.001 -14"><span class='ocrx_word' id='word_1_675' title='bbox 2069 4119 2236 4159; x_wconf 89' lang='lat' dir='ltr'>mens</span> <span class='ocrx_word' id='word_1_676' title='bbox 2283 4117 2509 4168; x_wconf 92' lang='lat' dir='ltr'>eorum,</span> <span class='ocrx_word' id='word_1_677' title='bbox 2547 4103 2757 4172; x_wconf 87' lang='lat' dir='ltr'>putant</span> <span class='ocrx_word' id='word_1_678' title='bbox 2799 4099 3312 4172; x_wconf 86' lang='lat' dir='ltr'>pseudochristum</span> <span class='ocrx_word' id='word_1_679' title='bbox 3349 4119 3523 4158; x_wconf 87' lang='lat' dir='ltr'>suum</span> <span class='ocrx_word' id='word_1_680' title='bbox 3561 4121 3713 4160; x_wconf 87' lang='lat' dir='ltr'>nun-</span> 
     </span>
    </p>
   </div>
   <div class='ocr_carea' id='block_1_90' title="bbox 2067 4189 3711 4265">
    <p class='ocr_par' dir='ltr' id='par_1_90' title="bbox 2067 4189 3711 4265">
     <span class='ocr_line' id='line_1_90' title="bbox 2067 4189 3711 4265; baseline 0.002 -18"><span class='ocrx_word' id='word_1_681' title='bbox 2067 4209 2245 4265; x_wconf 87' lang='lat' dir='ltr'>quam</span> <span class='ocrx_word' id='word_1_682' title='bbox 2279 4190 2448 4258; x_wconf 91' lang='lat' dir='ltr'>mori,</span> <span class='ocrx_word' id='word_1_683' title='bbox 2474 4192 2576 4244; x_wconf 87' lang='lat' dir='ltr'>aut</span> <span class='ocrx_word' id='word_1_684' title='bbox 2607 4204 2930 4260; x_wconf 88' lang='lat' dir='ltr'>resurgere,</span> <span class='ocrx_word' id='word_1_685' title='bbox 2956 4190 3056 4244; x_wconf 88' lang='lat' dir='ltr'>sed</span> <span class='ocrx_word' id='word_1_686' title='bbox 3089 4189 3146 4243; x_wconf 90' lang='lat' dir='ltr'>in</span> <span class='ocrx_word' id='word_1_687' title='bbox 3175 4193 3456 4246; x_wconf 67' lang='lat' dir='ltr'>aeternum</span> <span class='ocrx_word' id='word_1_688' title='bbox 3485 4192 3674 4249; x_wconf 85' lang='lat' dir='ltr'>vivere</span> <span class='ocrx_word' id='word_1_689' title='bbox 3698 4211 3711 4250; x_wconf 90' lang='lat'>:</span> 
     </span>
    </p>
   </div>
   <div class='ocr_carea' id='block_1_91' title="bbox 2067 4278 3715 4340">
    <p class='ocr_par' dir='ltr' id='par_1_91' title="bbox 2067 4278 3715 4340">
     <span class='ocr_line' id='line_1_91' title="bbox 2067 4278 3715 4340; baseline 0.001 -2"><span class='ocrx_word' id='word_1_690' title='bbox 2067 4286 2124 4338; x_wconf 90' lang='lat' dir='ltr'>et</span> <span class='ocrx_word' id='word_1_691' title='bbox 2152 4298 2220 4336; x_wconf 84' lang='lat' dir='ltr'>ex</span> <span class='ocrx_word' id='word_1_692' title='bbox 2248 4279 2350 4335; x_wconf 90' lang='lat' dir='ltr'>illa</span> <span class='ocrx_word' id='word_1_693' title='bbox 2379 4279 2705 4334; x_wconf 89' lang='lat' dir='ltr'>retrusione</span> <span class='ocrx_word' id='word_1_694' title='bbox 2739 4295 2847 4334; x_wconf 92' lang='lat' dir='ltr'>sua</span> <span class='ocrx_word' id='word_1_695' title='bbox 2878 4278 3070 4335; x_wconf 91' lang='lat' dir='ltr'>subito</span> <span class='ocrx_word' id='word_1_696' title='bbox 3098 4279 3156 4334; x_wconf 91' lang='lat' dir='ltr'>in</span> <span class='ocrx_word' id='word_1_697' title='bbox 3190 4280 3449 4337; x_wconf 88' lang='lat' dir='ltr'>nubibus</span> <span class='ocrx_word' id='word_1_698' title='bbox 3469 4282 3595 4339; x_wconf 75' lang='grc' dir='ltr'>οωΙί</span> <span class='ocrx_word' id='word_1_699' title='bbox 3627 4301 3715 4340; x_wconf 85' lang='lat' dir='ltr'>ve-</span> 
     </span>
    </p>
   </div>
   <div class='ocr_carea' id='block_1_92' title="bbox 2067 4373 2654 4441">
    <p class='ocr_par' dir='ltr' id='par_1_92' title="bbox 2067 4373 2654 4441">
     <span class='ocr_line' id='line_1_92' title="bbox 2067 4373 2654 4441; baseline -0.01 -13"><span class='ocrx_word' id='word_1_700' title='bbox 2067 4373 2325 4428; x_wconf 89' lang='lat' dir='ltr'>nientem</span> <span class='ocrx_word' id='word_1_701' title='bbox 2356 4382 2654 4441; x_wconf 90' lang='lat' dir='ltr'>apparere.</span> 
     </span>
    </p>
   </div>
   <div class='ocr_carea' id='block_1_93' title="bbox 2135 4457 3713 4529">
    <p class='ocr_par' dir='ltr' id='par_1_93' title="bbox 2135 4457 3713 4529">
     <span class='ocr_line' id='line_1_93' title="bbox 2135 4457 3713 4529; baseline 0.003 -14"><span class='ocrx_word' id='word_1_702' title='bbox 2135 4460 2275 4516; x_wconf 86' lang='lat' dir='ltr'>XXI.</span> <span class='ocrx_word' id='word_1_703' title='bbox 2312 4459 2474 4514; x_wconf 88' lang='lat' dir='ltr'>Sicut</span> <span class='ocrx_word' id='word_1_704' title='bbox 2520 4457 2697 4512; x_wconf 89' lang='lat' dir='ltr'>etiam</span> <span class='ocrx_word' id='word_1_705' title='bbox 2729 4458 2971 4529; x_wconf 91' lang='lat' dir='ltr'>quidam</span> <span class='ocrx_word' id='word_1_706' title='bbox 3020 4459 3346 4515; x_wconf 88' lang='lat' dir='ltr'>inﬁdelium</span> <span class='ocrx_word' id='word_1_707' title='bbox 3378 4462 3713 4519; x_wconf 66' lang='lat' dir='ltr'>Jud’aeorum</span> 
     </span>
    </p>
   </div>
   <div class='ocr_carea' id='block_1_94' title="bbox 300 4546 3712 4628">
    <p class='ocr_par' dir='ltr' id='par_1_94' title="bbox 300 4546 3712 4628">
     <span class='ocr_line' id='line_1_94' title="bbox 300 4546 3712 4628; baseline 0.001 -26"><span class='ocrx_word' id='word_1_708' title='bbox 300 4564 326 4592; x_wconf 75' lang='grc' dir='ltr'>ι</span> <span class='ocrx_word' id='word_1_709' title='bbox 358 4547 544 4603; x_wconf 81' lang='lat' dir='ltr'>Israel</span> <span class='ocrx_word' id='word_1_710' title='bbox 584 4548 725 4619; x_wconf 81' lang='lat' dir='ltr'>quia</span> <span class='ocrx_word' id='word_1_711' title='bbox 767 4547 1178 4603; x_wconf 87' lang='lat' dir='ltr'>habitaverunt</span> <span class='ocrx_word' id='word_1_712' title='bbox 1225 4548 1286 4602; x_wconf 90' lang='lat' dir='ltr'>in</span> <span class='ocrx_word' id='word_1_713' title='bbox 1333 4552 1489 4604; x_wconf 84' lang='lat' dir='ltr'>terra</span> <span class='ocrx_word' id='word_1_714' title='bbox 1536 4551 1782 4623; x_wconf 69' lang='lat' dir='ltr'>ngypti,</span> <span class='ocrx_word' id='word_1_715' title='bbox 1817 4554 1955 4610; x_wconf 90' lang='lat' dir='ltr'>anni</span> <span class='ocrx_word' id='word_1_716' title='bbox 1989 4559 2046 4628; x_wconf 69' lang='lat' dir='ltr'>BI</span> <span class='ocrx_word' id='word_1_717' title='bbox 2067 4567 2241 4624; x_wconf 88' lang='lat' dir='ltr'>prava</span> <span class='ocrx_word' id='word_1_718' title='bbox 2275 4546 2544 4619; x_wconf 90' lang='lat' dir='ltr'>opinione</span> <span class='ocrx_word' id='word_1_719' title='bbox 2576 4546 2822 4616; x_wconf 88' lang='lat' dir='ltr'>decepti,</span> <span class='ocrx_word' id='word_1_720' title='bbox 2849 4547 2989 4618; x_wconf 90' lang='lat' dir='ltr'>quia</span> <span class='ocrx_word' id='word_1_721' title='bbox 3019 4548 3352 4620; x_wconf 80' lang='lat' dir='ltr'>frequenter</span> <span class='ocrx_word' id='word_1_722' title='bbox 3372 4549 3432 4605; x_wconf 88' lang='lat' dir='ltr'>in</span> <span class='ocrx_word' id='word_1_723' title='bbox 3454 4551 3712 4624; x_wconf 86' lang='lat' dir='ltr'>Scriptu-</span> 
     </span>
    </p>
   </div>
   <div class='ocr_carea' id='block_1_95' title="bbox 297 4636 1960 4712">
    <p class='ocr_par' dir='ltr' id='par_1_95' title="bbox 297 4636 1960 4712">
     <span class='ocr_line' id='line_1_95' title="bbox 297 4636 1960 4712; baseline 0.007 -26"><span class='ocrx_word' id='word_1_724' title='bbox 297 4653 326 4686; x_wconf 76' lang='grc' dir='ltr'>α</span> <span class='ocrx_word' id='word_1_725' title='bbox 359 4636 785 4709; x_wconf 78' lang='lat' dir='ltr'>quadringenti</span> <span class='ocrx_word' id='word_1_726' title='bbox 807 4636 1050 4709; x_wconf 87' lang='lat' dir='ltr'>triginta</span> <span class='ocrx_word' id='word_1_727' title='bbox 1071 4640 1261 4692; x_wconf 63' lang='lat' dir='ltr'>sunta</span> <span class='ocrx_word' id='word_1_728' title='bbox 1290 4637 1361 4692; x_wconf 86' lang='lat' dir='ltr'>Et</span> <span class='ocrx_word' id='word_1_729' title='bbox 1391 4637 1602 4693; x_wconf 88' lang='lat' dir='ltr'>iterum</span> <span class='ocrx_word' id='word_1_730' title='bbox 1625 4644 1786 4708; x_wconf 83' lang='lat' dir='ltr'>(vers.</span> <span class='ocrx_word' id='word_1_731' title='bbox 1808 4645 1921 4712; x_wconf 84' lang='lat' dir='ltr'>XLI)</span> <span class='ocrx_word' id='word_1_732' title='bbox 1947 4673 1960 4712; x_wconf 69' lang='grc' dir='ltr'><strong>ε</strong></span> 
     </span>
    </p>
   </div>
   <div class='ocr_carea' id='block_1_96' title="bbox 297 4726 1958 4803">
    <p class='ocr_par' dir='ltr' id='par_1_96' title="bbox 297 4726 1958 4803">
     <span class='ocr_line' id='line_1_96' title="bbox 297 4726 1958 4803; baseline 0.005 -22"><span class='ocrx_word' id='word_1_733' title='bbox 297 4744 322 4772; x_wconf 75' lang='grc' dir='ltr'><strong>ο</strong></span> <span class='ocrx_word' id='word_1_734' title='bbox 353 4726 604 4782; x_wconf 80' lang='lat' dir='ltr'>Factum</span> <span class='ocrx_word' id='word_1_735' title='bbox 651 4730 742 4782; x_wconf 89' lang='lat' dir='ltr'>est</span> <span class='ocrx_word' id='word_1_736' title='bbox 797 4729 932 4798; x_wconf 86' lang='lat' dir='ltr'>post</span> <span class='ocrx_word' id='word_1_737' title='bbox 989 4742 1176 4781; x_wconf 88' lang='lat' dir='ltr'>annos</span> <span class='ocrx_word' id='word_1_738' title='bbox 1214 4727 1666 4799; x_wconf 84' lang='lat' dir='ltr'>quadringintos</span> <span class='ocrx_word' id='word_1_739' title='bbox 1713 4730 1958 4803; x_wconf 88' lang='lat' dir='ltr'>triginta</span> 
     </span>
    </p>
   </div>
   <div class='ocr_carea' id='block_1_97' title="bbox 289 4814 1954 4886">
    <p class='ocr_par' dir='ltr' id='par_1_97' title="bbox 289 4814 1954 4886">
     <span class='ocr_line' id='line_1_97' title="bbox 289 4814 1954 4886; baseline 0.004 -17"><span class='ocrx_word' id='word_1_740' title='bbox 289 4829 576 4886; x_wconf 79' lang='lat' dir='ltr'>egressus</span> <span class='ocrx_word' id='word_1_741' title='bbox 603 4819 694 4870; x_wconf 88' lang='lat' dir='ltr'>est</span> <span class='ocrx_word' id='word_1_742' title='bbox 721 4814 916 4870; x_wconf 87' lang='lat' dir='ltr'>omnis</span> <span class='ocrx_word' id='word_1_743' title='bbox 955 4814 1244 4870; x_wconf 83' lang='lat' dir='ltr'>exercitus</span> <span class='ocrx_word' id='word_1_744' title='bbox 1276 4820 1464 4872; x_wconf 88' lang='lat' dir='ltr'>nocte.</span> <span class='ocrx_word' id='word_1_745' title='bbox 1499 4817 1614 4873; x_wconf 67' lang='lat' dir='ltr'>I‘ste</span> <span class='ocrx_word' id='word_1_746' title='bbox 1664 4835 1954 4876; x_wconf 89' lang='lat' dir='ltr'>annorum</span> 
     </span>
    </p>
   </div>
   <div class='ocr_carea' id='block_1_98' title="bbox 288 4903 1956 4976">
    <p class='ocr_par' dir='ltr' id='par_1_98' title="bbox 288 4903 1956 4976">
     <span class='ocr_line' id='line_1_98' title="bbox 288 4903 1956 4976; baseline 0.003 -18"><span class='ocrx_word' id='word_1_747' title='bbox 288 4920 584 4960; x_wconf 88' lang='lat' dir='ltr'>numerus</span> <span class='ocrx_word' id='word_1_748' title='bbox 606 4903 681 4959; x_wconf 86' lang='lat' dir='ltr'>ab</span> <span class='ocrx_word' id='word_1_749' title='bbox 704 4903 937 4959; x_wconf 85' lang='lat' dir='ltr'>exordio</span> <span class='ocrx_word' id='word_1_750' title='bbox 962 4904 1318 4976; x_wconf 89' lang='lat' dir='ltr'>captivitatis</span> <span class='ocrx_word' id='word_1_751' title='bbox 1337 4907 1778 4975; x_wconf 78' lang='lat' dir='ltr'>eorum~,d&#39;iebus</span> <span class='ocrx_word' id='word_1_752' title='bbox 1801 4910 1956 4966; x_wconf 90' lang='lat' dir='ltr'>beati</span> 
     </span>
    </p>
   </div>
   <div class='ocr_carea' id='block_1_99' title="bbox 291 4993 1956 5066">
    <p class='ocr_par' dir='ltr' id='par_1_99' title="bbox 291 4993 1956 5066">
     <span class='ocr_line' id='line_1_99' title="bbox 291 4993 1956 5066; baseline 0.005 -19"><span class='ocrx_word' id='word_1_753' title='bbox 291 4993 637 5066; x_wconf 75' lang='lat' dir='ltr'>Hieronymi</span> <span class='ocrx_word' id='word_1_754' title='bbox 672 4993 923 5048; x_wconf 88' lang='lat' dir='ltr'>necdum</span> <span class='ocrx_word' id='word_1_755' title='bbox 966 4997 1092 5049; x_wconf 90' lang='lat' dir='ltr'>erat</span> <span class='ocrx_word' id='word_1_756' title='bbox 1121 4993 1423 5065; x_wconf 86' lang='lat' dir='ltr'>expletus:</span> <span class='ocrx_word' id='word_1_757' title='bbox 1454 5013 1610 5052; x_wconf 91' lang='lat' dir='ltr'>nunc</span> <span class='ocrx_word' id='word_1_758' title='bbox 1657 5015 1790 5054; x_wconf 91' lang='lat' dir='ltr'>vero</span> <span class='ocrx_word' id='word_1_759' title='bbox 1840 5016 1956 5055; x_wconf 91' lang='lat' dir='ltr'>non</span> 
     </span>
    </p>
   </div>
   <div class='ocr_carea' id='block_1_100' title="bbox 291 5079 1954 5158">
    <p class='ocr_par' dir='ltr' id='par_1_100' title="bbox 291 5079 1954 5158">
     <span class='ocr_line' id='line_1_100' title="bbox 291 5079 1954 5158; baseline 0.005 -24"><span class='ocrx_word' id='word_1_760' title='bbox 291 5079 494 5135; x_wconf 71' lang='lat' dir='ltr'>solum</span> <span class='ocrx_word' id='word_1_761' title='bbox 515 5082 644 5152; x_wconf 86' lang='lat' dir='ltr'>jam</span> <span class='ocrx_word' id='word_1_762' title='bbox 676 5079 939 5152; x_wconf 79' lang='lat' dir='ltr'>expletus</span> <span class='ocrx_word' id='word_1_763' title='bbox 969 5085 1080 5150; x_wconf 88' lang='lat' dir='ltr'>est,</span> <span class='ocrx_word' id='word_1_764' title='bbox 1113 5082 1214 5138; x_wconf 90' lang='lat' dir='ltr'>sed</span> <span class='ocrx_word' id='word_1_765' title='bbox 1247 5081 1421 5138; x_wconf 87' lang='lat' dir='ltr'>etiam</span> <span class='ocrx_word' id='word_1_766' title='bbox 1454 5085 1569 5140; x_wconf 83' lang='lat' dir='ltr'>fere</span> <span class='ocrx_word' id='word_1_767' title='bbox 1598 5085 1954 5158; x_wconf 88' lang='lat' dir='ltr'>duplicatus.</span> 
     </span>
    </p>
   </div>
   <div class='ocr_carea' id='block_1_101' title="bbox 288 5168 1958 5248">
    <p class='ocr_par' dir='ltr' id='par_1_101' title="bbox 288 5168 1958 5248">
     <span class='ocr_line' id='line_1_101' title="bbox 288 5168 1958 5248; baseline 0.007 -25"><span class='ocrx_word' id='word_1_768' title='bbox 288 5168 446 5223; x_wconf 65' lang='lat' dir='ltr'>Nam</span> <span class='ocrx_word' id='word_1_769' title='bbox 480 5171 554 5224; x_wconf 88' lang='lat' dir='ltr'>ab</span> <span class='ocrx_word' id='word_1_770' title='bbox 595 5171 848 5226; x_wconf 71' lang='lat' dir='ltr'>adventu</span> <span class='ocrx_word' id='word_1_771' title='bbox 903 5170 1134 5226; x_wconf 90' lang='lat' dir='ltr'>Domini</span> <span class='ocrx_word' id='word_1_772' title='bbox 1186 5171 1502 5228; x_wconf 89' lang='lat' dir='ltr'>Salvatoris</span> <span class='ocrx_word' id='word_1_773' title='bbox 1549 5175 1868 5248; x_wconf 88' lang='lat' dir='ltr'>octingenti</span> <span class='ocrx_word' id='word_1_774' title='bbox 1901 5182 1958 5234; x_wconf 90' lang='lat' dir='ltr'>et</span> 
     </span>
    </p>
   </div>
   <div class='ocr_carea' id='block_1_102' title="bbox 289 5259 1952 5334">
    <p class='ocr_par' dir='ltr' id='par_1_102' title="bbox 289 5259 1952 5334">
     <span class='ocr_line' id='line_1_102' title="bbox 289 5259 1952 5334; baseline 0.005 -22"><span class='ocrx_word' id='word_1_775' title='bbox 289 5259 806 5331; x_wconf 77' lang='lat' dir='ltr'>quadraginta-sex</span> <span class='ocrx_word' id='word_1_776' title='bbox 821 5259 1351 5332; x_wconf 74' lang='lat' dir='ltr'>imprzesentiarum</span> <span class='ocrx_word' id='word_1_777' title='bbox 1367 5267 1783 5334; x_wconf 88' lang='lat' dir='ltr'>computantur</span> <span class='ocrx_word' id='word_1_778' title='bbox 1795 5266 1952 5321; x_wconf 89' lang='lat' dir='ltr'>anni.</span> 
     </span>
    </p>
   </div>
   <div class='ocr_carea' id='block_1_103' title="bbox 363 5346 1955 5427">
    <p class='ocr_par' dir='ltr' id='par_1_103' title="bbox 363 5346 1955 5427">
     <span class='ocr_line' id='line_1_103' title="bbox 363 5346 1955 5427; baseline 0.006 -25"><span class='ocrx_word' id='word_1_779' title='bbox 363 5346 484 5402; x_wconf 78' lang='lat' dir='ltr'>XX.</span> <span class='ocrx_word' id='word_1_780' title='bbox 519 5347 720 5404; x_wconf 84' lang='lat' dir='ltr'>Delusi</span> <span class='ocrx_word' id='word_1_781' title='bbox 763 5353 905 5404; x_wconf 89' lang='lat' dir='ltr'>sunt</span> <span class='ocrx_word' id='word_1_782' title='bbox 942 5366 1079 5422; x_wconf 90' lang='lat' dir='ltr'>ergo</span> <span class='ocrx_word' id='word_1_783' title='bbox 1110 5366 1259 5405; x_wconf 88' lang='lat' dir='ltr'>vana</span> <span class='ocrx_word' id='word_1_784' title='bbox 1304 5352 1733 5423; x_wconf 86' lang='lat' dir='ltr'>exspectatione</span> <span class='ocrx_word' id='word_1_785' title='bbox 1766 5356 1955 5427; x_wconf 87' lang='lat' dir='ltr'>majo-</span> 
     </span>
    </p>
   </div>
   <div class='ocr_carea' id='block_1_104' title="bbox 285 5437 1953 5514">
    <p class='ocr_par' dir='ltr' id='par_1_104' title="bbox 285 5437 1953 5514">
     <span class='ocr_line' id='line_1_104' title="bbox 285 5437 1953 5514; baseline 0.005 -23"><span class='ocrx_word' id='word_1_786' title='bbox 285 5453 394 5492; x_wconf 80' lang='lat' dir='ltr'>res</span> <span class='ocrx_word' id='word_1_787' title='bbox 426 5453 631 5493; x_wconf 82' lang='lat' dir='ltr'>eorum</span> <span class='ocrx_word' id='word_1_788' title='bbox 655 5457 669 5492; x_wconf 86' lang='lat'>:</span> <span class='ocrx_word' id='word_1_789' title='bbox 695 5437 1056 5494; x_wconf 89' lang='lat' dir='ltr'>deluduntur</span> <span class='ocrx_word' id='word_1_790' title='bbox 1086 5443 1142 5495; x_wconf 90' lang='lat' dir='ltr'>et</span> <span class='ocrx_word' id='word_1_791' title='bbox 1172 5440 1291 5508; x_wconf 89' lang='lat' dir='ltr'>isti,</span> <span class='ocrx_word' id='word_1_792' title='bbox 1318 5441 1525 5512; x_wconf 91' lang='lat' dir='ltr'>majori</span> <span class='ocrx_word' id='word_1_793' title='bbox 1560 5441 1764 5514; x_wconf 87' lang='lat' dir='ltr'>utique</span> <span class='ocrx_word' id='word_1_794' title='bbox 1793 5445 1953 5500; x_wconf 61' lang='lat' dir='ltr'>caici-</span> 
     </span>
    </p>
   </div>
   <div class='ocr_carea' id='block_1_105' title="bbox 282 5527 1952 5602">
    <p class='ocr_par' dir='ltr' id='par_1_105' title="bbox 282 5527 1952 5602">
     <span class='ocr_line' id='line_1_105' title="bbox 282 5527 1952 5602; baseline 0.006 -21"><span class='ocrx_word' id='word_1_795' title='bbox 282 5529 448 5593; x_wconf 31' lang='lat' dir='ltr'>tnte&#39;;</span> <span class='ocrx_word' id='word_1_796' title='bbox 481 5528 588 5598; x_wconf 85' lang='lat' dir='ltr'>qui</span> <span class='ocrx_word' id='word_1_797' title='bbox 613 5543 749 5584; x_wconf 86' lang='lat' dir='ltr'>cum</span> <span class='ocrx_word' id='word_1_798' title='bbox 787 5527 1024 5583; x_wconf 82' lang='lat' dir='ltr'>videant</span> <span class='ocrx_word' id='word_1_799' title='bbox 1070 5533 1414 5599; x_wconf 80' lang='lat' dir='ltr'>praesentem</span> <span class='ocrx_word' id='word_1_800' title='bbox 1466 5531 1863 5602; x_wconf 89' lang='lat' dir='ltr'>captivitatem</span> <span class='ocrx_word' id='word_1_801' title='bbox 1895 5539 1952 5590; x_wconf 89' lang='lat' dir='ltr'>et</span> 
     </span>
    </p>
   </div>
   <div class='ocr_carea' id='block_1_106' title="bbox 284 5615 1958 5690">
    <p class='ocr_par' dir='ltr' id='par_1_106' title="bbox 284 5615 1958 5690">
     <span class='ocr_line' id='line_1_106' title="bbox 284 5615 1958 5690; baseline 0.006 -20"><span class='ocrx_word' id='word_1_802' title='bbox 284 5615 644 5673; x_wconf 78' lang='lat' dir='ltr'>servitutem</span> <span class='ocrx_word' id='word_1_803' title='bbox 677 5633 870 5686; x_wconf 83' lang='lat' dir='ltr'>suam,</span> <span class='ocrx_word' id='word_1_804' title='bbox 896 5633 1000 5673; x_wconf 88' lang='lat' dir='ltr'>nec</span> <span class='ocrx_word' id='word_1_805' title='bbox 1031 5621 1163 5688; x_wconf 88' lang='lat' dir='ltr'>post</span> <span class='ocrx_word' id='word_1_806' title='bbox 1193 5618 1567 5690; x_wconf 86' lang='lat' dir='ltr'>septuaginta</span> <span class='ocrx_word' id='word_1_807' title='bbox 1591 5637 1775 5677; x_wconf 89' lang='lat' dir='ltr'>annos</span> <span class='ocrx_word' id='word_1_808' title='bbox 1804 5624 1958 5681; x_wconf 77' lang='lat' dir='ltr'>sicut</span> 
     </span>
    </p>
   </div>
   <div class='ocr_carea' id='block_1_107' title="bbox 2075 4635 3714 4711">
    <p class='ocr_par' dir='ltr' id='par_1_107' title="bbox 2075 4635 3714 4711">
     <span class='ocr_line' id='line_1_107' title="bbox 2075 4635 3714 4711; baseline 0.002 -15"><span class='ocrx_word' id='word_1_809' title='bbox 2075 4639 2156 4696; x_wconf 86' lang='lat' dir='ltr'>ris</span> <span class='ocrx_word' id='word_1_810' title='bbox 2185 4639 2257 4694; x_wconf 92' lang='lat' dir='ltr'>de</span> <span class='ocrx_word' id='word_1_811' title='bbox 2277 4636 2507 4693; x_wconf 91' lang='lat' dir='ltr'>Christo</span> <span class='ocrx_word' id='word_1_812' title='bbox 2529 4635 2836 4691; x_wconf 90' lang='lat' dir='ltr'>audierant</span> <span class='ocrx_word' id='word_1_813' title='bbox 2854 4637 3010 4708; x_wconf 89' lang='lat' dir='ltr'>quod</span> <span class='ocrx_word' id='word_1_814' title='bbox 3044 4653 3288 4710; x_wconf 90' lang='lat' dir='ltr'>regnum</span> <span class='ocrx_word' id='word_1_815' title='bbox 3319 4639 3447 4711; x_wconf 88' lang='lat' dir='ltr'>ejus</span> <span class='ocrx_word' id='word_1_816' title='bbox 3470 4645 3626 4698; x_wconf 89' lang='lat' dir='ltr'>esset</span> <span class='ocrx_word' id='word_1_817' title='bbox 3655 4641 3714 4699; x_wconf 88' lang='lat' dir='ltr'>in</span> 
     </span>
    </p>
   </div>
   <div class='ocr_carea' id='block_1_108' title="bbox 2066 4724 3717 4804">
    <p class='ocr_par' dir='ltr' id='par_1_108' title="bbox 2066 4724 3717 4804">
     <span class='ocr_line' id='line_1_108' title="bbox 2066 4724 3717 4804; baseline 0.002 -20"><span class='ocrx_word' id='word_1_818' title='bbox 2066 4733 2368 4794; x_wconf 68' lang='lat' dir='ltr'>aeternum,</span> <span class='ocrx_word' id='word_1_819' title='bbox 2403 4725 2556 4781; x_wconf 84' lang='lat' dir='ltr'>sicut</span> <span class='ocrx_word' id='word_1_820' title='bbox 2603 4725 2663 4780; x_wconf 90' lang='lat' dir='ltr'>in</span> <span class='ocrx_word' id='word_1_821' title='bbox 2713 4724 2864 4781; x_wconf 87' lang='lat' dir='ltr'>Isaia</span> <span class='ocrx_word' id='word_1_822' title='bbox 2912 4724 3127 4799; x_wconf 86' lang='lat' dir='ltr'>legitur</span> <span class='ocrx_word' id='word_1_823' title='bbox 3172 4745 3240 4783; x_wconf 73' lang='grc' dir='ltr'>τι</span> <span class='ocrx_word' id='word_1_824' title='bbox 3293 4729 3717 4804; x_wconf 87' lang='lat' dir='ltr'>Multiplicatur</span> 
     </span>
    </p>
   </div>
   <div class='ocr_carea' id='block_1_109' title="bbox 2071 4814 3718 4892">
    <p class='ocr_par' dir='ltr' id='par_1_109' title="bbox 2071 4814 3718 4892">
     <span class='ocr_line' id='line_1_109' title="bbox 2071 4814 3718 4892; baseline 0.005 -24"><span class='ocrx_word' id='word_1_825' title='bbox 2071 4841 2099 4868; x_wconf 65' lang='grc' dir='ltr'><em>κ</em></span> <span class='ocrx_word' id='word_1_826' title='bbox 2128 4817 2256 4888; x_wconf 84' lang='lat' dir='ltr'>ejus</span> <span class='ocrx_word' id='word_1_827' title='bbox 2287 4814 2624 4886; x_wconf 88' lang='lat' dir='ltr'>imperium,</span> <span class='ocrx_word' id='word_1_828' title='bbox 2649 4819 2706 4870; x_wconf 92' lang='lat' dir='ltr'>et</span> <span class='ocrx_word' id='word_1_829' title='bbox 2736 4815 2898 4886; x_wconf 91' lang='lat' dir='ltr'>pacis</span> <span class='ocrx_word' id='word_1_830' title='bbox 2929 4833 3044 4872; x_wconf 90' lang='lat' dir='ltr'>non</span> <span class='ocrx_word' id='word_1_831' title='bbox 3075 4817 3187 4873; x_wconf 88' lang='lat' dir='ltr'>erit</span> <span class='ocrx_word' id='word_1_832' title='bbox 3215 4818 3351 4875; x_wconf 86' lang='lat' dir='ltr'>ﬁnis</span> <span class='ocrx_word' id='word_1_833' title='bbox 3377 4837 3390 4875; x_wconf 90' lang='lat'><strong>:</strong></span> <span class='ocrx_word' id='word_1_834' title='bbox 3425 4837 3602 4892; x_wconf 87' lang='lat' dir='ltr'>super</span> <span class='ocrx_word' id='word_1_835' title='bbox 3629 4839 3718 4877; x_wconf 89' lang='lat' dir='ltr'>so-</span> 
     </span>
    </p>
   </div>
   <div class='ocr_carea' id='block_1_110' title="bbox 2072 4904 3716 4980">
    <p class='ocr_par' dir='ltr' id='par_1_110' title="bbox 2072 4904 3716 4980">
     <span class='ocr_line' id='line_1_110' title="bbox 2072 4904 3716 4980; baseline 0.004 -23"><span class='ocrx_word' id='word_1_836' title='bbox 2072 4906 2269 4961; x_wconf 63' lang='lat' dir='ltr'>rlium</span> <span class='ocrx_word' id='word_1_837' title='bbox 2302 4904 2504 4971; x_wconf 90' lang='lat' dir='ltr'>David,</span> <span class='ocrx_word' id='word_1_838' title='bbox 2537 4907 2593 4959; x_wconf 88' lang='lat' dir='ltr'>et</span> <span class='ocrx_word' id='word_1_839' title='bbox 2641 4920 2819 4976; x_wconf 89' lang='lat' dir='ltr'>super</span> <span class='ocrx_word' id='word_1_840' title='bbox 2866 4922 3111 4980; x_wconf 88' lang='lat' dir='ltr'>regnum</span> <span class='ocrx_word' id='word_1_841' title='bbox 3162 4908 3293 4978; x_wconf 88' lang='lat' dir='ltr'>ojus</span> <span class='ocrx_word' id='word_1_842' title='bbox 3345 4909 3598 4975; x_wconf 87' lang='lat' dir='ltr'>sedebit;</span> <span class='ocrx_word' id='word_1_843' title='bbox 3650 4913 3716 4964; x_wconf 87' lang='lat' dir='ltr'>ut</span> 
     </span>
    </p>
   </div>
   <div class='ocr_carea' id='block_1_111' title="bbox 2073 4992 3710 5068">
    <p class='ocr_par' dir='ltr' id='par_1_111' title="bbox 2073 4992 3710 5068">
     <span class='ocr_line' id='line_1_111' title="bbox 2073 4992 3710 5068; baseline 0 -16"><span class='ocrx_word' id='word_1_844' title='bbox 2073 5015 2098 5045; x_wconf 71' lang='grc' dir='ltr'><strong><em>α</em></strong></span> <span class='ocrx_word' id='word_1_845' title='bbox 2129 4996 2435 5052; x_wconf 87' lang='lat' dir='ltr'>conﬁrmet</span> <span class='ocrx_word' id='word_1_846' title='bbox 2455 4992 2686 5064; x_wconf 89' lang='lat' dir='ltr'>illud,et</span> <span class='ocrx_word' id='word_1_847' title='bbox 2707 4996 3039 5053; x_wconf 90' lang='lat' dir='ltr'>corroboret</span> <span class='ocrx_word' id='word_1_848' title='bbox 3059 4997 3114 5051; x_wconf 92' lang='lat' dir='ltr'>in</span> <span class='ocrx_word' id='word_1_849' title='bbox 3131 4996 3355 5068; x_wconf 87' lang='lat' dir='ltr'>judicio</span> <span class='ocrx_word' id='word_1_850' title='bbox 3377 4996 3710 5066; x_wconf 88' lang='lat' dir='ltr'>etjustitia;</span> 
     </span>
    </p>
   </div>
   <div class='ocr_carea' id='block_1_112' title="bbox 2073 5085 3705 5157">
    <p class='ocr_par' dir='ltr' id='par_1_112' title="bbox 2073 5085 3705 5157">
     <span class='ocr_line' id='line_1_112' title="bbox 2073 5085 3705 5157; baseline 0 -23"><span class='ocrx_word' id='word_1_851' title='bbox 2073 5104 2098 5134; x_wconf 73' lang='grc' dir='ltr'>σ</span> <span class='ocrx_word' id='word_1_852' title='bbox 2130 5085 2358 5151; x_wconf 90' lang='lat' dir='ltr'>amodo,</span> <span class='ocrx_word' id='word_1_853' title='bbox 2390 5086 2448 5139; x_wconf 84' lang='lat' dir='ltr'>et</span> <span class='ocrx_word' id='word_1_854' title='bbox 2493 5100 2680 5157; x_wconf 88' lang='lat' dir='ltr'>usque</span> <span class='ocrx_word' id='word_1_855' title='bbox 2727 5085 2787 5139; x_wconf 90' lang='lat' dir='ltr'>in</span> <span class='ocrx_word' id='word_1_856' title='bbox 2836 5087 3254 5157; x_wconf 89' lang='lat' dir='ltr'>sempiternum</span> <span class='ocrx_word' id='word_1_857' title='bbox 3303 5087 3427 5156; x_wconf 83' lang='lat' dir='ltr'>(Isa.</span> <span class='ocrx_word' id='word_1_858' title='bbox 3462 5101 3536 5153; x_wconf 82' lang='lat' dir='ltr'>ix,</span> <span class='ocrx_word' id='word_1_859' title='bbox 3565 5087 3657 5154; x_wconf 86' lang='lat'>7);</span> <span class='ocrx_word' id='word_1_860' title='bbox 3686 5109 3705 5134; x_wconf 73' lang='grc' dir='ltr'><strong><em>η</em></strong></span> 
     </span>
    </p>
   </div>
   <div class='ocr_carea' id='block_1_113' title="bbox 2073 5173 3713 5242">
    <p class='ocr_par' dir='ltr' id='par_1_113' title="bbox 2073 5173 3713 5242">
     <span class='ocr_line' id='line_1_113' title="bbox 2073 5173 3713 5242; baseline 0.005 -19"><span class='ocrx_word' id='word_1_861' title='bbox 2073 5197 2097 5223; x_wconf 73' lang='grc' dir='ltr'><strong><em>α</em></strong></span> <span class='ocrx_word' id='word_1_862' title='bbox 2131 5177 2190 5229; x_wconf 90' lang='lat' dir='ltr'>et</span> <span class='ocrx_word' id='word_1_863' title='bbox 2216 5173 2275 5228; x_wconf 90' lang='lat' dir='ltr'>in</span> <span class='ocrx_word' id='word_1_864' title='bbox 2328 5173 2558 5230; x_wconf 89' lang='lat' dir='ltr'>Psalmo</span> <span class='ocrx_word' id='word_1_865' title='bbox 2594 5191 2606 5228; x_wconf 94' lang='lat'>:</span> <span class='ocrx_word' id='word_1_866' title='bbox 2639 5197 2658 5223; x_wconf 86' lang='lat'><strong>«</strong></span> <span class='ocrx_word' id='word_1_867' title='bbox 2688 5175 2756 5228; x_wconf 88' lang='lat' dir='ltr'>Et</span> <span class='ocrx_word' id='word_1_868' title='bbox 2789 5173 3032 5228; x_wconf 90' lang='lat' dir='ltr'>thronus</span> <span class='ocrx_word' id='word_1_869' title='bbox 3061 5173 3187 5242; x_wconf 89' lang='lat' dir='ltr'>ejus</span> <span class='ocrx_word' id='word_1_870' title='bbox 3218 5173 3371 5226; x_wconf 90' lang='lat' dir='ltr'>sicut</span> <span class='ocrx_word' id='word_1_871' title='bbox 3410 5174 3536 5231; x_wconf 89' lang='lat' dir='ltr'>dies</span> <span class='ocrx_word' id='word_1_872' title='bbox 3583 5175 3713 5232; x_wconf 84' lang='lat' dir='ltr'>coeli</span> 
     </span>
    </p>
   </div>
   <div class='ocr_carea' id='block_1_114' title="bbox 2072 5260 3714 5330">
    <p class='ocr_par' dir='ltr' id='par_1_114' title="bbox 2072 5260 3714 5330">
     <span class='ocr_line' id='line_1_114' title="bbox 2072 5260 3714 5330; baseline 0.007 -19"><span class='ocrx_word' id='word_1_873' title='bbox 2072 5283 2099 5311; x_wconf 74' lang='grc' dir='ltr'>ι.</span> <span class='ocrx_word' id='word_1_874' title='bbox 2131 5262 2299 5330; x_wconf 86' lang='lat' dir='ltr'>(Psal.</span> <span class='ocrx_word' id='word_1_875' title='bbox 2337 5279 2600 5330; x_wconf 77' lang='lat' dir='ltr'>Lxxxvm,</span> <span class='ocrx_word' id='word_1_876' title='bbox 2650 5263 2770 5330; x_wconf 88' lang='lat'>30);</span> <span class='ocrx_word' id='word_1_877' title='bbox 2811 5285 2836 5312; x_wconf 62' lang='grc' dir='ltr'><strong><em>ιη</em></strong></span> <span class='ocrx_word' id='word_1_878' title='bbox 2887 5265 2943 5314; x_wconf 92' lang='lat' dir='ltr'>et</span> <span class='ocrx_word' id='word_1_879' title='bbox 2990 5260 3202 5314; x_wconf 84' lang='lat' dir='ltr'>iterum</span> <span class='ocrx_word' id='word_1_880' title='bbox 3237 5276 3252 5315; x_wconf 88' lang='lat'><strong>:</strong></span> <span class='ocrx_word' id='word_1_881' title='bbox 3283 5279 3305 5308; x_wconf 74' lang='grc' dir='ltr'><strong>α</strong></span> <span class='ocrx_word' id='word_1_882' title='bbox 3347 5260 3418 5315; x_wconf 89' lang='lat' dir='ltr'>Et</span> <span class='ocrx_word' id='word_1_883' title='bbox 3463 5263 3714 5321; x_wconf 82' lang='lat' dir='ltr'>thronus</span> 
     </span>
    </p>
   </div>
   <div class='ocr_carea' id='block_1_115' title="bbox 2073 5351 3786 5428">
    <p class='ocr_par' dir='ltr' id='par_1_115' title="bbox 2073 5351 3786 5428">
     <span class='ocr_line' id='line_1_115' title="bbox 2073 5351 3786 5428; baseline 0.006 -26"><span class='ocrx_word' id='word_1_884' title='bbox 2073 5375 2092 5402; x_wconf 79' lang='grc' dir='ltr'>ιι</span> <span class='ocrx_word' id='word_1_885' title='bbox 2129 5353 2259 5423; x_wconf 91' lang='lat' dir='ltr'>ejus</span> <span class='ocrx_word' id='word_1_886' title='bbox 2281 5352 2432 5407; x_wconf 89' lang='lat' dir='ltr'>sicut</span> <span class='ocrx_word' id='word_1_887' title='bbox 2453 5351 2537 5408; x_wconf 94' lang='lat' dir='ltr'>sol</span> <span class='ocrx_word' id='word_1_888' title='bbox 2564 5352 2623 5406; x_wconf 91' lang='lat' dir='ltr'>in</span> <span class='ocrx_word' id='word_1_889' title='bbox 2645 5353 2958 5422; x_wconf 88' lang='lat' dir='ltr'>conspectu</span> <span class='ocrx_word' id='word_1_890' title='bbox 2986 5354 3210 5419; x_wconf 88' lang='lat' dir='ltr'>meo,et</span> <span class='ocrx_word' id='word_1_891' title='bbox 3229 5351 3384 5408; x_wconf 89' lang='lat' dir='ltr'>sicut</span> <span class='ocrx_word' id='word_1_892' title='bbox 3408 5352 3550 5411; x_wconf 89' lang='lat' dir='ltr'>luna</span> <span class='ocrx_word' id='word_1_893' title='bbox 3579 5374 3715 5428; x_wconf 82' lang='lat' dir='ltr'>per-</span> <span class='ocrx_word' id='word_1_894' title='bbox 3784 5351 3786 5353; x_wconf 7' lang='lat' dir='ltr'>b</span> 
     </span>
    </p>
   </div>
   <div class='ocr_carea' id='block_1_116' title="bbox 2073 5439 3711 5514">
    <p class='ocr_par' dir='ltr' id='par_1_116' title="bbox 2073 5439 3711 5514">
     <span class='ocr_line' id='line_1_116' title="bbox 2073 5439 3711 5514; baseline 0.007 -22"><span class='ocrx_word' id='word_1_895' title='bbox 2073 5465 2094 5492; x_wconf 74' lang='grc' dir='ltr'><strong><em>α</em></strong></span> <span class='ocrx_word' id='word_1_896' title='bbox 2131 5441 2282 5498; x_wconf 76' lang='lat' dir='ltr'>facta</span> <span class='ocrx_word' id='word_1_897' title='bbox 2315 5439 2374 5494; x_wconf 90' lang='lat' dir='ltr'>in</span> <span class='ocrx_word' id='word_1_898' title='bbox 2418 5444 2698 5494; x_wconf 66' lang='lat' dir='ltr'>azternum</span> <span class='ocrx_word' id='word_1_899' title='bbox 2731 5443 2890 5505; x_wconf 78' lang='lat' dir='ltr'>(vers.</span> <span class='ocrx_word' id='word_1_900' title='bbox 2915 5440 3036 5512; x_wconf 87' lang='lat'>37);</span> <span class='ocrx_word' id='word_1_901' title='bbox 3061 5465 3083 5494; x_wconf 76' lang='grc' dir='ltr'><strong><em>ι</em></strong></span> <span class='ocrx_word' id='word_1_902' title='bbox 3125 5442 3410 5514; x_wconf 89' lang='lat' dir='ltr'>putabant</span> <span class='ocrx_word' id='word_1_903' title='bbox 3439 5448 3711 5503; x_wconf 89' lang='lat' dir='ltr'>eumdem</span> 
     </span>
    </p>
   </div>
   <div class='ocr_carea' id='block_1_117' title="bbox 2065 5527 3708 5607">
    <p class='ocr_par' dir='ltr' id='par_1_117' title="bbox 2065 5527 3708 5607">
     <span class='ocr_line' id='line_1_117' title="bbox 2065 5527 3708 5607; baseline 0.004 -21"><span class='ocrx_word' id='word_1_904' title='bbox 2065 5531 2365 5587; x_wconf 90' lang='lat' dir='ltr'>Christum</span> <span class='ocrx_word' id='word_1_905' title='bbox 2397 5528 2494 5599; x_wconf 89' lang='lat' dir='ltr'>qui</span> <span class='ocrx_word' id='word_1_906' title='bbox 2527 5544 2594 5582; x_wconf 88' lang='lat' dir='ltr'>ex</span> <span class='ocrx_word' id='word_1_907' title='bbox 2623 5527 2748 5599; x_wconf 90' lang='lat' dir='ltr'>lege</span> <span class='ocrx_word' id='word_1_908' title='bbox 2769 5533 2826 5584; x_wconf 89' lang='lat' dir='ltr'>et</span> <span class='ocrx_word' id='word_1_909' title='bbox 2854 5531 3152 5604; x_wconf 88' lang='lat' dir='ltr'>prophetis</span> <span class='ocrx_word' id='word_1_910' title='bbox 3182 5537 3270 5590; x_wconf 90' lang='lat' dir='ltr'>cst</span> <span class='ocrx_word' id='word_1_911' title='bbox 3298 5536 3708 5607; x_wconf 89' lang='lat' dir='ltr'>repromissus,</span> 
     </span>
    </p>
   </div>
   <div class='ocr_carea' id='block_1_118' title="bbox 2067 5617 3711 5692">
    <p class='ocr_par' dir='ltr' id='par_1_118' title="bbox 2067 5617 3711 5692">
     <span class='ocr_line' id='line_1_118' title="bbox 2067 5617 3711 5692; baseline 0.004 -16"><span class='ocrx_word' id='word_1_912' title='bbox 2067 5635 2373 5692; x_wconf 87' lang='lat' dir='ltr'>nunquam</span> <span class='ocrx_word' id='word_1_913' title='bbox 2405 5617 2756 5674; x_wconf 86' lang='lat' dir='ltr'>moriturum</span> <span class='ocrx_word' id='word_1_914' title='bbox 2792 5635 2804 5675; x_wconf 85' lang='lat'><strong>:</strong></span> <span class='ocrx_word' id='word_1_915' title='bbox 2841 5623 2899 5677; x_wconf 90' lang='lat' dir='ltr'>et</span> <span class='ocrx_word' id='word_1_916' title='bbox 2929 5621 3174 5680; x_wconf 88' lang='lat' dir='ltr'>Domino</span> <span class='ocrx_word' id='word_1_917' title='bbox 3211 5625 3350 5687; x_wconf 86' lang='lat' dir='ltr'>Jesu</span> <span class='ocrx_word' id='word_1_918' title='bbox 3382 5624 3612 5683; x_wconf 89' lang='lat' dir='ltr'>Christo</span> <span class='ocrx_word' id='word_1_919' title='bbox 3642 5627 3711 5688; x_wconf 84' lang='lat' dir='ltr'>de</span> 
     </span>
    </p>
   </div>
  </div>
