4070 6180
381 295 498 360 155

1598 288 1999 357 AMULONIS
2043 241 2284 353 Erlsc.
2329 291 2557 356 LUGD.

3667 291 3782 355 156

384 452 492 493 sua
521 431 792 508 passione
821 429 1080 504 loquenti
1109 429 1287 501 (sicut
1317 429 1375 485 in
1407 428 1716 503 Evangelio
1745 428 2027 500 scriptum
2059 426 2112 492 Α
2142 442 2268 498 quas
2297 443 2365 482 ex
2393 427 2550 482 tribu
2571 426 2725 484 Juda
2745 424 2924 485 elecla
2943 429 3053 496 est,
3073 425 3258 483 Judas
3278 424 3629 500 appellatur.
3648 425 3788 483 Inde

383 529 495 596 est)
525 524 897 597 objiciebant,
920 522 1181 578 dicentes
1205 538 1259 574 :a
1281 522 1396 576 Nos
1421 521 1752 575 audivimus
1785 538 1853 575 ex
1883 519 2028 592 lege,

388 638 410 668 ι
446 614 880 690 quia-Christus
927 616 1126 667 manet
1171 611 1228 665 in
1281 614 1582 665 mternum.
1617 611 1916 675 Quomodo
1965 613 2028 664 tu

387 728 408 755 α
445 705 593 761 dicis
618 722 630 759 :
657 705 893 774 Oportet
921 699 1159 756 exaltari
1197 699 1380 754 lilium
1410 697 1708 753 hominis?
1729 699 1902 768 (Joan.
1925 714 2028 764 xu,

388 815 410 844 ι
445 794 556 865 34).
586 815 607 841 n
644 793 755 848 Sed
788 808 892 846 nec
939 789 1037 845 isti
1072 788 1492 860 intelligebant,
1529 804 1632 842 nec
1665 787 1763 841 isti
1811 786 2028 841 intelli-

380 886 550 955 gunt,
582 881 724 954 quia
745 883 916 952 juxta
945 881 1178 935 easdem
1213 878 1437 932 divinas
1469 877 1799 948 Scripturas
1831 875 2029 931 nullus

380 972 532 1028 alius
563 970 834 1026 Christus
881 969 1205 1024 credendus
1235 972 1344 1033 est,
1379 966 1490 1020 nisi
1523 965 1622 1036 qui
1673 982 1775 1038 pro
1827 981 2026 1036 pecca-

378 1059 454 1115 tis
486 1057 687 1132 populi
735 1057 835 1112 Dei
890 1073 1020 1112 vere
1071 1059 1159 1110 est
1207 1058 1476 1108 mortuus
1523 1058 1579 1108 et
1625 1051 1892 1124 sepultus
1928 1069 1939 1106 :
1974 1056 2030 1107 et

378 1165 720 1222 resurgens,
783 1147 940 1202 ultra
995 1163 1108 1200 non
1162 1144 1438 1208 moritur,
1489 1147 1554 1197 ut
1600 1158 1732 1196 vere
1797 1144 2030 1196 maneat

377 1239 436 1294 in
469 1242 783 1304 asternum;
814 1238 1066 1291 testante
1097 1233 1342 1288 Domino
1387 1249 1490 1304 per
1538 1231 1747 1287 Isaiam
1780 1230 2028 1302 prophe-

378 1333 499 1383 tam
528 1345 576 1382 :c
612 1327 853 1398 Propter
884 1324 1074 1380 scelus
1105 1322 1302 1395 populi
1336 1322 1446 1377 mei
1482 1319 1740 1394 percussi
1775 1337 1906 1375 eum
1935 1336 1947 1374 :
1974 1322 2030 1374 et

384 1440 404 1466 ι
441 1417 604 1472 dabit
633 1415 848 1487 impios
879 1431 982 1485 pro
1023 1411 1345 1483 sepultura,
1378 1413 1435 1466 et
1470 1409 1676 1465 divites
1705 1426 1808 1481 pro
1841 1412 2028 1464 morte

383 1528 405 1556 ιι
441 1523 551 1561 sua
571 1504 698 1575 (Isa.
726 1521 842 1569 Lm,
867 1505 919 1568 8,
945 1501 1053 1571 9).»
1080 1502 1150 1556 Et
1188 1498 1397 1555 iterum
1425 1515 1438 1552 :
1470 1521 1494 1547 α
1518 1498 1578 1554 Si
1618 1495 1878 1570 posuerit
1923 1513 2027 1568 pro

382 1616 405 1645 ι
440 1597 675 1667 peccato
705 1591 964 1647 animam
988 1606 1178 1655 suam,
1201 1588 1421 1643 videbit
1439 1603 1638 1642 semen
1660 1587 1983 1657 longazvum
2010 1602 2023 1640 :

385 1701 413 1734 ι
440 1688 498 1739 et
526 1681 797 1738 voluntas
827 1679 1058 1736 Domini
1077 1678 1138 1732 in
1160 1695 1338 1732 manu
1372 1676 1532 1731 illius
1554 1675 1840 1747 dirigetur
1863 1675 2022 1746 (vers.

2138 519 2228 570 est
2270 517 2422 587 quod
2472 517 2684 589 saepius
2729 516 2947 590 legitur
2975 518 3124 588 (Reg.
3159 533 3221 572 ιιι
3268 525 3321 573 et
3365 520 3443 584 IV)
3492 517 3563 572 de
3604 516 3784 572 istis:

2142 627 2163 653 α
2200 606 2344 659 Ecce
2375 606 2495 660 hazc
2526 607 2743 678 scripta
2772 610 2912 663 sunt
2939 607 2998 662 in
3030 606 3179 661 libro
3205 606 3527 661 Verborum
3557 605 3788 661 dierum

2144 715 2164 742 α
2202 710 2402 765 regum
2427 695 2607 762 Juda;
2627 720 2648 747 »
2679 697 2748 751 de
2771 695 2886 750 illis
2913 713 2958 750 τι
2985 696 3130 751 Ecce
3153 695 3371 767 Scripta
3395 698 3533 750 sunt
3555 695 3612 748 in
3637 694 3787 749 libro

2143 806 2163 832 α
2200 784 2524 839 Verborum
2555 785 2781 840 dierum
2820 801 3023 858 regum
3065 784 3261 840 Israel.
3291 806 3312 832 η
3346 784 3427 850 De
3459 783 3589 840 istis
3621 800 3788 838 nam-

2137 889 2249 943 que
2271 873 2502 928 duabus
2524 873 2789 945 partibus
2819 873 3016 946 populi
3053 874 3110 928 in
3135 874 3249 928 duo
3271 889 3450 944 regna
3469 873 3662 938 divisi,
3690 891 3792 944 per

2137 961 2279 1017 Osce
2329 961 2541 1016 dicitur
2574 979 2586 1017 :
2617 985 2637 1011 α
2675 963 2823 1028 Quid
2869 961 3076 1017 faciam
3127 962 3255 1028 tibi,
3287 960 3612 1033 Ephraim?
3637 962 3786 1027 Quid

2141 1073 2168 1101 α
2204 1051 2412 1106 faciam
2444 1051 2571 1119 tibi,
2609 1052 2763 1107 Juda
2792 1051 2934 1120 (Ose.
2957 1069 3035 1116 v1,
3061 1050 3158 1118 li)?
3182 1075 3204 1103 ι
3228 1051 3374 1106 Huic
3405 1066 3540 1122 ergo
3573 1049 3790 1122 populo

2137 1139 2333 1207 Israel,
2366 1143 2422 1196 et
2452 1140 2750 1211 Ephraim,
2785 1157 2889 1212 per
2915 1140 3225 1196 Jeroboam
3273 1139 3461 1195 filium
3493 1138 3724 1194 Nabath
3759 1155 3792 1193 a

2138 1229 2310 1284 domo
2343 1229 2521 1284 David
2545 1233 2830 1301 separato,
2858 1233 2916 1284 et
2946 1247 2980 1284 a
3007 1228 3226 1300 templo
3257 1228 3360 1284 Dei
3382 1227 3664 1296 alienato;
3687 1228 3791 1299 qui

2135 1317 2348 1373 vitulos
2379 1334 2585 1373 aureos
2631 1317 2812 1373 coluit
2855 1317 2913 1372 in
2963 1317 3181 1386 Bethel,
3206 1322 3263 1374 et
3310 1318 3370 1373 in
3419 1317 3566 1384 Dan,
3600 1333 3796 1389 usque

2136 1407 2208 1462 ad
2241 1406 2394 1462 diem
2427 1407 2780 1479 captivitatis
2809 1423 2927 1463 suae
2953 1424 2966 1462 :
2999 1411 3058 1462 et
3088 1406 3173 1463 sic
3201 1424 3235 1463 a
3264 1407 3493 1479 legibus
3520 1406 3793 1478 Assyrio-

2135 1512 2266 1550 rum
2298 1496 2511 1551 ductus
2539 1500 2628 1552 est
2669 1495 2729 1551 in
2779 1500 3055 1552 aeternam
3103 1496 3520 1569 captivitatem,
3555 1494 3791 1551 dicente

2134 1584 2381 1640 Domino
2412 1602 2515 1657 per
2539 1585 2682 1640 Osee
2705 1602 2717 1640 :
2747 1606 2767 1634 α
2795 1585 2940 1651 Quia
2962 1601 3074 1640 non
3100 1585 3311 1640 addam
3336 1583 3491 1640 ultra
3519 1583 3791 1639 misereri

2141 1691 2163 1721 α
2199 1672 2397 1728 domui
2457 1673 2655 1739 Israel,
2706 1674 2807 1728 sed
2867 1673 3157 1729 oblivione
3213 1672 3524 1728 obliviscar
3579 1689 3792 1728 eorum

382 1793 404 1825 ι
443 1773 586 1839 10).»
609 1772 680 1826 Et
707 1773 841 1841 post
869 1785 1056 1840 pauca
1078 1785 1124 1822 ε·
1153 1766 1370 1822 Idcirco
1393 1764 1734 1837 dispertiam
1767 1764 1818 1818 ei
1851 1763 2028 1836 pluri-
2054 1791 2102 1856 B
2141 1785 2160 1810 ι
2197 1762 2338 1830 (Ose.
2373 1779 2412 1829 ι,
2445 1763 2521 1832 6).
2550 1783 2571 1812 ι
2601 1762 2768 1829 Huic,
2809 1762 3074 1834 inquam,
3099 1761 3314 1856 populo
3355 1762 3415 1817 in
3463 1778 3703 1856 magna,
3735 1766 3800 1817 et

381 1883 403 1910 ι
440 1877 591 1928 mos,
623 1863 682 1915 ct
714 1858 949 1914 fortium
981 1856 1198 1912 dividet
1228 1855 1433 1927 spolia,
1458 1871 1562 1926 pro
1594 1870 1659 1908 eo
1679 1854 1835 1925 quod
1868 1853 2029 1908 dedit

382 1973 403 2000 ι
439 1949 499 2005 in
551 1953 740 2004 morte
788 1947 1047 2002 animam
1096 1961 1265 2001 suam
1296 1949 1459 2013 (vers.
1496 1945 1602 2011 12),
1640 1966 1660 1990 ι»
1697 1946 1754 1997 et
1801 1946 2024 1997 caetera.

379 2039 464 2094 Ita
485 2042 804 2108 utrumque
835 2035 1269 2108 prophetatum,
1294 2037 1352 2087 et
1373 2036 1689 2102 utrumque
1719 2034 1808 2085 est
1824 2046 2026 2085 verum

378 2126 438 2180 in
469 2125 722 2192 Christo,
755 2128 812 2179 et
850 2140 1009 2178 mors
1055 2123 1127 2178 ad
1173 2125 1443 2192 tempus;
1475 2125 1534 2175 et
1561 2122 1714 2191 'post
1755 2124 2025 2188 mortem,

385 2212 832 2269 resurrectionis
861 2210 1048 2284 gloria
1093 2210 1152 2264 in
1204 2213 1507 2265 azternum.
1541 2210 1622 2265 De
1670 2225 1784 2280 quo
1831 2211 2027 2263 autem

379 2302 492 2360 alio
523 2301 754 2357 Christo
785 2299 984 2356 Daniel
1015 2298 1299 2371 propheta
1320 2298 1511 2354 dicere
1540 2297 1826 2370 potuisset
1850 2313 1896 2352 τι
1930 2298 2030 2352 As-

384 2413 408 2442 ι
446 2390 734 2463 piciebam
767 2388 827 2443 in
847 2388 1071 2444 visione
1102 2404 1233 2442 mea
1261 2392 1458 2453 nocte;
1483 2391 1539 2441 et
1557 2403 1687 2443 ecce
1707 2403 1840 2442 cum
1863 2385 2029 2440 nubi-

382 2502 403 2530 ι
441 2481 552 2536 bus
589 2477 757 2550 quasi
791 2477 950 2533 ﬁlius
985 2477 1243 2533 hominis
1267 2476 1714 2545 veniebat(Da-n.
1739 2476 1969 2543 v11,13).
1992 2493 2020 2526 ι

381 2573 441 2624 et
471 2572 708 2633 caetera;
741 2566 856 2623 nisi
888 2568 958 2622 de
986 2566 1084 2622 illo
1117 2566 1216 2638 qui
1260 2566 1333 2620 ab
1364 2563 1493 2621 istis
1525 2569 1614 2620 est
1641 2564 2027 2636 reprobatus?

381 2657 546 2713 Sicut
575 2655 634 2711 in
664 2655 779 2712 alia
805 2655 1027 2711 visione
1049 2656 1227 2727 (quod
1258 2660 1314 2711 et
1352 2672 1529 2727 supra
1561 2653 1840 2722 diximus)
1869 2654 2024 2709 idem

377 2745 578 2802 Daniel
613 2743 987 2817 praenuntiat,
1011 2745 1213 2801 dicens
1237 2761 1285 2799 ει
1308 2746 1376 2799 Et
1394 2747 1538 2815 post
1557 2742 1860 2815 sexaginta
1879 2743 2026 2798 duas

379 2853 404 2884 ι
439 2834 838 2890 hebdomadas
870 2833 1166 2888 occidetur
1183 2833 1450 2888 Christus
1477 2849 1488 2888 :
1514 2835 1571 2888 et
1603 2848 1718 2887 non
1759 2830 1868 2887 erit
1896 2832 2024 2900 ejus

379 2942 401 2972 ι
435 2921 688 2996 populus
724 2938 736 2977 :
771 2925 827 2978 et
857 2921 1149 2977 civitatem
1181 2926 1238 2978 et
1281 2921 1681 2978 sanctuarium
1713 2919 2025 2992 dissipabit
2066 2942 2068 2944 ·

377 3035 399 3062 ιι
434 3009 689 3084 populus
720 3027 854 3066 cum
885 3011 1032 3066 duce
1069 3015 1310 3067 venturo
1342 3011 1500 3080 (Ibid.
1535 3028 1610 3076 Ix,
1642 3009 1754 3081 26).
1781 3032 1803 3060 ιι

442 3101 610 3156 XXII.
634 3100 742 3156 Ubi
765 3103 964 3155 autem
987 3116 1252 3171 unquam
1282 3100 1547 3170 legerunt
1576 3098 1823 3154 alterum
1855 3115 2023 3169 pseu-

372 3188 738 3244 dochristum
779 3205 976 3254 suum,
1011 3205 1184 3260 quem
1227 3187 1536 3243 nominant
1582 3187 1858 3242 messiam
1909 3187 2019 3242 ben

370 3277 694 3349 Ephraim?
744 3277 886 3343 Quis
931 3276 1248 3348 aliquando
1277 3275 1714 3348 prophetarum,
1747 3292 1814 3330 ex
1863 3275 2018 3332 tribu

367 3365 645 3439 Ephraim
680 3366 954 3422 Messiam
985 3370 1297 3422 venturum
1327 3381 1455 3420 esse
1488 3364 1789 3436 praedixit?
1819 3365 2021 3420 Nonne

367 3459 425 3512 et
469 3455 649 3510 Jacob
702 3455 1055 3526 patriarcha,
1089 3454 1148 3509 in
1199 3452 1704 3509 benedictionibus
1763 3452 2018 3508 filiorum

367 3560 634 3610 suorum,
677 3547 735 3598 ot
787 3559 993 3599 omnes
1051 3543 1324 3615 deinceps
1383 3541 1699 3614 prophetae,
1743 3543 1816 3596 de
1862 3541 2019 3597 tribu

365 3634 524 3691 Juda
553 3636 610 3688 et
637 3634 708 3689 de
730 3633 902 3689 domo
925 3631 1103 3688 David
1127 3648 1260 3687 cum
1283 3635 1593 3687 venturum
1619 3630 1812 3686 testati
1844 3631 2020 3686 sunt?

365 3723 570 3779 Nonne
600 3721 925 3779 clarissime
955 3724 1216 3794 apparet,
1240 3719 1379 3792 quia
1422 3719 1531 3775 hoc
1574 3718 1751 3775 nimis
1783 3724 2019 3774 conten-

366 3813 518 3868 tiosa
548 3816 604 3867 ct
633 3829 784 3868 cmca
826 3811 1145 3884 impietatis
1195 3810 1512 3867 obstinatio
1561 3807 1923 3880 excogitavit,
1957 3813 2021 3863 ut

364 3917 431 3956 eo
462 3900 587 3955 loco
618 3901 718 3954 ubi
737 3902 891 3971 apud
914 3900 1249 3956 Zachariam
1281 3899 1628 3970 prophetam
1651 3897 2020 3969 apertissime

366 3989 438 4042 de
469 3987 724 4053 Christo,
759 3989 856 4058 qui
891 3989 962 4042 ab
1009 3989 1092 4042 eis
1133 3989 1447 4043 cruciﬁxus
1479 3991 1586 4055 est,
1611 3987 1860 4060 legitur:
1893 4011 1912 4035 α
1950 3988 2020 4042 Et

371 4097 394 4125 ι
428 4074 712 4146 plangant
740 4090 875 4129 eum
908 4075 1147 4145 planctu
1179 4077 1345 4147 quasi
1391 4094 1567 4148 super
1596 4075 1965 4149 unigenitum
2002 4094 2014 4131 :

371 4183 393 4210 ι
430 4166 488 4216 et
517 4159 801 4216 dolebunt
840 4177 1017 4232 super
1063 4179 1150 4229 eo,
1186 4167 1250 4217 ut
1299 4163 1478 4217 doleri
1529 4164 1674 4218 solet
1720 4164 1778 4218 in
1835 4168 2020 4219 morte

372 4272 394 4301 α
431 4249 804 4322 primogeniti
841 4247 1025 4319 (Zach.
1067 4267 1167 4317 xu,
1213 4247 1329 4318 10);
1360 4271 1382 4300 ι
1419 4267 1488 4306 ex
1534 4252 1837 4307 occasione
1885 4252 2017 4307 illo-

367 4355 499 4394 rum
545 4339 855 4394 verborum
905 4338 1158 4405 Domini,
1205 4338 1422 4410 quibus
1470 4338 1531 4392 in
1576 4338 1829 4394 Jeremia
1876 4340 2018 4394 diei-

366 4433 464 4483 tur
495 4445 508 4483 :
541 4447 563 4476 ε
598 4428 746 4494 Quia
792 4429 981 4485 factus
1015 4445 1149 4483 sum
1179 4426 1380 4483 Israeli
1430 4431 1612 4500 pater,
1639 4432 1695 4482 et
1741 4427 2016 4499 Ephraim

367 4516 794 4590 primogenitus
853 4533 1020 4573 meus
1079 4522 1169 4572 est
1223 4517 1440 4586 (Jerem.
1493 4533 1644 4584 xxxx,
1683 4516 1770 4588 9);
1821 4539 1848 4566 ››

366 4605 528 4660 illius
575 4606 673 4677 qui
725 4622 854 4662 vere
905 4611 995 4662 est
1031 4606 1316 4674 Christus,
1350 4607 1449 4661 sed
1501 4605 1742 4661 alterius
1793 4607 1895 4678 qui
1943 4608 2015 4664 ab

365 4693 496 4748 istis
525 4697 614 4748 est
641 4694 946 4761 confictus,
983 4695 1196 4750 occisio
1228 4693 1602 4767 intelligitur,
1633 4697 1697 4749 ut
1727 4697 2013 4766 quantum

364 4783 424 4837 in
458 4782 602 4854 ipsis
633 4786 739 4850 est,
760 4797 896 4837 vera
932 4783 1146 4838 Christi
1185 4783 1380 4854 passio
1429 4788 1756 4839 evacuetnr.
1793 4784 2014 4855 Legant

365 4871 546 4927 libros
578 4870 1018 4944 prophetarum,
1043 4875 1101 4926 et
1141 4870 1393 4927 maxime
1422 4872 1567 4928 Osee
1614 4872 1958 4945 prophetam
1994 4889 2007 4928 :

363 4966 422 5015 et
448 4960 682 5016 videant
702 4960 902 5015 decem
925 4959 1115 5015 tribus
1138 4958 1334 5030 populi
1354 4961 1675 5030 Israelitici,
1699 4965 2011 5034 postquam

365 5050 561 5105 scissa:
583 5054 723 5105 sunt
745 5067 779 5105 a
799 5049 972 5104 domo
995 5049 1196 5116 David,
1221 5053 1279 5104 et
1300 5065 1491 5121 regem
1515 5049 1628 5105 sibi
1659 5050 1718 5104 in
1749 5051 2015 5106 Samaria

365 5139 794 5193 constituerunt
848 5139 1157 5194 Jeroboam
1217 5137 1405 5192 [ilium
1459 5139 1706 5205 Nabath,
1741 5157 1810 5195 ex
1855 5141 2012 5196 tribu

367 5224 674 5295 Ephraim;
708 5227 1073 5299 frequentius
1094 5243 1215 5295 eas,
1239 5230 1475 5298 propter
1495 5227 1736 5283 domum
1768 5229 2010 5301 regiam,

367 5331 495 5384 qua:
526 5315 679 5384 apud
714 5331 810 5370 eos
840 5333 908 5371 ex
939 5316 1214 5388 Ephraim
1247 5315 1456 5387 cmpit:
1491 5320 1547 5371 et
1576 5317 1856 5387 majorem
1889 5335 2015 5390 par-

367 5405 483 5455 tem
517 5401 712 5471 populi
765 5404 938 5458 Israel
968 5422 1094 5476 qua:
1146 5406 1300 5477 apud
1352 5404 1513 5478 ipsos
1563 5409 1702 5475 erat,
1734 5406 2014 5478 appellari

367 5488 669 5560 Ephraim,
701 5494 758 5544 et
789 5492 993 5559 Israel;
1035 5494 1188 5548 sicut
1217 5498 1273 5548 et
1303 5493 1403 5548 illa
1450 5511 1586 5566 pars
1633 5494 1852 5566 populi,
1887 5513 2012 5567 quae

368 5577 654 5634 remansit
676 5593 810 5633 cum
837 5580 1008 5634 domo
1040 5581 1238 5648 David,
1265 5587 1498 5654 propter
1519 5584 1759 5640 domum
1793 5585 2012 5658 regiam

2135 1867 2267 1907 vere
2290 1867 2504 1924 magna
2521 1851 2920 1907 consolatione
2945 1850 3325 1923 promittitur,
3341 1852 3496 1924 quod
3519 1850 3620 1922 qui
3649 1855 3802 1906 tem-

2137 1938 2354 2010 paratis
2375 1939 2728 2010 captivitatis
2750 1940 2896 2012 jugo
2928 1957 3231 2012 nunquam
3263 1944 3523 1996 meretur
3545 1938 3798 2006 absolvi,

2137 2028 2196 2082 in
2229 2029 2480 2084 adventu
2524 2027 2756 2083 Domini
2795 2027 3132 2094 Salvatoris,
3166 2028 3214 2083 si
3265 2027 3325 2084 in
3370 2046 3505 2084 eum
3555 2030 3801 2084 credere

2135 2115 2404 2188 voluerit,
2435 2121 2660 2172 tantam
2701 2117 2945 2188 recipiat
2976 2116 3336 2185 felicitatem,
3371 2121 3436 2172 ut
3484 2119 3588 2173 ﬁat
3637 2118 3801 2173 Deus

2140 2205 2335 2261 Israeli
2377 2210 2560 2278 pater,
2591 2211 2649 2260 et
2693 2204 2971 2278 Ephraim
3019 2206 3444 2279 primogenitus
3491 2207 3621 2278 ejus
3671 2206 3797 2262 sit:

2137 2311 2490 2367 recuperans
2509 2294 2795 2361 videlicet,
2810 2293 2973 2350 illam
2992 2294 3442 2368 gloriam,quam
3461 2293 3801 2366 antiquitus

2137 2400 2206 2438 ex
2236 2385 2476 2456 ngypto
2509 2383 2794 2440 liberatus
2824 2388 3151 2456 acceperat:
3188 2383 3414 2440 dicente
3443 2383 3692 2439 Domino
3717 2383 3799 2438 ad

2137 2473 2496 2528 Pharaonem
2531 2491 2543 2528 :
2577 2492 2599 2521 ι
2635 2472 2816 2528 Filius
2861 2472 3287 2545 primogenitus
3336 2488 3504 2528 meus
3558 2472 3745 2528 Israel
3783 2488 3797 2528 :

2140 2583 2163 2612 α
2199 2561 2429 2617 dimitte
2458 2578 2614 2629 eum,
2640 2564 2705 2617 ut
2734 2561 2948 2617 serviat
2972 2561 3114 2616 mihi
3137 2561 3329 2630 (Exod.
3354 2579 3433 2632 ιν,
3454 2565 3544 2630 22,
3567 2561 3681 2633 23).
3708 2587 3736 2614 ι

2205 2651 2398 2708 XXIII.
2424 2651 2570 2706 Cum
2601 2651 2800 2724 itaque
2820 2656 2941 2708 tam
2963 2650 3120 2707 clara
3139 2651 3217 2707 sit
3244 2652 3424 2724 hujus
3446 2651 3527 2706 rei
3548 2652 3796 2724 veritas,

2135 2757 2241 2795 cur
2269 2740 2380 2795 sibi
2411 2739 2522 2812 ipsi
2555 2741 2625 2795 de
2663 2739 2792 2796 luce
2821 2740 3095 2795 tenebras
3133 2740 3398 2796 faciunt?
3426 2740 3544 2795 Cur
3566 2740 3800 2797 audent

2134 2828 2344 2897 dicere,
2378 2845 2447 2884 ex
2473 2828 2750 2900 Ephraim
2800 2828 2997 2883 nescio
3028 2845 3203 2900 quem
3248 2828 3545 2897 Messiam,
3579 2828 3639 2883 id
3672 2833 3796 2897 est,

2133 2919 2423 2974 unctum?
2452 2919 2740 2990 Nunquid
2777 2917 2936 2974 enim
2984 2917 3119 2989 quia
3171 2918 3622 2990 primogenitus,
3655 2919 3798 2974 ideo

2133 3007 2309 3062 etiam
2353 3011 2611 3063 unctus?
2658 3023 2792 3062 cum
2839 3007 2911 3062 de
2958 3005 3116 3062 omni
3173 3006 3522 3079 generaliter
3567 3010 3800 3080 porum

2133 3095 2354 3152 dictum
2390 3095 2466 3150 sit
2489 3112 2538 3149 ει
2565 3094 2744 3152 Filius
2776 3094 3203 3168 primogenitus
3233 3111 3402 3151 meus
3431 3095 3609 3151 Israel
3636 3113 3650 3152 :
3682 3120 3704 3143 -
3739 3101 3802 3152 ot

2132 3189 2327 3240 tamen
2360 3183 2655 3240 unctionis
2686 3183 2931 3257 gloriam
2965 3187 3174 3255 praeter
3196 3184 3436 3240 domum
3459 3186 3800 3242 sacerdota.

2127 3274 2242 3329 lem
2273 3278 2332 3330 et
2362 3274 2603 3328 domum
2635 3271 2854 3345 regiam
2877 3289 2992 3328 non
3025 3272 3284 3344 accepit?
3303 3273 3560 3329 Audiant
3581 3279 3799 3331 contra

2129 3379 2386 3418 errorem
2418 3378 2616 3427 suum,
2641 3361 2818 3427 etiam
2865 3364 3179 3433 antequam
3213 3360 3314 3417 illa
3345 3362 3552 3418 divisio
3579 3364 3796 3435 populi

2129 3453 2292 3506 fieret
2322 3451 2431 3506 sub
2465 3451 2721 3507 Roboam
2747 3450 2866 3506 ﬁlio
2896 3450 3246 3518 Salomonis,
3272 3450 3568 3523 psalmum
3591 3451 3798 3508 dicen-

2127 3543 2267 3606 tem,
2282 3543 2340 3594 et
2358 3540 2516 3595 unde
2537 3555 2708 3594 verus
2726 3537 2989 3594 Salvator
3003 3540 3430 3611 exspectandus
3447 3544 3603 3596 esset
3623 3558 3799 3613 aper-

2127 3629 2355 3684 tissime
2385 3631 2804 3700 protestantem
2835 3645 2848 3683 :
2879 3650 2899 3676 ι
2937 3628 3007 3682 Et
3036 3628 3300 3699 projecit,
3335 3628 3547 3701 inquit,
3580 3630 3794 3687 taber-

2135 3738 2157 3766 ι
2191 3717 2468 3773 naculum
2490 3716 2728 3789 Josepb,
2751 3721 2811 3771 et
2844 3716 3066 3771 tribum
3105 3716 3384 3788 Ephraim
3419 3735 3533 3774 non
3557 3718 3745 3792 elegit
3779 3737 3793 3776 :

2135 3827 2157 3856 α
2191 3807 2292 3862 sed
2316 3805 2491 3878 elegit
2514 3806 2774 3874 tribuum
2805 3806 2835 3861 J
2844 3806 2958 3860 uda
2976 3807 3147 3874 (Psal.
3173 3823 3377 3874 Lxxvn,
3399 3808 3491 3873 67,
3511 3807 3626 3879 68).
3655 3830 3677 3856 ιι
3723 3811 3800 3865 Et

2128 3899 2258 3968 post
2279 3911 2467 3966 pauca
2493 3912 2505 3949 :
2538 3917 2557 3943 α
2584 3895 2655 3949 Et
2684 3893 2858 3964 elegit
2885 3893 3065 3948 David
3097 3910 3330 3949 servum
3351 3912 3548 3963 suum,
3570 3901 3630 3952 ct
3649 3899 3802 3956 tulit

2133 4008 2155 4035 ι
2190 4001 2321 4040 eum
2349 3985 2419 4038 de
2441 3983 2720 4056 gregibus
2736 3982 2951 4050 ovium,
2968 3986 3309 4054 sequentem
3328 3984 3494 4040 {mtas
3509 3989 3673 4054 (vers.
3690 3988 3798 4056 70,

2133 4098 2154 4125 α
2187 4077 2334 4143 71).»
2359 4072 2615 4129 Adduxit
2643 4088 2777 4127 eum
2809 4076 2875 4126 ut
2904 4077 3167 4144 pasceret
3195 4073 3254 4127 in
3286 4073 3464 4129 Jacob
3498 4074 3798 4146 populum

2127 4167 2276 4238 ejus,
2310 4170 2367 4221 et
2412 4165 2472 4218 in
2521 4163 2698 4220 Israel
2749 4163 3148 4219 haereditatem
3201 4163 3350 4234 ejus.
3383 4164 3464 4221 De
3506 4167 3802 4237 gentibus

2129 4258 2322 4309 autem
2355 4254 2480 4326 Gog
2499 4257 2557 4308 et
2579 4253 2810 4325 Magog,
2834 4251 2988 4307 sicut
3016 4255 3073 4308 et
3093 4253 3164 4307 de
3194 4252 3416 4308 caeteris
3446 4254 3804 4326 promissio-

2128 4343 2324 4410 nibus,
2359 4346 2416 4397 et
2441 4341 2998 4397 comminationibus
3030 4341 3408 4413 propheticis,
3444 4359 3570 4414 quae
3602 4343 3801 4403 nimis

2127 4431 2373 4486 obscure
2411 4431 2613 4502 posita:
2660 4434 2819 4498 sunt,
2851 4447 2986 4485 cum
3036 4430 3165 4485 istis
3215 4429 3437 4502 aliquid
3477 4431 3801 4505 disputare

1904 4535 2017 4573 non
2046 4523 2098 4592 D
2126 4519 2270 4575 velle
2300 4518 2480 4574 nimis
2509 4517 2772 4590 ineptum
2800 4522 2889 4575 est
2913 4535 2925 4573 :
2951 4518 3214 4592 quandiu
3245 4519 3366 4575 haec
3394 4525 3516 4576 tam
3544 4539 3708 4592 vera,
3733 4528 3800 4580 et.

2125 4615 2244 4668 tam
2277 4610 2609 4678 manifesta,
2633 4614 2691 4666 et
2711 4609 2770 4666 in
2803 4612 3018 4684 quibus
3047 4616 3171 4668 tota
3198 4611 3359 4668 salus
3389 4616 3622 4668 constat
3651 4629 3803 4669 con-

2125 4705 2416 4756 temnunt.
2443 4702 2803 4772 Quocunque
2825 4701 2981 4757 enim
3007 4703 3179 4758 modo
3202 4701 3302 4757 illa
3321 4700 3714 4774 intelligenda
3737 4707 3802 4759 et

2124 4789 2462 4862 accipienda
2494 4788 2631 4858 sint,
2657 4789 2770 4845 nisi
2803 4789 3063 4862 primum
3093 4789 3207 4846 ista
3239 4789 3491 4846 ﬁdeliter
3515 4807 3802 4864 suscepe-

2121 4877 2261 4943 rint,
2290 4876 2432 4933 salvi
2464 4892 2593 4933 esse
2622 4893 2738 4932 non
2773 4881 3041 4948 possunt.

2193 4965 2381 5021 XXIV.
2415 4967 2484 5021 Et
2515 4965 2655 5038 quia
2694 4966 2766 5021 de
2817 4965 2982 5022 falsis
3013 4969 3069 5022 et
3099 4967 3266 5022 caecis
3307 4967 3652 5024 Judaaorum
3683 4970 3806 5026 do-

2122 5054 2380 5111 ctoribus
2413 5054 2580 5110 nobis
2610 5071 2802 5112 sermo
2832 5060 2944 5123 est,
2971 5055 3042 5111 de
3083 5055 3302 5128 quibus
3345 5056 3638 5114 Dominus
3668 5062 3805 5116 tes-

2126 5148 2299 5212 tatur,
2324 5143 2525 5199 dicens
2543 5161 2556 5200 :
2571 5165 2592 5192 α
2613 5143 2818 5201 Omnis
2839 5143 3143 5216 plantatio,
3161 5161 3338 5216 quam
3358 5163 3472 5201 non
3496 5145 3810 5218 plantavit

2129 5255 2152 5284 α
2188 5234 2356 5288 Pater
2399 5250 2566 5289 meus
2612 5233 2888 5303 ccelestis,
2921 5234 3337 5290 eradicabitur.
3373 5234 3560 5291 Sinite
3601 5235 3748 5292 illos
3792 5256 3809 5295 :

2129 5344 2151 5373 α
2185 5323 2320 5378 cazci
2351 5327 2490 5378 sunt
2515 5323 2693 5378 duces
2723 5338 3009 5379 caecorum
3045 5340 3058 5379 :
3093 5339 3282 5379 caecus
3317 5327 3516 5381 autem
3548 5325 3598 5381 si
3632 5342 3808 5384 caeco

2128 5435 2149 5462 α
2184 5413 2464 5468 ducatum
2489 5413 2740 5484 praastet,
2763 5412 2935 5468 ambo
2966 5411 3026 5468 in
3058 5412 3280 5469 foveam
3316 5414 3537 5470 cadunt
3571 5413 3808 5485 (Matth.

2127 5523 2149 5551 α
2183 5518 2275 5568 xv,
2310 5502 2400 5567 13,
2434 5501 2550 5568 14);
2586 5499 2838 5556 breviter
2882 5502 3320 5558 admonendum
3371 5506 3679 5574 putamus.
3725 5511 3810 5563 ut

2123 5591 2298 5646 etiam
2329 5588 2463 5644 libri
2501 5588 2760 5660 Josephi,
2795 5593 2850 5645 et
2890 5589 3148 5647 Philonis
3177 5591 3304 5664 (qui
3335 5591 3607 5649 homines
3647 5595 3808 5665 qui-
