4120 6184
445 299 562 386 559

1663 323 2066 388 AM‘U'LON‘IS
2109 327 2356 391 EPISC.
2402 329 2634 428 LUGD:

3740 325 3850 390 ιω

445 457 716 531 <«thuia
736 458 846 514 erit
866 457 924 514 in
958 457 1080 514 viro
1111 460 1412 530 peccatum
1450 455 1745 530 judicium
1777 457 2005 529 mortis,
2036 461 2094 514 et
2119 458 2174 526 Α
2208 481 2236 511 ‹‹
2267 464 2323 517 et
2353 463 2699 533 potestatem
2732 458 2916 515 habeo
2947 457 3158 514 iterum
3190 458 3466 514 sumendi.
3489 475 3640 515 eam.
3674 459 3851 517 Nemo

442 549 746 616 morietur,
779 553 837 604 et
865 549 1190 620 suspendes
1221 565 1354 603 eum
1386 547 1444 602 in
1477 547 1653 619 ligno.
1690 548 1813 603 Non
1845 548 2095 604 dormiet

441 637 818 695 morticinum
855 639 984 708 ejus
1018 654 1195 708 super
1222 636 1471 708 lignum,
1505 636 1644 708 quia
1673 637 1980 708 sepultura
2010 654 2092 692 se-

439 728 617 802 pelies
640 744 776 782 eum
800 726 856 781 in
881 727 973 780 die
996 727 1120 797 ipso
1145 743 1158 780 :
1189 725 1327 797 quia
1350 725 1680 782 maledictio
1704 725 1804 780 Dei
1837 730 1926 781 est
1954 743 2090 782 sus-

439 834 679 891 pensus,
702 820 759 873 et
790 834 906 871 non
939 814 1365 870 contaminabit
1422 818 1638 869 terram
1697 818 1880 880 tuam,
1915 831 2092 885 quam

438 907 722 964 Dominus
744 905 902 960 Deus
923 909 1062 959 tuus
1084 903 1249 959 dabit
1282 903 1386 958 tibi
1415 903 1774 958 lueredi‘lare.
1796 925 1821 952 ››
1860 901 1965 957 Ubi
1997 920 2094 957 au-

437 1002 555 1053 tem
616 996 907 1067 interpres
971 994 1079 1048 iste
1137 991 1336 1064 posuit
1381 1015 1408 1042 «
1440 1009 1555 1046 non
1614 992 1946 1059 dormiet,»
1993 991 2088 1046 alii

437 1089 762 1161 posuerunt
799 1107 826 1134 ‹‹
849 1101 964 1138 non
998 1081 1382 1154 pernoctabit,
1416 1103 1443 1131 υ
1482 1081 1600 1136 sive
1635 1102 1662 1130 «
1693 1098 1807 1136 non
1835 1098 2089 1135 commo-

437 1175 684 1242 rabitur,
719 1196 746 1224 ››
783 1176 884 1227 aut
930 1195 956 1221 ‹‹
984 1190 1097 1226 non
1131 1171 1570 1242 permanebit.»
1616 1172 1684 1226 Et
1715 1171 1811 1225 ubi
1847 1171 1955 1225 iste
1985 1187 2090 1241 po-

439 1265 578 1332 suit,
603 1285 630 1314 «
655 1261 1033 1318 morticinum
1057 1261 1205 1330 ejus,
1231 1281 1251 1310 »
1281 1260 1470 1316 caeteri
1488 1259 1915 1315 transtulerunt
1947 1281 1974 1308 ‹‹
2005 1276 2094 1314 ca-

439 1355 613 1410 daver
642 1353 790 1424 ejus,
816 1373 843 1402 »
880 1350 999 1406 sive
1034 1372 1061 1400 ‹‹
1094 1367 1306 1422 corpus
1354 1349 1501 1420 ejus.
1533 1372 1552 1397 n
1588 1351 1796 1421 Aperte
1825 1349 2007 1422 igitur
2037 1353 2094 1404 et

437 1441 787 1500 mirabiliter
813 1441 874 1496 in
907 1439 999 1495 his
1030 1439 1240 1506 verbis,
1275 1456 1378 1510 per
1426 1437 1874 1494 similitudinem
1901 1437 2090 1494 crucis

435 1531 700 1606 patibulo
731 1531 1173 1597 damnatorum,
1196 1527 1427 1584 Domini
1459 1530 1601 1585 Jesu
1633 1527 1844 1583 Christi
1873 1527 2090 1599 passio,

437 1623 537 1695 qui
561 1639 663 1694 pro
687 1619 941 1692 peccatis
972 1618 1190 1672 nostris
1219 1635 1353 1672 cum
1384 1616 1602 1690 iniquis
1645 1617 1763 1672 sive
1794 1616 2092 1672 sceleratis

435 1715 743 1784 reputatae
777 1712 884 1776 est,
919 1707 1303 1780 prophetatur
1337 1723 1348 1761 :
1383 1710 1440 1761 et
1481 1708 1634 1778 quod
1668 1705 1729 1761 in
1760 1706 1858 1761 illo
1891 1707 1960 1760 de
1991 1704 2090 1760 illo

435 1804 701 1857 futurum
734 1801 879 1863 erat,
913 1795 1194 1867 tanquam
1228 1812 1357 1851 vere
1389 1795 1652 1851 futurum
1687 1797 2086 1863 confirmatur,

432 1895 491 1948 et
511 1887 981 1950 commendatur,
1001 1901 1135 1939 cum
1167 1883 1417 1939 dicitur:
1455 1906 1482 1934 «
1505 1886 1574 1940 Et
1605 1884 1746 1956 quia
1772 1885 1883 1940 erit
1913 1885 1970 1939 in
2001 1883 2094 1938 vi~

432 1996 563 2037 rum
590 1981 894 2050 peccatum
911 1973 1204 2046 judicium
1227 1975 1453 2043 mortis,
1474 1978 1530 2028 et
1553 1974 1868 2030 morietur:
1893 1978 1948 2030 et
1969 1992 2095 2030 sus-

433 2068 654 2143 pendes
686 2081 820 2120 eum
850 2063 909 2118 in
932 2063 1111 2137 ligno,
1143 2084 1162 2111 n
1189 2067 1322 2132 etc.,
1343 2063 1498 2133 quod
1532 2066 1719 2118 totum
1752 2081 1868 2118 non
1899 2063 2093 2119 ambi—

433 2157 625 2232 gentis
657 2155 759 2211 sed
793 2152 1204 2225 prophetantis
1225 2153 1398 2208 modo
1421 2151 1831 2225 ponitur.Cum
1850 2169 1986 2226 ergo
2009 2152 2093 2207 di-

433 2247 548 2304 cit:
588 2245 706 2299 «Et
737 2241 876 2314 quia
906 2241 1018 2298 erit
1040 2240 1099 2295 in
1141 2241 1261 2296 viro
1296 2245 1623 2313 peccatum,
1653 2263 1680 2292 η
1717 2241 1857 2314 quid
1889 2246 1979 2298 est
2004 2242 2092 2296 in-

430 2332 855 2408 telligendum?
873 2331 998 2387 Non
1022 2330 1224 2401 utique
1245 2347 1420 2384 suum
1448 2348 1462 2398 ;
1489 2330 1628 2402 quia
1657 2334 1750 2399 (ut
1778 2330 1929 2386 alius
1966 2348 2093 2402 pro-

433 2425 612 2498 pheta
641 2421 913 2493 testatur)
949 2419 1319 2492 iniquitatem
1353 2437 1468 2475 non
1500 2419 1635 2476 fecit
1659 2436 1672 2474 :
1699 2437 1887 2492 neque
1918 2420 2088 2477 dolus

431 2514 543 2572 fuit
574 2514 634 2568 in
667 2527 764 2568 ore
795 2513 944 2582 ejus,
975 2510 1074 2565 sed
1105 2509 1369 2566 omnium
1403 2513 1671 2564 nostrum
1697 2526 1711 2578 ;
1749 2509 1904 2566 sicut
1933 2509 2087 2564 idem

431 2603 716 2677 propheta
738 2600 905 2656 dicit:
945 2621 971 2650 ‹‹
998 2599 1213 2655 Omnes
1244 2615 1350 2654 nos
1377 2597 1547 2671 quasi
1577 2616 1710 2655 oves
1741 2598 2083 2655 erravimus:

439 2715 467 2743 ι(
500 2689 980 2762 unusquisquein
992 2688 1146 2743 viam
1164 2688 1502 2744 declinavit:
1518 2688 1869 2745 etDominus
1891 2689 2088 2761 posuit

434 2805 462 2834 «ι
493 2782 553 2836 in
579 2798 646 2836 eo
667 2779 1037 2852 iniquitatem
1067 2777 1330 2834 omnium
1366 2781 1629 2834 nostrum
1654 2779 1784 2850 (15a.
1809 2794 1926 2846 Lm,
1951 2780 2028 2847 6).
2052 2801 2080 2830 »

434 2873 506 2929 Et
527 2873 733 2927 beatus
763 2868 1064 2942 apostolus
1097 2869 1301 2924 Petrus
1337 2885 1349 2924 :
1397 2889 1425 2918 ‹‹
1454 2867 1560 2934 Qui
1591 2873 1830 2940 peccata
1848 2869 2083 2941 (inquit)

431 2983 458 3013 α
493 2965 694 3017 nostra
731 2959 856 3033 ipse
885 2957 1126 3030 pertulit
1151 2957 1210 3012 in
1243 2974 1482 3029 corpore
1513 2975 1618 3014 suo
1649 2974 1825 3030 super
1852 2958 2079 3031 lignum

433 3074 454 3100 ιι
485 3055 532 3120 (1
564 3053 710 3106 Petr.
737 3065 797 3116 ι-ι,
819 3049 967 3120 24).»
995 3047 1158 3104 Unde
1179 3051 1237 3102 et
1258 3051 1409 3102 recte
1432 3047 1722 3119 sequitur:
1741 3047 2078 3104 «Judicium

2206 572 2234 600 «
2266 550 2419 604 tollit
2466 565 2595 605 eam
2627 566 2663 605 a
2693 565 2806 615 me,
2841 549 2941 604 sed
2994 564 3099 621 ego
3149 564 3302 618 pono
3352 564 3505 621 eam,
3537 552 3595 604 et.
3641 548 3851 605 iterum

2207 661 2232 688 ‹‹
2266 655 2436 694 sumo
2457 654 2586 694 eam
2609 637 2785 711 (Joan.
2809 655 2863 705 x,
2891 638 3036 706 18).»
3073 637 3142 691 Et
3172 636 3230 691 in
3260 628 3489 693 Psalmo
3522 637 3603 693 ait
3637 653 3650 694 :
3688 659 3716 688 «
3750 639 3852 694 Fa-

2205 751 2233 778 «ι
2266 733 2397 783 ctus
2417 745 2548 782 sum
2573 727 2728 783 sicut
2752 727 2926 782 homo
2949 726 3077 781 sine
3099 725 3569 796 adjutorio,inter
3593 730 3853 784 mortuos

2207 839 2233 866 ‹‹
2265 816 2414 872 liber
2435 817 2604 886 (Psal.
2631 833 2873 886 Lxxxvn,
2897 817 2972 882 5).
2999 837 3024 863 ››
3051 815 3120 868 Et
3141 814 3351 868 iterum
3377 831 3388 869 :
3417 837 3444 864 α
3467 815 3584 886 Ego
3605 814 3851 870 dormivi

2206 929 2233 956 ‹‹
2265 907 2435 974 (Psal.
2471 923 2556 974 ιιι,
2577 907 2673 974 6);
2699 926 2726 955 ››
2771 905 2829 959 id
2869 908 2976 971 est,
3003 921 3118 959 non
3169 903 3319 958 mihi
3347 903 3649 970 insultent,
3683 905 3852 976 quasi

2200 995 2475 1050 violentia
2529 1010 2733 1050 eorum
2793 993 3022 1049 occisus
3078 992 3212 1047 sim.
3243 993 3361 1064 Ego
3420 991 3710 1048 dormivi:
3746 1009 3850 1065 ego

2201 1102 2332 1140 mea
2362 1089 2588 1156 sponte,
2623 1100 2754 1138 mea
2782 1085 3086 1155 potestate,
3120 1081 3353 1154 quando
3392 1081 3547 1137 volui
3580 1087 3850 1140 mortuus

2202 1192 2351 1251 sum.
2382 1175 2470 1229 Ita-
2491 1171 2837 1229 mirabiliter
2869 1176 2926 1228 et
2957 1170 3258 1227 morientis
3289 1175 3546 1243 potestas
3575 1176 3664 1227 est
3690 1188 3850 1228 com-

2201 1261 3052 1334 menclata,etpersequentium
3076 1259 3421 1317 saevitianon
3441 1264 3531 1317 est
3549 1266 3845 1317 excusata.

2202 1351 2479 1424 Sequitur
2509 1351 2830 1423 Scriptura,
2856 1351 3092 1406 dicens:
3123 1371 3150 1399 ‹‹
3174 1349 3298 1406 Non
3321 1348 3570 1405 dormiet
3599 1350 3853 1406 mortici-

2204 1465 2230 1493 ‹‹
2245 1459 2386 1497 num
2402 1442 2530 1514 ejus
2543 1440 2977 1512 superlignum;
2997 1438 3136 1511 quia
3147 1437 3702 1511 sepultura-sepelies
3715 1455 3851 1496 eum

2206 1554 2226 1584 ι
2252 1533 2310 1587 in
2351 1531 2444 1587 die
2485 1531 2632 1604 ipsa.
2659 1552 2686 1581 ››
2713 1533 2838 1597 Qua
2867 1529 3157 1585 sententia
3176 1527 3233 1582 in
3257 1528 3430 1585 verbo
3458 1527 3851 1597 dermitionis,

2201 1638 2447 1678 so-muus
2475 1619 2825 1694 evigilaturi,
2859 1619 2915 1674 id
2950 1623 3039 1674 est
3067 1617 3448 1674 resurrecturi
3483 1616 3850 1689 exprimitur:

2199 1711 2354 1767 sicut
2377 1711 2502 1783 ipse
2540 1711 2611 1765 de
2650 1711 2864 1765 Lazaro
2893 1708 3007 1764 ait:
3049 1729 3076 1758 «
3107 1709 3366 1763 Lazarus
3397 1705 3622 1762 amicus
3653 1711 3856 1762 noster

2209 1801 2503 1868 «dormit;
2531 1801 2628 1855 sed
2654 1799 2821 1866 vado,
2845 1801 2911 1852 ut
2929 1815 2966 1853 a
2984 1813 3191 1853 somno
3226 1796 3472 1852 excitem
3512 1811 3647 1852 eum
3669 1797 3852 1866 (Joan.

2209 1912 2237 1940 ‹‹
2265 1907 2344 1960 xI,
2379 1891 2467 1958 11)
2494 1907 2506 1946 :
2531 1911 2559 1940 »
2585 1893 2641 1944 et
2662 1889 2732 1944 de
2753 1887 2874 1944 filia
2903 1884 3367 1958 archisynagogi,
3399 1901 3579 1956 quam
3609 1884 3858 1941 suscita»

2203 1985 2373 2036 turus
2404 1983 2528 2034 erat
2559 1996 2572 2033 :
2611 1999 2638 2028 «
2668 1978 2792 2032 Non
2833 1981 2926 2033 est
2969 1979 3201 2031 mortua
3259 1973 3474 2046 puella,
3507 1975 3607 2030 sed
3633 1973 3858 2030 dormit

2204 2090 2232 2120 ι(
2265 2071 2415 2140 (Luc.
2439 2086 2562 2139 vm,
2593 2069 2686 2137 52)
2711 2084 2722 2122 :
2750 2089 2778 2117 »
2812 2071 2872 2122 et
2897 2067 2970 2122 de
2998 2066 3124 2138 ipso
3157 2063 3380 2120 inimici
3411 2064 3472 2119 in
3501 2063 3730 2120 Psalmo
3760 2062 3854 2120 di-

2201 2162 2378 2216 cunt:
2406 2180 2433 2208 ‹‹
2456 2157 2564 2225 Qui
2589 2155 3004 2225 dormivit,non
3027 2154 3265 2228 adjiciet
3295 2157 3362 2209 ut
3389 2156 3658 2226 resurgat
3672 2153 3852 2222 (Psal.

2200 2266 2289 2316 XL,
2321 2248 2476 2319 9)?»
2512 2248 2618 2302 Per
2648 2244 3026 2301 morticinum
3082 2248 3279 2299 autem
3325 2260 3462 2299 vera
3508 2259 3665 2298 mors
3720 2244 3856 2315 ejus

2200 2338 2567 2404 ostenditur;
2603 2325 2743 2408 quia
2789 2334 3000 2406 utique-
3039 2349 3253 2406 corpus
3282 2331 3574 2399 exanime,
3603 2350 3637 2388 a
3666 2337 3862 2389 morte

2200 2425 2577 2483 morticinum
2627 2423 2954 2496 appellatur
2986 2439 3000 2478 :
3035 2422 3189 2478 sicut
3217 2425 3275 2478 et
3303 2421 3549 2477 cadaver
3575 2421 3795 2476 dicitur
3828 2439 3866 2477 a

2197 2516 2484 2583 cadendo,
2517 2531 2583 2570 eo
2614 2514 2769 2587 quod
2821 2529 2924 2585 per
2972 2516 3222 2568 mortem
3267 2511 3438 2567 cadat
3483 2511 3542 2567 in
3591 2514 3859 2580 terram;

2197 2624 2313 2662 non
2361 2603 2552 2661 solum
2605 2603 2846 2676 quando
2893 2601 2953 2656 in
2985 2605 3143 2657 terra
3167 2599 3477 2657 resolvitur
3504 2600 3860 2672 (secundum

2195 2695 2350 2768 quod
2390 2695 2525 2749 Ade:
2558 2692 2781 2748 dictum
2809 2695 2933 2747 est:
2972 2711 3002 2742 α
3033 2689 3230 2746 Pulvis
3260 2707 3342 2758 es,
3377 2695 3434 2746 et
3456 2689 3516 2744 in
3547 2689 3859 2762 pulverem

2197 2807 2224 2835 ‹‹
2259 2783 2562 2840 reverteris
2584 2781 2941 2855 (Gen.111,19)
2970 2797 2982 2836 :
3008 2783 3120 2836 n-et
3148 2779 3525 2836 Ecclesiastes
3557 2778 3638 2834 ait
3669 2795 3681 2833 :
3721 2799 3758 2827 «-
3778 2779 3858 2835 Et

2196 2896 2224 2926 ‹‹
2252 2876 2572 2930 revertatur
2602 2870 2796 2944 pulvis
2817 2869 2876 2925 in
2899 2873 3115 2925 terram
3138 2884 3307 2924 suam
3331 2869 3486 2924 unde
3505 2870 3630 2923 erat
3651 2867 3852 2938 (Eccle.

2195 2987 2224 3016 ι(
2252 2965 2435 3035 xu,7);
2459 2984 2488 3013 »
2513 2962 2613 3018 sed
2635 2960 2811 3017 etiam
2835 2959 2974 3031 quia
2986 2959 3113 3030 jam
3128 2962 3426 3013 mortuum
3440 2961 3593 3014 terra
3608 2961 3843 3028 reputa-

2187 3058 2302 3123 tur,
2336 3058 2394 3109 et
2420 3057 2585 3108 terrae
2619 3049 2867 3107 traditur
2904 3065 2916 3103 :
2951 3049 3108 3104 unde
3135 3051 3194 3104 et
3225 3047 3518 3103 Dominus
3539 3046 3616 3102 de
3639 3045 3842 3118 seipse

429 3163 457 3194 α
491 3139 734 3194 mortis:
762 3160 789 3189 »
827 3137 1031 3208 utique
1061 3140 1296 3208 nostrae,
1328 3153 1455 3208 qua:
1501 3137 1572 3192 ab
1618 3135 1784 3191 initio
1844 3140 2077 3208 peccato
2117 3210 2146 3213 ﬂ
2185 3144 2302 3199 ait:
2341 3164 2368 3193 «
2389 3141 2511 3198 Nisi
2531 3157 2781 3213 granum
2811 3137 3092 3194 frumenti
3114 3138 3336 3194 cadens.
3350 3137 3410 3192 in
3438 3140 3842 3192 ιοιιωωωθιι-

425 3229 693 3293 debetur,
718 3230 775 3283 et
807 3226 1070 3298 peccanti
1100 3225 1347 3293 homini,
1383 3226 1498 3280 Deo
1519 3224 1823 3296 judicante
1851 3225 2072 3280 inflicta
2104 3210 2156 3278 C
2188 3255 2214 3284 κ
2242 3237 2409 3287 tuum
2435 3210 2842 3301 fuerit,ipsum
2873 3227 3067 3284 solum
3099 3231 3333 3295 manet;
3365 3225 3414 3282 si
3445 3229 3646 3281 autem
3674 3241 3840 3281 mor-
3919 3263 3924 3267 -

423 3323 677 3386 est,cum
707 3316 823 3386 ait;
850 3338 878 3366 ‹‹
902 3318 1260 3387 Quacunque
1280 3313 1372 3370 die
1401 3313 1733 3370 comederis.
1749 3332 1817 3370 ex
1847 3332 1986 3382 eo,»
2012 3313 2070 3370 id

421 3411 529 3474 est,
545 3425 614 3462 ex
642 3405 800 3479 ligno
830 3405 1029 3473 vetito,
1056 3427 1076 3454 α
1104 3408 1291 3460 morte
1313 3402 1579 3458 morieris
1610 3403 1763 3471 (Gen.
1799 3418 1859 3471 ιι,
1897 3405 2004 3472 l7).
2039 3425 2068 3454 ››

423 3496 586 3552 Unde
606 3501 664 3552 et
681 3494 995 3568 Apostolus
1026 3493 1167 3549 dicit
1193 3511 1205 3548 :
1239 3516 1258 3542 «
1288 3494 1392 3547 Per
1412 3509 1593 3548 unum
1617 3492 1915 3548 hominem
1941 3510 2070 3565 pec-

424 3609 456 3638 κ·
485 3590 682 3642 catum
739 3585 979 3640 intravit
1034 3583 1096 3638 in
1155 3582 1469 3649 mundum,
1511 3587 1569 3637 et
1618 3599 1722 3654 per
1766 3586 2070 3655 peceatum

425 3698 452 3730 tr
484 3693 691 3732 mors:
744 3679 802 3730 et
855 3673 940 3730 ita
998 3673 1058 3728 in
1117 3688 1322 3728 omnes
1395 3671 1665 3726 homines
1733 3671 2072 3742 pertransiit

421 3788 450 3817 κ
483 3767 657 3836 (Rom.
686 3782 742 3835 v,
779 3765 888 3833 f2).
922 3785 951 3814 δ)

489 3855 728 3912 XXVIII.
765 3853 1036 3926 Suscepit
1088 3854 1284 3924 itaque
1333 3851 1389 3905 in
1436 3868 1497 3907 se
1528 3851 1637 3906 iste
1667 3850 1754 3904 vir
1784 3855 1839 3904 et
1869 3867 2067 3922 pecca-

418 3951 547 4001 tum
579 3944 845 4000 omnium
879 3947 1168 4010 nostrum,
1193 3947 1250 3998 et
1270 3939 1566 4013 judicium
1595 3939 1802 3995 mortis
1832 3944 2064 3996 DOStl‘fB.

417 4034 492 4088 Et
522 4031 830 4103 subjungit
859 4033 930 4086 de
959 4047 1026 4085 eo
1056 4031 1378 4101 Scriptura,
1413 4031 1614 4086 dicens
1650 4046 1662 4084 :
1700 4052 1728 4081 (ι
1758 4031 1828 4085 Et
1856 4029 2067 4085 morie-

414 4127 532 4189 tur,
567 4124 624 4176 et
655 4121 980 4191 suspendes
1028 4137 1161 4175 eum
1205 4120 1265 4174 in
1313 4119 1492 4192 ligno.
1528 4142 1555 4171 »
1591 4119 1699 4176 Ubi
1730 4120 2064 4175 mirandum

413 4208 897 4280 valde,quomodo
918 4207 1083 4278 prius
1104 4208 1326 4263 dictum
1347 4207 1422 4262 sit
1446 4207 1794 4263 «morietur:
1811 4231 1838 4258 ››
1873 4213 1931 4263 et
1960 4225 2066 4280 po-

413 4303 541 4355 stea
573 4320 600 4348 «
635 4296 962 4369 suspendes
1007 4313 1140 4351 eum
1190 4295 1251 4350 in
1301 4295 1497 4366 ligno;
1531 4317 1557 4346 ››
1593 4312 1726 4350 cum
1758 4296 2065 4353 manifeste

413 4387 700 4445 Dominus
723 4389 922 4459 noster
943 4385 1107 4458 prius
1131 4385 1188 4440 in
1221 4384 1378 4457 ligno
1421 4400 1746 4456 suspensus
1767 4383 1844 4439 sit
1873 4385 2064 4440 mani-

412 4478 525 4534 bus
557 4477 885 4534 inﬁdelium
923 4495 935 4532 :
970 4481 1028 4532 et
1057 4474 1434 4548 postmodum
1465 4477 1875 4530 consummata
1903 4474 2068 4529 omni-

413 4567 705 4640 passione,
740 4567 974 4638 quando
1024 4564 1228 4631 voluit,
1260 4563 1538 4620 inclinato
1589 4562 1776 4634 capite
1806 4562 2067 4619 emiserit
2093 4586 2142 4652 Β

411 4654 836 4726 spiritum..Sed
861 4654 1139 4710 nimirum
1163 4654 1271 4710 hoc
1294 4652 1472 4708 nim-is
1493 4651 1686 4708 divine
1705 4651 2066 4725 dictumfest,

411 4746 477 4799 ut
499 4747 815 4815 postquam
843 4743 928 4798 ait
976 4743 1068 4799 lex
1100 4766 1128 4793 «
1158 4744 1268 4799 erit
1323 4744 1380 4797 in
1441 4743 1562 4798 viro
1622 4746 1924 4814 peccatum
1959 4743 2060 4814 ju-

409 4832 631 4893 dicium
664 4831 893 4899 mortis,
927 4854 955 4882 »
989 4832 1267 4888 continuo
1301 4831 1684 4904 subjungeret
1715 4854 1744 4881 «
1774 4837 1832 4887 et
1860 4832 2065 4890 morie-

408 4928 524 4992 tur,
557 4945 591 4975 »ε
619 4926 676 4979 et
703 4922 944 4978 adderet
975 4942 1003 4972 «
1033 4925 1099 4977 et.
1137 4922 1462 4993 suspendes
1518 4939 1654 4978 eum
1700 4923 1758 4977 in
1787 4922 1948 4994 liguo
1983 4939 1994 4978 :
2029 4943 2059 4974 »

409 5018 474 5070 ut
501 5013 770 5096 videlicet
819 5011 983 5085 prius
1033 5012 1460 5066 demonstraret
1501 5009 1662 5066 illius
1693 5014 2058 5083 potestatem,

407 5103 619 5158 deinde
653 5119 857 5158 eorum
889 5100 1224 5158 ostenderet
1255 5098 1701 5167 crudelitatem;
1743 5100 1884 5154 dum
1925 5116 2061 5155 eum

408 5193 507 5264 qui
533 5193 695 5248 nulla
716 5194 974 5248 humana
994 5190 1286 5258 violentia,
1322 5188 1480 5244 nullo
1511 5188 1798 5261 supplicio
1828 5189 1912 5244 vel
1937 5206 2062 5245 cru-

409 5279 565 5335 eiatu
597 5286 858 5354 cogente,
893 5282 994 5337 sed
1052 5297 1160 5337 sua
1217 5282 1446 5351 sponte.
1477 5296 1586 5334 sua
1640 5281 1923 5349 potestate
1971 5283 2062 5334 est

410 5373 702 5437 mortuus,
737 5371 848 5442 ipsi
905 5374 1193 5442 quantum
1247 5368 1306 5423 in
1347 5366 1464 5422 illis
1496 5367 1607 5422 fuit
1637 5367 2060 5438 suspendentes

411 5457 469 5512 in
501 5455 659 5530 ligno
682 5458 1211 5515 interemerunt.De
1233 5459 1342 5514 hac
1365 5457 1519 5514 enim
1551 5458 1833 5529 potestate
1855 5456 2058 5512 mortis

410 5563 529 5610 suae
573 5546 681 5602 iste
712 5547 799 5601 vir
838 5551 894 5602 et
937 5548 1220 5603 Dominus
1251 5547 1310 5602 in
1341 5545 1650 5620 Evangelio
1674 5547 1940 5612 testatur,
1971 5546 2059 5599 di-

409 5653 546 5702 cens
575 5653 587 5692 :
625 5635 1021 5693 «Potesttamen
1041 5635 1224 5693 habeo
1248 5637 1502 5712 ponendi
1525 5635 1782 5696 animam
1817 5651 2006 5694 meam
2043 5653 2054 5692 :

2185 3344 2215 3372 κ-
2241 3325 2410 3376 tuum
2435 3319 2627 3387 fuerit,
2651 3317 2904 3372 multum
2928 3317 3184 3372 fructum
3197 3317 3364 3372 affert
3374 3317 3552 3385 (Joan.
3571 3315 3835 3384 x11,2‘&).»

2250 3408 2435 3466 XXIX.
2470 3409 2532 3465 In
2583 3424 2697 3480 quo
2748 3405 2928 3478 igitur
2977 3405 3253 3478 mysterio
3296 3409 3356 3461 et
3397 3405 3460 3459 in
3505 3403 3640 3478 lege
3680 3421 3840 3475 pre:—

2179 3503 2414 3572 ceptum
2449 3501 2556 3564 est,
2590 3500 2647 3552 et
2690 3495 2748 3550 in
2781 3494 3090 3567 Evangelio
3121 3493 3300 3566 (sicut
3326 3493 3602 3567 legimus)
3633 3492 3838 3549 divino

2180 3592 2326 3645 nutu
2350 3606 2383 3644 a
2403 3585 2875 3660 persecutoribus
2895 3584 3209 3657 expletum,
3234 3587 3300 3640 ut
3327 3583 3506 3654 hujus
3534 3581 3645 3637 viri-
3672 3599 3839 3638 mor-

2177 3678 2448 3743 ticinum,
2483 3676 2603 3733 sive
2632 3675 2896 3746 cadaver,
2929 3673 3048 3730 sive
3098 3690 3314 3746 corpus
3364 3689 3479 3728 non
3526 3670 3842 3740 dormiret,

2179 3784 2286 3824 nec
2315 3767 2702 3839 pernoctaret,
2735 3763 2856 3820 sive
2893 3765 3354 3820 commoraretur
3376 3766 3442 3818 et.
3462 3767 3841 3834 permaneret

2177 3875 2354 3929 super
2383 3855 2612 3928 lignum
2631 3855 2665 3910 ?
2680 3855 2767 3909 Ita
2784 3853 2942 3909 enim
2974 3851 3257 3924 scriptum
3280 3855 3372 3907 est
3399 3851 3573 3923 (Joan.
3596 3868 3713 3919 xxx,
3735 3851 3848 3924 3t),

2177 3947 2335 4019 quod
2368 3969 2395 3996 «
2421 3944 2629 4012 Judaei,
2662 3947 2728 3999 ut
2745 3961 2862 4000 non
2894 3947 3262 3999 remanerent
3280 3941 3343 3998 in
3362 3959 3533 3998 cruce
3562 3958 3840 4014 corpora,

2180 4059 2208 4088 at
2235 4038 2584 4109 rogaverunt
2605 4032 2934 4089 Pilatumut
2952 4032 3361 4105 frangerentur
3372 4048 3574 4088 eorum
3596 4047 3846 4099 crura-,n.

2176 4124 2235 4180 id
2257 4129 2366 4195 est,
2400 4122 2654 4191 Domini,
2688 4125 2744 4178 et
2773 4121 3071 4177 latronum
3098 4121 3202 4193 qui
3229 4120 3492 4177 crucifixi
3521 4124 3664 4176 sunt
3689 4137 3845 4177 cum

2175 4230 2263 4282 eo,
2301 4235 2333 4265 ‹‹-
2361 4218 2420 4270 et
2446 4212 2811 4268 tollerentur.
2845 4231 2873 4263 »
2909 4210 3018 4268 Ubi
3066 4211 3314 4283 quidem
3339 4209 3587 4266 altitudo
3619 4210 3844 4266 secreti:

2175 4301 2360 4358 nimia
2389 4304 2478 4356 est
2510 4317 2522 4356 :
2559 4300 2678 4356 sive
2707 4298 2863 4353 enim
2896 4302 2962 4353 ut
2990 4296 3108 4354 illis
3139 4314 3350 4369 corpus
3380 4297 3508 4368 ejus
3538 4297 3844 4369 deponere

2175 4407 2242 4447 ac
2263 4389 2508 4462 sepelire
2538 4387 2981 4456 festinantibus,
3005 4386 3116 4442 tria
3146 4403 3362 4460 magna
3391 4385 3670 4458 mysteria
3699 4401 3840 4457 qua:

2174 4479 2364 4534 adhuc
2395 4475 2607 4532 Christi
2657 4475 3035 4547 passionibus
3081 4475 3322 4532 deerant
3349 4474 3431 4544 (id
3463 4477 3572 4542 est,
3603 4474 3842 4546 apertio

2173 4567 2374 4623 lateris
2395 4567 2523 4637 ejus
2557 4581 2660 4637 per
2691 4562 2956 4620 lanceam
2988 4563 3218 4631 militis,
3240 4568 3301 4620 et
3327 4581 3400 4620 ex
3425 4564 3635 4619 eadem
3661 4579 3835 4635 aper-

2173 4656 2332 4712 tione
2352 4654 2720 4711 emanatione
2742 4669 2906 4725 aquai
2923 4658 2980 4710 et
2994 4653 3322 4727 sanguinis,
3343 4657 3403 4709 et
3428 4652 3656 4709 ossium
3674 4652 3848 4723 ejus,

2172 4745 2311 4818 quia
2325 4747 2452 4817 jam
2474 4747 2744 4800 mortuus
2766 4743 3040 4799 inventus
3061 4743 3405 4816 est,integra
3437 4740 3840 4810 conservatio)

2171 4835 2586 4908 implerentur.-
2612 4833 2741 4890 stc
2770 4833 2930 4890 enim
2960 4832 3162 4889 omnia
3190 4831 3490 4905 granditer
3518 4834 3586 4887 et.
3605 4830 3842 4904 magni.-

2171 4927 2277 4982 ﬁce
2307 4942 2376 4980 ex
2403 4923 2716 4980 occasione»
2753 4921 3141 4978 acceleranda:
3191 4920 3512 4994 sepultura:
3549 4920 3677 4992 ejus
3710 4919 3840 4975 im-

2171 5013 2346 5086 pleta,
2380 5013 2755 5069 commendat
2782 5009 3171 5083 Evangelista,
3205 5008 3408 5066 dicem
3433 5009 3600 5083 (vers.
3616 5008 3706 5077 32,
3729 5008 3845 5079 33,.

2169 5105 2259 5170 34,
2290 5103 2380 5169 35,
2412 5102 2502 5171 36,
2533 5102 2626 5170 37)
2659 5119 2671 5156 :
2708 5121 2737 5151 α
2767 5100 3068 5156 Venerunt
3095 5115 3231 5172 ergo
3263 5097 3480 5155 milites
3512 5114 3526 5154 :
3558 5100 3616 5154 et
3647 5095 3846 5170 primi

2172 5213 2200 5243 «
2234 5191 2470 5263 quidem
2525 5191 2824 5263 fregerunt
2878 5206 3041 5260 cura,
3068 5194 3134 5244 et.
3157 5188 3402 5246 alterius
3446 5187 3550 5261 qui
3591 5185 3838 5243 cruciﬁ-

2172 5302 2200 5331 «
2230 5298 2338 5337 xus
2369 5284 2458 5336 est
2487 5297 2620 5335 cum
2652 5295 2738 5336 eo.
2760 5280 2843 5335 Ad
2875 5279 3078 5336 Jesum
3112 5282 3309 5335 autem
3339 5277 3846 5344 cumvenissent,

2172 5391 2200 5423 ‹ι
2231 5375 2297 5426 ut
2325 5371 2596 5426 viderunt
2644 5385 2784 5425 eum
2819 5369 2947 5440 jam
2997 5372 3322 5438 mortuum,
3356 5385 3474 5425 non
3525 5368 3846 5437 fregerunt.

2172 5483 2199 5511 ‹‹
2231 5461 2359 5531 ejus
2389 5476 2559 5515 crura
2591 5475 2603 5514 :
2639 5459 2739 5514 sed
2774 5475 2932 5515 unus
2961 5457 3246 5526 militum,
3273 5457 3479 5514 lancea
3506 5455 3662 5510 latus
3691 5453 3845 5524 ejus

2172 5571 2198 5600 α
2231 5548 2476 5620 aperuit,
2511 5551 2568 5604 et
2610 5546 2884 5604 continuo
2937 5548 3109 5605 exivit
3152 5548 3398 5621 sanguis
3443 5549 3504 5602 et
3547 5558 3722 5614 aqua.
3755 5542 3846 5599 El.

2171 5659 2206 5689 «μ
2230 5637 2330 5714 qui
2359 5635 2522 5706 vidit,
2557 5636 2961 5695 testimonia-m-
3008 5636 3306 5712 perlu'buit
3339 5655 3350 5694 :
3385 5641 3444 5696 et
3487 5647 3700 5692 verum
3733 5634 3846 5692 est
