4070 6180
254 294 366 361 181

1481 312 1495 325 '
1520 295 1667 357 LIB.
1714 293 2026 357 CONTRA
2069 294 2413 359 JUDIEOS.

3548 296 3666 365 962

259 452 287 485 α
308 428 730 489 testimonium
751 429 889 502 ejus
924 445 937 484 :
966 433 1025 486 et
1051 426 1151 486 ille
1181 428 1291 486 scit
1322 428 1463 501 quia
1490 443 1625 485 vera
1653 427 1817 494 dicit,
1844 430 1915 484 ut
1943 442 1998 510 Α
2026 433 2189 486 ratus
2210 429 2499 499 est,etlam
2521 430 2657 487 etin
2680 431 2912 488 Psalmo
2934 432 3201 489 canitur:
3231 454 3259 485 ‹‹
3282 431 3521 491 Hmcest
3542 432 3668 492 dies

258 540 285 573 α
308 524 373 577 et
398 535 502 577 vos
533 519 808 576 credatis.
829 519 1011 575 Facta
1034 522 1175 575 sunt
1200 516 1362 573 enim
1387 518 1507 573 haec
1529 520 1595 573 ut
1615 517 1918 590 Scriptura

259 630 286 661 «ι
312 608 667 681 impleretur
689 624 704 664 :
732 628 762 660 «
782 607 861 665 Os
882 624 998 663 non
1020 605 1437 663 comminuetis
1458 622 1528 663 ex
1548 621 1635 662 eo.
1654 629 1677 658 ι
1700 606 1774 662 ‘Et
1796 622 1919 661 rur-

257 723 284 751 σε
314 715 453 755 sum
474 698 594 754 alia
607 698 913 771 Scriptura
934 696 1107 754 dicit:
1135 694 1434 753 Videbunt
1454 694 1512 751 in
1536 711 1711 768 quem
1733 700 1918 752 trans-

257 813 283 840 σι
314 790 595 844 ﬁxerunt.
630 810 652 836 ιι
684 786 973 843 Videlicet
1018 790 1084 842 ut
1126 802 1231 859 per
1280 784 1480 842 lateris
1528 786 1913 858 apertionem,

254 878 615 953 panderetur
645 877 815 933 nobis
848 876 1066 933 ostium
1093 893 1207 949 quo
1238 876 1597 931 intraremus
1619 876 1692 931 ad
1714 876 1915 940 vitam,

253 973 310 1024 et
335 967 859 1039 incorporaremur
884 966 1116 1022 Christo
1150 983 1253 1039 per
1275 981 1491 1037 aquam
1520 963 1914 1037 baptismatis,

254 1063 312 1113 et
336 1056 699 1128 sanguinem
730 1055 1176 1128 redemptionis.

323 1144 489 1201 XXX.
520 1144 595 1200 Et
622 1143 765 1216 quia
794 1145 866 1200 de
898 1161 1047 1217 agno
1079 1144 1179 1216 qui
1208 1142 1633 1200 immolabatur
1676 1145 1736 1199 in
1784 1159 1915 1216 pas-

256 1233 364 1290 cha
400 1232 505 1289 lex
553 1232 864 1306 praecipit:
901 1254 929 1282 «
958 1232 1037 1289 Os
1086 1249 1203 1288 non
1262 1232 1679 1289 comminuetis
1726 1249 1796 1287 ex
1850 1247 1917 1287 eo

260 1346 288 1374 ιι
316 1321 515 1393 (ﬂayed.
546 1338 651 1390 xxv,
684 1322 798 1390 46),
832 1342 861 1373 ››
894 1337 1286 1395 agnoscamus
1326 1321 1487 1377 hunc
1537 1337 1665 1377 esse
1712 1336 1917 1376 verum

255 1416 491 1486 Aguum
520 1409 626 1467 Dei
660 1409 763 1482 qui
808 1409 966 1466 tollit
1017 1415 1257 1485 peccata
1302 1410 1535 1467 mundi.
1568 1410 1649 1466 De
1696 1427 1812 1482 quo
1860 1413 1919 1466 et

254 1503 464 1558 beatus
480 1498 801 1573 Apostolus
815 1502 1068 1555 testatur
1084 1516 1097 1555 :
1120 1522 1142 1550 σι
1159 1499 1391 1556 Etenim
1415 1498 1635 1572 pascha
1650 1503 1917 1554 nostrum

258 1613 286 1641 «ι
314 1588 667 1646 immolatus
696 1592 787 1645 est
808 1586 1080 1645 Christus
1111 1591 1168 1659 (1
1186 1591 1315 1648 Cor.
1350 1606 1405 1657 v,
1434 1591 1516 1659 7).
1549 1611 1577 1640 »
1612 1589 1741 1645 Sive
1781 1589 1921 1661 quia

255 1679 599 1747 Parasceve,
630 1677 690 1733 id
721 1681 834 1746 est,
860 1681 1025 1733 sexta
1051 1677 1197 1733 feria
1225 1694 1438 1750 passus
1468 1681 1559 1733 est
1589 1677 1915 1734 Dominus:

260 1773 315 1825 et
339 1768 655 1841 oportebat
684 1767 743 1822 in
765 1783 832 1823 eo
854 1766 1199 1840 mysterium
1233 1767 1647 1841 sabbati,quod
1670 1767 1742 1823 ab
1758 1782 1921 1823 exor-

263 1859 354 1914 dio
384 1856 603 1913 mundi
642 1856 836 1912 fuerat
879 1856 1358 1918 commendatum
1408 1854 1660 1928 impleri,
1691 1854 1781 1912 lex
1828 1871 1917 1912 se-

260 1944 563 2018 pulturam
596 1945 727 2017 ejus
742 1960 980 2018 vespere
996 1945 1261 2017 ejusdem
1279 1944 1591 2002 Parasceve
1612 1943 1921 2001 accelerari

258 2034 476 2106 jussit;
509 2038 579 2090 ut
611 2036 1022 2090 consummato
1051 2033 1347 2106 passionis
1377 2036 1762 2102 sacramento,
1788 2032 1922 2089 sab-

260 2122 396 2179 bato
425 2122 767 2196 quiesceret
796 2122 856 2177 in
886 2121 1157 2193 sepulcro
1182 2138 1198 2177 :
1221 2126 1278 2178 et
1307 2122 1499 2195 prima
1522 2122 1751 2178 sabbati
1774 2121 1927 2177 luce-

263 2217 461 2270 scente
493 2216 848 2285 resurgeret,
870 2210 1022 2267 sicut
1041 2210 1101 2267 in
1125 2210 1356 2268 Psalmo
1377 2215 1511 2268 ante
1541 2211 1920 2285 praedixerat:

266 2325 293 2352 ιι
324 2303 663 2374 Exsurgam
694 2297 955 2356 diluculo
982 2300 1157 2373 (Psal.
1192 2317 1302 2370 va,
1332 2299 1406 2369 9;
1438 2317 1573 2373 cvu,
1603 2301 1683 2371 3.)
1710 2324 1730 2351 ο
1762 2300 1926 2357 Unde

258 2396 321 2447 et
344 2390 675 2447 vicesimus
726 2388 955 2462 primus
1002 2387 1290 2461 psalmus,
1324 2389 1424 2461 qui
1466 2391 1537 2446 de
1567 2390 1839 2463 passione
1868 2392 1926 2445 et

262 2477 722 2536 resurrectionis
743 2475 930 2551 gloria
948 2476 1206 2550 scriptus
1227 2480 1339 2548 est,
1358 2477 1752 2551 praetitulatur
1777 2495 1791 2534 :
1816 2482 1926 2533 Pro

265 2567 677 2641 assumptione
707 2566 1039 2622 matutina:
1063 2565 1152 2623 vel
1186 2566 1363 2640 (sicut
1392 2566 1454 2622 in
1486 2566 1790 2636 Hebraico)
1822 2582 1925 2639 pro

266 2675 435 2715 cervo
462 2657 761 2713 matutino
795 2671 809 2711 :
843 2662 902 2712 et
928 2660 996 2712 ut
1023 2656 1112 2712 ita
1136 2655 1200 2711 in
1235 2672 1299 2713 se
1330 2655 1569 2712 omnino
1617 2655 1925 2729 impletum

266 2763 397 2804 esse
428 2744 955 2818 ostenderet,quod
988 2744 1051 2800 in
1072 2745 1305 2801 exordio
1336 2744 1542 2803 mundi
1574 2745 1762 2801 fuerat
1789 2760 1930 2817 prae-

267 2836 575 2911 signatum
597 2853 613 2904 ;
644 2835 747 2891 ubi
777 2832 934 2891 Deus
955 2838 1087 2907 post
1105 2834 1304 2891 omnia
1328 2850 1502 2906 opera
1518 2851 1627 2890 sua
1643 2850 1769 2906 quae
1787 2834 1930 2890 fece-

269 2930 361 2983 rat
386 2926 550 2982 bona
575 2923 769 2993 valde,
793 2923 1040 2998 mystice
1064 2923 1128 2980 in
1158 2923 1400 2980 sabbato
1430 2922 1783 2996 requievisse
1801 2938 1931 2978 nar-

265 3020 464 3073 ratur:
490 3019 562 3070 ut
588 3013 910 3071 Dominum
932 3018 990 3070 et
1005 3017 1220 3087 Regem
1241 3016 1512 3070 nostrum
1535 3016 1669 3069 ante
1692 3012 1925 3078 saecula,

264 3109 585 3177 postquam
616 3108 895 3177 operatus
925 3107 1015 3163 est
1041 3103 1293 3163 salutem
1342 3107 1604 3159 nostram
1638 3102 1699 3158 in
1731 3102 1924 3159 medio

2031 541 2051 567 ι
2088 536 2265 591 quam
2300 519 2432 575 fecit
2462 520 2784 576 Dominus:
2817 519 3179 579 exsultemus
3209 528 3267 580 et
3297 521 3562 580 laetemur
3609 524 3668 578 in

2029 629 2058 659 α
2089 625 2173 664 ea.
2200 608 2254 664 Ὀ
2293 608 2556 678 Domine,
2591 609 2818 666 salvum
2868 626 2962 666 me
2994 611 3082 667 fac
3114 626 3129 666 :
3163 629 3196 668 o
3221 611 3491 682 Domine,
3524 613 3672 669 bene

2028 718 2057 748 «
2088 713 2450 769 prosperare.
2484 698 2831 755 Benedictus
2861 699 2958 771 qui
3004 701 3165 755 venit
3199 700 3260 755 in
3294 701 3529 758 nomine
3560 702 3670 757 Do-

2029 808 2057 835 ‹‹
2088 786 2229 840 mini
2266 788 2432 858 (Psal.
2468 788 2751 857 cxvu,21,
2774 789 2866 857 25,
2898 790 3010 857 26).
3047 812 3076 840 ››
3111 790 3181 844 Et
3211 790 3269 845 in
3297 789 3411 846 alio
3442 790 3671 863 psalmo

2026 874 2283 947 Spiritus
2300 881 2542 933 sanctus
2564 877 2783 932 eisdem
2805 877 3023 934 Judaeis
3045 879 3187 934 dicit
3210 895 3223 933 :
3257 901 3283 928 (ι
3310 880 3487 934 Hodie
3508 880 3555 936 si
3580 897 3671 936 vo-

2029 986 2057 1013 ‹‹
2089 980 2214 1019 cem
2247 966 2374 1037 ejus
2406 965 2729 1037 audieritis,
2750 965 2926 1021 nolite
2957 967 3246 1022 obdurare
3277 968 3452 1023 corda
3480 968 3673 1024 vestra

2032 1075 2053 1102 ιι
2091 1054 2261 1125 (Psul.
2312 1071 2463 1124 κων,
2503 1056 2580 1125 8),
2605 1079 2631 1105 ››
2664 1059 2776 1110 etc.
2812 1055 3001 1110 Donec
3046 1072 3185 1128 ergo
3234 1055 3389 1113 istud
3434 1060 3671 1130 tempus

2026 1142 2384 1213 acceptabile
2414 1147 2524 1212 est,
2558 1148 2616 1198 et
2645 1144 2771 1200 dies
2801 1143 3030 1214 salutis,
3054 1162 3232 1217 quam
3260 1145 3430 1202 nobis
3460 1145 3556 1203 ille
3584 1146 3671 1202 in-

2026 1231 2220 1288 stituit
2240 1232 2339 1304 qui
2372 1248 2476 1304 pro
2499 1233 2765 1289 omnium
2788 1233 2976 1290 salute
3000 1238 3271 1290 mortuus
3290 1239 3463 1304 est,et
3482 1252 3677 1292 resur-

2027 1321 2195 1392 rexit,
2226 1320 2494 1377 hortatur
2521 1338 2622 1379 eos
2650 1321 2742 1378 lex
2766 1328 2833 1378 ut
2873 1322 3111 1379 sceleris
3141 1324 3233 1379 sui
3266 1324 3675 1397 paenitentiam

2027 1414 2237 1484 agant;
2271 1409 2409 1480 sive,
2444 1409 2635 1467 scelus
2677 1412 2830 1483 quod
2860 1411 2922 1467 in
2954 1428 3021 1469 eo
3070 1412 3438 1469 admiserunt
3481 1417 3679 1485 tegere

2029 1517 2144 1555 non
2176 1504 2481 1556 morentur
2514 1517 2527 1556 :
2559 1502 2624 1556 ut
2653 1500 2860 1556 merito
2890 1505 2948 1556 et
2978 1501 3091 1573 ipsi
3134 1500 3379 1557 audiant
3409 1518 3424 1557 :
3460 1526 3480 1552 «
3516 1499 3677 1558 Beati

2034 1612 2054 1639 α
2087 1605 2339 1661 quorum
2363 1588 2621 1645 remissa:
2646 1593 2787 1645 sunt
2808 1588 3234 1661 iniquitates,et
3253 1607 3505 1663 quorum
3522 1587 3680 1647 tecta

2031 1699 2061 1729 «
2090 1681 2231 1735 sunt
2258 1682 2516 1750 peccata.
2542 1678 2753 1734 Beatus
2779 1676 2866 1733 vir
2894 1679 2989 1734 cui
3018 1696 3134 1735 non
3156 1678 3469 1753 imputavit
3486 1678 3678 1736 Domi-

2032 1789 2059 1817 ‹‹
2093 1784 2206 1823 nus
2235 1770 2540 1839 peccatum
2571 1767 2743 1836 (Psal.
2775 1784 2927 1837 xxxx,
2953 1769 3008 1837 1)
3032 1784 3045 1822 :
3070 1790 3099 1818 »
3132 1768 3203 1823 Et
3234 1772 3481 1824 mortem
3510 1768 3677 1824 Chri-

2032 1856 2107 1911 sti
2137 1856 2659 1929 pretiosam,quam
2682 1856 2934 1913 ostentui
2966 1860 3024 1911 et
3052 1855 3307 1912 irrisioni
3338 1855 3681 1927 habent,ho—

2030 1960 2239 2000 norare
2272 1944 2571 2000 festinent.
2603 1945 2751 2011 Quia
2780 1946 2830 2002 si
2862 1949 2983 2002 tota
3023 1944 3134 2002 hac
3183 1944 3295 2014 die,
3328 1944 3387 2000 id
3419 1950 3528 2015 est,
3555 1934 3678 2003 toto

2032 2033 2146 2089 isto
2176 2038 2437 2105 tempore
2466 2033 2731 2103 salutari,
2758 2035 3018 2107 quandiu
3049 2050 3307 2107 prmsens
3326 2034 3444 2090 vita
3463 2033 3676 2106 agitur,

2032 2121 2143 2179 hoc
2163 2121 2407 2194 implere
2427 2122 2805 2196 neglexerint,
2819 2123 3187 2197 superveniet
3207 2123 3292 2180 eis
3314 2139 3427 2180 nox
3449 2123 3678 2191 mortis,

2033 2229 2150 2267 nox
2179 2212 2575 2268 damnationis
2602 2216 2660 2268 et
2686 2212 3061 2269 tenebrarum
3092 2217 3442 2268 internarum
3469 2228 3482 2267 :
3508 2214 3564 2267 et
3583 2208 3682 2267 ille

2035 2302 2135 2374 qui
2168 2318 2271 2373 pro
2302 2300 2570 2357 omnium
2601 2302 2789 2358 salute
2817 2301 2877 2356 in
2908 2300 3067 2375 ligno
3098 2318 3424 2374 suspensus
3447 2304 3683 2373 est,per-

2035 2390 2317 2458 noctabit,
2348 2394 2405 2447 et
2433 2391 2800 2464 permanebit
2842 2392 2997 2464 apud
3045 2407 3144 2447 eos
3192 2408 3370 2465 super
3414 2382 3679 2464 lignum;

2035 2480 2177 2553 quia
2204 2479 2539 2536 irrisionem
2570 2484 2628 2537 et
2656 2480 3180 2537 subsannationem
3211 2480 3502 2552 passionis
3530 2479 3681 2550 ejus,

2036 2586 2213 2643 quam
2246 2572 2367 2625 toto
2393 2568 2521 2625 vita:
2553 2586 2672 2625 suae
2704 2574 2966 2642 tempore
2996 2574 3330 2638 tenuerunt,
3364 2572 3499 2642 post
3526 2583 3681 2623 mor-

2034 2663 2152 2715 tem
2204 2659 2515 2715 emendare
2563 2676 2679 2714 non
2729 2662 3023 2731 poterunt,
3057 2659 3285 2715 dicente
3331 2657 3677 2731 Scriptura:

2039 2771 2067 2801 ‹‹
2098 2749 2328 2805 Mortuo
2358 2747 2596 2804 homine
2626 2747 2807 2820 impio
2838 2748 3000 2803 nulla
3029 2748 3139 2803 erit
3168 2746 3323 2803 ultra
3342 2764 3477 2819 spes
3499 2748 3680 2819 (Prov.

2034 2855 2111 2909 x1,
2144 2841 2223 2908 7).
2254 2859 2281 2888 ››
2315 2838 2397 2893 De
2425 2837 2534 2892 hac
2559 2837 2717 2892 enim
2748 2835 2860 2905 die,
2892 2840 2949 2891 et
2978 2838 3050 2892 de
3080 2836 3188 2891 hac
3219 2840 3386 2891 nocte
3417 2836 3541 2908 ipse
3571 2835 3682 2891 Do-

2036 2927 2235 2983 minus
2265 2926 2325 2981 in
2350 2924 2657 2998 Evangelio
2679 2925 2845 2982 dicit:
2869 2924 3179 2992 «Quandiu
3199 2923 3259 2979 in
3282 2923 3504 2983 mundo
3524 2938 3680 2992 sum,

2040 3038 2068 3068 ‹‹
2100 3015 2199 3071 lux
2229 3032 2360 3072 sum
2388 3015 2618 3072 mundi.
2649 3014 2821 3071 Venit
2849 3031 2962 3071 nox
2992 3012 3227 3087 quando
3268 3028 3438 3069 nemo
3489 3014 3683 3085 potest

2039 3128 2068 3157 «
2099 3103 2322 3177 operari
2356 3105 2533 3174 (Joan.
2562 3121 2636 3173 ix,
2667 3106 2721 3173 5,
2750 3103 2823 3176 4).
2863 3127 2884 3153 ιι

264 3198 519 3263 terra,et
546 3192 700 3250 dixit
728 3193 802 3251 ad
835 3192 1066 3249 Patrem
1092 3209 1105 3248 :
1142 3214 1170 3244 ι(
1192 3192 1311 3265 Ego
1331 3196 1388 3248 te
1412 3191 1724 3248 clariﬁcavi
1748 3207 1926 3265 super
1953 3190 1997 3257 C
2104 3192 2319 3249 XXXII.
2353 3192 2581 3249 Habent
2609 3192 2788 3249 etiam
2820 3208 2974 3248 nunc
3000 3190 3185 3251 Judaei
3218 3194 3448 3247 noctem
3477 3189 3684 3246 infide-

270 3304 297 3334 α
322 3286 581 3339 terram:
602 3297 751 3355 opus
774 3280 1176 3338 consummavi
1200 3281 1356 3354 quod
1378 3280 1593 3339 dedisti
1613 3280 1927 3337 mihiutfa-

270 3394 295 3421 κ
325 3372 485 3428 ciam
531 3372 718 3441 (Joan.
767 3386 909 3436 xvn,
942 3371 1031 3444 It);
1064 3392 1086 3422 ι
1121 3371 1326 3427 eodem
1373 3370 1468 3426 die
1525 3370 1925 3443 requieturum

267 3460 608 3517 ostenderet
635 3459 699 3518 in
729 3458 999 3533 sepulcro
1024 3475 1037 3514 :
1062 3462 1120 3515 et
1149 3458 1234 3515 sic
1264 3461 1399 3531 post
1427 3457 1688 3515 laborem
1709 3458 1929 3533 passio-

266 3548 493 3622 nis,per
508 3549 794 3609 virtutem
826 3545 1271 3605 resurrectionis
1295 3550 1542 3621 intraret
1568 3546 1628 3602 in
1665 3546 1926 3621 requiem

266 3652 459 3706 suam,
494 3637 568 3693 de
601 3653 720 3709 qua
747 3637 799 3693 ei
831 3635 1143 3694 Psalmista
1173 3636 1353 3693 dicit:
1385 3658 1414 3687 ‹‹
1435 3636 1924 3709 Surge,Domine,

273 3750 300 3777 α
329 3727 389 3783 in
422 3726 696 3800 requiem
728 3731 892 3782 tuam
923 3726 1096 3799 (Psal.
1126 3741 1314 3797 cxxxi,
1336 3727 1391 3798 8)
1416 3742 1430 3780 :
1456 3748 1486 3776 »
1510 3730 1803 3798 quatenus
1832 3742 1925 3782 sa-

270 3815 674 3874 cratissimum
720 3815 990 3871 triduum
1041 3814 1355 3888 passionis,
1396 3819 1454 3870 et
1503 3814 1839 3887 sepulturae,
1871 3816 1929 3871 et

272 3904 720 3963 resurrectionis
750 3904 902 3976 ejus,
924 3905 1080 3977 quod
1111 3903 1546 3977 przsvidebat,et
1566 3902 1927 3976 praeordina-

272 3995 367 4053 bat
395 3996 650 4069 spiritus
678 3993 1056 4068 legislatoris,
1091 3991 1425 4050 inviolabile
1451 3996 1837 4065 permaneret.

337 4085 526 4143 XXXI.
543 4087 845 4152 Quantum
862 4100 996 4140 vero
1019 4084 1092 4139 ad
1115 4081 1398 4156 populum
1428 4081 1600 4138 illum
1632 4080 1928 4137 inﬁdelem

277 4179 331 4231 et
354 4175 791 4232 interfectorem
822 4170 1040 4230 Christi
1073 4173 1301 4241 attinet,
1334 4172 1481 4229 bene
1518 4170 1604 4226 illi
1649 4170 1743 4227 lex
1788 4170 1931 4227 dicit

270 4263 441 4336 (Deut.
471 4281 593 4333 xxx,
619 4263 715 4333 23)
744 4279 759 4318 :
788 4284 816 4312 «
836 4261 964 4318 Non
995 4259 1514 4334 pernoctabit,sive
1541 4259 1929 4332 permanebit,

272 4354 516 4411 cadaver
541 4353 676 4424 ejus
703 4367 882 4425 super
905 4348 1156 4423 lignum,
1185 4349 1325 4423 quia
1355 4348 1658 4421 sepultura
1685 4348 1933 4422 sepelies

274 4458 402 4498 eum
430 4444 494 4498 in
526 4442 624 4498 die
655 4442 823 4514 ipsa:
859 4463 886 4490 »
919 4444 985 4496 ut
1003 4438 1277 4495 videlicet
1302 4438 1689 4511 ignominiam
1716 4437 1935 4511 passio-

2032 3282 2216 3339 litatis
2245 3285 2303 3339 et
2327 3281 2605 3339 caecitatis
2636 3282 3008 3351 horrendam,
3042 3298 3222 3354 quam
3269 3280 3353 3337 eis
3401 3279 3686 3337 Dominus

2035 3389 2141 3445 per
2169 3370 2514 3445 prophetam
2543 3371 2940 3429 comminatus
2968 3376 3078 3443 est,
3112 3371 3313 3428 dicens
3344 3387 3357 3426 :
3395 3392 3423 3421 ‹‹
3453 3370 3688 3426 Excmca

2042 3487 2063 3512 ι
2095 3478 2195 3519 cor
2223 3459 2423 3534 populi
2454 3460 2655 3533 hujus,
2687 3465 2744 3517 et
2773 3478 2944 3518 aures
2972 3462 3101 3533 ejus
3132 3463 3468 3535 aggrava,et
3486 3456 3688 3516 oculos

2041 3573 2069 3602 «
2094 3552 2223 3623 ejus
2235 3548 2468 3607 claude:
2486 3567 2558 3606 ne
2569 3548 3200 3619 fortevideatoculis,et
3211 3548 3452 3607 auribus
3463 3548 3684 3618 audiat,

2040 3663 2069 3692 «
2099 3644 2157 3697 et
2187 3640 2359 3697 corde
2388 3638 2697 3713 intelligat,
2731 3643 2790 3695 et
2819 3641 3211 3707 convertatur,
3236 3642 3294 3693 et
3323 3653 3527 3694 sanem
3552 3651 3686 3693 cum

2040 3750 2069 3780 ‹‹
2102 3729 2433 3803 (lsa.v1,10).
2458 3750 2486 3778 n
2508 3727 2723 3783 Aderat
2751 3731 2945 3783 autem
2976 3727 3062 3783 eis
3084 3726 3275 3782 adhuc
3297 3722 3687 3797 dies,quando

2036 3816 2323 3875 Dominus
2353 3818 2509 3889 apud
2540 3833 2640 3873 eos
2668 3833 2771 3888 pro
2802 3815 2983 3871 totius
3014 3815 3221 3871 mundi
3254 3812 3444 3870 salute
3472 3828 3687 3885 passus

2036 3910 2209 3975 est,et
2226 3905 2640 3962 resurrexitzet
2660 3922 2765 3977 per
2793 3903 3185 3977 quadraginta
3214 3902 3340 3958 dies
3370 3905 3572 3974 postea
3598 3900 3684 3957 di-

2038 3994 2397 4067 scipulorum
2446 3994 2642 4061 fidem,
2675 4009 2822 4065 quos
2869 3992 3073 4065 utique
3121 4008 3191 4047 ex
3237 3989 3383 4064 ipsis
3413 3987 3686 4063 elegerat,

2039 4082 2403 4140 conﬁrmavit
2428 4099 2441 4137 :
2475 4086 2534 4139 et
2563 4081 2656 4139 die
2686 4079 3135 4155 quadragesimo
3186 4078 3330 4152 ipsis
3352 4076 3690 4136 videntibus

2039 4172 2301 4230 ascendit
2332 4172 2392 4227 in
2423 4170 2673 4229 ccelum:
2706 4174 2763 4227 et
2793 4170 2974 4227 misso
3006 4168 3228 4243 Spiritu
3267 4171 3469 4226 sancto
3500 4182 3690 4239 ccupe-

2041 4266 2179 4318 runt
2205 4260 2461 4334 primum
2484 4260 2638 4333 apud
2665 4276 2765 4316 eos
2791 4258 3105 4333 prmdicare
3126 4259 3311 4315 sancti
3334 4254 3692 4331 apostoli,i‘ta

2041 4356 2108 4407 ut
2134 4367 2252 4407 una
2274 4351 2365 4407 die
2387 4350 2458 4407 ad
2478 4366 2680 4405 eorum
2699 4348 3173 4422 praedicationem
3189 4351 3247 4403 et
3264 4344 3693 4413 miracula,cre-

2042 4440 2247 4496 derent
2265 4439 2378 4495 tria
2397 4438 2666 4509 millia,et
2686 4438 2802 4494 alia
2821 4437 2915 4493 die
2931 4436 3192 4510 quinque
3214 4433 3429 4503 millia;
3450 4438 3509 4489 et
3530 4436 3690 4505 post-

274 4530 362 4587 nis
386 4534 445 4587 et
475 4530 691 4588 mortis
720 4528 961 4601 Christi,
984 4544 1163 4601 quam
1195 4526 1490 4601 signiﬁcat
1522 4527 1770 4583 cadaver
1800 4543 1932 4583 sus-
1962 4554 2010 4621 Β
2042 4530 2286 4586 modum
2318 4529 2629 4584 innumera
2659 4526 2845 4582 millia
2874 4530 2931 4582 et
2959 4526 3019 4580 in
3050 4524 3272 4593 Judzea,
3297 4527 3353 4579 et
3375 4523 3433 4577 in
3465 4520 3691 4577 caeteris

272 4635 522 4691 pensum
552 4619 616 4676 in
661 4617 843 4693 ligno,
880 4634 995 4673 non
1043 4615 1345 4685 irrideant,
1373 4633 1491 4672 non
1540 4616 1928 4687 subsannent,

272 4712 556 4782 tanquam
586 4714 722 4765 ante
760 4706 962 4764 oculos
990 4723 1131 4764 suos
1170 4704 1514 4762 cruciﬁxum
1565 4705 1667 4761 Dei
1717 4704 1931 4763 Filium

268 4798 685 4870 despicientes,
717 4801 778 4853 et
822 4796 1080 4853 ostentui
1134 4794 1423 4853 habentes
1456 4811 1470 4851 :
1505 4795 1607 4851 sed
1658 4795 1935 4853 festinent

271 4887 541 4960 sepelire,
578 4886 635 4942 id
668 4890 778 4956 est,
812 4890 1062 4941 mortem
1102 4885 1253 4958 ejus,
1286 4900 1465 4956 quam
1514 4900 1618 4956 pro
1665 4884 1932 4941 omnium

273 4975 460 5033 salute
490 4973 775 5050 suscepit,
793 4974 1079 5032 honorare
1108 4974 1273 5047 (quia
1302 4971 1605 5045 sepultura
1633 4973 1819 5030 honor
1846 4978 1934 5031 est

274 5065 552 5136 mortui);
587 5068 645 5121 et
670 5064 784 5122 hoc
816 5063 951 5133 cito,
984 5069 1041 5121 et
1072 5063 1227 5119 intra
1259 5063 1446 5135 ipsam
1486 5061 1642 5118 diem
1693 5062 1933 5135 implere

268 5152 683 5209 festinentzid
716 5157 827 5221 est,
851 5151 910 5208 in
956 5152 1064 5209 hoc
1113 5156 1375 5225 tempore
1426 5150 1844 5224 redemptionis
1874 5157 1933 5208 et

272 5241 511 5307 salutis,
536 5259 653 5315 quo
672 5243 878 5315 Agnus
899 5241 1000 5297 Dei
1022 5257 1126 5313 pro
1147 5240 1402 5313 peccatis
1425 5240 1641 5295 nostris
1664 5241 1930 5297 immola-

272 5335 369 5386 tus
399 5334 574 5400 est,et
603 5331 665 5385 in
697 5329 975 5385 omnibus
1008 5328 1260 5384 dicitur:
1294 5347 1316 5376 ι
1343 5328 1405 5383 In
1429 5332 1690 5401 tempore
1720 5329 1933 5401 placito

272 5441 301 5467 σε
329 5420 604 5477 exaudivi
638 5424 719 5488 te,
751 5423 809 5474 et
840 5417 899 5478 in
929 5418 1023 5474 die
1062 5417 1271 5474 salutis
1318 5416 1634 5473 auxiliatus
1681 5434 1814 5474 sum
1844 5420 1932 5474 tui

272 5532 301 5558 «ι
333 5513 478 5579 (Im.
508 5525 658 5579 xux,
686 5508 776 5581 8).
801 5530 827 5557 »
859 5506 942 5563 De
970 5522 1087 5579 quo
1118 5506 1213 5563 die
1258 5506 1545 5562 adventus
1593 5506 1932 5582 Salvatoris,

264 5603 328 5656 et
360 5597 578 5657 salutis
605 5599 682 5657 ad
713 5595 1156 5671 redemptionis,
1183 5609 1361 5671 quam
1378 5608 1490 5653 sua
1512 5595 1783 5669 passione
1804 5614 1935 5674 ope-

2042 4617 2399 4692 regionibus.
2428 4617 2575 4673 Cum
2598 4620 2796 4672 autem
2828 4614 3018 4671 caeteri
3036 4615 3478 4681 indurarentur,
3498 4613 3691 4666 etnon

2040 4709 2362 4778 crederent,
2399 4706 2744 4780 repellentes
2791 4706 3036 4761 verbum
3084 4703 3208 4773 Dei,
3240 4706 3299 4760 et
3324 4702 3600 4775 indignos
3630 4715 3693 4756 se

2033 4798 2371 4870 judicantes
2403 4801 2630 4852 aeterna:
2658 4795 3177 4862 vitaa,transierunt
3197 4792 3442 4866 apostoli
3466 4792 3537 4847 ad
3559 4806 3693 4862 gen-

2043 4891 2149 4955 tes,
2183 4890 2249 4942 ut
2276 4885 2619 4959 impleretur
2648 4885 2801 4958 quod
2835 4889 2970 4941 ante
3007 4885 3197 4940 fuerat
3226 4879 3637 4956 prephetatum
3672 4892 3686 4930 :

2045 4999 2074 5028 ‹‹
2107 4975 2275 5031 Posui
2324 4981 2381 5031 te
2428 4975 2487 5030 in
2537 4975 2727 5032 lucem
2786 4976 3081 5048 gentibus,
3116 4978 3181 5030 ut
3209 4972 3292 5029 sis
3336 4972 3393 5026 in
3440 4967 3689 5023 salutem

2046 5088 2073 5115 ‹‹
2106 5082 2293 5139 usque
2324 5066 2396 5121 ad
2428 5069 2752 5122 extremum
2794 5070 2958 5122 terra:
2989 5066 3118 5138 (Isa.
3153 5078 3300 5129 xux,
3332 5060 3425 5128 6);
3460 5080 3487 5107 n
3520 5060 3577 5112 et
3606 5054 3691 5111 illi

2043 5159 2454 5211 remanserunt
2482 5155 2541 5209 in
2574 5158 2741 5212 nocte
2774 5152 3132 5210 infelicitatis
3160 5154 3216 5207 et
3237 5147 3514 5204 caecitatis
3546 5163 3686 5202 sum.

2041 5245 2257 5301 Omnes
2285 5261 2420 5318 ergo
2452 5245 2791 5317 quicunque
2822 5260 2890 5299 ex
2919 5241 3002 5297 eis
3046 5236 3378 5313 passionem
3431 5234 3687 5301 Domini,

2043 5336 2114 5390 ad
2138 5334 2534 5406 apostolorum
2559 5332 3030 5405 praedicationem
3047 5333 3104 5385 et
3121 5327 3415 5401 magnalia
3437 5325 3693 5382 credide-

2042 5429 2198 5493 runt,
2234 5440 2589 5496 suspensum
2623 5422 2681 5475 in
2711 5420 2868 5492 ligno
2898 5420 3084 5491 (juxta
3129 5416 3277 5491 legis
3323 5416 3691 5482 vaticinium)

2039 5514 2243 5569 eodem
2267 5511 2624 5585 sepelierunt
2652 5507 2913 5580 die,quia
2929 5509 3244 5581 pretiosam
3264 5510 3513 5562 mortem
3533 5502 3693 5560 Chri-

2041 5603 2137 5674 sti,
2170 5604 2313 5661 dum
2344 5600 2534 5659 adhuc
2562 5599 2649 5659 eis
2676 5598 2899 5657 luceret
2927 5597 3029 5657 Dei
3050 5597 3259 5673 gratia,
3282 5593 3556 5672 religiosa
3575 5608 3690 5649 me-
