4070 6180
401 291 518 354 163

1614 283 2015 346 AMULONIS
2058 281 2304 345 EPISC.
2352 283 2588 347 LUGD.

3685 283 3800 344 164

398 422 584 482 moria
609 418 1076 486 honoraverunt;
1106 432 1244 472 nam
1264 419 1322 472 et
1341 415 1749 472 defunctorum
1771 415 2039 489 sepulcra
2068 427 2120 495 Α
2152 437 2182 467 ‹‹
2209 431 2368 488 sum,
2393 433 2570 489 quem
2613 414 2854 484 unxisti,
2885 415 3140 472 Herodes
3187 417 3246 470 et
3293 411 3534 470 Pontius
3577 412 3802 472 Pilatus

396 507 711 570 memorias
738 505 1126 580 appellamus.
1157 504 1392 562 Caeteris
1408 521 1540 562 vero
1560 505 1854 561 horrenda
1873 509 2041 561 nocte

393 597 712 674 oppressis,
737 599 796 652 et
821 593 1211 652 venerabilem
1241 593 1454 652 Christi
1487 593 1818 667 passionem
1851 611 2040 667 usque

392 687 566 745 hodie
584 684 1298 756 irridentibus,permanet
1317 687 1374 740 et
1393 686 1694 756 pernoctat
1713 701 2038 757 suspensus

391 779 452 835 in
481 777 662 850 ligno,
697 774 792 831 cui
821 773 1204 830 honoriﬁcam
1234 773 1580 829 memoriam
1629 772 1900 830 exhibere
1928 790 2037 830 no-

392 869 543 923 lunt.
577 866 659 921 Ne
689 879 825 936 ergo
853 863 965 918 hoc
993 865 1222 918 tantum
1245 861 1467 918 malum
1489 861 2034 930 incurrerent,dum

391 956 583 1013 adhuc
614 957 848 1025 tempus
879 953 1148 1020 dabatur,
1171 952 1314 1006 dum
1338 952 1569 1009 occasio
1586 951 1794 1008 salntis
1814 951 2033 1019 aderat,

390 1045 740 1102 hortabatur
759 1059 858 1098 eos
888 1041 980 1096 lex
1006 1057 1110 1113 per
1138 1040 1411 1114 ﬁguram,
1445 1041 1645 1098 dicens
1669 1059 1683 1097 :
1711 1063 1739 1092 «
1769 1041 1892 1096 Non
1913 1057 2038 1113 per-

395 1155 422 1184 (ι
454 1131 712 1189 noctabit
739 1132 984 1186 cadaver
1011 1129 1140 1200 ejus
1170 1147 1348 1202 super
1375 1129 1640 1202 lignum;
1673 1129 1811 1201 quia
1839 1128 2034 1202 sepul-

392 1244 421 1272 «
450 1228 586 1278 tura
627 1219 872 1292 sepelies
920 1235 1055 1274 eum
1087 1217 1144 1273 in
1181 1219 1274 1274 die
1302 1219 1450 1291 ipsa.
1481 1243 1502 1269 η
1537 1221 1712 1290 (Dcut.
1744 1236 1861 1288 xxr,
1891 1219 1962 1273 23
1995 1221 2034 1286 :)

389 1311 554 1368 Unde
582 1313 640 1364 et
668 1308 954 1364 Dominus
981 1307 1202 1362 eisdem
1233 1307 1454 1363 Judaais
1485 1309 1750 1364 dicebat:
1780 1329 1808 1358 «
1829 1307 2035 1362 Adhuc

392 1421 421 1451 «
452 1399 750 1455 modicum
780 1397 979 1452 lumen
1009 1395 1069 1450 in
1100 1395 1266 1452 vobis
1295 1400 1419 1466 est;
1455 1395 1751 1453 ambulate
1779 1397 1922 1451 dum
1951 1395 2034 1450 lu-

391 1510 420 1539 ‹‹
451 1504 575 1544 cem
607 1485 857 1553 habetis,
892 1501 963 1540 ne
985 1484 1236 1541 tenebrae
1265 1503 1368 1542 vos
1416 1485 1934 1558 comprehendant.
1967 1485 2036 1540 Et

393 1597 417 1626 ι
451 1575 554 1650 qui
583 1574 852 1632 ambulat
881 1575 941 1630 in
974 1573 1251 1641 tenebris,
1285 1575 1474 1630 nescit
1501 1592 1617 1648 quo
1647 1573 2034 1631 eat.Dumlu-

391 1687 415 1716 ιι
447 1679 575 1719 cem
606 1660 858 1729 habetis,
891 1660 1107 1718 credite
1136 1661 1196 1718 in
1227 1660 1442 1732 lucem,
1465 1665 1532 1717 ut
1562 1661 1668 1717 ﬁlii
1699 1661 1851 1718 lucis
1881 1663 2032 1718 sitis.

391 1775 413 1803 α
447 1755 626 1822 (Joan.
658 1768 760 1818 ΧΠ,
791 1751 881 1817 35,
911 1750 1026 1818 36).
1060 1772 1090 1800 »

2155 524 2177 555 α
2210 521 2346 580 cum
2374 505 2652 580 gentibus
2680 508 2738 562 et
2764 503 3000 577 populis
3046 503 3406 572 Judmorum,
3440 502 3630 560 facere
3672 519 3802 576 qua

2152 618 2174 645 (ι
2210 577 2424 651 manus
2455 598 2557 650 tua
2585 598 2645 652 et
2669 592 2980 650 consilium
3013 592 3394 650 decreverunt
3421 591 3568 648 ﬁeri.
3600 613 3630 644 »
3663 592 3801 662 (Act.

2147 701 2224 752 Iv,
2257 701 2312 740 v.
2343 687 2380 740 2
2407 691 2461 740 et
2486 683 2658 757 seqq.)
2686 683 2782 740 Sic
2809 683 2964 740 Deus
2997 683 3166 738 Pater
3195 680 3332 738 huic
3377 681 3500 738 viro
3547 681 3804 738 maledi-

2143 771 2250 842 xit,
2286 790 2422 830 cum
2453 789 2589 830 eum
2619 791 2723 848 pro
2765 775 2968 831 nostra
3016 771 3226 841 salute,
3257 775 3470 830 nostra:
3521 769 3805 828 maledic-

2145 861 2314 931 tioni,
2347 866 2558 918 nostrae
2607 862 2783 918 morti
2839 861 3103 930 tradidit,
3139 860 3293 918 sicut
3345 860 3471 934 ipse
3525 863 3800 927 testatur,

2146 950 2346 1006 dicens
2377 967 2390 1006 :
2427 973 2457 1002 ‹‹
2487 951 2728 1024 Propter
2753 949 2944 1008 scelus
2977 950 3178 1024 populi
3213 949 3328 1006 mei
3358 948 3623 1023 percussi
3663 965 3804 1004 eum

2148 1061 2176 1090 «
2209 1043 2337 1109 (Isa.
2374 1058 2490 1107 LIII,
2523 1041 2598 1110 8),
2629 1062 2657 1090 »
2691 1044 2749 1096 et
2777 1040 2837 1095 in
2869 1039 3148 1096 Zacharia
3167 1039 3453 1118 propheta
3469 1039 3662 1112 ipsam
3682 1038 3803 1094 vim

2144 1129 2436 1200 passionis
2466 1130 2746 1186 frameam
2785 1129 3260 1203 appellans,dicit
3285 1145 3348 1184 zu
3370 1129 3615 1185 Framea
3664 1145 3772 1184 sus

2149 1242 2172 1267 ιι
2205 1219 2383 1274 citare
2431 1236 2608 1291 super
2665 1223 2960 1291 pastorem
3018 1235 3238 1288 meum,
3272 1222 3329 1274 et
3377 1235 3557 1292 super
3606 1218 3804 1274 virum

2149 1327 2178 1358 ‹‹
2213 1307 2598 1364 cohaerentem
2645 1307 2812 1379 mihi,
2845 1307 2990 1365 dicit
3036 1307 3342 1364 Dominus.
3375 1307 3618 1364 Percute
3665 1325 3805 1380 pas-

2148 1419 2177 1448 «
2207 1401 2415 1469 torem,
2453 1419 2474 1447 υ
2512 1401 2623 1454 etc.
2654 1397 2840 1468 (Zach.
2874 1415 2998 1466 xm,
3023 1399 3106 1467 7.)
3135 1397 3300 1454 Unde
3330 1399 3387 1453 et
3435 1396 3620 1453 Isaias
3672 1397 3758 1454 ait
3789 1413 3804 1451 :

2148 1506 2178 1535 ‹‹
2207 1486 2280 1540 Et
2311 1483 2596 1540 Dominus
2627 1484 2811 1541 voluit
2839 1488 3138 1540 conterere
3171 1500 3306 1540 eum
3357 1482 3416 1538 in
3460 1482 3812 1540 inﬁrmitate

2147 1595 2178 1624 «
2209 1575 2342 1646 (lsa.
2379 1591 2500 1643 LIII,
2533 1575 2642 1644 10).
2681 1597 2702 1626 ι)
2739 1575 2809 1629 Et
2836 1573 3150 1646 Apostolus
3181 1576 3404 1629 tantam
3435 1573 3537 1629 Dei
3577 1571 3809 1628 bonita-

2144 1665 2264 1719 tem
2283 1663 2452 1719 nobis
2473 1661 2862 1719 attentissime
2884 1662 3307 1719 commendans
3331 1677 3344 1718 :
3371 1683 3400 1714 ‹‹
3423 1659 3530 1729 Qui
3545 1660 3808 1735 proprio,

2154 1771 2183 1802 ι(
2214 1751 2427 1824 inquit,
2458 1750 2602 1808 Filio
2634 1741 2741 1808 suo
2785 1768 2900 1808 non
2947 1751 3223 1824 pepercit,
3253 1751 3358 1807 sed
3389 1768 3494 1824 pro
3527 1751 3809 1808 omnibus

911 1802 1108 1894 autem
1130 1838 1416 1910 jussisset
1445 1838 1536 1895 lex
1564 1843 1630 1896 ut
1659 1857 1775 1896 non
1807 1857 2035 1913 perma-
2070 1802 2117 1868 B
2155 1862 2183 1891 «
2672 1802 3221 1912 w(Doni.Eri-1,32).—vi;

383 1933 548 1986 neret
576 1943 903 2000 suspensus
924 1925 984 1982 in
1006 1926 1188 2000 ligno,
1203 1927 1303 1982 sed
1329 1928 1534 1984 eadem
1559 1928 1910 2002 sepeliretur
1925 1928 2036 1998 die,

383 2017 690 2092 subjunxit
717 2033 958 2073 causam
977 2017 1136 2073 unde
1158 2015 1241 2072 illi
1267 2016 1382 2073 ista
1403 2017 1853 2076 honoriﬁcentia
1871 2019 2040 2074 debe-

384 2113 566 2176 retur,
593 2106 834 2163 dicens:
867 2106 1014 2174 Qnia
1043 2106 1380 2164 maledictio
1411 2107 1513 2163 Dei
1547 2111 1638 2164 est
1669 2124 2034 2181 suspensus:

384 2195 543 2269 quod
601 2193 747 2250 nihil
803 2198 893 2251 est
945 2194 1105 2250 aliud
1163 2195 1300 2264 nisi,
1357 2218 1385 2248 «
1417 2195 1766 2252 Maledictus
1811 2215 1847 2252 a
1895 2197 2034 2269 Deo,

387 2306 416 2337 «
445 2289 628 2356 (Deut.
649 2284 884 2355 xx1,23),
913 2306 941 2336 »
966 2284 1119 2339 sicut
1137 2289 1196 2341 et
1215 2284 1314 2340 alii
1344 2284 1695 2358 interpretes
1719 2285 2035 2343 transtule-

384 2377 542 2430 runt.
575 2374 886 2446 Propterea
915 2389 1052 2446 ergo
1083 2372 1265 2446 hujus
1291 2372 1401 2429 viri
1433 2374 1708 2446 suspensi
1752 2374 1947 2448 passio
1979 2380 2034 2432 cl

384 2480 544 2519 mors
573 2461 846 2536 religiosa
873 2461 1160 2518 memoria
1181 2461 1456 2519 honorari
1478 2463 1669 2532 debet,
1694 2463 1833 2536 quia
1853 2463 2032 2522 male-

383 2551 561 2608 dictio
591 2551 692 2608 Dei
723 2555 813 2608 est
842 2568 1188 2623 suspensus,
1219 2553 1277 2608 id
1309 2557 1418 2622 est,
1451 2570 1567 2609 non
1615 2552 1806 2626 ipsius
1837 2553 2029 2626 culpa,

383 2657 500 2697 non
531 2657 640 2696 sua
665 2638 958 2708 violentia,
982 2656 1099 2694 non
1123 2639 1248 2696 suis
1267 2641 1462 2714 pravis
1482 2641 1743 2698 consiliis
1763 2642 1949 2717 Judaei
1971 2642 2031 2698 in

384 2728 697 2784 Dominum
727 2729 931 2785 Jesum
962 2727 1260 2784 Christum
1290 2729 1400 2786 hoc
1431 2731 1658 2786 efﬁcere
1677 2735 2028 2804 potuerunt;

384 2818 486 2874 sed
520 2817 620 2874 Dei
653 2817 917 2886 consilio,
951 2822 1008 2873 et
1038 2818 1402 2891 praescientia
1431 2819 1704 2893 permissi
1734 2823 1894 2875 sunt.
1930 2821 2030 2876 Hic

381 2906 538 2962 enim
570 2911 780 2962 nostrae
826 2905 1224 2962 maledictioni
1263 2906 1446 2964 voluit
1473 2909 1796 2982 subjacere,
1829 2911 1896 2964 ut
1921 2925 2030 2966 nos

382 2995 806 3052 benedictionis
835 2995 996 3052 illius
1026 3013 1333 3069 possemus
1363 3014 1492 3054 esse
1513 2997 2029 3072 participes.Male-

383 3085 558 3140 dictio
588 3085 745 3140 enim
777 3088 977 3138 nostra
1003 3084 1219 3157 duplex
1247 3091 1358 3157 est,
1388 3086 1654 3142 videlicet
1684 3087 1742 3142 in
1766 3085 1956 3158 culpa,
1972 3090 2030 3142 et

2221 1929 2459 1986 XXXIV.
2493 1929 2641 1996 Quia
2669 1946 2804 2003 ergo
2835 1933 2998 1985 tanta
3041 1928 3143 1985 Dei
3187 1929 3550 2003 benignitate
3577 1929 3668 1985 vir
3695 1927 3812 1987 iste

2149 2022 2361 2075 nostra:
2394 2017 2793 2074 maledictioni
2825 2021 3032 2090 sponte
3063 2018 3394 2086 succubuit,
3423 2017 3474 2074 ei
3513 2035 3650 2074 cum
3679 2035 3808 2076 sce-

2147 2107 2349 2164 leratis
2383 2111 2686 2180 reputatus
2715 2110 2823 2176 est,
2851 2105 3122 2180 praecepit
3151 2106 3244 2163 lex
3291 2107 3420 2180 ejus
3465 2107 3807 2180 passionem

2147 2196 2244 2270 pia
2273 2196 2557 2252 memoria
2585 2195 2884 2252 honorari.
2917 2197 3118 2268 Neque
3147 2196 3306 2253 enim
3337 2197 3410 2252 de
3440 2195 3700 2270 simplici
3720 2213 3810 2252 se-

2144 2285 2383 2358 pultura
2413 2283 2572 2340 illius
2603 2289 2724 2340 tam
2754 2285 3008 2341 absurde
3029 2285 3367 2358 przeciperet
3392 2284 3650 2357 Spiritus
3671 2303 3810 2342 san-

2143 2377 2292 2444 ctus,
2329 2378 2394 2430 ut
2423 2390 2552 2431 eam
2583 2374 2654 2429 ab
2685 2373 2832 2447 ipsis
2853 2374 2956 2447 qui
2978 2391 3115 2430 eum
3139 2373 3811 2446 cruciﬁxeruntjuberet

2141 2463 2478 2537 praeparari,
2511 2463 2747 2536 quando
2769 2462 2868 2518 ille
2890 2462 2991 2536 qui
3021 2462 3130 2519 hoc
3163 2461 3316 2532 fecit,
3349 2461 3408 2518 id
3439 2465 3547 2531 est,
3575 2463 3802 2536 Joseph

2141 2553 2214 2610 ab
2242 2551 2588 2621 Arimathia,
2631 2554 2779 2609 teste
2826 2551 3158 2624 Evangeho,
3195 2574 3224 2602 «
3253 2569 3372 2608 non
3419 2557 3809 2608 consenserat

2143 2663 2172 2694 «
2203 2641 2448 2698 consilio
2477 2644 2534 2697 et
2564 2640 2794 2697 actibus
2842 2657 3045 2696 eorum
3091 2641 3244 2711 (Lue.
3277 2657 3438 2709 xxm,
3470 2641 3583 2714 5|).
3615 2661 3644 2690 ››
3677 2641 3802 2696 Ad-

2131 2731 2332 2804 jungit
2357 2729 2467 2799 lex,
2502 2732 2725 2820 quanta
2749 2727 2996 2802 pollutio
3027 2731 3084 2784 et
3113 2729 3536 2785 contaminatio
3556 2729 3802 2786 Judaeos

2138 2822 2523 2875 consecutura
2544 2817 2718 2887 esset,
2747 2817 2847 2891 qui
2879 2817 3038 2874 hunc
3065 2817 3352 2876 honorem
3381 2817 3624 2875 Domino
3653 2819 3803 2874 dare

2135 2907 2450 2965 noluerunt
2477 2912 2535 2964 et
2555 2907 2786 2980 nolunt,
2807 2906 3008 2964 dicens
3033 2925 3046 2962 :
3074 2929 3104 2958 «
3125 2908 3194 2963 Et
3214 2924 3330 2964 non
3359 2907 3795 2965 contaminabis

2140 3019 2170 3047 «
2200 3001 2414 3052 terram
2445 3001 2630 3066 tuam,
2648 3013 2827 3068 quam
2850 2994 3136 3052 Dominus
3159 2995 3314 3052 Deus
3334 2999 3474 3051 tuus
3495 2995 3659 3058 dabit
3681 2995 3794 3051 tibi

2141 3107 2162 3136 α
2199 3085 2258 3139 in
2307 3085 2644 3141 hazreditate
2691 3086 2866 3156 (Deut.
2899 3102 3014 3153 xxx,
3045 3084 3160 3156 23.)
3189 3106 3217 3136 ι)
3271 3077 3391 3158 Ipsi
3438 3088 3580 3140 sunt
3626 3085 3794 3140 enim

380 3171 440 3226 in
474 3189 664 3244 poma.
687 3172 754 3226 In
777 3170 970 3242 culpa,
983 3170 1136 3228 sicut
1156 3171 1442 3244 scriptum
1473 3177 1596 3230 est:
1625 3196 1653 3224 ‹‹
1677 3173 2024 3230 Maledictus
2059 3177 2104 3244 (Γ,
2139 3177 2312 3243 terra,
2345 3191 2522 3246 quam
2553 3173 2866 3246 aliquando
2895 3173 3182 3230 Dominus
3209 3173 3366 3230 Deus
3389 3173 3629 3230 dederat
3647 3172 3794 3242 illis,

385 3281 414 3310 α
447 3259 548 3331 qui
581 3275 698 3313 non
725 3262 1028 3331 permanet
1057 3258 1116 3312 in
1147 3259 1339 3315 verbis
1369 3259 1516 3333 legis
1546 3260 1746 3332 hujus,
1765 3265 1828 3316 ut
1857 3262 2034 3320 faciat

385 3369 415 3399 ‹‹
443 3364 512 3404 ea
557 3347 732 3420 (Deut.
782 3346 1102 3419 xxv11,_26).
1136 3370 1164 3398 »
1198 3348 1262 3403 In
1302 3365 1491 3421 pmna,
1526 3349 1678 3404 sicut
1735 3350 1807 3405 ab
1863 3349 2031 3407 initio

382 3434 572 3508 primo
601 3433 830 3490 homini
863 3433 1089 3490 dictum
1121 3440 1210 3492 est
1240 3453 1253 3492 :
1292 3459 1313 3486 α
1349 3438 1707 3510 Quacunque
1750 3439 1906 3494 enim
1939 3439 2032 3495 die

386 3547 414 3575 «
445 3523 771 3580 comederis
802 3539 870 3580 ex
899 3539 986 3593 eo,
1022 3529 1208 3581 morte
1255 3526 1524 3582 morieris
1575 3527 1726 3596 (Gen.
1758 3545 1820 3596 ιι,
1857 3529 1964 3598 17).
1998 3551 2026 3580 ››

381 3613 517 3680 Quas
548 3611 878 3669 maledictio
909 3627 977 3668 ex
1005 3612 1104 3669 illo
1135 3613 1372 3670 homine
1402 3615 1460 3670 in
1491 3615 1819 3672 humanum
1842 3633 2028 3690 genus

381 3699 783 3758 descendit.Et
799 3701 1078 3774 quoniam
1101 3702 1196 3758 ille
1217 3706 1529 3776 utramque
1559 3703 2026 3762 maledictionem

380 3789 618 3860 meruit,
649 3788 708 3844 id
741 3793 831 3846 est
859 3788 1065 3862 culpae,
1095 3791 1236 3864 quia
1259 3795 1666 3865 transgressus
1695 3797 1784 3848 est
1813 3809 2026 3866 praece-

379 3881 546 3950 ptum
578 3878 846 3948 Domini;
879 3883 938 3936 et
967 3896 1170 3953 paenae,
1203 3881 1344 3953 quia
1373 3880 1643 3938 addictus
1673 3885 1762 3938 est
1799 3883 1973 3938 morti
2008 3899 2022 3938 :

379 3967 508 4023 ideo
529 3971 588 4022 et
605 3984 811 4023 omnes
832 3967 1101 4024 homines
1120 3973 1366 4042 utraque
1385 3971 1715 4027 maledictio
1729 3971 2023 4046 obligavit.

379 4055 492 4110 Sed
532 4055 692 4110 venit
737 4073 910 4112 verus
959 4056 1242 4124 Salvator,
1275 4059 1560 4115 Dominus
1614 4059 1814 4117 noster
1855 4061 2029 4118 Jesus

375 4141 672 4214 Christus,
705 4142 869 4199 solus
899 4143 1026 4200 sine
1053 4145 1462 4204 maledictione
1491 4148 1710 4221 culpae;
1734 4149 1874 4221 quia
1902 4167 2030 4223 pec-

379 4233 580 4286 catum
612 4245 728 4285 non
761 4230 917 4299 fecit,
953 4248 1056 4286 nec
1082 4231 1354 4289 inventus
1375 4238 1464 4291 est
1483 4234 1655 4292 dolus
1676 4236 1735 4291 in
1757 4254 1856 4294 ore
1876 4239 2026 4310 ejus.

379 4317 650 4390 Suscepit
678 4317 935 4374 indebite
965 4319 1435 4379 maledictionem
1475 4340 1657 4396 pcenze
1707 4328 1939 4397 nostrae,
1969 4330 2029 4382 et

2140 3265 2206 3318 ut
2231 3267 2429 3318 essent
2459 3263 2510 3319 ei
2541 3261 2794 3336 populus
2824 3261 3250 3332 haereditarius,
3275 3260 3428 3316 sicut
3454 3261 3685 3336 Moyses
3715 3262 3796 3318 ad

2139 3369 2238 3410 eos
2257 3352 2402 3408 dicit
2424 3369 2437 3407 :
2466 3375 2494 3403 ‹‹
2522 3352 2638 3408 Vos
2657 3351 2832 3425 elegit
2849 3351 3136 3408 Dominus
3156 3351 3227 3407 de
3243 3349 3472 3406 cunctis
3486 3351 3794 3424 gentibus,

2145 3463 2168 3494 ι
2203 3446 2269 3498 ut
2297 3441 2536 3502 haberet
2555 3440 2839 3514 populum
2860 3439 3295 3497 hereditarium
3315 3441 3492 3511 (Deut.
3515 3458 3592 3510 ιν,
3615 3441 3736 3511 20).
3764 3465 3796 3492 »

2140 3531 2256 3604 Ipsi
2300 3534 2440 3586 sunt
2480 3532 2636 3585 terra
2683 3529 2776 3585 cui
2827 3529 3120 3586 clamabat
3166 3525 3489 3586 Jeremias:
3524 3549 3554 3579 «
3587 3529 3796 3597 Terra,

2141 3642 2170 3671 «
2202 3623 2376 3688 terra,
2409 3623 2584 3688 terra,
2601 3617 2756 3674 ‘audi
2788 3634 3118 3674 sermonem
3151 3617 3384 3675 Domini
3409 3618 3624 3692 (Jerem.
3648 3635 3796 3687 xxu,

2133 3710 2248 3780 29),
2283 3731 2311 3759 »
2347 3712 2404 3763 et
2429 3708 2500 3764 de
2549 3724 2669 3780 qua
2719 3707 2778 3762 in
2830 3705 3058 3780 psalmo
3111 3707 3327 3764 dicitur
3356 3725 3370 3763 :
3407 3729 3435 3758 «
3464 3708 3529 3763 Et
3563 3706 3799 3763 adulte-

2141 3821 2163 3848 ι(
2198 3802 2327 3853 rata
2356 3801 2445 3854 est
2468 3799 2623 3853 terra
2654 3796 2715 3852 in
2745 3795 3156 3869 sanguinibus,
3180 3799 3238 3852 et
3263 3794 3627 3869 coinquinati
3649 3801 3802 3852 sunt

2138 3909 2166 3937 ‹‹
2197 3886 2256 3942 in
2285 3885 2562 3960 operibus
2593 3883 2738 3954 suis,
2761 3907 2790 3937 ››
2824 3885 2944 3942 sive
2973 3889 3063 3955 (ut
3091 3872 3212 3942 ‘nos
3262 3888 3542 3942 consuete
3589 3887 3799 3940 canta-

2135 3978 2292 4045 mus)
2317 3992 2330 4030 :
2360 3999 2380 4025 «ι
2408 3975 2716 4031 Interfecta
2735 3978 2825 4030 est
2845 3978 2998 4030 terra
3019 3973 3078 4029 in
3101 3973 3576 4047 sanguinibus,et
3596 3978 3805 4030 conta-

2139 4088 2168 4118 «
2201 4064 2425 4120 minata
2455 4067 2545 4120 est
2571 4062 2629 4118 in
2661 4063 2937 4136 operibus
2967 4079 3170 4119 eorum
3200 4063 3374 4133 (Psal.
3396 4079 3486 4133 ev,
3508 4065 3600 4134 38,
3619 4063 3738 4136 39).
3766 4085 3796 4112 ιι

2136 4154 2470 4210 Debuerant
2496 4152 2692 4225 itaque
2721 4151 3005 4208 honorem
3047 4151 3182 4207 ﬁdei
3229 4150 3505 4208 exhibere
3541 4151 3804 4209 Domino

2136 4241 2552 4314 Salvatori,pro
2585 4239 2772 4297 salute
2802 4240 3008 4296 mundi
3039 4241 3101 4296 in
3129 4239 3292 4314 ligno
3314 4239 3506 4296 crucis
3536 4257 3716 4314 passo
3739 4246 3805 4297 et

2135 4334 2388 4398 mortuo,
2422 4334 2488 4386 ut
2519 4333 2884 4385 mererentur
2909 4328 3116 4386 audire
3148 4345 3284 4385 cum
3317 4328 3536 4385 sanctis
3565 4333 3808 4402 aposto-

381 4405 853 4462 maledictionem
884 4408 1092 4464 mortis
1123 4411 1356 4480 nostrze,
1389 4415 1456 4466 ut
1503 4429 1612 4468 nos
1659 4413 1733 4467 ab
1779 4417 2026 4486 utraque
2133 4418 2206 4476 lis
2236 4423 2294 4476 et
2321 4418 2544 4475 caeteris
2573 4417 2673 4490 qui
2704 4435 2774 4474 ex
2801 4419 3006 4476 eodem
3032 4417 3249 4491 populo
3271 4418 3668 4487 crediderunt,
3693 4435 3807 4491 per

379 4494 788 4554 maledictione
809 4497 1084 4571 eriperet:
1103 4515 1316 4571 passus
1335 4517 1438 4572 pro
1461 4499 1774 4569 nobis,non
1796 4519 1902 4575 pro
1923 4520 1985 4559 se
2007 4522 2020 4560 :

379 4599 495 4638 non
525 4582 749 4639 habens
779 4585 1036 4658 culpam,
1059 4591 1118 4642 et
1143 4587 1444 4644 sustinens
1475 4605 1728 4662 pcenam,
1750 4594 1816 4646 ut
1835 4594 1893 4646 et
1912 4593 2030 4648 cul-

380 4687 514 4742 pam
539 4670 724 4726 solvat
741 4678 799 4728 et
817 4691 1071 4746 poenam.
1088 4676 1206 4732 Hoc
1221 4676 1376 4733 Deus
1397 4681 1530 4733 ante
1550 4679 2027 4738 constitutionem

381 4758 588 4814 mundi
619 4759 1076 4819 misericorditer
1105 4781 1210 4836 pro
1243 4770 1442 4822 nostra
1479 4765 1668 4822 salute
1715 4768 2026 4842 disposuit,

380 4848 491 4905 hoc
521 4863 626 4920 per
653 4848 967 4922 prophetas
998 4869 1138 4908 suos
1169 4857 1302 4910 ante
1331 4855 1732 4929 praedixit,hoc
1753 4857 1812 4915 in
1845 4859 2032 4919 novis-

379 4937 548 4994 simis
579 4937 810 5007 diebus,
845 4937 1000 4995 sicut
1029 4943 1375 5013 praedictum
1407 4945 1618 5018 fuerat,
1649 4948 1910 5020 perfecit,
1945 4954 2026 5006 te-

381 5029 570 5083 stante
601 5027 770 5083 beato
803 5026 967 5084 Petro
998 5031 1260 5102 apostolo
1290 5032 1361 5088 de
1391 5033 1638 5092 Domino
1670 5041 1868 5094 nostro
1887 5039 2028 5096 Jesu

380 5113 628 5187 Christo,
661 5119 720 5172 et
748 5115 978 5176 dicente
1009 5119 1079 5176 ad
1104 5116 1339 5178 Judésos
1360 5138 1372 5176 :
1396 5145 1423 5173 «
1444 5123 1610 5179 Hunc
1637 5126 1878 5183 deﬁnito
1900 5145 2032 5184 con~

385 5223 413 5252 «
444 5201 573 5259 silio
602 5209 660 5259 et
689 5208 1054 5278 praescientia
1085 5209 1184 5266 Dei
1216 5211 1520 5279 traditum,
1554 5229 1657 5284 per
1687 5231 1898 5271 manus
1917 5216 2028 5272 ini-

386 5311 414 5341 ‹‹
444 5307 696 5362 quorum
727 5296 1052 5370 afﬂigentes
1085 5299 1470 5356 interemistis
1497 5301 1630 5373 (Act.
1664 5319 1726 5367 ιι,
1757 5305 1870 5374 23).
1906 5327 1932 5355 »
1961 5307 2031 5361 Et

382 5395 618 5434 rursum
650 5385 931 5452 apostolis
959 5391 1016 5442 et
1049 5389 1319 5446 universa
1344 5387 1604 5446 Ecclesia
1641 5391 1945 5449 orantibus
1975 5398 2032 5450 et

382 5466 715 5525 dicentibus
744 5471 816 5527 ad
848 5473 1032 5531 Deum
1057 5493 1070 5533 :
1107 5500 1136 5528 «
1167 5477 1575 5536 Convenerunt
1603 5479 1761 5536 enim
1806 5498 1939 5539 vere
1969 5479 2030 5540 in

389 5579 410 5610 α
446 5554 556 5614 hac
583 5555 812 5618 civitate
841 5563 1120 5624 adversus
1149 5572 1421 5628 sanctum
1451 5586 1704 5646 puerum
1734 5573 1906 5628 tuum
1934 5572 2030 5632 Je-

2135 4507 2482 4564 Malachiam
2538 4505 2936 4578 prophetam:
2995 4529 3016 4558 ιι
3053 4507 3124 4562 Et
3175 4507 3376 4563 beatos
3433 4523 3542 4562 vos
3598 4506 3806 4564 dicent

2143 4617 2170 4650 ι
2199 4613 2403 4653 omnes
2419 4599 2622 4670 gentes
2645 4611 2657 4650 :
2681 4594 2845 4652 eritis
2866 4595 3084 4668 quippe
3095 4612 3199 4651 vos
3217 4599 3374 4652 terra
3384 4595 3804 4652 desiderabilis

2138 4685 2349 4759 (Malae.
2382 4701 2466 4754 ιιι,
2503 4684 2612 4758 12).
2643 4703 2670 4736 ιι
2706 4685 2819 4740 Sed
2851 4683 2990 4758 quia
3036 4687 3536 4758 contempserunt,
3569 4687 3626 4740 et
3657 4702 3804 4741 con-

2137 4779 2430 4843 temnunt,
2465 4777 2524 4830 et
2553 4791 2740 4846 usque
2767 4773 2942 4830 hodie
2964 4773 3282 4830 furibundo
3307 4773 3504 4830 animo
3525 4776 3584 4830 et
3602 4776 3810 4830 trucu~

2136 4863 2293 4920 lento
2331 4862 2496 4920 vultu
2541 4862 2664 4919 haec
2705 4861 2930 4934 legunt,
2977 4863 3334 4920 detestantes
3384 4879 3520 4919 eum
3571 4861 3643 4917 de
3681 4879 3806 4934 quo

2138 4952 2358 5024 scripta
2383 4951 3097 5022 sunt,contaminaverunt
3116 4956 3174 5008 et
3211 4950 3550 5025 polluerunt
3576 4952 3804 5007 terram

2139 5045 2396 5110 suam,et
2407 5057 2522 5096 non
2541 5039 2846 5112 possident
2859 5039 3328 5096 benedictionem
3351 5039 3803 5112 repromissam,

2138 5131 2241 5188 sed
2270 5127 2528 5202 quotidie
2557 5129 2643 5184 eis
2673 5127 2892 5184 dicitur
2915 5146 3019 5202 per
3038 5127 3396 5185 Ezechielem
3416 5126 3807 5201 prophetam;

2144 5243 2172 5276 ιι
2202 5221 2291 5276 Tu
2321 5235 2384 5274 es
2415 5223 2570 5274 terra
2610 5217 2936 5287 immunda,
2973 5222 3031 5274 et
3078 5235 3194 5274 non
3245 5217 3548 5290 compluta
3578 5216 3806 5288 (Ezech.

2135 5326 2275 5378 xxn,
2306 5309 2433 5378 24);
2457 5327 2482 5359 ιι
2509 5311 2565 5363 et
2586 5323 2689 5378 per
2714 5307 2925 5362 Isaiam
2951 5323 2964 5362 :
2996 5329 3017 5358 α
3045 5307 3257 5363 Manus
3277 5310 3485 5363 vestrae
3507 5305 3814 5380 sanguine

2138 5398 2323 5472 plenae
2371 5399 2530 5454 sunt.
2562 5415 2590 5446 ιι
2641 5396 2712 5450 Et
2758 5395 3020 5450 iterum:
3060 5416 3087 5449 ιι
3115 5399 3324 5452 Manus
3381 5393 3541 5450 enim
3591 5399 3813 5451 vestras

2144 5507 2172 5540 ι
2201 5485 2436 5560 pollutae
2469 5487 2610 5542 sunt
2648 5482 2956 5557 sanguine,
2989 5487 3046 5540 et
3073 5484 3242 5558 digiti
3277 5485 3456 5542 vestri
3485 5482 3814 5557 iniquitate

2147 5597 2175 5634 α
2205 5575 2331 5651 (Isa.
2368 5591 2408 5649 ι,
2445 5574 2544 5646 15;
2577 5589 2690 5644 ux,
2724 5572 2802 5647 3).
2833 5591 2862 5627 ι
2895 5571 3174 5633 Videlicet
3203 5573 3344 5653 quia
3369 5571 3810 5651 clamaverunt,
