4070 6180
223 323 334 386 165

1475 316 1626 381 LIB.
1675 319 1989 383 CONTRA
2031 318 2376 383 JUD/EOS.

3512 330 3627 390 166

224 457 478 512 dicentes
513 469 528 509 :
567 474 598 504 «
629 451 882 526 Sanguis
924 452 1054 524 ejus
1084 469 1262 526 super
1291 470 1398 511 nos
1429 457 1485 510 et
1517 470 1694 526 super
1725 454 1876 512 filios
1904 455 1962 524 Α
1990 454 2142 509 Deus
2166 455 2362 526 posuit
2401 455 2459 510 in
2507 471 2573 511 eo
2617 455 2988 529 iniquitatem
3036 460 3301 516 omnium
3336 466 3625 518 nostrum.

227 567 250 596 «ι
279 547 516 600 nostros
546 540 760 610 (Matth.
793 559 964 608 xxvu,
997 541 1110 613 25).
1145 564 1173 592 ››

287 631 503 689 XXXV.
527 631 690 686 Hanc
711 629 1269 686 contaminationem
1291 635 1349 687 et
1369 630 1748 704 pollutionem
1772 636 1878 688 ter-

225 741 294 780 ra:
314 738 459 789 suae,
492 720 554 776 id
584 724 674 776 est
701 719 1034 791 semetipsis
1063 719 1270 775 timere
1298 721 1642 790 debuerant,
1674 726 1731 777 et
1762 739 1876 777 non

227 811 380 867 illam
407 826 539 882 quae
562 807 727 863 nulla
757 812 864 876 est,
883 807 1053 879 quasi
1082 812 1238 864 terra
1269 807 1652 865 habitationis
1675 827 1877 866 eorum

228 900 582 975 pollueretur
602 898 983 952 cadaveribus
1013 896 1072 950 in
1106 913 1277 953 cruce
1308 896 1877 970 suspensorum,nisi

227 991 422 1047 eadem
447 988 543 1042 dic
569 984 977 1058 sepelirentur.
1002 987 1165 1050 Quod
1195 985 1434 1041 omnino
1466 987 1670 1042 beatus
1698 987 1876 1041 David

227 1097 316 1135 rex
336 1083 394 1132 et
414 1075 706 1148 propheta
726 1091 843 1128 non
875 1073 1093 1144 timuit,
1128 1074 1226 1144 qui
1252 1075 1324 1130 ob
1352 1074 1698 1146 placandam
1731 1075 1877 1130 iram

229 1167 318 1224 Dei
351 1169 588 1238 septem
619 1165 774 1217 viros
805 1163 875 1218 de
906 1163 1079 1218 domo
1101 1162 1239 1218 Saul
1275 1164 1617 1219 Gabaonitis
1643 1164 1881 1218 tradidit

229 1253 657 1326 crucifigendos
690 1269 704 1306 :
739 1255 796 1306 et
825 1251 896 1306 ab
927 1250 1094 1306 initio
1124 1251 1435 1308 messionis
1468 1252 1880 1323 hordei,donec

231 1362 428 1402 omnes
451 1347 684 1415 segetes
705 1344 1147 1408 meterentur,et
1165 1340 1414 1396 stillaret
1435 1359 1611 1414 super
1638 1359 1736 1397 eos
1758 1341 1883 1414 plu-

228 1435 308 1491 via
327 1435 403 1488 de
425 1430 600 1499 cwlo,
633 1431 718 1486 sic
739 1447 840 1486 eos
870 1429 1116 1499 dimisit,
1151 1447 1254 1485 nec
1274 1430 1461 1486 ullum
1483 1447 1686 1486 eorum
1717 1448 1880 1502 sepe-

231 1523 311 1578 liri
333 1521 500 1577 fecit.
525 1519 635 1575 Ubi
669 1518 719 1572 si
747 1517 1177 1588 responderint,
1210 1518 1354 1573 istos
1385 1519 1442 1572 in
1476 1523 1630 1574 terra
1659 1519 1884 1575 habita-

229 1611 396 1668 tionis
430 1606 917 1673 Gabaonitarum,
938 1607 1040 1678 qui
1071 1623 1187 1663 non
1219 1612 1386 1663 erant
1413 1608 1483 1663 de
1513 1608 1652 1665 ﬁliis
1682 1609 1880 1678 Israel,

229 1700 400 1756 fuisse
426 1697 767 1765 cruciﬁxos,
799 1698 856 1751 et
885 1698 1191 1767 propterea
1219 1695 1304 1751 sic
1336 1696 1652 1765 dimissos;
1685 1697 1884 1770 legant

228 1790 279 1845 in
306 1789 520 1844 eodem
574 1785 724 1840 libro
784 1783 1098 1851 Samuelis,
1131 1801 1246 1839 non
1296 1785 1356 1840 in
1395 1785 1652 1854 Gabaon,
1686 1787 1786 1842 sed
1817 1786 1876 1840 in

228 1878 414 1934 Gabaa
445 1873 758 1946 Benjamin
789 1872 900 1928 hoc
931 1877 1164 1944 gestum
1196 1889 1344 1941 esse,
1370 1873 1701 1930 dicentibus
1730 1874 1875 1946 ipsis

227 1964 567 2024 Gabaonitis
589 1963 662 2018 ad
688 1962 868 2018 David
894 1977 906 2017 :
946 1984 973 2011 «
997 1962 1066 2016 Et
1095 1961 1510 2034 cruciﬁgamus
1548 1979 1647 2020 eos
1676 1963 1736 2018 in
1765 1968 1877 2026 Ga-

229 2078 253 2106 «ι
279 2057 386 2111 baa
406 2051 937 2123 Saulis,quondam
960 2050 1126 2106 electi
1149 2047 1380 2106 Domiui
1401 2051 1472 2122 (II
1491 2052 1614 2123 Reg.
1639 2053 1873 2120 xx1,6).»

225 2146 276 2201 Si
315 2146 524 2200 autem
584 2140 836 2196 dixerint
887 2139 1157 2194 timuisse
1215 2139 1397 2195 David
1446 2157 1518 2195 ne
1572 2140 1719 2196 iram
1776 2141 1878 2196 Dei

223 2234 583 2299 incurreret;
617 2229 666 2285 si
690 2227 870 2285 semel
901 2229 1212 2284 damnatos
1231 2232 1289 2284 et
1308 2228 1514 2284 divina:
1536 2229 1743 2285 ultioni
1775 2230 1878 2285 de-

224 2327 454 2395 putatos
479 2318 730 2391 sepelire
752 2317 1245 2390 praesumpsisset,
1270 2317 1423 2390 legat
1450 2319 1589 2389 quia
1620 2324 1878 2390 postmo-

222 2413 533 2478 dum,cum
549 2407 955 2464 einuntiatum
968 2405 1179 2462 fuisset
1201 2407 1357 2478 quod
1380 2408 1878 2477 concubinaSaul,

225 2502 527 2556 substrato
550 2497 664 2553 sibi
690 2512 868 2569 super
883 2495 1138 2568 lapidem
1161 2495 1474 2563 cilicio,eos
1505 2513 1609 2569 per
1637 2498 1791 2553 diem
1823 2503 1882 2554 et

224 2597 456 2646 noctem
479 2605 516 2643 a
537 2586 678 2642 feris
703 2590 760 2642 et
789 2585 996 2641 avibus
1023 2589 1143 2640 tam
1172 2584 1346 2657 longo
1393 2589 1653 2657 tempore
1685 2592 1880 2642 custo-

112 2698 120 2707 ·
225 2679 427 2755 disset,
453 2693 576 2732 non
607 2673 800 2730 solum
831 2673 1222 2746 reprehendit,
1248 2674 1347 2730 sed
1371 2674 1547 2729 etiam
1571 2678 1742 2730 tantae
1769 2676 1884 2748 pie-

223 2769 358 2823 tatis
391 2764 662 2820 imitator
690 2768 747 2818 et
778 2778 1208 2835 supergressor,
1242 2761 1440 2817 attulit
1486 2779 1620 2818 ossa
1658 2764 1794 2820 Saul
1827 2771 1884 2820 et

222 2855 492 2912 Jonathaa
515 2853 622 2908 filii
645 2853 775 2924 ejus
806 2853 878 2906 de
906 2852 1084 2906 Jahes
1115 2850 1331 2907 Galaad
1359 2867 1372 2906 :
1397 2855 1455 2906 et
1473 2853 1657 2922 jussit
1687 2853 1881 2924 colligi

222 2962 352 3001 ossa
374 2944 632 3000 istorum
660 2944 883 3012 septem
907 2939 1007 3011 qui
1027 2939 1288 2995 crucifixi
1309 2938 1570 2995 fuerant:
1589 2940 1884 3013 simulque

222 3051 329 3088 nam
365 3030 797 3097 abominanda,
819 3029 920 3085 sed
944 3029 1036 3101 pie
1066 3027 1406 3096 honorando
1436 3029 1698 3084 condidit
1719 3029 1777 3084 in
1801 3047 1885 3085 se-

222 3125 421 3195 pulcro
446 3121 571 3188 Cis,
595 3118 782 3191 patris
811 3116 972 3173 Saul.
1004 3117 1120 3172 Nec
1149 3116 1221 3172 ob
1255 3115 1360 3171 hoc
1403 3116 1588 3172 Deum
1620 3118 1879 3186 offendit,

222 3191 315 3266 sed
357 3212 616 3281 insuper
646 3207 949 3278 Scriptura
976 3205 1119 3261 dicit
1149 3221 1162 3262 :
1202 3225 1224 3254 ι
1258 3205 1658 3277 Feceruntque
1687 3208 1883 3263 omnia
1911 3191 1957 3260 C

227 3325 247 3348 ι
273 3318 401 3370 quae
424 3299 789 3370 praeceperat
811 3312 928 3350 rex.
948 3295 1018 3350 Et
1039 3293 1453 3366 repr0pitiatus
1477 3299 1566 3350 est
1595 3295 1880 3354 Dominus

226 3412 246 3439 ι
271 3397 438 3444 t:rrae
496 3391 632 3458 post
676 3385 799 3440 haec
848 3384 918 3453 (Il
947 3385 1071 3454 Reg.
1104 3401 1219 3450 xxx,
1255 3384 1364 3454 14).
1402 3405 1423 3432 ιι
1459 3384 1584 3438 Non
1606 3401 1742 3457 ergo
1771 3385 1884 3442 ista

224 3477 427 3532 beatus
462 3474 650 3531 David
682 3473 999 3541 metuebat,
1034 3471 1175 3544 quia
1203 3471 1262 3526 in
1294 3471 1393 3527 illo
1433 3471 1578 3545 legis
1627 3473 1883 3546 capitulo

224 3583 332 3620 non
364 3565 632 3634 alicujus
661 3560 1037 3618 abominaudi
1069 3560 1327 3617 hominis
1367 3561 1748 3633 supplicium,
1779 3565 1882 3618 sed

223 3653 548 3710 Salvatoris
608 3651 954 3725 mysterium
1012 3650 1393 3724 intelligebat.
1416 3653 1530 3706 Aut
1558 3651 1608 3707 si
1636 3652 1731 3707 isti
1762 3657 1884 3708 tam

221 3743 516 3816 religiose,
552 3744 620 3797 ut
641 3744 871 3812 putant,
905 3745 1122 3796 terram
1154 3757 1322 3795 suam
1356 3758 1391 3796 a
1419 3739 1740 3812 pollutione
1770 3759 1887 3798 ser-

221 3835 527 3899 vaverunt,
562 3829 708 3901 quid
739 3846 928 3886 causa:
963 3833 1052 3884 est
1081 3829 1238 3899 quod
1269 3845 1372 3901 per
1401 3832 1488 3884 tot
1513 3829 1727 3886 saecula
1785 3849 1884 3887 eos

223 3925 512 3994 tanquam
546 3919 891 3974 immundos
921 3917 1224 3974 evomuit?

288 4010 532 4066 XXXVI.
567 4007 810 4064 Nullum
869 4008 986 4063 fere
1033 4011 1123 4063 est
1169 4007 1228 4062 in
1279 4007 1597 4079 Scripturis
1635 4009 1884 4081 prophe-

222 4098 353 4155 ticis
385 4103 510 4154 tam
544 4095 895 4170 praeclarum
927 4095 1331 4152 testimonium
1362 4095 1461 4151 ubi
1489 4095 1572 4150 sic
1593 4097 1887 4153 evidenter

223 4192 282 4242 et
304 4188 516 4243 modus
547 4184 845 4258 passionis
882 4183 1096 4240 Christi
1130 4184 1188 4238 in
1218 4182 1378 4256 ligno
1407 4183 1627 4253 Crucis,
1659 4189 1718 4240 et
1745 4186 1887 4240 veri-

222 4279 309 4331 tas
331 4277 547 4332 mortis
567 4274 700 4346 ejus
721 4272 1272 4346 exprimatur.Unde
1293 4277 1350 4328 et
1371 4276 1610 4328 sanctus
1639 4275 1884 4345 Aposto-

221 4363 335 4432 lus,
370 4383 494 4422 non
525 4364 886 4420 erubescens
915 4361 1320 4419 testimonium
1354 4361 1589 4430 Christi,
1624 4363 1696 4417 ad
1727 4379 1884 4419 com-

222 4454 630 4515 mendandam
689 4451 994 4507 veritatem
1023 4455 1082 4507 et
1110 4451 1362 4524 gratiam
1409 4451 1704 4522 passionis
1734 4452 1883 4523 ejus,

1990 543 2162 597 Recte
2195 543 2389 614 itaque
2420 543 2564 599 dicit
2594 545 2895 618 Scriptura
2914 548 2986 603 de
3015 548 3148 604 illo:
3171 552 3411 616 Quando
3438 568 3633 624 pecca-

1986 631 2133 686 verit
2163 631 2336 686 homo
2367 634 2521 704 quod
2564 639 2752 690 morte
2799 635 3171 707 plectendum
3215 644 3336 708 est;
3370 641 3511 712 quia
3561 641 3633 696 ad

1988 737 2200 793 corpus
2232 720 2411 791 hujus
2432 721 2691 779 hominis
2717 726 3012 795 pertinent
3040 743 3244 784 omnes
3291 729 3389 801 qui
3437 745 3637 802 pecca-

1987 813 2197 864 verunt
2229 826 2241 864 :
2275 814 2332 865 et
2363 810 2435 866 ob
2468 810 2753 882 hocjuste
2783 819 2967 870 morte
2998 815 3285 887 plectendi
3309 821 3496 886 erant,
3519 819 3633 874 nisi

1988 897 2116 967 ejus
2161 902 2345 952 morte
2398 899 2654 955 indebita
2704 902 3148 973 redimerentur,
3204 906 3498 961 dicentis:
3535 930 3562 957 «
3590 907 3635 962 Ο

1993 1008 2018 1034 «
2054 1004 2230 1053 mors,
2258 1004 2353 1040 ero
2390 1004 2547 1042 mors
2591 993 2687 1042 tua
2709 990 2851 1058 (030.
2876 1009 2997 1060 xm,
3036 993 3142 1064 14).
3179 1017 3204 1042 η
3239 994 3414 1049 Juxta
3456 1012 3633 1066 quem

1990 1092 2229 1129 sensum
2255 1075 2310 1128 in
2345 1076 2564 1132 visione
2596 1079 2822 1133 Nathan
2855 1080 3168 1150 prophetae,
3203 1082 3300 1135 ubi
3323 1099 3392 1136 ex
3412 1084 3635 1138 semine

1990 1164 2168 1218 David
2202 1167 2331 1235 ejus
2362 1166 2722 1236 promittitur
2751 1169 3056 1235 adventus,
3090 1170 3264 1223 etiam
3300 1171 3440 1224 illud
3487 1177 3638 1226 recte

1991 1252 2340 1325 intelligitur
2368 1255 2520 1325 quod
2554 1255 2625 1309 de
2658 1257 2784 1327 ipso
2815 1257 2969 1311 Deus
3000 1258 3083 1311 ait
3114 1275 3128 1312 :
3166 1282 3193 1307 «
3224 1259 3331 1324 Qui
3363 1260 3410 1313 si
3439 1259 3640 1330 inique

1994 1364 2022 1392 «
2053 1342 2272 1414 aliquid
2305 1345 2832 1416 gesserit,arguam
2855 1363 2988 1400 eum
3022 1347 3080 1400 in
3101 1347 3266 1418 virga
3285 1348 3564 1413 virorum,
3586 1352 3643 1403 et

1995 1454 2022 1482 ‹‹
2057 1431 2112 1486 in
2127 1431 2316 1504 plagis
2334 1433 2589 1488 filiorum
2612 1433 2916 1489 hominum
2935 1453 2948 1503 ;
2970 1434 3430 1492 misericordiam
3445 1442 3640 1493 autem

1994 1545 2022 1572 «
2055 1539 2245 1577 meam
2306 1540 2419 1577 non
2480 1523 2740 1577 auferam
2790 1525 2862 1578 ab
2921 1541 2987 1579 eo
3038 1526 3111 1596 (II
3157 1527 3281 1596 Reg.
3314 1527 3576 1598 vn,14):
3614 1549 3636 1576 ιι

1993 1611 2130 1683 quia
2159 1611 2361 1682 utique
2393 1612 2656 1666 membra
2685 1617 2824 1667 sunt
2854 1614 3004 1683 ejus,
3029 1617 3086 1668 et
3116 1615 3186 1669 ad
3220 1614 3411 1686 ipsius
3460 1615 3642 1688 perti-

1992 1704 2133 1756 nent
2163 1699 2474 1770 unitatem,
2506 1699 2606 1770 qui
2635 1701 2898 1772 quandiu
2933 1701 3259 1757 mortaliter
3277 1703 3642 1772 vivunt,sine

1992 1793 2229 1861 peccato
2267 1804 2396 1844 esse
2429 1805 2545 1843 non
2600 1793 2875 1860 possunt;
2909 1793 2966 1844 et
2998 1789 3124 1846 ideo
3167 1791 3390 1863 aliquid
3441 1793 3641 1864 inique

1986 1882 2187 1950 agunt,
2224 1879 2392 1933 beato
2446 1877 2670 1932 Joanne
2717 1876 2977 1947 apostolo
3035 1883 3307 1947 testante,
3358 1880 3457 1952 qui
3508 1880 3636 1949 ait;

1989 1988 2016 2018 «
2050 1965 2252 2021 Omnis
2284 1965 2385 2036 qui
2409 1964 2546 2020 facit
2577 1969 2972 2036 peccatum,et
3011 1966 3384 2038 iniquitatem
3417 1967 3555 2024 facit
3583 1973 3641 2024 et

1994 2076 2016 2103 α
2050 2059 2355 2127 peccatum
2404 2059 2494 2110 est
2541 2053 2824 2124 iniquitas
2856 2058 2910 2122 (Ι
2933 2055 3091 2111 Joan.
3125 2073 3208 2124 III,
3244 2057 3320 2125 4).
3351 2079 3377 2106 n
3411 2058 3481 2112 Et
3527 2057 3640 2112 itc-

1988 2161 2118 2200 rum
2150 2161 2219 2200 ex
2247 2160 2498 2215 persona
2523 2143 2790 2198 omnium
2825 2159 2837 2197 :
2874 2165 2902 2193 «
2927 2143 2985 2198 Si
3006 2144 3325 2200 dixerimus
3348 2143 3487 2217 quia
3506 2161 3639 2217 pec-

1989 2255 2018 2285 «
2050 2239 2247 2290 catum
2281 2251 2394 2288 non
2429 2233 2737 2299 habemus,
2772 2250 2879 2288 nos
2911 2232 3072 2304 ipsos
3093 2234 3526 2303 seducimus,et
3553 2250 3642 2290 ve-

1992 2344 2021 2373 «
2051 2323 2192 2377 ritas
2223 2323 2282 2376 in
2316 2322 2484 2378 nobis
2512 2338 2625 2377 non
2657 2326 2765 2376 est.
2793 2343 2820 2372 »
2857 2322 3006 2377 Istos
3027 2339 3164 2394 ergo
3187 2323 3381 2395 arguit
3404 2324 3559 2378 Deus
3579 2322 3639 2378 in

1987 2411 2150 2483 virga
2176 2411 2456 2478 virorum,
2474 2415 2531 2465 et
2555 2410 2610 2465 in
2635 2410 2826 2482 plagis
2849 2411 3106 2466 ﬁliorum
3133 2411 3469 2480 hominum;
3502 2416 3643 2468 tem-

1989 2499 2266 2571 poraliter
2287 2516 2384 2554 eos
2407 2498 2730 2570 corripiens
2769 2503 2827 2554 et
2857 2501 3200 2567 emendans,
3221 2500 3379 2572 quia,
3397 2505 3463 2556 ut
3497 2501 3640 2557 scri-

1990 2594 2157 2662 ptum
2187 2593 2295 2656 est,
2331 2610 2359 2638 «
2392 2586 2672 2660 Flagellat
2701 2605 2938 2644 omnem
2970 2588 3159 2644 {ilium
3209 2606 3384 2660 quem
3437 2589 3643 2662 recipit

1991 2678 2179 2750 (Hebr.
2204 2678 2402 2745 xu,6);
2437 2699 2465 2728 ››
2501 2676 2965 2731 misericordiam
2996 2682 3192 2732 autem
3215 2695 3382 2732 suam
3406 2695 3520 2734 non
3545 2696 3644 2733 au-

1992 2768 2102 2822 fert
2130 2767 2202 2820 ab
2226 2783 2313 2834 eo,
2348 2766 2404 2820 in
2436 2782 2575 2836 quo,
2606 2768 2663 2820 et
2693 2781 2797 2835 per
2827 2782 3001 2836 quem
3033 2764 3151 2821 illis
3193 2765 3506 2822 miseretur
3539 2784 3552 2821 :
3586 2771 3643 2822 et

1990 2855 2165 2910 etiam
2196 2853 2510 2925 aliquando
2534 2853 2856 2920 ulciscitur,
2877 2853 3189 2908 Psalmista
3207 2853 3434 2909 dicente
3457 2856 3528 2910 de
3555 2860 3639 2910 ta-

1991 2942 2146 2997 libus
2171 2959 2183 2997 :
2213 2966 2239 2992 «
2263 2943 2514 3009 Deus,tu
2547 2940 2836 3013 propitius
2869 2941 3028 2996 fuisti
3051 2941 3155 3009 eis,
3173 2945 3229 2996 et
3257 2940 3547 2997 ulciscens
3579 2944 3639 2998 in

1993 3048 2196 3088 omnes
2228 3030 2665 3086 adinventiones
2695 3046 2896 3085 eorum
2920 3031 3092 3099 (Psal.
3124 3047 3320 3099 xcvm,
3342 3033 3417 3099 8).
3449 3053 3469 3080 η
3493 3031 3638 3086 Nam

1992 3120 2053 3174 in
2078 3119 2178 3174 illo
2209 3120 2306 3192 qui
2332 3123 2506 3190 caput
2528 3119 2790 3191 ipsorum
2814 3123 2923 3185 est,
2943 3119 3097 3174 sicut
3118 3119 3278 3175 nulla
3302 3121 3491 3192 potuit
3512 3137 3642 3176 esse

1994 3207 2385 3280 iniquitas,ita
2406 3207 2566 3262 nulla
2587 3206 2817 3280 ﬂagella
2838 3207 3219 3280 correptionis
3231 3209 3639 3282 autpurgutio-

1993 3298 2086 3353 nis
2115 3315 2253 3363 suae,
2288 3297 2389 3352 sed
2419 3297 2832 3351 tantummodo
2862 3297 3070 3351 salutis
3103 3301 3334 3353 nostrae.

2063 3386 2326 3442 XXXVII.
2362 3386 2539 3440 Docet
2568 3385 2721 3439 idem
2754 3385 2962 3441 beatus
2985 3386 3556 3460 Hicronymus,quod
3582 3390 3640 3444 in

1993 3492 2059 3531 eo
2090 3475 2235 3540 loco,
2270 3474 2369 3528 ubi
2394 3475 2565 3545 juxta
2595 3473 3055 3530 Theodotionem
3091 3475 3349 3546 positum
3379 3482 3486 3545 est,
3505 3477 3643 3548 quia

1994 3563 2323 3619 maledictio
2368 3564 2468 3618 Dei
2517 3580 2862 3635 suspensus,
2884 3563 3072 3635 possit
3103 3564 3161 3619 in
3213 3565 3494 3620 Hebraico
3529 3565 3643 3638 legi

1993 3653 2132 3725 quia
2149 3651 2365 3724 injuria
2381 3652 2483 3706 Dei
2506 3655 2961 3724 suspensus,aut
2983 3657 3156 3719 certe,
3173 3654 3312 3724 quia
3343 3659 3642 3710 contume-

1991 3741 2136 3797 liose
2153 3742 2307 3796 Deus
2327 3757 2653 3812 suspensus
2680 3741 2958 3804 est.Quod
2981 3740 3184 3810 utique
3197 3742 3267 3795 ad
3287 3743 3644 3797 confunden-

1995 3831 2496 3897 dam,Jud:eorum
2525 3827 2886 3899 impietatem
2912 3827 3166 3882 multum
3199 3827 3517 3900 valet,quia
3539 3847 3644 3902 per

1993 3919 2115 3975 haec
2127 3919 2434 3974 manifesto
2448 3916 2775 3972 ostenditur
2795 3917 2948 3987 quod
2974 3916 3150 3987 hujus
3162 3915 3268 3971 viri
3285 3916 3645 3988 injustasus-

1994 4007 2441 4081 pensio,injuria
2456 4005 2554 4060 Dei
2571 4005 2758 4061 Patris
2769 4005 2973 4076 sit,qui
2989 4004 3046 4060 in
3067 4006 3298 4078 proprio
3316 4006 3458 4062 Filio
3475 4007 3642 4063 inho-

1994 4099 2300 4152 noraturet
2314 4093 2709 4149 contemnitur
2738 4093 2892 4149 sicut
2915 4093 3040 4164 ipse
3057 4094 3239 4151 Filius
3261 4095 3319 4149 in
3335 4096 3642 4173 Evangelio

1993 4184 2557 4251 conﬁrmat,dicens:
2587 4183 2734 4250 «Qui
2759 4200 2872 4238 non
2896 4183 3243 4239 honoriﬁcat
3275 4184 3642 4252 Filium,non

1993 4273 2341 4330 honoriﬁcat
2364 4295 2391 4323 «
2413 4273 2644 4327 Patrem
2670 4272 2768 4343 qui
2805 4271 2966 4327 misit
2987 4271 3156 4327 illum
3182 4272 3358 4345 (Joan.
3382 4291 3438 4341 v,
3463 4276 3587 4343 23);
3608 4297 3637 4326 ››

1993 4368 2050 4420 et
2078 4362 2192 4418 alio
2225 4361 2390 4417 loco:
2419 4384 2446 4412 «
2473 4360 2580 4427 Qui
2613 4376 2706 4415 me
2746 4360 2891 4428 odit,
2914 4364 2972 4416 et
3015 4361 3242 4417 Patrem
3283 4379 3480 4417 meum
3520 4363 3645 4419 odit

1994 4454 2171 4526 (Joan.
2195 4467 2286 4517 xv,
2307 4451 2429 4519 23);
2465 4472 2492 4501 »
2516 4453 2573 4505 et
2593 4448 2805 4504 iterum
2839 4465 2853 4504 :
2892 4473 2912 4498 οι
2931 4449 3037 4514 Qui
3056 4448 3279 4519 spernit
3301 4450 3645 4520 me,spernit

222 4543 378 4598 istud
406 4541 794 4616 potissimum
816 4541 971 4612 quod
990 4539 1273 4596 inlitteris
1286 4539 1410 4596 suis
1430 4545 1670 4611 poneret
1689 4540 1884 4614 elegit.
1915 4563 1963 4627 D
1997 4564 2025 4593 «
2057 4540 2305 4612 eumqui
2330 4539 2760 4611 misitme(Luc.
2775 4556 2832 4610 x,
2851 4540 2960 4627 l6).
2981 4560 3009 4589 ››
3033 4539 3147 4594 Nec
3170 4538 3359 4593 solum
3377 4539 3505 4609 ejus
3519 4557 3642 4596 sus-

221 4631 368 4688 Nam
392 4637 455 4688 et
475 4631 625 4687 illud
649 4629 808 4702 quod
829 4629 1002 4700 juxta
1030 4629 1183 4685 beati
1215 4627 1548 4701 Hieronymi
1571 4630 1886 4686 editionem

220 4720 277 4774 in
319 4720 512 4792 hujus
552 4717 797 4792 capituli
825 4718 1058 4775 exordio
1088 4717 1336 4790 legitur:
1367 4720 1650 4784 «Quando
1679 4735 1888 4791 pecca-

226 4833 246 4858 ι
278 4811 444 4866 verita
458 4809 638 4865 homo
660 4807 820 4880 quod
840 4809 1027 4863 morte
1065 4806 1436 4879 plectendum
1458 4811 1547 4862 est
1565 4808 1738 4880 (Deut.
1770 4826 1884 4877 xxx,

223 4920 250 4947 ει
276 4901 421 4966 22);
458 4921 489 4948 »
525 4897 610 4953 ita
637 4900 699 4953 et
727 4896 802 4953 ad
844 4895 1224 4952 mediatorem
1277 4894 1380 4951 Dei
1438 4899 1497 4951 et
1551 4895 1885 4966 hominum,

219 4984 534 5042 hominem
565 4985 868 5043 Christum
889 4984 1092 5042 Jesum
1114 4983 1365 5040 ﬁdeliter
1385 4984 1753 5041 referendum
1775 4990 1883 5054 est,

218 5073 373 5131 sicut
385 5079 452 5131 et
467 5074 638 5142 illud,
655 5074 758 5130 ubi
779 5073 905 5146 ipse
925 5089 994 5129 ex
1018 5089 1268 5145 persona
1297 5072 1558 5146 corporis
1578 5075 1670 5130 sui
1697 5075 1886 5146 loqui-

215 5167 315 5218 tur
373 5165 443 5220 in
507 5163 741 5220 Psalmo
791 5179 806 5221 :
869 5184 899 5214 «
936 5161 1127 5218 Verba
1201 5161 1546 5219 delictorum
1624 5180 1886 5220 meorum

212 5254 396 5322 (Psal.
434 5269 558 5322 xxx,
584 5255 642 5322 2)
667 5270 682 5320 ;
709 5274 736 5303 η
763 5255 819 5308 et
842 5251 1084 5307 iterum:
1112 5251 1329 5316 «Deus,
1363 5255 1427 5306 tu
1459 5251 1575 5307 scis
1605 5251 1886 5326 insipien-

216 5363 244 5391 α
275 5341 436 5396 tiam
466 5357 682 5410 meam,
716 5344 774 5396 et
814 5340 1028 5396 delicta
1045 5356 1176 5396 mea
1200 5343 1311 5396 ate
1333 5357 1447 5396 non
1475 5345 1613 5396 sunt
1642 5342 1888 5398 abscon-

103 5453 108 5456 -
214 5452 244 5483 ς(
276 5430 414 5486 dita
473 5430 644 5499 (Psal.
681 5446 874 5498 vam,
904 5428 960 5501 6)
996 5445 1067 5486 ;››
1101 5428 1242 5501 quia
1299 5429 1539 5485 effectus
1598 5431 1890 5504 particeps

213 5525 461 5576 natura:
485 5517 1165 5591 nostrae,transfiguravit
1191 5517 1252 5573 in
1283 5533 1345 5574 se
1373 5534 1573 5574 vocem
1605 5524 1887 5593 nostram,

209 5609 319 5690 qui
341 5607 624 5685 suscepit
641 5606 1420 5674 misericorditeretoausam
1442 5610 1702 5672 nostram
1719 5627 1734 5685 ;
1749 5610 1889 5672 dum

1996 4631 2199 4704 pensio
2220 4629 2438 4701 injuria
2458 4628 2556 4684 Dei
2581 4631 2701 4696 est;
2727 4628 2828 4681 sed
2859 4626 3034 4682 etiam
3059 4627 3182 4699 ipse
3198 4628 3644 4700 virsuspensus,

1996 4721 2292 4788 evidenter
2321 4722 2472 4773 Deus
2501 4716 2727 4788 est,qui
2757 4715 3178 4772 contumeliose
3211 4716 3368 4772 Deus
3406 4735 3647 4790 suspen-

1995 4827 2099 4866 sus
2117 4812 2226 4864 est.
2249 4807 2411 4873 Quod
2441 4804 2756 4877 Apostolus
2781 4805 3004 4861 eisdem
3027 4821 3173 4877 pene
3199 4807 3391 4862 verbis
3434 4807 3642 4862 confir-

1996 4896 2356 4966 mat,dicens
2382 4911 2394 4950 :
2432 4916 2460 4944 «
2489 4895 2549 4950 Si
2581 4893 2738 4949 enim
2771 4894 3516 4968 cognovissent,nunquam
3539 4895 3644 4949 Do-

1999 5009 2028 5038 «
2059 4987 2287 5041 minum
2307 4982 2503 5058 gloria:
2527 4984 3049 5054 cruciﬁxissent(ll
3077 4985 3199 5042 Cor.
3233 5002 3294 5054 ιι,
3313 4986 3389 5051 8).
3416 5006 3442 5032 ››
3471 4982 3640 5037 Vide-
3671 5016 3677 5021 -

1997 5075 2132 5131 licet
2153 5073 2290 5146 quia
2312 5090 2485 5144 quem
2507 5074 2840 5129 communis
2861 5077 3091 5129 tantum
3104 5077 3321 5128 natura:
3343 5070 3641 5126 hominem

1996 5167 2056 5220 et
2083 5163 2273 5220 virum
2308 5161 2475 5235 impii
2507 5162 2881 5218 cruciﬁxores
2912 5161 3218 5233 putabant,
3251 5160 3405 5214 idem
3436 5159 3559 5230 ipse
3587 5164 3644 5214 et

1998 5255 2152 5310 Deus
2182 5257 2240 5308 et
2270 5251 2556 5307 Dominus
2577 5250 2771 5324 gloriae
2795 5248 3059 5305 occultus
3081 5252 3222 5303 erat.
3249 5249 3327 5304 De
3347 5247 3456 5304 hoc
3479 5249 3644 5321 capi-

1997 5343 2140 5411 tulo,
2173 5346 2374 5397 contra
2406 5342 2687 5397 Faustum
2721 5338 3106 5393 Manichwum
3137 5342 3397 5393 tractans
3439 5339 3644 5396 beatus

1995 5432 2363 5506 Augustinus
2414 5430 2535 5499 (lib.
2559 5446 2676 5496 xxv,
2710 5444 2760 5482 c.
2792 5429 2869 5496 6),
2903 5427 2988 5484 sic
3045 5427 3128 5482 ait
3182 5427 3335 5483 inter
3390 5433 3595 5484 caetera
3628 5446 3641 5485 :

2003 5545 2031 5574 «
2061 5521 2224 5589 Quod
2250 5524 2445 5576 autem
2477 5517 2741 5573 additum
2771 5521 2876 5586 est,
2903 5538 2931 5568 «
2963 5515 3187 5585 Omnis,
3214 5541 3235 5570 ι
3264 5522 3330 5573 ut
3359 5517 3649 5574 diceretur

1997 5610 2350 5672 maledictus
2370 5606 2563 5676 omnis
2593 5605 2693 5685 Qui
2714 5605 2957 5689 indigno
2980 5607 3476 5688 pependerit,non
3505 5622 3648 5688 sane
