4070 6180
257 303 371 387 κεί

1541 308 1690 375 LIB.
1737 308 2046 377 CONTRA
2088 308 2406 377 JUDJEOS

3547 323 3665 397 1’18

252 441 417 517 hens,
452 443 540 500 ita
570 440 836 512 loquitur
860 441 940 513 (S.
975 439 1128 532 (ξτες.
1180 440 1276 499 lib.
1316 459 1393 499 vn
1424 444 1574 517 Reg.,
1606 460 1690 517 ep.
1727 444 1852 514 128)
1885 460 1898 500 :
1931 444 1989 515 Α
2017 460 2262 518 scOpum
2293 446 2741 520 Neapolitanum
2763 450 3027 510 scribens
3049 452 3219 513 docet
3243 455 3364 529 (lib.
3396 472 3481 516 vn
3508 459 3665 532 Reg.,

256 561 285 592 (ι
314 535 566 611 Explere
611 533 828 601 verbis,
864 531 1352 590 excellentissime
1400 533 1508 605 ﬁli,
1550 552 1665 590 non
1722 534 1905 605 valeo,

252 632 544 704 quantum
556 630 660 682 tuo
671 622 1101 697 opere,tuavita
1111 622 1732 678 delector.Audivimus
1745 624 1908 697 quip-

248 736 320 794 pe
348 717 568 774 diebus
598 711 818 770 nostris
840 710 971 767 novi
1002 711 1275 767 virtutem
1316 712 1776 784 miraculi,quod
1805 730 1909 786 per

247 806 659 868 excellentiam
684 808 848 859 tuam
873 803 1083 857 cuncta
1103 800 1427 857 Gothorum
1457 819 1599 874 gens
1622 803 1692 857 ab
1715 820 1906 858 errore

248 900 542 955 hereseos
573 891 821 959 Arianae,
856 889 916 944 in
950 889 1083 944 ﬁdei
1115 892 1281 943 recta:
1322 888 1677 945 soliditatem
1710 892 1907 945 trans-

246 987 366 1044 lata
393 986 509 1040 est.
544 979 888 1037 Exclamare
916 992 1051 1031 cum
1081 975 1367 1048 propheta
1394 974 1536 1030 libet
1567 993 1581 1030 :
1618 998 1645 1025 ‹‹
1670 976 1796 1032 Hzec
1817 981 1907 1033 est

252 1070 653 1130 «immutatio
701 1070 945 1124 dextera:
1002 1064 1225 1121 Excelsi
1273 1065 1442 1137 (Psal.
1496 1081 1681 1137 LXXVI,
1731 1067 1838 1137 11).
1874 1089 1901 1117 ››

248 1166 429 1238 Cujus
475 1161 643 1218 enim
690 1158 779 1215 vel
826 1172 1069 1212 saxeum
1116 1157 1344 1227 pectus,
1373 1158 1536 1209 tanto
1584 1155 1693 1210 hoc
1734 1174 1906 1228 opere

248 1253 529 1329 cognitio,
563 1267 684 1307 non
714 1246 915 1305 statim
948 1245 1008 1300 in
1039 1242 1457 1317 omnipotentis
1488 1244 1589 1300 Dei
1630 1244 1904 1301 laudibus

248 1350 422 1418 atque
472 1341 536 1397 in
587 1343 702 1395 tua:
744 1335 1093 1394 excellentiae
1142 1349 1341 1390 amore
1392 1333 1735 1391 mollescat?
1774 1335 1905 1391 Haec

247 1452 341 1494 me
368 1429 607 1503 (fateor)
639 1444 768 1501 quae
798 1442 902 1498 per
927 1441 1029 1481 vos
1050 1427 1179 1479 acta
1205 1427 1364 1494 sunt,
1385 1439 1536 1495 saepe
1566 1424 1907 1480 convenien-

242 1524 406 1589 tibus
436 1520 584 1578 ﬁliis
615 1516 765 1574 meis
794 1514 1010 1589 dicere,
1042 1529 1194 1585 saepe
1241 1529 1377 1568 cum
1424 1513 1507 1568 eis
1552 1513 1773 1585 pariter
1801 1514 1903 1569 ad-

245 1611 450 1674 mirari
484 1608 758 1666 delectat.
792 1605 920 1661 Haec
950 1619 1045 1659 me
1083 1600 1429 1675 plerumque
1475 1602 1651 1658 etiam
1702 1606 1904 1659 contra

247 1723 341 1764 me
369 1701 656 1768 excitant,
670 1695 825 1769 quod
858 1692 1021 1766 piger
1050 1707 1155 1764 ego
1181 1695 1239 1747 et
1263 1689 1488 1746 inutilis
1528 1695 1668 1747 tunc
1694 1692 1905 1748 inertia

246 1802 468 1868 torpeo,
504 1786 746 1862 quando
791 1800 893 1856 pro
943 1781 1278 1837 animarum
1308 1780 1895 1868 congregationibus,

249 1867 350 1956 pro
378 1880 549 1935 lucro
571 1870 828 1932 caelestis
849 1869 1051 1943 patriae
1074 1885 1240 1941 reges
1272 1867 1595 1924 elaborant.
1618 1869 1680 1924 In
1710 1874 1900 1926 vestro

248 1972 428 2047 igitur
448 1980 628 2039 opere
646 1965 704 2018 et
722 1962 924 2016 nostra
938 1957 1499 2047 exsultationcﬁibet
1520 1975 1655 2014 cum
1677 1960 1901 2030 angelis

246 2045 578 2121 exclamare
612 2068 626 2107 :
664 2072 692 2102 «
725 2046 923 2105 Gloria
976 2046 1035 2101 in
1094 2045 1339 2103 excelsis
1384 2047 1523 2118 Deo,
1555 2052 1612 2104 et
1656 2048 1717 2103 in
1748 2052 1903 2105 terra

250 2173 279 2203 ιι
307 2165 421 2222 pax
440 2138 792 2200 hominibus
814 2137 976 2192 bona
1007 2134 1325 2191 voluntatis
1344 2136 1496 2205 (Luc.
1528 2152 1592 2204 ιι,
1629 2136 1737 2209 14).
1770 2159 1799 2188 ››
1832 2139 1902 2193 Et

246 2237 344 2311 qui
369 2236 505 2307 jam
534 2231 697 2287 idem
718 2243 838 2298 rex,
853 2241 955 2298 pro
989 2223 1333 2297 corrigenda
1363 2224 1537 2281 etiam
1559 2226 1898 2283 Judaeorum

246 2323 517 2400 perﬁdia,
547 2320 610 2375 in
640 2332 823 2390 regno
857 2330 962 2371 suo
994 2318 1247 2387 coeperat
1273 2313 1557 2384 laborare,
1591 2315 1901 2387 subjungit

246 2419 374 2488 post
389 2427 588 2485 pauca
599 2408 809 2465 beatus
824 2403 1137 2478 Gregorius
1160 2419 1174 2457 :
1203 2425 1230 2455 α
1246 2404 1362 2458 Prze
1370 2407 1523 2459 terea
1540 2402 1899 2475 indico,quia

244 2504 423 2565 erevit
471 2500 547 2556 de
592 2499 786 2553 vestro
816 2509 987 2566 opere
1011 2491 1071 2547 in
1102 2491 1379 2547 laudibus
1408 2492 1532 2559 Dei,
1564 2493 1720 2564 quod
1761 2509 1895 2548 cum

243 2595 436 2649 vestra
464 2583 813 2645 excellentia
840 2579 1317 2637 constitutionem
1345 2581 1664 2652 quamdam
1695 2587 1898 2638 contra

243 2673 588 2731 Judasorum
613 2662 917 2740 perﬁdiam
945 2660 1223 2728 dedisset,
1243 2664 1300 2715 et
1325 2659 1382 2714 hi
1416 2661 1487 2716 de
1519 2662 1733 2733 quibus
1764 2680 1895 2734 pro-

244 2761 360 2819 lata
390 2760 614 2823 fuerat,
645 2749 1056 2809 rectitudiuem
1086 2752 1290 2804 vostra:
1340 2749 1555 2806 mentis
1604 2751 1897 2807 inﬂectere

242 2848 634 2923 pecuniarum
659 2856 958 2898 summam
988 2838 1277 2894 offerendo
1309 2837 1673 2904 molirentur,
1709 2840 1895 2895 excel-

236 2938 418 2995 lentia
431 2937 633 2991 vestra
651 2927 1024 2999 contempsit,
1040 2931 1098 2981 et
1114 2927 1531 2999 omnipotentis
1552 2929 1650 2983 Dei
1669 2928 1895 3000 placere

230 3027 458 3099 judicio
493 3021 821 3095 requirens,
855 3034 995 3072 auro
1026 3015 1420 3072 innocentiam
1466 3016 1740 3089 praetulit.
1771 3020 1895 3082 Qua

240 3117 299 3172 in
326 3132 387 3171 re
418 3112 571 3169 mihi
597 3108 778 3166 David
811 3106 966 3179 regis
994 3105 1212 3161 factum
1246 3106 1317 3160 ad
1350 3106 1693 3161 memoriam
1716 3106 1892 3177 venit,

2017 550 2101 606 ep.
2134 535 2223 607 35)
2255 535 2402 591 nihil
2434 537 2519 592 eis
2551 534 2585 593 a
2614 539 2963 598 Christianis
2990 560 3179 615 neque
3228 546 3301 603 ab
3350 546 3498 620 ipsis
3526 548 3665 608 ﬁliis

2017 622 2163 694 suis,
2196 624 2243 679 si
2277 625 2593 682 Christiani
2617 629 2799 685 effecti
2821 631 3038 687 fuerint
3059 632 3172 689 nisi
3204 637 3358 706 quod
3396 638 3578 708 decet,
3608 644 3667 695 et

2016 716 2254 783 propter
2287 713 2471 769 Deum
2504 719 2775 772 convenit
2803 719 3216 790 exhibendum,
3251 741 3442 797 neque
3470 725 3529 781 in
3562 728 3665 784 do-

2017 800 2213 854 mibus
2244 819 2445 857 eorum
2478 807 2861 875 manendum,
2884 809 2965 863 ita
2986 808 3184 866 dicens
3218 828 3231 866 :
3268 814 3663 873 «Nuntiatum

2016 888 2185 942 nobis
2207 892 2296 942 est
2327 889 2605 946 Basilium
2632 893 2933 949 Hebraeum
2967 897 3103 951 ﬁliis
3121 897 3245 954 suis
3266 900 3380 955 Deo
3409 903 3661 975 propitio

2014 974 2365 1033 Christianis
2396 981 2662 1050 quaedam
2696 982 2987 1054 mancipia
3016 987 3087 1039 ad
3116 986 3224 1042 hoc
3256 988 3397 1044 velle
3428 994 3659 1048 tantum

2015 1064 2349 1121 donationis
2373 1068 2509 1137 jure
2558 1071 2894 1136 concedere,
2928 1076 2992 1126 ut
3023 1074 3073 1127 ei
3120 1074 3298 1146 hujus
3338 1079 3660 1137 occasionis

2014 1153 2280 1222 obtentu,
2314 1156 2557 1211 dominii
2590 1159 2960 1215 solummodo
2989 1163 3223 1219 nomine
3245 1165 3437 1221 ablato
3464 1169 3660 1226 deser-

2013 1240 2173 1297 viant
2206 1259 2219 1297 :
2252 1247 2309 1298 et
2340 1249 2472 1315 post
2504 1245 2630 1314 hoc,
2666 1247 2715 1300 si
2748 1249 2818 1301 ad
2852 1247 3174 1306 Ecclesiam
3204 1254 3660 1328 confugiendum

2014 1332 2159 1388 forte
2190 1334 2583 1407 crediderunt,
2616 1341 2682 1391 ut
2710 1337 2853 1392 ﬁant
2883 1339 3232 1409 Christiana,
3251 1360 3367 1399 non
3398 1343 3458 1399 in
3486 1344 3659 1403 liber-

2012 1424 2150 1491 tate,
2186 1424 2286 1479 sed
2319 1440 2519 1480 eorum
2552 1425 2811 1482 dominio
2842 1427 3059 1501 quibus
3091 1435 3224 1486 ante
3253 1432 3469 1489 donata
3499 1440 3664 1510 sunt,

2012 1511 2404 1567 vindicentur.
2422 1514 2483 1569 In
2518 1531 2635 1585 qua
2664 1532 2725 1571 re
2743 1516 3165 1575 fraternitatem
3185 1525 3437 1579 vestram
3460 1525 3665 1582 decen-

2011 1604 2101 1656 ter
2122 1602 2390 1657 convenit
2416 1602 2679 1674 vigilare,
2710 1609 2769 1659 et
2790 1604 2839 1660 si
2872 1606 3013 1677 quia
3044 1607 3181 1663 ﬁliis
3214 1610 3338 1666 suis
3369 1613 3665 1687 mancipia

2013 1689 2230 1745 donare
2260 1690 2528 1759 voluerit,
2550 1696 2614 1746 ut
2652 1697 2861 1747 cuncta
2893 1694 3116 1750 fraudis
3146 1696 3383 1754 tollatur
3410 1701 3659 1770 occasio,

2014 1777 2157 1832 ﬁant
2189 1778 2377 1834 modis
2399 1780 2673 1834 omnibus
2692 1780 3105 1851 Christiana,et
3120 1784 3176 1838 in
3197 1787 3371 1842 domo
3392 1789 3522 1858 ejus
3544 1808 3659 1846 non

2010 1873 2370 1923 remaneant.
2398 1869 2508 1923 Sed
2541 1885 2674 1923 cum
2706 1886 2807 1944 res.
2827 1872 3081 1943 exegerit
3112 1876 3173 1926 ut
3202 1890 3403 1931 eorum
3452 1877 3662 1935 debeat

2010 1956 2096 2011 uti
2127 1956 2498 2028 solatiis,hoc
2528 1956 2609 2012 illi
2637 1958 2960 2029 jubeantur
2980 1958 3261 2032 impedire
3284 1966 3438 2036 quod
3477 1966 3656 2023 etiam

2011 2062 2046 2100 a
2097 2047 2220 2102 suis
2269 2046 2321 2102 ei
2370 2046 2508 2101 ﬁliis
2559 2047 2740 2115 decet,
2774 2050 2831 2103 et
2869 2053 3103 2120 propter
3160 2050 3344 2108 Deum
3389 2054 3659 2112 convenit

2009 2133 2288 2190 exhiberi.
2316 2157 2344 2185 »

2081 2225 2170 2279 LI.
2194 2224 2370 2280 Juxta
2389 2224 2510 2280 haec
2527 2225 2791 2297 exempla
2809 2230 2866 2281 et
2884 2227 3201 2284 constituta
3222 2230 3480 2303 priorum
3501 2233 3659 2307 prin-

2009 2312 2059 2367 ci
2066 2329 2231 2384 pum,
2247 2317 2303 2368 et
2333 2313 2659 2368 beatissimi
2694 2314 2878 2386 patris
2901 2319 3074 2388 atque
3096 2318 3387 2389 pontiﬁcis
3408 2321 3652 2392 monita,

2009 2401 2259 2456 ﬁdeliter
2305 2405 2361 2457 et
2408 2401 2741 2474 vigilanter,
2774 2402 3091 2463 auxiliante
3135 2407 3401 2477 Domino,
3434 2409 3669 2468 instare

2009 2490 2322 2557 debemus;
2358 2506 2429 2544 ne
2461 2488 2725 2545 ﬁdelium
2758 2491 2956 2563 populi
2989 2493 3303 2567 impiorum
3345 2500 3656 2561 consortiis

2007 2581 2064 2635 et
2106 2577 2391 2650 contagiis
2439 2578 2810 2635 maculantur
2855 2584 2911 2636 et
2956 2582 3364 2654 depraventur.
3397 2587 3545 2653 Quia
3592 2594 3658 2651 ut

2008 2668 2147 2722 talia
2168 2667 2365 2723 ﬁdeles
2398 2667 2779 2740 imperatores
2802 2674 2857 2724 et
2873 2672 3060 2727 sancti
3101 2677 3352 2731 rectores
3386 2675 3652 2737 Ecclesia:

2006 2755 2447 2823 constituerent,
2482 2757 2889 2812 auctoritatem
2946 2761 3186 2837 omnino
3241 2764 3448 2820 divinae
3506 2767 3652 2843 legis

2005 2845 2187 2900 secuti
2213 2848 2368 2911 sunt,
2387 2850 2443 2899 et
2472 2845 2641 2900 nobis
2673 2847 3028 2917 sequendam
3052 2852 3609 2915 commendaverunt
3633 2875 3648 2914 :

2005 2951 2130 3006 quae
2161 2933 2318 2987 hunc
2349 2932 2632 3005 populum
2660 2933 2994 3003 Judaicum,
3030 2937 3239 2993 merita
3287 2939 3651 3001 inﬁdelitatis

2003 3027 2059 3077 et
2081 3021 2398 3093 impietatis
2419 3040 2558 3090 suae,
2575 3022 2635 3076 in
2653 3022 3007 3079 omnimodis
3024 3025 3403 3085 maledictum
3427 3035 3484 3086 et
3498 3033 3651 3090 dete-

2003 3113 2281 3167 standum
2296 3111 2777 3175 ostendit,dicens
2798 3111 2880 3166 illi
2902 3130 3005 3185 per
3025 3114 3299 3188 Moysen:
3329 3139 3356 3167 ‹‹
3370 3118 3429 3174 Si
3447 3122 3651 3180 audire

241 3205 331 3260 cui
359 3205 510 3259 dum
540 3196 858 3269 concupita
885 3177 1041 3266 aqua
1072 3195 1141 3249 de
1158 3193 1410 3249 cisterna
1428 3193 1884 3262 Bethleemitica,
1920 3177 1964 3246 (ἶ
2007 3223 2027 3249 α
2066 3198 2324 3254 nolueris
2344 3216 2542 3254 vocem
2568 3199 2797 3255 Domini
2821 3201 2923 3256 Dei
2946 3201 3053 3269 tui,
3082 3207 3146 3257 ut
3167 3206 3464 3264 cusiodias
3490 3213 3545 3265 et
3574 3211 3653 3267 fa-

241 3311 363 3366 quc
395 3293 558 3347 inter
587 3285 838 3343 hostiles
869 3300 1084 3339 cuneos
1109 3282 1542 3347 habebatur,ab
1574 3284 1895 3355 obsequen-

242 3382 396 3440 tibus
425 3378 729 3435 militibus
752 3373 962 3430 fuisset
979 3370 1174 3437 allata,
1190 3371 1456 3441 protinus
1476 3371 1656 3426 dixit:
1686 3373 1894 3428 «Absit

240 3493 267 3522 ει
297 3489 330 3527 a
358 3487 456 3525 me
489 3471 559 3523 ut
591 3462 944 3537 sanguinem
992 3460 1299 3515 hominum
1341 3460 1643 3530 justorum
1691 3460 1890 3516 bibam

241 3582 267 3611 α
292 3563 373 3628 (ΙΙ
386 3559 704 3629 ch.xxm,
732 3552 818 3621 16,
844 3550 997 3620 17).»
1020 3550 1203 3613 Quam
1223 3546 1359 3619 quia
1379 3547 1601 3615 effudit,
1616 3554 1673 3603 et
1694 3550 1892 3607 bibere

240 3645 748 3716 noluit,scriptum
770 3643 861 3696 est
886 3655 899 3692 :
927 3660 954 3689 ‹‹
969 3637 1191 3692 Libavit
1207 3653 1335 3691 eam
1349 3635 1648 3692 Domino.»
1675 3638 1733 3693 Si
1753 3656 1888 3713 ergo

227 3737 306 3795 ab
331 3740 563 3792 armato
596 3746 752 3804 rege,
786 3728 845 3783 in
881 3724 1235 3782 sacriﬁcium
1266 3724 1367 3779 Dei
1395 3741 1562 3780 versa
1603 3730 1692 3781 est
1739 3745 1892 3800 aqua

236 3826 589 3896 contempta,
607 3833 926 3893 pensemus
943 3812 1112 3887 quale
1128 3813 1483 3869 sacriﬁcium
1501 3816 1889 3887 omnipotenti

236 3912 347 3970 Deo
377 3929 475 3968 rex
508 3907 748 3973 obtulit,
775 3904 877 3977 qui
907 3920 1011 3975 pro
1057 3918 1254 3958 amore
1303 3901 1462 3958 illius
1494 3920 1609 3958 non
1650 3922 1884 3976 aquam,

238 4001 335 4057 sed
361 4015 573 4055 aurum
612 3993 877 4066 accipere
914 3990 1283 4062 contempsit.
1318 3991 1536 4062 Itaque,
1574 3992 1654 4046 ﬁli
1703 3994 1885 4049 excel-

236 4086 576 4155 lentissime,
596 4084 849 4139 ﬁdenter
870 4080 1060 4135 dicam
1094 4095 1108 4134 :
1144 4078 1364 4134 Libasti
1385 4096 1592 4134 aurum
1616 4081 1884 4152 Domino,

236 4180 383 4250 quod
412 4180 630 4233 contra
650 4187 789 4228 eum
820 4169 1033 4225 habere
1058 4167 1316 4224 noluisti.

304 4267 359 4321 L.
394 4267 558 4322 Idem
594 4264 805 4318 beatus
859 4276 1012 4331 papa
1060 4256 1393 4329 Gregorius,
1426 4256 1783 4314 Theoderico
1833 4265 1891 4316 et

236 4354 659 4419 Theodeberto,
694 4347 933 4422 regibus
983 4346 1363 4411 Francorum,
1396 4349 1453 4400 et
1496 4346 1887 4404 Brunichildae

236 4443 436 4518 reginae
487 4440 784 4507 scribens,
816 4453 888 4492 ne
924 4433 1242 4490 Christiani
1286 4433 1475 4489 Judaei
1535 4435 1885 4505 deserviant,

2007 3310 2035 3339 ‹‹
2065 3288 2186 3343 cias
2216 3287 2416 3341 omnia
2448 3288 2723 3343 mandata
2746 3291 3141 3361 ejus,venient
3161 3311 3339 3366 super
3370 3299 3426 3351 te
3447 3314 3653 3357 omnes

2006 3399 2034 3428 «
2064 3376 2504 3431 maledictiones
2528 3376 2736 3447 istzr,et
2758 3380 3199 3451 apprehendent
3216 3385 3290 3437 te.
3307 3384 3653 3445 Maledictus

2004 3489 2033 3516 ‹‹
2063 3466 2177 3520 eris
2193 3465 2247 3519 in
2264 3463 2935 3531 civitate,maledictnsin
2954 3486 3090 3541 agro
3108 3486 3118 3523 :
3136 3470 3511 3530 maledictum
3527 3475 3656 3532 hor-

2003 3577 2031 3605 ‹‹
2063 3571 2225 3608 reum
2248 3557 2501 3623 tuum,et
2524 3553 2846 3609 maledictm
2871 3554 3129 3627 reliquim
3148 3563 3259 3613 tua;
3276 3578 3288 3627 ;
3305 3561 3653 3621 maledictus

2003 3664 2030 3693 «
2066 3643 2289 3696 fructus
2315 3641 2536 3695 ventris
2560 3643 2675 3707 tui;
2703 3638 3052 3699 maledictUS
3083 3645 3196 3700 eris
3219 3647 3571 3719 ingrediens,
3595 3655 3655 3708 et

2002 3754 2030 3782 «
2054 3730 2403 3787 maledictus
2418 3731 2735 3801 egrediens.
2749 3731 2936 3785 Mittet
2949 3732 3235 3788 Dominus
3248 3734 3460 3790 famem
3476 3754 3654 3810 super

2001 3842 2028 3871 ‹‹
2053 3825 2108 3874 te
2141 3821 2313 3892 (Deut.
2344 3834 2545 3883 xxmu,
2582 3820 2793 3885 15-20),
2821 3842 2848 3867 ››
2882 3824 2989 3873 etc.
3023 3821 3157 3885 Qua:
3188 3821 3387 3876 omnia
3414 3825 3650 3882 nuncin

1996 3907 2109 3963 isto
2132 3907 2345 3961 infelici
2373 3906 2584 3978 populo
2608 3906 2916 3962 manifeste
2932 3906 3196 3963 videmus
3212 3908 3455 3981 impleta
3475 3928 3488 3980 ;
3512 3929 3649 3971 cum

1999 4000 2233 4070 propter
2249 3995 2615 4066 iniquitatem
2640 4012 2804 4049 suam
2827 4012 2945 4068 qua
2965 3997 3061 4053 Dei
3089 3997 3298 4054 Filium
3323 4000 3650 4075 denegavit,

1997 4084 2346 4140 maledictus
2376 4083 2598 4139 exstitit
2620 4084 2675 4137 in
2702 4083 2933 4140 civitate
2955 4086 3280 4143 Jerusalem
3305 4092 3438 4145 ante
3469 4091 3650 4164 capti-

1994 4174 2253 4240 vitatem,
2298 4176 2355 4227 et
2386 4170 2738 4227 maledictus
2788 4173 2847 4228 in
2896 4191 3036 4247 agro
3068 4176 3250 4233 totius
3273 4179 3477 4234 mundi
3520 4184 3655 4252 post

1996 4261 2487 4335 captivitatem,ct
2513 4279 2626 4316 non
2653 4260 2843 4316 solum
2867 4262 3245 4319 maledictum
3270 4269 3358 4321 est
3378 4266 3651 4324 horreum

1996 4352 2145 4422 ejus,
2180 4353 2236 4405 et
2264 4349 2541 4422 reliquim,
2561 4350 2660 4405 sed
2688 4349 2859 4404 etiam
2885 4351 3235 4409 maledictus
3265 4354 3495 4411 fructus
3514 4374 3651 4412 ven-

1995 4440 2102 4495 tris
2131 4439 2280 4511 cjus.
2314 4440 2370 4495 id
2406 4443 2495 4493 est
2528 4438 2629 4493 ﬁlii
2663 4455 2675 4494 :
2706 4439 2859 4494 sicut
2896 4440 3009 4512 ipsi
3059 4442 3302 4513 pessimi
3347 4446 3563 4513 patres,
3596 4448 3656 4500 et

233 4530 324 4587 his
346 4531 541 4589 verbis
574 4528 879 4597 admonet,
915 4523 1113 4579 dicens
1146 4522 1267 4592 (lib.
1300 4538 1380 4578 vn
1415 4523 1560 4595 Reg.,
1593 4541 1676 4596 cp.
1715 4526 1836 4593 115)
1872 4544 1886 4582 ι
1919 4545 1967 4609 D
1999 4545 2060 4585 se
2092 4532 2148 4583 et
2178 4527 2309 4583 illos
2341 4527 2789 4595 maledixorunt,
2822 4528 3081 4585 dicentes
3116 4547 3129 4585 :
3167 4553 3194 4580 ‹‹
3227 4531 3478 4603 Sanguis
3526 4533 3655 4605 ejus

234 4642 266 4675 σ
297 4620 481 4676 Mirati
504 4632 725 4675 sumus
746 4613 902 4687 quod
934 4612 993 4667 in
1028 4627 1206 4683 regno
1236 4612 1429 4666 vestro
1459 4612 1693 4668 Judaeos
1726 4614 1887 4669 Chri-

233 4709 417 4771 stiana
443 4704 751 4776 mancipia
781 4700 1082 4773 possidere
1127 4700 1488 4772 permittitis.
1541 4701 1688 4766 Quid
1738 4702 1894 4759 enim

228 4804 368 4860 sunt
381 4793 705 4854 Christiani
725 4807 930 4847 omnes
948 4788 1062 4844 nisi
1084 4789 1350 4844 membra
1369 4788 1582 4844 Christi
1595 4790 1622 4845 ?
1643 4807 1826 4861 quoru
1839 4809 1893 4847 m

233 4886 498 4945 videlicet
528 4882 939 4940 membrorum
970 4881 1146 4951 caput
1190 4877 1385 4933 cuncti
1438 4878 1707 4934 novimus
1758 4879 1896 4952 quia

240 4975 481 5031 ﬁdeliter
508 4969 841 5029 honoratis.
874 4968 987 5024 Sed
1028 4983 1207 5040 quam
1254 4967 1552 5022 diversum
1584 4968 1681 5036 sit,
1716 4969 1896 5025 excel-

230 5061 415 5119 lentia
430 5066 633 5119 vestra
653 5056 994 5131 perpendat,
1011 5059 1187 5128 caput
1222 5055 1529 5124 honorare,
1545 5060 1601 5112 et
1630 5059 1895 5113 membra

236 5150 425 5225 ipsius
444 5148 726 5206 hostibus
756 5144 1037 5201 calcanda
1065 5144 1425 5216 permittere.
1446 5146 1634 5217 Atque
1653 5146 1779 5202 ideo
1802 5164 1896 5219 pe-

238 5239 446 5307 timus,
480 5243 549 5295 ut
581 5233 938 5293 excellentiae
985 5237 1187 5303 vestra;
1238 5233 1586 5313 constitutiq
1617 5235 1687 5290 de
1718 5252 1895 5310 regno

234 5344 352 5391 suo
378 5327 560 5399 hujus
591 5321 899 5397 pravitatis
929 5320 1085 5378 mala
1124 5325 1435 5390 removeat,
1475 5327 1540 5378 ut
1568 5322 1628 5376 in
1658 5323 1766 5378 hoc
1796 5342 1897 5379 vos

228 5415 500 5489 amplius
530 5414 747 5487 dignos
778 5412 1028 5469 cultores
1076 5411 1465 5485 omnipotenti
1519 5412 1765 5467 Domino
1797 5414 1894 5468 dc-

214 5490 609 5571 imonstrotis,
642 5501 799 5575 quod
831 5501 1033 5557 ﬁdeles
1065 5500 1223 5555 illius
1254 5501 1325 5555 ab
1359 5499 1614 5555 inimicis
1646 5501 1773 5572 ejus
1803 5502 1900 5558 ab-

230 5591 489 5655 solvitis.
526 5615 554 5645 ››
591 5590 875 5648 Similiter
904 5588 1057 5645 idem
1091 5606 1238 5663 papa
1267 5590 1337 5645 ad
1374 5590 1753 5646 Fortunatum
1786 5590 1899 5664 epi-

2002 4639 2030 4668 «
2063 4634 2240 4687 super
2260 4632 2366 4670 nos
2388 4620 2445 4669 et
2467 4633 2643 4687 super
2665 4616 2815 4671 ﬁlios
2839 4622 3072 4673 nostros
3093 4618 3650 4692 (Matth.xxvn,25).n

2006 4705 2350 4761 Maledictus
2381 4709 2471 4759 est
2499 4704 2593 4759 hic
2626 4704 2881 4778 populus
2912 4707 3247 4780 ingrediens
3277 4711 3574 4767 nascendo
3595 4711 3654 4767 in

2003 4794 2156 4850 hanc
2187 4794 2384 4861 vitam,
2418 4797 2474 4848 et
2504 4794 2851 4851 maledictus
2892 4797 3197 4869 egrediens
3247 4799 3548 4856 moriendo
3587 4817 3657 4856 ex

2003 4899 2091 4937 ca.
2112 4881 2269 4936 Misit
2282 4880 2567 4936 Dominus
2581 4900 2759 4955 super
2775 4901 2909 4939 eum
2934 4885 3354 4959 famem,quam
3368 4890 3655 4959 perAmos

2004 4971 2350 5043 prophetam
2400 4971 2795 5027 comminatus
2844 4978 2955 5041 est,
2986 4974 3187 5030 dicens
3220 4992 3233 5030 :
3272 4996 3300 5023 ‹‹
3337 4976 3481 5029 Ecce
3529 4974 3653 5031 dies

2008 5081 2035 5110 ‹‹
2065 5059 2315 5127 venient,
2333 5062 2388 5115 et
2420 5058 2648 5114 mittam
2684 5060 2893 5116 famem
2920 5061 2977 5115 in
3013 5067 3227 5117 terram
3253 5079 3266 5116 :
3289 5078 3404 5116 non
3437 5062 3652 5119 famem

2008 5171 2035 5198 «
2070 5149 2256 5221 panis,
2292 5166 2397 5203 nec
2431 5148 2590 5204 sitim
2625 5151 2923 5220 aqum,sed
2958 5149 3231 5205 audiendi
3276 5149 3518 5205 verbum
3550 5151 3657 5209 Do-

2008 5261 2034 5288 «
2070 5237 2232 5291 mini.
2271 5238 2338 5292 Et
2367 5236 2701 5292 circuibunt
2730 5256 2763 5293 a
2794 5237 2937 5292 mari
2963 5254 3150 5309 usque
3182 5237 3253 5292 ad
3286 5254 3468 5307 mare,
3492 5244 3551 5296 et
3581 5238 3656 5296 ab

2010 5350 2030 5377 α
2068 5326 2338 5398 aquilone
2373 5343 2556 5397 usque
2587 5326 2657 5379 ad
2708 5325 3012 5393 orientem,
3039 5329 3366 5397 qurerentes
3413 5328 3654 5385 verbum

2008 5438 2035 5465 ‹‹
2068 5415 2394 5483 Domini,et
2412 5432 2524 5470 non
2543 5414 2838 5469 invenient
2858 5414 3057 5483 (Amos.
3083 5430 3207 5485 vm,
3231 5416 3318 5489 11,
3343 5418 3487 5487 12).»
3512 5418 3660 5476 Vere

2007 5503 2161 5560 enim
2179 5521 2331 5559 nunc
2344 5506 2753 5575 qurerentes,ct
2767 5502 3114 5560 meditantes
3130 5504 3187 5559 in
3205 5504 3330 5578 lege
3343 5509 3399 5562 ct
3409 5507 3658 5581 prophe-

2008 5590 2104 5658 tis,
2139 5595 2195 5646 ct
2237 5590 2293 5644 in
2331 5594 2444 5645 toto
2474 5590 2695 5644 mundo
2726 5588 2995 5662 dispersi,
3023 5609 3138 5648 non
3192 5591 3501 5650 inveniunt
3526 5595 3657 5653 Ver-
