4070 6180
435 349 552 420 ΙἽ9

1649 355 2051 423 AMULONIS
2091 357 2336 424 EPISC'
2379 361 2615 426 LUGD.

3728 359 3838 430 1815

429 485 575 545 hum
607 487 860 558 Domini,
883 489 943 546 id
965 491 1055 548 est
1099 488 1200 546 Dei
1250 488 1484 558 Filium,
1518 490 1832 547 Dominum
1876 493 2080 550 Jesum
2107 491 2166 558 Α
2191 491 2528 551 verissimae
2557 498 2613 551 et
2641 494 3016 555 infirmitates
3045 513 3233 556 veras.
3258 494 3543 572 Loquitur
3559 498 3836 558 Dominus

431 577 846 635 Christum.Et
873 595 1008 635 cum
1059 581 1188 652 ejus
1236 581 1443 636 notitia
1489 579 1550 636 in
1602 579 1872 636 universo
1923 583 2081 644 orbe.

431 667 590 724 velut
615 667 701 724 sol
733 668 1096 725 meridianus
1147 671 1219 725 de
1266 669 1602 728 omlcstibus
1661 670 1966 742 refulgcat,
2000 670 2084 724 illi

432 759 716 828 tanquam
746 758 880 812 caeci
911 757 972 814 in
1003 759 1258 815 tenebris
1280 760 1543 832 palpant,
1568 758 1722 815 sicut
1753 758 1918 814 eisin
1942 759 2086 832 ipsis

433 845 942 903 maledictionibus
999 847 1148 922 legis
1187 848 1410 904 dictum
1460 853 1550 905 est
1583 867 1595 904 :
1636 871 1656 898 α
1695 849 1985 903 Percutiat
2033 853 2087 905 te

441 953 463 982 ι
498 932 784 990 Dominus
817 937 1092 1005 amentia,
1108 943 1165 992 et
1193 937 1552 1005 czecitate,ac
1583 939 1776 994 furore
1819 939 2035 992 mentis
2069 955 2082 992 :

441 1045 463 1071 α
497 1027 556 1079 et
587 1023 789 1096 palpes
809 1024 870 1079 in
893 1025 1157 1092 meridie,
1173 1026 1328 1082 sicut
1348 1027 1585 1100 palpare
1626 1026 1774 1082 solet
1810 1044 1997 1082 cmeus
2025 1025 2087 1082 in

433 1131 462 1162 ιι
501 1111 798 1170 tenebris:
827 1118 886 1170 et
915 1131 1031 1170 non
1081 1115 1302 1187 dirigas
1342 1115 1468 1171 vias
1516 1119 1649 1171 tuas
1680 1117 1856 1184 (Deut.
1887 1131 2087 1182 xxviii,

443 1221 464 1250 ι
496 1202 588 1268 28,
620 1201 715 1267 29)
746 1225 768 1254 ι
803 1202 908 1258 Per
927 1203 1080 1258 hanc
1119 1203 1276 1266 enim
1325 1205 1668 1276 caecitatem,
1699 1205 1878 1260 etiam
1924 1204 2089 1260 illam

437 1287 1622 1364 maledictionemincurruntqumistarum
1635 1293 1901 1348 omnium
1915 1309 2093 1349 causa

441 1377 550 1443 est,
583 1377 641 1430 et
669 1373 822 1432 inter
849 1379 1110 1447 caeteras,
1139 1382 1206 1434 ut
1237 1378 1296 1434 in
1343 1379 1624 1436 Hebraico
1654 1379 1884 1452 proprie
1915 1381 2094 1454 scrip-

437 1465 608 1536 ptum
641 1467 750 1536 est,
784 1465 869 1521 sic
899 1467 1138 1539 ponitur
1166 1485 1180 1524 :
1222 1491 1243 1518 ι
1277 1469 1348 1524 Et
1383 1469 1492 1524 erit
1525 1468 1647 1525 vita
1673 1472 1776 1525 tua
1807 1487 2095 1542 suspensa

445 1573 468 1602 ι
504 1555 638 1608 ante
663 1556 748 1621 te;
783 1554 1018 1612 timebis
1048 1560 1218 1614 nocte
1251 1561 1310 1614 et
1347 1558 1460 1629 die,
1475 1561 1533 1614 et
1571 1576 1690 1614 non
1719 1559 1922 1616 credes
1963 1559 2092 1614 vita:

446 1660 470 1692 ι
503 1644 618 1696 tua;
651 1643 825 1712 (Deut.
857 1659 1058 1717 xxvm,
1089 1647 1202 1716 66).
1239 1668 1261 1696 ιι
1289 1648 1422 1712 Quae
1471 1650 1561 1703 est
1609 1648 1766 1702 enim
1816 1647 1938 1704 haec
1976 1649 2094 1704 vita

439 1729 642 1804 populi
663 1731 784 1800 Dei,
807 1732 922 1790 nisi
945 1733 1042 1790 ille
1063 1735 1164 1806 qui
1189 1735 1247 1790 in
1269 1735 1579 1809 Evangelio
1599 1736 1896 1809 loquitur:
1927 1759 1948 1788 ι
1973 1737 2092 1810 Ego

443 1839 466 1867 ι
502 1835 635 1875 sum
667 1821 1016 1880 resurrectio
1037 1827 1096 1880 et
1121 1823 1240 1880 vita
1260 1826 1439 1895 (Joan.
1462 1843 1541 1895 x1,
1561 1825 1692 1895 25)?
1712 1848 1740 1876 »
1770 1831 1829 1882 et
1864 1829 1937 1883 de
1978 1843 2092 1900 quo

439 1923 509 1964 ex
537 1908 804 1964 omnium
828 1927 1078 1984 persona
1098 1912 1412 1970 electorum
1437 1914 1722 1970 Jeremias
1751 1915 1832 1972 ait
1862 1932 1876 1972 :
1903 1937 1931 1966 α
1963 1916 2094 1988 Spi-

441 2017 473 2047 «
503 1995 654 2054 ritus
683 1998 806 2055 oris
845 2001 1032 2058 nostri
1063 2002 1332 2060 Christus
1366 2003 1652 2060 Dominus
1678 2009 1885 2077 captus
1914 2009 2004 2060 est
2031 2005 2092 2060 in

448 2102 473 2135 ι
503 2085 758 2158 peccatis
789 2089 1162 2148 nostriszcui
1187 2091 1571 2148 diximuszln
1616 2093 1828 2149 umbra
1873 2097 1975 2149 tua
2017 2094 2096 2148 vi-

443 2192 474 2228 s
499 2192 704 2232 vemus
731 2175 792 2232 in
822 2180 1140 2252 gentibus?
1173 2205 1195 2232 ι
1231 2182 1450 2255 (Thren.
1484 2198 1562 2250 ιν,
1588 2182 1700 2254 20).
1734 2183 1892 2239 Hanc
1911 2183 2092 2240 vitam

439 2281 608 2323 suam
623 2265 899 2324 viderunt
918 2269 1106 2326 Judaei
1126 2269 1185 2326 in
1205 2270 1364 2345 ligno
1385 2271 1576 2328 crucis
1593 2289 1939 2344 suspensam
1958 2277 2092 2329 ante

439 2376 522 2428 se,
537 2363 596 2416 et
623 2359 685 2414 in
709 2359 838 2430 ejus
869 2361 1179 2432 praesentia
1227 2361 1564 2417 dubitantes
1606 2361 1858 2429 credere,
1873 2362 2093 2418 timue-

437 2452 577 2506 runt
606 2452 775 2504 no'cte
805 2451 862 2504 et
889 2449 1002 2516 die,
1019 2449 1076 2504 id
1107 2453 1215 2516 est,
1241 2454 1299 2505 et
1329 2451 1562 2522 quando
1593 2451 1678 2506 eis
1709 2450 1869 2506 illius
1909 2453 2088 2523 maje-

438 2540 562 2593 stas
593 2535 966 2608 passionibus
993 2537 1416 2605 occultabatur,
1447 2543 1503 2594 et
1523 2541 1757 2611 quando
1788 2539 2091 2598 miraculis

437 2623 866 2682 declarabatur.
899 2625 988 2682 Ita
1015 2627 1158 2682 dum
1205 2627 1267 2684 in
1315 2627 1450 2684 istis
1495 2628 1854 2698 haesitarent,
1880 2629 1938 2685 in
1971 2629 2090 2687 illis

438 2717 900 2783 contemnerent,
935 2731 1053 2771 non
1085 2717 1460 2773 crediderunt
1487 2717 1616 2773 vita;
1647 2735 1785 2774 suae.
1809 2721 1943 2784 Quae
1972 2737 2092 2774 ma-

434 2803 672 2862 ledictio
703 2803 908 2876 utique
939 2821 1126 2877 usque
1155 2804 1326 2861 hodie
1366 2805 1426 2861 in
1470 2805 1554 2862 eis
1584 2812 1915 2878 permanet;
1950 2809 2091 2880 quia

433 2893 616 2950 vitam
646 2910 836 2961 suam,
861 2910 988 2966 quae
1021 2893 1138 2950 illis
1166 2893 1424 2968 primum
1459 2895 1648 2954 fuerat
1676 2895 1967 2952 destinata
1986 2896 2090 2966 (di-

434 2985 602 3040 cente
621 2982 868 3039 Domino
901 2999 915 3038 :
957 3003 984 3036 α
1008 2983 1134 3039 Non
1165 3001 1298 3040 sum
1328 2983 1548 3040 missus
1569 2983 1680 3041 nisi
1712 2986 1786 3040 ad
1803 3002 1938 3045 oves
1959 3002 2086 3057 quae

439 3093 462 3122 ι
500 3071 800 3146 perierunt
854 3073 1066 3128 domus
1125 3073 1301 3130 Israel
1349 3073 1552 3146 (Matth.
1602 3090 1696 3140 xv,
1723 3075 1837 3142 24),
1875 3095 1896 3124 ιι
1943 3074 2085 3129 dum

435 3159 646 3218 nolunt
675 3161 910 3220 credere
935 3178 971 3216 a
999 3162 1248 3218 mortuis
1294 3161 1702 3218 resuscitatam
1737 3165 1825 3230 (ut
1870 3179 1938 3218 ex
1976 3162 2086 3218 hac

2125 1860 2173 1926 B

2191 584 2266 638 ad
2282 585 2554 656 Aggmum
2571 585 2914 659 prophetam
2938 605 2950 643 :
2977 611 2998 638 α
3019 588 3321 661 Interroga
3331 589 3664 646 sacerdotes
3680 587 3838 662 legis,

2199 695 2220 720 «ι
2255 671 2491 728 dicens:
2517 674 2576 729 Si
2608 675 2874 748 tetigerit
2904 676 3251 732 immundus
3270 676 3331 732 in
3352 677 3549 733 anima
3570 694 3640 734 ex
3659 679 3838 734 omni-

2198 781 2224 808 ‹‹
2255 760 2366 815 bus
2398 761 2512 829 his,
2534 761 2590 816 id
2624 767 2714 818 est
2744 780 2984 835 panem,
3019 769 3120 819 aut
3146 765 3372 831 vinum,
3409 769 3511 820 aut
3527 765 3844 833 oleum,aut

2201 868 2222 896 κ
2257 848 2650 920 pulmentum,
2683 856 2786 906 aut
2823 868 3057 908 omnem
3093 852 3312 921 cibum,
3347 853 3617 926 nunquid
3649 859 3840 910 conta-

2200 959 2226 986 «
2259 937 2622 994 minabitur?
2645 940 2709 994 Et
2731 941 3134 1012 respondeunt
3174 941 3504 998 sacerdotes
3531 959 3543 998 :
3567 942 3847 999 Contami-

2199 1043 2226 1072 ‹‹
2260 1022 2516 1078 nabitur.
2545 1025 2612 1080 Et
2641 1025 2722 1080 ait
2743 1027 3028 1083 Dominus
3061 1044 3074 1084 :
3108 1028 3204 1084 Sic
3233 1045 3376 1102 gens
3405 1028 3540 1098 ista,
3565 1033 3624 1086 et
3645 1030 3731 1086 sic
3758 1050 3846 1104 po-

2204 1133 2231 1164 a
2261 1112 2436 1184 pulus
2488 1112 2597 1168 iste
2645 1119 2780 1170 ante
2832 1116 3038 1171 faciem
3071 1133 3263 1172 meam
3304 1117 3454 1189 (Agg.
3490 1135 3552 1188 ιι,
3588 1119 3784 1190 12-15).
3814 1141 3840 1174 ι

2199 1199 2362 1256 Unde
2420 1205 2477 1257 et
2526 1201 2842 1274 Apostolus
2895 1205 3225 1272 confirmat,
3287 1205 3532 1262 dicens:
3575 1227 3602 1260 α
3641 1208 3845 1266 Omnia

2205 1309 2233 1342 ε
2261 1291 2485 1345 munda
2504 1291 2774 1360 mundis;
2808 1291 3203 1366 coinquinatis
3224 1298 3418 1350 autem
3439 1301 3497 1350 et
3514 1295 3845 1354 infidelibus

2203 1401 2226 1428 ε
2262 1378 2409 1434 nihil
2439 1382 2529 1436 est
2557 1381 2878 1438 mundum:
2914 1383 3015 1438 sed
3046 1381 3357 1456 inquinata
3385 1387 3525 1440 sunt
3563 1401 3764 1441 eorum
3792 1389 3848 1443 et

2205 1488 2233 1521 α
2264 1484 2430 1524 mens
2475 1473 2534 1524 et
2578 1469 2940 1526 conscientia
2983 1471 3107 1544 (Tit.
3161 1487 3201 1539 ι,
3253 1473 3376 1542 15);
3409 1493 3436 1525 ιι
3472 1475 3538 1528 ut
3583 1473 3848 1532 videlicet

2199 1556 2642 1614 im'mundorum
2674 1557 3015 1616 immundae
3045 1575 3174 1616 esse
3203 1559 3543 1618 noverimus
3590 1578 3846 1620 mensas.

2201 1648 2500 1713 Quomodo
2530 1649 2686 1704 enim
2718 1648 3038 1705 immunda:
3075 1666 3192 1706 non
3233 1654 3410 1706 erunt
3439 1667 3682 1722 mensae,
3712 1670 3849 1726 quo-

2202 1752 2334 1791 rum
2365 1735 2677 1792 maledicta
2706 1741 2847 1794 sunt
2877 1737 3086 1794 horrea
3115 1743 3173 1794 et
3200 1739 3532 1811 apothecae?

2273 1825 2394 1880 LII.
2425 1825 2510 1880 Ad
2535 1824 2710 1882 istius
2737 1825 2917 1899 igitur
2939 1825 3238 1884 maledicti
3259 1831 3318 1883 et
3335 1826 3628 1886 immundi
3652 1831 3851 1903 populi

2202 1913 2561 1970 consortium
2576 1918 2752 1986 atque
2763 1915 3092 1971 convictum
3106 1915 3341 1989 penitus
3353 1916 3706 1991 vitandum,j
3717 1924 3853 1978 uxta

2201 2003 2606 2059 auctoritatem
2639 2002 3076 2077 Scripturarum
3104 2004 3330 2062 Veteris
3361 2022 3428 2062 ac
3459 2005 3600 2062 Novi
3651 2008 3853 2065 Testa-

2200 2092 2382 2148 menti
2404 2091 2725 2148 instituunt
2743 2111 2852 2150 nos
2873 2097 3050 2166 atque
3062 2093 3475 2168 constringunt
3492 2095 3853 2152 sanctissimi

2200 2185 2258 2236 et
2281 2180 2603 2236 beatissimi
2656 2185 2872 2254 patres,
2905 2187 2963 2238 et
3007 2187 3258 2240 rectores
3297 2182 3691 2240 Ecclesiarum
3727 2185 3851 2256 Dei,

2199 2269 2324 2325 suis
2372 2269 2654 2342 exemplis
2697 2275 2754 2325 et
2810 2271 3192 2344 synodalibus
3242 2273 3511 2340 decretis,
3545 2290 3676 2346 qua;
3723 2275 3853 2346 jam

2199 2358 2448 2414 breviter
2475 2359 2812 2416 adnotanda
2833 2364 2891 2416 et
2921 2360 3268 2418 sacerdotali
3292 2361 3486 2417 studio
3501 2360 3562 2416 in
3583 2363 3852 2420 omnium

2199 2447 2466 2502 notitiam
2516 2448 2814 2504 credimus
2862 2450 3256 2522 perducenda.
3290 2450 3506 2507 Beatus
3553 2451 3858 2510 confessor

2198 2536 2474 2603 Hilarius,
2511 2554 2690 2608 quam
2723 2541 2944 2594 attente
2972 2538 3310 2594 Judaeorum
3361 2555 3593 2612 semper
3629 2544 3687 2596 et
3735 2540 3856 2597 ha:-

2196 2625 2511 2681 reticorum
2543 2625 2882 2682 devitaverit
2929 2627 3176 2699 profana
3209 2627 3526 2698 consortia,
3553 2629 3676 2686 vita
3721 2631 3856 2702 ejus

2197 2713 2416 2786 scripta
2460 2715 2868 2770 demonstrat:
2904 2715 3060 2788 quod
3112 2713 3195 2770 ita
3235 2713 3461 2772 scilicet
3505 2715 3857 2790 hujusmodi

2195 2801 2396 2858 hostes
2443 2803 2711 2859 Ecclesiae
2759 2803 2936 2859 fuerit
2981 2807 3340 2871 exsecratus,
3375 2807 3440 2859 ut
3486 2821 3604 2860 non
3655 2804 3856 2862 solum

2195 2891 2653 2960 convivium,sed
2678 2907 2750 2947 ne
2773 2891 3048 2948 salutatio
3073 2892 3312 2964 quidem
3333 2891 3384 2948 ei
3403 2891 3693 2948 exstiterit
3713 2911 3855 2950 cum

2194 2979 2287 3036 his
2315 2979 2685 3052 praetereunti
2715 2979 3068 3036 communis.
3101 2982 3224 3046 Quo
3270 2981 3423 3036 facto
3469 2980 3558 3036 vir
3607 2987 3858 3041 sanctus

2193 3067 2336 3124 illud
2369 3069 2569 3141 utique
2599 3069 2989 3142 apostolicum
3021 3069 3404 3126 observabat:
3437 3071 3552 3126 «Et
3581 3088 3656 3127 ne
3685 3072 3853 3130 dixe-

2205 3178 2231 3210 α
2262 3158 2391 3214 ritis
2422 3157 2504 3213 illi
2533 3175 2634 3214 ave
2668 3175 2681 3212 :
2716 3157 2816 3231 qui
2855 3158 3014 3214 enim
3049 3157 3194 3214 dicit
3220 3157 3272 3214 ei
3304 3176 3427 3227 ave,
3448 3161 3858 3219 communicat

435 3250 552 3306 fide
579 3249 946 3306 viviﬁcentur
981 3254 1039 3306 et
1065 3251 1293 3324 possint
1336 3250 1526 3307 dicere
1575 3267 1710 3306 cum
1749 3251 2033 3323 propheta
2065 3268 2078 3308 :
2111 3231 2156 3298 (ἶ
2203 3267 2228 3300 α
2257 3247 2532 3318 operibus
2561 3247 2687 3304 suis
2718 3245 2992 3320 malignis
3024 3247 3098 3318 (Π
3123 3249 3276 3304 Joan.
3311 3263 3351 3316 ι,
3387 3248 3495 3320 11).
3528 3267 3556 3300 υ

440 3361 464 3391 ι
495 3337 826 3396 Viviﬁcabit
846 3355 952 3395 nos
973 3343 1107 3412 post
1125 3341 1273 3396 duos
1293 3339 1507 3408 dies,in
1525 3339 1616 3396 die
1637 3339 1810 3396 tertia
1828 3339 2082 3396 suscita-

439 3450 469 3480 ‹‹
499 3426 584 3485 bit
605 3445 710 3485 nos
739 3427 880 3502 (Ose.
905 3447 982 3496 γι,
998 3429 1109 3498 3>,ι
1147 3445 1334 3501 usque
1355 3428 1528 3485 hodie
1551 3428 1720 3500 quasi
1741 3429 1800 3483 in
1823 3429 2082 3500 patibule

433 3535 786 3594 suspensam
816 3518 1082 3575 irrident.
1119 3519 1280 3574 Unde
1301 3523 1360 3574 et
1386 3517 1447 3574 in
1477 3522 1679 3574 nostra
1707 3517 1961 3574 editione
1990 3536 2080 3574 res

428 3613 516 3666 cte
545 3607 902 3666 translatum
934 3611 1024 3664 est
1055 3623 1069 3662 :
1103 3607 1174 3663 Et
1203 3607 1313 3664 erit
1338 3607 1456 3664 vita
1484 3610 1588 3664 tua
1616 3606 1785 3680 quasi
1827 3625 2078 3680 suspen-

428 3699 577 3756 dens
605 3701 740 3755 ante
771 3701 848 3766 te,
881 3695 1155 3752 videlicet
1184 3695 1324 3770 quia
1359 3695 1686 3770 ignominia
1705 3696 1917 3768 crucis,
1951 3713 2076 3768 quae

425 3787 486 3844 in
505 3787 736 3846 Christo
755 3804 791 3842 a
811 3785 1062 3843 mortuis
1081 3801 1358 3859 resurgen
1368 3789 1424 3841 te
1432 3785 1558 3857 jam
1582 3783 1886 3857 praeteriit;
1920 3786 2074 3857 apud

424 3877 674 3934 istorum
701 3877 1066 3950 impietatem
1097 3880 1154 3932 et
1182 3875 1709 3947 caecitatem,quasi
1731 3874 1922 3930 adhuc
1955 3891 2078 3946 per-

423 3967 661 4021 maneat
689 3963 984 4019 irridetur.
998 3965 1070 4018 Et
1086 3963 1224 4036 quia
1244 3963 1653 4035 isti,tanquam
1677 3961 1825 4017 rami
1846 3965 2077 4018 natura-

423 4050 531 4119 les,
563 4050 1062 4123 degeneraverunt
1081 4053 1138 4105 et
1167 4050 1332 4105 fracti
1369 4055 1510 4106 sunt
1536 4068 1571 4106 a
1599 4050 1792 4106 radice
1833 4051 2074 4123 patriar-

423 4136 694 4210 charum,
718 4140 776 4193 et
804 4135 1056 4194 oleaster
1083 4137 1346 4208 gentium
1375 4137 1633 4194 insertus
1661 4143 1750 4195 est
1770 4138 1828 4194 in
1857 4139 2072 4195 bonam

422 4225 662 4294 olivam,
695 4224 945 4282 audiunt
991 4225 1184 4282 adhuc
1233 4223 1290 4280 in
1322 4225 1468 4298 ipsis
1517 4226 2068 4283 maledictionibus:

427 4335 456 4366 «
485 4314 721 4372 Advena
777 4313 880 4387 qui
929 4318 1125 4370 tecum
1171 4318 1438 4370 versatur
1483 4313 1543 4370 in
1592 4318 1764 4382 terra,
1799 4316 2074 4372 ascendet

425 4426 453 4455 ‹‹
484 4421 665 4478 supra
692 4407 768 4474 te,
802 4403 1028 4476 eritque
1051 4401 1360 4459 sublimior
1386 4419 1398 4458 :
1430 4407 1494 4458 tu
1526 4407 1722 4459 autem
1753 4403 2070 4460 descendes

423 4515 452 4545 ‹‹
481 4497 541 4550 et
567 4493 685 4550 eris
715 4493 958 4550 inferior
987 4493 1168 4566 (Deut.
1199 4507 1399 4561 xxvm,
1432 4492 1519 4559 43,
1556 4491 1663 4563 44).
1700 4511 1727 4540 ››
1762 4491 1891 4564 Ipse
1920 4493 2071 4548 fene-

2264 3335 2406 3391 LIII.
2436 3336 2516 3391 De
2546 3339 2750 3392 sancto
2777 3336 3114 3404 Ambrosio,
3144 3335 3360 3392 eximio
3405 3337 3761 3406 confessore,
3794 3345 3874 3396 et?

2188 3429 2310 3481 tam
2341 3425 2606 3480 doctrina
2625 3442 2801 3496 quam
2833 3423 3134 3481 miracnlis
3157 3423 3400 3498 insigni,
3431 3424 3490 3481 in
3514 3425 3702 3500 gestis
3715 3429 3855 3500 ejus

2187 3513 2272 3570 ita
2324 3513 2608 3586 scriptum
2649 3519 2740 3570 est
2760 3514 3054 3584 (Paulinus
3101 3515 3164 3570 in
3210 3514 3326 3571 Vita
3343 3513 3402 3570 S.
3435 3515 3646 3584 Ambr.)
3678 3531 3694 3570 :
3723 3539 3754 3567 ‹‹
3781 3517 3854 3574 In

2187 3602 2452 3675 partibus
2482 3602 2830 3672 Orientis,in
2871 3603 3126 3676 quodam
3165 3601 3406 3659 castello
3439 3620 3473 3660 a
3493 3603 3855 3663 Christianis

2185 3691 2325 3748 viris
2352 3708 2650 3765 synagoga
2668 3692 3006 3748 Judzsorum
3031 3691 3300 3748 incendio
3322 3697 3704 3749 concremata
3725 3699 3853 3768 est;

2183 3783 2490 3852 propterea
2517 3779 2676 3851 quod
2705 3777 2891 3834 Judaei
2923 3777 3276 3834 insultarent
3325 3781 3635 3837 monachis
3686 3782 3859 3838 Chri-

2185 3867 2414 3924 stianis.
2449 3867 2560 3922 Sed
2593 3867 2664 3922 de
2695 3865 3034 3937 hujusmodi
3065 3867 3215 3923 facto
3247 3883 3446 3924 comes
3475 3868 3734 3926 Orientis
3771 3873 3854 3928 ad

2183 3957 2596 4030 imperatorem
2626 3954 3021 4011 Theodosium
3065 3955 3407 4018 relationem
3455 3955 3686 4014 direxit.
3721 3962 3858 4028 Qua

2183 4049 2442 4118 accepta,
2501 4044 2822 4115 imperator
2870 4048 3221 4116 praeceperat
3285 4049 3354 4100 ut
3417 4063 3719 4120 synagoga
3771 4049 3855 4106 ab

2183 4135 2454 4208 episcoPO
2490 4133 2966 4188 reaedificuretur.
3001 4133 3113 4189 Sed
3144 4133 3325 4205 hujus
3363 4135 3634 4207 praecepti
3674 4141 3856 4194 tenor

2181 4241 2316 4280 cum
2345 4224 2418 4280 ad
2451 4239 2622 4278 aures
2645 4220 3005 4293 pervenisset
3024 4220 3376 4278 venerabilis
3401 4222 3508 4278 viri
3540 4224 3852 4282 Ambrosii

2181 4312 2461 4384 episcopi,
2496 4310 2705 4368 direxit
2737 4311 2808 4365 ad
2829 4310 3241 4382 imperatorem
3274 4309 3583 4384 epistolam
3614 4313 3741 4382 (lib.
3777 4331 3852 4385 ιι,

2179 4403 2334 4474 epist.
2371 4402 2478 4470 17),
2515 4400 2656 4472 quia
2680 4399 2806 4472 ipse
2833 4399 2893 4454 in
2919 4403 3181 4472 tempore
3199 4415 3504 4458 excurrere
3533 4418 3650 4458 non
3679 4410 3850 4475 pote-

2179 4493 2267 4546 rat
2299 4507 2313 4545 :
2347 4506 2465 4561 qua
2493 4487 2663 4543 illum
2705 4487 2992 4557 convenit,
3025 4492 3091 4543 ut
3132 4487 3191 4544 id
3241 4489 3396 4560 quod
3427 4491 3503 4545 ab
3541 4507 3609 4546 co
3649 4497 3852 4550 statu-

419 4582 573 4639 rabit
601 4582 804 4652 tibi,et
833 4586 896 4638 tu
928 4563 1046 4639 non
1068 4579 1358 4638 fenerabis
1388 4579 1461 4635 ei.
1485 4581 1618 4651 Ipse
1647 4579 1757 4635 erit
1784 4563 1843 4634 in
1873 4585 2066 4653 caput,
2096 4597 2146 4664 D
2176 4563 2304 4636 tum
2335 4579 2523 4634 fuerat
2553 4576 2942 4648 invocaretur,
2956 4575 3291 4650 servarique
3335 4577 3449 4635 sibi
3497 4579 3715 4638 debere
3762 4583 3848 4639 ab

417 4675 477 4728 et
495 4674 562 4726 tu
591 4671 708 4726 eris
735 4671 798 4726 in
818 4672 1089 4728 caudam.
1105 4670 1271 4726 Sicut
1299 4667 1614 4724 manifeste
1630 4667 2068 4740 videmus,quia

413 4758 675 4817 Ecclesia
705 4773 774 4814 ex
804 4759 1078 4831 gentibus
1126 4759 1350 4814 fenerat
1392 4756 1477 4812 illi
1509 4755 1724 4831 populo
1755 4757 2062 4830 pecuniam

411 4847 573 4907 verbi
604 4845 736 4914 Dei;
767 4845 851 4901 illi
880 4863 1012 4902 vero
1061 4847 1216 4920 unde
1265 4847 1528 4904 fenerent
1571 4863 1686 4903 non
1731 4845 1968 4904 habent.
1996 4849 2065 4904 Et

417 4935 676 5012 populus
705 4933 968 5009 gentium
1000 4939 1090 4991 est
1135 4934 1194 4988 in
1245 4940 1440 5008 caput,
1474 4935 1698 4992 habens
1744 4937 2062 4994 Domtnum

414 5027 621 5084 Jesum
653 5024 986 5091 Christum;
1021 5021 1107 5078 illi
1129 5039 1262 5079 vero
1293 5023 1352 5079 in
1383 5041 1646 5094 causam,
1666 5025 1998 5099 quiaacapi
2011 5032 2063 5083 te

417 5115 775 5172 ceciderunt.
809 5111 969 5178 Quod
1003 5111 1206 5184 utique
1235 5129 1469 5186 semper
1497 5117 1688 5181 erunt,
1723 5115 1905 5170 donec
1941 5113 2061 5186 ple-

416 5202 622 5258 nitudo
670 5200 933 5273 gentium
983 5199 1256 5272 introeat,
1279 5205 1337 5257 et
1383 5201 1468 5257 sic
1510 5201 1704 5256 omnis
1749 5201 1924 5272 Israel
1963 5203 2064 5258 fiat

416 5289 614 5347 salvus
637 5305 650 5344 :
675 5289 868 5346 omnis
882 5289 1150 5348 videlicet
1169 5289 1505 5346 salvandus.
1519 5294 1666 5344 Nam
1687 5287 1938 5344 istorum
1960 5289 2059 5361 qui

327 5412 335 5415 -
415 5395 574 5436 nunc
595 5382 752 5448 sunt,
787 5378 1136 5448 infidelium,
1161 5380 1330 5452 juxta
1361 5377 1517 5450 quod
1562 5376 1621 5431 in
1659 5376 1776 5432 illis
1816 5376 2059 5433 maledi-

303 5491 314 5504 -
411 5467 707 5526 ctionibus
749 5469 1032 5542 scriptum
1081 5471 1188 5536 est,
1223 5467 1460 5540 augebit
1501 5463 1785 5520 Dominus
1832 5465 2058 5538 plagas,

411 5556 615 5632 plagas
645 5573 890 5630 magnas
920 5561 977 5614 et
995 5559 1454 5630 perseverantes,
1484 5553 1858 5610 infirmitates
1882 5554 2058 5626 pessi-

409 5664 538 5705 mas
567 5649 624 5703 et
652 5645 1154 5720 perpetuas,quod
1190 5643 1304 5701 alia
1331 5641 1636 5700 translatio
1659 5641 1826 5712 dicit,
1851 5641 2053 5717 plagas

2174 4685 2241 4725 eo
2271 4666 2654 4724 audientiam.
2688 4664 2797 4732 Qui
2828 4683 2890 4722 se
2920 4665 3136 4738 dignus
3165 4683 3282 4722 non
3333 4671 3490 4723 esset
3530 4668 3631 4740 qui
3663 4669 3738 4726 ab
3773 4688 3851 4728 eo

2173 4755 2722 4828 audiretur,dignus
2750 4754 2930 4810 etiam
2951 4771 3066 4810 non
3085 4758 3241 4811 esset
3267 4755 3368 4828 qui
3402 4772 3506 4828 pro
3537 4755 3638 4814 illo
3671 4759 3854 4816 audi-

2172 4851 2352 4914 retur,
2385 4845 2473 4901 vel
2503 4843 2597 4900 cui
2627 4858 2826 4916 preces
2874 4859 3012 4899 suas
3061 4847 3164 4900 aut
3208 4843 3303 4900 cui
3351 4861 3462 4902 sua
3505 4850 3641 4902 vota
3670 4864 3850 4906 com-

2172 4936 2448 4992 mitteret.
2483 4933 2766 4990 Paratum
2815 4933 2992 4989 etiam
3041 4949 3106 4990 se
3152 4949 3282 4990 esse
3328 4950 3433 5006 pro
3465 4935 3567 4992 tali
3597 4937 3850 5010 negotio

2172 5028 2419 5080 mortem
2451 5021 2668 5091 subire,
2691 5039 2764 5078 ne
2795 5021 3266 5078 dissimulatione
3296 5022 3388 5080 sui
3421 5024 3850 5096 praevaricato-

2173 5129 2293 5168 rem
2325 5112 2538 5167 faceret
2566 5109 3004 5183 imperatorem,
3036 5110 3139 5183 qui
3189 5114 3312 5167 tam
3357 5111 3583 5184 injuste
3625 5120 3850 5172 contra

2170 5199 2486 5257 Ecelesiam
2502 5199 2890 5272 praecepisset.
2908 5199 3114 5256 Postea
3123 5215 3256 5256 vero
3277 5216 3414 5257 cum
3428 5200 3847 5260 Mediolanum

2169 5287 2496 5355 revertitur,
2528 5287 2719 5360 posito
2769 5287 3125 5361 imperatore
3155 5289 3217 5346 in
3245 5289 3491 5346 ecclesia
3519 5291 3594 5348 de
3621 5293 3850 5348 eadem

2168 5394 2347 5434 causa
2366 5375 2636 5433 tractavit
2659 5377 2719 5432 in
2749 5377 2986 5450 populo.
3007 5379 3070 5433 In
3094 5395 3211 5451 quo
3229 5382 3482 5436 tractatu
3505 5379 3858 5440 introduxit

2167 5467 2399 5524 Domini
2431 5483 2741 5540 personam
2785 5465 3082 5538 loquentis
3113 5468 3451 5540 imperatori
3476 5485 3490 5525 :
3514 5469 3636 5544 Ego
3665 5473 3727 5526 te
3763 5485 3860 5530 ex

2167 5555 2374 5612 ultimo
2415 5555 2824 5627 imperatorem
2875 5555 3014 5624 feci;
3047 5573 3153 5630 ego
3203 5557 3308 5612 tibi
3357 5558 3682 5614 exercitum
3710 5557 3856 5615 ini-

2167 5645 2302 5701 mici
2333 5643 2418 5700 tui
2448 5643 2691 5712 tradidi;
2716 5659 2822 5717 ego
2842 5643 2947 5701 tibi
2971 5645 3170 5718 copias
3193 5663 3340 5719 quas
3369 5645 3468 5704 ille
3506 5647 3856 5707 adversum
