4092 6178
266 351 383 419 181

1527 361 1676 425 LIB.
1722 358 2035 426 CONTRA
2076 361 2425 429 JUDIEOS.

3559 376 3677 443 182

262 492 321 547 te
350 487 633 546 exercitui
665 505 773 547 suo
802 497 1250 565 praeparaverat,
1272 492 1441 564 dedi;
1475 511 1580 569 ego
1608 494 1919 552 inimicum
1947 496 2005 563 Α
2032 496 2212 554 laicos
2243 499 2583 558 constitutio
2614 506 2813 560 nostra
2860 503 3181 578 prohibuit.
3213 505 3329 565 Nec
3374 523 3510 566 cum
3556 508 3677 570 ullo

262 581 434 634 tuum
456 578 516 633 in
539 583 890 651 potestatem
912 585 1074 637 tuam
1098 582 1293 656 redegi
1316 601 1329 652 ;
1354 600 1460 657 ego
1483 585 1554 641 de
1574 587 1798 641 semine
1818 589 1919 641 tuo

258 685 443 741 super
470 668 686 723 solium
731 670 896 742 regni
946 671 1261 740 constitui;
1294 689 1399 745 ego
1451 678 1507 728 te
1556 674 1919 747 triumphare

257 756 386 813 sine
420 757 622 812 labore
652 757 783 813 feci.
816 759 886 814 Et
913 763 977 814 tu
1009 760 1082 815 de
1114 776 1208 816 me
1235 760 1495 817 inimicis
1537 763 1684 818 meis
1733 764 1917 819 donas

256 845 633 917 triumphos?
666 846 771 901 Cui
802 848 1182 903 descendenti
1223 850 1295 905 de
1343 851 1554 906 exedra
1600 851 1918 924 imperator

254 935 374 990 ait:
404 935 621 990 Contra
650 952 759 990 nos
790 937 1149 1008 proposuisti
1183 937 1377 1005 hodie,
1412 938 1703 1011 episcope.
1726 942 1798 994 At
1820 940 1916 996 ille

254 1024 621 1096 respondens
652 1024 754 1092 ait,
790 1041 907 1079 non
940 1042 1002 1081 se
1033 1030 1237 1081 contra
1267 1026 1488 1098 ipsum,
1521 1029 1623 1083 sed
1654 1046 1757 1100 pro
1788 1029 1914 1100 ipso

254 1114 437 1168 fuisse
487 1112 774 1168 locutum.
804 1114 972 1169 Tunc
1024 1114 1380 1186 imperator:
1411 1117 1648 1186 Revera,
1695 1117 1912 1189 inquit,

251 1203 400 1258 dura
429 1217 824 1273 praeceperam
857 1206 1062 1257 contra
1102 1203 1448 1276 episcopum
1498 1206 1570 1261 de
1618 1222 1915 1280 synagoga

248 1290 614 1362 reparanda;
645 1288 706 1344 in
739 1290 1045 1346 monachis
1075 1308 1209 1347 vero
1249 1293 1667 1349 vindicandum
1718 1312 1847 1351 esse
1878 1313 1912 1352 a

244 1378 567 1436 comitibus
598 1378 700 1451 qui
732 1379 792 1434 in
824 1383 1090 1452 tempore
1118 1381 1364 1437 aderant
1411 1382 1737 1439 dicebatur.
1773 1385 1908 1451 Qui-

242 1468 356 1524 bus
384 1467 742 1541 episcopus:
776 1469 894 1541 Ego
926 1468 1168 1541 quidem
1200 1486 1333 1526 cum
1367 1470 1721 1543 imperatore
1752 1490 1909 1530 nunc

240 1572 387 1629 ago;
416 1556 733 1613 vobiscum
763 1573 899 1613 vero
924 1557 1071 1613 mihi
1098 1557 1268 1615 aliter
1290 1560 1585 1632 agendum
1607 1563 1909 1634 est.Atque

238 1647 323 1703 ita
352 1644 640 1713 obtinuit,
673 1650 739 1701 ut
767 1645 869 1702 illa
893 1663 1022 1719 quae
1052 1652 1279 1703 statuta
1305 1649 1906 1717 fuerant,revocaren-

237 1740 338 1791 tur
368 1751 383 1790 :
418 1750 534 1791 nec
564 1734 733 1807 prius
765 1735 838 1791 ad
869 1735 1053 1791 altare
1091 1737 1366 1793 accedere
1412 1738 1613 1806 voluit,
1648 1739 1762 1795 nisi
1792 1741 1907 1795 ﬁde

238 1842 347 1883 sua
372 1825 707 1897 imperator
734 1824 904 1880 illum
952 1841 1123 1898 agere
1170 1827 1381 1883 debere
1427 1831 1765 1884 testaretur.
1798 1828 1904 1884 Cui

235 1915 557 1988 episcopus
584 1929 599 1968 :
619 1914 772 1987 Ergo
794 1930 903 1988 ago
926 1914 1043 1969 fide
1063 1919 1186 1970 tua.
1204 1915 1528 1987 Respondit
1548 1916 1897 1988 imperator:

234 2006 353 2077 Age
382 2003 506 2059 fide
537 2019 694 2059 mea.
729 2005 853 2069 Qua
880 2003 1197 2076 sponsione
1234 2003 1465 2073 iterata,
1499 2022 1743 2061 securus
1774 2022 1903 2079 per-

234 2094 353 2166 egit
381 2093 670 2150 sacerdos
700 2091 900 2149 divina
929 2094 1227 2166 mysteria.
1270 2116 1292 2144 ιι

305 2182 450 2239 LIV.
486 2182 558 2239 In
590 2199 707 2256 quo
738 2182 888 2239 facto
919 2182 1066 2239 tanti
1099 2183 1229 2251 viri,
1265 2183 1365 2256 qui
1395 2183 1733 2240 nullatenus
1755 2184 1903 2240 ferre

235 2272 431 2345 potuit
468 2276 543 2327 ut
592 2288 892 2345 synagoga
932 2271 1294 2340 Judzeorum,
1326 2272 1461 2329 licet
1491 2290 1526 2328 a
1554 2273 1904 2330 Christianis

232 2364 643 2427 concremata,
677 2362 749 2416 ab
777 2362 1049 2433 episcopo
1082 2365 1141 2417 et
1171 2361 1243 2416 ab
1283 2361 1506 2417 eisdem
1553 2362 1902 2418 Christianis

230 2449 699 2518 instauraretur,
716 2448 796 2505 ita
817 2454 882 2505 ut
898 2466 1002 2521 pro
1025 2448 1130 2505 tali
1150 2467 1212 2506 re
1242 2454 1489 2506 mortem
1521 2451 1719 2507 subire
1740 2469 1905 2524 para-

235 2543 331 2596 tus
351 2542 545 2603 esset,
579 2555 654 2594 ne
682 2537 1097 2611 imperatorem
1126 2539 1341 2595 faceret
1376 2540 1900 2611 praevaricatorem,

236 2628 378 2701 quid
412 2626 587 2684 aliud
618 2627 985 2699 principibus
1015 2627 1252 2694 nostris,
1273 2627 1414 2699 quid
1447 2628 1617 2684 nobis
1647 2629 1906 2685 conside-

238 2718 526 2783 randum,
553 2720 613 2771 et
632 2732 737 2787 pro
758 2715 980 2771 viribus
1000 2716 1357 2772 imitandum
1381 2721 1470 2773 est
1490 2716 1604 2773 nisi
1620 2718 1906 2789 primo,ut

239 2809 490 2862 caveant
532 2803 618 2859 illi
669 2820 742 2860 ne
788 2803 1046 2861 inimicis
1090 2804 1325 2868 Christi,
1360 2808 1563 2861 contra
1605 2806 1904 2862 Christum

239 2894 338 2966 qui
388 2909 496 2949 eos
550 2891 887 2948 sublimiter
934 2892 1257 2961 honoravit,
1290 2893 1572 2949 honorem
1622 2893 1904 2950 tribuant.

240 2982 467 3039 Deinde
495 2997 708 3038 omnes
741 2981 960 3053 pariter
989 2981 1409 3055 intelligamus,
1444 2981 1585 3054 quia
1613 3000 1909 3057 synagoga

238 3088 471 3137 eorum,
507 3086 812 3143 synagoga
841 3070 1042 3143 utique
1082 3071 1332 3140 Satanae,
1364 3073 1577 3128 domus
1626 3072 1909 3146 sacrilega

238 3164 347 3228 est,
378 3164 600 3215 contra
631 3158 940 3215 ecclesiam
972 3160 1073 3216 Dei
1104 3163 1314 3229 erecta,
1330 3165 1388 3216 et
1409 3178 1524 3216 non
1546 3162 1757 3217 domus
1778 3178 1907 3217 ora-

2027 586 2237 643 clerico
2269 594 2467 645 nostro
2500 595 3028 663 panemcomedat,
3047 597 3318 669 quisquis
3337 598 3677 657 Judaaorum

2027 676 2288 732 convivio
2316 678 2489 733 fuerit
2520 680 2883 752 inquinatus.
2922 704 2943 733 ιι
2977 685 3047 739 Et
3076 685 3136 739 in
3163 687 3538 744 conclusione
3559 692 3679 745 sta-

2024 769 2290 821 tutorum
2322 784 2586 835 suorum,
2619 770 2822 827 conﬁsi
2849 773 2918 827 de
2940 776 3247 844 przesentia
3267 776 3501 831 Domini
3526 778 3677 837 sicut

2023 854 2150 927 ipse
2183 855 2264 910 ait
2295 872 2307 910 :
2350 879 2370 905 ι
2407 856 2515 911 Ubi
2547 858 2661 913 duo
2689 858 2780 913 vel
2819 864 2936 916 tres
2984 864 3316 935 congregati
3366 865 3585 921 fuerint
3614 867 3675 924 in

2029 965 2050 992 α
2086 944 2323 999 nomine
2354 962 2505 1011 meo,
2531 946 2607 999 ibi
2641 964 2772 1002 sum
2805 965 2910 1020 ego
2937 949 2996 1003 in
3030 952 3219 1006 medio
3241 969 3444 1009 eorum
3466 954 3670 1027 (Matth.

2028 1055 2048 1081 α
2084 1049 2246 1099 xvm,
2275 1033 2387 1103 20),
2425 1057 2446 1085 ι
2485 1034 2565 1088 ita
2599 1042 2921 1091 sanxerunt
2954 1054 2967 1093 :
3008 1061 3029 1087 «ι
3065 1040 3345 1104 Quocirca
3389 1042 3513 1099 haec
3540 1060 3670 1116 qua)

2022 1138 2279 1193 superna
2316 1122 2716 1193 inspiratione.
2750 1126 3049 1180 communi
3100 1144 3387 1185 consensu
3435 1130 3668 1202 placue-

2021 1215 2178 1277 runt,
2214 1210 2261 1263 si
2307 1211 2440 1282 quis
2500 1216 2837 1267 sanctorum
2897 1214 3249 1283 antistitum,
3291 1218 3392 1288 qui
3451 1223 3669 1277 statuta

2020 1297 2331 1371 prmsentia
2378 1300 2913 1372 subscriptionibus
2963 1303 3216 1375 propriis
3264 1306 3664 1377 ﬁrmaverunt,

2018 1403 2243 1443 necnon
2275 1391 2335 1442 et
2363 1405 2511 1460 quos
2542 1404 2745 1444 eorum
2777 1390 2930 1446 Deus
2969 1407 3094 1446 esse
3140 1391 3389 1448 voluerit
3433 1409 3667 1453 succes-

2010 1491 2199 1545 sores,
2234 1476 2435 1533 relicta
2478 1477 2812 1549 integritate
2861 1480 3282 1538 observationis
3328 1486 3663 1556 excesserit,

2016 1582 2183 1620 reum
2214 1582 2276 1620 se
2302 1565 2624 1621 divinitatis
2654 1568 2873 1637 pariter
2913 1571 2971 1623 et
3017 1568 3403 1627 fraternitatis
3439 1572 3666 1644 judicio

2015 1653 2283 1709 futurum
2314 1670 2443 1709 esse
2472 1659 2806 1727 cognoscat.
2846 1677 2867 1704 1

2088 1743 2227 1797 LVI.
2257 1742 2507 1798 Sanctus
2538 1743 2843 1811 Caesarius,
2874 1744 3142 1800 Ecclesiae
3172 1746 3527 1805 Arelatensis
3549 1751 3667 1823 epi-

2014 1848 2248 1903 scopus,
2272 1833 2443 1903 cujus
2470 1831 2749 1886 meritum
2770 1836 2829 1886 et
2851 1832 3177 1889 doctrinam
3197 1835 3315 1890 vita
3334 1837 3462 1907 ejus
3483 1841 3542 1893 et
3560 1839 3667 1894 mi-

2013 1920 2213 1975 racula
2233 1919 2452 1990 scripta
2475 1923 2531 1974 et
2551 1919 2740 1975 multa
2756 1937 2822 1975 ac
2840 1922 3117 1992 praeclara
3134 1923 3183 1994 ej
3193 1940 3261 1977 us
3278 1930 3664 1981 monumenta

2011 2012 2323 2075 testantur,
2357 2011 2414 2062 et
2443 2025 2578 2062 cum
2608 2026 2674 2063 eo
2705 2007 2804 2063 alii
2835 2009 3077 2081 triginta
3104 2010 3362 2083 quinque
3401 2011 3660 2086 episcopi

2010 2097 2100 2153 vel
2130 2095 2328 2152 vicarii
2355 2097 2785 2169 episcoporum,
2808 2099 3141 2171 congregati
3172 2099 3233 2153 in
3263 2116 3451 2155 unum
3472 2100 3533 2156 in
3553 2118 3659 2157 no-

2012 2186 2171 2241 mine
2200 2184 2431 2240 Domini
2463 2202 2567 2257 pro
2610 2184 2948 2241 defensione
2994 2190 3053 2241 et
3096 2187 3539 2245 confirmatione
3564 2206 3658 2246 ca-

2009 2274 2238 2331 tholicae
2268 2272 2548 2342 veritatis,
2582 2273 2734 2329 inter
2762 2278 2969 2330 caetera
3001 2277 3334 2331 statuerunt
3361 2276 3446 2332 ita
3472 2278 3657 2347 (Cone.

2008 2363 2201 2436 Agath.
2233 2380 2351 2419 can.
2389 2363 2478 2435 40)
2503 2380 2515 2418 :
2549 2382 2571 2411 ι
2595 2362 2811 2419 Omnes
2841 2362 3115 2435 deinceps
3144 2363 3362 2435 clerici,
3386 2365 3506 2422 sive
3525 2366 3658 2424 laici

2009 2453 2346 2510 Judaeorum
2377 2451 2640 2508 convivia
2667 2451 2899 2521 evitent,
2914 2456 2969 2507 et
2990 2469 3094 2508 nec
3114 2470 3213 2509 eos
3234 2454 3305 2509 ad
3329 2454 3658 2512 convivium

2012 2542 2145 2615 quis
2166 2541 2434 2613 excipiat.
2450 2540 2597 2608 Quia
2616 2556 2751 2596 eum
2775 2541 2931 2612 apud
2953 2540 3315 2599 Christianos
3336 2542 3482 2599 cibis
3504 2561 3658 2600 com-

2012 2631 2293 2688 munibus
2325 2647 2441 2685 non
2472 2633 2738 2699 utantur,
2762 2629 3073 2702 indignum
3103 2634 3192 2685 est
3219 2635 3394 2703 atque
3416 2632 3658 2689 sacrile-

2013 2736 2153 2793 gum
2184 2735 2386 2774 eorum
2419 2717 2583 2773 cibos
2615 2734 2649 2772 a
2680 2717 3028 2773 Christianis
3059 2718 3237 2787 sumi,
3260 2735 3394 2775 cum
3416 2736 3486 2776 ea
3504 2737 3658 2793 quae,

2011 2806 2288 2880 Apostolo
2317 2805 2714 2878 permittente,
2745 2822 2852 2860 nos
2882 2806 3195 2874 sumimus,
3225 2807 3300 2862 ab
3339 2806 3456 2864 illis
3493 2810 3662 2880 judi-

2013 2900 2220 2953 centur
2247 2893 2576 2949 immunda.
2605 2894 2686 2948 Ac
2715 2892 2798 2948 sic
2850 2893 3132 2964 incipiant
3176 2894 3481 2951 inferiores
3531 2913 3661 2955 esse

2015 2982 2287 3041 catholici
2319 2998 2497 3053 quam
2527 2980 2748 3049 Judaei;
2783 2981 2832 3037 si
2863 2998 2971 3037 nos
2991 2980 3084 3036 his
3104 2998 3231 3054 quae
3254 2982 3325 3039 ab
3348 2982 3466 3039 illis
3487 3001 3663 3057 appo-

2016 3077 2239 3129 nuntur
2259 3069 2607 3135 utamur,illi
2627 3086 2761 3125 vero
2775 3069 2989 3125 anobis
3010 3069 3206 3126 oblata
3223 3074 3655 3129 contemnant.»

2089 3161 2258 3217 LVII.
2292 3159 2544 3227 Priscus,
2578 3158 2843 3213 Ecclesiae
2876 3159 3285 3231 Lugdunensis
3326 3159 3658 3233 episcopus,

238 3249 442 3317 tionis,
479 3248 586 3304 sed
622 3247 907 3320 spelunca
934 3248 1250 3305 latronum.
1285 3251 1444 3307 Unde
1482 3250 1722 3306 omnino
1753 3251 1903 3306 indi-
1936 3233 1980 3301 C
2014 3248 2355 3308 Arthcmius
2376 3246 3025 3313 Senonicantcmedius
3045 3246 3404 3321 Biturigae,et
3421 3253 3660 3307 sanctus

239 3354 425 3409 gnum
439 3337 922 3404 crat,utdomum
954 3336 1241 3410 sacrilegii
1256 3338 1679 3412 etbasphemize
1701 3356 1902 3395 eorum

240 3428 533 3484 adversus
566 3425 891 3493 Christum,
918 3425 1231 3482 Christiani
1263 3427 1572 3500 erigerent.
1600 3430 1672 3484 Et
1700 3428 1751 3485 si
1772 3428 1903 3498 hoc,

242 3520 492 3589 cogente
523 3514 1121 3585 imperatore,fuisset
1150 3515 1562 3585 factum,ﬁeret
1581 3517 1707 3573 sine
1727 3516 1907 3572 dubio

240 3604 575 3678 imperator
605 3602 953 3659 Christianae
984 3602 1281 3677 religionis
1312 3605 1737 3676 praevaricator.
1762 3605 1909 3671 Quia

242 3692 325 3748 ita
351 3692 494 3749 istis
524 3691 587 3747 in
640 3691 974 3748 forensibus
1030 3692 1226 3749 causis
1284 3693 1518 3766 negotia
1565 3711 1671 3748 sua
1717 3693 1909 3749 civilia

244 3798 417 3855 agere
448 3797 808 3837 concessum
840 3786 951 3852 est,
984 3784 1048 3836 ut
1075 3785 1271 3837 tamen
1302 3781 1608 3854 sacrilegia
1643 3782 1908 3854 ipsorum

246 3888 485 3943 semper
498 3868 922 3938 abominanda,
938 3886 1243 3940 nunquam
1260 3870 1751 3926 communicanda
1767 3870 1906 3926 sint.

243 3959 476 4026 Quibus
507 3975 584 4014 ne
617 3957 989 4015 Christianus
1012 3958 1330 4030 imperator
1352 3961 1409 4014 et
1428 3957 1795 4015 Christianus
1815 3976 1912 4031 po-

233 4048 430 4121 .pulus
479 4046 921 4120 praevaricando
970 4047 1490 4115 communicarent,
1535 4047 1624 4102 vir
1668 4052 1910 4104 sanctus

250 4136 607 4210 martyrium
636 4152 701 4192 se
730 4135 979 4193 credidit
1007 4135 1286 4208 accipere,
1320 4134 1369 4190 si
1401 4151 1506 4206 pro
1536 4135 1640 4191 tali
1671 4152 1731 4191 re
1750 4153 1911 4192 mor-

244 4230 371 4283 tem
400 4225 656 4283 subiret.

322 4313 441 4370 LV.
473 4313 786 4370 Alchimus
822 4313 1043 4381 Avitus,
1077 4312 1345 4370 Ecclesiae
1392 4311 1743 4370 Viennensis
1790 4314 1910 4386 epi-

249 4421 496 4476 scopus,
528 4402 781 4459 eximius
812 4406 870 4458 et
899 4401 1258 4458 orthodoxus
1300 4401 1535 4469 doctor;
1569 4404 1626 4456 et
1673 4407 1912 4458 sanctus

248 4491 641 4564 Apollinaris,
681 4491 992 4563 episcopus
1039 4489 1308 4547 Ecclesia:
1356 4489 1709 4559 Valentiam;
1742 4493 1914 4562 cujus

2015 3337 2293 3414 Syagrius
2324 3336 2658 3392 Hcduorum
2690 3335 3020 3407 episcopus,
3054 3352 3190 3391 cum
3223 3336 3445 3393 caeteris
3475 3337 3660 3410 pluri-

2014 3431 2145 3496 bus,
2162 3430 2387 3483 statuta
2407 3423 2804 3479 ecclesiastica
2832 3440 3081 3479 renovan
3091 3424 3290 3493 tec,ita
3310 3424 3665 3484 deﬁnierunt

2016 3519 2199 3589 (Cone.
2247 3515 2449 3570 Matisc.
2484 3531 2523 3584 ι,
2556 3530 2680 3568 can.
2714 3513 2800 3581 13)
2835 3528 2848 3566 :
2890 3533 2916 3564 α
2947 3513 3029 3567 Ne
3076 3513 3263 3568 Judaei
3314 3512 3661 3572 Christianis

2015 3605 2249 3681 pepulis
2271 3602 2503 3675 judices
2533 3603 2907 3673 deputentur,
2931 3605 3032 3656 aut
3062 3601 3361 3657 telonearii
3382 3618 3512 3659 esse
3531 3621 3661 3676 per-

2017 3696 2330 3751 mittantur
2354 3709 2366 3746 :
2402 3708 2506 3762 per
2535 3689 2691 3760 quod
2721 3688 2839 3742 illis
2864 3689 3041 3759 (quod
3064 3690 3217 3745 Deus
3238 3693 3482 3760 avertat)
3504 3691 3663 3747 Chri-

2017 3782 2193 3840 stiani
2211 3781 2522 3837 videantur
2542 3793 2670 3832 esse
2683 3775 2981 3847 subjecti.:
3000 3776 3279 3846 (Can.l4.)
3298 3797 3324 3829 α
3336 3777 3659 3847 Πιιῖιιᾱωίε,

2018 3891 2053 3930 a
2083 3888 2248 3928 coena
2272 3866 2506 3924 Domini
2540 3881 2725 3936 usque
2755 3864 2816 3918 in
2848 3862 3040 3934 prima
3071 3864 3293 3919 Pascha
3314 3867 3664 3933 (secundum

2017 3961 2274 4019 edictum
2308 3958 2471 4012 bona:
2503 3951 2921 4009 recordationis
2950 3952 3151 4007 domni
3191 3951 3543 4008 Childebcrti
3573 3971 3663 4010 re-

2019 4050 2129 4125 gis)
2162 4064 2265 4121 per
2291 4044 2519 4117 plateas
2547 4045 2649 4097 aut
2676 4040 3076 4113 forum,quasi
3107 4040 3433 4097 insultandi
3463 4058 3663 4112 causa,

2019 4131 2435 4195 deambulandi
2467 4128 2703 4185 licentia
2731 4129 3050 4203 denegetur
3071 4145 3085 4184 :
3109 4133 3167 4185 et
3187 4132 3253 4185 ut
3283 4129 3666 4188 reverentiam

2020 4224 2249 4284 cunctis
2262 4219 2667 4278 sacerdotibus
2679 4217 2932 4287 Domini,
2946 4218 3032 4273 vel
3046 4218 3273 4275 clericis
3286 4218 3665 4291 impendant:

2022 4332 2128 4372 nec
2158 4316 2293 4370 ante
2324 4309 2657 4367 sacerdotes
2678 4324 3022 4363 consessum
3043 4307 3159 4363 nisi
3181 4307 3431 4363 ordinati
3452 4308 3668 4365 habere

2023 4398 2570 4479 praesumantQuod
2584 4396 2632 4451 si
2647 4397 2893 4453 fortasse
2914 4396 3100 4452 facere
3120 4396 3619 4469 praesumpserint,
3634 4414 3671 4454 a

2014 4493 2319 4567 judicibus
2338 4489 2600 4544 locorum
2622 4489 2819 4557 (prout
2840 4501 3091 4557 porsona
3114 4483 3306 4555 fuerit)
3320 4482 3671 4557 distringun-

250 4581 471 4637 merita
499 4580 711 4637 crebra
731 4581 859 4652 ejus
880 4579 1165 4636 miracula
1184 4596 1370 4665 usque
1390 4578 1562 4635 hodie
1582 4579 1917 4636 sublimiter
1946 4601 1993 4665 Β
2026 4588 2142 4640 tur.
2157 4601 2182 4632 ι
2204 4578 2491 4665 (Can.15.)
2510 4576 2618 4665 «Et
2640 4578 2705 4629 ut
2726 4572 2923 4629 nullus
2944 4572 3313 4665 Christianus
3332 4572 3672 4665 udaorum

249 4674 588 4737 testantur;
624 4672 683 4725 et
711 4672 953 4725 sanctus
982 4661 1313 4742 Gregorius,
1348 4667 1675 4741 Lingonicaa
1721 4668 1916 4725 Eccle-

249 4758 351 4815 sia
385 4758 710 4832 episcopus
754 4759 927 4829 cujus
975 4757 1151 4813 etiam
1201 4758 1515 4813 reverenda
1544 4758 1827 4813 memoria
1859 4758 1917 4813 in

249 4848 527 4905 Ecclesia
584 4848 783 4915 ﬂoret;
832 4852 892 4903 et
948 4848 1155 4903 beatus
1210 4844 1590 4914 Viventiolus,
1652 4845 1917 4903 Ecclesiae

251 4936 685 5010 Lugdunensis
705 4935 1216 5009 episcopus,cujus
1239 4934 1562 4991 doctrinam
1584 4935 1761 4991 etiam
1784 4935 1921 4992 alio-

251 5042 393 5081 rum
429 5026 503 5081 de
535 5041 603 5080 eo
634 5024 855 5097 scripta
883 5028 1199 5093 testantur,
1229 5040 1365 5079 cum
1389 5023 1517 5079 aliis
1539 5023 1741 5096 viginti
1769 5042 1922 5082 reve-

251 5113 629 5169 rentissimis
650 5112 961 5186 episcopis,
989 5114 1051 5168 in
1072 5112 1311 5169 nomine
1331 5111 1563 5167 Domini
1586 5114 1919 5187 congregati

249 5219 365 5275 pro
401 5201 749 5258 defensione
779 5205 837 5259 et
864 5207 1025 5259 statu
1054 5200 1344 5270 Ecclesiae,
1378 5200 1449 5255 de
1492 5217 1553 5256 re
1592 5201 1720 5272 jam
1769 5203 1926 5260 dicta

248 5291 338 5347 ita
366 5290 538 5347 inter
568 5294 779 5348 caetera
809 5295 1143 5347 statuerunt
1174 5291 1357 5363 (Cone.
1388 5290 1618 5361 Epaon.,
1649 5307 1770 5346 can.
1796 5295 1884 5363 15)
1909 5310 1923 5349 :

253 5403 275 5430 ι
316 5379 389 5436 Si
435 5378 763 5451 superioris
792 5379 901 5436 loci
936 5380 1184 5437 clericus
1223 5377 1478 5435 haeretici
1525 5379 1930 5453 cujuscunque

255 5466 543 5526 convivio
591 5467 945 5538 interfuerit,
989 5469 1128 5525 anni
1179 5466 1367 5540 spatio
1414 5482 1617 5537 pacem
1666 5468 1932 5526 Ecclesia:

244 5575 377 5615 non
428 5555 697 5613 habebit.
731 5559 892 5625 Quod
919 5559 1189 5630 juniores
1218 5556 1435 5625 clerici,
1469 5555 1517 5610 si
1550 5573 1937 5630 praesumpse-

250 5648 415 5716 rint,
461 5644 848 5718 vapulabunt.
868 5648 916 5704 A
943 5648 1280 5706 Judmorum
1310 5661 1443 5715 vero
1466 5645 1741 5704 conviviis
1762 5649 1938 5706 etiam

2027 4669 2305 4727 conviviis
2336 4663 2685 4738 participare
2715 4661 3222 4735 praesumat.Quod
3253 4660 3302 4717 si
3333 4660 3524 4718 facere
3543 4660 3674 4735 qui-

2027 4775 2261 4831 cunque
2293 4754 2468 4829 (quod
2500 4753 2665 4807 nefas
2698 4754 2786 4807 est
2815 4750 2949 4823 dici)
2972 4751 3359 4820 clericus,aut
3378 4750 3676 4809 saacularis

2028 4842 2469 4922 praesumpserit
2498 4841 2570 4896 ab
2602 4839 2867 4895 omnium
2899 4839 3367 4898 Christianorum
3385 4839 3675 4897 consortio

2028 4956 2091 4995 se
2113 4932 2335 4992 noverit
2351 4929 2737 4986 coercendum
2760 4928 3031 5001 quisquis
3046 4945 3249 4985 eorum
3272 4927 3676 5001 impietatibus

2029 5026 2206 5083 fuerit
2253 5019 2617 5092 inquinatus.
2649 5035 2675 5068 η
2713 5016 2869 5087 (Con.
2914 5018 3026 5090 16.)
3063 5037 3085 5065 ι
3117 5018 3189 5072 Et
3233 5017 3370 5072 licet
3414 5014 3559 5086 quid
3605 5013 3677 5069 de

2028 5110 2397 5177 Christianis,
2413 5106 2513 5179 qui
2536 5109 2640 5162 aut
2658 5106 3009 5178 captivitatis
3041 5106 3302 5173 incursu,
3318 5106 3419 5159 aut
3438 5101 3677 5174 quibus-

2034 5218 2264 5274 cunque
2292 5197 2623 5265 fraudibus,
2651 5195 2988 5251 Judmorum
3018 5193 3251 5250 servitio
3302 5190 3681 5262 implicantur

2037 5293 2245 5351 debeat
2274 5284 2577 5352 custodiri,
2603 5300 2717 5338 non
2743 5282 2933 5337 solum
2963 5279 3389 5348 canonicis,sed
3407 5282 3465 5335 et
3481 5277 3681 5351 legum

2039 5377 2339 5440 beneficiis
2362 5378 2488 5448 jam
2517 5372 2742 5445 pridem
2792 5368 2967 5424 fuerit
3013 5369 3403 5424 constitutum
3438 5384 3452 5425 :
3484 5371 3684 5425 tamen

2043 5471 2182 5545 quia
2211 5483 2366 5523 nunc
2395 5464 2478 5519 ita
2508 5459 2899 5532 quorumdam
2921 5456 3158 5529 querela
3181 5460 3379 5514 exorta
3402 5460 3687 5528 est,quos—

2046 5544 2181 5618 dam
2194 5557 2426 5613 Judaeos
2438 5566 2540 5621 per
2551 5547 2657 5602 civi
2669 5550 2814 5601 tates
2830 5550 2933 5601 aut
2950 5546 3269 5619 municipia
3280 5544 3686 5613 consistentes,

2047 5651 2108 5707 in
2139 5650 2363 5705 tantam
2395 5633 2764 5695 insolentiam
2796 5638 2853 5690 et
2880 5636 3230 5707 proterviam
3253 5634 3611 5709 prorupisse,
3625 5636 3695 5694 ut
