4092 6178
416 355 543 429 188
1174 354 1578 418 AMULONIS
1619 351 1867 419 EPISC.
1911 353 2147 414 L'UGD.
2184 352 2341 415 LIB.
2387 352 2700 416 CONTRA
2737 349 3080 415 JUDEOS.
3708 346 3829 411 εει

420 504 531 555 nec
560 486 947 549 reclamantes
970 485 1338 544 Christianos
1364 486 1536 544 liceat
1561 485 1650 542 vel
1693 486 1766 542 ad
1814 485 2067 559 pretium
2095 486 2153 554 Α
2176 500 2323 559 gum
2346 486 2620 558 judicent
2647 502 2777 563 esse
2807 484 3162 554 convivium,
3188 487 3252 540 et
3275 482 3616 557 quicunque
3643 484 3705 540 in
3726 483 3833 540 hu-

419 579 494 636 de
521 594 724 637 eorum
754 593 928 650 posse
958 576 1236 634 servitute
1266 575 1509 633 absolvi.
1545 575 1766 631 Idcirco
1796 574 2068 647 praesenti
2170 576 2501 648 juscemodi
2537 575 2654 631 illis
2681 574 3098 643 communicat,
3124 574 3389 647 ipsorum
3419 572 3829 646 impietatibus

418 666 687 734 concilio,
721 668 837 723 Deo
869 669 1122 734 auctore,
1144 660 1546 734 sancimus,ut
1566 664 1766 721 nullus
1789 663 2067 720 Christia-
2174 669 2451 720 asserunt
2482 665 2878 737 inquinatum.
2914 664 3062 731 Quid
3094 679 3230 736 ergo
3261 661 3431 719 nobis
3459 663 3533 719 ad
3564 662 3688 719 haec
3735 679 3830 720 co-

418 773 532 814 nus
557 756 759 814 Judan
790 754 1065 827 deinceps
1085 755 1296 811 debeat
1316 754 1640 822 deservire;
1666 755 1768 810 sed
1792 754 1945 809 datis
1966 770 2070 825 pro
2178 755 2440 809 nandum
2468 757 2574 822 est,
2608 758 2665 810 et
2693 755 3007 827 agendum,
3040 752 3155 809 nisi
3205 756 3272 808 ut
3319 752 3379 807 in
3430 750 3593 807 nullo
3624 768 3831 808 eorum

418 843 678 917 quolibet
706 845 858 901 bono
907 844 1202 916 mancipio
1252 843 1563 900 duodecim
1615 842 1839 911 solidis,
1872 842 2071 915 ipsum
2177 843 2308 899 vitae
2339 847 2397 900 et
2428 843 2624 911 saluti,
2660 848 2762 899 aut
2790 842 2975 915 quieti
3000 842 3090 899 vel
3120 842 3343 898 divitiis
3364 840 3835 909 invidentes,imo

418 933 780 1004 mancipium
810 933 1151 1006 quicunque
1179 932 1682 999 Christianus,seu
1713 932 1785 987 ad
1810 930 2075 1005 ingenui-
2180 949 2385 988 eorum
2412 950 2609 987 veram
2641 932 2892 988 salutem
2916 932 3041 1004 (pro
3070 948 3190 1004 qua
3209 930 3467 987 Ecclesia
3496 930 3837 987 solemniter

417 1021 756 1091 tetanusive
780 1022 853 1078 ad
875 1021 1177 1079 servitium
1194 1020 1492 1078 licentiam
1510 1020 1727 1077 habeat
1747 1020 2072 1077 redimendi
2178 1037 2350 1076 orare
2401 1021 2725 1089 consuevit)
2771 1020 3051 1077 veraciter
3097 1020 3483 1093 inquirentes,
3534 1036 3836 1076 servemus

418 1109 567 1177 Quia
594 1111 760 1169 nefas
788 1114 880 1168 est
907 1115 974 1168 ut
1005 1127 1153 1183 quos
1181 1110 1449 1167 Christus
1495 1109 1782 1165 Dominus
1832 1110 2073 1182 sangui-
2181 1127 2323 1183 erga
2350 1127 2450 1166 eos
2471 1110 2927 1167 ecclesiasticam
2953 1109 3350 1166 sinceritatem
3371 1126 3439 1166 ac
3459 1109 3834 1182 disciplinam

420 1198 516 1256 nis
536 1199 630 1258 su'i
646 1199 930 1257 effusione
952 1199 1668 1271 redemit,persecutorum
1684 1199 1933 1255 vinculis
1954 1215 2078 1270 per-
2182 1204 2242 1255 et
2270 1199 2620 1256 commissos
2649 1200 2821 1257 nobis
2852 1199 3116 1255 fidelium
3166 1198 3433 1272 populos,
3467 1198 3629 1256 nullo
3661 1201 3838 1256 modo

422 1290 700 1349 maneant
726 1286 957 1343 irretiti.
993 1288 1155 1353 Quod
1187 1287 1239 1342 si
1271 1288 1642 1359 acquiescere
1671 1287 1765 1343 his
1796 1304 1926 1360 quae
1957 1290 2076 1342 sta-
2185 1304 2388 1345 eorum
2420 1289 2709 1362 contagiis
2735 1293 2793 1345 et
2822 1288 3146 1362 sacrilegiis
3174 1288 3385 1345 involvi
3418 1288 3750 1362 patiamur!

420 1375 648 1433 tuimus
673 1376 1011 1448 quicunque
1039 1375 1280 1433 Judaaus
1313 1375 1865 1449 noluerit,quandiu
1890 1377 1962 1432 ad
1986 1392 2079 1448 pe-
2261 1378 2370 1434 LX.
2403 1378 2681 1435 Homines
2728 1394 2985 1451 namque
3033 1377 3313 1450 perditos,
3344 1381 3404 1433 et
3446 1377 3838 1450 perditionem

422 1466 659 1535 ennium
684 1467 1068 1523 constitutam
1101 1464 1296 1521 venire
1326 1465 1641 1535 distulerit,
1670 1465 1844 1521 liceat
1864 1465 2084 1521 manci“
2186 1483 2358 1523 suam
2392 1484 2506 1523 non
2534 1467 2798 1524 videntes
2831 1467 2911 1536 (id
2938 1471 3029 1524 est
3048 1468 3210 1540 ipsos
3237 1465 3492 1539 Iudaeos)
3516 1483 3631 1523 non
3663 1467 3842 1524 debe-

423 1556 519 1629 pio
547 1554 664 1628 ipsi
692 1571 827 1613 cum
858 1553 1205 1611 Christianis
1237 1554 1574 1628 ubicunque
1602 1555 1870 1622 voluerit,
1904 1555 2079 1610 habi-
2186 1572 2324 1611 mus
2354 1556 2573 1613 nostris
2603 1556 2906 1612 blanditiis
2935 1561 2992 1612 et
3034 1555 3493 1626 adulationibus,
3521 1555 3611 1613 vel
3660 1558 3844 1629 (quod

421 1628 565 1699 tare.
591 1643 739 1700 Illud
772 1643 948 1699 etiam
978 1642 1310 1715 specialiter
1337 1644 1850 1715 sancientes,quod
1872 1645 1919 1700 si
1945 1643 2079 1716 quis
2188 1645 2368 1712 absit)
2399 1645 2840 1702 defensionibus
2869 1646 3110 1702 reddere
3140 1644 3293 1702 male
3321 1661 3580 1702 securos.
3603 1628 3849 1718 Neque-

420 1732 662 1789 Iudaeus
692 1731 1093 1789 Christianum
1119 1731 1481 1804 mancipium
1508 1733 1580 1787 ad
1601 1748 1860 1788 errorem
1882 1732 2081 1789 Judai-
2189 1751 2324 1790 rum
2353 1735 2637 1790 debemus
2659 1752 2793 1790 esse
2821 1738 3196 1801 correctores,
3217 1734 3550 1793 efﬁciamur
3574 1735 3847 1808 decepta-

419 1838 556 1878 cum
586 1821 886 1877 convictus
917 1820 1087 1876 fueril
1117 1821 1502 1893 persuasisse,
1537 1825 1594 1877 et
1623 1821 1751 1893 ipso
1783 1821 2076 1894 mancipio
2106 1859 2151 1921 Β
2192 1840 2303 1879 res.
2330 1823 2614 1890 Qualibus
2635 1823 2921 1885 Dominus
2937 1839 3042 1895 per
3055 1823 3403 1896 prophetam
3424 1822 3841 1893 comminatur,

418 1913 636 1978 careat,
669 1914 728 1966 et
758 1909 930 1982 legali
961 1910 1336 1965 damnatione
1369 1910 1675 1982 plectatur.
1706 1930 1735 1961 ιι
2110 1909 2150 1921 “’
2184 1912 2421 1967 dicens:
2462 1932 2485 1960 α
2519 1913 2590 1967 Et
2617 1916 2794 1967 erunt
2823 1913 2923 1985 qui
2957 1912 3294 1968 beatiﬁcant
3319 1912 3607 1985 populum
3631 1912 3843 1979 istum,

491 1998 687 2054 LVIII.
719 1998 973 2054 Sanctus
1001 1998 1200 2069 Lupus
1222 1998 1712 2052 Trecassenorum
1737 1998 2072 2069 episcopus,
2186 2023 2208 2049 ι
2244 2005 2303 2056 et
2332 2000 2430 2072 qui
2455 2001 3238 2073 beatificantur,przecipitati
3259 2005 3393 2071 (lea.
3420 2019 3496 2070 ix,
3532 2004 3642 2074 16).
3672 2026 3694 2055 ι
3725 2004 3842 2060 Sed

421 2091 649 2145 etcum
675 2102 742 2143 eo
772 2085 872 2142 alii
899 2085 1105 2158 viginti
1137 2090 1388 2158 quatuor
1426 2085 1703 2159 episeOpi,
1737 2086 1825 2142 vel
1874 2086 2072 2142 vicarii
2180 2088 2489 2160 vigilanter
2518 2106 2721 2144 eorum
2762 2089 3079 2162 reprimere
3129 2089 3550 2162 blasphemias,
3584 2095 3645 2147 et
3690 2090 3841 2151 illud

423 2176 853 2250 episcoporum,
869 2174 1213 2231 similiterin
1231 2175 1467 2231 nomine
1485 2174 1714 2231 Domini
1734 2176 1917 2230 nostri
1931 2176 2072 2231 Jcsu
2182 2176 2267 2232 eis
2290 2177 2507 2248 saepius
2530 2177 2882 2234 annuntiare
2903 2179 3057 2250 quod
3079 2178 3226 2251 ipsis
3257 2178 3544 2236 Dominus
3563 2180 3844 2236 terribili-

422 2264 638 2325 Ghristi
669 2263 1022 2337 congregati,
1055 2280 1160 2336 pro
1190 2264 1386 2320 causis
1431 2264 1691 2338 corporis
1740 2266 1870 2335 ejus
1890 2267 2071 2336 .quod
2180 2270 2270 2321 ter
2296 2266 2712 2333 comminatur,
2741 2267 2980 2324 dicens:
3011 2287 3034 2316 ι
3059 2269 3119 2324 Si
3140 2268 3298 2323 enim
3331 2284 3448 2323 non
3477 2268 3846 2327 credideritis

423 2359 513 2413 est
530 2353 966 2422 Ecelesia,inter
986 2352 1173 2409 multa
1191 2353 1314 2409 haec
1335 2354 1511 2409 etiam
1531 2357 1865 2409 statuerunt
1887 2357 2069 2421 (Cone.
2185 2376 2213 2405 «
2247 2354 2389 2426 quia
2416 2372 2521 2427 ego
2544 2373 2698 2424 sum,
2716 2356 3046 2413 moriemini
3070 2356 3129 2412 in
3153 2357 3410 2430 peccatis
3429 2357 3637 2414 vestris
3658 2359 3842 2427 (Ιοαπ.

422 2444 608 2502 Aurel.
642 2461 726 2511 ιιι,
759 2459 882 2499 can.
915 2443 1043 2509 30):
1078 2463 1104 2496 α
1126 2440 1273 2507 Quia
1300 2442 1416 2497 Deo
1447 2441 1696 2514 propitio
1728 2443 1838 2498 sub
1869 2443 2071 2498 catho-
2187 2466 2209 2493 ι
2243 2446 2492 2512 νιιι,24).
2515 2467 2535 2494 α
2557 2445 3539 2519 Compassionemetbenignitatem
3554 2447 3843 2518 Apostoli,

422 2533 670 2590 licorum
699 2547 904 2604 regum
935 2529 1334 2585 dominatione
1373 2529 1788 2598 consistimus;
1820 2530 2008 2586 Judzei
2040 2549 2076 2587 a
2183 2537 2493 2604 quantum,
2530 2534 2650 2589 Deo
2681 2534 2982 2607 largiente,
3016 2551 3357 2608 possumus,
3390 2536 3694 2591 studentes
3711 2535 3849 2592 imi-

425 2622 518 2678 die
547 2637 723 2678 coenae
749 2618 981 2675 Domini
1014 2635 1203 2691 usque
1231 2618 1292 2674 in
1324 2620 1582 2675 secunda
1603 2620 1835 2675 sabbati
1862 2619 1921 2673 in
1945 2620 2076 2675 Pas-
2183 2621 2451 2693 tari,quae
2468 2623 2539 2678 de
2556 2622 2675 2678 illis
2693 2624 2814 2678 ait:
2844 2646 2865 2673 ι
2890 2623 3209 2680 Veritatem
3232 2624 3362 2680 dico
3382 2621 3441 2679 in
3460 2623 3843 2690 Christo,non

424 2711 671 2781 cha,hec
689 2713 797 2778 est,
819 2708 882 2765 in
904 2708 1030 2780 ipso
1061 2708 1398 2779 quatriduo,
1414 2709 1725 2780 procedere
1746 2708 1899 2768 inter
1917 2707 2075 2763 Chri-
2186 2731 2208 2761 α
2243 2710 2514 2777 mentior,
2552 2710 2963 2767 testimonium
2986 2711 3132 2767 mihi
3164 2712 3507 2785 perhibente
3536 2712 3844 2768 conscien-

423 2802 672 2869 stianos,
703 2815 893 2871 neque
924 2797 1225 2854 catholicis
1256 2796 1491 2870 populis
1541 2813 1605 2853 se
1651 2796 1772 2853 ullo
1815 2796 1962 2869 loco,
1984 2797 2074 2853 vel

423 2906 775 2965 quacunque
801 2887 1106 2945 occasione
1130 2886 1375 2942 miscere
1395 2890 1778 2958 prmsumant.
1807 2908 1829 2935 ι
1859 2887 1918 2942 In
1945 2904 2078 2942 con-

423 2980 556 3037 cilio
588 2979 912 3035 Laodiceno
942 2977 1171 3046 (can.37
1191 2983 1243 3030 et
1261 2978 1352 3043 38)
1384 2980 1673 3031 statutum
1706 2980 1833 3032 est:
1865 2996 1886 3025 ι
1912 2977 2073 3041 Quod

423 3087 539 3126 non
568 3070 833 3140 oporteat
857 3064 1129 3121 aJudaeis
1157 3063 1248 3118 vel
1279 3063 1667 3131 haereticis,ea
1688 3082 1814 3135 quae
1839 3064 2074 3119 mittun-

422 3164 521 3217 tur
551 3171 797 3212 munera
819 3152 1024 3208 festiva
1047 3150 1478 3222 suscipere,nec
1500 3169 1635 3207 cum
1660 3153 1744 3207 eis
1767 3153 1915 3208 festa
1934 3152 2076 3208 cele-

424 3246 615 3301 brare.
648 3244 720 3298 Et
749 3240 906 3313 quod
938 3255 1054 3293 non
1087 3242 1354 3312 oporteat
1379 3257 1414 3294 a
1438 3240 1659 3296 Judaais
1707 3242 1898 3297 azima
1927 3243 2077 3298 acci-
2109 3226 2153 3293 Ε

424 3349 580 3408 pere,
612 3335 671 3387 et
696 3328 1137 3386 communicare
1166 3327 1571 3399 impietatibus
1601 3346 1826 3386 eorum.
1865 3356 1886 3383 ι
1920 3333 1990 3387 Et
2018 3332 2077 3387 in

423 3421 537 3479 alio
568 3417 814 3476 concilio
865 3417 921 3490 ((
937 3433 1055 3473 one.
1088 3417 1314 3472 Arcem.
1345 3434 1386 3481 1,
1416 3434 1538 3472 can.
1567 3418 1622 3489 6)
1656 3434 1668 3472 :
1708 3438 1735 3471 α
1765 3419 1837 3474 Ut
1866 3419 1915 3474 si
1947 3420 2080 3492 quis

427 3509 684 3566 Judaicaa
727 3506 1023 3580 pravitati,
1058 3504 1249 3578 jugali
1299 3506 1577 3561 societate
1619 3507 1987 3580 conjugitur;
2018 3508 2077 3564 id

430 3602 539 3666 est,
572 3615 675 3654 seu
719 3595 1048 3653 Christiano
1078 3595 1301 3661 Judaea,
1336 3595 1456 3651 sive
1502 3595 1703 3651 Judzno
1747 3597 2080 3654 Christiana

429 3687 644 3745 mulier
669 3684 889 3743 carnali
914 3683 1205 3739 consortio
1236 3682 1553 3739 misceatur
1578 3701 1591 3741 :
1617 3685 1833 3757 quique
1864 3685 2076 3741 horum

426 3780 659 3833 tantum
676 3776 840 3832 nefas
857 3771 1169 3829 admisisse
1186 3773 1908 3839 noscuntur,aChristiano
1930 3778 2075 3830 cmtu

426 3870 602 3939 atque
630 3862 911 3930 convivio,
936 3865 994 3917 et
1013 3879 1047 3917 a
1066 3862 1479 3918 communione
1506 3861 1772 3918 Ecclesiae
1804 3864 2075 3934 protinus

425 3958 824 4028 segregantur.
864 3974 886 4000 ι

498 4042 636 4096 LIX.
667 4043 812 4095 Ecce
860 4037 1217 4095 sanctissimi
1266 4042 1323 4092 et
1367 4039 1824 4095 reverentissimi
1878 4044 2074 4112 patres

422 4128 816 4186 Ecelesiarum
840 4125 1027 4193 Dei,et
1042 4124 1225 4180 nostri
1244 4125 1302 4179 in
1328 4127 1569 4183 Domino
1593 4130 2072 4199 praadecessores,

423 4215 858 4274 evidentissime
886 4214 946 4268 in
977 4213 1072 4268 his
1102 4213 1584 4281 omnibus,etiam
1616 4218 1728 4270 sub
1761 4216 1943 4272 divini
1967 4220 2073 4287 ju-

423 4303 560 4360 ἀίοἰί
590 4301 1004 4376 protestatione
1033 4300 1344 4367 definiunt,
1370 4306 1426 4356 et
1447 4303 1615 4357 nobis
1646 4303 1771 4359 sine
1802 4305 2076 4376 prazjudi-

423 4392 513 4450 cio
550 4392 1003 4450 custodiendum
1028 4389 1289 4455 tradunt,
1334 4389 1674 4447 Judaeorum
1721 4391 2069 4465 sacrilegam

421 4482 754 4543 societatem
784 4480 962 4551 (sicut
988 4482 1047 4535 et
1072 4480 1416 4533 caeterorum
1447 4478 1875 4548 haareticorum)
1907 4482 2068 4552 peni—

418 4574 517 4628 tus
544 4570 969 4638 detestandam,
993 4571 1053 4624 et
1077 4582 1279 4624 eorum
1309 4568 1620 4639 profanum
1644 4573 1820 4643 atque
1839 4570 2069 4627 sacrile—
2100 4556 2145 4621 D

2187 2820 2211 2851 ι
2248 2797 2328 2852 tia
2358 2816 2489 2854 mea
2517 2798 2579 2854 in
2607 2800 2831 2871 Spiritu
2864 2804 3101 2865 sancto;
3136 2801 3417 2873 quoniam
3466 2800 3709 2857 tristitia
3747 2806 3846 2858 est

2186 2908 2211 2939 ι
2248 2886 2394 2942 mihi
2427 2905 2662 2961 magna,
2696 2893 2754 2944 et
2785 2889 3099 2946 continuus
3129 2889 3294 2946 dolor
3340 2889 3501 2946 cordi
3548 2906 3699 2959 meo,
3732 2907 3843 2963 pro

2189 2995 2212 3027 ι
2249 2975 2527 3032 fratribus
2557 2977 2706 3033 meis
2729 2977 2828 3049 qui
2875 2982 3015 3033 sunt
3061 2978 3292 3051 cognati
3342 2978 3457 3034 mei
3507 2979 3840 3034 secundum

2188 3083 2213 3113 α
2246 3081 2503 3133 carnem,
2539 3066 2639 3137 qui
2670 3071 2814 3122 sunt
2849 3066 3120 3122 Israelita:
3167 3069 3343 3137 (Rom.
3366 3084 3444 3134 1x,
3471 3068 3545 3137 1).
3566 3086 3596 3119 υ
3637 3069 3706 3123 Et
3729 3066 3841 3123 ite-

2190 3173 2220 3205 α
2248 3170 2377 3207 rum
2405 3170 2419 3210 :
2454 3155 2982 3220 Fratres,voluntas
3010 3155 3250 3228 quidem
3282 3156 3475 3212 cordis
3498 3156 3633 3223 mei,
3656 3160 3715 3212 et
3732 3157 3838 3212 ob-

2192 3261 2221 3293 α
2252 3242 2499 3298 secratio
2529 3244 2601 3298 ad
2633 3244 2817 3298 Deum
2852 3245 2918 3299 ﬁt
2943 3261 3049 3316 pro
3078 3244 3198 3300 illis
3227 3245 3288 3300 in
3320 3243 3569 3301 salutem
3591 3247 3839 3315 (Romx,

2194 3350 2223 3383 ιι
2249 3330 2321 3403 1),
2355 3350 2382 3381 n
2416 3336 2473 3387 et
2501 3331 2616 3387 alio
2646 3332 2772 3387 loco
2806 3349 2819 3388 :
2859 3354 2886 3385 α
2917 3333 3187 3399 Quandiu
3235 3349 3342 3407 ego
3389 3350 3523 3389 sum
3570 3334 3840 3407 gentium

2196 3442 2222 3472 ιι
2253 3419 2577 3491 apostolus,
2611 3421 3011 3478 ministerium
3058 3440 3257 3481 meum
3304 3422 3704 3480 honorificabo
3737 3440 3752 3478 :
3786 3424 3840 3480 si

2193 3528 2220 3561 υ
2251 3526 2367 3581 quo
2422 3511 2595 3565 modo
2655 3510 2726 3565 ad
2780 3511 3180 3567 aemulandum
3235 3528 3542 3585 provocem
3600 3528 3841 3567 carnem

2192 3620 2215 3648 ι
2249 3616 2465 3664 meam,
2495 3603 2555 3654 et
2584 3600 2775 3656 salvos
2807 3601 3017 3656 faciam
3047 3600 3276 3674 aliquos
3318 3619 3387 3657 ex
3415 3600 3552 3657 illis.
3588 3601 3647 3657 Si
3679 3601 3839 3657 enim

2193 3707 2220 3740 υ
2249 3688 2490 3743 amissio
2521 3705 2747 3758 eorum,
2781 3688 3175 3745 reconciliatio
3205 3694 3295 3746 est
3326 3689 3551 3757 mundi,
3586 3706 3715 3761 qua
3745 3706 3840 3746 as-

2190 3795 2219 3828 α
2249 3775 2506 3847 sumptio
2535 3776 2647 3831 nisi
2679 3777 2800 3833 vita
2826 3796 2895 3833 ex
2926 3778 3837 3848 mortuis?(Rom.x1,i3,14,15.)s

2188 3864 2485 3919 Postremo
2517 3867 2793 3921 omnibus
2816 3866 3165 3934 timendum,
3189 3867 3466 3924 omnibus
3488 3868 3837 3937 cavendum,

2184 3953 2435 4008 ﬁdeliter
2460 3953 2757 4011 inculcare
2787 3956 3104 4025 debemus;
3139 3974 3213 4012 ne
3243 3958 3399 4013 sicut
3428 3960 3691 4029 tempore
3710 3973 3844 4029 pas-

2183 4041 2370 4097 sionis
2398 4060 2516 4097 suae
2548 4044 2834 4099 Dominus
2858 4049 3054 4100 noster
3072 4046 3247 4102 Jesus
3273 4045 3844 4118 Christusgpaciiicar

2183 4134 2352 4186 turus
2382 4132 2580 4187 omnia
2611 4150 2712 4204 per
2749 4134 3101 4204 sanguinem
3149 4135 3345 4190 crucis
3391 4151 3532 4200 suas,
3559 4134 3838 4191 venditus

2181 4224 2272 4275 est
2302 4237 2336 4275 a
2366 4220 2512 4276 falso
2543 4221 2830 4293 discipulo
2862 4226 2920 4278 et
2954 4228 3328 4295 comparatus
3360 4241 3393 4279 a
3420 4223 3588 4280 falsis
3633 4240 3842 4296 perse-

2180 4308 2502 4376 cutoribus,
2553 4311 2626 4364 ad
2682 4310 3051 4366 illudendum
3106 4316 3165 4367 et
3220 4312 3708 4385 crucifigendum,
3754 4313 3842 4369 ita

2181 4412 2338 4451 nunc
2366 4404 2738 4470 comparetur
2768 4399 2840 4453 ab
2874 4398 3075 4472 impiis
3122 4401 3343 4457 Judzeis
3389 4402 3835 4474 quodammodo

2179 4483 2253 4538 ad
2282 4484 2733 4558 vituperandum
2765 4486 3039 4545 licentius
3068 4494 3126 4545 et
3166 4490 3723 4564 blasphemandum.
