4070 6180
243 497 369 546 antea
392 489 564 546 semel
594 490 877 561 impressis
921 504 1105 544 rem

241 569 485 620 cesserunt
507 559 716 634 przctér
745 562 844 616 has
871 567 924 617 et
946 562 1074 615 aliae
1102 559 1231 615 dum
1268 559 1517 634 Ιιοιηὶιίίε
1546 560 1607 634 in
1635 560 1772 615 duas
1801 575 1871 634 ea;

241 630 537 707 Apocalypsi
587 634 863 698 lectiones,
904 648 1140 707 quarum
1179 632 1339 707 prior
1385 638 1511 707 ante
1557 630 1658 686 huc
1703 632 1870 707 semel

239 701 428 782 (inluni
444 701 754 782 impressa;
782 701 1050 782 peste—ﬂor
1086 701 1212 782 ante
1241 705 1393 782 _I_mnc
1598 703 1743 782 typis
1767 719 1869 757 ea:-

237 794 340 833 cusa
365 778 479 847 fuit
506 772 809 847 nusquam}
836 774 1013 830 Nulla
1050 773 1393 847 praefatione
1422 772 1738 847 instruitur
1768 791 1869 847 po-

236 843 501 904 stremum
538 843 693 902 istud
726 846 1020 902 volumen.
1045 843 1278 900 Titulus
1310 848 1506 900 autem
1532 844 1643 899 iste
1674 843 1873 899 sic—di-

235 920 458 990 ligenter
478 918 703 975 relatus
724 917 896 990 plane
916 919 1282 990 demonstrat
1298 933 1413 971 non
1437 916 1872 990 satisaccurate

237 936 264 976 ΙΙ
300 936 458 975 θῐιιθι·
478 936 703 975 1⁸8ιᾶ1.υὸ
724 936 896 990 plane
916 936 1282 972 uemonsnrat
1298 936 1413 971 D011
1437 936 1584 971 Βωιε
1605 936 1872 970 accurate

237 936 498 1048 egitiones
522 990 708 1062 hujus
723 989 916 1062 operis
938 988 1151 1062 relatas
1170 987 1477 1062 hucusque
1500 991 1557 1041 et
1573 987 1873 1062 discussas

236 1063 392 1119 fuiss’e
422 1080 458 1118 a
490 1058 888 1134 scriptoribus
904 1060 991 1134 rei
1020 1058 1336 1127 litterariae,
1361 1058 1790 1134 utconferenti
1804 1077 1875 1134 ea

236 1153 341 1209 quae
362 1135 594 1201 dicunt,
612 1129 856 1206 patebit.
872 1133 1054 1189 Iidem
1076 1148 1309 1204 quoque
1333 1130 1648 1203 scriptores
1670 1129 1874 1187 Gallici

1812 353 2029 434 VITA,

1152 488 1296 568 typis
1323 493 1464 568 sunt
1496 501 1736 568 escas-a3.
1768 486 1865 542 Ac-
1896 497 1951 564 Α
1979 503 2093 542 non
2114 488 2270 568 satis
2292 505 2361 568 se
2390 506 2597 568 capere
2625 491 2830 568 dicunt
2860 494 3000 566 quid
3042 495 3181 552 velit
3209 496 3529 568 Croweius,
3564 500 3626 558 in

3508 367 3631 432 190

1978 576 2085 641 suo
2114 560 2364 615 Eleneho
2385 560 2743 641 scriptorum
2762 564 2821 619 in
2845 560 3072 641 sacram
3095 569 3457 641 Scripturam
3489 560 3628 627 scri-

1977 631 2124 686 bens
2154 649 2440 712 annexam
2473 631 2599 715 esse
2644 634 2781 691 huic
2801 638 2979 715 _9peri
3015 639 3072 693 in
3105 631 3309 697 omnes
3337 642 3628 715 Epistolas

1977 706 2767 780 canonicasuenarrationem.
2801 706 2919 780 Ego
2957 727 3090 764 vero
3132 713 3289 768 unde
3319 706 3429 769 hoc
3460 732 3624 771 acce-

1978 773 2128 861 perit
2156 774 2435 861 anglieus
2454 775 2555 861 ille
2583 773 3441 861 scriptorfdeprebendisseme
3470 787 3630 861 blan-

1979 846 2135 926 dior;
2168 846 2249 926 ita
2267 846 2581 926 enim_lego
2606 849 2660 902 in
2677 846 2855 926 titulo
2875 846 3258 926 ilomiliarum
3282 855 3627 912 hiemalium

1979 916 3057 999 editioniscjusdembnteaindicata:
3091 925 3323 999 3_Addz'ti
3356 936 3486 982 sunt
3511 945 3626 983 ser-

1978 1003 2163 1069 mones
2192 989 2403 1069 aliquot
2426 991 2790 1069 pulcherrimi
2816 994 3379 1069 ejusdqm‘llaymonis
3410 1000 3469 1053 in
3498 1000 3626 1069 Epi-

1979 1060 2143 1141 stolas
2183 1060 2491 1141 ranopicds.
2540 1063 2651 1117 Sed
2711 1060 2991 1141 evolventi
3021 1060 3329 1136 diligrntcr
3357 1060 3626 1125 volumen

1981 1129 2127 1186 illud
2161 1131 2434 1204 nuspiam
2465 1150 2564 1189 eos
2596 1134 2847 1207 reperire
2876 1137 3079 1192 datum
3109 1129 3219 1193 est.

1392 1483 1658 1569 VITA
1718 1483 1825 1566 D.
1887 1482 2470 1571 HAYMONIS

1038 1711 1323 1756 AUCTORE
1357 1708 1604 1756 JOANNE
1650 1706 2004 1754 TRITHEMIO
2050 1706 2291 1755 ABBATE
2338 1710 2824 1757 SPANHEIMENSI.

292 2060 513 2131 Haymo
557 2055 770 2112 tertius
808 2054 1119 2127 episcopus
1156 2051 1646 2109 Halberstatensis
1681 2051 1875 2109 Eccle-
1903 2053 1953 2119 B

235 2149 322 2205 sia:
370 2146 433 2202 in
486 2144 762 2213 Saxonis,
795 2161 863 2199 ex
893 2143 1100 2199 abbate
1152 2141 1563 2199 llirsfeldensis
1610 2141 1877 2209 coenobii,

234 2236 451 2294 ordinis
500 2235 693 2292 sancti
744 2232 1059 2299 Benedicti,
1092 2232 1330 2288 natione
1378 2231 1754 2297 Teutonicus,
1784 2230 1879 2286 Al-

230 2325 379 2383 cuini
404 2322 684 2381 monachi
702 2322 999 2395 quondam
1022 2320 1272 2390 auditor,
1287 2321 1359 2376 ad
1383 2337 1557 2392 quem
1580 2320 1880 2388 ltabanus,

232 2412 542 2472 Fuldensis
575 2416 718 2467 tunc
749 2411 950 2478 abbas,
968 2427 1084 2465 χχιι
1113 2409 1293 2466 libros
1314 2410 1384 2466 de
1414 2409 1690 2465 Universo
1721 2426 1878 2465 com-

230 2502 452 2577 posuit;
480 2501 574 2557 vir
600 2503 753 2556 certe
802 2499 1192 2571 undecunque
1234 2498 1632 2569 doctissimus,
1657 2498 1879 2554 divina-

230 2608 353 2648 rum
376 2590 823 2663 Scripturarum
847 2588 1267 2661 sagacissimus
1290 2588 1598 2661 interpres,
1616 2589 1675 2643 in
1697 2587 1882 2644 decla-

227 2679 459 2736 mandis
480 2676 741 2734 homiliis
757 2677 831 2733 ad
854 2676 1137 2749 populum
1154 2675 1485 2733 excellentis
1509 2677 1724 2750 ingenii
1746 2676 1876 2732 fuit.

228 2771 325 2828 Hic
356 2768 555 2842 primo
596 2767 708 2823 fuit
755 2766 1082 2823 monachus
1113 2765 1423 2825 Fuldensis
1468 2766 1714 2822 ccenobii
1744 2782 1880 2821 cum

228 2859 487 2925 Rabano,
521 2860 728 2929 postea
756 2855 947 2911 factus
967 2859 1057 2912 est
1080 2854 1289 2911 tertius
1320 2855 1504 2911 abbas
1532 2853 1882 2909 Hirst'eldcn-

228 2948 328 3015 sis,
354 2951 660 3019 postremo
680 2943 887 3001 tertius
909 2943 1218 3017 episcopus
1240 2942 1730 2999 Halberstatensis
1751 2959 1880 2998 con-

229 3040 514 3094 secretus.
533 3033 816 3090 Eamdem
838 3032 1157 3089 Ecclesiam
1180 3033 1353 3088 verbo
1372 3035 1430 3089 et
1449 3032 1711 3105 exemplo
1740 3036 1881 3089 stre-

231 3143 343 3181 nue
371 3122 723 3199 gubernavit
740 3120 912 3178 annis
940 3121 1236 3177 tredecim.
1252 3121 1499 3194 Scripsit
1516 3125 1711 3177 autem
1735 3139 1880 3195 pene

233 3214 460 3270 inﬁnita
484 3211 791 3286 opuscula,
825 3212 897 3267 de
926 3210 1142 3283 quibus
1182 3210 1298 3267 ista
1326 3228 1453 3283 quae
1494 3211 1877 3283 subjecimus,

236 3304 519 3359 feruntur.

372 3394 438 3449 In
467 3390 735 3465 quinque
763 3389 945 3446 libros
976 3389 1159 3463 Moysi
1617 3389 1719 3444 lib.
1748 3390 1804 3445 5.

376 3482 436 3538 In
464 3480 745 3538 Judicum
1614 3476 1718 3534 lib.
1754 3479 1804 3534 1.

377 3575 438 3626 In
468 3571 695 3643 Regum
1614 3568 1718 3623 lib.
1756 3570 1806 3624 1.

378 3661 436 3716 In
464 3658 710 3715 Tobiam
1614 3657 1718 3712 lib.
1754 3658 1803 3712 1.

378 3749 437 3804 In
462 3747 670 3804 Judith
1618 3746 1720 3801 lib.
1755 3748 1805 3801 1.

378 3838 435 3893 In
464 3837 573 3894 Job
1616 3835 1718 3891 lib.
1756 3836 1805 3890 1.

378 3926 433 3981 In
461 3926 692 3981 Esaiam
724 3923 933 3996 proph.
1614 3924 1716 3980 lib.
1750 3926 1804 3980 3.

382 4015 438 4070 In
468 4013 827 4071 Hieremiam
1620 4012 1721 4069 lib.
1756 4015 1808 4068 1.

384 4105 436 4159 ln
463 4101 827 4161 Ezechielem
1619 4097 1720 4157 ιη).
1758 4104 1807 4157 1.

385 4193 439 4249 In
464 4192 769 4250 Danielem
1618 4190 1719 4246 lib.
1758 4192 1807 4246 1.

384 4282 439 4338 In
469 4284 535 4338 12
561 4280 775 4355 proph.
809 4278 1019 4334 minor.
1289 4339 1292 4343 ,
1621 4278 1723 4334 lib.
1760 4280 1844 4335 12.

386 4372 441 4426 ln
469 4371 736 4444 psalmos
767 4385 1000 4441 quoque
1511 4440 1517 4449 .
1621 4367 1721 4422 lib.
1758 4370 1808 4423 1.

387 4459 441 4515 In
470 4457 745 4532 Evangel.
781 4456 1045 4513 homilia.
1618 4457 1720 4512 lib.
1754 4460 1808 4512 2.

1906 3424 1954 3492 (Ξ

2125 2054 2188 2109 In
2219 2069 2424 2109 omnes
2453 2052 2639 2125 Epist.
2671 2052 2831 2107 Pauli
3366 2057 3469 2112 lib.
3506 2059 3556 2113 1.

2132 2142 2194 2198 In
2226 2142 2411 2215 Epist.
2443 2140 2754 2198 canonieas
3369 2145 3472 2202 lib.
3503 2150 3559 2203 7.

2133 2232 2196 2287 In
2225 2230 2633 2304 Apocalypsim
3369 2234 3473 2291 lib.
3508 2237 3560 2292 1.

2131 2320 2211 2377 De
2240 2321 2515 2376 varietate
2542 2320 2826 2375 librorum
3372 2324 3476 2380 lib.
3507 2326 3562 2380 3.

2130 2410 2211 2467 De
2239 2415 2445 2467 sancta
2472 2409 2757 2466 Trinitate
3371 2414 3475 2469 lib.
3510 2416 3561 2470 1.

2130 2500 2210 2556 De
2240 2500 2453 2556 Christ.
2487 2517 2682 2556 rerum
2722 2516 2833 2555 me.
3373 2502 3475 2558 lib.
3512 2504 3561 2559 1.

2132 2590 2194 2645 In
2223 2589 2403 2645 Josue
3372 2591 3475 2647 lib.
3512 2593 3561 2647 1.

2130 2678 2193 2733 In
2228 2678 2382 2734 Ruth
3375 2678 3476 2735 lib.
3512 2682 3561 2736 1.

2132 2769 2195 2821 ln
2228 2766 2577 2839 Paralipom.
3372 2768 3475 2824 lib.
3511 2770 3561 2823 1.

2131 2856 2193 2911 In
2224 2856 2469 2911 Esdram
2501 2859 2559 2909 et
2588 2855 2787 2909 Noem.
3371 2855 3472 2911 lib.
3511 2858 3561 2911 1.

2132 2944 2194 2999 In
2230 2944 2433 2999 Hester
3370 2943 3473 2998 lib.
3509 2945 3559 2999 1.

2132 3034 2197 3087 In
2229 3031 2467 3087 Cantica
2492 3036 2644 3087 cant.
3371 3031 3472 3087 lib.
3510 3033 3559 3087 1.

2129 3122 2332 3178 Esaias
2364 3121 2646 3194 propheta
2669 3120 2848 3175 nobil.

2129 3213 2199 3266 Et
2229 3211 2469 3277 factum,
2503 3213 2637 3277 etc.,
2670 3209 2814 3265 dicit
2841 3209 3068 3267 beatus.

2128 3300 2386 3355 Verbum
2416 3300 2573 3372 quod
2605 3299 2824 3355 factum
2854 3303 2964 3354 est.

2131 3388 2340 3463 Hymni
2372 3392 2687 3456 vocantur,‘
2704 3391 2814 3444 etc.

2131 3478 2453 3535 Consulens
2483 3477 2758 3535 dominus
2792 3476 2957 3532 hum.

2127 3569 2173 3622 A
2203 3566 2481 3623 Corintho
2514 3570 2798 3638 metropo.
3590 3598 3595 3601 -

2132 3658 2195 3712 In
2223 3658 2404 3712 Actus
2433 3654 2693 3726 Apostol.
3375 3656 3477 3711 lib.
3514 3658 3563 3711 1.

2132 3746 2407 3819 Legimus
2438 3744 2497 3799 in
2528 3743 2862 3799 Eeclesiast.

2127 3834 2273 3889 Cum
2309 3834 2390 3888 sis
2420 3833 2659 3887 unicum
2693 3835 2751 3886 et
2779 3830 3071 3886 sanctissi.

2058 3923 2185 3978 Alia
2214 3938 2447 3994 quoque
2486 3920 2672 3976 multa
2719 3918 3028 3992 scripsisse
3076 3918 3290 3976 dicitur
3334 3920 3636 3994 epistolas,

1990 4028 2290 4068 sermones
2337 4015 2395 4065 et
2442 4011 2702 4065 diversos
2754 4012 3059 4077 tractatus,
3094 4010 3193 4081 qui
3243 4011 3315 4065 ad
3366 4010 3637 4066 notitiam

1991 4117 2182 4157 meam
2205 4116 2320 4153 non
2343 4103 2646 4154 venerunt.
2672 4098 2919 4154 Moritur
2941 4098 3050 4154 sub
3076 4099 3365 4155 Ludovico
3396 4099 3643 4172 impera-

1990 4195 2112 4245 tore
2136 4188 2254 4243 filio
2280 4187 2467 4244 Caroli
2500 4188 2717 4262 Magni,
2743 4204 2895 4243 anno
2926 4186 3158 4243 Domini
3192 4188 3638 4258 DCCCXXXIIII,

1988 4278 2305 4335 indictione
2340 4278 2422 4334 12.
2459 4276 2736 4350 Sepultus
2766 4277 2826 4332 in
2863 4276 3109 4334 ecclesia
3137 4277 3325 4334 sancti
3358 4278 3639 4351 Stephani

1992 4367 2469 4425 Halberstatensi.
