4092 6178
443 330 558 406 ως

854 326 1262 390 HAYMONIS
1293 325 1827 388 HALBERSTAT.
1861 326 2102 412 EPISC}.
2135 329 2310 392 ΟΡΡ.
2341 330 2568 392 PARS.
2602 331 2652 392 Ι.
2684 365 2764 378 -
2791 330 3201 396 COMMENT.
3231 331 3432 397 BIBL.

3729 336 3847 414 ω

1585 645 2708 778 HAYMONIS

1619 871 2304 929 HALBERSTATENSIS
2343 874 2663 932 EPISCOPI

697 1039 1128 1194 OPEllUll
1222 1039 1496 1189 PARS
1583 1039 1951 1190 PRIMA.
2017 1107 2092 1121 -

2172 1106 2198 1120 ·
2271 1042 3022 1196 lellllllN’l‘AlllA
3113 1046 3562 1199 BlllL-ICA.

914 1411 1162 1578 IN
1264 1294 3356 1586 omnes—PSALMOS

1327 1673 1486 1746 PIA,
1533 1673 1817 1738 BREVIS
1859 1675 1960 1737 AG
2001 1677 2376 1742 DILUGIDA
2418 1679 2939 1754 EXPLANATIO,

423 1859 640 1944 Quam
704 1856 847 1939 ille,
887 1855 1099 1924 veluti
1157 1854 1524 1948 spiritualis
1585 1855 1882 1947 apicula,
1937 1879 2028 1928 ex
2090 1861 2396 1929 omnium
2453 1869 2761 1931 veterum
2819 1858 3032 1930 hortis
3087 1881 3166 1928 ac
3225 1858 3435 1952 patris
3492 1859 3841 1934 ﬂorentis—

539 1955 734 2029 simis
773 1953 1138 2048 dccerpsit,
1182 1974 1322 2044 quo
1358 1955 1782 2044 simplicibus
1819 1965 1887 2025 et
1923 1959 2267 2050 occupatis
2297 1969 2472 2030 esset
2512 1969 2738 2052 parata
2779 1957 3211 2028 saluberrimi
3258 1957 3478 2028 mellis
3507 1959 3727 2054 copia.

709 2127 812 2201 (Ex
841 2127 1096 2184 editione
1126 2127 1264 2184 data
1292 2127 1540 2186 Coloniae
1570 2147 1723 2186 anno
1754 2131 1910 2201 1561,
1945 2134 2188 2188 curante
2220 2133 2479 2202 Erasmo,
2511 2133 2666 2206 apud
2697 2133 2956 2192 haeredes
2984 2131 3230 2190 Joannis
3255 2131 3550 2206 Queatel.)

1550 2389 2128 2500 Brsibtrius
2212 2393 2704 2506 ﬁniemus

1826 2597 2420 2662 BOTEBODAMUS

895 2782 1132 2830 INSIGNI
1183 2781 1446 2828 PIETATIS
1494 2781 1643 2828 νιΒο
1687 2781 1917 2827 JOANNI
1963 2780 2302 2843 EMSTEDIO,
2353 2781 2790 2828 CARTHUSIANO
2837 2779 3122 2842 LOVANII,
3173 2779 3230 2826 S.
3281 2781 3344 2827 D.

488 2963 836 3034 Quanquam
867 2959 1026 3016 haud
1069 2958 1296 3031 ignoro,
1327 2955 1672 3012 charissime
1721 2956 1920 3024 frater,
1951 2972 2068 3015 non
2095 2953 2153 3022 Α
2180 2955 2380 3027 tippus
2401 2973 2537 3012 cum
2560 2958 2862 3029 unguento
2887 2955 3144 3029 quodam
3163 2953 3538 3010 vehementer
3555 2955 3715 3009 esset
3734 2955 3834 3010 de-

419 3049 623 3107 deesse
651 3049 760 3106 tibi
791 3047 1231 3114 confabulones,
1252 3046 1463 3118 quiest
1493 3044 1868 3100 solitudinem
1899 3048 2062 3099 tuam

415 3138 758 3204 exhilarent,
791 3139 849 3191 et
877 3134 1179 3190 silentium
1209 3133 1368 3189 istud
1410 3150 1524 3188 non
1555 3133 1752 3188 sinant
1777 3149 1904 3189 esse
1934 3149 2063 3187 mu-

415 3227 564 3292 tum,
599 3227 798 3279 tamen
824 3223 1018 3278 visum
1063 3226 1154 3278 est
1193 3239 1378 3276 unum
1418 3221 1650 3289 addere,
1687 3221 1825 3293 quia
1854 3220 1952 3292 pia
1980 3219 2062 3275 lo-

416 3311 619 3386 quitur
635 3311 832 3368 verius
867 3327 1042 3384 quam
1065 3310 1320 3366 diserta:
1344 3309 1578 3365 tametsi
1612 3327 1726 3364 non
1756 3309 2064 3381 video,quo

414 3404 583 3475 pacto
628 3400 827 3474 negari
871 3400 1060 3472 possit
1087 3399 1304 3456 diserte
1334 3399 1466 3467 dici,
1492 3399 1644 3472 quod
1679 3397 1770 3470 pie
1801 3398 2016 3454 dicitur
2046 3415 2060 3454 :

415 3491 470 3547 Is
509 3493 600 3546 est
651 3491 866 3563 llaymo
916 3489 984 3545 N.
1015 3487 1361 3557 monachus,
1395 3488 1578 3544 abbas
1625 3493 1684 3544 et
1731 3489 2060 3562 episcopus,

413 3578 564 3635 mira
593 3578 895 3648 brevitate,
929 3577 1195 3651 miraque
1239 3575 1612 3650 simplicitate
1640 3595 1709 3633 ac
1738 3577 2064 3650 perspicui-

412 3671 531 3724 tate
560 3685 844 3726 enarrans
875 3667 1136 3741 psalmos
1155 3666 1480 3722 Davidicos.
1508 3668 1641 3722 Fuit
1663 3666 1772 3722 hoc
1801 3666 2064 3722 studium

411 3756 642 3815 seculis
681 3757 906 3830 aliquot
951 3756 1257 3814 monachis
1305 3755 1573 3822 eruditis,
1597 3759 1663 3811 ut
1693 3772 1820 3828 quae
1851 3772 1886 3810 a
1910 3758 2064 3812 vete-

409 3843 575 3903 ribus
605 3845 694 3903 vel
724 3845 1006 3904 subtilius
1034 3849 1232 3904 essent
1263 3844 1480 3918 scripta
1517 3844 1723 3913 doctis,
1753 3843 1842 3900 vel
1873 3843 2065 3901 fusius

409 3935 570 3991 dicta
619 3937 773 4007 apud
823 3935 1126 4007 populum,
1153 3934 1213 3990 in
1245 3933 1658 4006 compendium
1709 3932 2061 4006 redigerent,

409 4023 554 4078 adeo
578 4022 890 4094 perspicua
921 4023 1224 4092 brevitate,
1241 4027 1305 4078 ut
1325 4027 1382 4079 et
1408 4023 1480 4078 ab
1501 4023 1824 4096 occupatis,
1848 4025 1906 4078 et
1927 4039 1962 4077 a
1979 4025 2063 4078 te-

409 4109 608 4165 nuiter
627 4109 908 4165 litteraris
927 4111 1096 4166 facile
1115 4109 1344 4167 valeant
1363 4111 1604 4184 percipi.
1636 4112 1819 4184 llujus
1841 4110 2064 4166 ordinis

408 4197 698 4270 praecipue
727 4202 868 4253 sunt
891 4197 1223 4263 Anselmus,
1251 4199 1424 4266 Beda,
1448 4199 1749 4267 Claudius,
1770 4205 1829 4256 et
1848 4199 1944 4256 hic
1962 4198 2064 4272 qui

410 4302 568 4340 nunc
597 4285 758 4341 venit
787 4285 847 4341 in
877 4290 1010 4342 tuos
1035 4285 1397 4358 complexus,
1419 4287 1638 4359 Haymo
1659 4305 1672 4342 :
1692 4305 1941 4360 quorum
1973 4287 2064 4344 in-
2091 4311 2142 4378 B

407 4373 639 4430 dustria
670 4391 786 4430 non
817 4375 1170 4431 mediocrem
1195 4373 1512 4430 utilitatem
1534 4374 1729 4431 attulit
1750 4375 2018 4432 Ecclesia:
2043 4395 2056 4432 :

407 4463 732 4538 praesertim
765 4464 814 4521 si
837 4463 970 4538 quis
1002 4467 1226 4537 spectet
1257 4466 1382 4518 tum
1406 4467 1690 4536 tempora,
1717 4468 1843 4519 tum
1875 4465 2061 4537 regio-

408 4569 534 4620 nes,
561 4552 621 4608 in
647 4554 863 4626 quibus
896 4553 982 4608 illi
1000 4553 1287 4609 vixerunt.
1312 4553 1486 4608 Decet
1511 4555 1731 4618 autem,
1752 4557 1817 4607 ut
1837 4552 1936 4624 qui
1974 4569 2060 4608 re-

400 4641 577 4713 jectis
607 4641 882 4697 omnibus
933 4641 1178 4698 remoris
1227 4644 1542 4714 properant
1572 4641 1642 4695 ad
1682 4639 1845 4696 illam
1893 4639 2062 4696 coele-

413 4731 565 4784 stem
595 4727 796 4797 vitam,
830 4747 1007 4802 quam
1039 4729 1294 4786 maxime
1337 4727 1458 4784 sint
1485 4728 1756 4800 expediti,
1790 4746 1896 4785 nec
1926 4727 2062 4784 ullis

409 4814 609 4872 minus
639 4815 990 4873 necessariis
1039 4817 1288 4874 sarcinis
1335 4821 1666 4890 graventur.
1703 4819 1824 4884 Quo
1874 4817 2064 4892 magis

409 4903 747 4960 mirandum
796 4909 908 4974 est,
939 4906 1095 4978 quod
1151 4905 1412 4979 quidam,
1449 4905 1548 4978 qui
1577 4905 1736 4962 victu
1785 4905 2064 4979 cultuque

408 4993 850 5066 simplicitatem
902 4992 1284 5066 apostolicam
1331 4995 1700 5066 proﬁtentur,
1733 4995 2061 5054 doctrinam

407 5081 842 5154 amplectantur
870 5082 1138 5140 omnium
1181 5081 1427 5138 minime
1456 5081 1808 5156 simplicem,
1829 5085 1931 5140 sed
1963 5103 2060 5142 ar-

407 5169 590 5244 gutiis
628 5171 1094 5244 supervacaneis,
1125 5175 1183 5228 et
1221 5169 1546 5227 Averroicis
1575 5171 1970 5245 dogmatibus,
1995 5191 2062 5230 ac

407 5257 574 5314 novis
603 5258 846 5334 insuper
893 5261 1138 5320 somniis
1189 5257 1682 5333 spinosissimam.
1705 5259 1851 5316 Cum
1881 5261 2063 5336 igitur

407 5343 555 5400 tales
585 5353 784 5404 essent
814 5351 1109 5420 monachi,
1134 5366 1348 5406 nomen
1369 5351 1492 5405 erat
1521 5348 1677 5421 apud
1707 5365 1910 5407 omnes
1928 5368 2060 5424 gra-

407 5431 650 5503 tiosum,
683 5440 742 5492 et
770 5436 1159 5496 honoriﬁcum
1199 5441 1324 5496 erat
1370 5435 1651 5510 appellari
1679 5438 2058 5506 monachum.

2175 3041 2447 3113 lectatus,
2468 3045 2618 3100 Male
2641 3045 2720 3101 sit
2750 3043 2968 3117 inquit,
2989 3043 3120 3100 istis
3142 3041 3402 3110 cinaedis,
3423 3039 3524 3114 qui
3553 3058 3680 3098 rem
3708 3046 3834 3099 tam

2173 3131 2386 3190 bellam
2427 3134 2812 3190 infamarunt.
2845 3130 3153 3189 Similibus
3181 3130 3374 3187 verbis
3411 3145 3530 3185 non
3574 3129 3835 3188 absurde

2173 3221 2308 3292 quis
2339 3223 2740 3279 stomachetur
2766 3221 2827 3277 in
2858 3239 2978 3290 eos,
3001 3221 3104 3293 qui
3127 3237 3233 3276 suo
3251 3219 3414 3288 vitio,
3436 3217 3710 3275 monachi
3733 3236 3836 3276 no-

2173 3329 2309 3367 men
2342 3312 2402 3366 in
2435 3313 2716 3368 invidiam
2745 3311 3027 3378 vocarint,
3062 3327 3197 3366 cum
3238 3324 3434 3366 revera
3471 3323 3590 3362 non
3617 3317 3831 3364 conve-

2173 3401 2298 3456 niat
2329 3400 2516 3456 ullum
2549 3418 2676 3457 esse
2715 3395 3112 3473 plausibilius.
3144 3397 3286 3465 Quis
3315 3396 3472 3456 enim
3519 3413 3638 3454 non
3667 3400 3832 3453 amet

2172 3506 2272 3546 eos
2307 3489 2595 3559 homines,
2630 3489 2729 3563 qui
2778 3506 2908 3544 vere
2959 3489 3179 3544 mundo
3224 3484 3462 3554 mortui,
3491 3502 3624 3542 sese
3669 3489 3828 3542 totos

2173 3579 2290 3634 Deo
2321 3578 2706 3634 dedicarunt?
2739 3581 2998 3646 Quorum
3017 3576 3155 3632 talis
3185 3579 3274 3632 est
3291 3575 3430 3644 vita,
3452 3573 3587 3632 talis
3615 3574 3833 3643 oratio,

2174 3671 2238 3722 ut
2259 3684 2430 3723 nemo
2447 3668 2520 3723 ab
2544 3667 2781 3723 illorum
2797 3669 3136 3738 conspectu,
3153 3680 3322 3720 nemo
3343 3680 3380 3718 a
3398 3661 3688 3734 colloquio
3709 3679 3830 3718 non

2174 3757 2381 3812 melior
2409 3757 2706 3813 discedat:
2732 3775 2767 3812 a
2795 3755 3013 3828 quibus
3041 3771 3214 3810 nemo
3245 3751 3572 3824 quidquam
3599 3753 3834 3808 metuat

2173 3847 2553 3914 incommodi,
2579 3863 2696 3902 non
2727 3845 2993 3900 fraudem
3023 3843 3096 3900 ab
3129 3841 3222 3898 his
3259 3840 3360 3914 qui
3405 3839 3686 3912 pecunias
3716 3839 3834 3896 ha-

2173 3935 2313 3991 bent
2343 3951 2446 4006 pro
2479 3934 2813 4000 ruderibus,
2845 3936 2904 3988 et
2932 3932 3042 3988 hoc
3073 3931 3227 4004 quod
3257 3929 3480 3986 habent
3510 3926 3835 4001 dilargiun-

2173 4027 2272 4079 tur
2318 4022 2518 4096 egenis
2552 4041 2564 4078 :
2601 4040 2719 4078 non
2765 4020 3104 4087 vindictam,
3139 4018 3240 4092 qui
3279 4018 3456 4090 juxta
3499 4016 3835 4074 doctrinam

2173 4111 2592 4186 evangelicum,
2615 4115 2785 4167 orant
2807 4126 2912 4183 pro
2941 4106 3454 4182 persequentibus,
3477 4118 3678 4163 amore
3697 4122 3835 4178 pro-

2173 4204 2507 4274 sequuntur
2531 4217 2630 4258 eos
2660 4199 2876 4272 quibus
2915 4201 3054 4254 sunt
3093 4195 3290 4265 invisi,
3321 4195 3637 4252 benefacta.
3657 4211 3834 4267 repo-

2175 4294 2325 4346 nunt
2353 4307 2456 4363 pro
2487 4287 2812 4346 malefactis
2843 4305 2858 4343 :
2893 4304 2998 4343 nec
3025 4288 3116 4342 est
3143 4284 3248 4340 ulli
3279 4282 3572 4358 pudicitiae
3603 4283 3836 4356 pericu-

2171 4378 2295 4435 lum
2325 4379 2396 4434 ab
2420 4377 2535 4446 his,
2557 4377 2657 4450 qui
2697 4380 2756 4433 et
2789 4375 2961 4432 corde
2980 4379 3038 4431 et
3059 4390 3300 4448 corpore
3317 4375 3458 4429 sunt
3479 4370 3830 4444 incorrupti.

2173 4467 2279 4534 Qui
2315 4469 2552 4539 propter
2595 4464 2956 4538 singularem
2985 4462 3166 4520 animi
3199 4459 3550 4518 modestiam
3589 4458 3735 4518 nulli
3765 4475 3832 4515 se

2173 4557 2540 4629 praeponunt,
2576 4551 2720 4607 nulli
2767 4550 3052 4622 invident,
3083 4549 3314 4606 nullum
3363 4545 3693 4614 fastidiunt,
3725 4545 3831 4602 sed

2173 4661 2289 4716 quo
2320 4641 2508 4715 magis
2555 4641 2626 4698 ad
2676 4639 3052 4713 perfectionis
3097 4638 3328 4695 culmen
3379 4635 3686 4702 accedunt,
3717 4633 3834 4690 hoc

2173 4732 2363 4807 magis
2385 4731 2588 4788 dicunt
2615 4746 2744 4787 sese
2771 4729 3035 4786 omnium
3071 4728 3306 4784 inﬁmos
3331 4743 3344 4782 :
3378 4729 3436 4782 et
3465 4740 3600 4780 cum
3630 4739 3836 4780 revera

2143 4823 2417 4897 fgemmre
2447 4819 2566 4876 sint
2593 4822 2652 4876 et
2680 4819 2853 4876 ﬂores
2883 4817 3173 4886 Ecclesiae,
3196 4822 3396 4874 tamen
3429 4811 3544 4888 ipsi
3565 4829 3693 4870 sese
3725 4812 3834 4868 fa:-

2146 4911 2152 4946 ί
2172 4928 2296 4968 cem
2319 4907 2635 4982 appellant.
2648 4907 2914 4965 Aliorum
2936 4907 3140 4982 lapsus
3161 4909 3263 4963 aut
3281 4903 3529 4973 elevant,
3551 4904 3655 4958 aut
3673 4917 3837 4958 com-

2151 4996 2342 5058 'mode
2368 4997 2847 5071 interpretantur,
2871 4998 2932 5054 in
2961 4996 3230 5072 proprios
3259 4992 3480 5050 austeri
3509 5006 3789 5050 censores
3813 5007 3829 5047 :

2171 5087 2288 5146 alia
2332 5087 2634 5142 benefacta
2679 5087 2929 5144 candide
2979 5085 3363 5158 ampliﬁcant,
3403 5099 3513 5140 sua
3559 5079 3834 5136 modeste

2169 5176 2521 5232 extenuant:
2546 5172 2768 5230 nemini
2797 5173 3132 5244 adulantur,
3152 5171 3448 5229 neminem
3476 5167 3832 5242 procacibus

2168 5261 2360 5320 verbis
2381 5261 2707 5334 percellunt
2725 5267 3096 5336 praesentem,
3118 5260 3340 5320 nemini
3363 5259 3696 5316 obtrectant
3720 5257 3831 5314 ab-

2169 5352 2358 5409 senti:
2383 5350 2530 5407 nihil
2557 5352 2798 5408 auditur
2824 5369 2894 5409 ex
2919 5370 3018 5410 ore
3038 5351 3297 5420 illorum,
3322 5349 3435 5406 nisi
3465 5348 3623 5420 quod
3651 5351 3745 5404 est
3766 5347 3830 5404 in

2168 5442 2362 5510 corde,
2391 5441 2568 5496 verba
2613 5440 2938 5510 eharitatis,
2962 5443 3138 5499 verba
3187 5437 3625 5506 consolationis,
3646 5437 3837 5494 verba

407 5519 576 5576 Nunc
592 5528 984 5594 quorumdam
1007 5529 1147 5584 mali
1170 5543 1362 5584 mores
1383 5526 1442 5582 in
1465 5542 1644 5582 causa
1663 5530 1820 5596 sunt,
1837 5531 1902 5583 ut
1922 5528 2056 5585 boni
2089 5569 2132 5637 α
2171 5529 2370 5586 amicae
2402 5528 2818 5587 admonitionis
2839 5536 2898 5588 et
2924 5532 3246 5606 gratiarum
3269 5527 3536 5587 actionis.
3557 5527 3742 5584 Adest
3766 5527 3832 5583 in

409 5623 640 5637 κιεΑι-...Α
665 5616 993 5637 ΛΑΜ-.--..Ξ-
1028 5615 1252 5637 2..--3Δ2μ
1299 5613 1623 5637 ..-1--ι2---
1669 5615 1854 5637 P--_,__-A
1913 5618 1930 5637 ι
1951 5617 2016 5637 MP,
2169 5617 2259 5637 [2A
2302 5616 2539 5637 __‘-31__
2586 5635 2613 5637 __
2635 5634 2688 5637 -,_
2752 5618 2772 5637 ι
2825 5636 2838 5637 γ
2889 5623 2900 5637 ι
3079 5621 3094 5637 ιι
3157 5635 3211 5637 _,.
3263 5620 3280 5637 ι
3315 5635 3328 5637 Α
3357 5636 3368 5637 γ
3390 5635 3404 5637 _
3471 5615 3819 5637 _____2-_Al_

408 5623 640 5682 quoque
663 5616 994 5673 communis
1028 5615 1258 5672 invidiae
1299 5613 1629 5672 molestiam
1668 5615 1876 5672 ferant.
1899 5617 2056 5674 Aris-

2169 5617 2264 5674 bis
2294 5616 2540 5673 comitas
2585 5634 2701 5674 non
2749 5618 2964 5689 fucata,
2997 5621 3098 5678 sed
3147 5635 3217 5674 ex
3263 5620 3418 5676 bona
3464 5615 3837 5676 conscientia.
