4092 6178
250 314 366 391 iss
618 358 623 361 -
860 352 877 363 ο
1430 330 1927 394 EXPLANATIO
1969 332 2046 392 IN
2092 332 2473 396 PSADMOS.
3536 338 3654 408 m

248 460 731 536 proficiscens.ln
762 462 1285 531 summa,ccelestis
1306 463 1466 520 illius
1486 464 1737 521 civitatis
1760 464 1898 520 ima—
1927 464 1981 533 Α
2010 465 2475 538 magistratibus,
2509 470 2566 523 et
2602 467 2661 524 in
2693 468 2905 526 mediis
2936 470 3241 529 hominum
3288 476 3656 534 commerciis

247 551 443 625 ginem
475 551 795 623 quamdam
824 551 994 606 nobis
1012 552 1356 619 referunt,et
1375 552 1669 627 angelicos
1690 553 1898 610 choros

246 640 683 713 quodammodo
714 640 1245 713 repraesentantwel
1270 643 1423 712 quod
1445 642 1668 715 jugiter
1686 643 1895 697 decan-

246 734 373 785 tant
406 730 613 785 laudes
643 730 866 799 Dei,vel
900 731 1055 802 quod
1087 732 1493 787 transformati
1542 732 1600 785 in
1652 732 1895 804 Spiritus

242 817 391 874 nihil
415 819 674 874 habeant
708 819 1042 874 commercii
1077 837 1211 874 cum
1244 821 1437 876 carnis
1468 820 1894 888 affectibus,vel

242 908 400 980 quod
437 907 497 962 in
530 924 770 963 summa
800 906 1001 963 vivunt
1021 908 1455 978 c0ncordia,vel
1487 910 1642 981 quod
1668 909 1897 983 angelo-

239 1012 373 1051 rum
406 994 524 1051 ritu
557 997 711 1052 inter
732 996 1005 1053 homines
1028 1015 1094 1053 ac
1124 998 1308 1053 Deum
1333 997 1491 1054 velut
1520 998 1892 1065 internuntii,

239 1087 296 1139 et
319 1083 673 1156 populorum
695 1084 928 1140 votailli
951 1086 1448 1151 commendant,et
1470 1086 1723 1158 plurima
1742 1086 1897 1142 bona

239 1172 311 1229 ab
334 1173 436 1229 illo
450 1173 723 1246 precibus
745 1174 1002 1231 assiduis
1022 1175 1481 1248 impetrant,non
1505 1175 1616 1231 sibi
1640 1179 1891 1243 tantum,

239 1262 337 1318 sed
366 1261 427 1316 in
463 1278 797 1318 commune.
823 1263 972 1328 Quid
1003 1281 1174 1335 porro
1205 1263 1254 1320 si
1287 1265 1358 1319 ad
1391 1264 1498 1320 has
1534 1264 1780 1320 virtutes
1810 1280 1899 1319 ac-

239 1351 408 1406 cedat
439 1350 664 1406 donum
694 1351 1049 1423 prophetiae?
1079 1356 1144 1407 ut
1174 1352 1377 1425 gratis,
1411 1357 1476 1407 ut
1496 1369 1659 1425 pure,
1694 1356 1759 1408 ut
1804 1353 1895 1407 in-

238 1440 519 1511 corrupte
550 1440 799 1495 doceant
827 1440 1134 1513 populum,
1169 1442 1289 1497 sive
1312 1458 1470 1510 voce,
1491 1442 1609 1498 sive
1658 1442 1894 1514 scriptis

236 1526 425 1595 libris,
446 1527 574 1583 sive
592 1530 881 1600 utroque?
911 1529 1055 1595 Quid
1090 1530 1531 1602 quodjejuniis,
1555 1530 1790 1602 vigiliis,
1817 1530 1893 1585 la-

236 1616 485 1672 boribus
517 1617 928 1690 cruciﬁgentes
958 1635 1191 1674 carnem
1225 1636 1394 1674 suam
1428 1624 1713 1691 quantum
1740 1619 1891 1686 licet,

237 1704 521 1777 supplent
568 1722 639 1762 ea
687 1723 814 1779 qua:
859 1707 1075 1763 desunt
1123 1708 1499 1780 passionibus
1558 1707 1795 1776 Christi,
1828 1724 1894 1763 ac

239 1794 466 1865 seipsos
500 1794 935 1867 quodammodo
964 1796 1276 1852 immolant
1307 1813 1410 1870 pro
1436 1797 1626 1853 salute
1657 1797 1895 1870 pepuli?

239 1880 305 1937 Et
332 1885 419 1951 tu,
438 1881 795 1956 laice,potes
824 1885 976 1941 male
1004 1885 1148 1941 velle
1182 1885 1318 1953 illis,
1343 1887 1441 1958 qui
1474 1886 1615 1941 dum
1657 1886 1897 1959 crapula

236 1976 515 2043 gravatus
537 1971 723 2028 altum
741 1974 1207 2046 stertis.propter
1228 1979 1284 2030 te
1306 1975 1569 2048 vigilant,
1585 1979 1820 2047 propter
1839 1980 1894 2031 te

231 2062 511 2133 jejunant
526 2078 538 2117 :
556 2062 776 2117 dumtu
799 2063 981 2118 Deum
996 2063 1359 2132 alea,scortis
1389 2063 1636 2137 aliisque
1657 2064 1894 2121 sceleri-

236 2149 343 2205 bus
362 2149 612 2205 adiram
652 2167 948 2222 provocas,
967 2150 1053 2207 illi
1094 2170 1197 2224 pro
1216 2156 1274 2208 te
1304 2153 1725 2226 deprecantur:
1751 2156 1891 2209 dum

238 2241 292 2293 tu
316 2239 480 2310 apud
505 2238 779 2296 homines
802 2240 951 2296 male
964 2241 1165 2297 deillis
1188 2241 1464 2314 loqueris,
1481 2243 1563 2298 illi
1587 2244 1657 2297 de
1676 2248 1730 2299 te
1746 2244 1893 2298 bene

235 2327 571 2400 loquuntur
600 2328 753 2399 apud
786 2329 1010 2386 Deum?
1042 2331 1183 2396 Quis
1214 2331 1360 2387 tales
1388 2332 1563 2399 viros,
1584 2348 1699 2387 non
1723 2337 1785 2386 ut
1808 2349 1893 2386 se.-

233 2417 462 2472 midcos
498 2418 789 2489 quosdam
822 2423 1147 2487 veneretur,
1182 2437 1296 2475 non
1330 2423 1504 2489 amet,
1520 2425 1797 2493 tanquam
1819 2422 1891 2476 ad

232 2505 539 2578 publicam
577 2506 893 2562 utilitatem
927 2509 1096 2580 quasi
1129 2509 1412 2565 divinitus
1441 2510 1629 2578 datos,
1659 2510 1888 2566 etiamsi

232 2594 353 2667 ipse
386 2594 469 2650 sit
498 2594 590 2650 vir
609 2595 913 2667 improbus
929 2597 957 2652 ?
987 2598 1133 2652 Nam
1157 2598 1370 2654 eximia
1387 2597 1572 2655 virtus
1594 2599 1769 2654 etiam
1788 2600 1894 2653 ini-

230 2684 415 2739 micos
448 2699 595 2739 suos
626 2684 781 2756 rapit
810 2684 868 2739 in
919 2686 1368 2742 admirationem
1415 2687 1528 2742 sui.
1572 2688 1641 2742 Et
1688 2688 1787 2759 qui
1819 2688 1889 2743 de

229 2771 389 2828 nullo
420 2772 579 2828 bene
609 2778 929 2842 merentur,
953 2780 1148 2831 tamen
1178 2776 1463 2832 instinctu
1495 2780 1716 2831 natura:
1740 2795 1893 2833 reve-

228 2864 434 2916 rentur
460 2877 591 2929 eos,
618 2860 720 2934 qui
750 2862 1124 2919 benefaciunt
1152 2863 1325 2920 malis
1350 2865 1572 2936 pariter
1600 2882 1666 2920 ac
1696 2865 1886 2920 bonis.

224 2950 510 3015 Quaenam
536 2949 720 3023 igitur
748 2953 838 3006 est
868 2952 1261 3023 quorumdam
1282 2951 1759 3025 perversitas,qui
1780 2953 1889 3007 hoc

224 3037 348 3110 ipso
380 3042 788 3095 contemnunt
816 3039 1071 3112 aliquem
1104 3041 1258 3113 quod
1278 3040 1604 3096 monachus
1624 3040 1751 3097 est?
1782 3041 1887 3106 Qui

222 3128 1041 3197 monachumﬂicitpmnium
1060 3129 1424 3185 heroicarum
1437 3129 1721 3185 virtutum
1735 3147 1892 3186 sum-

2004 570 2133 610 esse
2161 555 2538 611 monachum.
2562 558 2837 623 Qumnam
2868 559 3047 631 igitur
3065 566 3155 617 est
3174 562 3354 618 animi
3379 566 3656 636 perversi-

2004 644 2315 709 tas,odisse
2339 645 2794 713 monachum,ob
2818 646 2926 702 hoc
2948 648 3142 720 ipsum
3162 652 3315 722 quod
3331 654 3656 711 monachus

2004 731 2129 786 est?
2157 732 2448 787 Proﬁteris
2482 739 2538 788 te
2586 734 3081 805 Christianum,et
3110 740 3395 797 aversaris
3424 758 3522 797 eos
3554 743 3653 815 qui

2003 820 2233 875 Christo
2260 821 2547 876 simillimi
2581 824 2762 879 sunt?
2792 824 2895 880 llic
2917 828 3183 897 protinus
3204 829 3490 898 occinent,
3510 832 3651 900 scio,

2004 907 2313 982 plerosque
2337 911 2656 982 plurimum
2683 913 2885 968 abesse
2908 914 2981 969 ab
3002 915 3112 971 hac
3129 916 3651 991 imagine.Nullum

1954 992 1958 996 ’
2004 994 2184 1068 igitur
2203 998 2331 1053 vitze
2355 1015 2541 1071 genus
2564 1001 2963 1072 probabimus,
2979 1002 3025 1057 si
3050 1010 3284 1076 prepter
3303 1006 3489 1063 malos
3515 1010 3651 1064 ode.

2003 1085 2190 1141 rimus
2212 1091 2269 1142 et
2297 1087 2500 1143 bonos.
2535 1089 2681 1154 Quid
2716 1090 2896 1162 igitur
2919 1094 3222 1163 superest?
3253 1096 3422 1165 Quid,
3443 1098 3554 1152 nisi
3588 1101 3654 1153 ut

2005 1192 2272 1231 amemus
2303 1176 2592 1244 homines,
2628 1177 2848 1232 incerta
2874 1179 2934 1233 in
2981 1179 3279 1237 meliorem
3310 1182 3650 1256 interpretes

2004 1281 2138 1319 mur
2168 1270 2415 1337 partem,
2435 1266 2506 1321 ad
2537 1265 2677 1321 vitia
2718 1266 2928 1323 leviora
2956 1269 3390 1340 conniveamus,
3423 1275 3652 1345 gravio-

2003 1353 2167 1407 ribus
2198 1354 2417 1408 mederi
2448 1355 2791 1411 studeamus
2836 1357 3033 1428 potius
3082 1375 3258 1431 quam
3292 1376 3652 1436 exasperare,

2003 1442 2266 1498 ordinem
2317 1442 2513 1514 ipsum
2573 1447 2631 1499 et
2680 1444 3018 1501 institutum
3065 1464 3411 1505 veneremur
3448 1451 3646 1508 etiam.

2003 1530 2165 1595 Quod
2197 1531 2244 1585 si
2278 1531 2351 1585 ad
2375 1530 2679 1585 hominum
2703 1532 3030 1606 vulgarium
3055 1535 3390 1593 civilitatem
3420 1541 3657 1597 acccdat

2004 1619 2450 1685 monachorum,
2478 1637 2604 1675 sese
2635 1621 2705 1674 ad
2731 1637 2798 1675 ea
2829 1637 2955 1692 qua;
2986 1639 3131 1677 verm
3159 1629 3301 1680 sunt
3333 1626 3652 1701 religionis,

2004 1710 2127 1761 toto
2177 1712 2409 1780 pectore
2460 1708 2861 1777 referentium,
2910 1709 3248 1768 industria:
3282 1714 3449 1770 facile
3510 1716 3656 1772 revié

2003 1800 2199 1868 gescet
2231 1796 2514 1869 pristinus
2546 1797 2705 1852 orbis
2738 1798 2916 1866 favor,
2935 1800 3101 1855 facile
3123 1801 3530 1860 obmutescent
3553 1820 3657 1861 ora

2004 1884 2663 1957 maledicorum.ltaque
2696 1886 2808 1954 (iet,
2826 1891 2891 1942 ut
2922 1904 3035 1943 non
3060 1888 3251 1944 solum
3272 1891 3469 1946 vivant
3502 1894 3651 1965 grati

2004 1972 2138 2042 Deo,
2171 1973 2410 2045 gratiosi
2445 1975 2598 2045 apud
2625 1974 2913 2042 homines,
2946 1993 3147 2031 verum
3180 1977 3357 2034 etiam
3411 1979 3656 2037 feliciter

2003 2061 2097 2117 hic
2127 2061 2322 2116 vivant
2353 2065 2410 2116 et
2439 2062 2724 2117 hilariter.
2759 2062 2914 2142 Nulli
2960 2065 3115 2120 enim
3163 2066 3368 2122 vivunt
3397 2069 3655 2139 quietius

2003 2155 2104 2205 aut
2134 2150 2372 2206 suavius
2402 2151 2474 2205 iis
2507 2151 2606 2223 qui
2637 2167 2769 2207 vere
2800 2153 3068 2207 monachi
3094 2158 3269 2209 sunt:
3295 2155 3441 2212 nulli
3472 2159 3654 2215 mise-

2001 2239 2146 2306 rius,
2180 2256 2357 2311 quam
2390 2240 2487 2311 qui
2519 2257 2632 2295 non
2678 2257 2745 2296 ex
2795 2241 2992 2296 animo
3040 2243 3306 2299 monachi
3350 2250 3506 2301 sunt.
3532 2246 3654 2303 Illis

2003 2329 2424 2383 monasterium
2456 2331 2764 2401 paradisus
2794 2335 2900 2396 est,
2919 2331 3011 2386 his
3052 2332 3391 2403 pistrinum.
3413 2335 3523 2390 Sed
3557 2337 3651 2392 cui

2000 2435 2112 2490 que
2147 2435 2362 2491 magna
2391 2436 2458 2474 ex
2491 2423 2652 2487 parte
2682 2420 2740 2473 in
2765 2437 2945 2475 manu
2978 2424 3168 2487 est,ut
3198 2422 3307 2478 sibi
3338 2424 3652 2496 pristinum

1999 2513 2185 2562 vertat
2208 2508 2263 2561 in
2292 2508 2748 2579 paradisum.Ad
2771 2510 3107 2582 Haymonen
3130 2513 3321 2580 redeo,
3346 2514 3446 2584 qui
3485 2514 3652 2570 Davi-

1999 2596 2190 2651 dicam
2222 2596 2503 2651 citharam
2538 2597 3136 2671 pulsans,angelieum
3161 2605 3375 2655 emtum
3394 2607 3651 2659 vestrum

2000 2685 2069 2739 ad
2103 2685 2439 2756 spirituales
2485 2686 2761 2740 excitabit
2799 2686 3062 2753 choreas,
3098 2692 3164 2742 ut
3211 2688 3270 2744 in
3321 2688 3557 2761 hymnis
3596 2695 3654 2748 et

1999 2773 2243 2827 canticis
2270 2774 2519 2828 Domino
2550 2773 2815 2844 psallatis
2847 2773 2907 2828 in
2930 2775 3207 2831 cordibus
3228 2778 3653 2835 vestris.Ncmo

2000 2862 2265 2917 fastidiat
2311 2860 2584 2916 dictionis
2615 2860 3076 2932 simplicitatem,
3108 2864 3212 2919 sed
3263 2865 3654 2937 amplectatur

1998 2950 2423 3006 sententiarum
2450 2950 2744 3021 pietatem.
2772 2949 2889 3005 Hoc
2919 2967 2985 3005 eo
3017 2952 3497 3025 admoneo,quod
3527 2972 3653 3012 ευθ-

1998 3038 2157 3111 picer
2204 3038 2422 3093 multos
2469 3055 2597 3094 esse
2640 3036 2806 3107 tales,
2841 3038 3033 3111 qualis
3081 3056 3188 3113 ego
3227 3040 3308 3096 fui
3352 3041 3515 3112 olim,
3549 3045 3649 3117 qui

1998 3130 2287 3185 nauseant
2318 3127 2391 3181 ad
2426 3125 2644 3194 omnia,
2680 3143 2807 3198 quas
2850 3131 3052 3183 carent
3099 3128 3400 3185 rethorum
3448 3131 3651 3189 condi-

224 3230 381 3272 mam
414 3216 589 3285 dicit,
606 3234 733 3290 quae
765 3217 1227 3274 benevolentiam
1258 3235 1324 3273 ac
1356 3219 1609 3274 favorem
1642 3236 1677 3274 a
1719 3218 1889 3275 bonis
1920 3208 1961 3273 C
2001 3215 2218 3269 mentis
2262 3219 2319 3270 et
2340 3216 2722 3270 ornamentis.
2749 3216 2859 3270 Sed
2892 3232 3027 3271 cum
3058 3234 3247 3273 essem
3281 3219 3559 3291 parvulus
3589 3221 3650 3278 in

223 3308 669 3379 promerentur,
700 3323 735 3361 a
783 3306 954 3362 malis
1008 3310 1374 3378 extorquent.
1425 3308 1588 3372 Quod
1646 3308 1695 3362 si
1743 3306 1889 3362 nihil

224 3394 381 3451 aliud
416 3394 702 3468 displicet
735 3412 913 3467 quam
934 3395 1614 3467 vocabulum,appellent
1639 3413 1742 3468 pro
1774 3412 1892 3451 mo-

222 3483 437 3552 nacho,
470 3484 524 3540 si
552 3483 804 3551 videtur,
819 3483 1144 3557 simplicem
1169 3499 1235 3539 ac
1266 3483 1889 3540 solitarium.Solitudo

222 3575 421 3628 autem
453 3589 529 3628 ea
562 3588 679 3627 non
702 3572 1029 3627 aestimatur
1058 3589 1303 3629 numero
1334 3572 1752 3640 convictorum,
1786 3573 1888 3628 sed

218 3659 602 3733 separatione
621 3656 911 3715 malorum
927 3660 1238 3717 affectuum
1256 3679 1269 3716 :
1285 3660 1503 3732 alioqui
1522 3677 1626 3715 nec
1636 3660 1887 3715 Carthu—

219 3750 366 3806 siani
400 3750 519 3807 soli
547 3754 713 3806 sunt.
744 3749 1090 3822 Ubicunque
1121 3752 1287 3806 adest
1324 3750 1445 3805 hzec
1498 3749 1770 3818 solitudo,
1807 3750 1885 3803 ibi

216 3838 382 3894 adest
414 3838 909 3911 frequentissima
945 3838 1245 3894 sodalitas.
1282 3840 1384 3894 llle
1436 3839 1678 3894 feliciter
1725 3838 1885 3894 solus

214 3931 319 3994 est,
341 3928 451 4001 qui
482 3924 714 3983 nullius
746 3926 995 3998 improbi
1029 3927 1295 3983 convictu
1334 3927 1750 3998 corrumpitur,
1785 3927 1884 3998 qui

213 4014 408 4073 nullos
438 4016 630 4072 habet
662 4016 721 4071 in
753 4016 951 4071 animo
975 4015 1268 4072 tumultus
1299 4017 1615 4071 affectuum
1643 4016 1795 4070 inter
1822 4031 1886 4070 se

212 4106 643 4177 pugnantium,
678 4120 785 4160 nec
815 4109 1012 4161 tamen
1046 4122 1180 4161 cum
1214 4105 1331 4160 Deo
1362 4103 1882 4161 consentientium.

211 4191 329 4249 Hoc
347 4199 530 4268 pacto
552 4192 697 4250 licet
723 4198 784 4251 et
813 4195 873 4249 in
904 4195 1238 4267 principum
1271 4194 1507 4265 aulis,et
1534 4194 1595 4249 in
1630 4191 1883 4267 publicis

1999 3303 2250 3371 Christo,
2274 3304 2575 3375 sapiebam
2607 3309 2673 3359 ut
2703 3304 2981 3376 parvulus
3006 3321 3018 3358 :
3044 3309 3221 3378 atque
3243 3307 3468 3364 utinam
3491 3324 3650 3367 nunc

2001 3409 2242 3464 prorsus
2253 3409 2629 3448 evacuassem
2647 3409 2714 3448 ea
2725 3398 3007 3474 quaesunt
3029 3395 3255 3466 parvuli
3273 3396 3286 3452 l
3316 3400 3434 3453 Hoc
3450 3415 3651 3455 meum

1999 3480 2258 3536 ofﬁcium
2282 3482 2330 3536 si
2359 3497 2533 3553 quam
2560 3481 2712 3552 apud
2738 3486 2794 3536 te
2814 3482 3065 3554 gratiam
3104 3489 3492 3554 promeretur,
3525 3502 3646 3557 oro,

1997 3574 2063 3625 ut
2098 3570 2253 3625 bunc
2289 3569 2585 3634 ἁμαρτωλὸν
2614 3569 2932 3641 aliquando
2954 3571 3227 3643 precibus
3254 3572 3376 3630 tuis
3414 3574 3647 3634 Christo

1996 3675 2122 3713 com
2133 3659 2389 3714 mandes.
2405 3657 2711 3731 Exemplar
2729 3658 2992 3713 exhibuit
3011 3661 3340 3717 venerabile
3361 3668 3647 3721 monaste-

1995 3748 2146 3803 rium
2180 3747 2595 3802 canonicorum
2629 3747 3009 3818 regularium,
3039 3748 3214 3819 vulgo
3249 3750 3466 3807 dictum
3498 3752 3647 3809 Har-

1988 3837 2149 3908 pach,
2167 3837 2224 3890 in
2258 3835 2491 3900 Elsatia,
2509 3835 2787 3906 reliquias
2807 3834 3329 3906 inauspicatlssimi
3352 3840 3645 3896 tumultus

1994 3924 2405 3996 agricolarum.
2423 3924 2706 3979 Dominus
2737 3922 2855 3978 illis
2886 3940 2988 3994 pro
3010 3924 3184 3980 malis
3208 3930 3447 3996 reponat
3467 3928 3639 3985 bona.

1994 4013 2261 4084 Friburgi
2296 4012 2588 4084 Brisgoiaz,
2625 4029 2777 4067 anno
2808 4030 2842 4066 a
2871 4011 3102 4069 Christo
3148 4017 3286 4070 nato
3327 4014 3641 4075 millesimo

1993 4101 2466 4174 quingentesimo
2515 4099 2817 4173 trigesimo
2871 4101 3063 4171 tertio,
3111 4102 3300 4174 pridie
3358 4104 3647 4164 Kalendas

1993 4190 2253 4246 Martias.

1793 4453 2087 4521 INCIPIT

786 4624 1997 4784 COMMENTARIUS
2079 4629 2246 4779 IN
2340 4621 3072 4780 PSALMOS.

628 4995 702 5052 IN
742 4997 1030 5055 PRIMUM
1072 4997 1443 5056 PSALMUM.

266 5083 812 5157 HymniVocantur
835 5086 1052 5159 singuli
1070 5086 1279 5159 psalmi
1301 5104 1313 5141 :
1334 5087 1590 5160 hymnus
1614 5087 1770 5141 enim
1795 5093 1883 5142 est

194 5168 325 5229 laus
346 5174 459 5231 Dei
485 5188 630 5230 cum
655 5176 904 5232 cantico.
920 5176 983 5232 In
1006 5176 1254 5248 singulis
1268 5174 1513 5248 psalmis
1532 5176 1629 5231 Dei
1660 5177 1881 5232 inveni-

190 5266 289 5317 tur
318 5263 468 5319 laus
509 5280 526 5317 :
561 5264 685 5320 sive
715 5258 883 5321 enim
905 5258 1214 5340 agaturdc
1246 5265 1502 5338 potentia
1535 5265 1876 5332 divinitatis,

188 5349 311 5409 sive
361 5352 448 5408 de
512 5353 874 5425 perfectione
922 5355 1312 5411 humanitatis
1360 5353 1594 5418 Christi,
1629 5354 1749 5409 sive
1807 5355 1879 5409 de

186 5444 534 5499 sanctitate
566 5445 991 5515 membrorum,
1026 5446 1145 5501 sive
1174 5444 1244 5499 de
1285 5443 1658 5499 conversione
1690 5443 1878 5515 pumi-

184 5532 490 5604 tentium,
526 5532 845 5591 laudabilis
892 5535 1047 5591 Deus
1088 5534 1437 5591 ostenditur.
1467 5533 1613 5588 Cum
1648 5534 1874 5591 cantico

183 5620 343 5693 ideo,
368 5622 540 5697 quia
556 5627 617 5678 et
634 5638 774 5680 cum
797 5624 1185 5682 exsultatione
1205 5627 1344 5680 sunt
1360 5623 1497 5680 facti
1518 5640 1552 5680 a
1566 5623 1868 5699 propheta,

1912 5006 1960 5068 D
1992 5002 2048 5055 ct
2078 4998 2135 5052 in
2171 4997 2437 5068 animum
2468 4999 2620 5053 recte
2642 4996 3093 5070 intelligentium
3116 4995 3530 5051 exultationem
3550 5008 3645 5066 ge-

1994 5091 2215 5142 nerant.
2245 5086 2489 5158 Cognito
2520 5103 2772 5158 namque
2802 5086 3039 5141 interitu
3062 5084 3239 5139 totius
3268 5080 3509 5136 humani
3542 5097 3640 5153 ge-

1993 5176 2148 5231 neris
2172 5180 2411 5248 propter
2429 5175 2885 5230 inobedientiam
2910 5172 3083 5245 primi
3121 5169 3398 5236 hominis,
3415 5170 3642 5241 prospi-

1990 5265 2267 5338 ciensque
2290 5283 2391 5337 per
2411 5264 2694 5337 Spiritum
2729 5268 3000 5319 sanctum
3029 5258 3454 5331 reparationem
3481 5260 3641 5313 futu-

1987 5373 2113 5412 ram
2127 5354 2629 5428 perobedientiam
2645 5351 3046 5416 secundi,cum
3063 5347 3643 5421 magnaexultatione

1986 5463 2116 5501 cum
2146 5445 2429 5517 prepheta
2460 5440 2790 5498 annuntiat.
2811 5438 3199 5510 Soliloquium
3231 5437 3642 5511 unusquisque

1984 5534 2251 5609 psalmus
2264 5529 2783 5601 dicitur,quoniam
2806 5528 2867 5582 in
2889 5528 3036 5600 ipsis
3056 5526 3219 5584 solus
3235 5527 3491 5600 Spiritus
3511 5545 3643 5584 sano

1986 5629 2116 5681 ctus
2147 5622 2274 5681 sine
2305 5619 2465 5677 omni
2488 5615 2704 5674 auxilio
2733 5616 2978 5675 humani
2996 5616 3216 5691 ingenii
3241 5617 3522 5693 loquitur.
3534 5612 3640 5673 Vel
