4092 6178
190 374 333 463 eo;

220 595 553 668 operatione
585 611 871 650 manuum
893 594 1068 649 motis
1098 594 1427 662 chordis,in
1454 592 1727 665 psalterio
1748 593 1867 648 red-

219 686 378 740 ditur
407 682 598 739 dulcis
629 682 900 751 melodia,
930 700 1058 755 qua:
1088 686 1329 737 vocatur
1358 682 1642 754 psalmus,
1660 682 1867 736 itaiste

219 776 503 828 tractatus
533 775 724 829 movet
755 789 863 828 nos
895 772 967 827 ad
999 769 1463 843 Operationes,in
1504 770 1718 841 quibus
1750 771 1865 825 Deo

220 862 282 917 ﬁt
310 860 504 917 dulcis
536 860 808 916 melodia.
834 882 862 910 κ
889 861 1246 915 Attribuitur
1274 860 1518 927 David,»
1547 859 1601 914 id
1626 859 1869 931 cst,agit

219 952 286 1007 de
312 950 566 1017 Christo,
583 950 682 1021 qui
705 948 974 1004 Christus
995 948 1363 1021 signiﬁcatur
1382 966 1485 1020 per
1504 942 1712 1017 David,
1731 948 1869 1020 quia

220 1040 395 1101 David
431 1038 848 1111 interpretatur
870 1038 999 1093 visu
1030 1037 1456 1108 desiderabilis,
1490 1039 1610 1093 sive
1658 1055 1866 1091 manu-

219 1127 560 1193 fortis.Quis
584 1126 741 1182 enim
776 1127 979 1193 fortior
1007 1131 1095 1182 est
1126 1126 1376 1193 Christo,
1407 1127 1507 1199 qui
1541 1128 1729 1183 aerias
1765 1146 1865 1200 po-

220 1222 459 1281 testates
478 1216 737 1271 devicit?
759 1217 960 1288 Ipsum
989 1216 1164 1271 etiam
1198 1217 1391 1271 videre
1424 1234 1626 1271 omnes
1643 1216 1866 1289 priores

219 1311 412 1378 patres
442 1305 1020 1374 desideraverunt,ut
1050 1305 1324 1361 Simeon:
1365 1306 1595 1361 dicebat
1616 1305 1772 1360 enim
1804 1304 1865 1361 in

219 1395 583 1459 orationibus
614 1394 762 1449 suis.
796 1395 1036 1461 Quando
1066 1394 1306 1449 veniet?
1338 1395 1571 1466 quando
1611 1393 1865 1450 videbo?

218 1483 397 1557 Cujus
427 1483 620 1539 visum
652 1482 1192 1539 desiderantadhuc
1212 1483 1391 1538 etiam
1425 1500 1628 1538 omnes
1651 1482 1861 1539 sancti.

218 1573 273 1628 In
306 1572 420 1629 hoc
454 1572 681 1646 psalmo
711 1571 981 1628 Christus
1032 1591 1148 1642 rex,
1185 1577 1273 1628 est
1327 1572 1591 1637 materia,
1628 1572 1697 1626 de
1748 1589 1864 1644 quo

219 1665 428 1725 tractat
458 1661 570 1717 hoc
600 1662 775 1717 modo
810 1662 1106 1718 :ostendit
1136 1678 1342 1717 omnes
1371 1662 1470 1733 qui
1503 1664 1707 1716 contra
1737 1678 1863 1733 reg-

218 1768 355 1815 num
387 1751 582 1824 ipsius
615 1749 838 1823 aliquid
868 1750 1188 1807 machinati
1220 1755 1360 1807 sunt
1390 1750 1537 1805 nihil
1563 1751 1860 1822 proﬁcere,

217 1840 311 1919 sed
342 1838 545 1913 potius
581 1839 695 1896 sibi
727 1839 871 1911 ipsis
902 1857 1126 1896 nocere.
1162 1839 1380 1895 Deinde
1420 1840 1676 1895 ostendit
1728 1856 1863 1895 eum
1893 1873 1942 1941 B

216 1933 511 2001 petentem
559 1946 755 2003 regem
802 1930 1140 1986 Judaeorum
1192 1935 1249 1985 et
1296 1930 1583 2002 gentium.
1619 1928 1864 1985 Intentio

216 2036 340 2076 vero
370 2022 484 2087 est,
516 2019 854 2085 admonere,
888 2024 952 2074 ut
983 2019 1213 2075 Christo
1244 2019 1365 2093 regi
1405 2036 1539 2074 cum
1569 2018 1777 2073 timore
1809 2022 1868 2074 et

216 2112 463 2164 tremore
497 2108 845 2164 serviamus.
878 2109 1011 2174 Quae
1043 2112 1206 2164 notat
1236 2108 1295 2163 in
1336 2108 1451 2163 ﬁne
1496 2106 1733 2179 psalmi,
1765 2106 1865 2162 ubi

215 2197 351 2253 dicit
387 2216 401 2252 :
438 2197 663 2253 Servite
694 2196 941 2252 Domino
968 2196 1028 2251 in
1058 2196 1286 2252 timore.

280 2306 307 2339 α
339 2288 536 2353 Quare
568 2286 937 2342 fremuerunt
964 2290 1190 2358 gentes.
1223 2307 1252 2337 »
1279 2287 1484 2341 Petrus
1526 2286 1775 2358 loquens
1807 2285 1868 2340 in

212 2375 455 2432 Actibus
482 2373 1079 2447 apostolorum,hunc
1105 2374 1403 2447 psalmum
1434 2374 1577 2430 dicit
1607 2374 1867 2447 primum

209 2482 356 2521 esse.
388 2464 663 2533 Domine,
696 2480 862 2537 reges
896 2465 1230 2537 congregati
1264 2470 1404 2521 sunt
1438 2469 1641 2519 contra
1680 2464 1867 2519 ﬁlium

209 2559 398 2622 tuum,
412 2553 767 2609 sicutDavid
787 2552 928 2609 dicit
943 2553 1002 2608 in
1022 2553 1199 2625 priori
1214 2553 1463 2626 psalmo.
1483 2554 1562 2609 De
1586 2552 1700 2608 illis
1718 2553 1869 2608 inci-

206 2644 290 2714 pit
309 2643 413 2716 qui
426 2646 641 2697 contra
651 2641 949 2699 Christum
964 2642 1277 2697 machinati
1294 2647 1453 2697 sunt.
1472 2642 1571 2697 Hic
1584 2643 1870 2698 Dominus

210 2731 674 2807 interrogatione
696 2730 975 2803 loquitur,
993 2748 1109 2786 non
1130 2735 1371 2803 propter
1400 2731 1869 2803 inquisitionem,

210 2823 306 2893 sed
338 2824 589 2895 propter
619 2821 1116 2894 redargutionem,
1151 2820 1354 2876 dicens
1386 2838 1399 2876 :
1436 2823 1644 2888 Quare,
1670 2820 1726 2875 id
1760 2824 1871 2888 est,

209 2928 325 2983 qua
355 2927 547 2967 causa
578 2910 947 2966 fremuerunt
974 2909 1220 2983 gentes?
1246 2910 1351 2965 Per
1380 2910 1745 2965 fremuerunt
1776 2925 1871 2964 no-

210 3005 292 3054 tat
314 3016 418 3055 eos
449 2997 734 3055 bestiales
764 3015 912 3069 esse,
946 2999 1084 3070 quia
1114 2999 1359 3054 fremere
1399 2998 1718 3055 bestiarum
1763 2999 1869 3052 est.

210 3087 511 3143 Fremitus
545 3086 679 3155 fuit,
710 3088 811 3143 ubi
854 3088 1076 3144 dictum
1109 3092 1200 3143 est
1233 3105 1245 3143 :
1281 3087 1462 3156 Tolle,
1492 3087 1650 3155 tolle,
1684 3086 1872 3142 cruci-

210 3176 318 3250 ﬁge
349 3194 518 3233 eum.
565 3177 675 3232 Per
721 3180 946 3249 gentes,
979 3177 1195 3233 milites
1248 3178 1544 3233 Romanos
1577 3175 1869 3247 intelligit,

1400 370 1900 437 EXI‘LANATIO
1944 370 2023 429 IN
2067 371 2445 434 PSALMOS.

220 511 324 575 est,
345 509 635 563 tractatus
665 505 776 561 iste
798 503 1149 577 quivocatur
1174 482 1461 576 psalmus,
1479 504 1617 576 quia
1637 504 1867 559 sicutex
1894 503 1950 580 Α

3505 381 3623 440 202

2053 525 2081 554 ‹‹
2112 506 2217 570 Qui
2249 506 2478 565 habitet
2508 507 2568 562 in
2600 507 2778 564 caelis.
2814 532 2840 559 »
2876 508 3376 579 Confremueront,
3421 511 3623 569 astite-

1977 597 2130 659 runt,
2170 596 2269 649 sed
2304 593 2398 649 ille
2429 595 2530 667 qui
2576 596 2804 653 habitat
2834 599 2892 654 in
2942 598 3124 667 cmlis,
3172 599 3415 668 scilicet,
3447 599 3536 655 vel
3565 600 3628 657 in

1976 682 2135 738 coelis
2165 684 2563 753 materialiter,
2594 686 2681 742 vel
2730 688 2789 743 in
2840 689 3080 756 sanctis,
3113 688 3173 744 in
3224 690 3441 761 quibus
3493 689 3623 746 ideo

1976 771 2131 827 Deus
2164 771 2428 829 habitare
2454 774 2686 842 dicitur,
2723 776 2861 849 quia
2888 777 3109 833 nullam
3144 778 3203 833 in
3235 779 3318 833 eis
3344 778 3517 835 habet
3542 778 3628 835 0f-

1978 860 2299 915 fensionem
2336 884 2362 910 «
2395 863 2661 919 irridebit
2691 883 2810 935 eos,
2844 888 2871 916 »
2906 867 2964 921 id
2996 873 3104 936 est,
3124 868 3392 926 irrisione
3414 868 3624 941 dignos

1978 950 2183 1004 reddet
2212 967 2329 1018 eos,
2357 951 2494 1022 quia
2514 954 2881 1024 apparebunt
2912 962 3116 1011 contra
3147 974 3393 1029 regnum
3414 956 3514 1012 Dei
3546 956 3631 1012 ni-

1977 1037 2055 1092 hil
2083 1043 2347 1109 potentes
2368 1042 2579 1096 facere.
2611 1064 2636 1095 ‹‹
2652 1045 2721 1097 Et
2744 1044 3029 1098 Dominus
3050 1046 3438 1102 subsannabit
3457 1064 3615 1114 eos,»

1978 1127 2035 1180 id
2067 1131 2176 1196 est,
2209 1128 2636 1200 ignominiosos
2687 1132 2887 1187 reddet
2920 1148 2933 1185 :
2986 1134 3140 1188 unde
3169 1133 3346 1189 etiam
3396 1135 3456 1189 in
3490 1135 3622 1190 uui-

1974 1233 2139 1277 verso
2170 1218 2307 1272 orbe
2338 1217 2509 1274 hodle
2541 1220 2854 1291 opp’robrio
2894 1224 3059 1276 sunt.
3086 1222 3282 1277 Sanna
3312 1227 3402 1278 est
3432 1224 3621 1278 irrisio

1976 1306 2129 1360 facta
2159 1323 2263 1377 per
2285 1324 2515 1363 nasum.

2050 1416 2073 1443 α
2109 1395 2292 1449 Tunc.
2327 1418 2354 1446 ››
2390 1396 2520 1451 Haec
2550 1396 2741 1453 irrislo
2772 1402 2831 1453 et
2861 1398 3243 1454 subsannatio
3271 1398 3384 1455 fuit
3412 1399 3474 1455 in
3512 1400 3622 1456 hoc

1975 1482 2184 1538 smculo
2218 1501 2232 1538 :
2268 1485 2364 1540 sed
2404 1489 2560 1553 tunc,
2594 1486 2651 1541 id
2685 1491 2792 1554 est,
2826 1492 3123 1558 praeterea,
3155 1487 3244 1543 vel
3274 1487 3335 1543 in
3366 1487 3483 1559 alia
3505 1489 3624 1545 vita

1977 1595 2004 1619 ‹‹
2038 1571 2308 1643 loquetur
2345 1598 2365 1621 υ
2402 1574 2487 1630 vel
2517 1593 2620 1646 per
2649 1593 2845 1632 vocem
2879 1577 3156 1645 ministri,
3203 1578 3293 1633 vel
3330 1595 3443 1649 per
3488 1594 3621 1649 pro-

1974 1660 2184 1731 priam,
2221 1680 2333 1717 non
2352 1662 2677 1734 placabilis,
2695 1666 2795 1721 sed
2814 1689 2842 1717 «
2876 1665 2937 1720 in
2968 1666 3054 1721 ira
3077 1689 3097 1713 υ
3119 1683 3234 1721 non
3253 1667 3408 1737 quod
3426 1666 3485 1721 in
3503 1667 3620 1722 Deo

1973 1749 2061 1804 ira
2083 1749 2169 1805 vel
2189 1752 2435 1807 mutatio
2457 1752 2656 1824 aliqua
2694 1753 2882 1825 possit
2897 1755 3154 1823 esse,sed
3178 1772 3212 1810 a
3232 1754 3621 1811 similitudine

1974 1837 2223 1910 alicujus
2253 1840 2383 1895 irati
2416 1842 2515 1912 qui
2548 1859 2779 1914 pmnam
2831 1843 3005 1899 infert
3050 1843 3160 1899 hoc
3210 1844 3444 1899 dicitur.
3497 1844 3623 1901 Erit

1975 1928 2131 1983 enim
2158 1929 2276 1984 haec
2292 1948 2397 1991 vox
2420 1932 2477 1986 in
2489 1931 2712 2001 judicio
2734 1949 2747 1986 :
2768 1955 2787 1982 α
2816 1933 3107 1989 Discedite
3124 1950 3159 1989 a
3177 1948 3289 2000 me,
3305 1933 3621 1999 maledicti,

1978 2018 2035 2072 in
2088 2018 2280 2090 ignem
2331 2024 2613 2075 aeternum
2663 2020 2845 2092 (Ma-th.
2902 2024 3053 2091 xxv),
3086 2043 3114 2072 »
3164 2020 3287 2090 Vel,
3349 2021 3401 2077 si
3448 2021 3625 2077 etiam

1976 2106 2141 2163 nulla
2169 2125 2278 2163 vox
2306 2114 2462 2165 esset
2492 2109 2549 2163 in
2573 2110 2820 2181 judicio,
2855 2115 3052 2166 tamen
3084 2111 3213 2184 ipsa
3236 2111 3317 2167 rei
3340 2110 3630 2167 evidentia

1978 2197 2147 2268 quasi
2182 2198 2367 2252 iratus
2393 2198 2677 2256 Dominus
2698 2199 2856 2271 loqui
2879 2200 3126 2255 videtur.
3151 2200 3257 2256 Per
3280 2199 3428 2255 iram
3447 2199 3633 2254 vindi-

1977 2291 2131 2341 ctam
2165 2287 2377 2359 accipit
2409 2305 2422 2342 :
2458 2289 2560 2343 sed
2590 2289 2729 2360 quia
2758 2306 2862 2360 per
2890 2289 3037 2345 iram
3061 2289 3250 2345 brevis
3271 2288 3633 2345 vindictain-

1976 2374 2280 2447 telligitur,
2314 2375 2513 2431 subdit
2548 2394 2561 2443 ;
2596 2398 2625 2426 «
2655 2377 2725 2431 Et
2773 2376 3150 2432 conturbabit
3197 2392 3296 2432 eos
3342 2376 3403 2431 in
3436 2376 3631 2432 furore

1984 2488 2004 2512 «
2041 2481 2169 2531 suo,
2205 2486 2232 2514 ››
2266 2464 2324 2518 id
2357 2469 2465 2532 est,
2509 2465 2788 2520 continua
2816 2464 3096 2521 vindicta.

2051 2554 2342 2609 Hactenus
2373 2553 2627 2609 ostendit
2673 2570 2771 2610 eos
2819 2555 3152 2611 inefﬁcaces
3182 2558 3239 2611 et
3277 2554 3629 2628 ignominio-

1981 2660 2097 2710 sos,
2124 2643 2220 2714 qni
2248 2646 2448 2697 contra
2478 2660 2722 2714 regnum
2755 2642 2969 2699 Christi
3001 2643 3431 2711 laboraverunt,
3456 2645 3631 2699 modo

1980 2749 2111 2786 vero
2144 2731 2402 2786 ostendit
2447 2748 2581 2786 eum
2631 2735 2930 2803 potentem
2961 2748 3158 2804 regem
3185 2732 3526 2787 Judaaorum
3575 2736 3633 2788 et

1982 2820 2273 2887 Gentium,
2306 2824 2365 2875 et
2385 2819 2645 2891 loquitur
2674 2820 2732 2874 in
2755 2837 2863 2876 sua
2892 2820 3126 2891 propria
3144 2836 3395 2891 persona
3416 2818 3632 2874 sic:illi

1982 2907 2428 2974 conturbantur,
2464 2929 2491 2957 ‹‹
2509 2924 2612 2979 ego
2636 2911 2832 2963 autem
2850 2907 3208 2963 constitutus
3231 2924 3365 2963 sum
3382 2923 3501 2976 rex,
3517 2927 3544 2960 υ
3570 2907 3632 2963 id

1983 3001 2090 3064 est,
2123 2996 2195 3050 ab
2217 3013 2283 3051 eo
2306 2995 2420 3051 Deo
2442 2995 2688 3051 ﬁrmiter
2707 2995 3022 3052 stabilitus.
3048 2996 3266 3069 Regem
3285 2999 3453 3052 vocat
3472 3012 3633 3064 eum,

1984 3085 2124 3157 quia
2158 3086 2409 3158 perfecte
2441 3084 2591 3157 regit
2619 3101 2758 3141 suos
2789 3101 2968 3158 super
2996 3085 3157 3142 Sion.
3191 3085 3330 3141 Sion
3356 3084 3636 3157 interpre-

1982 3178 2141 3229 tatur
2171 3172 2514 3246 speculatio,
2549 3190 2650 3246 per
2680 3190 2857 3246 quam
2890 3173 3162 3230 universa
3181 3172 3424 3230 ecclesia
3443 3176 3638 3245 potest

206 3242 307 3339 qui
338 3265 475 3321 ideo
510 3242 1056 3339 gentesvdicuntur,
1090 3267 1230 3339 quia
1277 3266 1432 3322 sicut
1478 3270 1619 3322 sunt
1665 3264 1869 3338 geniti,
1901 3242 1947 3315 Ω
1986 3263 2190 3335 accipi,
2225 3263 2362 3335 quia
2384 3280 2615 3335 semper
2634 3263 2801 3318 estin
2824 3261 3223 3335 speculatione
3242 3261 3371 3318 vita:
3396 3266 3634 3331 eterna,

207 3352 286 3412 ita
315 3359 661 3423 remanent,
694 3354 935 3421 scilicet,
955 3355 1081 3411 sine
1110 3355 1256 3429 lege,
1280 3360 1337 3412 et
1366 3356 1492 3411 sine
1523 3356 1682 3411 omni
1714 3371 1878 3410 cons-

208 3444 492 3519 titutione
516 3444 790 3516 justitizs,
827 3466 854 3494 ‹‹
888 3449 945 3500 et
976 3444 1196 3517 populi,
1233 3466 1261 3495 »
1296 3444 1519 3501 scilicet
1548 3444 1874 3515 Judaei,qui

202 3532 333 3589 ideo
365 3537 663 3590 vocantur
691 3532 913 3606 populi,
947 3534 1085 3605 quia
1117 3537 1256 3589 sunt
1286 3533 1620 3607 congregati
1654 3533 1876 3604 adjure

202 3621 529 3678 vivendum
562 3638 669 3693 per
697 3622 906 3694 legem.
945 3643 971 3674 α
1002 3621 1264 3678 Meditati
1293 3627 1433 3678 sunt
1462 3621 1678 3689 inania,
1714 3644 1742 3672 »
1771 3620 1879 3677 sci-

200 3708 359 3783 licet,
396 3710 709 3766 Christum
740 3727 857 3766 non
887 3728 1015 3768 esse
1048 3712 1344 3780 Messiam,
1367 3711 1454 3767 vel
1486 3728 1548 3767 se
1579 3728 1713 3767 cum
1746 3710 1878 3765 reti-

203 3815 339 3856 nere
374 3816 559 3855 uosse
592 3799 655 3853 in
688 3798 975 3871 sepulcro.

273 3909 302 3941 ι
332 3888 684 3945 Astiterunt
713 3905 898 3962 reges.
935 3913 958 3941 ι
991 3890 1117 3945 Non
1148 3893 1382 3946 tantum
1425 3889 1689 3946 meditati
1740 3887 1879 3947 sunt

199 3978 407 4051 populi
441 3982 657 4035 contra
685 3978 1142 4047 Dominum,sed
1176 3984 1233 4035 et
1259 3996 1426 4052 reges
1457 3980 1792 4049 astiterunt,
1818 3980 1876 4036 id

196 4073 309 4135 est,
344 4066 898 4135 contraChristum,
921 4072 1225 4138 steterunt,
1253 4069 1310 4124 id
1342 4073 1451 4137 est,
1483 4086 1880 4140 perseverave-

196 4161 343 4210 runt
374 4156 538 4212 male
572 4158 870 4228 Operando
894 4162 1095 4215 contra
1125 4175 1281 4214 eum.
1318 4158 1503 4231 Reges
1522 4158 1881 4231 accipit,pri-

194 4262 368 4312 mum
388 4246 716 4314 Herodem,
741 4248 841 4319 qui
861 4265 1072 4320 pueros
1099 4248 1416 4313 occidendo
1433 4248 1731 4305 Christum
1758 4267 1882 4322 per-

194 4337 608 4407 sequebatur;
643 4339 701 4392 et
731 4337 1057 4392 secundum
1082 4338 1366 4394 Herodem
1389 4343 1658 4409 nepotem
1681 4338 1877 4410 primi,

193 4426 375 4496 cujus
411 4442 675 4481 assensu
703 4424 991 4481 Dominus
1021 4425 1250 4483 occisus
1274 4431 1384 4483 est.
1422 4451 1442 4476 ι
1472 4428 1656 4499 Reges
1687 4449 1714 4479 ››
1750 4428 1880 4484 dico

198 4533 228 4563 ι
256 4518 466 4580 terrae,
500 4533 529 4565 ιι
572 4514 633 4568 id
666 4517 758 4569 est
785 4514 1021 4570 terreni.
1061 4536 1082 4565 ι
1117 4515 1186 4569 Et
1215 4516 1530 4588 principes,
1552 4539 1579 4566 »
1604 4516 1662 4571 id
1690 4521 1779 4572 est
1799 4517 1883 4571 Pi-

1986 3357 2041 3408 et
2071 3351 2452 3424 providentia,
2486 3352 2860 3424 praecavendo
2893 3352 2964 3408 ab
2986 3352 3278 3409 hostibus.
3304 3352 3416 3408 Sed
3438 3354 3637 3409 tamen

1985 3442 2078 3498 hic
2110 3459 2212 3513 per
2242 3440 2401 3509 Sion,
2433 3440 2739 3497 ecclesiam
2769 3444 3002 3505 tantum
3053 3443 3389 3497 Judzeorum
3417 3441 3638 3514 accipi-

1987 3548 2119 3587 mus
2153 3548 2165 3586 :
2202 3531 2341 3602 quia
2370 3531 2508 3586 Sion
2549 3535 2725 3602 caput
2745 3535 2869 3586 erat
2890 3531 3051 3603 regni
3074 3532 3432 3600 Judzeorum,
3458 3545 3637 3603 quam

1986 3617 2291 3675 ecclesiam
2317 3622 2555 3691 propter
2583 3617 2965 3674 stabilitatem
2996 3623 3053 3674 et
3080 3619 3366 3676 virtutum
3380 3619 3636 3675 eminen-

1986 3708 2128 3764 tiam
2162 3712 2423 3763 montem
2457 3712 2727 3763 sanctum
2777 3707 3052 3779 appellat.
3087 3729 3115 3759 ‹‹
3144 3708 3306 3779 Ejus,
3346 3730 3368 3757 υ
3413 3707 3637 3764 scilicet

1984 3797 2109 3853 Dei.
2147 3818 2175 3848 «
2207 3795 2534 3852 Prmdicans
2567 3817 2589 3845 »
2628 3796 2686 3850 in
2712 3795 2813 3851 illa
2843 3794 3088 3851 ecclesia
3122 3815 3149 3849 «ι
3178 3799 3556 3868 praceptum,
3574 3795 3636 3851 id

1985 3892 2075 3943 est
2102 3886 2288 3960 legem
2318 3887 2466 3958 ejus.

2058 3977 2127 4031 Et
2154 3993 2269 4030 non
2319 3979 2551 4030 tantum
2602 3973 2912 4029 constituit
2941 3990 3035 4030 me
3082 3989 3276 4046 regem
3326 3987 3503 4045 super
3530 3971 3636 4028 Ju-

1986 4067 2162 4133 daeos,
2215 4065 2317 4121 sed
2367 4068 2424 4120 et
2471 4081 2648 4135 super
2693 4067 2941 4137 gentes:
2999 4064 3153 4135 quod
3206 4061 3495 4118 habemus
3535 4061 3639 4117 ubi

1988 4154 2129 4211 dicit
2161 4172 2174 4209 :
2202 4178 2221 4204 α
2248 4155 2397 4211 dabo
2416 4154 2519 4210 tibi
2541 4157 2744 4226 gentes
2767 4170 2782 4221 ;
2803 4174 2831 4204 »
2853 4157 2910 4209 et
2930 4154 3001 4208 ad
3016 4153 3126 4209 hoc
3147 4152 3641 4219 conﬁrmandum,

1989 4243 2292 4317 praemittit
2321 4243 2729 4299 auctoritatem
2759 4242 2945 4313 ipsius
2970 4240 3200 4297 Domini
3223 4240 3642 4313 promittentis,

1992 4351 2128 4390 cum
2163 4332 2307 4389 dicit
2342 4350 2355 4388 :
2387 4356 2407 4383 α
2438 4332 2725 4388 Dominus
2747 4331 2902 4387 Deus
2926 4331 3092 4386 dixit.
3116 4354 3135 4381 η
3159 4331 3320 4396 Quod
3344 4330 3535 4386 dicere
3552 4347 3647 4403 ap-

1996 4427 2163 4495 paret
2193 4424 2253 4478 in
2287 4424 2415 4495 ipsa
2444 4422 2525 4477 rei
2543 4420 2886 4493 expletione,
2911 4442 2938 4471 ‹‹
2955 4420 3027 4475 ad
3045 4436 3178 4475 me»
3201 4418 3506 4491 prmmissa
3519 4436 3648 4490 pro-

1997 4513 2237 4569 batione
2271 4512 2456 4585 regni,
2509 4528 2577 4566 ex
2625 4509 2972 4566 auctoritate
3008 4507 3196 4581 ipsius
3226 4505 3644 4579 promittentis,

191 4600 380 4671 latus,
418 4606 637 4659 Annas
665 4606 726 4658 et
756 4602 1027 4674 Caiphae,
1074 4607 1132 4659 et
1161 4604 1261 4660 alii
1291 4605 1583 4676 principes
1609 4622 1885 4662 convene-
1910 4617 1960 4683 D
1996 4602 2258 4660 ostendit
2289 4617 2548 4668 causam,
2583 4616 2762 4671 quare
2790 4599 2944 4654 Deus
2993 4598 3043 4652 ei
3075 4600 3278 4670 gentes
3307 4595 3643 4669 subjiceret,

188 4697 333 4755 runt
371 4693 443 4747 in
481 4708 698 4759 unum,
733 4695 790 4748 et
819 4692 868 4747 si
903 4708 1018 4749 non
1051 4709 1279 4762 omnes,
1316 4699 1512 4749 tamen
1543 4712 1749 4751 omnes
1776 4712 1882 4751 νο·
1996 4692 2240 4763 scilicet,
2265 4690 2404 4763 quia
2430 4689 2589 4745 ﬁlius
2621 4690 2750 4761 ejus
2779 4691 2886 4742 est.
2920 4688 2991 4742 Et
3020 4686 3129 4742 hoc
3159 4686 3302 4742 dicit
3334 4702 3347 4741 :
3405 4706 3433 4739 α
3464 4685 3646 4742 Filius

186 4778 463 4849 luntate,
505 4802 536 4831 α
569 4781 853 4838 adversus
899 4782 1218 4838 Dominum
1250 4803 1276 4835 ι)
1332 4783 1585 4851 Patrem,
1615 4784 1756 4855 quia
1784 4786 1887 4840 ad-
1997 4798 2165 4837 meus
2197 4798 2258 4837 es
2290 4786 2372 4845 tu,
2407 4796 2510 4850 ego
2540 4778 2733 4846 hodie,
2764 4797 2790 4829 π
2829 4777 2887 4832 id
2912 4780 3002 4832 est
3025 4775 3392 4845 mternaliter,
3421 4774 3647 4849 «genui

184 4887 407 4927 versus
453 4869 767 4929 Christum
799 4872 949 4942 ejus.
1003 4872 1393 4944 Quincunque
1440 4873 1595 4928 enim
1636 4873 1889 4930 missum

186 4960 620 5032 persequitur,
663 4964 724 5014 et
771 4960 1127 5017 mittentem.
1172 4961 1275 5016 Hic
1320 4978 1452 5016 vero
1503 4962 1772 5018 Christus
1818 4964 1890 5017 de

185 5049 397 5120 seipso
437 5048 622 5120 quasi
656 5048 730 5103 de
761 5049 933 5105 tertia
963 5049 1242 5122 loquitur.

258 5162 287 5187 ε(
324 5140 846 5210 Disrumpamus.
880 5160 909 5189 »
943 5139 1349 5196 Convenerunt
1379 5140 1528 5208 dico,
1578 5141 1841 5197 dicentes
1875 5159 1888 5198 :

183 5252 210 5274 σε
242 5230 743 5298 disrumpamus
771 5226 1007 5284 vincula
1037 5245 1260 5297 eorum,
1293 5250 1325 5280 ι
1356 5228 1415 5284 id
1445 5234 1552 5297 est,
1578 5231 1677 5286 Dei
1703 5231 1891 5286 Patris

178 5322 241 5373 et
273 5316 559 5384 Christi,
581 5317 677 5373 vel
697 5316 909 5373 Christi
930 5321 981 5373 et
1006 5318 1453 5391 discipulorum.
1468 5320 1736 5387 Vincula,
1754 5337 1893 5391 prae-

174 5408 584 5465 dicationem
620 5405 843 5462 Christi
873 5406 1159 5476 nominat,
1184 5412 1241 5463 et
1260 5407 1545 5464 miracula
1565 5414 1621 5465 et
1650 5410 1896 5480 promis-
2002 5407 2437 5481 generationem
2472 5409 2528 5459 et
2558 5421 2707 5471 esse,
2737 5408 2793 5456 et
2824 5400 3023 5457 fuisse.
3048 5400 3210 5456 Unde
3232 5400 3471 5456 dicitur:
3502 5423 3530 5451 (ι
3550 5400 3653 5457 Ge-

176 5497 428 5563 siones,
476 5495 706 5568 quibus
730 5496 801 5550 ad
837 5496 1013 5551 ﬁdem
1044 5496 1438 5553 Christianam
1471 5497 1738 5554 homines
1766 5499 1890 5554 vin-
2006 5495 2366 5552 nerationem
2402 5496 2529 5565 ejus
2563 5493 2696 5563 quis
2724 5490 3069 5546 enarrabit?
3099 5513 3127 5543 »
3159 5491 3264 5564 (Isa
3294 5490 3435 5564 LIII).

170 5588 481 5665 eluatur,
519 5588 579 5640 et
608 5584 697 5640 sic
726 5583 944 5656 spretis
972 5585 1227 5642 vinculis
1255 5585 1373 5653 illis
1399 5610 1426 5638 «
1458 5588 1840 5660 projiciamus
1861 5608 1894 5647 a
2004 5591 2073 5647 Et
2104 5587 2243 5659 quia
2273 5585 2429 5640 ﬁlius
2461 5598 2627 5637 meus
2653 5596 2714 5635 es
2747 5585 2834 5651 tu,
2867 5579 2995 5638 ideo
3021 5604 3049 5634 «
3070 5579 3305 5654 postula
3333 5597 3367 5637 a
3396 5598 3557 5652 me,»
3591 5580 3650 5635 id

168 5676 363 5736 nobis
386 5672 643 5751 juhum
672 5673 963 5746 ipsorum,
987 5695 1016 5725 »
1040 5674 1099 5731 id
1130 5679 1239 5747 est,
1263 5676 1579 5735 Dominum
1600 5677 1890 5755 ipsorum.
2004 5684 2093 5739 est
2119 5694 2353 5747 assume
2382 5671 2829 5746 humanitatem,
2876 5673 2937 5731 in
2982 5690 3101 5751 qua
3128 5671 3320 5739 valeas
3352 5669 3647 5748 postulem

550 5799 823 5868 Persen.
868 5801 1070 5868 CXVI.
3286 5803 3326 5885 ’ζ

2000 4877 2076 4939 te,
2102 4893 2129 4923 ››
2157 4870 2289 4926 Ideo
2316 4868 2600 4941 perhodie
2618 4867 2998 4924 aeternitatem
3020 4864 3268 4938 intelligi
3289 4865 3490 4933 voluit,
3509 4863 3648 4935 quia

2000 4959 2227 5016 nullam
2250 4975 2447 5015 vocem
2473 4958 2912 5013 convenientem
2934 4955 3160 5023 habuit,
3182 4971 3286 5027 per
3304 4970 3480 5026 quam
3500 4968 3646 5023 prae-

2007 5051 2259 5106 sentiam
2297 5048 2650 5120 designaret,
2703 5064 2831 5119 quae
2879 5062 3183 5117 nunquam
3231 5045 3302 5100 ab
3333 5041 3652 5099 aeternitate

2002 5139 2268 5195 discedit.
2304 5137 2511 5193 Melius
2542 5137 2715 5210 genui
2740 5137 2881 5191 dicit
2901 5153 3079 5207 quam
3093 5128 3650 5207 gigno,neillainef-

2003 5227 2197 5284 fabilis
2219 5227 2517 5300 generatio
2535 5225 2753 5281 noviier
2769 5225 2998 5296 incepta
3016 5224 3327 5279 videretur.
3369 5220 3500 5276 Ideo
3521 5235 3653 5275 con-

1994 5318 2195 5391 jungit
2221 5316 2601 5389 praeteritum,
2634 5319 2699 5369 ut
2729 5331 2832 5385 per
2860 5313 2968 5368 hoc
3016 5313 3226 5369 innuat
3269 5310 3439 5366 nobis
3488 5308 3649 5365 illam
