4070 6180
469 351 588 414 203

473 485 812 544 Secundum
825 483 1188 540 divinitatem
1206 499 1322 537 non
1335 482 1562 554 poterat
1578 477 1894 551 postulare,
1915 493 2116 533 secun-
2141 475 2201 544 Α

474 575 617 630 dum
649 591 826 646 quam
857 571 1098 645 aequalis
1129 571 1282 626 Patri
1303 573 1444 625 erat.
1474 591 1500 620 «
1523 567 1758 624 Postula
1779 590 1806 618 »
1828 566 1976 635 dico,
2013 588 2040 617 ‹‹
2064 572 2122 622 et

473 663 626 719 dabo
657 662 763 718 tibi
793 665 995 734 gentes
1025 659 1422 714 hazreditatem
1443 663 1630 725 tuam,
1653 677 1678 708 11
1705 656 1883 723 idest,
1905 656 2120 728 quibus

474 750 814 821 domineris,
832 755 1049 821 etquas
1065 747 1312 806 excolas.
1335 747 1458 802 Illle
1472 747 1626 803 enim
1646 746 1744 818 qui
1769 745 2020 816 alicujus
2037 743 2119 800 rei

473 840 657 896 haeres
685 842 792 904 est,
826 838 876 893 ei
910 838 1098 910 magis
1132 853 1311 908 quam
1344 835 1441 892 alii
1481 836 1836 902 dominatur,
1887 838 1943 888 et
1990 849 2119 888 eam

474 927 702 984 excolit.
724 929 794 984 Et
810 944 926 982 non
950 926 1238 998 quaslibet
1260 929 1462 997 gentes
1481 925 1632 979 dabo
1655 924 1780 991 tibi,
1809 927 1870 977 ut
1893 923 2122 978 Grmcos

472 1017 563 1074 vel
595 1017 762 1086 alios,
786 1018 888 1072 ssd
903 1016 1079 1072 etiam
1112 1015 1439 1070 «terminos
1461 1018 1646 1079 terrm,
1677 1034 1702 1065 α
1721 1013 1778 1068 id
1797 1016 1902 1074 cst,
1919 1015 2121 1082 gentes

477 1125 604 1180 quae
633 1106 696 1161 in
717 1105 992 1162 extremis
1015 1104 1219 1159 mundi
1245 1103 1508 1175 partibus
1529 1103 1817 1169 habitant,
1842 1101 1991 1175 dabo
2017 1098 2123 1154 tibi

481 1217 510 1246 ‹‹
523 1194 974 1268 possessionem,
995 1215 1023 1242 »
1038 1191 1094 1247 id
1109 1196 1216 1260 est,
1241 1192 1322 1247 ita
1337 1195 1402 1246 ut
1423 1191 1481 1246 in
1501 1195 1777 1246 teternum
1798 1189 2117 1261 possideas.

548 1285 716 1340 Juste
739 1283 920 1338 debeo
945 1281 1046 1337 tibi
1070 1284 1273 1353 gentes
1303 1280 1610 1352 subjicere,
1635 1279 1775 1350 quia
1797 1282 1878 1344 tu,
1908 1299 1936 1328 «
1959 1293 2124 1350 reges

481 1389 580 1430 eos
609 1372 669 1427 in
697 1370 862 1444 virga
889 1371 1093 1440 ferrea,
1133 1392 1154 1418 ι»
1189 1368 1246 1423 id
1273 1372 1382 1436 est,
1405 1366 1768 1423 inflexibibili
1792 1365 2122 1437 disciplina,

480 1465 538 1519 et
553 1477 653 1518 eos
669 1459 770 1532 qui
787 1477 902 1516 non
920 1459 1200 1531 recipient
1216 1457 1611 1529 disciplinam,
1631 1478 1657 1506 «
1671 1454 2002 1528 oonfringes
2022 1473 2048 1506 11
2066 1453 2125 1508 id

480 1555 571 1607 est
597 1549 826 1623 punice,
859 1548 1146 1620 quosdam
1176 1548 1247 1602 ad
1279 1545 1714 1611 correctionem,
1735 1544 2021 1617 quosdam
2053 1542 2124 1597 ad

399 1693 408 1702 ,
481 1638 940 1696 damnationem.
978 1658 1005 1686 «
1037 1638 1342 1707 Tanquam
1373 1651 1474 1690 vas
1505 1633 1664 1705 ﬁguli
1700 1658 1722 1680 ››
1753 1632 1956 1688 leviter
1985 1649 2128 1688 con-

482 1728 821 1801 fringuntur
851 1743 864 1781 :
917 1743 1020 1798 per
1065 1725 1175 1780 hoc
1221 1723 1412 1781 simile
1442 1728 1608 1779 notat
1649 1740 1748 1779 eos
1778 1740 1906 1779 esse
1937 1723 2128 1781 luteos

483 1834 632 1889 quos
661 1816 992 1888 confringet
1020 1813 1327 1871 Dominus.

550 1906 741 1962 Verba
753 1903 937 1977 patris
962 1903 1172 1958 adhuc.
1196 1902 1386 1958 Etiam
1407 1901 1581 1958 talem
1605 1919 1800 1975 regem
1823 1901 2124 1958 constitui.

481 2019 506 2044 «ι
537 1996 609 2050 Et
635 2010 814 2062 nunc,
848 2012 872 2037 »
895 1993 1068 2057 idest,
1103 1995 1338 2046 ostenso
1369 2007 1435 2045 eo
1466 1990 1588 2045 tali.
1625 2010 1648 2034 «
1675 1993 1745 2046 Et
1765 2008 1866 2046 vos
1889 2007 2074 2063 reges,
2099 2020 2124 2045 υ

477 2081 538 2138 id
567 2085 678 2147 est,
703 2080 1105 2136 terrenitatem
1138 2083 1391 2134 vestram
1415 2079 1563 2133 bene
1587 2082 1853 2150 regentes
1877 2108 1900 2132 ‹‹
1920 2079 2128 2134 intelli-

477 2169 597 2242 gite
627 2186 652 2211 »
685 2172 944 2241 quantus
974 2167 1051 2223 sit
1081 2193 1105 2216 «
1137 2171 1195 2222 et
1218 2184 1320 2222 vos
1351 2167 1452 2238 qui
1494 2166 1776 2236 judicatis
1827 2172 2064 2236 terram,
2099 2187 2123 2213 »

476 2257 536 2314 id
568 2261 676 2326 est,
707 2255 928 2329 praelati
959 2254 1228 2310 Ecclesia:
1261 2255 1360 2326 qui
1375 2254 1667 2326 judicium
1699 2255 1928 2312 habetis
1951 2273 2128 2328 super

475 2345 622 2402 alios
654 2366 678 2392 α
711 2343 1048 2411 erudimini,
1083 2365 1106 2388 ››
1138 2341 1196 2398 id
1229 2347 1319 2398 est
1343 2347 1503 2398 extra
1523 2345 1698 2400 rudes
1729 2343 1879 2414 sitis,
1902 2349 1967 2400 ut
1993 2362 2127 2418 pru-

473 2435 682 2490 denter
713 2432 916 2489 sciatis
946 2431 1016 2486 de
1047 2430 1324 2487 subditis.
1509 2427 1512 2430 ’

548 2549 573 2575 ‹‹
604 2523 674 2578 Et
703 2521 912 2578 servite
943 2521 1190 2576 Domino
1220 2520 1280 2576 in
1312 2521 1546 2586 timore,
1579 2546 1602 2569 »
1633 2525 1690 2576 et
1733 2538 1804 2576 ne
1834 2521 2126 2578 videretur

475 2614 778 2668 austerum
810 2627 1056 2684 regnum
1089 2610 1238 2680 ejus,
1272 2609 1342 2664 de
1372 2627 1487 2681 quo
1534 2610 1749 2682 legitur
1781 2628 1793 2665 :
1829 2628 1856 2659 α
1903 2611 2124 2683 Jugum

475 2701 634 2757 enim
665 2716 863 2755 meum
897 2716 1070 2755 suave
1099 2703 1208 2767 cst,
1264 2703 1321 2754 et
1353 2715 1502 2755 onus
1535 2716 1733 2755 meum
1772 2699 1894 2755 leve
1939 2699 2121 2772 (Math.

478 2791 591 2863 11,)
624 2811 648 2837 »
681 2789 812 2845 ideo
844 2787 1044 2844 subdit
1071 2805 1083 2844 :
1119 2809 1141 2834 «
1171 2791 1229 2843 et
1249 2787 1534 2844 exsultate
1563 2788 1634 2844 ci.
1658 2790 1851 2845 nEtne
1877 2789 2126 2845 exsulta-

476 2880 556 2936 tio
587 2883 645 2936 et
671 2878 930 2934 suavitas
977 2877 1106 2947 ejus
1156 2875 1317 2949 regni
1345 2876 1758 2949 negligentiam
1797 2882 2120 2951 generaret,

477 2969 640 3026 addit
671 2992 694 3016 «
727 2983 862 3024 cum
893 2971 1144 3020 tremore
1175 2987 1198 3012 »
1232 2964 1419 3020 subde
1467 2967 1746 3038 corporis.
1793 2969 1862 3022 Et
1909 2968 1968 3022 in
2013 2967 2124 3023 hoc

475 3074 648 3114 versu
677 3055 740 3112 in
771 3071 887 3128 quo
919 3054 1310 3109 admonemur
1353 3055 1424 3110 de
1469 3055 1700 3111 servitio
1749 3057 1876 3124 Dei,
1926 3061 2123 3128 aperte

476 3149 714 3202 notatur
741 3141 984 3200 intentio
1015 3141 1247 3214 psalmi.
1279 3143 1350 3198 Et
1379 3147 1441 3198 ut
1473 3143 1708 3216 possitis
1729 3146 1940 3201 servire
1973 3170 1994 3192 α
2029 3163 2126 3218 ap-

475 3232 840 3308 prehendite,
873 3254 898 3280 »
931 3231 989 3286 id
1018 3213 1108 3286 est
1137 3231 1314 3286 etiam
1343 3231 1392 3286 si
1442 3213 1727 3288 Dominus
1775 3251 1888 3289 non
1937 3213 2120 3302 daret,
2152 3213 2196 3281 α

475 3322 730 3396 appetita
761 3340 786 3364 ι(
801 3318 1193 3392 disciplinam,
1212 3345 1234 3367 »
1253 3318 1311 3374 id
1326 3323 1433 3388 est,
1460 3337 1871 3394 quamcunque
1893 3322 2125 3378 Domini

475 3410 908 3476 correctienem,
941 3407 1080 3480 quia
1107 3408 1420 3479 Apostolus
1448 3409 1588 3464 dicit
1611 3425 1624 3463 :
1660 3433 1683 3457 α
1709 3411 1870 3476 Quod
1896 3410 1945 3467 si
1966 3415 2126 3468 extra

476 3499 853 3572 disciplinam
899 3497 1062 3564 estis,
1115 3512 1252 3569 ergo
1285 3496 1532 3552 adulteri
1579 3501 1636 3553 et
1685 3515 1799 3554 non
1847 3499 1950 3554 ﬁlii
1983 3499 2126 3556 estis

476 3588 660 3659 (Hebr.
684 3587 807 3658 xu).
839 3603 866 3636 n
886 3584 1315 3658 Apprchendite
1337 3586 1466 3642 dico
1490 3605 1515 3631 α
1537 3604 1608 3643 110
1631 3587 1904 3658 quando»
1930 3587 1988 3642 id
2011 3591 2122 3656 est,

478 3676 540 3732 in
571 3677 664 3732 die
686 3674 918 3748 judicii,
950 3673 1086 3730 licet
1114 3675 1286 3730 modo
1317 3679 1518 3746 parcat
1549 3695 1573 3720 α
1605 3676 1892 3731 irascatur
1929 3676 2125 3732 Domi-

479 3784 616 3836 nus,
648 3784 672 3811 »
706 3765 766 3820 id
796 3769 903 3833 est,
937 3764 1206 3820 effectum
1249 3763 1380 3819 irati
1428 3765 1698 3820 ostendat
1739 3765 1798 3819 in
1834 3765 2018 3834 vobis,
2070 3771 2128 3824 et

480 3857 566 3915 sic
599 3878 623 3903 α
673 3853 922 3928 pereatis
971 3853 1177 3909 remoti
1213 3878 1237 3901 «
1287 3853 1358 3908 de
1408 3853 1502 3908 via
1536 3854 1721 3924 justa,
1758 3879 1781 3903 »
1825 3853 1881 3909 id
1915 3859 2022 3925 est,
2057 3855 2130 3912 de

479 3944 756 4018 operibus
776 3943 1096 4014 justorum.

553 4058 578 4084 (ι
603 4031 1032 4105 Apprehendite
1063 4052 1085 4076 »
1107 4030 1254 4099 dico,
1290 4050 1314 4074 «ι
1333 4033 1689 4104 nepereatis,
1724 4057 1748 4081 »
1779 4037 1836 4090 et
1863 4034 2039 4090 etiam
2061 4041 2128 4091 ut

479 4121 634 4180 beati
665 4120 814 4178 sitis.
834 4119 994 4176 Beati
1011 4119 1170 4175 enim
1189 4135 1394 4175 omnes
1413 4125 1584 4176 erunt
1603 4121 1704 4192 qui
1724 4124 2048 4189 conﬁdunt,
2067 4125 2125 4179 id

477 4216 585 4281 est,
618 4211 720 4284 qui
750 4225 914 4282 spem
943 4209 1398 4279 habentexpura
1414 4209 1840 4264 conscientiain
1855 4228 1939 4267 ea.
1963 4213 2126 4268 Tunc

478 4301 716 4374 quidem
747 4299 901 4355 beati
923 4301 1117 4368 erunt,
1147 4317 1170 4342 «
1194 4313 1330 4351 cum
1351 4296 1497 4362 ira,»
1517 4296 1573 4351 id
1593 4301 1702 4364 est,
1731 4298 2126 4372 vindictaojus

479 4387 856 4456 «exarserit,»
872 4385 1112 4454 scilicet,
1128 4385 1280 4439 sicut
1299 4383 1453 4455 ignis
1475 4385 1723 4440 durante
1745 4387 1990 4442 materia
2009 4405 2124 4444 non

479 4477 696 4546 deﬁcit,
729 4475 813 4532 ita
839 4474 1098 4530 vindicta
1127 4472 1340 4527 Christi
1367 4471 1484 4528 illis
1517 4473 1868 4529 durantibus
1898 4493 2011 4530 non
2034 4476 2127 4532 de-

872 346 1280 412 HAYMONIS
1320 343 1860 409 HALBERSTAT.
1895 337 2137 404 EPISC.
2171 339 2342 404 OPP.
2373 339 2604 403 PARS.
2637 341 2685 403 Ι.
2715 374 2795 386 -
2822 339 3224 406 COMMENT.
3259 343 3444 409 BIBL.
3689 355 3786 415 201
3823 402 3834 414 .

2748 475 2822 530 IN
2861 475 3208 533 PSALMUM
3244 477 3335 534 IIl.

2297 566 2572 621 Trrunus.
2605 565 2888 642 Psalmunt
2915 564 3097 642 Dauid,
3117 581 3238 642 cum
3263 568 3503 639 fugerem
3519 573 3643 642 facie
3659 575 3794 634 Absa-

2869 637 2959 693 lon
2987 637 3098 708 ﬁlii
3124 639 3232 693 sui.

2302 763 2324 788 α
2358 743 2622 812 Domine,
2655 743 2796 816 quid
2827 741 3195 816 multiplicati
3227 748 3378 800 sunt.
3399 771 3422 796 11
3444 748 3799 821 Tangitbisto.

2230 830 2374 886 riam
2407 849 2585 904 quam
2617 833 2797 888 David
2828 833 2900 887 ab
2932 831 3186 888 Absalon
3235 834 3520 891 sustinuit.
3552 837 3803 897 Dubitavit

2229 921 2386 974 enim
2417 921 2667 976 Absalon
2698 925 2862 992 patre
2890 920 3137 990 vivente,
3183 923 3272 977 cui
3320 922 3558 980 ﬁliorum
3601 943 3803 1000 regnum

2229 1009 2399 1064 vellet
2428 1009 2744 1077 dimittere,
2775 1026 3140 1082 regnumque
3186 1011 3296 1066 sibi
3344 1011 3690 1071 immoderate
3720 1035 3804 1074 cu-

2232 1098 2420 1171 piens,
2453 1099 2671 1154 multos
2701 1099 2772 1155 de
2801 1097 3016 1172 populo
3047 1098 3256 1156 callida
3302 1099 3684 1172 pollicitatione
3708 1123 3808 1162 cor-

2233 1189 2392 1260 rupit
2419 1192 2476 1243 et
2502 1187 2743 1242 tandem
2774 1205 2878 1260 per
2907 1189 3346 1260 occupationem
3367 1189 3422 1245 in
3447 1207 3622 1264 regem
3641 1196 3812 1252 consti-

2233 1276 2320 1331 tui
2351 1277 2506 1331 fecit.
2541 1275 2720 1331 David
2750 1293 2882 1332 vero
2905 1277 3096 1333 sciens
3117 1275 3279 1332 illam
3301 1279 3702 1351 eccupationem
3718 1299 3811 1339 non

2233 1382 2362 1422 esse
2393 1366 2604 1421 factam
2636 1382 2740 1436 per
2759 1365 2859 1420 Dei
2879 1365 3322 1433 voluntatem,et
3339 1367 3521 1424 sciens
3539 1367 3638 1425 hoc
3656 1370 3814 1444 flagel-

2233 1455 2356 1510 lum
2389 1472 2423 1510 a
2451 1455 2558 1510 deo
2583 1454 2694 1510 sibi
2718 1455 2922 1510 datum
2945 1471 3048 1526 pro
3071 1459 3304 1526 peccato
3324 1454 3580 1512 adulterii
3601 1462 3652 1513 et
3671 1458 3815 1514 homi-

2235 1542 2502 1615 cidii,pro
2533 1559 2648 1615 quo
2670 1546 2906 1614 peccato
2931 1542 3208 1598 divinitus
3230 1542 3282 1598 ei
3305 1545 3520 1601 dictum
3539 1547 3818 1615 erat;«Non

2236 1631 2465 1688 deﬁciet
2511 1631 2744 1703 gladius
2776 1649 2810 1686 a
2835 1633 3008 1688 domo
3053 1632 3232 1688 David
3272 1633 3348 1703 (II
3372 1634 3491 1706 Reg.
3522 1635 3617 1704 x11)
3647 1652 3658 1690 :
3688 1657 3708 1679 υ
3736 1652 3819 1708 pa-

2237 1722 2448 1776 tienter
2476 1719 2580 1775 filii
2611 1720 3076 1792 persecutionem
3107 1722 3427 1788 sustinens,
3457 1723 3723 1795 nudisque
3747 1740 3823 1795 pe-

2157 1844 2204 1910 B
2237 1811 2412 1866 dibus
2440 1827 2575 1866 cum
2607 1809 2963 1882 quibusdam
2995 1827 3240 1866 suorum
3271 1809 3556 1867 civitatem
3583 1811 3821 1880 deferens,

2236 1899 2340 1954 ﬁlii
2373 1899 2741 1970 prmsentiam
2755 1898 3001 1970 aufugit.
3016 1898 3378 1971 Cumqueilli
3395 1899 3614 1956 abeunti
3627 1900 3826 1972 quidam

2236 1987 2670 2054 maledicerent,
2705 1991 2759 2042 et
2785 1988 2949 2058 jactu
2994 1986 3261 2059 lapidum
3312 1986 3667 2058 insultarent,
3693 1987 3826 2043 illum

2232 2077 2425 2132 virum
2455 2075 2812 2148 sanguinum
2843 2074 3229 2147 appellantes,
3265 2093 3404 2133 suos
3431 2076 3604 2132 vicem
3630 2076 3830 2132 reddere

2235 2183 2351 2221 non
2373 2165 2764 2238 permisit,sed
2782 2165 3070 2237 patienter
3089 2166 3554 2237 persecutionem
3575 2165 3830 2234 sustinuit,

2235 2255 2434 2310 dicens
2459 2271 2472 2308 :
2499 2252 2770 2328 Flagellis
2799 2253 2900 2310 Dei
2934 2271 3050 2309 non
3082 2255 3296 2312 debere
3331 2272 3436 2311 nec
3465 2272 3626 2328 posse
3652 2253 3831 2310 resisti.

2231 2343 2377 2400 Joab
2408 2359 2542 2398 vero
2573 2348 2794 2412 contra,
2827 2343 3169 2416 patientiam
3193 2345 3377 2401 David
3411 2361 3522 2400 non
3552 2344 3832 2411 attendens,

2233 2449 2369 2488 cum
2398 2432 2652 2489 Absalon
2679 2448 2814 2488 cum
2847 2433 3102 2488 exercitu
3141 2438 3606 2507 persequeretur,
3639 2449 3754 2489 eum
3778 2431 3836 2488 ab

2233 2521 2438 2577 arbore
2481 2522 2832 2594 pendentem
2888 2537 2991 2594 per
3045 2521 3318 2594 capillos,
3369 2521 3595 2579 occidit.
3628 2521 3838 2594 Fugiens

2233 2611 2390 2666 enim
2422 2609 2676 2666 Absalon
2711 2627 2888 2683 super
2916 2609 3140 2667 mulam
3171 2611 3456 2669 involutis
3489 2611 3696 2684 capillis
3715 2610 3842 2666 circa

2234 2717 2464 2755 ramum
2499 2699 2798 2768 (intonsus
2831 2698 2987 2755 enim
3019 2703 3164 2768 erat)
3198 2717 3530 2774 suspensus
3568 2696 3842 2772 respondit.

2234 2789 2340 2846 Per
2369 2789 2544 2843 istam
2565 2805 2698 2844 vero
2721 2787 3185 2860 persecutionem
3199 2790 3386 2847 David
3401 2791 3577 2847 istum
3590 2787 3843 2862 psalmum

2233 2877 2658 2949 composuit,in
2681 2893 2796 2949 quo
2819 2875 3041 2948 Spiritu
3065 2882 3276 2935 sancto
3304 2879 3689 2951 imbutus,per
3707 2889 3845 2934 suam

2232 2965 2445 3022 Christi
2480 2965 2821 3038 patientiam
2855 2965 3182 3037 respondit,
3209 2967 3458 3024 Pcenam
3486 2967 3626 3034 luit;
3653 2982 3744 3038 per
3767 2961 3849 3018 ﬁlii

2231 3072 2364 3110 vero
2420 3055 2584 3110 Judas
2634 3053 2960 3127 nequitiam
3018 3055 3524 3126 praemonstravit.
3565 3055 3667 3112 Per
3705 3049 3853 3109 David

2233 3159 2488 3215 namque
2517 3142 2785 3198 Christus
2817 3141 3202 3214 signiﬁcatur,
3233 3161 3387 3201 cum
3420 3145 3478 3201 in
3519 3143 3622 3200 hoc
3666 3139 3852 3215 psalmo

2234 3231 2517 3306 patientia
2559 3233 2999 3286 demonstratur
3031 3248 3043 3287 :
3079 3249 3182 3304 per
3225 3234 3499 3291 Absalon
3543 3250 3669 3290 vero
3707 3230 3857 3288 Judas

2233 3320 2601 3393 intelligitur,
2633 3320 2733 3392 qui
2769 3319 2926 3376 ﬁlius
2956 3321 3194 3394 Christi,
3219 3325 3373 3396 quia
3394 3322 3709 3396 discipulus
3734 3320 3854 3392 ejus,

2233 3412 2467 3468 dicitur.
2497 3407 2754 3465 Absalon
2786 3409 3001 3482 quippe
3034 3427 3146 3484 pax
3184 3412 3385 3483 patris
3432 3412 3858 3486 interpretatur:

2233 3518 2350 3557 non
2381 3499 2519 3571 quia
2547 3515 2682 3554 cum
2714 3501 2878 3570 patre
2907 3515 3111 3570 pacem
3136 3498 3414 3570 haberet,
3452 3501 3552 3557 sed
3592 3499 3720 3573 quia
3745 3511 3855 3552 cum

2233 3607 2298 3646 eo
2330 3604 2532 3662 pacem
2560 3585 2768 3642 habuit
2796 3590 2979 3658 pater.
3013 3587 3107 3644 Sic
3157 3591 3214 3644 et
3265 3590 3464 3647 Judas
3511 3604 3706 3664 pacem
3749 3599 3860 3642 cum

2233 3677 2462 3733 Christo
2495 3692 2609 3730 non
2639 3674 2866 3746 habuit,
2898 3675 3166 3748 quamvis
3202 3676 3490 3736 Christus
3519 3683 3576 3735 et
3605 3693 3729 3734 cum
3755 3689 3862 3730 om-

2235 3767 2410 3822 nibus
2440 3765 2571 3820 aliis
2600 3767 2657 3820 et
2686 3781 2819 3819 cum
2852 3781 2918 3820 eo
2949 3781 3152 3837 pacem
3192 3769 3451 3824 teneret.
3485 3769 3650 3825 Sicut
3696 3768 3864 3822 autem

2233 3853 2487 3910 Absalon
2519 3869 2623 3925 per
2651 3853 2913 3924 seipsum
2945 3869 3278 3926 suspensus
3301 3856 3588 3924 est,itaet
3609 3848 3868 3911 11111118.Ἰῖ-

2234 3943 2395 4000 tulus
2423 3945 2618 3997 autem
2651 3940 2736 3996 sic
2756 3940 3098 4012 exponitur:
3125 3940 3409 4000 Psalmus
3429 3945 3545 4001 iste
3565 3937 3868 4000 attribuitur

2235 4031 2436 4099 David,
2473 4030 2531 4084 id
2563 4029 2930 4098 est.Christo,
2956 4046 3136 4104 agens
3165 4031 3236 4086 de
3265 4035 3537 4105 quodam
3568 4029 3782 4106 negotio
3799 4027 3869 4098 ip-

2236 4119 2596 4187 sius,habito
2629 4135 2765 4173 cum
2798 4118 3023 4190 fugeret
3053 4135 3087 4174 a
3116 4118 3264 4176 facie
3295 4123 3584 4191 Absalon,
3609 4121 3664 4176 id
3688 4122 3786 4184 est,
3811 4113 3868 4170 ab

2237 4209 2496 4266 interiori
2531 4208 2674 4264 facie
2698 4207 2886 4278 Judas,
2920 4224 3036 4263 non
3065 4207 3356 4280 localiter,
3396 4213 3505 4268 sed
3557 4208 3870 4284 cognitione.

2232 4301 2560 4371 Antequam
2591 4296 2748 4352 enim
2770 4295 2801 4352 J
2810 4296 2956 4352 udas
2975 4295 3346 4355 voluntatem
3371 4297 3712 4357 traditionis
3730 4294 3872 4351 hahe-

2235 4392 2344 4456 rct,
2374 4387 2509 4443 licet
2534 4384 2826 4452 simulate,
2861 4385 3108 4442 Domino
3138 4390 3478 4458 quamdam
3511 4384 3875 4446 obedientiam

2233 4476 2562 4543 exhibebat,
2595 4477 2652 4530 et
2701 4473 2881 4529 etiam
2933 4473 3218 4530 miracula
3257 4476 3528 4533 faciebat
3561 4494 3574 4533 :
3609 4475 3707 4532 sed
3738 4472 3876 4544 post-

479 4566 655 4636 ﬁciet,
687 4567 974 4635 quantum
1002 4567 1091 4617 est
1113 4584 1140 4615 α
1167 4561 1226 4616 111
1259 4561 1436 4628 brevi,
1465 4584 1492 4613 ι)
1515 4565 1747 4634 tempus
1768 4564 1925 4618 enim
1955 4565 2126 4622 breve
2156 4581 2204 4646 D
2237 4582 2414 4640 quam
2446 4563 2504 4618 in
2537 4579 2637 4618 cor
2666 4563 2816 4634 ejus,
2851 4565 2915 4617 ut
2946 4562 3262 4618 Dominum
3315 4566 3610 4633 traderet,
3644 4559 3881 4620 diabolus

479 4651 712 4708 estrVel
745 4668 769 4692 ιι
800 4651 860 4704 111
892 4649 1096 4704 brevi»
1123 4649 1401 4720 quoniam
1433 4650 1778 4705 imminente
1807 4653 2124 4725 tejudicio,

483 4739 683 4798 subita
711 4753 882 4810 poena
913 4737 1110 4807 impiis
1141 4737 1410 4792 infertur.
1447 4739 1640 4794 Potest
1669 4739 1846 4796 etiam
1890 4741 1950 4795 in
1992 4759 2129 4800 voce

479 4826 796 4905 prophetiae
843 4823 978 4896 legi,
1025 4829 1082 4879 et
1126 4823 1411 4881 inducens
1455 4828 1752 4884 Christum
1806 4830 1904 4884 ubi
1937 4831 2123 4887 dicit:

482 4921 638 4994 «Ego
664 4920 860 4975 autem
889 4913 1243 4970 constitutus
1256 4931 1463 4974 sum:»
1481 4917 1752 4990 sicjungc
1771 4935 1783 4974 :
1805 4922 2129 4976 «Convene-

480 5014 619 5066 runt
637 5009 917 5066 adversus
947 5001 1246 5058 Christum
1275 5005 1426 5074 ejus,
1461 5024 1482 5047 υ
1537 5006 1620 5061 sic
1671 5007 1996 5063 dicentem:
2036 5009 2123 5064 llli

480 5097 1012 5164 conturbabuntur,
1036 5109 1141 5165 ego
1165 5096 1360 5147 autem
1383 5093 1670 5149 constitus
1691 5112 1821 5149 sum
1849 5118 1871 5141 ››
1893 5102 2001 5151 etc.
2024 5098 2125 5152 Lo-

481 5187 682 5256 quitur
707 5185 882 5242 etiam
916 5181 1202 5256 propheta
1234 5181 1332 5236 ubi
1366 5181 1507 5235 dicit
1540 5199 1552 5235 :
1587 5183 1830 5239 Etnunc
1848 5202 2011 5256 reges
2032 5186 2121 5240 in-

2235 4652 2490 4722 intravit,
2523 4651 2808 4707 Dominus
2838 4650 2910 4706 ab
2959 4651 3088 4722 ejus
3135 4652 3311 4708 corde
3368 4654 3644 4721 recessit,
3675 4670 3709 4708 a
3735 4646 3883 4704 corde

2235 4744 2397 4801 Judrc
2429 4741 2558 4796 dico
2590 4739 2755 4812 prius
2780 4739 2884 4794 ﬁlii
2915 4739 3278 4797 sui.Materia
3308 4743 3665 4800 veroinhoc
3684 4737 3886 4815 psalmo

2235 4837 2324 4888 est
2369 4828 2658 4896 Christus,
2691 4829 2762 4884 de
2808 4844 2924 4900 quo
2973 4827 3095 4900 agit
3142 4827 3252 4884 hoc
3306 4831 3499 4887 modo
3535 4848 3550 4886 :
3587 4825 3793 4900 Tangit
3826 4822 3887 4877 de

2236 4919 2507 4993 passione
2525 4922 2582 4972 et
2601 4916 3021 4989 gloriﬁcatione
3050 4934 3063 4972 :
3091 4920 3150 4972 et
3172 4934 3287 4973 non
3310 4919 3572 4990 exponit
3593 4935 3698 4992 per
3717 4915 3890 4990 partes

2234 5007 2590 5080 passionem,
2623 5005 2778 5060 sicut
2804 5005 2862 5060 in
2896 5004 3253 5076 quibusdam
3279 5005 3429 5063 aliis
3464 5006 3719 5080 psalmis
3747 4999 3888 5059 facit.

2235 5096 2482 5152 Intentio
2506 5111 2639 5150 vero
2661 5099 2768 5162 est,
2784 5111 2890 5150 nos
2914 5093 2986 5150 ad
3009 5093 3358 5166 patientiam
3394 5113 3510 5168 per
3539 5095 3733 5170 ipsius
3752 5085 3896 5148 Chri-

2233 5185 2306 5240 sti
2334 5183 2664 5256 exemplum
2697 5183 2960 5251 invitare,
2987 5186 3052 5237 ut
3081 5199 3198 5238 non
3228 5199 3641 5257 quascunque
3663 5178 3894 5254 injurias

478 5271 740 5344 telligite.
775 5303 797 5325 »
831 5273 900 5329 Et
923 5272 1008 5328 sic
1029 5265 1214 5343 junge
1241 5287 1253 5324 :
1287 5271 1559 5326 Christus
1599 5271 1732 5326 talis
1767 5289 1863 5327 rex
1885 5279 1995 5341 est,
2019 5295 2040 5316 α
2063 5279 2121 5330 et
2229 5275 2580 5331 timeamus:
2612 5273 2766 5328 unde
2796 5276 2855 5326 et
2881 5271 3233 5343 Apostolus:
3263 5300 3287 5323 «
3310 5271 3376 5327 Si
3415 5267 3896 5346 compatimur,et

479 5375 634 5416 nunc
661 5377 762 5418 vos
793 5377 957 5432 reges
987 5359 1316 5432 intelligite.
1354 5391 1376 5414 υ

1102 5557 1472 5572 ν--ῄ-*ρ-

2227 5361 2717 5436 conregnabimus
2753 5361 2926 5433 (Rom.
2948 5362 3094 5430 vni).
3121 5389 3145 5414 ιι
3170 5359 3299 5415 Haec
3349 5359 3624 5417 intentio
3675 5361 3898 5414 notatur

2223 5453 2284 5508 in
2315 5453 2425 5508 hoc
2455 5448 2816 5523 psalmo,ubi
2845 5449 2988 5504 dicit
3012 5465 3026 5506 :
3050 5449 3174 5504 Non
3197 5447 3430 5504 timebo
3453 5448 3655 5504 millia
3686 5440 3898 5521 populi,

2219 5560 2328 5601 vox
2355 5539 2595 5597 Christi.
2627 5539 2699 5594 Et
2727 5537 2932 5611 incipit
2960 5555 2995 5595 a
3024 5539 3326 5612 passione,
3361 5537 3458 5593 sic
3497 5537 3714 5595 dicens
3759 5531 3904 5610 patri

2217 5632 2328 5696 sub
2362 5629 2618 5710 quadam
2657 5627 3064 5694 admiratione.
