  <div class='ocr_page' id='page_1' title='image "/cluster/home/n/w/nwhite01/storage/ocr_20150623/116/hvd.32044054759808/108.png"; bbox 0 0 4070 6180; ppageno 0'>
   <div class='ocr_carea' id='block_1_1' title="bbox 293 406 402 469">
    <p class='ocr_par' dir='ltr' id='par_1_1' title="bbox 293 406 402 469">
     <span class='ocr_line' id='line_1_1' title="bbox 293 406 402 469; baseline -0.009 -1"><span class='ocrx_word' id='word_1_1' title='bbox 293 406 402 469; x_wconf 76' lang='lat'>205</span> 
     </span>
    </p>
   </div>
   <div class='ocr_carea' id='block_1_2' title="bbox 1469 400 2519 469">
    <p class='ocr_par' dir='ltr' id='par_1_2' title="bbox 1469 400 2519 469">
     <span class='ocr_line' id='line_1_2' title="bbox 1469 400 2519 469; baseline 0.005 -5"><span class='ocrx_word' id='word_1_2' title='bbox 1469 400 1972 464; x_wconf 82' lang='lat' dir='ltr'>EXPLANA&#39;I‘IO</span> <span class='ocrx_word' id='word_1_3' title='bbox 2015 402 2096 462; x_wconf 86' lang='grc' dir='ltr'>ΙΝ</span> <span class='ocrx_word' id='word_1_4' title='bbox 2140 406 2519 469; x_wconf 86' lang='lat' dir='ltr'>PSALMOS.</span> 
     </span>
    </p>
   </div>
   <div class='ocr_carea' id='block_1_3' title="bbox 3590 410 3708 471">
    <p class='ocr_par' dir='ltr' id='par_1_3' title="bbox 3590 410 3708 471">
     <span class='ocr_line' id='line_1_3' title="bbox 3590 410 3708 471; baseline 0 0"><span class='ocrx_word' id='word_1_5' title='bbox 3590 410 3708 471; x_wconf 80' lang='lat'>206</span> 
     </span>
    </p>
   </div>
   <div class='ocr_carea' id='block_1_4' title="bbox 361 536 3717 616">
    <p class='ocr_par' dir='ltr' id='par_1_4' title="bbox 361 536 3717 616">
     <span class='ocr_line' id='line_1_4' title="bbox 361 536 3717 616; baseline 0.004 -25"><span class='ocrx_word' id='word_1_6' title='bbox 361 563 388 591; x_wconf 87' lang='grc'>‹‹</span> <span class='ocrx_word' id='word_1_7' title='bbox 406 538 657 595; x_wconf 85' lang='lat' dir='ltr'>Domine</span> <span class='ocrx_word' id='word_1_8' title='bbox 674 536 830 593; x_wconf 86' lang='lat' dir='ltr'>Deus</span> <span class='ocrx_word' id='word_1_9' title='bbox 850 560 877 587; x_wconf 85' lang='lat'>»</span> <span class='ocrx_word' id='word_1_10' title='bbox 894 536 1055 609; x_wconf 91' lang='lat' dir='ltr'>quid,</span> <span class='ocrx_word' id='word_1_11' title='bbox 1076 536 1133 592; x_wconf 91' lang='lat' dir='ltr'>id</span> <span class='ocrx_word' id='word_1_12' title='bbox 1152 542 1262 605; x_wconf 91' lang='lat' dir='ltr'>est,</span> <span class='ocrx_word' id='word_1_13' title='bbox 1283 541 1518 609; x_wconf 80' lang='lat' dir='ltr'>propter</span> <span class='ocrx_word' id='word_1_14' title='bbox 1539 560 1565 587; x_wconf 83' lang='lat'><strong>«</strong></span> <span class='ocrx_word' id='word_1_15' title='bbox 1590 537 1729 608; x_wconf 90' lang='lat' dir='ltr'>quid</span> <span class='ocrx_word' id='word_1_16' title='bbox 1754 536 1949 591; x_wconf 84' lang='lat' dir='ltr'>multi-</span> <span class='ocrx_word' id='word_1_17' title='bbox 1974 536 2032 603; x_wconf 81' lang='grc' dir='ltr'><strong>Α</strong></span> <span class='ocrx_word' id='word_1_18' title='bbox 2062 538 2317 595; x_wconf 83' lang='lat' dir='ltr'>maxima</span> <span class='ocrx_word' id='word_1_19' title='bbox 2346 540 2591 597; x_wconf 86' lang='lat' dir='ltr'>dulcedo</span> <span class='ocrx_word' id='word_1_20' title='bbox 2613 547 2669 597; x_wconf 86' lang='lat' dir='ltr'>et</span> <span class='ocrx_word' id='word_1_21' title='bbox 2692 544 3086 616; x_wconf 81' lang='lat' dir='ltr'>tranquillitas</span> <span class='ocrx_word' id='word_1_22' title='bbox 3110 550 3217 602; x_wconf 89' lang='lat' dir='ltr'>est.</span> <span class='ocrx_word' id='word_1_23' title='bbox 3239 546 3488 603; x_wconf 88' lang='lat' dir='ltr'>Ostensa</span> <span class='ocrx_word' id='word_1_24' title='bbox 3509 564 3717 605; x_wconf 81' lang='lat' dir='ltr'>neces-</span> 
     </span>
    </p>
   </div>
   <div class='ocr_carea' id='block_1_5' title="bbox 289 625 1945 702">
    <p class='ocr_par' dir='ltr' id='par_1_5' title="bbox 289 625 1945 702">
     <span class='ocr_line' id='line_1_5' title="bbox 289 625 1945 702; baseline -0.001 -19"><span class='ocrx_word' id='word_1_25' title='bbox 289 628 480 702; x_wconf 88' lang='lat' dir='ltr'>plicati</span> <span class='ocrx_word' id='word_1_26' title='bbox 513 628 696 683; x_wconf 88' lang='lat' dir='ltr'>eunt?</span> <span class='ocrx_word' id='word_1_27' title='bbox 725 652 746 679; x_wconf 75' lang='grc' dir='ltr'><strong><em>ι</em></strong></span> <span class='ocrx_word' id='word_1_28' title='bbox 778 627 861 682; x_wconf 87' lang='lat' dir='ltr'>ita</span> <span class='ocrx_word' id='word_1_29' title='bbox 891 626 1066 682; x_wconf 90' lang='lat' dir='ltr'>etiam</span> <span class='ocrx_word' id='word_1_30' title='bbox 1094 630 1162 681; x_wconf 92' lang='lat' dir='ltr'>ut</span> <span class='ocrx_word' id='word_1_31' title='bbox 1189 625 1564 693; x_wconf 82' lang='lat' dir='ltr'>ﬁlius-meus,</span> <span class='ocrx_word' id='word_1_32' title='bbox 1591 626 1813 681; x_wconf 77' lang='lat' dir='ltr'>scilicet</span> <span class='ocrx_word' id='word_1_33' title='bbox 1844 627 1945 681; x_wconf 85' lang='lat' dir='ltr'>Ju-</span> 
     </span>
    </p>
   </div>
   <div class='ocr_carea' id='block_1_6' title="bbox 287 714 1947 788">
    <p class='ocr_par' dir='ltr' id='par_1_6' title="bbox 287 714 1947 788">
     <span class='ocr_line' id='line_1_6' title="bbox 287 714 1947 788; baseline -0.002 -15"><span class='ocrx_word' id='word_1_34' title='bbox 287 719 406 785; x_wconf 88' lang='lat' dir='ltr'>das,</span> <span class='ocrx_word' id='word_1_35' title='bbox 434 717 674 773; x_wconf 89' lang='lat' dir='ltr'>sitcum</span> <span class='ocrx_word' id='word_1_36' title='bbox 707 716 800 771; x_wconf 86' lang='lat' dir='ltr'>his</span> <span class='ocrx_word' id='word_1_37' title='bbox 827 738 854 765; x_wconf 84' lang='lat'><strong>«</strong></span> <span class='ocrx_word' id='word_1_38' title='bbox 877 715 977 788; x_wconf 88' lang='lat' dir='ltr'>qui</span> <span class='ocrx_word' id='word_1_39' title='bbox 1021 714 1306 770; x_wconf 88' lang='lat' dir='ltr'>tribulant</span> <span class='ocrx_word' id='word_1_40' title='bbox 1329 732 1440 769; x_wconf 89' lang='lat' dir='ltr'>me.</span> <span class='ocrx_word' id='word_1_41' title='bbox 1469 738 1494 765; x_wconf 83' lang='lat'><strong>»</strong></span> <span class='ocrx_word' id='word_1_42' title='bbox 1522 716 1647 770; x_wconf 80' lang='lat' dir='ltr'>Non</span> <span class='ocrx_word' id='word_1_43' title='bbox 1690 715 1818 769; x_wconf 90' lang='lat' dir='ltr'>ideo</span> <span class='ocrx_word' id='word_1_44' title='bbox 1845 716 1947 769; x_wconf 88' lang='lat' dir='ltr'>ad-</span> 
     </span>
    </p>
   </div>
   <div class='ocr_carea' id='block_1_7' title="bbox 288 804 1947 878">
    <p class='ocr_par' dir='ltr' id='par_1_7' title="bbox 288 804 1947 878">
     <span class='ocr_line' id='line_1_7' title="bbox 288 804 1947 878; baseline -0.001 -17"><span class='ocrx_word' id='word_1_45' title='bbox 288 806 552 861; x_wconf 87' lang='lat' dir='ltr'>mirando</span> <span class='ocrx_word' id='word_1_46' title='bbox 577 804 862 878; x_wconf 78' lang='lat' dir='ltr'>loquitur,</span> <span class='ocrx_word' id='word_1_47' title='bbox 881 806 1033 877; x_wconf 91' lang='lat' dir='ltr'>quod</span> <span class='ocrx_word' id='word_1_48' title='bbox 1060 804 1184 876; x_wconf 73' lang='lat' dir='ltr'>ipse</span> <span class='ocrx_word' id='word_1_49' title='bbox 1208 804 1548 871; x_wconf 85' lang='lat' dir='ltr'>admiretur,</span> <span class='ocrx_word' id='word_1_50' title='bbox 1567 806 1667 859; x_wconf 79' lang='lat' dir='ltr'>sed</span> <span class='ocrx_word' id='word_1_51' title='bbox 1694 809 1756 858; x_wconf 91' lang='lat' dir='ltr'>ut</span> <span class='ocrx_word' id='word_1_52' title='bbox 1780 805 1947 860; x_wconf 87' lang='lat' dir='ltr'>nobis</span> 
     </span>
    </p>
   </div>
   <div class='ocr_carea' id='block_1_8' title="bbox 285 893 1948 965">
    <p class='ocr_par' dir='ltr' id='par_1_8' title="bbox 285 893 1948 965">
     <span class='ocr_line' id='line_1_8' title="bbox 285 893 1948 965; baseline -0.003 -16"><span class='ocrx_word' id='word_1_53' title='bbox 285 894 697 950; x_wconf 87' lang='lat' dir='ltr'>admirandum</span> <span class='ocrx_word' id='word_1_54' title='bbox 721 911 849 949; x_wconf 91' lang='lat' dir='ltr'>esse</span> <span class='ocrx_word' id='word_1_55' title='bbox 872 895 1164 959; x_wconf 83' lang='lat' dir='ltr'>ostendat,</span> <span class='ocrx_word' id='word_1_56' title='bbox 1190 895 1344 965; x_wconf 86' lang='lat' dir='ltr'>quod</span> <span class='ocrx_word' id='word_1_57' title='bbox 1370 893 1450 947; x_wconf 85' lang='lat' dir='ltr'>illi</span> <span class='ocrx_word' id='word_1_58' title='bbox 1478 893 1769 948; x_wconf 81' lang='lat' dir='ltr'>medicum</span> <span class='ocrx_word' id='word_1_59' title='bbox 1795 894 1948 948; x_wconf 87' lang='lat' dir='ltr'>salu-</span> 
     </span>
    </p>
   </div>
   <div class='ocr_carea' id='block_1_9' title="bbox 288 982 1945 1053">
    <p class='ocr_par' dir='ltr' id='par_1_9' title="bbox 288 982 1945 1053">
     <span class='ocr_line' id='line_1_9' title="bbox 288 982 1945 1053; baseline -0.001 -15"><span class='ocrx_word' id='word_1_60' title='bbox 288 984 351 1039; x_wconf 80' lang='lat' dir='ltr'>tis</span> <span class='ocrx_word' id='word_1_61' title='bbox 384 1001 593 1039; x_wconf 91' lang='lat' dir='ltr'>eorum</span> <span class='ocrx_word' id='word_1_62' title='bbox 618 983 1032 1039; x_wconf 87' lang='lat' dir='ltr'>innnocentem</span> <span class='ocrx_word' id='word_1_63' title='bbox 1058 982 1116 1037; x_wconf 87' lang='lat' dir='ltr'>in</span> <span class='ocrx_word' id='word_1_64' title='bbox 1141 984 1417 1037; x_wconf 85' lang='lat' dir='ltr'>omnibus</span> <span class='ocrx_word' id='word_1_65' title='bbox 1441 983 1608 1053; x_wconf 79' lang='lat' dir='ltr'>quasi</span> <span class='ocrx_word' id='word_1_66' title='bbox 1642 988 1945 1037; x_wconf 86' lang='lat' dir='ltr'>nocentem</span> 
     </span>
    </p>
   </div>
   <div class='ocr_carea' id='block_1_10' title="bbox 286 1071 1940 1145">
    <p class='ocr_par' dir='ltr' id='par_1_10' title="bbox 286 1071 1940 1145">
     <span class='ocr_line' id='line_1_10' title="bbox 286 1071 1940 1145; baseline -0.002 -17"><span class='ocrx_word' id='word_1_67' title='bbox 286 1073 808 1145; x_wconf 87' lang='lat' dir='ltr'>persequebantur.</span> <span class='ocrx_word' id='word_1_68' title='bbox 839 1094 866 1121; x_wconf 88' lang='grc'>‹‹</span> <span class='ocrx_word' id='word_1_69' title='bbox 891 1071 1059 1127; x_wconf 82' lang='lat' dir='ltr'>Multi</span> <span class='ocrx_word' id='word_1_70' title='bbox 1096 1072 1409 1143; x_wconf 78' lang='lat' dir='ltr'>insurgunt</span> <span class='ocrx_word' id='word_1_71' title='bbox 1440 1072 1748 1126; x_wconf 81' lang='lat' dir='ltr'>adversum</span> <span class='ocrx_word' id='word_1_72' title='bbox 1774 1089 1887 1139; x_wconf 90' lang='lat' dir='ltr'>me,</span> <span class='ocrx_word' id='word_1_73' title='bbox 1913 1095 1940 1120; x_wconf 82' lang='lat'>»</span> 
     </span>
    </p>
   </div>
   <div class='ocr_carea' id='block_1_11' title="bbox 284 1161 1943 1234">
    <p class='ocr_par' dir='ltr' id='par_1_11' title="bbox 284 1161 1943 1234">
     <span class='ocr_line' id='line_1_11' title="bbox 284 1161 1943 1234; baseline -0.001 -17"><span class='ocrx_word' id='word_1_74' title='bbox 284 1163 332 1217; x_wconf 92' lang='lat' dir='ltr'>id</span> <span class='ocrx_word' id='word_1_75' title='bbox 365 1167 459 1217; x_wconf 88' lang='lat' dir='ltr'>est</span> <span class='ocrx_word' id='word_1_76' title='bbox 488 1165 845 1234; x_wconf 88' lang='lat' dir='ltr'>potestatem</span> <span class='ocrx_word' id='word_1_77' title='bbox 871 1165 1117 1217; x_wconf 90' lang='lat' dir='ltr'>sumunt</span> <span class='ocrx_word' id='word_1_78' title='bbox 1147 1166 1350 1216; x_wconf 89' lang='lat' dir='ltr'>contra</span> <span class='ocrx_word' id='word_1_79' title='bbox 1378 1178 1490 1215; x_wconf 89' lang='lat' dir='ltr'>me.</span> <span class='ocrx_word' id='word_1_80' title='bbox 1516 1161 1756 1216; x_wconf 87' lang='lat' dir='ltr'>Possent</span> <span class='ocrx_word' id='word_1_81' title='bbox 1786 1162 1943 1215; x_wconf 89' lang='lat' dir='ltr'>enim</span> 
     </span>
    </p>
   </div>
   <div class='ocr_carea' id='block_1_12' title="bbox 280 1251 1943 1323">
    <p class='ocr_par' dir='ltr' id='par_1_12' title="bbox 280 1251 1943 1323">
     <span class='ocr_line' id='line_1_12' title="bbox 280 1251 1943 1323; baseline -0.001 -17"><span class='ocrx_word' id='word_1_82' title='bbox 280 1251 583 1319; x_wconf 77' lang='lat' dir='ltr'>tribulam,</span> <span class='ocrx_word' id='word_1_83' title='bbox 608 1268 714 1306; x_wconf 89' lang='lat' dir='ltr'>nec</span> <span class='ocrx_word' id='word_1_84' title='bbox 766 1255 963 1306; x_wconf 89' lang='lat' dir='ltr'>tamen</span> <span class='ocrx_word' id='word_1_85' title='bbox 996 1253 1344 1323; x_wconf 88' lang='lat' dir='ltr'>potestatem</span> <span class='ocrx_word' id='word_1_86' title='bbox 1377 1267 1554 1321; x_wconf 84' lang='lat' dir='ltr'>super</span> <span class='ocrx_word' id='word_1_87' title='bbox 1584 1267 1720 1305; x_wconf 90' lang='lat' dir='ltr'>eum</span> <span class='ocrx_word' id='word_1_88' title='bbox 1770 1266 1943 1306; x_wconf 86' lang='lat' dir='ltr'>cura-</span> 
     </span>
    </p>
   </div>
   <div class='ocr_carea' id='block_1_13' title="bbox 283 1340 760 1397">
    <p class='ocr_par' dir='ltr' id='par_1_13' title="bbox 283 1340 760 1397">
     <span class='ocr_line' id='line_1_13' title="bbox 283 1340 760 1397; baseline -0.006 0"><span class='ocrx_word' id='word_1_89' title='bbox 283 1346 405 1397; x_wconf 83' lang='lat' dir='ltr'>rent</span> <span class='ocrx_word' id='word_1_90' title='bbox 434 1340 760 1396; x_wconf 82' lang='lat' dir='ltr'>insumere.</span> 
     </span>
    </p>
   </div>
   <div class='ocr_carea' id='block_1_14' title="bbox 345 1426 1941 1502">
    <p class='ocr_par' dir='ltr' id='par_1_14' title="bbox 345 1426 1941 1502">
     <span class='ocr_line' id='line_1_14' title="bbox 345 1426 1941 1502; baseline 0.001 -22"><span class='ocrx_word' id='word_1_91' title='bbox 345 1454 375 1480; x_wconf 68' lang='grc' dir='ltr'>«ς</span> <span class='ocrx_word' id='word_1_92' title='bbox 409 1429 585 1485; x_wconf 83' lang='lat' dir='ltr'>Multi</span> <span class='ocrx_word' id='word_1_93' title='bbox 619 1429 958 1502; x_wconf 88' lang='lat' dir='ltr'>insurgunt,</span> <span class='ocrx_word' id='word_1_94' title='bbox 995 1432 1050 1484; x_wconf 90' lang='lat' dir='ltr'>et</span> <span class='ocrx_word' id='word_1_95' title='bbox 1081 1426 1251 1483; x_wconf 90' lang='lat' dir='ltr'>multi</span> <span class='ocrx_word' id='word_1_96' title='bbox 1284 1426 1489 1482; x_wconf 88' lang='lat' dir='ltr'>dicunt</span> <span class='ocrx_word' id='word_1_97' title='bbox 1511 1450 1537 1476; x_wconf 85' lang='grc'><strong>››</strong></span> <span class='ocrx_word' id='word_1_98' title='bbox 1572 1426 1691 1483; x_wconf 87' lang='lat' dir='ltr'>sive</span> <span class='ocrx_word' id='word_1_99' title='bbox 1722 1427 1941 1500; x_wconf 87' lang='lat' dir='ltr'>cogita-</span> 
     </span>
    </p>
   </div>
   <div class='ocr_carea' id='block_1_15' title="bbox 284 1517 1944 1590">
    <p class='ocr_par' dir='ltr' id='par_1_15' title="bbox 284 1517 1944 1590">
     <span class='ocr_line' id='line_1_15' title="bbox 284 1517 1944 1590; baseline -0.002 -16"><span class='ocrx_word' id='word_1_100' title='bbox 284 1520 464 1588; x_wconf 82' lang='lat' dir='ltr'>tione,</span> <span class='ocrx_word' id='word_1_101' title='bbox 500 1518 624 1575; x_wconf 90' lang='lat' dir='ltr'>sive</span> <span class='ocrx_word' id='word_1_102' title='bbox 652 1536 811 1587; x_wconf 88' lang='lat' dir='ltr'>voce,</span> <span class='ocrx_word' id='word_1_103' title='bbox 844 1518 963 1573; x_wconf 84' lang='lat' dir='ltr'>sive</span> <span class='ocrx_word' id='word_1_104' title='bbox 1006 1535 1178 1590; x_wconf 91' lang='lat' dir='ltr'>opere</span> <span class='ocrx_word' id='word_1_105' title='bbox 1204 1541 1231 1568; x_wconf 79' lang='grc'><em>‹‹</em></span> <span class='ocrx_word' id='word_1_106' title='bbox 1264 1518 1469 1572; x_wconf 72' lang='lat' dir='ltr'>animae</span> <span class='ocrx_word' id='word_1_107' title='bbox 1515 1535 1677 1583; x_wconf 61' lang='lat' dir='ltr'>meai,</span> <span class='ocrx_word' id='word_1_108' title='bbox 1702 1539 1729 1567; x_wconf 83' lang='grc'><strong>››</strong></span> <span class='ocrx_word' id='word_1_109' title='bbox 1766 1517 1822 1571; x_wconf 91' lang='lat' dir='ltr'>id</span> <span class='ocrx_word' id='word_1_110' title='bbox 1855 1521 1944 1571; x_wconf 91' lang='lat' dir='ltr'>est</span> 
     </span>
    </p>
   </div>
   <div class='ocr_carea' id='block_1_16' title="bbox 279 1605 1941 1674">
    <p class='ocr_par' dir='ltr' id='par_1_16' title="bbox 279 1605 1941 1674">
     <span class='ocr_line' id='line_1_16' title="bbox 279 1605 1941 1674; baseline -0.002 -11"><span class='ocrx_word' id='word_1_111' title='bbox 279 1609 401 1663; x_wconf 66' lang='lat' dir='ltr'>vitae</span> <span class='ocrx_word' id='word_1_112' title='bbox 437 1625 584 1665; x_wconf 73' lang='lat' dir='ltr'>mete</span> <span class='ocrx_word' id='word_1_113' title='bbox 623 1631 649 1659; x_wconf 76' lang='grc' dir='ltr'>ει</span> <span class='ocrx_word' id='word_1_114' title='bbox 673 1625 788 1663; x_wconf 90' lang='lat' dir='ltr'>non</span> <span class='ocrx_word' id='word_1_115' title='bbox 820 1610 910 1663; x_wconf 90' lang='lat' dir='ltr'>est</span> <span class='ocrx_word' id='word_1_116' title='bbox 939 1606 1122 1674; x_wconf 89' lang='lat' dir='ltr'>salus,</span> <span class='ocrx_word' id='word_1_117' title='bbox 1148 1628 1175 1655; x_wconf 81' lang='grc'><strong>››</strong></span> <span class='ocrx_word' id='word_1_118' title='bbox 1203 1607 1260 1661; x_wconf 88' lang='lat' dir='ltr'>id</span> <span class='ocrx_word' id='word_1_119' title='bbox 1293 1610 1381 1661; x_wconf 90' lang='lat' dir='ltr'>est</span> <span class='ocrx_word' id='word_1_120' title='bbox 1412 1623 1526 1661; x_wconf 93' lang='lat' dir='ltr'>non</span> <span class='ocrx_word' id='word_1_121' title='bbox 1559 1611 1647 1661; x_wconf 87' lang='lat' dir='ltr'>est</span> <span class='ocrx_word' id='word_1_122' title='bbox 1677 1605 1941 1661; x_wconf 85' lang='lat' dir='ltr'>liberatio</span> 
     </span>
    </p>
   </div>
   <div class='ocr_carea' id='block_1_17' title="bbox 278 1688 1941 1770">
    <p class='ocr_par' dir='ltr' id='par_1_17' title="bbox 278 1688 1941 1770">
     <span class='ocr_line' id='line_1_17' title="bbox 278 1688 1941 1770; baseline -0.002 -18"><span class='ocrx_word' id='word_1_123' title='bbox 278 1692 597 1770; x_wconf 83' lang='lat' dir='ltr'>corporalis</span> <span class='ocrx_word' id='word_1_124' title='bbox 634 1697 796 1769; x_wconf 82' lang='lat' dir='ltr'>«ipsi</span> <span class='ocrx_word' id='word_1_125' title='bbox 822 1718 848 1745; x_wconf 83' lang='lat'>»</span> <span class='ocrx_word' id='word_1_126' title='bbox 873 1695 931 1750; x_wconf 88' lang='lat' dir='ltr'>id</span> <span class='ocrx_word' id='word_1_127' title='bbox 964 1700 1053 1751; x_wconf 90' lang='lat' dir='ltr'>est</span> <span class='ocrx_word' id='word_1_128' title='bbox 1084 1688 1340 1762; x_wconf 77' lang='lat' dir='ltr'>Christo,</span> <span class='ocrx_word' id='word_1_129' title='bbox 1366 1695 1465 1766; x_wconf 87' lang='lat' dir='ltr'>qui</span> <span class='ocrx_word' id='word_1_130' title='bbox 1496 1712 1559 1749; x_wconf 91' lang='lat' dir='ltr'>se</span> <span class='ocrx_word' id='word_1_131' title='bbox 1582 1695 1843 1765; x_wconf 87' lang='lat' dir='ltr'>jactabat</span> <span class='ocrx_word' id='word_1_132' title='bbox 1875 1695 1941 1749; x_wconf 83' lang='lat' dir='ltr'>fi-</span> 
     </span>
    </p>
   </div>
   <div class='ocr_carea' id='block_1_18' title="bbox 278 1783 1944 1856">
    <p class='ocr_par' dir='ltr' id='par_1_18' title="bbox 278 1783 1944 1856">
     <span class='ocr_line' id='line_1_18' title="bbox 278 1783 1944 1856; baseline -0.002 -16"><span class='ocrx_word' id='word_1_133' title='bbox 278 1785 419 1841; x_wconf 86' lang='lat' dir='ltr'>lium</span> <span class='ocrx_word' id='word_1_134' title='bbox 452 1786 583 1852; x_wconf 87' lang='lat' dir='ltr'>Dei,</span> <span class='ocrx_word' id='word_1_135' title='bbox 624 1808 653 1837; x_wconf 86' lang='grc'>‹‹</span> <span class='ocrx_word' id='word_1_136' title='bbox 686 1785 746 1840; x_wconf 91' lang='lat' dir='ltr'>in</span> <span class='ocrx_word' id='word_1_137' title='bbox 780 1785 896 1840; x_wconf 89' lang='lat' dir='ltr'>Deo</span> <span class='ocrx_word' id='word_1_138' title='bbox 943 1786 1091 1856; x_wconf 89' lang='lat' dir='ltr'>ejus.</span> <span class='ocrx_word' id='word_1_139' title='bbox 1119 1806 1146 1833; x_wconf 82' lang='lat'>»</span> <span class='ocrx_word' id='word_1_140' title='bbox 1182 1785 1306 1839; x_wconf 77' lang='lat' dir='ltr'>Non</span> <span class='ocrx_word' id='word_1_141' title='bbox 1339 1785 1492 1855; x_wconf 89' lang='lat' dir='ltr'>quod</span> <span class='ocrx_word' id='word_1_142' title='bbox 1527 1783 1636 1855; x_wconf 84' lang='lat' dir='ltr'>ipsi</span> <span class='ocrx_word' id='word_1_143' title='bbox 1670 1788 1944 1854; x_wconf 84' lang='lat' dir='ltr'>putarent</span> 
     </span>
    </p>
   </div>
   <div class='ocr_carea' id='block_1_19' title="bbox 275 1872 2020 1973">
    <p class='ocr_par' dir='ltr' id='par_1_19' title="bbox 275 1872 2020 1973">
     <span class='ocr_line' id='line_1_19' title="bbox 275 1872 2020 1973; baseline -0.002 -43"><span class='ocrx_word' id='word_1_144' title='bbox 275 1892 405 1930; x_wconf 86' lang='lat' dir='ltr'>eum</span> <span class='ocrx_word' id='word_1_145' title='bbox 461 1874 685 1930; x_wconf 87' lang='lat' dir='ltr'>habere</span> <span class='ocrx_word' id='word_1_146' title='bbox 735 1874 941 1940; x_wconf 88' lang='lat' dir='ltr'>Deum,</span> <span class='ocrx_word' id='word_1_147' title='bbox 967 1874 1066 1928; x_wconf 90' lang='lat' dir='ltr'>sed</span> <span class='ocrx_word' id='word_1_148' title='bbox 1099 1872 1156 1926; x_wconf 90' lang='lat' dir='ltr'>in</span> <span class='ocrx_word' id='word_1_149' title='bbox 1192 1890 1255 1927; x_wconf 88' lang='lat' dir='ltr'>eo</span> <span class='ocrx_word' id='word_1_150' title='bbox 1290 1890 1462 1944; x_wconf 88' lang='lat' dir='ltr'>quem</span> <span class='ocrx_word' id='word_1_151' title='bbox 1494 1872 1605 1927; x_wconf 81' lang='lat' dir='ltr'>sibi</span> <span class='ocrx_word' id='word_1_152' title='bbox 1656 1872 1944 1927; x_wconf 79' lang='lat' dir='ltr'>faciebant</span> <span class='ocrx_word' id='word_1_153' title='bbox 1970 1908 2020 1973; x_wconf 84' lang='lat' dir='ltr'><strong>B</strong></span> 
     </span>
    </p>
   </div>
   <div class='ocr_carea' id='block_1_20' title="bbox 274 1959 1939 2019">
    <p class='ocr_par' dir='ltr' id='par_1_20' title="bbox 274 1959 1939 2019">
     <span class='ocr_line' id='line_1_20' title="bbox 274 1959 1939 2019; baseline -0.002 0"><span class='ocrx_word' id='word_1_154' title='bbox 274 1963 483 2019; x_wconf 90' lang='lat' dir='ltr'>Deum.</span> <span class='ocrx_word' id='word_1_155' title='bbox 508 1962 678 2018; x_wconf 90' lang='lat' dir='ltr'>Unde</span> <span class='ocrx_word' id='word_1_156' title='bbox 709 1961 981 2016; x_wconf 81' lang='lat' dir='ltr'>dicebant</span> <span class='ocrx_word' id='word_1_157' title='bbox 1006 1961 1057 2015; x_wconf 91' lang='lat' dir='ltr'>ei</span> <span class='ocrx_word' id='word_1_158' title='bbox 1090 1959 1448 2016; x_wconf 83' lang='lat' dir='ltr'>insultantes</span> <span class='ocrx_word' id='word_1_159' title='bbox 1476 1977 1527 2015; x_wconf 76' lang='grc' dir='ltr'>τα</span> <span class='ocrx_word' id='word_1_160' title='bbox 1552 1961 1611 2015; x_wconf 92' lang='lat' dir='ltr'>Si</span> <span class='ocrx_word' id='word_1_161' title='bbox 1637 1960 1816 2015; x_wconf 84' lang='lat' dir='ltr'>Filius</span> <span class='ocrx_word' id='word_1_162' title='bbox 1839 1960 1939 2015; x_wconf 89' lang='lat' dir='ltr'>Dei</span> 
     </span>
    </p>
   </div>
   <div class='ocr_carea' id='block_1_21' title="bbox 273 2048 1941 2121">
    <p class='ocr_par' dir='ltr' id='par_1_21' title="bbox 273 2048 1941 2121">
     <span class='ocr_line' id='line_1_21' title="bbox 273 2048 1941 2121; baseline -0.001 -15"><span class='ocrx_word' id='word_1_163' title='bbox 273 2057 374 2118; x_wconf 87' lang='lat' dir='ltr'>est,</span> <span class='ocrx_word' id='word_1_164' title='bbox 427 2050 647 2107; x_wconf 87' lang='lat' dir='ltr'>liberet</span> <span class='ocrx_word' id='word_1_165' title='bbox 696 2068 833 2105; x_wconf 90' lang='lat' dir='ltr'>cum</span> <span class='ocrx_word' id='word_1_166' title='bbox 883 2067 1042 2105; x_wconf 91' lang='lat' dir='ltr'>nunc</span> <span class='ocrx_word' id='word_1_167' title='bbox 1092 2050 1143 2105; x_wconf 91' lang='lat' dir='ltr'>si</span> <span class='ocrx_word' id='word_1_168' title='bbox 1194 2049 1317 2104; x_wconf 86' lang='lat' dir='ltr'>vult</span> <span class='ocrx_word' id='word_1_169' title='bbox 1348 2049 1552 2119; x_wconf 79' lang='lat' dir='ltr'>(Matth.</span> <span class='ocrx_word' id='word_1_170' title='bbox 1584 2048 1808 2121; x_wconf 72' lang='lat' dir='ltr'>xxvr).»</span> <span class='ocrx_word' id='word_1_171' title='bbox 1840 2048 1941 2105; x_wconf 88' lang='lat' dir='ltr'>Vel</span> 
     </span>
    </p>
   </div>
   <div class='ocr_carea' id='block_1_22' title="bbox 277 2138 1621 2196">
    <p class='ocr_par' dir='ltr' id='par_1_22' title="bbox 277 2138 1621 2196">
     <span class='ocr_line' id='line_1_22' title="bbox 277 2138 1621 2196; baseline -0.004 -1"><span class='ocrx_word' id='word_1_172' title='bbox 277 2140 446 2196; x_wconf 89' lang='lat' dir='ltr'>multi</span> <span class='ocrx_word' id='word_1_173' title='bbox 479 2141 692 2195; x_wconf 89' lang='lat' dir='ltr'>dicunt</span> <span class='ocrx_word' id='word_1_174' title='bbox 720 2139 1075 2194; x_wconf 81' lang='lat' dir='ltr'>insultantes</span> <span class='ocrx_word' id='word_1_175' title='bbox 1110 2161 1137 2189; x_wconf 84' lang='grc'><strong>‹‹</strong></span> <span class='ocrx_word' id='word_1_176' title='bbox 1169 2138 1378 2193; x_wconf 69' lang='lat' dir='ltr'>anima)</span> <span class='ocrx_word' id='word_1_177' title='bbox 1409 2157 1569 2193; x_wconf 69' lang='lat' dir='ltr'>mere.</span> <span class='ocrx_word' id='word_1_178' title='bbox 1601 2161 1621 2189; x_wconf 76' lang='grc' dir='ltr'><strong><em>ι</em></strong></span> 
     </span>
    </p>
   </div>
   <div class='ocr_carea' id='block_1_23' title="bbox 339 2228 1942 2299">
    <p class='ocr_par' dir='ltr' id='par_1_23' title="bbox 339 2228 1942 2299">
     <span class='ocr_line' id='line_1_23' title="bbox 339 2228 1942 2299; baseline 0.002 -18"><span class='ocrx_word' id='word_1_179' title='bbox 339 2253 366 2281; x_wconf 88' lang='grc'>‹‹</span> <span class='ocrx_word' id='word_1_180' title='bbox 402 2231 499 2285; x_wconf 91' lang='lat' dir='ltr'>Tu</span> <span class='ocrx_word' id='word_1_181' title='bbox 548 2233 747 2284; x_wconf 89' lang='lat' dir='ltr'>autem</span> <span class='ocrx_word' id='word_1_182' title='bbox 795 2228 1031 2283; x_wconf 89' lang='lat' dir='ltr'>domine</span> <span class='ocrx_word' id='word_1_183' title='bbox 1080 2232 1383 2299; x_wconf 86' lang='lat' dir='ltr'>susceptor</span> <span class='ocrx_word' id='word_1_184' title='bbox 1414 2245 1581 2283; x_wconf 90' lang='lat' dir='ltr'>meus</span> <span class='ocrx_word' id='word_1_185' title='bbox 1611 2246 1673 2284; x_wconf 90' lang='lat' dir='ltr'>es</span> <span class='ocrx_word' id='word_1_186' title='bbox 1701 2251 1728 2278; x_wconf 86' lang='lat'>»</span> <span class='ocrx_word' id='word_1_187' title='bbox 1761 2228 1821 2283; x_wconf 93' lang='lat' dir='ltr'>id</span> <span class='ocrx_word' id='word_1_188' title='bbox 1852 2233 1942 2283; x_wconf 91' lang='lat' dir='ltr'>est</span> 
     </span>
    </p>
   </div>
   <div class='ocr_carea' id='block_1_24' title="bbox 272 2315 1940 2390">
    <p class='ocr_par' dir='ltr' id='par_1_24' title="bbox 272 2315 1940 2390">
     <span class='ocr_line' id='line_1_24' title="bbox 272 2315 1940 2390; baseline -0.002 -17"><span class='ocrx_word' id='word_1_189' title='bbox 272 2318 593 2390; x_wconf 85' lang='lat' dir='ltr'>suscepisti</span> <span class='ocrx_word' id='word_1_190' title='bbox 626 2334 819 2373; x_wconf 84' lang='lat' dir='ltr'>meam</span> <span class='ocrx_word' id='word_1_191' title='bbox 851 2316 1277 2371; x_wconf 86' lang='lat' dir='ltr'>humanitatem</span> <span class='ocrx_word' id='word_1_192' title='bbox 1309 2315 1369 2370; x_wconf 90' lang='lat' dir='ltr'>in</span> <span class='ocrx_word' id='word_1_193' title='bbox 1400 2316 1744 2388; x_wconf 88' lang='lat' dir='ltr'>patrocinio,</span> <span class='ocrx_word' id='word_1_194' title='bbox 1769 2321 1824 2371; x_wconf 90' lang='lat' dir='ltr'>te</span> <span class='ocrx_word' id='word_1_195' title='bbox 1855 2316 1940 2371; x_wconf 90' lang='lat' dir='ltr'>illi</span> 
     </span>
    </p>
   </div>
   <div class='ocr_carea' id='block_1_25' title="bbox 270 2404 1935 2479">
    <p class='ocr_par' dir='ltr' id='par_1_25' title="bbox 270 2404 1935 2479">
     <span class='ocr_line' id='line_1_25' title="bbox 270 2404 1935 2479; baseline -0.001 -16"><span class='ocrx_word' id='word_1_196' title='bbox 270 2408 485 2464; x_wconf 86' lang='lat' dir='ltr'>uniens</span> <span class='ocrx_word' id='word_1_197' title='bbox 516 2407 918 2479; x_wconf 85' lang='lat' dir='ltr'>conceptione.</span> <span class='ocrx_word' id='word_1_198' title='bbox 956 2404 1055 2460; x_wconf 85' lang='lat' dir='ltr'>llic</span> <span class='ocrx_word' id='word_1_199' title='bbox 1091 2422 1195 2478; x_wconf 90' lang='lat' dir='ltr'>per</span> <span class='ocrx_word' id='word_1_200' title='bbox 1247 2405 1354 2460; x_wconf 92' lang='lat' dir='ltr'>hoc</span> <span class='ocrx_word' id='word_1_201' title='bbox 1406 2405 1596 2460; x_wconf 82' lang='lat' dir='ltr'>simile</span> <span class='ocrx_word' id='word_1_202' title='bbox 1626 2406 1891 2477; x_wconf 89' lang='lat' dir='ltr'>loquitur</span> <span class='ocrx_word' id='word_1_203' title='bbox 1923 2422 1935 2461; x_wconf 88' lang='lat'><strong>:</strong></span> 
     </span>
    </p>
   </div>
   <div class='ocr_carea' id='block_1_26' title="bbox 270 2495 1942 2570">
    <p class='ocr_par' dir='ltr' id='par_1_26' title="bbox 270 2495 1942 2570">
     <span class='ocr_line' id='line_1_26' title="bbox 270 2495 1942 2570; baseline -0.002 -17"><span class='ocrx_word' id='word_1_204' title='bbox 270 2498 423 2570; x_wconf 89' lang='lat' dir='ltr'>quod</span> <span class='ocrx_word' id='word_1_205' title='bbox 457 2497 621 2552; x_wconf 88' lang='lat' dir='ltr'>sicut</span> <span class='ocrx_word' id='word_1_206' title='bbox 653 2495 867 2568; x_wconf 85' lang='lat' dir='ltr'>aliquis</span> <span class='ocrx_word' id='word_1_207' title='bbox 912 2500 1122 2567; x_wconf 88' lang='lat' dir='ltr'>potens</span> <span class='ocrx_word' id='word_1_208' title='bbox 1166 2499 1385 2549; x_wconf 88' lang='lat' dir='ltr'>tutator</span> <span class='ocrx_word' id='word_1_209' title='bbox 1414 2499 1470 2549; x_wconf 93' lang='lat' dir='ltr'>et</span> <span class='ocrx_word' id='word_1_210' title='bbox 1501 2500 1663 2549; x_wconf 89' lang='lat' dir='ltr'>actor</span> <span class='ocrx_word' id='word_1_211' title='bbox 1693 2495 1942 2567; x_wconf 88' lang='lat' dir='ltr'>suscipit</span> 
     </span>
    </p>
   </div>
   <div class='ocr_carea' id='block_1_27' title="bbox 269 2574 1939 2658">
    <p class='ocr_par' dir='ltr' id='par_1_27' title="bbox 269 2574 1939 2658">
     <span class='ocr_line' id='line_1_27' title="bbox 269 2574 1939 2658; baseline -0.004 -17"><span class='ocrx_word' id='word_1_212' title='bbox 269 2587 533 2658; x_wconf 81' lang='lat' dir='ltr'>aliquem</span> <span class='ocrx_word' id='word_1_213' title='bbox 568 2574 987 2657; x_wconf 85' lang='lat' dir='ltr'>pupillum,vel</span> <span class='ocrx_word' id='word_1_214' title='bbox 1021 2598 1433 2654; x_wconf 87' lang='lat' dir='ltr'>quemcunque</span> <span class='ocrx_word' id='word_1_215' title='bbox 1464 2581 1714 2636; x_wconf 85' lang='lat' dir='ltr'>debilem</span> <span class='ocrx_word' id='word_1_216' title='bbox 1747 2582 1818 2636; x_wconf 90' lang='lat' dir='ltr'>ad</span> <span class='ocrx_word' id='word_1_217' title='bbox 1854 2586 1939 2636; x_wconf 91' lang='lat' dir='ltr'>tu-</span> 
     </span>
    </p>
   </div>
   <div class='ocr_carea' id='block_1_28' title="bbox 269 2670 1938 2743">
    <p class='ocr_par' dir='ltr' id='par_1_28' title="bbox 269 2670 1938 2743">
     <span class='ocr_line' id='line_1_28' title="bbox 269 2670 1938 2743; baseline -0.003 -14"><span class='ocrx_word' id='word_1_218' title='bbox 269 2677 548 2741; x_wconf 83' lang='lat' dir='ltr'>tandum,</span> <span class='ocrx_word' id='word_1_219' title='bbox 571 2674 657 2729; x_wconf 89' lang='lat' dir='ltr'>sic</span> <span class='ocrx_word' id='word_1_220' title='bbox 685 2672 870 2728; x_wconf 86' lang='lat' dir='ltr'>deitas</span> <span class='ocrx_word' id='word_1_221' title='bbox 895 2671 1155 2743; x_wconf 89' lang='lat' dir='ltr'>suscepit</span> <span class='ocrx_word' id='word_1_222' title='bbox 1176 2670 1629 2737; x_wconf 82' lang='lat' dir='ltr'>humanitatem,</span> <span class='ocrx_word' id='word_1_223' title='bbox 1656 2688 1833 2741; x_wconf 87' lang='lat' dir='ltr'>quam</span> <span class='ocrx_word' id='word_1_224' title='bbox 1865 2670 1938 2725; x_wconf 91' lang='lat' dir='ltr'>ab</span> 
     </span>
    </p>
   </div>
   <div class='ocr_carea' id='block_1_29' title="bbox 267 2759 1941 2836">
    <p class='ocr_par' dir='ltr' id='par_1_29' title="bbox 267 2759 1941 2836">
     <span class='ocr_line' id='line_1_29' title="bbox 267 2759 1941 2836; baseline -0.003 -17"><span class='ocrx_word' id='word_1_225' title='bbox 267 2764 429 2820; x_wconf 90' lang='lat' dir='ltr'>omni</span> <span class='ocrx_word' id='word_1_226' title='bbox 456 2767 702 2836; x_wconf 88' lang='lat' dir='ltr'>peccato</span> <span class='ocrx_word' id='word_1_227' title='bbox 720 2761 1035 2817; x_wconf 90' lang='lat' dir='ltr'>custodivit</span> <span class='ocrx_word' id='word_1_228' title='bbox 1056 2760 1382 2816; x_wconf 88' lang='lat' dir='ltr'>immunem</span> <span class='ocrx_word' id='word_1_229' title='bbox 1401 2783 1425 2808; x_wconf 89' lang='grc'><strong>‹‹</strong></span> <span class='ocrx_word' id='word_1_230' title='bbox 1448 2765 1509 2814; x_wconf 89' lang='lat' dir='ltr'>tu</span> <span class='ocrx_word' id='word_1_231' title='bbox 1529 2783 1554 2809; x_wconf 84' lang='grc'><strong>››</strong></span> <span class='ocrx_word' id='word_1_232' title='bbox 1574 2760 1736 2815; x_wconf 69' lang='lat' dir='ltr'>dicen</span> <span class='ocrx_word' id='word_1_233' title='bbox 1755 2759 1941 2832; x_wconf 79' lang='lat' dir='ltr'>gloria</span> 
     </span>
    </p>
   </div>
   <div class='ocr_carea' id='block_1_30' title="bbox 271 2848 1939 2923">
    <p class='ocr_par' dir='ltr' id='par_1_30' title="bbox 271 2848 1939 2923">
     <span class='ocr_line' id='line_1_30' title="bbox 271 2848 1939 2923; baseline -0.004 -13"><span class='ocrx_word' id='word_1_234' title='bbox 271 2870 461 2921; x_wconf 76' lang='lat' dir='ltr'>mea,»</span> <span class='ocrx_word' id='word_1_235' title='bbox 490 2853 555 2907; x_wconf 89' lang='lat' dir='ltr'>id</span> <span class='ocrx_word' id='word_1_236' title='bbox 581 2856 670 2907; x_wconf 90' lang='lat' dir='ltr'>est</span> <span class='ocrx_word' id='word_1_237' title='bbox 692 2868 872 2906; x_wconf 82' lang='lat' dir='ltr'>causa</span> <span class='ocrx_word' id='word_1_238' title='bbox 890 2849 1155 2923; x_wconf 66' lang='lat' dir='ltr'>gloriosa:</span> <span class='ocrx_word' id='word_1_239' title='bbox 1180 2848 1626 2906; x_wconf 86' lang='lat' dir='ltr'>resurrectionis</span> <span class='ocrx_word' id='word_1_240' title='bbox 1648 2866 1846 2903; x_wconf 73' lang='lat' dir='ltr'>meze.«</span> <span class='ocrx_word' id='word_1_241' title='bbox 1869 2849 1939 2904; x_wconf 88' lang='lat' dir='ltr'>Et</span> 
     </span>
    </p>
   </div>
   <div class='ocr_carea' id='block_1_31' title="bbox 264 2937 1933 3012">
    <p class='ocr_par' dir='ltr' id='par_1_31' title="bbox 264 2937 1933 3012">
     <span class='ocr_line' id='line_1_31' title="bbox 264 2937 1933 3012; baseline -0.004 -15"><span class='ocrx_word' id='word_1_242' title='bbox 264 2942 543 2998; x_wconf 81' lang='lat' dir='ltr'>exaltans</span> <span class='ocrx_word' id='word_1_243' title='bbox 575 2943 752 3012; x_wconf 88' lang='lat' dir='ltr'>caput</span> <span class='ocrx_word' id='word_1_244' title='bbox 781 2956 978 2994; x_wconf 88' lang='lat' dir='ltr'>meum</span> <span class='ocrx_word' id='word_1_245' title='bbox 1011 2963 1032 2991; x_wconf 78' lang='grc' dir='ltr'><strong><em>ι</em></strong></span> <span class='ocrx_word' id='word_1_246' title='bbox 1073 2939 1130 2994; x_wconf 90' lang='lat' dir='ltr'>id</span> <span class='ocrx_word' id='word_1_247' title='bbox 1180 2943 1267 2994; x_wconf 89' lang='lat' dir='ltr'>est</span> <span class='ocrx_word' id='word_1_248' title='bbox 1314 2937 1685 2993; x_wconf 87' lang='lat' dir='ltr'>altitudinem</span> <span class='ocrx_word' id='word_1_249' title='bbox 1719 2953 1933 3005; x_wconf 88' lang='lat' dir='ltr'>meam,</span> 
     </span>
    </p>
   </div>
   <div class='ocr_carea' id='block_1_32' title="bbox 265 3026 1934 3099">
    <p class='ocr_par' dir='ltr' id='par_1_32' title="bbox 265 3026 1934 3099">
     <span class='ocr_line' id='line_1_32' title="bbox 265 3026 1934 3099; baseline -0.004 -12"><span class='ocrx_word' id='word_1_250' title='bbox 265 3031 497 3087; x_wconf 88' lang='lat' dir='ltr'>scilicet</span> <span class='ocrx_word' id='word_1_251' title='bbox 541 3047 637 3086; x_wconf 91' lang='lat' dir='ltr'>me</span> <span class='ocrx_word' id='word_1_252' title='bbox 678 3028 886 3099; x_wconf 90' lang='lat' dir='ltr'>altum,</span> <span class='ocrx_word' id='word_1_253' title='bbox 912 3029 970 3083; x_wconf 92' lang='lat' dir='ltr'>id</span> <span class='ocrx_word' id='word_1_254' title='bbox 1001 3032 1107 3098; x_wconf 89' lang='lat' dir='ltr'>est,</span> <span class='ocrx_word' id='word_1_255' title='bbox 1134 3028 1457 3083; x_wconf 89' lang='lat' dir='ltr'>immunem</span> <span class='ocrx_word' id='word_1_256' title='bbox 1481 3027 1645 3098; x_wconf 90' lang='lat' dir='ltr'>prius</span> <span class='ocrx_word' id='word_1_257' title='bbox 1672 3026 1744 3081; x_wconf 90' lang='lat' dir='ltr'>ab</span> <span class='ocrx_word' id='word_1_258' title='bbox 1774 3027 1934 3081; x_wconf 89' lang='lat' dir='ltr'>omni</span> 
     </span>
    </p>
   </div>
   <div class='ocr_carea' id='block_1_33' title="bbox 262 3115 1936 3193">
    <p class='ocr_par' dir='ltr' id='par_1_33' title="bbox 262 3115 1936 3193">
     <span class='ocr_line' id='line_1_33' title="bbox 262 3115 1936 3193; baseline -0.004 -16"><span class='ocrx_word' id='word_1_259' title='bbox 262 3127 510 3191; x_wconf 84' lang='lat' dir='ltr'>peccato</span> <span class='ocrx_word' id='word_1_260' title='bbox 528 3136 711 3193; x_wconf 88' lang='lat' dir='ltr'>super</span> <span class='ocrx_word' id='word_1_261' title='bbox 729 3135 963 3175; x_wconf 90' lang='lat' dir='ltr'>omnem</span> <span class='ocrx_word' id='word_1_262' title='bbox 987 3123 1335 3172; x_wconf 85' lang='lat' dir='ltr'>creaturam.</span> <span class='ocrx_word' id='word_1_263' title='bbox 1357 3116 1470 3171; x_wconf 88' lang='lat' dir='ltr'>Iste</span> <span class='ocrx_word' id='word_1_264' title='bbox 1492 3133 1693 3171; x_wconf 86' lang='lat' dir='ltr'>versus</span> <span class='ocrx_word' id='word_1_265' title='bbox 1716 3115 1836 3189; x_wconf 85' lang='lat' dir='ltr'>agit</span> <span class='ocrx_word' id='word_1_266' title='bbox 1868 3117 1936 3171; x_wconf 90' lang='lat' dir='ltr'>de</span> 
     </span>
    </p>
   </div>
   <div class='ocr_carea' id='block_1_34' title="bbox 268 3204 1938 3282">
    <p class='ocr_par' dir='ltr' id='par_1_34' title="bbox 268 3204 1938 3282">
     <span class='ocr_line' id='line_1_34' title="bbox 268 3204 1938 3282; baseline -0.004 -17"><span class='ocrx_word' id='word_1_267' title='bbox 268 3209 728 3282; x_wconf 81' lang='lat' dir='ltr'>gloriﬁcatione.</span> <span class='ocrx_word' id='word_1_268' title='bbox 759 3207 927 3263; x_wconf 90' lang='lat' dir='ltr'>Ponit</span> <span class='ocrx_word' id='word_1_269' title='bbox 961 3206 1256 3278; x_wconf 87' lang='lat' dir='ltr'>quoddam</span> <span class='ocrx_word' id='word_1_270' title='bbox 1299 3205 1573 3260; x_wconf 89' lang='lat' dir='ltr'>meritum</span> <span class='ocrx_word' id='word_1_271' title='bbox 1616 3204 1803 3277; x_wconf 85' lang='lat' dir='ltr'>ipsius</span> <span class='ocrx_word' id='word_1_272' title='bbox 1835 3222 1938 3276; x_wconf 88' lang='lat' dir='ltr'>per</span> 
     </span>
    </p>
   </div>
   <div class='ocr_carea' id='block_1_35' title="bbox 2059 627 3713 705">
    <p class='ocr_par' dir='ltr' id='par_1_35' title="bbox 2059 627 3713 705">
     <span class='ocr_line' id='line_1_35' title="bbox 2059 627 3713 705; baseline 0.006 -23"><span class='ocrx_word' id='word_1_273' title='bbox 2059 627 2225 682; x_wconf 83' lang='lat' dir='ltr'>sitale</span> <span class='ocrx_word' id='word_1_274' title='bbox 2254 630 2663 699; x_wconf 85' lang='lat' dir='ltr'>exauditionis,</span> <span class='ocrx_word' id='word_1_275' title='bbox 2687 632 2849 703; x_wconf 87' lang='lat' dir='ltr'>ponit</span> <span class='ocrx_word' id='word_1_276' title='bbox 2878 633 3067 705; x_wconf 88' lang='lat' dir='ltr'>ipsam</span> <span class='ocrx_word' id='word_1_277' title='bbox 3092 637 3545 691; x_wconf 88' lang='lat' dir='ltr'>exauditionem.</span> <span class='ocrx_word' id='word_1_278' title='bbox 3570 635 3713 692; x_wconf 88' lang='lat' dir='ltr'>Con-</span> 
     </span>
    </p>
   </div>
   <div class='ocr_carea' id='block_1_36' title="bbox 2059 715 3712 792">
    <p class='ocr_par' dir='ltr' id='par_1_36' title="bbox 2059 715 3712 792">
     <span class='ocr_line' id='line_1_36' title="bbox 2059 715 3712 792; baseline 0.007 -24"><span class='ocrx_word' id='word_1_279' title='bbox 2059 715 2305 772; x_wconf 87' lang='lat' dir='ltr'>tinuatio</span> <span class='ocrx_word' id='word_1_280' title='bbox 2341 737 2354 773; x_wconf 91' lang='lat'><strong>:</strong></span> <span class='ocrx_word' id='word_1_281' title='bbox 2390 741 2414 771; x_wconf 80' lang='grc' dir='ltr'>α</span> <span class='ocrx_word' id='word_1_282' title='bbox 2435 720 2553 792; x_wconf 87' lang='lat' dir='ltr'>Ego</span> <span class='ocrx_word' id='word_1_283' title='bbox 2585 721 2831 775; x_wconf 87' lang='lat' dir='ltr'>dormivi</span> <span class='ocrx_word' id='word_1_284' title='bbox 2862 727 2919 776; x_wconf 92' lang='lat' dir='ltr'>et</span> <span class='ocrx_word' id='word_1_285' title='bbox 2944 723 3262 790; x_wconf 78' lang='lat' dir='ltr'>exsurrexi,</span> <span class='ocrx_word' id='word_1_286' title='bbox 3283 742 3308 774; x_wconf 76' lang='grc' dir='ltr'><strong><em>η</em></strong></span> <span class='ocrx_word' id='word_1_287' title='bbox 3339 724 3396 778; x_wconf 90' lang='lat' dir='ltr'>id</span> <span class='ocrx_word' id='word_1_288' title='bbox 3432 727 3521 780; x_wconf 89' lang='lat' dir='ltr'>est</span> <span class='ocrx_word' id='word_1_289' title='bbox 3550 728 3712 780; x_wconf 86' lang='lat' dir='ltr'>extra</span> 
     </span>
    </p>
   </div>
   <div class='ocr_carea' id='block_1_37' title="bbox 2061 805 3711 884">
    <p class='ocr_par' dir='ltr' id='par_1_37' title="bbox 2061 805 3711 884">
     <span class='ocr_line' id='line_1_37' title="bbox 2061 805 3711 884; baseline 0.006 -26"><span class='ocrx_word' id='word_1_290' title='bbox 2061 805 2243 877; x_wconf 87' lang='lat' dir='ltr'>legem</span> <span class='ocrx_word' id='word_1_291' title='bbox 2278 808 2543 863; x_wconf 86' lang='lat' dir='ltr'>omnium</span> <span class='ocrx_word' id='word_1_292' title='bbox 2594 814 2959 865; x_wconf 87' lang='lat' dir='ltr'>mortuorum</span> <span class='ocrx_word' id='word_1_293' title='bbox 3012 810 3257 882; x_wconf 79' lang='lat' dir='ltr'>surrexi,</span> <span class='ocrx_word' id='word_1_294' title='bbox 3288 811 3579 884; x_wconf 83' lang='lat' dir='ltr'>principes</span> <span class='ocrx_word' id='word_1_295' title='bbox 3624 828 3711 868; x_wconf 88' lang='lat' dir='ltr'>re-</span> 
     </span>
    </p>
   </div>
   <div class='ocr_carea' id='block_1_38' title="bbox 2056 897 3715 973">
    <p class='ocr_par' dir='ltr' id='par_1_38' title="bbox 2056 897 3715 973">
     <span class='ocr_line' id='line_1_38' title="bbox 2056 897 3715 973; baseline 0.005 -27"><span class='ocrx_word' id='word_1_296' title='bbox 2056 911 2195 963; x_wconf 84' lang='lat' dir='ltr'>gum</span> <span class='ocrx_word' id='word_1_297' title='bbox 2225 900 2409 949; x_wconf 69' lang='lat' dir='ltr'>terrm.</span> <span class='ocrx_word' id='word_1_298' title='bbox 2438 897 2569 951; x_wconf 90' lang='lat' dir='ltr'>Ideo</span> <span class='ocrx_word' id='word_1_299' title='bbox 2598 900 2961 969; x_wconf 86' lang='lat' dir='ltr'>«exsurrexi,</span> <span class='ocrx_word' id='word_1_300' title='bbox 2986 901 3123 970; x_wconf 85' lang='lat' dir='ltr'>quia</span> <span class='ocrx_word' id='word_1_301' title='bbox 3143 901 3429 955; x_wconf 84' lang='lat' dir='ltr'>Dominus</span> <span class='ocrx_word' id='word_1_302' title='bbox 3454 901 3715 973; x_wconf 85' lang='lat' dir='ltr'>suscepit</span> 
     </span>
    </p>
   </div>
   <div class='ocr_carea' id='block_1_39' title="bbox 2057 983 3707 1055">
    <p class='ocr_par' dir='ltr' id='par_1_39' title="bbox 2057 983 3707 1055">
     <span class='ocr_line' id='line_1_39' title="bbox 2057 983 3707 1055; baseline 0.005 -18"><span class='ocrx_word' id='word_1_303' title='bbox 2057 1001 2169 1049; x_wconf 83' lang='lat' dir='ltr'>me,</span> <span class='ocrx_word' id='word_1_304' title='bbox 2191 1005 2215 1034; x_wconf 77' lang='grc' dir='ltr'><strong>η</strong></span> <span class='ocrx_word' id='word_1_305' title='bbox 2243 983 2296 1038; x_wconf 90' lang='lat' dir='ltr'>id</span> <span class='ocrx_word' id='word_1_306' title='bbox 2324 990 2432 1055; x_wconf 77' lang='lat' dir='ltr'>est,</span> <span class='ocrx_word' id='word_1_307' title='bbox 2458 987 2704 1055; x_wconf 84' lang='lat' dir='ltr'>junctus</span> <span class='ocrx_word' id='word_1_308' title='bbox 2726 991 2814 1041; x_wconf 85' lang='lat' dir='ltr'>est</span> <span class='ocrx_word' id='word_1_309' title='bbox 2837 1005 2975 1042; x_wconf 66' lang='lat' dir='ltr'>mete</span> <span class='ocrx_word' id='word_1_310' title='bbox 3000 988 3371 1044; x_wconf 88' lang='lat' dir='ltr'>humanitati.</span> <span class='ocrx_word' id='word_1_311' title='bbox 3399 989 3519 1044; x_wconf 82' lang='lat' dir='ltr'>Nisi</span> <span class='ocrx_word' id='word_1_312' title='bbox 3550 991 3707 1045; x_wconf 88' lang='lat' dir='ltr'>enim</span> 
     </span>
    </p>
   </div>
   <div class='ocr_carea' id='block_1_40' title="bbox 2056 1072 3708 1146">
    <p class='ocr_par' dir='ltr' id='par_1_40' title="bbox 2056 1072 3708 1146">
     <span class='ocr_line' id='line_1_40' title="bbox 2056 1072 3708 1146; baseline 0.005 -21"><span class='ocrx_word' id='word_1_313' title='bbox 2056 1072 2243 1128; x_wconf 88' lang='lat' dir='ltr'>deitas</span> <span class='ocrx_word' id='word_1_314' title='bbox 2275 1074 2625 1129; x_wconf 84' lang='lat' dir='ltr'>humanitati</span> <span class='ocrx_word' id='word_1_315' title='bbox 2652 1076 2965 1146; x_wconf 86' lang='lat' dir='ltr'>conjuncta</span> <span class='ocrx_word' id='word_1_316' title='bbox 2988 1081 3161 1144; x_wconf 85' lang='lat' dir='ltr'>esset,</span> <span class='ocrx_word' id='word_1_317' title='bbox 3185 1077 3526 1133; x_wconf 86' lang='lat' dir='ltr'>humanitas</span> <span class='ocrx_word' id='word_1_318' title='bbox 3548 1095 3708 1134; x_wconf 87' lang='lat' dir='ltr'>more</span> 
     </span>
    </p>
   </div>
   <div class='ocr_carea' id='block_1_41' title="bbox 2054 1161 3277 1221">
    <p class='ocr_par' dir='ltr' id='par_1_41' title="bbox 2054 1161 3277 1221">
     <span class='ocr_line' id='line_1_41' title="bbox 2054 1161 3277 1221; baseline 0.003 -6"><span class='ocrx_word' id='word_1_319' title='bbox 2054 1161 2300 1216; x_wconf 90' lang='lat' dir='ltr'>aliorum</span> <span class='ocrx_word' id='word_1_320' title='bbox 2334 1163 2642 1218; x_wconf 86' lang='lat' dir='ltr'>hominum</span> <span class='ocrx_word' id='word_1_321' title='bbox 2668 1170 2902 1218; x_wconf 89' lang='lat' dir='ltr'>mortua</span> <span class='ocrx_word' id='word_1_322' title='bbox 2930 1170 3277 1221; x_wconf 86' lang='lat' dir='ltr'>remaneret.</span> 
     </span>
    </p>
   </div>
   <div class='ocr_carea' id='block_1_42' title="bbox 2125 1251 3708 1327">
    <p class='ocr_par' dir='ltr' id='par_1_42' title="bbox 2125 1251 3708 1327">
     <span class='ocr_line' id='line_1_42' title="bbox 2125 1251 3708 1327; baseline 0.004 -23"><span class='ocrx_word' id='word_1_323' title='bbox 2125 1251 2271 1316; x_wconf 87' lang='lat' dir='ltr'>Quia</span> <span class='ocrx_word' id='word_1_324' title='bbox 2296 1273 2320 1303; x_wconf 79' lang='grc' dir='ltr'>α</span> <span class='ocrx_word' id='word_1_325' title='bbox 2340 1252 2688 1323; x_wconf 72' lang='lat' dir='ltr'>exsurrexi,»</span> <span class='ocrx_word' id='word_1_326' title='bbox 2704 1254 2830 1325; x_wconf 93' lang='lat' dir='ltr'>jam</span> <span class='ocrx_word' id='word_1_327' title='bbox 2854 1274 2877 1304; x_wconf 81' lang='grc' dir='ltr'>α</span> <span class='ocrx_word' id='word_1_328' title='bbox 2895 1270 3009 1306; x_wconf 89' lang='lat' dir='ltr'>non</span> <span class='ocrx_word' id='word_1_329' title='bbox 3028 1253 3242 1308; x_wconf 89' lang='lat' dir='ltr'>timebo</span> <span class='ocrx_word' id='word_1_330' title='bbox 3256 1274 3281 1306; x_wconf 76' lang='grc' dir='ltr'><strong>ι)</strong></span> <span class='ocrx_word' id='word_1_331' title='bbox 3300 1254 3357 1309; x_wconf 92' lang='lat' dir='ltr'>in</span> <span class='ocrx_word' id='word_1_332' title='bbox 3379 1254 3551 1309; x_wconf 90' lang='lat' dir='ltr'>meis:</span> <span class='ocrx_word' id='word_1_333' title='bbox 3570 1255 3708 1327; x_wconf 85' lang='lat' dir='ltr'>quia</span> 
     </span>
    </p>
   </div>
   <div class='ocr_carea' id='block_1_43' title="bbox 2052 1337 3707 1409">
    <p class='ocr_par' dir='ltr' id='par_1_43' title="bbox 2052 1337 3707 1409">
     <span class='ocr_line' id='line_1_43' title="bbox 2052 1337 3707 1409; baseline 0.005 -17"><span class='ocrx_word' id='word_1_334' title='bbox 2052 1337 2188 1394; x_wconf 90' lang='lat' dir='ltr'>licet</span> <span class='ocrx_word' id='word_1_335' title='bbox 2220 1340 2312 1394; x_wconf 91' lang='lat' dir='ltr'>sui</span> <span class='ocrx_word' id='word_1_336' title='bbox 2346 1340 2615 1409; x_wconf 89' lang='lat' dir='ltr'>timeant,</span> <span class='ocrx_word' id='word_1_337' title='bbox 2640 1345 2833 1396; x_wconf 90' lang='lat' dir='ltr'>tamen</span> <span class='ocrx_word' id='word_1_338' title='bbox 2866 1340 2925 1395; x_wconf 91' lang='lat' dir='ltr'>in</span> <span class='ocrx_word' id='word_1_339' title='bbox 2959 1340 3068 1396; x_wconf 88' lang='lat' dir='ltr'>hoc</span> <span class='ocrx_word' id='word_1_340' title='bbox 3097 1358 3213 1396; x_wconf 92' lang='lat' dir='ltr'>non</span> <span class='ocrx_word' id='word_1_341' title='bbox 3241 1347 3379 1398; x_wconf 90' lang='lat' dir='ltr'>sunt</span> <span class='ocrx_word' id='word_1_342' title='bbox 3407 1342 3519 1399; x_wconf 90' lang='lat' dir='ltr'>sui.</span> <span class='ocrx_word' id='word_1_343' title='bbox 3548 1344 3707 1400; x_wconf 87' lang='lat' dir='ltr'>Unde</span> 
     </span>
    </p>
   </div>
   <div class='ocr_carea' id='block_1_44' title="bbox 2053 1426 3699 1502">
    <p class='ocr_par' dir='ltr' id='par_1_44' title="bbox 2053 1426 3699 1502">
     <span class='ocr_line' id='line_1_44' title="bbox 2053 1426 3699 1502; baseline 0.002 -21"><span class='ocrx_word' id='word_1_344' title='bbox 2053 1426 2269 1482; x_wconf 85' lang='lat' dir='ltr'>dicitur</span> <span class='ocrx_word' id='word_1_345' title='bbox 2289 1444 2341 1483; x_wconf 76' lang='lat' dir='ltr'>:u</span> <span class='ocrx_word' id='word_1_346' title='bbox 2359 1428 2626 1485; x_wconf 87' lang='lat' dir='ltr'>Charitas</span> <span class='ocrx_word' id='word_1_347' title='bbox 2648 1431 2803 1484; x_wconf 88' lang='lat' dir='ltr'>foras</span> <span class='ocrx_word' id='word_1_348' title='bbox 2830 1428 3009 1484; x_wconf 84' lang='lat' dir='ltr'>mittit</span> <span class='ocrx_word' id='word_1_349' title='bbox 3036 1430 3306 1485; x_wconf 89' lang='lat' dir='ltr'>timorem</span> <span class='ocrx_word' id='word_1_350' title='bbox 3328 1433 3503 1501; x_wconf 79' lang='lat' dir='ltr'>(Rom.</span> <span class='ocrx_word' id='word_1_351' title='bbox 3521 1434 3699 1502; x_wconf 65' lang='grc' dir='ltr'>καθ.»</span> 
     </span>
    </p>
   </div>
   <div class='ocr_carea' id='block_1_45' title="bbox 2061 1515 3703 1592">
    <p class='ocr_par' dir='ltr' id='par_1_45' title="bbox 2061 1515 3703 1592">
     <span class='ocr_line' id='line_1_45' title="bbox 2061 1515 3703 1592; baseline 0.005 -25"><span class='ocrx_word' id='word_1_352' title='bbox 2061 1537 2087 1567; x_wconf 86' lang='grc'>‹‹</span> <span class='ocrx_word' id='word_1_353' title='bbox 2120 1515 2300 1572; x_wconf 79' lang='lat' dir='ltr'>Millia</span> <span class='ocrx_word' id='word_1_354' title='bbox 2342 1516 2541 1589; x_wconf 89' lang='lat' dir='ltr'>populi</span> <span class='ocrx_word' id='word_1_355' title='bbox 2573 1539 2600 1571; x_wconf 88' lang='grc'>››</span> <span class='ocrx_word' id='word_1_356' title='bbox 2638 1518 2877 1587; x_wconf 88' lang='lat' dir='ltr'>scilicet,</span> <span class='ocrx_word' id='word_1_357' title='bbox 2914 1523 3290 1592; x_wconf 87' lang='lat' dir='ltr'>quotcunque</span> <span class='ocrx_word' id='word_1_358' title='bbox 3339 1521 3517 1575; x_wconf 90' lang='lat' dir='ltr'>etiam</span> <span class='ocrx_word' id='word_1_359' title='bbox 3567 1522 3703 1591; x_wconf 87' lang='lat' dir='ltr'>sint,</span> 
     </span>
    </p>
   </div>
   <div class='ocr_carea' id='block_1_46' title="bbox 2054 1604 3708 1680">
    <p class='ocr_par' dir='ltr' id='par_1_46' title="bbox 2054 1604 3708 1680">
     <span class='ocr_line' id='line_1_46' title="bbox 2054 1604 3708 1680; baseline 0.005 -22"><span class='ocrx_word' id='word_1_360' title='bbox 2054 1604 2153 1675; x_wconf 88' lang='lat' dir='ltr'>qui</span> <span class='ocrx_word' id='word_1_361' title='bbox 2180 1609 2374 1660; x_wconf 89' lang='lat' dir='ltr'>tamen</span> <span class='ocrx_word' id='word_1_362' title='bbox 2408 1606 2655 1661; x_wconf 84' lang='lat' dir='ltr'>timendi</span> <span class='ocrx_word' id='word_1_363' title='bbox 2674 1606 3026 1676; x_wconf 87' lang='lat' dir='ltr'>viderentur,</span> <span class='ocrx_word' id='word_1_364' title='bbox 3047 1607 3187 1680; x_wconf 88' lang='lat' dir='ltr'>quia</span> <span class='ocrx_word' id='word_1_365' title='bbox 3214 1608 3583 1665; x_wconf 87' lang='lat' dir='ltr'>circumdant</span> <span class='ocrx_word' id='word_1_366' title='bbox 3616 1626 3708 1666; x_wconf 89' lang='lat' dir='ltr'>me</span> 
     </span>
    </p>
   </div>
   <div class='ocr_carea' id='block_1_47' title="bbox 2052 1691 3705 1762">
    <p class='ocr_par' dir='ltr' id='par_1_47' title="bbox 2052 1691 3705 1762">
     <span class='ocr_line' id='line_1_47' title="bbox 2052 1691 3705 1762; baseline 0.005 -17"><span class='ocrx_word' id='word_1_367' title='bbox 2052 1691 2109 1745; x_wconf 91' lang='lat' dir='ltr'>in</span> <span class='ocrx_word' id='word_1_368' title='bbox 2146 1694 2311 1762; x_wconf 86' lang='lat' dir='ltr'>meis,</span> <span class='ocrx_word' id='word_1_369' title='bbox 2342 1699 2398 1749; x_wconf 91' lang='lat' dir='ltr'>et</span> <span class='ocrx_word' id='word_1_370' title='bbox 2428 1695 2537 1749; x_wconf 90' lang='lat' dir='ltr'>hoc</span> <span class='ocrx_word' id='word_1_371' title='bbox 2560 1701 2648 1751; x_wconf 89' lang='lat' dir='ltr'>est</span> <span class='ocrx_word' id='word_1_372' title='bbox 2669 1695 3090 1751; x_wconf 89' lang='lat' dir='ltr'>circumdantis</span> <span class='ocrx_word' id='word_1_373' title='bbox 3114 1713 3226 1751; x_wconf 90' lang='lat' dir='ltr'>me.</span> <span class='ocrx_word' id='word_1_374' title='bbox 3253 1696 3522 1755; x_wconf 84' lang='lat' dir='ltr'>Christus</span> <span class='ocrx_word' id='word_1_375' title='bbox 3549 1699 3705 1754; x_wconf 88' lang='lat' dir='ltr'>enim</span> 
     </span>
    </p>
   </div>
   <div class='ocr_carea' id='block_1_48' title="bbox 2054 1782 3706 1857">
    <p class='ocr_par' dir='ltr' id='par_1_48' title="bbox 2054 1782 3706 1857">
     <span class='ocr_line' id='line_1_48' title="bbox 2054 1782 3706 1857; baseline 0.005 -22"><span class='ocrx_word' id='word_1_376' title='bbox 2054 1782 2438 1854; x_wconf 84' lang='lat' dir='ltr'>impassibilis</span> <span class='ocrx_word' id='word_1_377' title='bbox 2470 1788 2526 1838; x_wconf 86' lang='lat' dir='ltr'>et</span> <span class='ocrx_word' id='word_1_378' title='bbox 2557 1783 2907 1839; x_wconf 86' lang='lat' dir='ltr'>immortalis</span> <span class='ocrx_word' id='word_1_379' title='bbox 2936 1784 3286 1857; x_wconf 87' lang='lat' dir='ltr'>factus,jam</span> <span class='ocrx_word' id='word_1_380' title='bbox 3322 1785 3379 1840; x_wconf 90' lang='lat' dir='ltr'>in</span> <span class='ocrx_word' id='word_1_381' title='bbox 3407 1803 3469 1841; x_wconf 90' lang='lat' dir='ltr'>se</span> <span class='ocrx_word' id='word_1_382' title='bbox 3498 1787 3706 1843; x_wconf 90' lang='lat' dir='ltr'>timere</span> 
     </span>
    </p>
   </div>
   <div class='ocr_carea' id='block_1_49' title="bbox 2052 1873 3702 1946">
    <p class='ocr_par' dir='ltr' id='par_1_49' title="bbox 2052 1873 3702 1946">
     <span class='ocr_line' id='line_1_49' title="bbox 2052 1873 3702 1946; baseline 0.004 -21"><span class='ocrx_word' id='word_1_383' title='bbox 2052 1888 2167 1926; x_wconf 88' lang='lat' dir='ltr'>non</span> <span class='ocrx_word' id='word_1_384' title='bbox 2198 1877 2424 1944; x_wconf 88' lang='lat' dir='ltr'>poterat</span> <span class='ocrx_word' id='word_1_385' title='bbox 2458 1889 2471 1927; x_wconf 89' lang='lat'>:</span> <span class='ocrx_word' id='word_1_386' title='bbox 2507 1873 2607 1945; x_wconf 85' lang='lat' dir='ltr'>qui</span> <span class='ocrx_word' id='word_1_387' title='bbox 2637 1877 2831 1928; x_wconf 89' lang='lat' dir='ltr'>autem</span> <span class='ocrx_word' id='word_1_388' title='bbox 2864 1878 3300 1946; x_wconf 88' lang='lat' dir='ltr'>persequuntur</span> <span class='ocrx_word' id='word_1_389' title='bbox 3329 1874 3550 1943; x_wconf 86' lang='lat' dir='ltr'>ﬁdeles,</span> <span class='ocrx_word' id='word_1_390' title='bbox 3586 1892 3702 1931; x_wconf 90' lang='lat' dir='ltr'>non</span> 
     </span>
    </p>
   </div>
   <div class='ocr_carea' id='block_1_50' title="bbox 2052 1959 3704 2035">
    <p class='ocr_par' dir='ltr' id='par_1_50' title="bbox 2052 1959 3704 2035">
     <span class='ocr_line' id='line_1_50' title="bbox 2052 1959 3704 2035; baseline 0.004 -22"><span class='ocrx_word' id='word_1_391' title='bbox 2052 1959 2231 2032; x_wconf 90' lang='lat' dir='ltr'>ipsos,</span> <span class='ocrx_word' id='word_1_392' title='bbox 2258 1963 2358 2017; x_wconf 90' lang='lat' dir='ltr'>sed</span> <span class='ocrx_word' id='word_1_393' title='bbox 2383 1962 2683 2017; x_wconf 88' lang='lat' dir='ltr'>Christum</span> <span class='ocrx_word' id='word_1_394' title='bbox 2706 1963 2763 2016; x_wconf 91' lang='lat' dir='ltr'>in</span> <span class='ocrx_word' id='word_1_395' title='bbox 2788 1961 2929 2034; x_wconf 89' lang='lat' dir='ltr'>ipsis</span> <span class='ocrx_word' id='word_1_396' title='bbox 2951 1969 3406 2035; x_wconf 88' lang='lat' dir='ltr'>persequuntur.</span> <span class='ocrx_word' id='word_1_397' title='bbox 3431 1964 3538 2020; x_wconf 91' lang='lat' dir='ltr'>Ubi</span> <span class='ocrx_word' id='word_1_398' title='bbox 3562 1964 3704 2020; x_wconf 88' lang='lat' dir='ltr'>dicit</span> 
     </span>
    </p>
   </div>
   <div class='ocr_carea' id='block_1_51' title="bbox 2059 2051 3700 2124">
    <p class='ocr_par' dir='ltr' id='par_1_51' title="bbox 2059 2051 3700 2124">
     <span class='ocr_line' id='line_1_51' title="bbox 2059 2051 3700 2124; baseline 0.004 -22"><span class='ocrx_word' id='word_1_399' title='bbox 2059 2071 2085 2102; x_wconf 72' lang='grc' dir='ltr'><strong>α</strong></span> <span class='ocrx_word' id='word_1_400' title='bbox 2117 2068 2231 2105; x_wconf 88' lang='lat' dir='ltr'>non</span> <span class='ocrx_word' id='word_1_401' title='bbox 2283 2051 2522 2122; x_wconf 84' lang='lat' dir='ltr'>timebo,</span> <span class='ocrx_word' id='word_1_402' title='bbox 2546 2070 2571 2103; x_wconf 75' lang='grc' dir='ltr'><strong>η</strong></span> <span class='ocrx_word' id='word_1_403' title='bbox 2610 2055 2775 2106; x_wconf 89' lang='lat' dir='ltr'>notat</span> <span class='ocrx_word' id='word_1_404' title='bbox 2820 2051 3223 2121; x_wconf 89' lang='lat' dir='ltr'>intentionem,</span> <span class='ocrx_word' id='word_1_405' title='bbox 3257 2052 3477 2107; x_wconf 89' lang='lat' dir='ltr'>scilicet</span> <span class='ocrx_word' id='word_1_406' title='bbox 3506 2057 3571 2108; x_wconf 85' lang='lat' dir='ltr'>ut</span> <span class='ocrx_word' id='word_1_407' title='bbox 3598 2070 3700 2124; x_wconf 89' lang='lat' dir='ltr'>pa-</span> 
     </span>
    </p>
   </div>
   <div class='ocr_carea' id='block_1_52' title="bbox 2053 2139 3640 2205">
    <p class='ocr_par' dir='ltr' id='par_1_52' title="bbox 2053 2139 3640 2205">
     <span class='ocr_line' id='line_1_52' title="bbox 2053 2139 3640 2205; baseline 0.003 -12"><span class='ocrx_word' id='word_1_408' title='bbox 2053 2139 2263 2194; x_wconf 89' lang='lat' dir='ltr'>tienter</span> <span class='ocrx_word' id='word_1_409' title='bbox 2292 2140 2491 2195; x_wconf 88' lang='lat' dir='ltr'>omnia</span> <span class='ocrx_word' id='word_1_410' title='bbox 2520 2140 2943 2205; x_wconf 84' lang='lat' dir='ltr'>sustineamus,</span> <span class='ocrx_word' id='word_1_411' title='bbox 2977 2144 3033 2195; x_wconf 94' lang='lat' dir='ltr'>et</span> <span class='ocrx_word' id='word_1_412' title='bbox 3063 2145 3127 2196; x_wconf 93' lang='lat' dir='ltr'>ut</span> <span class='ocrx_word' id='word_1_413' title='bbox 3156 2159 3271 2196; x_wconf 90' lang='lat' dir='ltr'>non</span> <span class='ocrx_word' id='word_1_414' title='bbox 3304 2141 3640 2198; x_wconf 90' lang='lat' dir='ltr'>timeamus.</span> 
     </span>
    </p>
   </div>
   <div class='ocr_carea' id='block_1_53' title="bbox 2127 2228 3700 2303">
    <p class='ocr_par' dir='ltr' id='par_1_53' title="bbox 2127 2228 3700 2303">
     <span class='ocr_line' id='line_1_53' title="bbox 2127 2228 3700 2303; baseline 0.006 -24"><span class='ocrx_word' id='word_1_415' title='bbox 2127 2250 2153 2279; x_wconf 86' lang='grc'><em>‹‹</em></span> <span class='ocrx_word' id='word_1_416' title='bbox 2184 2230 2293 2294; x_wconf 90' lang='lat' dir='ltr'>Tu,</span> <span class='ocrx_word' id='word_1_417' title='bbox 2328 2228 2592 2297; x_wconf 90' lang='lat' dir='ltr'>Domine,</span> <span class='ocrx_word' id='word_1_418' title='bbox 2626 2246 2893 2302; x_wconf 82' lang='lat' dir='ltr'>exsurge,</span> <span class='ocrx_word' id='word_1_419' title='bbox 2922 2253 2942 2281; x_wconf 75' lang='grc' dir='ltr'><strong><em>ι</em></strong></span> <span class='ocrx_word' id='word_1_420' title='bbox 2974 2230 3031 2284; x_wconf 90' lang='lat' dir='ltr'>id</span> <span class='ocrx_word' id='word_1_421' title='bbox 3072 2233 3161 2286; x_wconf 88' lang='lat' dir='ltr'>est</span> <span class='ocrx_word' id='word_1_422' title='bbox 3207 2230 3406 2286; x_wconf 87' lang='lat' dir='ltr'>confer</span> <span class='ocrx_word' id='word_1_423' title='bbox 3450 2232 3700 2303; x_wconf 87' lang='lat' dir='ltr'>gratiam</span> 
     </span>
    </p>
   </div>
   <div class='ocr_carea' id='block_1_54' title="bbox 2050 2318 3698 2392">
    <p class='ocr_par' dir='ltr' id='par_1_54' title="bbox 2050 2318 3698 2392">
     <span class='ocr_line' id='line_1_54' title="bbox 2050 2318 3698 2392; baseline 0.002 -19"><span class='ocrx_word' id='word_1_424' title='bbox 2050 2318 2495 2374; x_wconf 87' lang='lat' dir='ltr'>auxiliatricem.</span> <span class='ocrx_word' id='word_1_425' title='bbox 2530 2318 2815 2374; x_wconf 90' lang='lat' dir='ltr'>Dominus</span> <span class='ocrx_word' id='word_1_426' title='bbox 2859 2320 3017 2374; x_wconf 90' lang='lat' dir='ltr'>enim</span> <span class='ocrx_word' id='word_1_427' title='bbox 3058 2324 3197 2376; x_wconf 90' lang='lat' dir='ltr'>tunc</span> <span class='ocrx_word' id='word_1_428' title='bbox 3229 2319 3443 2376; x_wconf 91' lang='lat' dir='ltr'>dicitur</span> <span class='ocrx_word' id='word_1_429' title='bbox 3480 2321 3698 2392; x_wconf 87' lang='lat' dir='ltr'>jacere,</span> 
     </span>
    </p>
   </div>
   <div class='ocr_carea' id='block_1_55' title="bbox 2050 2408 3700 2483">
    <p class='ocr_par' dir='ltr' id='par_1_55' title="bbox 2050 2408 3700 2483">
     <span class='ocr_line' id='line_1_55' title="bbox 2050 2408 3700 2483; baseline 0.002 -22"><span class='ocrx_word' id='word_1_430' title='bbox 2050 2409 2284 2479; x_wconf 89' lang='lat' dir='ltr'>quando</span> <span class='ocrx_word' id='word_1_431' title='bbox 2318 2409 2616 2463; x_wconf 87' lang='lat' dir='ltr'>subtracta</span> <span class='ocrx_word' id='word_1_432' title='bbox 2634 2408 2842 2481; x_wconf 87' lang='lat' dir='ltr'>gratia,</span> <span class='ocrx_word' id='word_1_433' title='bbox 2868 2425 3007 2464; x_wconf 88' lang='lat' dir='ltr'>suos</span> <span class='ocrx_word' id='word_1_434' title='bbox 3037 2408 3210 2464; x_wconf 87' lang='lat' dir='ltr'>alicui</span> <span class='ocrx_word' id='word_1_435' title='bbox 3232 2410 3541 2465; x_wconf 87' lang='lat' dir='ltr'>tentationi</span> <span class='ocrx_word' id='word_1_436' title='bbox 3572 2427 3700 2483; x_wconf 91' lang='lat' dir='ltr'>per-</span> 
     </span>
    </p>
   </div>
   <div class='ocr_carea' id='block_1_56' title="bbox 2049 2484 3701 2571">
    <p class='ocr_par' dir='ltr' id='par_1_56' title="bbox 2049 2484 3701 2571">
     <span class='ocr_line' id='line_1_56' title="bbox 2049 2484 3701 2571; baseline 0.004 -22"><span class='ocrx_word' id='word_1_437' title='bbox 2049 2496 2230 2550; x_wconf 88' lang='lat' dir='ltr'>mittit</span> <span class='ocrx_word' id='word_1_438' title='bbox 2258 2497 2461 2552; x_wconf 89' lang='lat' dir='ltr'>cedere</span> <span class='ocrx_word' id='word_1_439' title='bbox 2487 2515 2499 2552; x_wconf 92' lang='lat'><strong>:</strong></span> <span class='ocrx_word' id='word_1_440' title='bbox 2527 2501 2664 2552; x_wconf 90' lang='lat' dir='ltr'>tunc</span> <span class='ocrx_word' id='word_1_441' title='bbox 2694 2515 2827 2553; x_wconf 89' lang='lat' dir='ltr'>vero</span> <span class='ocrx_word' id='word_1_442' title='bbox 2869 2498 3085 2553; x_wconf 89' lang='lat' dir='ltr'>dicitur</span> <span class='ocrx_word' id='word_1_443' title='bbox 3114 2484 3442 2571; x_wconf 81' lang='lat' dir='ltr'>exsurgere,</span> <span class='ocrx_word' id='word_1_444' title='bbox 3468 2499 3701 2571; x_wconf 89' lang='lat' dir='ltr'>quando</span> 
     </span>
    </p>
   </div>
   <div class='ocr_carea' id='block_1_57' title="bbox 2049 2586 3700 2659">
    <p class='ocr_par' dir='ltr' id='par_1_57' title="bbox 2049 2586 3700 2659">
     <span class='ocr_line' id='line_1_57' title="bbox 2049 2586 3700 2659; baseline 0.002 -19"><span class='ocrx_word' id='word_1_445' title='bbox 2049 2602 2187 2641; x_wconf 88' lang='lat' dir='ltr'>suos</span> <span class='ocrx_word' id='word_1_446' title='bbox 2208 2603 2441 2641; x_wconf 89' lang='lat' dir='ltr'>omnem</span> <span class='ocrx_word' id='word_1_447' title='bbox 2463 2586 2843 2641; x_wconf 89' lang='lat' dir='ltr'>tentationem</span> <span class='ocrx_word' id='word_1_448' title='bbox 2867 2586 3007 2641; x_wconf 82' lang='lat' dir='ltr'>facit</span> <span class='ocrx_word' id='word_1_449' title='bbox 3024 2604 3371 2659; x_wconf 91' lang='lat' dir='ltr'>exsuperare</span> <span class='ocrx_word' id='word_1_450' title='bbox 3388 2589 3544 2659; x_wconf 91' lang='lat' dir='ltr'>quod</span> <span class='ocrx_word' id='word_1_451' title='bbox 3567 2587 3700 2644; x_wconf 89' lang='lat' dir='ltr'>inde</span> 
     </span>
    </p>
   </div>
   <div class='ocr_carea' id='block_1_58' title="bbox 2050 2674 3699 2748">
    <p class='ocr_par' dir='ltr' id='par_1_58' title="bbox 2050 2674 3699 2748">
     <span class='ocr_line' id='line_1_58' title="bbox 2050 2674 3699 2748; baseline 0.002 -21"><span class='ocrx_word' id='word_1_452' title='bbox 2050 2674 2416 2747; x_wconf 83' lang='lat' dir='ltr'>intelligitur,</span> <span class='ocrx_word' id='word_1_453' title='bbox 2442 2675 2597 2746; x_wconf 90' lang='lat' dir='ltr'>quod</span> <span class='ocrx_word' id='word_1_454' title='bbox 2621 2674 2851 2729; x_wconf 91' lang='lat' dir='ltr'>Christo</span> <span class='ocrx_word' id='word_1_455' title='bbox 2874 2674 2931 2728; x_wconf 91' lang='lat' dir='ltr'>in</span> <span class='ocrx_word' id='word_1_456' title='bbox 2957 2674 3089 2729; x_wconf 88' lang='lat' dir='ltr'>navi</span> <span class='ocrx_word' id='word_1_457' title='bbox 3110 2675 3455 2743; x_wconf 88' lang='lat' dir='ltr'>dormiente,</span> <span class='ocrx_word' id='word_1_458' title='bbox 3479 2676 3568 2732; x_wconf 91' lang='lat' dir='ltr'>sui</span> <span class='ocrx_word' id='word_1_459' title='bbox 3601 2692 3699 2748; x_wconf 90' lang='lat' dir='ltr'>pe-</span> 
     </span>
    </p>
   </div>
   <div class='ocr_carea' id='block_1_59' title="bbox 2050 2763 3696 2835">
    <p class='ocr_par' dir='ltr' id='par_1_59' title="bbox 2050 2763 3696 2835">
     <span class='ocr_line' id='line_1_59' title="bbox 2050 2763 3696 2835; baseline 0.002 -19"><span class='ocrx_word' id='word_1_460' title='bbox 2050 2763 2458 2817; x_wconf 86' lang='lat' dir='ltr'>riclitabantur</span> <span class='ocrx_word' id='word_1_461' title='bbox 2517 2781 2529 2817; x_wconf 90' lang='lat'>:</span> <span class='ocrx_word' id='word_1_462' title='bbox 2594 2779 2661 2818; x_wconf 93' lang='lat' dir='ltr'>eo</span> <span class='ocrx_word' id='word_1_463' title='bbox 2720 2767 3012 2835; x_wconf 86' lang='lat' dir='ltr'>surgente,</span> <span class='ocrx_word' id='word_1_464' title='bbox 3075 2764 3323 2817; x_wconf 86' lang='lat' dir='ltr'>cessavit</span> <span class='ocrx_word' id='word_1_465' title='bbox 3377 2765 3696 2834; x_wconf 89' lang='lat' dir='ltr'>quassatio.</span> 
     </span>
    </p>
   </div>
   <div class='ocr_carea' id='block_1_60' title="bbox 2054 2850 3695 2924">
    <p class='ocr_par' dir='ltr' id='par_1_60' title="bbox 2054 2850 3695 2924">
     <span class='ocr_line' id='line_1_60' title="bbox 2054 2850 3695 2924; baseline 0.002 -21"><span class='ocrx_word' id='word_1_466' title='bbox 2054 2852 2368 2922; x_wconf 84' lang='lat' dir='ltr'>«Exsurge</span> <span class='ocrx_word' id='word_1_467' title='bbox 2400 2872 2426 2899; x_wconf 89' lang='grc'>››</span> <span class='ocrx_word' id='word_1_468' title='bbox 2464 2851 2614 2919; x_wconf 88' lang='lat' dir='ltr'>dico,</span> <span class='ocrx_word' id='word_1_469' title='bbox 2659 2856 2715 2905; x_wconf 90' lang='lat' dir='ltr'>et</span> <span class='ocrx_word' id='word_1_470' title='bbox 2754 2872 2778 2903; x_wconf 86' lang='grc'><em>‹‹</em></span> <span class='ocrx_word' id='word_1_471' title='bbox 2809 2850 3035 2905; x_wconf 86' lang='lat' dir='ltr'>salvum</span> <span class='ocrx_word' id='word_1_472' title='bbox 3077 2866 3171 2905; x_wconf 89' lang='lat' dir='ltr'>me</span> <span class='ocrx_word' id='word_1_473' title='bbox 3218 2851 3309 2905; x_wconf 84' lang='lat' dir='ltr'>fac</span> <span class='ocrx_word' id='word_1_474' title='bbox 3347 2873 3376 2901; x_wconf 87' lang='lat'><strong>»</strong></span> <span class='ocrx_word' id='word_1_475' title='bbox 3411 2855 3467 2905; x_wconf 90' lang='lat' dir='ltr'>et</span> <span class='ocrx_word' id='word_1_476' title='bbox 3510 2868 3695 2924; x_wconf 87' lang='lat' dir='ltr'>meos,</span> 
     </span>
    </p>
   </div>
   <div class='ocr_carea' id='block_1_61' title="bbox 2053 2938 3693 3010">
    <p class='ocr_par' dir='ltr' id='par_1_61' title="bbox 2053 2938 3693 3010">
     <span class='ocr_line' id='line_1_61' title="bbox 2053 2938 3693 3010; baseline 0.002 -17"><span class='ocrx_word' id='word_1_477' title='bbox 2053 2961 2079 2993; x_wconf 72' lang='grc' dir='ltr'>α</span> <span class='ocrx_word' id='word_1_478' title='bbox 2109 2940 2262 2995; x_wconf 89' lang='lat' dir='ltr'>Deus</span> <span class='ocrx_word' id='word_1_479' title='bbox 2294 2956 2481 2995; x_wconf 88' lang='lat' dir='ltr'>meus.</span> <span class='ocrx_word' id='word_1_480' title='bbox 2505 2959 2531 2991; x_wconf 74' lang='grc' dir='ltr'>ι)</span> <span class='ocrx_word' id='word_1_481' title='bbox 2570 2940 2639 2994; x_wconf 86' lang='lat' dir='ltr'>Et</span> <span class='ocrx_word' id='word_1_482' title='bbox 2678 2943 2907 2993; x_wconf 89' lang='lat' dir='ltr'>constat</span> <span class='ocrx_word' id='word_1_483' title='bbox 2939 2939 3094 3010; x_wconf 87' lang='lat' dir='ltr'>quod</span> <span class='ocrx_word' id='word_1_484' title='bbox 3140 2939 3337 3006; x_wconf 86' lang='lat' dir='ltr'>facies,</span> <span class='ocrx_word' id='word_1_485' title='bbox 3370 2943 3427 2994; x_wconf 90' lang='lat' dir='ltr'>et</span> <span class='ocrx_word' id='word_1_486' title='bbox 3455 2938 3563 2994; x_wconf 88' lang='lat' dir='ltr'>hoc</span> <span class='ocrx_word' id='word_1_487' title='bbox 3595 2956 3693 2997; x_wconf 87' lang='lat' dir='ltr'>os-</span> 
     </span>
    </p>
   </div>
   <div class='ocr_carea' id='block_1_62' title="bbox 2044 3028 2910 3085">
    <p class='ocr_par' dir='ltr' id='par_1_62' title="bbox 2044 3028 2910 3085">
     <span class='ocr_line' id='line_1_62' title="bbox 2044 3028 2910 3085; baseline 0 -2"><span class='ocrx_word' id='word_1_488' title='bbox 2044 3030 2230 3085; x_wconf 87' lang='lat' dir='ltr'>tendit</span> <span class='ocrx_word' id='word_1_489' title='bbox 2258 3029 2314 3082; x_wconf 93' lang='lat' dir='ltr'>in</span> <span class='ocrx_word' id='word_1_490' title='bbox 2346 3028 2632 3084; x_wconf 90' lang='lat' dir='ltr'>contrario</span> <span class='ocrx_word' id='word_1_491' title='bbox 2664 3028 2863 3083; x_wconf 89' lang='lat' dir='ltr'>dicens</span> <span class='ocrx_word' id='word_1_492' title='bbox 2898 3045 2910 3083; x_wconf 91' lang='lat'><strong>:</strong></span> 
     </span>
    </p>
   </div>
   <div class='ocr_carea' id='block_1_63' title="bbox 2120 3115 3695 3189">
    <p class='ocr_par' dir='ltr' id='par_1_63' title="bbox 2120 3115 3695 3189">
     <span class='ocr_line' id='line_1_63' title="bbox 2120 3115 3695 3189; baseline 0.003 -18"><span class='ocrx_word' id='word_1_493' title='bbox 2120 3139 2147 3171; x_wconf 71' lang='grc' dir='ltr'><strong>α</strong></span> <span class='ocrx_word' id='word_1_494' title='bbox 2164 3118 2446 3183; x_wconf 87' lang='lat' dir='ltr'>Quoniam</span> <span class='ocrx_word' id='word_1_495' title='bbox 2465 3122 2526 3172; x_wconf 90' lang='lat' dir='ltr'>tu</span> <span class='ocrx_word' id='word_1_496' title='bbox 2547 3115 2889 3189; x_wconf 89' lang='lat' dir='ltr'>percussisti</span> <span class='ocrx_word' id='word_1_497' title='bbox 2922 3134 3127 3174; x_wconf 90' lang='lat' dir='ltr'>omnes</span> <span class='ocrx_word' id='word_1_498' title='bbox 3145 3137 3171 3169; x_wconf 71' lang='grc' dir='ltr'><strong><em>υ</em></strong></span> <span class='ocrx_word' id='word_1_499' title='bbox 3197 3117 3415 3174; x_wconf 90' lang='lat' dir='ltr'>scilicet</span> <span class='ocrx_word' id='word_1_500' title='bbox 3434 3118 3695 3176; x_wconf 89' lang='lat' dir='ltr'>interiori</span> 
     </span>
    </p>
   </div>
   <div class='ocr_carea' id='block_1_64' title="bbox 2045 3204 3697 3280">
    <p class='ocr_par' dir='ltr' id='par_1_64' title="bbox 2045 3204 3697 3280">
     <span class='ocr_line' id='line_1_64' title="bbox 2045 3204 3697 3280; baseline 0.002 -19"><span class='ocrx_word' id='word_1_501' title='bbox 2045 3210 2102 3261; x_wconf 90' lang='lat' dir='ltr'>et</span> <span class='ocrx_word' id='word_1_502' title='bbox 2135 3204 2400 3260; x_wconf 83' lang='lat' dir='ltr'>exteriori</span> <span class='ocrx_word' id='word_1_503' title='bbox 2432 3205 2809 3260; x_wconf 87' lang='lat' dir='ltr'>damnatione</span> <span class='ocrx_word' id='word_1_504' title='bbox 2848 3225 2873 3256; x_wconf 77' lang='grc' dir='ltr'>α</span> <span class='ocrx_word' id='word_1_505' title='bbox 2905 3205 3279 3262; x_wconf 82' lang='lat' dir='ltr'>adversantes</span> <span class='ocrx_word' id='word_1_506' title='bbox 3319 3207 3464 3262; x_wconf 90' lang='lat' dir='ltr'>mihi</span> <span class='ocrx_word' id='word_1_507' title='bbox 3494 3228 3519 3259; x_wconf 74' lang='grc' dir='ltr'>»ι</span> <span class='ocrx_word' id='word_1_508' title='bbox 3559 3207 3697 3280; x_wconf 88' lang='lat' dir='ltr'>quia</span> 
     </span>
    </p>
   </div>
   <div class='ocr_carea' id='block_1_65' title="bbox 264 3275 3698 3370">
    <p class='ocr_par' dir='ltr' id='par_1_65' title="bbox 264 3275 3698 3370">
     <span class='ocr_line' id='line_1_65' title="bbox 264 3275 3698 3370; baseline -0.001 -14"><span class='ocrx_word' id='word_1_509' title='bbox 264 3275 424 3370; x_wconf 69' lang='lat' dir='ltr'>quod</span> <span class='ocrx_word' id='word_1_510' title='bbox 452 3315 598 3353; x_wconf 90' lang='lat' dir='ltr'>eum</span> <span class='ocrx_word' id='word_1_511' title='bbox 622 3300 789 3353; x_wconf 87' lang='lat' dir='ltr'>tanta</span> <span class='ocrx_word' id='word_1_512' title='bbox 810 3275 1161 3353; x_wconf 80' lang='lat' dir='ltr'>exaltatione</span> <span class='ocrx_word' id='word_1_513' title='bbox 1183 3295 1427 3367; x_wconf 85' lang='lat' dir='ltr'>dignum</span> <span class='ocrx_word' id='word_1_514' title='bbox 1449 3275 1722 3350; x_wconf 82' lang='lat' dir='ltr'>ostendit.</span> <span class='ocrx_word' id='word_1_515' title='bbox 1747 3275 1935 3349; x_wconf 77' lang='lat' dir='ltr'>Conti-</span> <span class='ocrx_word' id='word_1_516' title='bbox 1964 3275 2008 3342; x_wconf 83' lang='lat' dir='ltr'>C</span> <span class='ocrx_word' id='word_1_517' title='bbox 2052 3316 2078 3347; x_wconf 78' lang='grc' dir='ltr'>α</span> <span class='ocrx_word' id='word_1_518' title='bbox 2105 3295 2230 3349; x_wconf 88' lang='lat' dir='ltr'>sine</span> <span class='ocrx_word' id='word_1_519' title='bbox 2252 3311 2430 3349; x_wconf 88' lang='lat' dir='ltr'>causa</span> <span class='ocrx_word' id='word_1_520' title='bbox 2452 3316 2479 3344; x_wconf 83' lang='lat'>»</span> <span class='ocrx_word' id='word_1_521' title='bbox 2507 3294 2968 3349; x_wconf 86' lang='lat' dir='ltr'>adversabantur</span> <span class='ocrx_word' id='word_1_522' title='bbox 2991 3311 3003 3349; x_wconf 94' lang='lat'>:</span> <span class='ocrx_word' id='word_1_523' title='bbox 3029 3298 3085 3350; x_wconf 91' lang='lat' dir='ltr'>ct</span> <span class='ocrx_word' id='word_1_524' title='bbox 3105 3311 3221 3350; x_wconf 89' lang='lat' dir='ltr'>non</span> <span class='ocrx_word' id='word_1_525' title='bbox 3246 3300 3477 3352; x_wconf 89' lang='lat' dir='ltr'>tantum</span> <span class='ocrx_word' id='word_1_526' title='bbox 3504 3275 3698 3351; x_wconf 61' lang='lat' dir='ltr'>adver-</span> 
     </span>
    </p>
   </div>
   <div class='ocr_carea' id='block_1_66' title="bbox 264 3382 1939 3455">
    <p class='ocr_par' dir='ltr' id='par_1_66' title="bbox 264 3382 1939 3455">
     <span class='ocr_line' id='line_1_66' title="bbox 264 3382 1939 3455; baseline -0.002 -14"><span class='ocrx_word' id='word_1_527' title='bbox 264 3388 472 3443; x_wconf 87' lang='lat' dir='ltr'>nuatio</span> <span class='ocrx_word' id='word_1_528' title='bbox 500 3405 514 3442; x_wconf 86' lang='lat'><strong>:</strong></span> <span class='ocrx_word' id='word_1_529' title='bbox 544 3386 752 3442; x_wconf 84' lang='lat' dir='ltr'>Merito</span> <span class='ocrx_word' id='word_1_530' title='bbox 774 3383 1040 3441; x_wconf 86' lang='lat' dir='ltr'>exaltasti</span> <span class='ocrx_word' id='word_1_531' title='bbox 1064 3383 1324 3455; x_wconf 89' lang='lat' dir='ltr'>me,quia</span> <span class='ocrx_word' id='word_1_532' title='bbox 1346 3403 1366 3430; x_wconf 72' lang='grc' dir='ltr'><em>α</em></span> <span class='ocrx_word' id='word_1_533' title='bbox 1388 3382 1630 3438; x_wconf 86' lang='lat' dir='ltr'>clamavi</span> <span class='ocrx_word' id='word_1_534' title='bbox 1654 3383 1722 3439; x_wconf 89' lang='lat' dir='ltr'>ad</span> <span class='ocrx_word' id='word_1_535' title='bbox 1750 3383 1939 3439; x_wconf 77' lang='lat' dir='ltr'>Domi-</span> 
     </span>
    </p>
   </div>
   <div class='ocr_carea' id='block_1_67' title="bbox 258 3472 1937 3547">
    <p class='ocr_par' dir='ltr' id='par_1_67' title="bbox 258 3472 1937 3547">
     <span class='ocr_line' id='line_1_67' title="bbox 258 3472 1937 3547; baseline -0.001 -15"><span class='ocrx_word' id='word_1_536' title='bbox 258 3495 401 3533; x_wconf 88' lang='lat' dir='ltr'>num</span> <span class='ocrx_word' id='word_1_537' title='bbox 431 3499 463 3527; x_wconf 82' lang='lat'>»</span> <span class='ocrx_word' id='word_1_538' title='bbox 486 3475 813 3547; x_wconf 87' lang='lat' dir='ltr'>aliquando</span> <span class='ocrx_word' id='word_1_539' title='bbox 835 3473 1087 3530; x_wconf 88' lang='lat' dir='ltr'>clamore</span> <span class='ocrx_word' id='word_1_540' title='bbox 1121 3473 1409 3528; x_wconf 83' lang='lat' dir='ltr'>exteriori.</span> <span class='ocrx_word' id='word_1_541' title='bbox 1435 3472 1596 3528; x_wconf 90' lang='lat' dir='ltr'>Unde</span> <span class='ocrx_word' id='word_1_542' title='bbox 1625 3473 1937 3544; x_wconf 83' lang='lat' dir='ltr'>Apostolus</span> 
     </span>
    </p>
   </div>
   <div class='ocr_carea' id='block_1_68' title="bbox 257 3561 1937 3636">
    <p class='ocr_par' dir='ltr' id='par_1_68' title="bbox 257 3561 1937 3636">
     <span class='ocr_line' id='line_1_68' title="bbox 257 3561 1937 3636; baseline -0.002 -16"><span class='ocrx_word' id='word_1_543' title='bbox 257 3567 519 3623; x_wconf 80' lang='lat' dir='ltr'>otl‘ercns</span> <span class='ocrx_word' id='word_1_544' title='bbox 544 3566 665 3621; x_wconf 91' lang='lat' dir='ltr'>Deo</span> <span class='ocrx_word' id='word_1_545' title='bbox 712 3581 913 3636; x_wconf 89' lang='lat' dir='ltr'>preces</span> <span class='ocrx_word' id='word_1_546' title='bbox 955 3568 1011 3618; x_wconf 89' lang='lat' dir='ltr'>et</span> <span class='ocrx_word' id='word_1_547' title='bbox 1050 3561 1507 3635; x_wconf 86' lang='lat' dir='ltr'>supplicationes</span> <span class='ocrx_word' id='word_1_548' title='bbox 1530 3578 1662 3616; x_wconf 89' lang='lat' dir='ltr'>cum</span> <span class='ocrx_word' id='word_1_549' title='bbox 1684 3562 1937 3617; x_wconf 87' lang='lat' dir='ltr'>clamore</span> 
     </span>
    </p>
   </div>
   <div class='ocr_carea' id='block_1_69' title="bbox 258 3649 1936 3726">
    <p class='ocr_par' dir='ltr' id='par_1_69' title="bbox 258 3649 1936 3726">
     <span class='ocr_line' id='line_1_69' title="bbox 258 3649 1936 3726; baseline -0.003 -15"><span class='ocrx_word' id='word_1_550' title='bbox 258 3655 454 3711; x_wconf 85' lang='lat' dir='ltr'>valido</span> <span class='ocrx_word' id='word_1_551' title='bbox 488 3659 552 3710; x_wconf 89' lang='lat' dir='ltr'>et</span> <span class='ocrx_word' id='word_1_552' title='bbox 592 3653 889 3726; x_wconf 76' lang='lat' dir='ltr'>lacrymis,</span> <span class='ocrx_word' id='word_1_553' title='bbox 915 3651 1175 3708; x_wconf 90' lang='lat' dir='ltr'>interiori</span> <span class='ocrx_word' id='word_1_554' title='bbox 1217 3649 1469 3707; x_wconf 88' lang='lat' dir='ltr'>clamore</span> <span class='ocrx_word' id='word_1_555' title='bbox 1509 3652 1580 3706; x_wconf 89' lang='lat' dir='ltr'>ad</span> <span class='ocrx_word' id='word_1_556' title='bbox 1621 3651 1936 3707; x_wconf 90' lang='lat' dir='ltr'>Dominum</span> 
     </span>
    </p>
   </div>
   <div class='ocr_carea' id='block_1_70' title="bbox 262 3739 1943 3818">
    <p class='ocr_par' dir='ltr' id='par_1_70' title="bbox 262 3739 1943 3818">
     <span class='ocr_line' id='line_1_70' title="bbox 262 3739 1943 3818; baseline -0.002 -18"><span class='ocrx_word' id='word_1_557' title='bbox 262 3761 506 3818; x_wconf 86' lang='lat' dir='ltr'>semper</span> <span class='ocrx_word' id='word_1_558' title='bbox 520 3741 1058 3798; x_wconf 85' lang='lat' dir='ltr'>clamavit.Clamor</span> <span class='ocrx_word' id='word_1_559' title='bbox 1077 3740 1233 3796; x_wconf 88' lang='lat' dir='ltr'>enim</span> <span class='ocrx_word' id='word_1_560' title='bbox 1251 3744 1339 3797; x_wconf 91' lang='lat' dir='ltr'>est</span> <span class='ocrx_word' id='word_1_561' title='bbox 1356 3739 1413 3794; x_wconf 91' lang='lat' dir='ltr'>in</span> <span class='ocrx_word' id='word_1_562' title='bbox 1432 3740 1680 3795; x_wconf 89' lang='lat' dir='ltr'>remissa</span> <span class='ocrx_word' id='word_1_563' title='bbox 1694 3741 1943 3796; x_wconf 89' lang='lat' dir='ltr'>devotio-</span> 
     </span>
    </p>
   </div>
   <div class='ocr_carea' id='block_1_71' title="bbox 267 3828 1945 3901">
    <p class='ocr_par' dir='ltr' id='par_1_71' title="bbox 267 3828 1945 3901">
     <span class='ocr_line' id='line_1_71' title="bbox 267 3828 1945 3901; baseline -0.001 -14"><span class='ocrx_word' id='word_1_564' title='bbox 267 3833 355 3888; x_wconf 85' lang='lat' dir='ltr'>nis</span> <span class='ocrx_word' id='word_1_565' title='bbox 379 3831 721 3889; x_wconf 88' lang='lat' dir='ltr'>intentione</span> <span class='ocrx_word' id='word_1_566' title='bbox 735 3831 808 3886; x_wconf 91' lang='lat' dir='ltr'>ad</span> <span class='ocrx_word' id='word_1_567' title='bbox 826 3831 1008 3886; x_wconf 91' lang='lat' dir='ltr'>Deum</span> <span class='ocrx_word' id='word_1_568' title='bbox 1031 3829 1354 3885; x_wconf 87' lang='lat' dir='ltr'>intendere.</span> <span class='ocrx_word' id='word_1_569' title='bbox 1367 3828 1651 3883; x_wconf 75' lang='lat' dir='ltr'>«Clamavi</span> <span class='ocrx_word' id='word_1_570' title='bbox 1669 3853 1693 3879; x_wconf 85' lang='grc'><strong>››</strong></span> <span class='ocrx_word' id='word_1_571' title='bbox 1710 3830 1945 3901; x_wconf 89' lang='lat' dir='ltr'>propria</span> 
     </span>
    </p>
   </div>
   <div class='ocr_carea' id='block_1_72' title="bbox 260 3917 1948 3992">
    <p class='ocr_par' dir='ltr' id='par_1_72' title="bbox 260 3917 1948 3992">
     <span class='ocr_line' id='line_1_72' title="bbox 260 3917 1948 3992; baseline -0.002 -14"><span class='ocrx_word' id='word_1_572' title='bbox 260 3945 286 3971; x_wconf 71' lang='grc' dir='ltr'><strong><em>ιι</em></strong></span> <span class='ocrx_word' id='word_1_573' title='bbox 302 3940 445 3978; x_wconf 86' lang='lat' dir='ltr'>voce</span> <span class='ocrx_word' id='word_1_574' title='bbox 472 3938 615 3976; x_wconf 88' lang='lat' dir='ltr'>mea</span> <span class='ocrx_word' id='word_1_575' title='bbox 632 3945 660 3971; x_wconf 71' lang='grc' dir='ltr'>υ</span> <span class='ocrx_word' id='word_1_576' title='bbox 684 3919 781 3992; x_wconf 89' lang='lat' dir='ltr'>qui</span> <span class='ocrx_word' id='word_1_577' title='bbox 808 3918 1109 3975; x_wconf 88' lang='lat' dir='ltr'>multoties</span> <span class='ocrx_word' id='word_1_578' title='bbox 1135 3917 1557 3990; x_wconf 87' lang='lat' dir='ltr'>prophetarum</span> <span class='ocrx_word' id='word_1_579' title='bbox 1575 3935 1741 3977; x_wconf 79' lang='lat' dir='ltr'>voces</span> <span class='ocrx_word' id='word_1_580' title='bbox 1760 3918 1948 3974; x_wconf 86' lang='lat' dir='ltr'>clama</span> 
     </span>
    </p>
   </div>
   <div class='ocr_carea' id='block_1_73' title="bbox 259 4008 1944 4080">
    <p class='ocr_par' dir='ltr' id='par_1_73' title="bbox 259 4008 1944 4080">
     <span class='ocr_line' id='line_1_73' title="bbox 259 4008 1944 4080; baseline -0.001 -16"><span class='ocrx_word' id='word_1_581' title='bbox 259 4009 758 4066; x_wconf 85' lang='lat' dir='ltr'>veram.Clamavi</span> <span class='ocrx_word' id='word_1_582' title='bbox 774 4008 1010 4080; x_wconf 86' lang='lat' dir='ltr'>quidem</span> <span class='ocrx_word' id='word_1_583' title='bbox 1030 4031 1056 4057; x_wconf 81' lang='grc'><strong>‹‹</strong></span> <span class='ocrx_word' id='word_1_584' title='bbox 1077 4009 1147 4063; x_wconf 88' lang='lat' dir='ltr'>de</span> <span class='ocrx_word' id='word_1_585' title='bbox 1166 4011 1365 4061; x_wconf 90' lang='lat' dir='ltr'>monte</span> <span class='ocrx_word' id='word_1_586' title='bbox 1384 4011 1587 4063; x_wconf 89' lang='lat' dir='ltr'>sancto</span> <span class='ocrx_word' id='word_1_587' title='bbox 1605 4025 1765 4076; x_wconf 78' lang='lat' dir='ltr'>suo,»</span> <span class='ocrx_word' id='word_1_588' title='bbox 1784 4009 1839 4062; x_wconf 89' lang='lat' dir='ltr'>id</span> <span class='ocrx_word' id='word_1_589' title='bbox 1860 4026 1944 4064; x_wconf 90' lang='lat' dir='ltr'>es-</span> 
     </span>
    </p>
   </div>
   <div class='ocr_carea' id='block_1_74' title="bbox 260 4096 1947 4168">
    <p class='ocr_par' dir='ltr' id='par_1_74' title="bbox 260 4096 1947 4168">
     <span class='ocr_line' id='line_1_74' title="bbox 260 4096 1947 4168; baseline -0.001 -13"><span class='ocrx_word' id='word_1_590' title='bbox 260 4102 330 4155; x_wconf 87' lang='lat' dir='ltr'>de</span> <span class='ocrx_word' id='word_1_591' title='bbox 350 4118 488 4157; x_wconf 84' lang='lat' dir='ltr'>mea</span> <span class='ocrx_word' id='word_1_592' title='bbox 512 4098 897 4155; x_wconf 89' lang='lat' dir='ltr'>imminentia</span> <span class='ocrx_word' id='word_1_593' title='bbox 917 4096 1601 4164; x_wconf 84' lang='lat' dir='ltr'>virtutum,sanctilicata</span> <span class='ocrx_word' id='word_1_594' title='bbox 1618 4098 1687 4153; x_wconf 90' lang='lat' dir='ltr'>ab</span> <span class='ocrx_word' id='word_1_595' title='bbox 1713 4098 1838 4168; x_wconf 90' lang='lat' dir='ltr'>ipso</span> <span class='ocrx_word' id='word_1_596' title='bbox 1858 4116 1871 4153; x_wconf 88' lang='lat'>:</span> <span class='ocrx_word' id='word_1_597' title='bbox 1891 4110 1947 4159; x_wconf 86' lang='lat' dir='ltr'>ct</span> 
     </span>
    </p>
   </div>
   <div class='ocr_carea' id='block_1_75' title="bbox 262 4186 1946 4261">
    <p class='ocr_par' dir='ltr' id='par_1_75' title="bbox 262 4186 1946 4261">
     <span class='ocr_line' id='line_1_75' title="bbox 262 4186 1946 4261; baseline 0 -18"><span class='ocrx_word' id='word_1_598' title='bbox 262 4191 401 4261; x_wconf 85' lang='lat' dir='ltr'>quia</span> <span class='ocrx_word' id='word_1_599' title='bbox 422 4191 487 4245; x_wconf 92' lang='lat' dir='ltr'>in</span> <span class='ocrx_word' id='word_1_600' title='bbox 522 4188 842 4245; x_wconf 88' lang='lat' dir='ltr'>sanctitate</span> <span class='ocrx_word' id='word_1_601' title='bbox 868 4186 1136 4254; x_wconf 84' lang='lat' dir='ltr'>clamavi,</span> <span class='ocrx_word' id='word_1_602' title='bbox 1155 4188 1317 4257; x_wconf 88' lang='lat' dir='ltr'>juste</span> <span class='ocrx_word' id='word_1_603' title='bbox 1343 4209 1368 4235; x_wconf 74' lang='grc' dir='ltr'><strong>ι(</strong></span> <span class='ocrx_word' id='word_1_604' title='bbox 1392 4186 1743 4241; x_wconf 81' lang='lat' dir='ltr'>exaudivit.»</span> <span class='ocrx_word' id='word_1_605' title='bbox 1761 4189 1946 4243; x_wconf 86' lang='lat' dir='ltr'>Exaut</span> 
     </span>
    </p>
   </div>
   <div class='ocr_carea' id='block_1_76' title="bbox 256 4274 1950 4350">
    <p class='ocr_par' dir='ltr' id='par_1_76' title="bbox 256 4274 1950 4350">
     <span class='ocr_line' id='line_1_76' title="bbox 256 4274 1950 4350; baseline 0 -17"><span class='ocrx_word' id='word_1_606' title='bbox 256 4279 403 4335; x_wconf 91' lang='lat' dir='ltr'>ditio</span> <span class='ocrx_word' id='word_1_607' title='bbox 425 4284 543 4346; x_wconf 89' lang='lat' dir='ltr'>est,</span> <span class='ocrx_word' id='word_1_608' title='bbox 569 4276 870 4350; x_wconf 89' lang='lat' dir='ltr'>petitionis</span> <span class='ocrx_word' id='word_1_609' title='bbox 890 4274 1350 4348; x_wconf 84' lang='lat' dir='ltr'>impetratio.Vel</span> <span class='ocrx_word' id='word_1_610' title='bbox 1373 4279 1565 4347; x_wconf 82' lang='lat' dir='ltr'>potest</span> <span class='ocrx_word' id='word_1_611' title='bbox 1586 4298 1613 4324; x_wconf 89' lang='grc'>‹‹</span> <span class='ocrx_word' id='word_1_612' title='bbox 1636 4276 1706 4331; x_wconf 89' lang='lat' dir='ltr'>de</span> <span class='ocrx_word' id='word_1_613' title='bbox 1729 4282 1950 4333; x_wconf 59' lang='lat' dir='ltr'>monte~</span> 
     </span>
    </p>
   </div>
   <div class='ocr_carea' id='block_1_77' title="bbox 256 4363 1948 4432">
    <p class='ocr_par' dir='ltr' id='par_1_77' title="bbox 256 4363 1948 4432">
     <span class='ocr_line' id='line_1_77' title="bbox 256 4363 1948 4432; baseline -0.002 -8"><span class='ocrx_word' id='word_1_614' title='bbox 256 4374 470 4424; x_wconf 84' lang='lat' dir='ltr'>sancto</span> <span class='ocrx_word' id='word_1_615' title='bbox 497 4383 612 4423; x_wconf 87' lang='lat' dir='ltr'>suo</span> <span class='ocrx_word' id='word_1_616' title='bbox 635 4388 663 4416; x_wconf 85' lang='lat'><strong>»</strong></span> <span class='ocrx_word' id='word_1_617' title='bbox 688 4365 890 4421; x_wconf 88' lang='lat' dir='ltr'>referri</span> <span class='ocrx_word' id='word_1_618' title='bbox 917 4366 988 4421; x_wconf 91' lang='lat' dir='ltr'>ad</span> <span class='ocrx_word' id='word_1_619' title='bbox 1015 4364 1443 4432; x_wconf 87' lang='lat' dir='ltr'>exauditorem,</span> <span class='ocrx_word' id='word_1_620' title='bbox 1463 4363 1546 4420; x_wconf 91' lang='lat' dir='ltr'>sic</span> <span class='ocrx_word' id='word_1_621' title='bbox 1569 4381 1620 4418; x_wconf 84' lang='grc'>;‹‹</span> <span class='ocrx_word' id='word_1_622' title='bbox 1644 4366 1948 4422; x_wconf 86' lang='lat' dir='ltr'>Exaudivit</span> 
     </span>
    </p>
   </div>
   <div class='ocr_carea' id='block_1_78' title="bbox 258 4451 1949 4519">
    <p class='ocr_par' dir='ltr' id='par_1_78' title="bbox 258 4451 1949 4519">
     <span class='ocr_line' id='line_1_78' title="bbox 258 4451 1949 4519; baseline 0 -9"><span class='ocrx_word' id='word_1_623' title='bbox 258 4473 351 4511; x_wconf 87' lang='lat' dir='ltr'>me</span> <span class='ocrx_word' id='word_1_624' title='bbox 370 4479 400 4505; x_wconf 85' lang='grc'><strong>››</strong></span> <span class='ocrx_word' id='word_1_625' title='bbox 421 4456 591 4511; x_wconf 89' lang='lat' dir='ltr'>Deus</span> <span class='ocrx_word' id='word_1_626' title='bbox 614 4475 639 4508; x_wconf 75' lang='grc' dir='ltr'>α</span> <span class='ocrx_word' id='word_1_627' title='bbox 657 4454 727 4510; x_wconf 91' lang='lat' dir='ltr'>de</span> <span class='ocrx_word' id='word_1_628' title='bbox 751 4457 947 4509; x_wconf 90' lang='lat' dir='ltr'>monte</span> <span class='ocrx_word' id='word_1_629' title='bbox 972 4457 1174 4509; x_wconf 90' lang='lat' dir='ltr'>sancto</span> <span class='ocrx_word' id='word_1_630' title='bbox 1204 4470 1366 4519; x_wconf 84' lang='lat' dir='ltr'>suo,»</span> <span class='ocrx_word' id='word_1_631' title='bbox 1385 4451 1441 4507; x_wconf 92' lang='lat' dir='ltr'>id</span> <span class='ocrx_word' id='word_1_632' title='bbox 1466 4456 1553 4507; x_wconf 90' lang='lat' dir='ltr'>est</span> <span class='ocrx_word' id='word_1_633' title='bbox 1577 4453 1646 4509; x_wconf 90' lang='lat' dir='ltr'>de</span> <span class='ocrx_word' id='word_1_634' title='bbox 1669 4456 1949 4511; x_wconf 89' lang='lat' dir='ltr'>eminenti</span> 
     </span>
    </p>
   </div>
   <div class='ocr_carea' id='block_1_79' title="bbox 254 4541 1951 4616">
    <p class='ocr_par' dir='ltr' id='par_1_79' title="bbox 254 4541 1951 4616">
     <span class='ocr_line' id='line_1_79' title="bbox 254 4541 1951 4616; baseline 0.001 -16"><span class='ocrx_word' id='word_1_635' title='bbox 254 4546 539 4616; x_wconf 85' lang='lat' dir='ltr'>potentia</span> <span class='ocrx_word' id='word_1_636' title='bbox 566 4562 689 4600; x_wconf 71' lang='lat' dir='ltr'>sua:</span> <span class='ocrx_word' id='word_1_637' title='bbox 711 4542 1056 4614; x_wconf 85' lang='lat' dir='ltr'>divinitatis,</span> <span class='ocrx_word' id='word_1_638' title='bbox 1084 4541 1165 4597; x_wconf 89' lang='lat' dir='ltr'>ita</span> <span class='ocrx_word' id='word_1_639' title='bbox 1191 4546 1255 4597; x_wconf 88' lang='lat' dir='ltr'>ut</span> <span class='ocrx_word' id='word_1_640' title='bbox 1301 4558 1394 4597; x_wconf 89' lang='lat' dir='ltr'>me</span> <span class='ocrx_word' id='word_1_641' title='bbox 1436 4542 1781 4614; x_wconf 90' lang='lat' dir='ltr'>participem</span> <span class='ocrx_word' id='word_1_642' title='bbox 1821 4547 1951 4615; x_wconf 89' lang='lat' dir='ltr'>ejus</span> 
     </span>
    </p>
   </div>
   <div class='ocr_carea' id='block_1_80' title="bbox 2045 3383 3699 3456">
    <p class='ocr_par' dir='ltr' id='par_1_80' title="bbox 2045 3383 3699 3456">
     <span class='ocr_line' id='line_1_80' title="bbox 2045 3383 3699 3456; baseline 0.001 -16"><span class='ocrx_word' id='word_1_643' title='bbox 2045 3390 2242 3441; x_wconf 89' lang='lat' dir='ltr'>santcs</span> <span class='ocrx_word' id='word_1_644' title='bbox 2274 3383 2331 3437; x_wconf 92' lang='lat' dir='ltr'>in</span> <span class='ocrx_word' id='word_1_645' title='bbox 2367 3383 2555 3451; x_wconf 86' lang='lat' dir='ltr'>factis,</span> <span class='ocrx_word' id='word_1_646' title='bbox 2575 3384 2674 3439; x_wconf 89' lang='lat' dir='ltr'>sed</span> <span class='ocrx_word' id='word_1_647' title='bbox 2699 3389 2755 3438; x_wconf 89' lang='lat' dir='ltr'>et</span> <span class='ocrx_word' id='word_1_648' title='bbox 2783 3405 2808 3435; x_wconf 78' lang='grc' dir='ltr'>α</span> <span class='ocrx_word' id='word_1_649' title='bbox 2831 3384 3035 3439; x_wconf 86' lang='lat' dir='ltr'>dentes</span> <span class='ocrx_word' id='word_1_650' title='bbox 3061 3390 3496 3456; x_wconf 86' lang='lat' dir='ltr'>peccatorum,»</span> <span class='ocrx_word' id='word_1_651' title='bbox 3522 3386 3578 3441; x_wconf 88' lang='lat' dir='ltr'>id</span> <span class='ocrx_word' id='word_1_652' title='bbox 3610 3388 3699 3442; x_wconf 89' lang='lat' dir='ltr'>est</span> 
     </span>
    </p>
   </div>
   <div class='ocr_carea' id='block_1_81' title="bbox 2046 3471 3696 3544">
    <p class='ocr_par' dir='ltr' id='par_1_81' title="bbox 2046 3471 3696 3544">
     <span class='ocr_line' id='line_1_81' title="bbox 2046 3471 3696 3544; baseline 0 -14"><span class='ocrx_word' id='word_1_653' title='bbox 2046 3474 2408 3530; x_wconf 89' lang='lat' dir='ltr'>corrosiones</span> <span class='ocrx_word' id='word_1_654' title='bbox 2433 3476 2491 3527; x_wconf 90' lang='lat' dir='ltr'>et</span> <span class='ocrx_word' id='word_1_655' title='bbox 2513 3471 2903 3528; x_wconf 88' lang='lat' dir='ltr'>detractiones</span> <span class='ocrx_word' id='word_1_656' title='bbox 2933 3488 3135 3528; x_wconf 86' lang='lat' dir='ltr'>eorum</span> <span class='ocrx_word' id='word_1_657' title='bbox 3160 3494 3185 3527; x_wconf 80' lang='grc' dir='ltr'>α</span> <span class='ocrx_word' id='word_1_658' title='bbox 3216 3474 3559 3544; x_wconf 88' lang='lat' dir='ltr'>contrivisti,</span> <span class='ocrx_word' id='word_1_659' title='bbox 3582 3496 3609 3527; x_wconf 73' lang='grc' dir='ltr'><strong><em>ιο</em></strong></span> <span class='ocrx_word' id='word_1_660' title='bbox 3637 3475 3696 3531; x_wconf 90' lang='lat' dir='ltr'>id</span> 
     </span>
    </p>
   </div>
   <div class='ocr_carea' id='block_1_82' title="bbox 2047 3560 3699 3621">
    <p class='ocr_par' dir='ltr' id='par_1_82' title="bbox 2047 3560 3699 3621">
     <span class='ocr_line' id='line_1_82' title="bbox 2047 3560 3699 3621; baseline 0.001 -2"><span class='ocrx_word' id='word_1_661' title='bbox 2047 3568 2136 3619; x_wconf 89' lang='lat' dir='ltr'>est</span> <span class='ocrx_word' id='word_1_662' title='bbox 2160 3566 2423 3619; x_wconf 86' lang='lat' dir='ltr'>conteres</span> <span class='ocrx_word' id='word_1_663' title='bbox 2443 3561 2800 3617; x_wconf 89' lang='lat' dir='ltr'>ostendendo</span> <span class='ocrx_word' id='word_1_664' title='bbox 2826 3560 3063 3617; x_wconf 91' lang='lat' dir='ltr'>inutiles</span> <span class='ocrx_word' id='word_1_665' title='bbox 3083 3566 3139 3617; x_wconf 88' lang='lat' dir='ltr'>et</span> <span class='ocrx_word' id='word_1_666' title='bbox 3156 3562 3699 3621; x_wconf 85' lang='lat' dir='ltr'>damnibiles.Unde</span> 
     </span>
    </p>
   </div>
   <div class='ocr_carea' id='block_1_83' title="bbox 2049 3649 3697 3717">
    <p class='ocr_par' dir='ltr' id='par_1_83' title="bbox 2049 3649 3697 3717">
     <span class='ocr_line' id='line_1_83' title="bbox 2049 3649 3697 3717; baseline 0.001 -10"><span class='ocrx_word' id='word_1_667' title='bbox 2049 3652 2219 3707; x_wconf 90' lang='lat' dir='ltr'>alibi:</span> <span class='ocrx_word' id='word_1_668' title='bbox 2245 3675 2271 3702; x_wconf 79' lang='grc' dir='ltr'><strong>(ι</strong></span> <span class='ocrx_word' id='word_1_669' title='bbox 2295 3651 2411 3706; x_wconf 87' lang='lat' dir='ltr'>Nos</span> <span class='ocrx_word' id='word_1_670' title='bbox 2450 3649 2939 3717; x_wconf 81' lang='lat' dir='ltr'>insensati,vitam</span> <span class='ocrx_word' id='word_1_671' title='bbox 2980 3649 3215 3705; x_wconf 89' lang='lat' dir='ltr'>illorum</span> <span class='ocrx_word' id='word_1_672' title='bbox 3259 3652 3697 3708; x_wconf 66' lang='lat' dir='ltr'>mstimabamus</span> 
     </span>
    </p>
   </div>
   <div class='ocr_carea' id='block_1_84' title="bbox 2049 3738 3701 3811">
    <p class='ocr_par' dir='ltr' id='par_1_84' title="bbox 2049 3738 3701 3811">
     <span class='ocr_line' id='line_1_84' title="bbox 2049 3738 3701 3811; baseline -0.002 -14"><span class='ocrx_word' id='word_1_673' title='bbox 2049 3740 2363 3807; x_wconf 90' lang='lat' dir='ltr'>insaniam,</span> <span class='ocrx_word' id='word_1_674' title='bbox 2399 3742 2454 3794; x_wconf 89' lang='lat' dir='ltr'>et</span> <span class='ocrx_word' id='word_1_675' title='bbox 2486 3739 2660 3793; x_wconf 83' lang='lat' dir='ltr'>linem</span> <span class='ocrx_word' id='word_1_676' title='bbox 2692 3738 2927 3794; x_wconf 91' lang='lat' dir='ltr'>illorum</span> <span class='ocrx_word' id='word_1_677' title='bbox 2960 3738 3085 3793; x_wconf 90' lang='lat' dir='ltr'>sine</span> <span class='ocrx_word' id='word_1_678' title='bbox 3116 3738 3353 3794; x_wconf 89' lang='lat' dir='ltr'>honore.</span> <span class='ocrx_word' id='word_1_679' title='bbox 3387 3740 3529 3794; x_wconf 88' lang='lat' dir='ltr'>Eece</span> <span class='ocrx_word' id='word_1_680' title='bbox 3561 3756 3701 3811; x_wconf 76' lang='lat' dir='ltr'>quo-</span> 
     </span>
    </p>
   </div>
   <div class='ocr_carea' id='block_1_85' title="bbox 2050 3826 3695 3897">
    <p class='ocr_par' dir='ltr' id='par_1_85' title="bbox 2050 3826 3695 3897">
     <span class='ocr_line' id='line_1_85' title="bbox 2050 3826 3695 3897; baseline -0.004 -11"><span class='ocrx_word' id='word_1_681' title='bbox 2050 3831 2223 3886; x_wconf 91' lang='lat' dir='ltr'>modo</span> <span class='ocrx_word' id='word_1_682' title='bbox 2256 3829 2406 3883; x_wconf 84' lang='lat' dir='ltr'>inter</span> <span class='ocrx_word' id='word_1_683' title='bbox 2437 3826 2586 3881; x_wconf 83' lang='lat' dir='ltr'>ﬁlios</span> <span class='ocrx_word' id='word_1_684' title='bbox 2610 3826 2710 3881; x_wconf 90' lang='lat' dir='ltr'>Dei</span> <span class='ocrx_word' id='word_1_685' title='bbox 2736 3829 3079 3897; x_wconf 88' lang='lat' dir='ltr'>reputantur</span> <span class='ocrx_word' id='word_1_686' title='bbox 3101 3826 3249 3896; x_wconf 75' lang='lat' dir='ltr'>(Sep.</span> <span class='ocrx_word' id='word_1_687' title='bbox 3273 3826 3383 3897; x_wconf 85' lang='lat' dir='ltr'>v).»</span> <span class='ocrx_word' id='word_1_688' title='bbox 3404 3826 3565 3891; x_wconf 89' lang='lat' dir='ltr'>Quod</span> <span class='ocrx_word' id='word_1_689' title='bbox 3593 3844 3695 3881; x_wconf 88' lang='lat' dir='ltr'>au-</span> 
     </span>
    </p>
   </div>
   <div class='ocr_carea' id='block_1_86' title="bbox 2052 3915 3697 3991">
    <p class='ocr_par' dir='ltr' id='par_1_86' title="bbox 2052 3915 3697 3991">
     <span class='ocr_line' id='line_1_86' title="bbox 2052 3915 3697 3991; baseline -0.003 -16"><span class='ocrx_word' id='word_1_690' title='bbox 2052 3926 2170 3975; x_wconf 86' lang='lat' dir='ltr'>tem</span> <span class='ocrx_word' id='word_1_691' title='bbox 2203 3936 2305 3991; x_wconf 90' lang='lat' dir='ltr'>per</span> <span class='ocrx_word' id='word_1_692' title='bbox 2342 3915 2697 3989; x_wconf 63' lang='lat' dir='ltr'>praeteritum</span> <span class='ocrx_word' id='word_1_693' title='bbox 2744 3931 2865 3969; x_wconf 90' lang='lat' dir='ltr'>rem</span> <span class='ocrx_word' id='word_1_694' title='bbox 2902 3915 3162 3969; x_wconf 84' lang='lat' dir='ltr'>futuram</span> <span class='ocrx_word' id='word_1_695' title='bbox 3206 3915 3538 3986; x_wconf 87' lang='lat' dir='ltr'>annuntiat,</span> <span class='ocrx_word' id='word_1_696' title='bbox 3579 3932 3697 3970; x_wconf 90' lang='lat' dir='ltr'>non</span> 
     </span>
    </p>
   </div>
   <div class='ocr_carea' id='block_1_87' title="bbox 2052 4003 3697 4076">
    <p class='ocr_par' dir='ltr' id='par_1_87' title="bbox 2052 4003 3697 4076">
     <span class='ocr_line' id='line_1_87' title="bbox 2052 4003 3697 4076; baseline -0.002 -12"><span class='ocrx_word' id='word_1_697' title='bbox 2052 4008 2377 4065; x_wconf 89' lang='lat' dir='ltr'>secundum</span> <span class='ocrx_word' id='word_1_698' title='bbox 2412 4022 2472 4060; x_wconf 90' lang='lat' dir='ltr'>se</span> <span class='ocrx_word' id='word_1_699' title='bbox 2502 4003 2784 4076; x_wconf 86' lang='lat' dir='ltr'>loquitur,</span> <span class='ocrx_word' id='word_1_700' title='bbox 2817 4004 2918 4058; x_wconf 90' lang='lat' dir='ltr'>sed</span> <span class='ocrx_word' id='word_1_701' title='bbox 2950 4008 3016 4058; x_wconf 90' lang='lat' dir='ltr'>ut</span> <span class='ocrx_word' id='word_1_702' title='bbox 3045 4007 3248 4075; x_wconf 89' lang='lat' dir='ltr'>raptus</span> <span class='ocrx_word' id='word_1_703' title='bbox 3282 4004 3353 4059; x_wconf 91' lang='lat' dir='ltr'>ad</span> <span class='ocrx_word' id='word_1_704' title='bbox 3385 4004 3697 4060; x_wconf 90' lang='lat' dir='ltr'>consilium</span> 
     </span>
    </p>
   </div>
   <div class='ocr_carea' id='block_1_88' title="bbox 2053 4092 3700 4167">
    <p class='ocr_par' dir='ltr' id='par_1_88' title="bbox 2053 4092 3700 4167">
     <span class='ocr_line' id='line_1_88' title="bbox 2053 4092 3700 4167; baseline -0.001 -14"><span class='ocrx_word' id='word_1_705' title='bbox 2053 4097 2175 4167; x_wconf 87' lang='lat' dir='ltr'>Dei,</span> <span class='ocrx_word' id='word_1_706' title='bbox 2207 4096 2264 4150; x_wconf 91' lang='lat' dir='ltr'>in</span> <span class='ocrx_word' id='word_1_707' title='bbox 2288 4112 2401 4167; x_wconf 91' lang='lat' dir='ltr'>quo</span> <span class='ocrx_word' id='word_1_708' title='bbox 2424 4094 2623 4149; x_wconf 89' lang='lat' dir='ltr'>omnia</span> <span class='ocrx_word' id='word_1_709' title='bbox 2650 4093 2848 4148; x_wconf 78' lang='lat' dir='ltr'>futura</span> <span class='ocrx_word' id='word_1_710' title='bbox 2877 4096 3015 4147; x_wconf 89' lang='lat' dir='ltr'>sunt</span> <span class='ocrx_word' id='word_1_711' title='bbox 3046 4092 3124 4147; x_wconf 92' lang='lat' dir='ltr'>ita</span> <span class='ocrx_word' id='word_1_712' title='bbox 3149 4096 3326 4161; x_wconf 89' lang='lat' dir='ltr'>certa,</span> <span class='ocrx_word' id='word_1_713' title='bbox 3351 4093 3502 4150; x_wconf 88' lang='lat' dir='ltr'>sicut</span> <span class='ocrx_word' id='word_1_714' title='bbox 3532 4092 3700 4152; x_wconf 88' lang='lat' dir='ltr'>nobis</span> 
     </span>
    </p>
   </div>
   <div class='ocr_carea' id='block_1_89' title="bbox 2054 4179 3702 4257">
    <p class='ocr_par' dir='ltr' id='par_1_89' title="bbox 2054 4179 3702 4257">
     <span class='ocr_line' id='line_1_89' title="bbox 2054 4179 3702 4257; baseline -0.002 -14"><span class='ocrx_word' id='word_1_715' title='bbox 2054 4205 2122 4244; x_wconf 91' lang='lat' dir='ltr'>ea</span> <span class='ocrx_word' id='word_1_716' title='bbox 2160 4203 2285 4257; x_wconf 65' lang='lat' dir='ltr'>quae</span> <span class='ocrx_word' id='word_1_717' title='bbox 2330 4186 2470 4239; x_wconf 87' lang='lat' dir='ltr'>sunt</span> <span class='ocrx_word' id='word_1_718' title='bbox 2517 4181 2828 4254; x_wconf 69' lang='lat' dir='ltr'>praeterita.</span> <span class='ocrx_word' id='word_1_719' title='bbox 2849 4179 3103 4236; x_wconf 87' lang='lat' dir='ltr'>Insultat</span> <span class='ocrx_word' id='word_1_720' title='bbox 3149 4181 3245 4236; x_wconf 92' lang='lat' dir='ltr'>hic</span> <span class='ocrx_word' id='word_1_721' title='bbox 3291 4181 3512 4254; x_wconf 90' lang='lat' dir='ltr'>impiis,</span> <span class='ocrx_word' id='word_1_722' title='bbox 3564 4182 3702 4254; x_wconf 87' lang='lat' dir='ltr'>quia</span> 
     </span>
    </p>
   </div>
   <div class='ocr_carea' id='block_1_90' title="bbox 2056 4270 3700 4349">
    <p class='ocr_par' dir='ltr' id='par_1_90' title="bbox 2056 4270 3700 4349">
     <span class='ocr_line' id='line_1_90' title="bbox 2056 4270 3700 4349; baseline -0.002 -18"><span class='ocrx_word' id='word_1_723' title='bbox 2056 4280 2385 4349; x_wconf 89' lang='lat' dir='ltr'>peccatores</span> <span class='ocrx_word' id='word_1_724' title='bbox 2411 4270 2804 4327; x_wconf 78' lang='lat' dir='ltr'>«contrivisti.</span> <span class='ocrx_word' id='word_1_725' title='bbox 2831 4290 2857 4321; x_wconf 71' lang='grc' dir='ltr'><strong>η</strong></span> <span class='ocrx_word' id='word_1_726' title='bbox 2887 4270 3023 4325; x_wconf 89' lang='lat' dir='ltr'>Inde</span> <span class='ocrx_word' id='word_1_727' title='bbox 3060 4270 3287 4342; x_wconf 88' lang='lat' dir='ltr'>patiens</span> <span class='ocrx_word' id='word_1_728' title='bbox 3320 4274 3409 4326; x_wconf 89' lang='lat' dir='ltr'>est</span> <span class='ocrx_word' id='word_1_729' title='bbox 3446 4271 3585 4343; x_wconf 88' lang='lat' dir='ltr'>quia</span> <span class='ocrx_word' id='word_1_730' title='bbox 3608 4289 3700 4328; x_wconf 90' lang='lat' dir='ltr'>so-</span> 
     </span>
    </p>
   </div>
   <div class='ocr_carea' id='block_1_91' title="bbox 2058 4358 3701 4428">
    <p class='ocr_par' dir='ltr' id='par_1_91' title="bbox 2058 4358 3701 4428">
     <span class='ocr_line' id='line_1_91' title="bbox 2058 4358 3701 4428; baseline -0.004 -6"><span class='ocrx_word' id='word_1_731' title='bbox 2058 4367 2172 4422; x_wconf 90' lang='lat' dir='ltr'>lius</span> <span class='ocrx_word' id='word_1_732' title='bbox 2208 4390 2234 4415; x_wconf 82' lang='grc'><em>‹‹</em></span> <span class='ocrx_word' id='word_1_733' title='bbox 2266 4362 2499 4420; x_wconf 90' lang='lat' dir='ltr'>Domini</span> <span class='ocrx_word' id='word_1_734' title='bbox 2529 4364 2618 4417; x_wconf 89' lang='lat' dir='ltr'>est</span> <span class='ocrx_word' id='word_1_735' title='bbox 2650 4358 2830 4428; x_wconf 88' lang='lat' dir='ltr'>salus,</span> <span class='ocrx_word' id='word_1_736' title='bbox 2862 4378 2887 4410; x_wconf 74' lang='grc' dir='ltr'><strong>η</strong></span> <span class='ocrx_word' id='word_1_737' title='bbox 2919 4358 2976 4412; x_wconf 91' lang='lat' dir='ltr'>id</span> <span class='ocrx_word' id='word_1_738' title='bbox 3009 4364 3097 4414; x_wconf 90' lang='lat' dir='ltr'>est</span> <span class='ocrx_word' id='word_1_739' title='bbox 3134 4359 3272 4414; x_wconf 89' lang='lat' dir='ltr'>dare</span> <span class='ocrx_word' id='word_1_740' title='bbox 3302 4359 3701 4417; x_wconf 89' lang='lat' dir='ltr'>omnimodam</span> 
     </span>
    </p>
   </div>
   <div class='ocr_carea' id='block_1_92' title="bbox 2058 4448 3697 4520">
    <p class='ocr_par' dir='ltr' id='par_1_92' title="bbox 2058 4448 3697 4520">
     <span class='ocr_line' id='line_1_92' title="bbox 2058 4448 3697 4520; baseline -0.005 -7"><span class='ocrx_word' id='word_1_741' title='bbox 2058 4457 2307 4514; x_wconf 84' lang='lat' dir='ltr'>salutem</span> <span class='ocrx_word' id='word_1_742' title='bbox 2353 4454 2410 4507; x_wconf 91' lang='lat' dir='ltr'>in</span> <span class='ocrx_word' id='word_1_743' title='bbox 2460 4451 2567 4505; x_wconf 87' lang='lat' dir='ltr'>hac</span> <span class='ocrx_word' id='word_1_744' title='bbox 2596 4449 2733 4505; x_wconf 87' lang='lat' dir='ltr'>vita.</span> <span class='ocrx_word' id='word_1_745' title='bbox 2769 4449 2884 4503; x_wconf 79' lang='lat' dir='ltr'>«Et</span> <span class='ocrx_word' id='word_1_746' title='bbox 2928 4465 3105 4519; x_wconf 88' lang='lat' dir='ltr'>super</span> <span class='ocrx_word' id='word_1_747' title='bbox 3148 4448 3431 4520; x_wconf 85' lang='lat' dir='ltr'>populum</span> <span class='ocrx_word' id='word_1_748' title='bbox 3477 4453 3697 4505; x_wconf 65' lang='lat' dir='ltr'>tuum»</span> 
     </span>
    </p>
   </div>
   <div class='ocr_carea' id='block_1_93' title="bbox 2059 4538 3699 4610">
    <p class='ocr_par' dir='ltr' id='par_1_93' title="bbox 2059 4538 3699 4610">
     <span class='ocr_line' id='line_1_93' title="bbox 2059 4538 3699 4610; baseline -0.006 -6"><span class='ocrx_word' id='word_1_749' title='bbox 2059 4549 2167 4605; x_wconf 89' lang='lat' dir='ltr'>erit</span> <span class='ocrx_word' id='word_1_750' title='bbox 2195 4568 2219 4599; x_wconf 78' lang='grc' dir='ltr'>ιι</span> <span class='ocrx_word' id='word_1_751' title='bbox 2243 4542 2567 4600; x_wconf 86' lang='lat' dir='ltr'>benedictio</span> <span class='ocrx_word' id='word_1_752' title='bbox 2591 4544 2710 4607; x_wconf 90' lang='lat' dir='ltr'>tua,</span> <span class='ocrx_word' id='word_1_753' title='bbox 2732 4559 2757 4591; x_wconf 75' lang='lat' dir='ltr'>io</span> <span class='ocrx_word' id='word_1_754' title='bbox 2786 4538 2844 4593; x_wconf 91' lang='lat' dir='ltr'>id</span> <span class='ocrx_word' id='word_1_755' title='bbox 2876 4542 2965 4593; x_wconf 90' lang='lat' dir='ltr'>est</span> <span class='ocrx_word' id='word_1_756' title='bbox 2995 4538 3293 4592; x_wconf 86' lang='lat' dir='ltr'>beatitudo</span> <span class='ocrx_word' id='word_1_757' title='bbox 3324 4538 3699 4610; x_wconf 88' lang='lat' dir='ltr'>sempiterna.</span> 
     </span>
    </p>
   </div>
   <div class='ocr_carea' id='block_1_94' title="bbox 253 4627 3706 4712">
    <p class='ocr_par' dir='ltr' id='par_1_94' title="bbox 253 4627 3706 4712">
     <span class='ocr_line' id='line_1_94' title="bbox 253 4627 3706 4712; baseline -0.002 -21"><span class='ocrx_word' id='word_1_758' title='bbox 253 4635 548 4706; x_wconf 69' lang='lat' dir='ltr'>potentia:</span> <span class='ocrx_word' id='word_1_759' title='bbox 584 4634 836 4690; x_wconf 87' lang='lat' dir='ltr'>faceret:</span> <span class='ocrx_word' id='word_1_760' title='bbox 860 4633 1013 4688; x_wconf 91' lang='lat' dir='ltr'>sicut</span> <span class='ocrx_word' id='word_1_761' title='bbox 1045 4630 1268 4703; x_wconf 89' lang='lat' dir='ltr'>aliquis</span> <span class='ocrx_word' id='word_1_762' title='bbox 1299 4630 1551 4686; x_wconf 90' lang='lat' dir='ltr'>diceret:</span> <span class='ocrx_word' id='word_1_763' title='bbox 1584 4632 1699 4687; x_wconf 80' lang='lat' dir='ltr'>Rex</span> <span class='ocrx_word' id='word_1_764' title='bbox 1721 4633 1791 4687; x_wconf 87' lang='lat' dir='ltr'>de</span> <span class='ocrx_word' id='word_1_765' title='bbox 1824 4634 1946 4688; x_wconf 90' lang='lat' dir='ltr'>the-</span> <span class='ocrx_word' id='word_1_766' title='bbox 1976 4646 2023 4712; x_wconf 84' lang='lat' dir='ltr'><strong>D</strong></span> <span class='ocrx_word' id='word_1_767' title='bbox 2064 4665 2089 4696; x_wconf 75' lang='grc' dir='ltr'>α</span> <span class='ocrx_word' id='word_1_768' title='bbox 2112 4640 2346 4710; x_wconf 61' lang='lat' dir='ltr'>super,»</span> <span class='ocrx_word' id='word_1_769' title='bbox 2380 4633 2507 4687; x_wconf 89' lang='lat' dir='ltr'>ideo</span> <span class='ocrx_word' id='word_1_770' title='bbox 2535 4631 2694 4695; x_wconf 88' lang='lat' dir='ltr'>dicit,</span> <span class='ocrx_word' id='word_1_771' title='bbox 2719 4629 2857 4702; x_wconf 90' lang='lat' dir='ltr'>quia</span> <span class='ocrx_word' id='word_1_772' title='bbox 2878 4644 3055 4699; x_wconf 88' lang='lat' dir='ltr'>supra</span> <span class='ocrx_word' id='word_1_773' title='bbox 3076 4627 3348 4683; x_wconf 89' lang='lat' dir='ltr'>meritum</span> <span class='ocrx_word' id='word_1_774' title='bbox 3370 4627 3706 4684; x_wconf 87' lang='lat' dir='ltr'>exaltabun-</span> 
     </span>
    </p>
   </div>
   <div class='ocr_carea' id='block_1_95' title="bbox 253 4721 1888 4793">
    <p class='ocr_par' dir='ltr' id='par_1_95' title="bbox 253 4721 1888 4793">
     <span class='ocr_line' id='line_1_95' title="bbox 253 4721 1888 4793; baseline -0.001 -14"><span class='ocrx_word' id='word_1_775' title='bbox 253 4725 466 4780; x_wconf 82' lang='lat' dir='ltr'>sauris</span> <span class='ocrx_word' id='word_1_776' title='bbox 501 4723 631 4780; x_wconf 85' lang='lat' dir='ltr'>suis</span> <span class='ocrx_word' id='word_1_777' title='bbox 664 4722 958 4778; x_wconf 81' lang='lat' dir='ltr'>exaudivit</span> <span class='ocrx_word' id='word_1_778' title='bbox 989 4739 1105 4789; x_wconf 91' lang='lat' dir='ltr'>me,</span> <span class='ocrx_word' id='word_1_779' title='bbox 1145 4723 1201 4775; x_wconf 90' lang='lat' dir='ltr'>id</span> <span class='ocrx_word' id='word_1_780' title='bbox 1235 4726 1327 4776; x_wconf 88' lang='lat' dir='ltr'>est</span> <span class='ocrx_word' id='word_1_781' title='bbox 1358 4721 1700 4793; x_wconf 88' lang='lat' dir='ltr'>participem</span> <span class='ocrx_word' id='word_1_782' title='bbox 1737 4723 1888 4778; x_wconf 85' lang='lat' dir='ltr'>fecit.</span> 
     </span>
    </p>
   </div>
   <div class='ocr_carea' id='block_1_96' title="bbox 330 4808 1941 4883">
    <p class='ocr_par' dir='ltr' id='par_1_96' title="bbox 330 4808 1941 4883">
     <span class='ocr_line' id='line_1_96' title="bbox 330 4808 1941 4883; baseline -0.005 -13"><span class='ocrx_word' id='word_1_783' title='bbox 330 4836 363 4863; x_wconf 77' lang='grc' dir='ltr'>ιι</span> <span class='ocrx_word' id='word_1_784' title='bbox 390 4812 737 4880; x_wconf 75' lang='lat' dir='ltr'>Exaudivit,</span> <span class='ocrx_word' id='word_1_785' title='bbox 754 4835 782 4862; x_wconf 83' lang='grc'><strong>››</strong></span> <span class='ocrx_word' id='word_1_786' title='bbox 806 4816 862 4867; x_wconf 91' lang='lat' dir='ltr'>et</span> <span class='ocrx_word' id='word_1_787' title='bbox 886 4828 1120 4867; x_wconf 89' lang='lat' dir='ltr'>necesse</span> <span class='ocrx_word' id='word_1_788' title='bbox 1146 4810 1275 4875; x_wconf 87' lang='lat' dir='ltr'>fuit,</span> <span class='ocrx_word' id='word_1_789' title='bbox 1292 4808 1430 4882; x_wconf 90' lang='lat' dir='ltr'>quia</span> <span class='ocrx_word' id='word_1_790' title='bbox 1459 4833 1478 4859; x_wconf 74' lang='grc' dir='ltr'><strong><em>α</em></strong></span> <span class='ocrx_word' id='word_1_791' title='bbox 1507 4826 1613 4883; x_wconf 85' lang='lat' dir='ltr'>ego</span> <span class='ocrx_word' id='word_1_792' title='bbox 1640 4812 1941 4881; x_wconf 80' lang='lat' dir='ltr'>dormivi,»</span> 
     </span>
    </p>
   </div>
   <div class='ocr_carea' id='block_1_97' title="bbox 253 4899 1945 4971">
    <p class='ocr_par' dir='ltr' id='par_1_97' title="bbox 253 4899 1945 4971">
     <span class='ocr_line' id='line_1_97' title="bbox 253 4899 1945 4971; baseline 0.001 -16"><span class='ocrx_word' id='word_1_793' title='bbox 253 4904 313 4958; x_wconf 91' lang='lat' dir='ltr'>id</span> <span class='ocrx_word' id='word_1_794' title='bbox 362 4908 491 4971; x_wconf 87' lang='lat' dir='ltr'>est,</span> <span class='ocrx_word' id='word_1_795' title='bbox 516 4918 725 4957; x_wconf 85' lang='lat' dir='ltr'>omnes</span> <span class='ocrx_word' id='word_1_796' title='bbox 766 4899 1014 4971; x_wconf 88' lang='lat' dir='ltr'>injurias</span> <span class='ocrx_word' id='word_1_797' title='bbox 1032 4900 1116 4953; x_wconf 66' lang='lat' dir='ltr'>~in</span> <span class='ocrx_word' id='word_1_798' title='bbox 1168 4903 1434 4971; x_wconf 90' lang='lat' dir='ltr'>tempore</span> <span class='ocrx_word' id='word_1_799' title='bbox 1482 4900 1774 4971; x_wconf 83' lang='lat' dir='ltr'>passionis</span> <span class='ocrx_word' id='word_1_800' title='bbox 1806 4918 1945 4957; x_wconf 65' lang='lat' dir='ltr'>mea:</span> 
     </span>
    </p>
   </div>
   <div class='ocr_carea' id='block_1_98' title="bbox 256 4988 1949 5064">
    <p class='ocr_par' dir='ltr' id='par_1_98' title="bbox 256 4988 1949 5064">
     <span class='ocr_line' id='line_1_98' title="bbox 256 4988 1949 5064; baseline -0.001 -17"><span class='ocrx_word' id='word_1_801' title='bbox 256 4993 441 5064; x_wconf 78' lang='lat' dir='ltr'>quasi</span> <span class='ocrx_word' id='word_1_802' title='bbox 470 4991 777 5047; x_wconf 91' lang='lat' dir='ltr'>dormiens</span> <span class='ocrx_word' id='word_1_803' title='bbox 797 4988 1076 5045; x_wconf 85' lang='lat' dir='ltr'>sustinui.</span> <span class='ocrx_word' id='word_1_804' title='bbox 1104 4988 1268 5044; x_wconf 90' lang='lat' dir='ltr'>Sicut</span> <span class='ocrx_word' id='word_1_805' title='bbox 1290 4988 1451 5043; x_wconf 89' lang='lat' dir='ltr'>enim</span> <span class='ocrx_word' id='word_1_806' title='bbox 1474 4988 1789 5058; x_wconf 87' lang='lat' dir='ltr'>dormiens,</span> <span class='ocrx_word' id='word_1_807' title='bbox 1815 4990 1949 5046; x_wconf 80' lang='lat' dir='ltr'>licet</span> 
     </span>
    </p>
   </div>
   <div class='ocr_carea' id='block_1_99' title="bbox 254 5076 1947 5151">
    <p class='ocr_par' dir='ltr' id='par_1_99' title="bbox 254 5076 1947 5151">
     <span class='ocr_line' id='line_1_99' title="bbox 254 5076 1947 5151; baseline 0 -16"><span class='ocrx_word' id='word_1_808' title='bbox 254 5081 495 5137; x_wconf 80' lang='lat' dir='ltr'>habeat</span> <span class='ocrx_word' id='word_1_809' title='bbox 516 5081 834 5145; x_wconf 88' lang='lat' dir='ltr'>rationem,</span> <span class='ocrx_word' id='word_1_810' title='bbox 851 5076 1194 5151; x_wconf 83' lang='lat' dir='ltr'>potentiam,</span> <span class='ocrx_word' id='word_1_811' title='bbox 1218 5078 1617 5133; x_wconf 86' lang='lat' dir='ltr'>fertitudincm</span> <span class='ocrx_word' id='word_1_812' title='bbox 1642 5084 1699 5133; x_wconf 90' lang='lat' dir='ltr'>et</span> <span class='ocrx_word' id='word_1_813' title='bbox 1722 5084 1947 5147; x_wconf 80' lang='lat' dir='ltr'>caetera,</span> 
     </span>
    </p>
   </div>
   <div class='ocr_carea' id='block_1_100' title="bbox 2055 4717 3707 4798">
    <p class='ocr_par' dir='ltr' id='par_1_100' title="bbox 2055 4717 3707 4798">
     <span class='ocr_line' id='line_1_100' title="bbox 2055 4717 3707 4798; baseline -0.01 -11"><span class='ocrx_word' id='word_1_814' title='bbox 2055 4733 2170 4798; x_wconf 89' lang='lat' dir='ltr'>tur,</span> <span class='ocrx_word' id='word_1_815' title='bbox 2195 4730 2358 4798; x_wconf 83' lang='lat' dir='ltr'>juxta</span> <span class='ocrx_word' id='word_1_816' title='bbox 2385 4721 2728 4795; x_wconf 85' lang='lat' dir='ltr'>Apostolum</span> <span class='ocrx_word' id='word_1_817' title='bbox 2754 4737 2809 4774; x_wconf 72' lang='grc' dir='ltr'>ζα</span> <span class='ocrx_word' id='word_1_818' title='bbox 2828 4718 2953 4773; x_wconf 79' lang='lat' dir='ltr'>Non</span> <span class='ocrx_word' id='word_1_819' title='bbox 2987 4721 3126 4773; x_wconf 90' lang='lat' dir='ltr'>sunt</span> <span class='ocrx_word' id='word_1_820' title='bbox 3155 4718 3457 4791; x_wconf 57' lang='lat' dir='ltr'>condigna;</span> <span class='ocrx_word' id='word_1_821' title='bbox 3488 4717 3707 4790; x_wconf 88' lang='lat' dir='ltr'>passio-</span> 
     </span>
    </p>
   </div>
   <div class='ocr_carea' id='block_1_101' title="bbox 2057 4806 3703 4887">
    <p class='ocr_par' dir='ltr' id='par_1_101' title="bbox 2057 4806 3703 4887">
     <span class='ocr_line' id='line_1_101' title="bbox 2057 4806 3703 4887; baseline -0.01 -11"><span class='ocrx_word' id='word_1_822' title='bbox 2057 4837 2159 4875; x_wconf 88' lang='lat' dir='ltr'>nes</span> <span class='ocrx_word' id='word_1_823' title='bbox 2187 4815 2368 4887; x_wconf 89' lang='lat' dir='ltr'>hujus</span> <span class='ocrx_word' id='word_1_824' title='bbox 2401 4808 2679 4882; x_wconf 88' lang='lat' dir='ltr'>temporis</span> <span class='ocrx_word' id='word_1_825' title='bbox 2710 4808 2782 4863; x_wconf 89' lang='lat' dir='ltr'>ad</span> <span class='ocrx_word' id='word_1_826' title='bbox 2815 4808 3072 4863; x_wconf 89' lang='lat' dir='ltr'>futuram</span> <span class='ocrx_word' id='word_1_827' title='bbox 3113 4806 3359 4879; x_wconf 84' lang='lat' dir='ltr'>gloriam</span> <span class='ocrx_word' id='word_1_828' title='bbox 3389 4824 3515 4878; x_wconf 72' lang='lat' dir='ltr'>qua:</span> <span class='ocrx_word' id='word_1_829' title='bbox 3549 4822 3703 4861; x_wconf 87' lang='lat' dir='ltr'>reve-</span> 
     </span>
    </p>
   </div>
   <div class='ocr_carea' id='block_1_102' title="bbox 2056 4897 2943 4969">
    <p class='ocr_par' dir='ltr' id='par_1_102' title="bbox 2056 4897 2943 4969">
     <span class='ocr_line' id='line_1_102' title="bbox 2056 4897 2943 4969; baseline -0.015 -5"><span class='ocrx_word' id='word_1_830' title='bbox 2056 4908 2273 4964; x_wconf 86' lang='lat' dir='ltr'>labitur</span> <span class='ocrx_word' id='word_1_831' title='bbox 2304 4904 2360 4957; x_wconf 90' lang='lat' dir='ltr'>in</span> <span class='ocrx_word' id='word_1_832' title='bbox 2391 4900 2561 4956; x_wconf 85' lang='lat' dir='ltr'>nobis</span> <span class='ocrx_word' id='word_1_833' title='bbox 2591 4900 2767 4967; x_wconf 84' lang='lat' dir='ltr'>(Rom.</span> <span class='ocrx_word' id='word_1_834' title='bbox 2800 4897 2943 4969; x_wconf 84' lang='lat' dir='ltr'><strong>VIII).</strong></span> 
     </span>
    </p>
   </div>
   <div class='ocr_carea' id='block_1_103' title="bbox 2586 4985 3182 5042">
    <p class='ocr_par' dir='ltr' id='par_1_103' title="bbox 2586 4985 3182 5042">
     <span class='ocr_line' id='line_1_103' title="bbox 2586 4985 3182 5042; baseline -0.003 0"><span class='ocrx_word' id='word_1_835' title='bbox 2586 4988 2657 5042; x_wconf 89' lang='lat' dir='ltr'><strong>IN</strong></span> <span class='ocrx_word' id='word_1_836' title='bbox 2700 4986 3047 5042; x_wconf 86' lang='lat' dir='ltr'>PSALMUM</span> <span class='ocrx_word' id='word_1_837' title='bbox 3092 4985 3182 5041; x_wconf 91' lang='lat' dir='ltr'>1V.</span> 
     </span>
    </p>
   </div>
   <div class='ocr_carea' id='block_1_104' title="bbox 2239 5070 3523 5150">
    <p class='ocr_par' dir='ltr' id='par_1_104' title="bbox 2239 5070 3523 5150">
     <span class='ocr_line' id='line_1_104' title="bbox 2239 5070 3523 5150; baseline -0.012 -11"><span class='ocrx_word' id='word_1_838' title='bbox 2239 5085 2514 5139; x_wconf 81' lang='lat' dir='ltr'>TITULUS.</span> <span class='ocrx_word' id='word_1_839' title='bbox 2547 5080 2609 5133; x_wconf 84' lang='lat' dir='ltr'>In</span> <span class='ocrx_word' id='word_1_840' title='bbox 2639 5079 2803 5150; x_wconf 70' lang='lat' dir='ltr'>ﬁnem</span> <span class='ocrx_word' id='word_1_841' title='bbox 2828 5077 3075 5148; x_wconf 82' lang='lat' dir='ltr'>psalmus</span> <span class='ocrx_word' id='word_1_842' title='bbox 3102 5074 3302 5129; x_wconf 75' lang='lat' dir='ltr'>cantici</span> <span class='ocrx_word' id='word_1_843' title='bbox 3335 5070 3523 5126; x_wconf 75' lang='lat' dir='ltr'>David.</span> 
     </span>
    </p>
   </div>
   <div class='ocr_carea' id='block_1_105' title="bbox 2139 5159 3707 5229">
    <p class='ocr_par' dir='ltr' id='par_1_105' title="bbox 2139 5159 3707 5229">
     <span class='ocr_line' id='line_1_105' title="bbox 2139 5159 3707 5229; baseline -0.008 -1"><span class='ocrx_word' id='word_1_844' title='bbox 2139 5197 2167 5228; x_wconf 76' lang='grc' dir='ltr'>α</span> <span class='ocrx_word' id='word_1_845' title='bbox 2198 5176 2343 5229; x_wconf 88' lang='lat' dir='ltr'>Cum</span> <span class='ocrx_word' id='word_1_846' title='bbox 2375 5172 2704 5226; x_wconf 82' lang='lat' dir='ltr'>invocarem</span> <span class='ocrx_word' id='word_1_847' title='bbox 2737 5166 3030 5222; x_wconf 87' lang='lat' dir='ltr'>exaudivit</span> <span class='ocrx_word' id='word_1_848' title='bbox 3061 5180 3169 5217; x_wconf 90' lang='lat' dir='ltr'>me.</span> <span class='ocrx_word' id='word_1_849' title='bbox 3196 5182 3221 5213; x_wconf 81' lang='lat'><strong>»</strong></span> <span class='ocrx_word' id='word_1_850' title='bbox 3251 5162 3557 5216; x_wconf 88' lang='lat' dir='ltr'>Tractatus</span> <span class='ocrx_word' id='word_1_851' title='bbox 3598 5159 3707 5215; x_wconf 90' lang='lat' dir='ltr'>iste</span> 
     </span>
    </p>
   </div>
   <div class='ocr_carea' id='block_1_106' title="bbox 2061 5247 3711 5338">
    <p class='ocr_par' dir='ltr' id='par_1_106' title="bbox 2061 5247 3711 5338">
     <span class='ocr_line' id='line_1_106' title="bbox 2061 5247 3711 5338; baseline -0.01 -18"><span class='ocrx_word' id='word_1_852' title='bbox 2061 5265 2180 5338; x_wconf 86' lang='lat' dir='ltr'>agit</span> <span class='ocrx_word' id='word_1_853' title='bbox 2202 5265 2272 5318; x_wconf 91' lang='lat' dir='ltr'>de</span> <span class='ocrx_word' id='word_1_854' title='bbox 2296 5263 2450 5317; x_wconf 88' lang='lat' dir='ltr'>bona</span> <span class='ocrx_word' id='word_1_855' title='bbox 2474 5255 2930 5332; x_wconf 83' lang='lat' dir='ltr'>operatione,ubi</span> <span class='ocrx_word' id='word_1_856' title='bbox 2955 5253 3096 5308; x_wconf 84' lang='lat' dir='ltr'>dicit</span> <span class='ocrx_word' id='word_1_857' title='bbox 3115 5270 3126 5307; x_wconf 93' lang='lat'>:</span> <span class='ocrx_word' id='word_1_858' title='bbox 3143 5273 3167 5303; x_wconf 81' lang='grc' dir='ltr'>(ι</span> <span class='ocrx_word' id='word_1_859' title='bbox 3186 5250 3517 5307; x_wconf 83' lang='lat' dir='ltr'>Sacriﬁcatc</span> <span class='ocrx_word' id='word_1_860' title='bbox 3538 5247 3711 5338; x_wconf 84' lang='lat' dir='ltr'>sacri-</span> 
     </span>
    </p>
   </div>
   <div class='ocr_carea' id='block_1_107' title="bbox 2062 5337 3714 5424">
    <p class='ocr_par' dir='ltr' id='par_1_107' title="bbox 2062 5337 3714 5424">
     <span class='ocr_line' id='line_1_107' title="bbox 2062 5337 3714 5424; baseline -0.01 -14"><span class='ocrx_word' id='word_1_861' title='bbox 2062 5337 2258 5410; x_wconf 80' lang='lat' dir='ltr'>ficium</span> <span class='ocrx_word' id='word_1_862' title='bbox 2287 5350 2532 5424; x_wconf 75' lang='lat' dir='ltr'>justitia:</span> <span class='ocrx_word' id='word_1_863' title='bbox 2559 5370 2584 5400; x_wconf 73' lang='grc' dir='ltr'>ι)</span> <span class='ocrx_word' id='word_1_864' title='bbox 2611 5349 2813 5419; x_wconf 86' lang='lat' dir='ltr'>:juxta</span> <span class='ocrx_word' id='word_1_865' title='bbox 2843 5360 3020 5415; x_wconf 87' lang='lat' dir='ltr'>quam</span> <span class='ocrx_word' id='word_1_866' title='bbox 3053 5345 3276 5415; x_wconf 89' lang='lat' dir='ltr'>partem</span> <span class='ocrx_word' id='word_1_867' title='bbox 3306 5344 3538 5397; x_wconf 74' lang='lat' dir='ltr'>vocatur</span> <span class='ocrx_word' id='word_1_868' title='bbox 3561 5337 3714 5412; x_wconf 90' lang='lat' dir='ltr'>psal-</span> 
     </span>
    </p>
   </div>
   <div class='ocr_carea' id='block_1_108' title="bbox 2064 5428 3710 5513">
    <p class='ocr_par' dir='ltr' id='par_1_108' title="bbox 2064 5428 3710 5513">
     <span class='ocr_line' id='line_1_108' title="bbox 2064 5428 3710 5513; baseline -0.01 -14"><span class='ocrx_word' id='word_1_869' title='bbox 2064 5462 2217 5499; x_wconf 88' lang='lat' dir='ltr'>mus.</span> <span class='ocrx_word' id='word_1_870' title='bbox 2242 5442 2374 5513; x_wconf 87' lang='lat' dir='ltr'>Agit</span> <span class='ocrx_word' id='word_1_871' title='bbox 2404 5438 2576 5495; x_wconf 88' lang='lat' dir='ltr'>etiam</span> <span class='ocrx_word' id='word_1_872' title='bbox 2612 5436 2680 5489; x_wconf 90' lang='lat' dir='ltr'>de</span> <span class='ocrx_word' id='word_1_873' title='bbox 2712 5433 2957 5498; x_wconf 89' lang='lat' dir='ltr'>cantico,</span> <span class='ocrx_word' id='word_1_874' title='bbox 2985 5431 3043 5486; x_wconf 91' lang='lat' dir='ltr'>id</span> <span class='ocrx_word' id='word_1_875' title='bbox 3074 5434 3164 5486; x_wconf 91' lang='lat' dir='ltr'>est</span> <span class='ocrx_word' id='word_1_876' title='bbox 3204 5430 3273 5486; x_wconf 91' lang='lat' dir='ltr'>de</span> <span class='ocrx_word' id='word_1_877' title='bbox 3305 5428 3710 5497; x_wconf 83' lang='lat' dir='ltr'>exsultatione,</span> 
     </span>
    </p>
   </div>
   <div class='ocr_carea' id='block_1_109' title="bbox 2065 5518 3718 5589">
    <p class='ocr_par' dir='ltr' id='par_1_109' title="bbox 2065 5518 3718 5589">
     <span class='ocr_line' id='line_1_109' title="bbox 2065 5518 3718 5589; baseline -0.011 0"><span class='ocrx_word' id='word_1_878' title='bbox 2065 5532 2287 5589; x_wconf 88' lang='lat' dir='ltr'>scilicet</span> <span class='ocrx_word' id='word_1_879' title='bbox 2307 5530 2374 5584; x_wconf 91' lang='lat' dir='ltr'>de</span> <span class='ocrx_word' id='word_1_880' title='bbox 2398 5532 2609 5581; x_wconf 66' lang='lat' dir='ltr'>aeterna</span> <span class='ocrx_word' id='word_1_881' title='bbox 2634 5521 3121 5588; x_wconf 87' lang='lat' dir='ltr'>beatitudine,ubi</span> <span class='ocrx_word' id='word_1_882' title='bbox 3141 5521 3281 5575; x_wconf 91' lang='lat' dir='ltr'>dicit</span> <span class='ocrx_word' id='word_1_883' title='bbox 3301 5536 3351 5576; x_wconf 75' lang='grc' dir='ltr'>ευ</span> <span class='ocrx_word' id='word_1_884' title='bbox 3368 5518 3509 5585; x_wconf 90' lang='lat' dir='ltr'>Quis</span> <span class='ocrx_word' id='word_1_885' title='bbox 3529 5522 3718 5575; x_wconf 82' lang='lat' dir='ltr'>osten-</span> 
     </span>
    </p>
   </div>
   <div class='ocr_carea' id='block_1_110' title="bbox 2066 5605 3716 5680">
    <p class='ocr_par' dir='ltr' id='par_1_110' title="bbox 2066 5605 3716 5680">
     <span class='ocr_line' id='line_1_110' title="bbox 2066 5605 3716 5680; baseline -0.01 -2"><span class='ocrx_word' id='word_1_886' title='bbox 2066 5624 2163 5678; x_wconf 91' lang='lat' dir='ltr'>det</span> <span class='ocrx_word' id='word_1_887' title='bbox 2185 5618 2352 5676; x_wconf 87' lang='lat' dir='ltr'>nobis</span> <span class='ocrx_word' id='word_1_888' title='bbox 2384 5612 2619 5671; x_wconf 81' lang='lat' dir='ltr'>bona?»</span> <span class='ocrx_word' id='word_1_889' title='bbox 2652 5614 2763 5666; x_wconf 87' lang='lat' dir='ltr'>etc.</span> <span class='ocrx_word' id='word_1_890' title='bbox 2789 5610 2857 5665; x_wconf 90' lang='lat' dir='ltr'>Et</span> <span class='ocrx_word' id='word_1_891' title='bbox 2887 5609 2983 5665; x_wconf 89' lang='lat' dir='ltr'>hic</span> <span class='ocrx_word' id='word_1_892' title='bbox 3006 5609 3430 5665; x_wconf 89' lang='lat' dir='ltr'>determinatus</span> <span class='ocrx_word' id='word_1_893' title='bbox 3453 5623 3630 5680; x_wconf 87' lang='lat' dir='ltr'>quam</span> <span class='ocrx_word' id='word_1_894' title='bbox 3654 5605 3716 5661; x_wconf 86' lang='lat' dir='ltr'>in</span> 
     </span>
    </p>
   </div>
   <div class='ocr_carea' id='block_1_111' title="bbox 2067 5695 3720 5787">
    <p class='ocr_par' dir='ltr' id='par_1_111' title="bbox 2067 5695 3720 5787">
     <span class='ocr_line' id='line_1_111' title="bbox 2067 5695 3720 5787; baseline -0.01 -20"><span class='ocrx_word' id='word_1_895' title='bbox 2067 5712 2261 5787; x_wconf 86' lang='lat' dir='ltr'>aliquo</span> <span class='ocrx_word' id='word_1_896' title='bbox 2279 5702 2728 5784; x_wconf 68' lang='lat' dir='ltr'>praecedentium</span> <span class='ocrx_word' id='word_1_897' title='bbox 2745 5698 3108 5776; x_wconf 87' lang='lat' dir='ltr'>psalmorum</span> <span class='ocrx_word' id='word_1_898' title='bbox 3127 5717 3139 5757; x_wconf 88' lang='lat'><strong>:</strong></span> <span class='ocrx_word' id='word_1_899' title='bbox 3156 5698 3293 5776; x_wconf 91' lang='lat' dir='ltr'>quia</span> <span class='ocrx_word' id='word_1_900' title='bbox 3307 5698 3403 5755; x_wconf 89' lang='lat' dir='ltr'>hic</span> <span class='ocrx_word' id='word_1_901' title='bbox 3419 5695 3720 5774; x_wconf 84' lang='lat' dir='ltr'>proposita</span> 
     </span>
    </p>
   </div>
   <div class='ocr_carea' id='block_1_112' title="bbox 256 5166 1950 5238">
    <p class='ocr_par' dir='ltr' id='par_1_112' title="bbox 256 5166 1950 5238">
     <span class='ocr_line' id='line_1_112' title="bbox 256 5166 1950 5238; baseline -0.001 -13"><span class='ocrx_word' id='word_1_902' title='bbox 256 5186 330 5224; x_wconf 85' lang='lat' dir='ltr'>ea</span> <span class='ocrx_word' id='word_1_903' title='bbox 364 5187 496 5225; x_wconf 87' lang='lat' dir='ltr'>non</span> <span class='ocrx_word' id='word_1_904' title='bbox 536 5174 789 5238; x_wconf 83' lang='lat' dir='ltr'>exercet,</span> <span class='ocrx_word' id='word_1_905' title='bbox 811 5172 870 5224; x_wconf 88' lang='lat' dir='ltr'>et</span> <span class='ocrx_word' id='word_1_906' title='bbox 901 5185 935 5223; x_wconf 89' lang='lat' dir='ltr'>a</span> <span class='ocrx_word' id='word_1_907' title='bbox 960 5184 1166 5223; x_wconf 90' lang='lat' dir='ltr'>somno</span> <span class='ocrx_word' id='word_1_908' title='bbox 1201 5167 1313 5222; x_wconf 91' lang='lat' dir='ltr'>cito</span> <span class='ocrx_word' id='word_1_909' title='bbox 1357 5166 1761 5236; x_wconf 85' lang='lat' dir='ltr'>cxcitatur,ita</span> <span class='ocrx_word' id='word_1_910' title='bbox 1790 5169 1950 5225; x_wconf 81' lang='lat' dir='ltr'>Chri-</span> 
     </span>
    </p>
   </div>
   <div class='ocr_carea' id='block_1_113' title="bbox 253 5254 1950 5330">
    <p class='ocr_par' dir='ltr' id='par_1_113' title="bbox 253 5254 1950 5330">
     <span class='ocr_line' id='line_1_113' title="bbox 253 5254 1950 5330; baseline 0.001 -18"><span class='ocrx_word' id='word_1_911' title='bbox 253 5263 398 5313; x_wconf 85' lang='lat' dir='ltr'>stus</span> <span class='ocrx_word' id='word_1_912' title='bbox 437 5258 503 5312; x_wconf 88' lang='lat' dir='ltr'>in</span> <span class='ocrx_word' id='word_1_913' title='bbox 536 5263 801 5330; x_wconf 89' lang='lat' dir='ltr'>tempore</span> <span class='ocrx_word' id='word_1_914' title='bbox 842 5255 1136 5329; x_wconf 90' lang='lat' dir='ltr'>passionis</span> <span class='ocrx_word' id='word_1_915' title='bbox 1183 5274 1320 5322; x_wconf 66' lang='lat' dir='ltr'>sua},</span> <span class='ocrx_word' id='word_1_916' title='bbox 1360 5254 1583 5310; x_wconf 89' lang='lat' dir='ltr'>nullam</span> <span class='ocrx_word' id='word_1_917' title='bbox 1632 5258 1950 5327; x_wconf 88' lang='lat' dir='ltr'>potentiam</span> 
     </span>
    </p>
   </div>
   <div class='ocr_carea' id='block_1_114' title="bbox 251 5342 1951 5418">
    <p class='ocr_par' dir='ltr' id='par_1_114' title="bbox 251 5342 1951 5418">
     <span class='ocr_line' id='line_1_114' title="bbox 251 5342 1951 5418; baseline -0.001 -16"><span class='ocrx_word' id='word_1_918' title='bbox 251 5346 748 5418; x_wconf 81' lang='lat' dir='ltr'>ostendit,quam</span> <span class='ocrx_word' id='word_1_919' title='bbox 773 5351 970 5402; x_wconf 89' lang='lat' dir='ltr'>tamen</span> <span class='ocrx_word' id='word_1_920' title='bbox 994 5345 1156 5417; x_wconf 90' lang='lat' dir='ltr'>prius</span> <span class='ocrx_word' id='word_1_921' title='bbox 1181 5342 1464 5399; x_wconf 87' lang='lat' dir='ltr'>miracula</span> <span class='ocrx_word' id='word_1_922' title='bbox 1490 5343 1753 5399; x_wconf 83' lang='lat' dir='ltr'>faciendo</span> <span class='ocrx_word' id='word_1_923' title='bbox 1783 5363 1951 5402; x_wconf 89' lang='lat' dir='ltr'>mon-</span> 
     </span>
    </p>
   </div>
   <div class='ocr_carea' id='block_1_115' title="bbox 248 5432 1953 5503">
    <p class='ocr_par' dir='ltr' id='par_1_115' title="bbox 248 5432 1953 5503">
     <span class='ocr_line' id='line_1_115' title="bbox 248 5432 1953 5503; baseline -0.001 -11"><span class='ocrx_word' id='word_1_924' title='bbox 248 5440 592 5503; x_wconf 76' lang='lat' dir='ltr'>straverat,</span> <span class='ocrx_word' id='word_1_925' title='bbox 619 5440 685 5491; x_wconf 92' lang='lat' dir='ltr'>ut</span> <span class='ocrx_word' id='word_1_926' title='bbox 716 5435 774 5490; x_wconf 90' lang='lat' dir='ltr'>in</span> <span class='ocrx_word' id='word_1_927' title='bbox 810 5436 1025 5490; x_wconf 87' lang='lat' dir='ltr'>Lazaro</span> <span class='ocrx_word' id='word_1_928' title='bbox 1064 5438 1121 5490; x_wconf 90' lang='lat' dir='ltr'>et</span> <span class='ocrx_word' id='word_1_929' title='bbox 1171 5432 1416 5497; x_wconf 69' lang='lat' dir='ltr'>caeteris,</span> <span class='ocrx_word' id='word_1_930' title='bbox 1440 5436 1494 5486; x_wconf 91' lang='lat' dir='ltr'>et</span> <span class='ocrx_word' id='word_1_931' title='bbox 1528 5433 1641 5487; x_wconf 89' lang='lat' dir='ltr'>cito</span> <span class='ocrx_word' id='word_1_932' title='bbox 1671 5435 1953 5491; x_wconf 85' lang='lat' dir='ltr'>excitatus</span> 
     </span>
    </p>
   </div>
   <div class='ocr_carea' id='block_1_116' title="bbox 247 5522 1956 5599">
    <p class='ocr_par' dir='ltr' id='par_1_116' title="bbox 247 5522 1956 5599">
     <span class='ocr_line' id='line_1_116' title="bbox 247 5522 1956 5599; baseline -0.001 -18"><span class='ocrx_word' id='word_1_933' title='bbox 247 5531 351 5581; x_wconf 87' lang='lat' dir='ltr'>est</span> <span class='ocrx_word' id='word_1_934' title='bbox 387 5543 543 5581; x_wconf 88' lang='lat' dir='ltr'>cum</span> <span class='ocrx_word' id='word_1_935' title='bbox 578 5528 979 5599; x_wconf 83' lang='lat' dir='ltr'>resurgeret,«</span> <span class='ocrx_word' id='word_1_936' title='bbox 1002 5527 1058 5578; x_wconf 92' lang='lat' dir='ltr'>et</span> <span class='ocrx_word' id='word_1_937' title='bbox 1087 5526 1404 5593; x_wconf 88' lang='lat' dir='ltr'>soporatus</span> <span class='ocrx_word' id='word_1_938' title='bbox 1435 5539 1589 5589; x_wconf 91' lang='lat' dir='ltr'>sum,</span> <span class='ocrx_word' id='word_1_939' title='bbox 1612 5544 1637 5569; x_wconf 85' lang='grc'>››</span> <span class='ocrx_word' id='word_1_940' title='bbox 1666 5522 1721 5577; x_wconf 92' lang='lat' dir='ltr'>id</span> <span class='ocrx_word' id='word_1_941' title='bbox 1755 5530 1844 5579; x_wconf 87' lang='lat' dir='ltr'>est</span> <span class='ocrx_word' id='word_1_942' title='bbox 1876 5544 1956 5581; x_wconf 86' lang='lat' dir='ltr'>re-</span> 
     </span>
    </p>
   </div>
   <div class='ocr_carea' id='block_1_117' title="bbox 242 5609 1958 5689">
    <p class='ocr_par' dir='ltr' id='par_1_117' title="bbox 242 5609 1958 5689">
     <span class='ocr_line' id='line_1_117' title="bbox 242 5609 1958 5689; baseline -0.002 -17"><span class='ocrx_word' id='word_1_943' title='bbox 242 5615 481 5689; x_wconf 80' lang='lat' dir='ltr'>quievi</span> <span class='ocrx_word' id='word_1_944' title='bbox 496 5615 702 5686; x_wconf 88' lang='lat' dir='ltr'>jacens</span> <span class='ocrx_word' id='word_1_945' title='bbox 725 5614 783 5669; x_wconf 90' lang='lat' dir='ltr'>in</span> <span class='ocrx_word' id='word_1_946' title='bbox 805 5611 1070 5686; x_wconf 89' lang='lat' dir='ltr'>sepulcro</span> <span class='ocrx_word' id='word_1_947' title='bbox 1089 5613 1160 5667; x_wconf 90' lang='lat' dir='ltr'>ab</span> <span class='ocrx_word' id='word_1_948' title='bbox 1180 5611 1339 5667; x_wconf 90' lang='lat' dir='ltr'>omni</span> <span class='ocrx_word' id='word_1_949' title='bbox 1366 5609 1644 5665; x_wconf 89' lang='lat' dir='ltr'>tumultu.</span> <span class='ocrx_word' id='word_1_950' title='bbox 1663 5611 1816 5669; x_wconf 89' lang='lat' dir='ltr'>Inter</span> <span class='ocrx_word' id='word_1_951' title='bbox 1832 5616 1958 5672; x_wconf 90' lang='lat' dir='ltr'>dor-</span> 
     </span>
    </p>
   </div>
   <div class='ocr_carea' id='block_1_118' title="bbox 247 5698 1957 5783">
    <p class='ocr_par' dir='ltr' id='par_1_118' title="bbox 247 5698 1957 5783">
     <span class='ocr_line' id='line_1_118' title="bbox 247 5698 1957 5783; baseline 0.004 -22"><span class='ocrx_word' id='word_1_952' title='bbox 247 5705 597 5763; x_wconf 85' lang='lat' dir='ltr'>mitionem</span> <span class='ocrx_word' id='word_1_953' title='bbox 628 5709 687 5762; x_wconf 89' lang='lat' dir='ltr'>et</span> <span class='ocrx_word' id='word_1_954' title='bbox 719 5718 989 5779; x_wconf 88' lang='lat' dir='ltr'>soporem</span> <span class='ocrx_word' id='word_1_955' title='bbox 1032 5701 1139 5760; x_wconf 88' lang='lat' dir='ltr'>hoc</span> <span class='ocrx_word' id='word_1_956' title='bbox 1184 5698 1446 5771; x_wconf 88' lang='lat' dir='ltr'>interest,</span> <span class='ocrx_word' id='word_1_957' title='bbox 1473 5700 1627 5775; x_wconf 90' lang='lat' dir='ltr'>quod</span> <span class='ocrx_word' id='word_1_958' title='bbox 1658 5703 1718 5761; x_wconf 90' lang='lat' dir='ltr'>in</span> <span class='ocrx_word' id='word_1_959' title='bbox 1752 5724 1957 5783; x_wconf 90' lang='lat' dir='ltr'>sopore</span> 
     </span>
    </p>
   </div>
  </div>
