4070 6180
391 335 515 401 207

784 337 1191 402 HAYMONIS
1223 336 1775 400 HALBERSTAT.
1810 331 2050 396 EPISC.
2087 332 2262 407 QPP.
2299 336 2528 398 PARS.
2562 334 2610 400 Ι.
2642 371 2720 381 -
2749 333 3160 400 COMMENT.
3193 335 3394 400 BlBL.

3681 338 3798 415 2.03

393 471 785 543 quorumdam
825 470 1209 537 dubitatione,
1230 469 1486 525 ostendit
1522 469 1691 525 nobis
1732 467 2038 524 certitudi-
2066 465 2123 534 Α
2153 467 2300 524 casti
2328 486 2428 526 cer
2455 487 2674 540 meum,
2709 474 2775 527 ut
2821 471 2997 528 etiam
3028 471 3340 528 inimicum
3385 470 3713 551 diligerem,
3745 477 3803 530 et

347 547 368 556 ’
393 575 529 614 nem
568 558 698 614 vitae
741 563 988 628 aeternas,
1018 559 1116 615 ubi
1139 558 1318 615 dicit:
1349 581 1374 612 α
1395 559 1703 632 Signatum
1738 562 1828 613 est
1865 573 2042 629 super

391 665 498 706 nos
519 665 531 704 :
555 671 584 700 ››
609 654 722 719 ct,«
744 649 804 704 in
827 666 967 721 pace
993 648 1052 703 in
1075 649 1356 722 idipsum.
1372 673 1399 700 »
1424 650 1494 704 Et
1519 648 1658 721 quia
1678 649 1748 704 dc
1767 647 1866 703 ille
1888 647 2040 702 bene

391 737 561 794 nobis
583 737 996 794 exsultandum
1037 742 1144 807 est,
1172 739 1326 793 unde
1365 738 1460 792 hic
1500 737 1764 810 psalmus
1803 735 2040 808 dignius

389 827 530 900 agit,
559 827 687 883 ideo
715 827 1008 882 canticum
1031 831 1270 883 vocatur
1295 844 1308 882 :
1333 831 1390 882 et
1411 827 1550 899 quia
1578 826 1678 882 illa
1708 824 2038 892 exsultatio,

387 915 612 972 scilicet
637 921 862 995 aeterna:
883 917 1036 986 vita},
1059 922 1148 972 cst
1169 916 1337 972 nobis
1361 933 1538 971 causa
1568 916 1730 971 bona:
1752 914 2037 986 operatio-

387 1005 500 1073 nis,
538 1005 668 1062 idce
705 1011 946 1063 vocatur
983 1006 1247 1080 psalmus
1275 1005 1680 1070 cantici.Qued
1725 1007 1921 1057 autem
1953 1001 2038 1057 sic

384 1094 894 1168 dicitur,psalmus
911 1094 1120 1150 cantici
1133 1098 1405 1163 ,tractum
1425 1099 1512 1147 est
1533 1110 1600 1148 ex
1617 1091 2033 1160 modulatione,

385 1185 486 1240 ubi
511 1183 639 1240 viva
665 1201 775 1240 vox
815 1185 1197 1258 prazcedcbat,
1223 1187 1280 1238 et
1319 1182 1628 1238 harmonia
1659 1179 2033 1252 sequebatur.

383 1272 654 1331 Psalmus
674 1274 784 1330 iste
801 1273 1144 1330 attribuitur
1163 1271 1513 1344 David,quia
1529 1271 1626 1326 hic
1647 1269 1910 1342 loquitur
1931 1269 2038 1324 Da-

380 1361 476 1420 vid
502 1362 897 1436 prepheta,vel
931 1379 1313 1436 quaecumque
1345 1359 1535 1415 ﬁdelis
1565 1359 1925 1432 anima,quze
1955 1356 2033 1414 si-

379 1452 696 1524 gniﬁcatur
710 1452 1026 1526 perDavid,
1041 1451 1098 1506 id
1118 1455 1205 1506 est
1221 1448 1630 1522 eeclesia,quia
1645 1447 1890 1504 ecclesia
1907 1446 2035 1518 ipsa

379 1540 730 1598 manufortis
759 1540 821 1596 in
853 1540 1240 1596 devincendas
1279 1537 1600 1594 diabelicas
1632 1535 1980 1592 tentatiencs
2015 1551 2028 1590 :

378 1633 436 1687 et
463 1629 592 1687 visu
624 1629 1048 1698 desiderabilis,
1083 1631 1319 1702 propter
1357 1625 1858 1700 pulchritudinem
1890 1641 2030 1680 san-

379 1719 620 1788 ctitatis,
637 1721 707 1775 ad
729 1721 898 1792 cujus
917 1718 1330 1793 perfectionem
1355 1715 1525 1773 multi
1543 1717 1612 1772 dc
1633 1718 1862 1788 pectere
1879 1729 2032 1768 cem-

375 1807 578 1883 puncti
608 1809 908 1882 pervenire
938 1808 1276 1864 desiderant
1323 1825 1335 1864 :
1375 1807 1545 1878 juxta
1577 1803 1731 1877 quod
1763 1801 1981 1858 dicitur
2012 1817 2025 1856 :

375 1899 864 1973 Duprecabuntur
892 1913 1095 1952 omnes
1126 1895 1333 1951 divites
1363 1895 1573 1967 plebis.
1597 1891 1866 1949 Psalmus
1899 1891 2026 1946 dico

377 1989 622 2044 tendens
653 1987 714 2042 in
745 1987 944 2054 ﬁnem,
978 1986 1035 2039 id
1067 1989 1156 2040 est
1193 1984 1252 2038 in
1285 1983 1603 2050 Christum,
1641 1980 1864 2037 scilicet
1893 1996 2026 2052 pre-

374 2091 598 2148 ponens
637 2074 808 2129 nebis
852 2073 1203 2145 exemplum.
1237 2073 1383 2128 Cum
1429 2087 1562 2126 vere
1610 2069 1746 2125 ﬁnis
1796 2069 2024 2124 duobus

371 2161 601 2220 dicatur
630 2161 842 2229 modis,
878 2161 1101 2218 scilicet
1139 2159 1532 2232 consumptie,
1562 2158 1717 2214 sicut
1747 2173 2024 2212 censum-

372 2251 492 2326 ptie
521 2249 666 2324 ligni
695 2253 786 2306 est
825 2265 928 2322 per
977 2249 1174 2320 ignem
1209 2267 1222 2304 :
1256 2251 1314 2303 et
1361 2245 1810 2316 consummatio,
1843 2245 1902 2301 id
1934 2248 2025 2302 est

371 2338 686 2412 cujuslibet
715 2339 797 2393 rei
822 2337 1132 2410 cempletie
1157 2355 1169 2392 :
1195 2336 1464 2392 Christus
1487 2352 1787 2408 nunquam
1810 2335 2026 2390 dicitur

369 2427 764 2500 censumptio,
790 2427 891 2484 sed
937 2425 1366 2482 consummatio
1404 2442 1416 2480 :
1449 2423 1508 2480 in
1541 2442 1606 2480 eo
1637 2423 1791 2480 enim
1824 2423 2023 2480 omnia

370 2536 497 2592 quae
529 2517 685 2572 Deus
707 2533 809 2589 per
833 2515 1149 2589 prophetas
1176 2514 1526 2588 promiserat
1547 2513 1837 2585 completa
1857 2516 2018 2569 sunt.

370 2607 534 2664 Unde
561 2605 874 2677 Apostolus
899 2622 911 2660 :
937 2627 966 2655 «
987 2603 1252 2659 Christus
1286 2603 1420 2658 ﬁnis
1450 2605 1538 2658 est
1567 2601 1713 2674 legis
1743 2602 1813 2657 ad
1839 2601 2018 2672 justi-

367 2695 512 2752 tiam
541 2693 700 2750 emni
734 2694 993 2750 credenti
1024 2695 1198 2764 (Rom.
1231 2695 1310 2763 Χ).
1335 2714 1362 2746 »
1389 2691 1492 2748 Vel
1522 2709 1626 2764 per
1657 2693 1853 2761 ﬁnem,
1879 2695 2021 2746 tem-

367 2801 478 2858 pus
507 2783 708 2858 gratiae
738 2787 929 2856 potest
949 2782 1153 2854 accipi,
1180 2783 1334 2855 quod
1367 2782 1498 2837 ideo
1521 2781 1655 2836 ﬁnis
1683 2784 2016 2852 temporum

366 2873 600 2942 dicitur,
635 2873 790 2944 quod
841 2872 902 2927 in
933 2890 998 2928 ee
1029 2871 1228 2927 omnia
1276 2870 1567 2944 promissa
1597 2869 1698 2926 Dei
1729 2868 2018 2942 completa

363 2967 521 3031 sunt,
556 2961 711 3018 unde
753 2961 1066 3034 Apostolus
1099 2977 1112 3016 :
1141 2983 1169 3011 «
1200 2961 1317 3016 Nos
1365 2977 1574 3016 sumus
1601 2959 1660 3014 in
1692 2975 1838 3032 quos
1869 2960 2016 3014 ﬁnes

360 3050 709 3108 saeculorum
740 3050 1100 3105 devenerunt
1127 3050 1176 3122 (Ι
1205 3049 1325 3104 Cor.
1353 3048 1430 3121 Χ).
1455 3070 1482 3098 »
1517 3048 1762 3104 Materia
1792 3064 1922 3104 vere
1953 3048 2014 3103 in

357 3138 470 3196 hoc
501 3137 730 3212 psalmo
761 3142 850 3194 est
871 3138 1124 3210 justitia,
1156 3137 1228 3192 de
1255 3137 1365 3192 hac
1395 3141 1590 3192 autem
1621 3135 1865 3192 materia
1894 3136 2014 3210 agit

2149 559 2220 614 de
2251 558 2623 617 tribulatione
2653 562 2990 634 gauderem,
3019 565 3130 618 etc.
3154 561 3301 618 Cum
3333 561 3497 634 prius
3527 561 3599 618 de
3630 561 3802 620 tertia

2149 664 2398 720 persona
2443 649 2678 718 diceret,
2711 651 3024 716 exaudivit,
3057 668 3126 706 ex
3172 649 3357 708 nimia
3402 649 3801 710 familiaritate

2149 739 2430 793 convertit
2460 755 2522 795 se
2541 739 2614 794 ad
2637 739 2978 810 secundam,
3003 755 3138 796 cum
3159 738 3322 807 dicit,
3347 737 3608 799 dilatasti
3630 739 3798 798 mihi.

2225 846 2250 878 (ι
2279 825 2566 894 Dilatasti,
2591 849 2616 882 ι)
2641 831 2697 886 et
2727 827 2918 883 adhuc
2947 849 2974 902 α
2995 827 3270 884 miserere
3301 829 3436 896 mei,
3464 849 3490 881 ι)
3519 829 3576 884 id
3599 833 3690 884 est
3710 845 3801 886 re-

2147 932 2311 970 move
2333 933 2366 970 a
2388 933 2481 972 me
2504 916 2770 973 miserias
2801 917 2982 989 hujus
3022 917 3249 984 mundi,
3277 920 3341 972 ut
3381 915 3560 974 nullis
3598 919 3802 991 subja—

2147 1020 2309 1060 ccam
2332 1005 2751 1062 tentationibus
2776 1009 2871 1061 «et
2890 1005 3095 1061 exaudi
3121 1005 3445 1062 orationem
3469 1023 3716 1074 meam,»
3741 1007 3802 1063 id

2145 1097 2234 1148 est
2264 1112 2412 1166 pone
2443 1096 2503 1151 in
2535 1113 2628 1150 me
2661 1097 3044 1168 augmentum
3072 1095 3376 1160 virtutum,
3401 1093 3801 1150 conﬁrmatio-

2145 1200 2280 1238 nem
2311 1200 2514 1238 eerum
2561 1185 2848 1240 bonorum
2889 1200 3014 1256 qua:
3046 1183 3105 1238 in
3154 1199 3248 1238 me
3293 1187 3452 1238 sunt.
3478 1183 3801 1256 Postquam

2145 1271 2290 1326 dixit
2317 1294 2343 1325 ο
2366 1271 2679 1339 exaudivit,
2703 1291 2730 1324 ι
2759 1271 3054 1344 superflue
3074 1271 3308 1328 videtur
3321 1288 3674 1346 apponere,»
3695 1275 3803 1330 mi-

2143 1376 2334 1416 serere
2376 1365 2434 1416 et
2481 1361 2688 1418 exaudi
2714 1379 2727 1417 :
2753 1379 2779 1412 »
2811 1361 2912 1416 sed
2944 1361 3293 1418 conveniens
3333 1360 3444 1422 fuit
3478 1379 3800 1436 apponere,

2143 1450 2281 1523 quia
2326 1454 2459 1522 post
2504 1450 2935 1506 cxauditionem
2989 1453 3213 1507 restant
3263 1448 3536 1518 miseriae,
3563 1455 3623 1506 et
3666 1452 3798 1510 ideo

2141 1539 2474 1596 necessaria
2503 1539 2865 1596 conservatio
2895 1543 2954 1594 et
2981 1529 3268 1595 bonorum
3299 1539 3724 1616 augmentatie.

2211 1628 2346 1684 Post
2365 1628 2797 1685 exauditienem
2816 1629 2980 1700 ponit
2999 1627 3800 1700 increpationem.Centinua-

2137 1715 2218 1772 tio
2246 1733 2260 1772 :
2292 1737 2318 1770 α
2339 1717 2452 1786 Me,
2473 1717 2612 1790 quia
2633 1718 2838 1790 justus
2864 1733 3024 1774 eram
3053 1737 3082 1774 α
3098 1715 3392 1773 exaudivit
3409 1715 3698 1774 Dominus
3726 1735 3790 1776 :-

2138 1809 2194 1861 et
2215 1805 2343 1862 ideo
2365 1823 2467 1862 vos
2496 1827 2522 1859 α
2543 1806 2646 1861 ﬁlii
2677 1805 2984 1862 hominum
3017 1821 3378 1877 usquequo,»
3407 1801 3466 1860 id
3487 1809 3578 1860 est
3597 1823 3794 1878 quan-

2137 1894 2236 1950 diu
2257 1895 2420 1952 eritis
2448 1879 2653 1968 «gravi
2677 1895 2899 1964 corde,»
2925 1894 2981 1948 id
3005 1899 3094 1949 est
3113 1893 3374 1967 quandiu
3396 1895 3662 1966 gravabit
3690 1913 3794 1954 ves

2134 1983 2404 2040 voluntas
2447 1983 2786 2039 idololatriae
2823 1983 2912 2039 vel
2955 1982 3330 2056 appetitionis
3379 1986 3796 2042 terrenorum?

2136 2074 2316 2128 Ποωο
2344 2071 2574 2128 duobus
2606 2071 2796 2127 modis
2819 2071 2878 2126 in
2904 2071 3103 2126 divina
3128 2070 3344 2145 pagina
3363 2069 3667 2144 accipitur,
3701 2073 3790 2130 vel

2132 2162 2459 2218 secundum
2478 2159 2994 2230 carnalitatem,vel
3015 2161 3342 2218 secundum
3364 2161 3786 2235 terrenitatem,

2131 2254 2382 2322 utroque
2403 2249 2577 2306 modo
2607 2249 2690 2305 sic
2727 2247 2958 2324 legitur,
2971 2269 2998 2300 ‹‹
3020 2248 3124 2304 ﬁlii
3165 2248 3494 2322 hominum,
3517 2271 3544 2304 ιο
3573 2249 3633 2306 id
3672 2256 3786 2322 est,

2131 2337 2234 2394 ﬁlii
2259 2337 2604 2408 carnalium,
2623 2337 2885 2410 quandiu
2907 2337 3130 2394 similes
3151 2336 3268 2394 illis
3289 2337 3498 2394 eritis?
3514 2339 3603 2396 vel
3629 2361 3656 2392 α
3677 2338 3788 2398 ﬁlii

2129 2427 2460 2498 hominum,
2484 2449 2512 2478 »
2539 2427 2596 2482 id
2617 2431 2707 2484 est
2727 2426 3186 2496 rationabilium,
3212 2443 3394 2499 quare
3428 2444 3543 2482 non
3586 2427 3786 2486 imita-

2131 2517 2274 2572 mini
2298 2515 2624 2572 ratienem?
2647 2515 2915 2573 Ostendit
2934 2532 3033 2572 eos
3056 2532 3296 2588 peccare
3325 2514 3624 2574 voluntate
3649 2535 3662 2575 :
3699 2536 3789 2576 es-

2127 2606 2316 2662 tendit
2329 2605 2504 2661 etiam
2525 2621 2763 2676 peccare
2781 2603 3162 2661 delectatione
3177 2621 3312 2660 cum
3331 2604 3474 2660 dicit
3488 2623 3500 2660 :
3514 2605 3625 2662 «Ut
3642 2597 3788 2680 quid

2127 2694 2372 2768 diligitis
2391 2693 2753 2750 vanitatem?
2773 2713 2798 2745 »
2826 2694 2897 2749 Et
2932 2693 3111 2750 etiam
3152 2693 3212 2748 in
3253 2697 3406 2762 actu,
3433 2711 3568 2750 cum
3591 2695 3737 2752 dicit
3769 2713 3785 2753 :

2133 2804 2156 2834 ι
2181 2784 2250 2839 Et
2270 2781 2528 2856 quzcritis
2560 2781 2988 2850 mendacium,»
3019 2782 3078 2838 id
3109 2785 3198 2839 est
3219 2780 3376 2838 idola
3399 2799 3413 2838 ε
3438 2799 3589 2838 vana
3619 2788 3784 2853 sunt,

2125 2873 2264 2948 quia
2283 2871 2364 2928 dii
2388 2888 2501 2926 non
2525 2875 2664 2926 sunt
2688 2887 2700 2926 :
2726 2871 3034 2928 mendacia
3057 2869 3360 2943 sunt,quia
3379 2887 3484 2942 per
3502 2888 3571 2928 ea
3589 2869 3787 2928 hemi-

2123 2979 2229 3018 nes
2251 2963 2588 3036 exspectant
2605 2959 2806 3029 vitam,
2832 2975 3011 3032 quam
3033 2959 3171 3016 dare
3203 2975 3319 3015 non
3343 2963 3612 3032 possunt.
3635 2961 3786 3018 Item

2124 3051 2426 3106 mundana
2450 3065 2601 3104 vana
2627 3051 2786 3118 sunt,
2811 3047 2952 3120 quia
2980 3063 3115 3103 cum
3147 3047 3302 3103 bona
3331 3047 3403 3103 ab
3434 3047 3788 3120 appetitori-

2122 3139 2234 3194 bus
2252 3141 2551 3211 putentur,
2566 3137 2719 3193 bona
2735 3153 2849 3192 non
2869 3139 3028 3192 sunt.
3045 3135 3190 3193 Item
3209 3135 3464 3194 multum
3483 3135 3782 3208 laborant,

355 3225 466 3282 hoc
489 3205 1048 3297 modo,increpando
1073 3224 1409 3280 idelelatras
1429 3229 1486 3279 et
1508 3223 1816 3280 dilectores
1838 3205 2008 3280 mun-
2040 3205 2084 3273 (ἶ
2123 3230 2188 3284 ut
2218 3205 2520 3282 obtineant
2551 3242 2619 3281 ea
2667 3241 2793 3296 qua:
2845 3223 3118 3298 diligunt,
3168 3225 3392 3282 scilicet
3448 3205 3780 3296 mundana,

356 3314 437 3382 di,
463 3313 564 3371 ubi
587 3313 728 3370 dicit
752 3332 804 3369 :«
827 3314 1140 3386 Usqueque
1164 3311 1324 3386 gravi
1350 3312 1557 3368 corde?
1579 3337 1605 3363 ››
1629 3313 2008 3370 Admenende

353 3403 529 3460 etiam
549 3405 621 3459 ad
629 3403 922 3476 justitiam
935 3445 948 3471 ,
963 3403 1062 3458 ubi
1085 3402 1224 3457 dicit
1239 3419 1251 3457 :
1264 3425 1289 3452 ‹‹
1305 3402 1637 3458 Sacriﬁcate
1655 3401 2008 3458 sacriﬁcium

343 3491 645 3566 justitiae,»
667 3497 775 3549 etc.
803 3492 1090 3548 Faciende
1113 3490 1375 3564 egregias
1406 3491 1844 3563 promissiones,
1869 3509 2007 3564 pre-

353 3581 593 3638 mittens
605 3581 906 3638 Christum
924 3582 1179 3638 vocando
1201 3598 1336 3636 eum
1355 3585 1624 3636 sanctum
1644 3585 2003 3648 sanctorum,

352 3669 455 3726 ubi
484 3669 629 3728 dicit
655 3687 666 3725 :
693 3676 965 3726 sanctum
1000 3687 1199 3738 suum,
1223 3687 1338 3742 quo
1372 3668 1664 3726 mediante
1695 3670 2006 3725 exaudien-

351 3763 450 3816 tur
461 3759 753 3816 orationes
771 3759 1390 3827 sanctorum,estendit
1407 3758 1579 3814 etiam
1594 3757 2005 3814 certitudinem

353 3839 552 3906 teterni
573 3849 733 3918 boni,
750 3866 876 3922 quae
899 3853 987 3906 est
1004 3847 1139 3904 ﬁnis
1157 3852 1496 3903 caeterarum
1520 3847 2002 3920 promissionum.

349 3937 600 3994 Intentio
631 3955 764 3994 vero
795 3941 886 3993 est
915 3954 1020 3992 nos
1058 3937 1389 4005 admonere,
1417 3941 1654 4009 propter
1685 3953 1864 4009 quam
1895 3938 2002 3994 ha-

347 4026 604 4082 bendam
628 4025 779 4080 ﬁunt
800 4028 856 4079 et
879 4025 1304 4096 increpationes
1326 4030 1382 4081 et
1406 4025 1846 4098 promissiones.
1874 4027 2004 4084 Haec

351 4112 598 4169 intentio
629 4115 867 4168 notatur
896 4112 995 4168 ubi
1028 4111 1169 4167 dicit
1193 4131 1206 4168 :
1234 4135 1260 4166 α
1281 4113 1616 4170 Sacriﬁcate
1648 4115 2001 4172 sacriﬁcium

341 4200 644 4276 justitiae.»
676 4201 1110 4274 Increpationes
1140 4206 1198 4256 et
1228 4201 1656 4258 admonitiones
1686 4206 2002 4276 separatim

345 4289 534 4366 ponit,
559 4287 979 4363 promissiencs
1011 4305 1144 4344 vero
1176 4289 1559 4346 commixtim.
1583 4291 1654 4345 Et
1685 4309 1719 4347 a
1750 4294 1998 4364 premis-

346 4379 510 4453 sione
541 4379 625 4436 sic
656 4377 865 4452 incipit
898 4395 910 4434 :
943 4377 1130 4434 Nolite
1179 4377 1334 4433 idola
1363 4376 1570 4448 colere,
1594 4383 1652 4434 et
1702 4381 2002 4439 mundana

343 4467 606 4544 diligere,
642 4468 744 4524 sed
795 4467 1086 4524 adhmrete
1135 4465 1399 4540 justitiae,
1447 4471 1503 4522 et
1548 4485 1749 4540 preces
1795 4475 1998 4528 vestra:

2119 3334 2246 3390 quae
2285 3320 2482 3371 tamen
2515 3312 2820 3369 mendacia
2867 3317 3008 3370 sunt
3040 3331 3053 3370 :
3087 3312 3227 3386 quia
3273 3313 3693 3370 sufﬁcientiam
3723 3317 3785 3372 et

2118 3403 2538 3462 beatitudinem
2570 3401 2942 3474 promittunt,
2968 3419 3147 3474 quam
3180 3402 3319 3458 dare
3349 3419 3463 3458 non
3497 3405 3776 3476 possunt.

2198 3517 2223 3549 ιι
2251 3493 2511 3550 Scitote»
2541 3491 2820 3564 quoniam
2852 3491 2974 3548 haec
3005 3491 3312 3548 mendacia
3355 3496 3529 3548 sunt:
3555 3496 3613 3548 et
3653 3491 3785 3549 haec

2119 3608 2146 3636 «
2169 3581 2682 3656 scitote,queniam
2701 3579 2986 3636 Dominus
3009 3579 3398 3648 miriﬁcavit,»
3419 3579 3476 3635 id
3495 3583 3585 3636 est
3605 3579 3788 3637 mira-

2114 3673 2291 3730 bilem
2315 3671 2447 3728 fecit
2473 3691 2500 3724 (ι
2521 3673 2794 3726 sanctum
2828 3685 3024 3737 suum,
3049 3687 3076 3719 υ
3102 3667 3160 3723 id
3195 3671 3286 3724 est
3321 3667 3648 3737 Christum,
3675 3669 3785 3742 qui

2113 3761 2328 3818 dicitur
2347 3764 2588 3816 sanctus
2610 3761 2969 3827 sanctorum,
2987 3773 3102 3830 quo
3127 3757 3426 3814 mediante
3453 3777 3480 3810 α
3504 3757 3788 3814 exaudiet

2113 3868 2206 3907 me
2228 3849 2512 3907 Dominus
2535 3865 2668 3904 cum
2689 3845 3012 3903 clamavere
3039 3847 3112 3903 ad
3133 3863 3269 3902 eum
3293 3869 3322 3898 »
3348 3845 3716 3903 habendum.

2181 3941 2252 3996 Et
2281 3939 2422 3994 item
2455 3937 2515 3991 in
2547 3935 2658 3993 hoc
2688 3953 2858 3992 versu
2889 3935 3055 4008 ponit
3085 3934 3543 4008 promissionem
3567 3935 3787 3994 nobis?

2113 4028 2303 4086 Nolite
2323 4042 2583 4100 quaerere
2607 4025 3003 4094 mendacium,
3020 4025 3122 4080 sed
3143 4024 3344 4097 potius
3364 4023 3784 4082 «irascimini»

2114 4117 2367 4194 peccatis
2390 4115 2601 4173 vestris
2623 4113 2994 4188 praeteritis,«
3019 4117 3075 4169 et
3095 4137 3123 4165 »
3144 4115 3522 4187 postmodum
3551 4137 3578 4164 ‹‹
3602 4114 3790 4172 nolite

2112 4225 2366 4284 peccare.
2387 4227 2414 4259 ι»
2440 4204 2541 4261 Vel
2574 4204 2691 4260 ita:
2719 4202 2911 4260 Nolite
2953 4203 3328 4259 mendacium
3361 4219 3644 4276 quaerere,
3677 4205 3784 4262 sed

2117 4321 2143 4352 ιι
2173 4295 2552 4354 irascimini.»
2581 4291 2745 4360 Quod
2777 4291 2916 4364 quia
2948 4290 3212 4348 naturale
3243 4296 3352 4362 est,
3382 4309 3496 4348 non
3529 4309 3782 4366 possum

2109 4386 2415 4462 prohibere
2436 4382 2618 4452 vobis,
2635 4380 2880 4456 patior,u
2903 4385 2960 4436 et
2981 4403 3002 4430 ι
3019 4385 3212 4438 tamen
3233 4403 3260 4433 ‹‹
3275 4381 3453 4438 nolite
3473 4397 3776 4453 peccare,»

2109 4479 2170 4534 id
2192 4479 2280 4532 est
2302 4474 2462 4529 illam
2483 4471 2636 4528 iram
2653 4470 2726 4526 ad
2745 4474 2946 4526 actum
2967 4467 3388 4542 perducere.Et
3403 4469 3475 4525 de
3491 4468 3588 4526 his
3607 4486 3777 4544 aqua:

341 4558 747 4626 exaudientur,
781 4557 938 4631 quod
969 4557 1121 4612 Deus
1149 4555 1314 4613 vobis
1343 4555 1402 4610 in
1433 4556 1695 4629 exemplo
1727 4558 1838 4615 mei
1872 4578 1998 4633 pre-
2025 4577 2074 4646 D
2112 4565 2360 4632 dicitis,»
2385 4563 2446 4617 id
2466 4565 2557 4616 est
2577 4557 2906 4632 eegitatis,«
2933 4559 2991 4612 in
3013 4559 3290 4614 cordibus
3311 4557 3578 4628 vestris,»
3606 4558 3668 4614 id
3687 4563 3780 4614 est

343 4646 560 4702 mittit:
589 4647 726 4718 quia
753 4668 780 4700 α
811 4665 947 4702 cum
978 4646 1332 4713 invocarem,
1355 4669 1382 4696 »
1419 4645 1474 4701 id
1507 4651 1615 4715 est,
1647 4665 1780 4703 cum
1812 4649 1996 4706 Deum

339 4739 406 4792 ut
454 4734 510 4790 in
566 4752 659 4790 me
710 4735 1066 4791 inhabitaret
1121 4736 1473 4801 invocarem,
1503 4755 1530 4788 α
1560 4736 1853 4793 exaudivit
1900 4757 1994 4796 me

337 4825 492 4883 Deus
522 4847 550 4876 n
585 4825 756 4879 dator
796 4823 1044 4896 justitim
1080 4841 1092 4880 :
1131 4841 1243 4879 non
1291 4824 1528 4897 quidem
1577 4825 1847 4898 perfecte,
1888 4831 1990 4886 scd

342 4935 369 4967 α
398 4932 592 4985 meae,»
625 4913 682 4969 id
707 4913 1054 4985 est,qualem
1079 4917 1267 4984 potest
1296 4913 1508 4970 habere
1531 4933 1660 4970 mea
1680 4915 1987 4990 fragilitas.

335 5003 610 5073 Dicende,
635 5024 665 5056 α
687 5021 821 5058 eum
856 5003 1182 5058 invocarem
1215 5003 1526 5072 exaudivit,
1550 5026 1578 5054 »
1606 5008 1768 5061 notat
1809 5007 1988 5064 simul

337 5109 465 5149 esse
483 5095 846 5150 vocationem
869 5097 926 5148 et
947 5092 1374 5148 exauditienem
1405 5110 1416 5148 :
1443 5111 1576 5148 cum
1599 5094 1800 5162 dicit,«
1821 5116 1990 5156 exau-

341 5181 483 5235 divit
505 5199 596 5236 me
619 5185 770 5239 Deus
787 5183 1090 5256 justitice,»
1113 5183 1370 5238 ostendit
1393 5201 1426 5237 a
1449 5184 1562 5238 Dee
1586 5184 1813 5240 nullum
1831 5205 2000 5245 exau-

341 5267 474 5335 diri,
519 5270 632 5324 nisi
674 5272 929 5344 aliquam
968 5272 1267 5344 justitiam
1313 5272 1543 5327 habeat.
1585 5274 1751 5329 Ponit
1792 5276 1850 5330 in
1882 5295 1996 5350 quo

339 5356 680 5423 exaudierit,
705 5360 904 5416 dicens
929 5379 978 5416 ει
1001 5363 1058 5416 in
1093 5361 1468 5418 tribulatione
1500 5361 1754 5418 dilatasti
1787 5365 1986 5436 mihi,»

262 5514 274 5524 Ι
336 5442 395 5496 id
427 5447 517 5497 est
547 5445 970 5518 multiplicasti.
993 5451 1137 5506 Cum
1169 5451 1324 5506 enim
1359 5449 1658 5506 tribulatio
1692 5452 1873 5509 soleat
1901 5458 1990 5511 af-

331 5531 480 5587 ferre
502 5535 827 5604 angustias,
845 5541 910 5590 ut
933 5537 1126 5591 dolere
1149 5539 1218 5593 dc
1241 5537 1640 5608 tribulatione,
1655 5541 1788 5596 edie
1809 5543 1990 5600 tribu-

325 5625 531 5708 gntem
556 5621 795 5696 habere,
814 5625 1117 5682 veritatem
1143 5628 1319 5683 etiam
1344 5631 1556 5702 tacere,
1578 5632 1689 5687 etc.
1699 5674 1714 5705 ,
1740 5632 1986 5711 ampliﬁ-

2109 4663 2170 4716 in
2191 4649 2644 4728 cogitationibus
2663 4647 2875 4704 vestris
2903 4670 2924 4698 α
2951 4647 3422 4720 cempungimini
3443 4669 3472 4696 »
3495 4651 3554 4702 et
3573 4647 3648 4716 de
3677 4647 3778 4704 his

2104 4774 2132 4803 «
2156 4762 2283 4821 qua:
2316 4740 2512 4798 dicitis
2545 4739 2604 4794 in
2636 4736 2934 4794 cubilibus
2956 4737 3188 4806 vestris,
3215 4759 3242 4787 ››
3267 4736 3326 4792 id
3347 4740 3438 4792 est
3469 4735 3529 4790 in
3554 4736 3776 4808 quibus

2102 4834 2278 4896 alicui
2339 4826 2713 4886 delectationi
2774 4826 2970 4882 carnis
3030 4825 3394 4892 censentitis.
3429 4823 3637 4881 Cubile
3689 4841 3774 4896 es;

2098 4929 2284 4984 lectus
2319 4922 2573 4978 ferarum
2605 4914 2706 4971 ubi
2737 4915 2871 4971 fera:
2919 4914 3281 4971 volutantur.
3316 4914 3536 4970 Eodem
3591 4913 3770 4970 modo

2097 5031 2310 5088 corpus
2347 5014 2615 5065 nostrum
2656 5004 2873 5060 dicitur
2914 5004 3107 5063 cubile
3155 5003 3386 5072 animm,
3436 5003 3765 5059 secundum

2096 5107 2206 5162 hoc
2239 5099 2395 5174 quod
2429 5094 2611 5153 stulta
2642 5093 2844 5150 anima
2873 5097 3076 5150 nostra
3107 5091 3607 5149 delectationibus
3639 5109 3769 5148 cen-

2109 5193 2290 5252 sentit
2321 5207 2334 5246 :
2366 5193 2424 5244 et
2453 5187 2515 5241 in
2554 5184 2662 5238 hoc
2705 5200 2876 5240 versu
2927 5186 3200 5238 notamus
3249 5180 3719 5236 admonitionem
3749 5197 3761 5234 :

2112 5307 2138 5337 α
2171 5281 2360 5339 Neltte
2393 5291 2650 5350 peccare.
2673 5295 2702 5323 »

2175 5374 2244 5428 Et
2274 5369 2414 5442 quia
2461 5381 2576 5421 non
2623 5360 2842 5417 sufﬁcit
2891 5361 3186 5418 abstinere
3218 5377 3253 5416 a
3280 5359 3456 5427 male,
3493 5359 3614 5416 nisi
3670 5361 3760 5416 ﬁat

2101 5462 2256 5536 quod
2291 5459 2511 5514 bonum
2544 5456 2652 5520 est,
2687 5449 2913 5506 addidit
2947 5467 2960 5505 :
2995 5451 3099 5506 sed
3148 5450 3343 5522 potius
3379 5469 3405 5501 ‹‹
3433 5449 3768 5506 sacriﬁcate

2097 5547 2450 5608 sacriﬁcium
2475 5538 2742 5615 justitize,
2767 5539 2824 5594 id
2855 5542 2945 5594 est
2963 5539 3262 5610 justitiam
3285 5555 3413 5611 qua:
3431 5537 3666 5595 dicitur
3687 5555 3774 5596 sa.

2095 5637 2401 5708 oriﬁcium,
2437 5632 2496 5688 id
2526 5633 2633 5702 est,
2659 5627 2896 5704 placens
2918 5627 3036 5686 Deo
3058 5631 3341 5706 tanquam
3368 5627 3772 5689 sacriﬁcium.
