4070 6180
303 279 414 343 211

713 273 1121 342 HAYMONIS
1149 274 1692 338 HALBEBSTAT.
1723 268 1965 332 EPISC.
1999 269 2175 332 OPP.
2204 269 2432 332 PARS.
2466 270 2515 332 Ι.
2548 304 2626 314 -
2655 267 3064 332 COMMENT.
3098 266 3294 332 BIBL.

3591 267 3712 330 212

301 412 440 471 licet
469 417 687 470 Deum:
724 413 980 469 ostendit
1011 411 1164 484 quod
1195 409 1328 464 talis
1357 380 1568 465 videat-
1595 408 1780 463 Deum
1805 424 1816 463 :
1853 424 1946 479 po—
1973 403 2052 488 Α,
2129 405 2336 476 Exque
2361 403 2525 473 dixit,
2545 435 2566 458 α
2581 421 2695 460 non
2716 404 2870 459 Deus
2890 403 3090 459 volens
3113 401 3485 475 iniquitatem
3505 405 3570 458 tu
3594 418 3708 469 es,»

303 504 499 560 nendo
519 501 966 576 oppositum,sic
997 501 1197 554 dicens
1231 513 1255 538 α
1287 497 1426 569 quia
1454 501 1516 552 tu
1548 514 1609 552 es
1640 497 1815 563 Deus,
1837 516 1865 546 ››
1896 499 1953 551 ct

302 591 432 648 ideo
465 610 489 638 α
513 609 627 646 non
670 590 870 647 volens
920 587 1310 660 iniquitatem.
1337 611 1360 634 ι»
1398 587 1481 641 Ita
1507 608 1531 631 ε(
1559 587 1761 642 astabo
1792 591 1848 642 et
1874 585 1952 640 vi-

305 683 474 750 debo,
494 702 517 726 »
549 682 659 735 hoc
690 679 931 744 scilicet,
960 698 982 722 α
1006 675 1276 749 quoniam
1303 681 1366 730 tu
1389 693 1452 731 es
1473 677 1650 743 Deus,
1680 697 1706 726 η
1739 679 1848 730 etc.
1883 677 1952 730 Et

305 771 444 844 quia
464 787 579 824 non
601 767 689 824 vis
711 765 1172 837 «iniquitatem,»
1189 767 1316 821 ideo
1341 785 1366 815 ιι
1385 765 1714 836 malignus»
1733 763 1954 819 scilicet

303 859 402 914 ille
417 857 515 929 qui
529 854 847 912 malevolus
869 858 957 911 est
973 871 1110 926 erga
1127 855 1512 926 proximum,«
1529 871 1644 909 non
1665 846 1954 908 habitabit

297 948 467 1020 juxta
487 949 542 1000 te
557 961 570 999 :
585 962 612 992 ι)
637 943 773 1000 licet
793 944 948 1000 enim
973 945 1194 1016 ubique
1217 945 1602 1011 sitDeus,non
1627 947 1819 998 tamen
1836 959 1955 996 ma-

304 1035 502 1108 lignus
523 1033 738 1088 dicitur
756 1033 1068 1104 cssejuxta
1086 1049 1218 1088 eum
1230 1033 1422 1087 .Juxta
1436 1033 1618 1088 Deum
1632 1031 1786 1087 enim
1801 1047 1949 1098 esse,

305 1127 396 1180 est
414 1123 584 1179 bonis
611 1121 798 1193 ipsius
830 1121 1050 1194 perfrui
1084 1139 1097 1176 :
1134 1120 1303 1193 longe
1333 1137 1466 1176 vcro
1497 1137 1644 1185 csse,
1668 1137 1783 1174 non
1816 1119 1950 1174 frui.

309 1213 554 1283 «Neque
585 1210 852 1281 injusti,»
886 1209 943 1264 id
975 1214 1066 1264 est
1093 1209 1399 1264 actualitcr
1424 1215 1731 1281 peccantes
1764 1229 1787 1252 ‹‹
1821 1225 1953 1280 per—

307 1301 633 1356 manebunt
659 1303 792 1354 ante
816 1298 1018 1356 oculos
1046 1303 1180 1354 tuos
1213 1320 1236 1343 »
1269 1298 1406 1370 quia
1433 1297 1568 1353 licet
1596 1297 1788 1354 omnis
1821 1314 1954 1352 caro

303 1389 500 1446 videat
520 1389 707 1445 Deum
728 1389 787 1442 in
812 1387 1276 1458 judicio,tamen
1310 1404 1425 1442 non
1457 1403 1680 1454 omnes,
1714 1387 1814 1442 scd
1847 1385 1956 1442 soli

297 1477 446 1548 justi
474 1478 918 1550 permanebunt,
952 1476 1012 1531 in
1045 1475 1533 1548 contemplatione
1564 1475 1686 1530 Dei.

382 1597 406 1620 (ι
434 1567 721 1634 Quoniam
753 1565 929 1622 orabo
961 1567 1034 1622 ad
1066 1570 1122 1621 te
1143 1589 1168 1613 υ
1202 1564 1392 1621 solum
1440 1564 1796 1620 habendum.
1829 1564 1954 1619 Non

307 1684 334 1712 (ι
360 1657 843 1729 permanebunt,»
859 1653 997 1727 quia
1007 1657 1070 1710 tu
1087 1679 1112 1709 α
1125 1655 1298 1710 odisti
1313 1671 1516 1709 omnes
1530 1654 1628 1726 qui
1643 1657 1959 1725 operantur

2060 493 2280 549 notavit
2308 493 2700 548 cxclusionem
2731 491 3194 558 azmulze,dehinc
3225 491 3450 547 notabit
3469 509 3534 547 se
3555 491 3716 547 habi-

2059 589 2253 639 turam
2285 582 2813 638 hzereditateszti
2846 581 3230 638 excludentur
3261 604 3284 628 α
3315 598 3420 654 ego
3451 585 3670 650 autem,
3689 610 3712 635 ιθ

2059 673 2116 727 id
2139 671 2511 738 est,Ecclesia
2533 687 2560 715 ε(
2581 672 2834 727 introibo
2863 672 2922 726 in
2947 672 3188 727 domum
3209 671 3497 738 tuam,»id
3523 673 3632 739 est,
3655 671 3715 726 in

2062 762 2248 818 cmlcst
2261 779 2352 816 em
2393 761 2777 816 Hierusalem.
2794 761 2901 816 Per
2917 760 3026 815 hoc
3046 760 3198 832 quod
3219 759 3359 815 dicit
3374 782 3400 808 α
3415 760 3712 826 domum,»

2063 855 2223 906 notat
2253 849 2522 905 stabilem
2557 851 2945 905 mansionem.
2965 871 2992 901 ‹‹
3014 848 3290 916 lntroibo,
3321 876 3345 898 ιι
3373 853 3432 904 et
3457 849 3568 905 hoc
3601 865 3715 904 non

2062 939 2388 996 secundum
2421 939 2628 994 merita
2657 939 2916 1005 mea,sed
2951 937 3052 992 «in
3087 937 3463 993 multitudine
3495 937 3718 993 miseri-

2063 1027 2271 1084 cordiae
2297 1033 2459 1095 tum,»
2477 1027 2534 1082 id
2551 1028 2992 1094 est,sccundum
3023 1025 3466 1082 multitudinem
3494 1027 3720 1082 miseri-

2063 1117 2270 1174 cordize
2303 1121 2416 1172 tuae
2432 1121 2525 1172 «et
2545 1117 2796 1172 adorabo
2819 1118 2888 1172 ad
2913 1116 3254 1188 templum,»
3277 1116 3332 1170 id
3353 1120 3442 1171 est
3464 1117 3537 1171 ad
3559 1115 3720 1170 Chri-

2064 1212 2352 1279 stum,pcr
2381 1223 2554 1278 quem
2591 1207 2844 1262 intratur
2874 1207 2932 1261 in
2965 1207 3208 1261 domum
3237 1205 3530 1262 caelestem
3565 1222 3580 1260 :
3615 1205 3718 1278 qui

2064 1297 2194 1353 ideo
2227 1297 2510 1368 templum
2541 1295 2928 1368 dicitur,quia
2957 1295 3014 1350 in
3043 1312 3110 1351 eo
3135 1295 3354 1350 habitat
3381 1295 3575 1350 omnis
3598 1294 3720 1367 ple-

2066 1386 2270 1442 nitudo
2319 1385 2642 1440 divinitatis
2692 1383 3092 1458 corporaliter,
3129 1386 3199 1440 de
3226 1401 3340 1456 quo
3371 1384 3498 1457 ipse
3529 1384 3717 1440 dieit':

2065 1475 2278 1531 Solvite
2309 1474 2592 1547 templum
2618 1475 2748 1543 hoc,
2773 1478 3108 1542 «sanctum,
3131 1497 3155 1520 »
3179 1475 3238 1530 id
3269 1477 3375 1543 est,
3409 1491 3477 1530 ex
3507 1491 3722 1530 conce-

2065 1564 2262 1637 ptione
2292 1564 2742 1631 sanctificatum,
2770 1567 3005 1631 «tuum,
3034 1586 3058 1610 ιι
3093 1563 3152 1618 id
3176 1567 3284 1633 est,
3317 1581 3352 1618 a
3379 1567 3435 1620 te
3467 1580 3482 1618 ε
3521 1585 3546 1611 ιι
3574 1564 3728 1644 ἃς]ος

2067 1655 2253 1710 rabo»
2279 1653 2407 1708 dico
2443 1653 2546 1707 «in
2579 1651 2786 1708 timore
2819 1657 2940 1718 tuo,
2973 1671 2996 1696 »
3031 1652 3088 1708 id
3121 1657 3228 1720 est,
3261 1653 3318 1708 in
3353 1653 3722 1710 convenienti

305 1743 733 1816 iniquitatem.»
767 1745 874 1800 Per
902 1744 1010 1800 hoc
1041 1745 1195 1815 quod
1228 1744 1387 1811 dicit,
1411 1765 1434 1790 α
1458 1743 1559 1815 qui
1589 1746 1954 1814 operantur,»
1983 1776 2035 1843 B
2065 1743 2191 1810 tibi,
2226 1743 2446 1798 scilicet
2477 1759 2592 1798 non
2623 1741 2838 1810 servili,
2873 1743 2974 1798 sed
3008 1741 3194 1798 ﬁliali.

304 1837 362 1890 et
377 1852 493 1890 non
515 1834 736 1906 operati
759 1834 1180 1906 sunt,ostendit
1200 1851 1298 1888 eos
1316 1833 1416 1906 qui
1437 1835 1817 1905 peccaverunt
1840 1850 1955 1887 non

305 1940 434 1980 esse
461 1923 974 1992 damnandos,nisi
1007 1941 1106 1979 eos
1137 1922 1236 1995 qui
1269 1923 1328 1978 in
1354 1922 1654 1978 voluntate
1682 1926 1958 1993 peccante

303 2013 754 2085 permanebunt.
773 2037 798 2061 «
813 2012 1023 2066 Perdes
1044 2028 1248 2066 omnes
1266 2011 1364 2082 qui
1383 2011 1704 2082 loquuntur
1726 2010 1961 2064 menda-

305 2100 514 2167 cium,»
531 2099 754 2154 scilicet
776 2100 876 2170 qui
905 2103 1274 2170 perseverant
1294 2099 1353 2153 in
1376 2097 1692 2154 mendacio.
1708 2121 1730 2142 ‹‹
1751 2098 1958 2152 Pcrdcs

305 2205 512 2244 omnes
545 2186 646 2258 qui
679 2185 1002 2258 loquuntur
1031 2185 1440 2242 mendacium»
1465 2185 1604 2258 quia
1634 2185 1741 2241 hoc
1763 2191 1852 2242 est
1873 2203 1960 2242 vc-

302 2276 462 2334 ritati
487 2275 870 2331 contrarium.
898 2275 1126 2330 Veritas
1156 2279 1244 2332 est
1275 2277 1344 2330 de
1373 2293 1439 2331 co
1469 2276 1624 2347 quod
1657 2279 1744 2330 est
1768 2293 1780 2330 :
1803 2292 1956 2330 men-

303 2365 537 2422 dacium
599 2381 715 2420 non
777 2369 865 2420 est
911 2364 1246 2419 substantia
1275 2364 1362 2419 vel
1395 2351 1626 2431 natura,
1661 2365 1762 2418 sed
1795 2365 1865 2419 de
1894 2381 1958 2419 eo

305 2455 463 2526 quod
497 2471 613 2510 non
644 2457 769 2508 est:
800 2457 856 2508 et
885 2453 1092 2509 merito
1124 2453 1386 2525 perditur
1406 2453 1502 2525 qui
1529 2453 1784 2508 declinat
1804 2453 1876 2508 ab
1893 2470 1958 2508 eo

303 2545 460 2616 quod
509 2545 599 2600 cst
646 2543 718 2598 ad
771 2543 830 2598 id
871 2543 1026 2615 quod
1061 2559 1177 2598 non
1208 2547 1317 2598 est.
1353 2541 1607 2610 Mentiri,
1641 2547 1730 2596 est
1757 2546 1961 2598 contra

305 2633 416 2690 hoc
441 2633 600 2706 quod
623 2631 756 2706 quis
778 2631 973 2688 animo
997 2631 1175 2689 sentit
1205 2631 1788 2704 loqui.Augustinus:
1813 2631 1962 2686 Sunt

307 2721 618 2779 mendacia
647 2722 912 2794 quaedam
946 2739 1050 2794 pro
1083 2721 1270 2777 salute
1298 2721 1384 2776 vel
1407 2738 1510 2793 pro
1532 2720 1838 2776 commodo
1863 2719 1963 2776 ali-

311 2813 482 2884 cujus
511 2829 629 2868 non
661 2809 906 2878 malitia,
943 2811 1043 2867 sed
1091 2810 1448 2883 benignitate
1482 2827 1494 2866 :
1530 2815 1594 2864 ut
1619 2811 1962 2866 obstetrices

312 2918 439 2973 quae
461 2900 732 2958 dixerunt
751 2919 855 2974 pro
878 2899 1015 2956 ﬁliis
1037 2900 1409 2955 Hebraeorum
1425 2898 1637 2954 falsum
1652 2899 1958 2954 Pharaoni.

310 2991 442 3046 Haec
464 2995 659 3046 autem
681 2989 990 3046 mendacia
1020 3006 1134 3044 non
1167 2989 1356 3054 re,sed
1379 2987 1440 3042 in
1461 2988 1594 3043 dolo
1624 2987 1958 3042 laudantur:

311 3081 452 3151 quia
480 3079 580 3150 qui
614 3079 700 3133 sic
731 3079 1119 3143 mentiuntur,
1139 3077 1526 3131 merebuntur
1553 3075 1868 3147 aliquando
1889 3077 1961 3131 ab

309 3168 470 3224 omni
495 3165 800 3220 mendacio
823 3164 1187 3219 liberari.Est
1211 3163 1382 3218 etiam
1414 3164 1786 3218 mendacium
1801 3166 1956 3236 joco,
1987 3143 2035 3214 G

310 3255 468 3326 quod
500 3269 616 3307 non
648 3251 798 3306 fallit
829 3269 843 3306 :
879 3273 904 3294 ‹‹
937 3251 1049 3306 scit
1077 3250 1235 3304 enim
1270 3251 1362 3305 cui
1396 3251 1958 3324 dicitur,causajoci

308 3341 420 3397 dici
459 3357 473 3394 :
507 3344 565 3396 et
593 3340 715 3394 haec
743 3340 858 3394 duo
889 3355 1105 3411 genera
1135 3355 1248 3392 non
1283 3345 1423 3393 sunt
1452 3339 1579 3394 sine
1611 3340 1800 3411 culpa,
1835 3342 1956 3408 sed,

308 3445 424 3486 non
447 3445 582 3484 cum
607 3427 1128 3501 magna.Perfectis
1153 3431 1346 3482 autem
1372 3445 1484 3482 non
1508 3430 1776 3484 convenit
1798 3448 1959 3485 men-

306 3517 541 3585 tiri,nec
571 3533 674 3588 pro
707 3513 1013 3588 temporali
1038 3515 1177 3583 vita,
1209 3516 1379 3586 cujus
1412 3521 1598 3572 morte
1629 3535 1736 3573 sua
1764 3518 1848 3572 vel
1872 3519 1960 3574 al-

304 3605 490 3662 terius
525 3623 641 3662 non
671 3603 958 3661 occiditur
985 3603 1184 3660 anima
1215 3621 1226 3658 :
1261 3603 1394 3659 licet
1423 3609 1616 3660 autem
1649 3606 1733 3662 eis
1764 3607 1812 3660 si
1844 3625 1958 3662 non

306 3694 523 3752 falsum
555 3695 768 3760 dicere,
797 3711 1002 3750 verum
1047 3699 1238 3750 tacere
1271 3709 1284 3748 :
1321 3698 1384 3749 ut
1415 3694 1464 3750 si
1497 3694 1628 3766 quis
1660 3695 1957 3751 hominem

305 3801 422 3840 non
444 3783 568 3840 vult
589 3784 661 3840 ad
695 3786 940 3840 mortem
975 3784 1236 3856 perdere,
1258 3799 1458 3839 verum
1479 3785 1688 3852 taceat,
1709 3786 1808 3840 sed
1841 3803 1958 3840 non

303 3871 518 3929 falsum
541 3874 830 3942 dicat,nec
861 3890 964 3946 pro
987 3889 1226 3944 corpore
1247 3871 1487 3928 alterius
1509 3871 1765 3928 animam
1789 3891 1959 3930 suam

304 3962 550 4029 occidat,
586 3978 700 4015 non
733 3965 822 4016 est
851 3961 1025 4031 culpa
1052 3977 1254 4015 verum
1286 3965 1500 4028 tacere,
1533 3967 1598 4015 ut
1621 3963 1906 4019 Dominus
1941 3983 1954 4021 :

305 4071 334 4102 α
359 4048 544 4103 Mulza
564 4048 749 4102 habeo
769 4047 933 4101 vobis
955 4047 1146 4102 dicere
1176 4049 1350 4117 (Joan.
1369 4053 1504 4117 XVI).
1522 4070 1544 4093 »
1581 4050 1731 4106 Illud
1761 4057 1955 4108 autem

304 4136 406 4190 ubi
443 4151 556 4189 non
591 4137 682 4188 cst
710 4133 926 4203 duplex
957 4150 1200 4202 cor,non
1223 4135 1394 4190 debet
1415 4137 1525 4191 dici
1559 4141 1954 4210 mendacium,

302 4227 368 4278 ut
401 4223 450 4278 si
481 4221 616 4293 quis
645 4221 978 4275 commodet
1032 4220 1316 4291 gladium,
1350 4227 1407 4277 et
1438 4225 1742 4294 promittat
1773 4246 1833 4284 se
1863 4247 1960 4300 po-

302 4310 486 4368 scenti
512 4309 879 4364 redditurum
905 4324 917 4362 :
939 4308 986 4362 si
1018 4308 1216 4363 furens
1248 4309 1453 4378 poscit,
1489 4327 1599 4364 non
1634 4313 1814 4368 debeo
1838 4318 1960 4370 red-

300 4399 456 4467 dere,
492 4402 558 4454 ut
588 4415 650 4454 se
683 4397 770 4452 vel
803 4395 984 4452 alium
1018 4395 1262 4450 occidat.
1298 4395 1432 4450 Ideo
1464 4397 1556 4451 hic
1589 4415 1703 4453 non
1735 4406 1824 4456 est
1849 4404 1954 4456 du-

2137 1834 2206 1887 Et
2228 1836 2292 1886 ut
2313 1832 2532 1904 possim
2559 1831 2821 1898 introire,
2851 1835 2914 1886 tu
2937 1851 2960 1874 «
2984 1830 3228 1887 Domine
3251 1833 3438 1888 deduc
3461 1847 3580 1900 me,
3601 1847 3630 1879 ι)
3663 1833 3723 1888 id

2067 1921 2241 1988 est,in
2276 1921 2543 1992 prmsenti
2577 1921 2660 1976 sis
2691 1920 2835 1975 mihi
2861 1922 2996 1988 dux,
3017 1921 3212 1977 dando
3241 1921 3394 1976 vires
3417 1940 3442 1965 «ι
3462 1921 3524 1976 in
3547 1921 3726 1994 justi-

2067 2010 2150 2064 tia
2177 2014 2294 2076 tua,
2317 2029 2338 2052 »
2374 2009 2432 2064 id
2463 2013 2572 2075 est,
2603 2026 2714 2063 non
2750 2014 2880 2081 peto
2911 2026 2977 2064 ex
3009 2009 3135 2065 sola
3159 2009 3583 2080 misericordia,
3618 2012 3723 2067 sed

2059 2099 2296 2170 justitia
2324 2101 2426 2152 tua
2455 2097 2563 2152 hoc
2593 2097 2790 2170 exigit,
2817 2101 2883 2152 ut
2913 2097 3067 2154 sicut
3096 2099 3345 2155 damnas
3371 2099 3608 2172 impios,
3642 2101 3726 2156 ita

2068 2204 2404 2242 remuneres
2427 2189 2695 2258 jUStOSZu
2709 2188 2896 2242 deduc
2916 2207 2939 2230 »
2967 2187 3096 2243 dico
3130 2206 3153 2230 α
3185 2191 3422 2261 propter
3449 2187 3726 2246 inimicos

2067 2293 2265 2331 meos»
2281 2275 2382 2347 qui
2404 2293 2496 2331 me
2517 2274 2719 2330 volunt
2741 2276 3022 2348 impedire
3038 2293 3051 2332 :
3067 2279 3126 2332 et
3145 2276 3205 2332 in
3228 2277 3723 2351 futurocdirige,»

2067 2364 2426 2419 ostendendo
2476 2365 2768 2436 quomodo
2817 2381 3050 2419 caveam
3094 2365 3166 2420 ab
3197 2364 3476 2433 inimicis,
3513 2385 3535 2408 α
3566 2365 3726 2422 viam

2069 2469 2314 2519 meam,»
2337 2452 2394 2508 id
2416 2458 2524 2522 est,
2548 2470 2722 2525 opera
2752 2469 2901 2520 mea,
2931 2454 3012 2510 ita
3042 2457 3105 2529 ut
3128 2453 3247 2510 sint
3265 2471 3442 2526 opera
3473 2453 3576 2510 illa
3607 2483 3633 2508 ιι
3663 2455 3725 2510 in

2069 2545 2382 2614 conspectu
2415 2546 2535 2609 tuo,
2560 2564 2584 2588 ι»
2612 2541 2667 2597 id
2692 2547 2802 2610 est,
2835 2543 2894 2598 in
2918 2543 3285 2616 beneplacito
3307 2547 3430 2610 tuo,
3463 2547 3530 2598 ut
3557 2543 3730 2599 intel-

2068 2629 2246 2702 ligam
2277 2629 2569 2686 illam.llic
2593 2631 2738 2702 petit
2757 2631 2992 2688 liberari
3015 2632 3088 2686 ab
3109 2631 3516 2701 zemula,notat
3543 2632 3725 2688 etiam

2069 2718 2553 2791 persecutionem,
2587 2720 2786 2775 dicens
2820 2736 2832 2774 :
2873 2740 2896 2764 ει
2928 2723 3162 2792 propter
3192 2721 3483 2776 inimicos.
3517 2742 3542 2766 »

2142 2809 2274 2863 Ideo
2307 2808 2434 2862 dico
2467 2825 2492 2856 (ι
2523 2808 2732 2881 dirige,
2764 2809 2954 2864 deduc
3000 2814 3236 2881 prepter
3279 2809 3552 2866 inimicos
3581 2827 3728 2882 quo-

2071 2897 2228 2952 niam
2263 2915 2378 2952 non
2407 2903 2496 2953 est
2541 2899 2600 2952 in
2659 2915 2758 2954 ore
2815 2915 3018 2954 eorum
3075 2897 3307 2954 veritas.
3341 2917 3364 2944 ιι
3398 2898 3514 2954 Nec
3545 2899 3730 2955 miror

2071 2985 2209 3057 quia
2235 3003 2334 3041 cor
2381 3003 2582 3041 eorum
2641 3003 2860 3040 vanum
2909 2991 2998 3041 est
3027 3003 3040 3054 ;
3077 3008 3100 3031 »
3135 2985 3290 3042 unde
3317 2985 3554 3041 dicitur.
3591 3007 3615 3032 ‹‹
3647 2987 3728 3042 Ex

2071 3075 2432 3130 abundantia
2461 3075 2652 3129 cordis
2680 3091 2744 3130 os
2769 3073 3031 3146 loquitur
3061 3074 3263 3144 (Matth.
3296 3077 3416 3143 xu).

2142 3182 2168 3213 ‹‹
2191 3163 2405 3218 Guttur
2433 3163 2609 3218 etiam
2641 3179 2898 3231 eorum,»
2925 3162 2983 3218 id
3007 3166 3114 3232 est,
3139 3181 3204 3220 os
3236 3181 3460 3232 eorum,
3495 3163 3640 3236 quia
3669 3165 3729 3220 in

2069 3256 2304 3325 gutture
2335 3251 2662 3307 formantur
2688 3269 2858 3308 voces
2893 3271 2916 3296 ‹‹
2949 3255 3039 3308 est
3065 3252 3405 3326 sepulcrum
3437 3257 3668 3325 patens,
3703 3284 3728 3308 η

2069 3339 2128 3395 id
2161 3345 2268 3406 est,
2305 3340 2496 3396 simile
2542 3341 2763 3411 patenti
2817 3341 3086 3412 sepulcro
3121 3359 3134 3396 :
3169 3341 3308 3414 quia
3337 3342 3494 3398 sicut
3521 3346 3731 3414 patens

2071 3429 2404 3501 sepulcrum
2437 3429 2678 3484 fetorem
2726 3431 2960 3498 emittit,
2994 3434 3052 3486 et
3078 3431 3324 3486 cadaver
3356 3431 3595 3504 aliquod
3628 3449 3732 3488 ex-

2071 3518 2405 3590 spectat,sic
2437 3517 2520 3572 illi
2550 3519 2828 3574 emittunt
2857 3519 3036 3576 fetida
3063 3521 3257 3587 verba,
3291 3519 3518 3576 scilicet
3546 3521 3733 3579 haere-

2070 3624 2184 3674 ses,
2209 3611 2264 3662 et
2295 3605 2667 3680 incorporant
2699 3607 2810 3664 sibi
2845 3608 3012 3674 alios,
3033 3607 3256 3664 scilicet
3286 3627 3320 3665 a
3349 3627 3593 3682 corpore
3625 3612 3732 3667 Ec-

2069 3695 2255 3752 clesia:
2305 3697 2649 3768 separando,
2681 3702 2739 3752 et
2799 3697 2910 3752 sibi
2944 3699 3275 3754 conformes
3307 3698 3598 3755 faciendo.
3631 3701 3733 3756 Hic

2069 3791 2231 3840 notat
2253 3789 2516 3856 apertam
2543 3785 2780 3840 haeresis
2812 3787 3310 3858 praedicationem,
3335 3791 3393 3843 et
3424 3787 3625 3844 innuit
3653 3788 3734 3846 la-

2068 3878 2288 3930 tentem
2320 3875 2624 3930 verborum
2651 3876 2748 3930 sed
2761 3875 3106 3930 uctionem.«
3125 3876 3368 3948 Linguis
3389 3875 3733 3934 suisdolose

2069 3964 2338 4035 agebant,
2373 3983 2400 4012 ››
2431 3962 2490 4018 id
2523 3967 2613 4019 est
2643 3963 2862 4020 blanda
2894 3963 3230 4020 adulatione
3263 3965 3322 4019 in
3357 3965 3732 4022 audientium

2068 4052 2244 4108 corda
2264 4051 2566 4106 mortifera
2587 4053 2914 4108 suadebant
2946 4069 3185 4108 venena.
3209 4053 3341 4108 Ideo
3363 4053 3516 4108 dixit
3547 4077 3572 4100 «ι
3596 4071 3733 4127 age-

2067 4143 2260 4207 bant,»
2293 4145 2359 4196 ut
2390 4140 2672 4196 malitiam
2708 4158 2822 4196 non
2855 4141 3048 4196 solum
3079 4140 3138 4195 in
3171 4140 3528 4213 linguis,sed
3551 4143 3732 4199 etiam

2067 4230 2124 4282 in
2151 4233 2285 4284 actu
2307 4245 2508 4284 eorum
2541 4245 2670 4285 esse
2699 4227 3298 4300 probaret.Occultam
3320 4231 3732 4287 seductionem

2067 4316 2337 4384 dicit,ubi
2365 4317 2592 4372 veritati
2623 4318 2850 4372 falsitas
2880 4317 3276 4373 admiscetur:
3313 4321 3605 4390 apertam,
3629 4321 3730 4376 ubi

2067 4403 2190 4458 sola
2223 4404 2444 4460 falsitas
2476 4410 2582 4459 est.
2617 4407 2686 4459 Et
2716 4405 2855 4478 quia
2891 4405 3037 4460 tales
3070 4410 3209 4460 sunt
3239 4409 3326 4472 tu,
3363 4427 3389 4450 α
3421 4405 3602 4475 Deus,
3630 4409 3735 4479 ju-

281 4483 431 4561 'plex
463 4504 562 4542 cor
595 4503 608 4540 :
643 4484 784 4558 quia
830 4501 964 4540 cum
1017 4481 1262 4556 promisi
1294 4483 1537 4538 reddere
1569 4501 1680 4540 non
1715 4491 1953 4560 cognovi
1982 4505 2033 4572 Β
2066 4491 2194 4545 dica
2224 4490 2406 4556 illos,»
2442 4492 2497 4546 id
2529 4497 2636 4558 est,
2673 4494 2911 4548 ostende
2943 4511 3042 4548 eos
3074 4493 3468 4550 damnabiles.
3486 4495 3618 4553 Non
3650 4497 3738 4552 di-

299 4577 590 4632 furentem
625 4578 828 4646 postea
859 4570 1386 4644 repetiturum.Vcl
1420 4571 1778 4642 accipiamus
1799 4593 1955 4637 men-

297 4664 534 4721 dacium
566 4663 637 4717 dc
667 4661 900 4732 haeresi,
931 4665 996 4716 ut
1054 4663 1144 4715 est
1200 4675 1412 4730 negare
1469 4657 1767 4716 Christum
1826 4681 1953 4722 esse

293 4755 503 4819 Deum,
538 4766 750 4822 negare
792 4753 1029 4820 partum
1063 4746 1304 4818 virginis
1340 4763 1352 4800 :
1387 4751 1443 4800 ct
1473 4763 1576 4816 pro
1608 4747 1948 4818 hujusmodi

293 4839 619 4898 mendaciis
650 4840 929 4912 aggravat
957 4835 1176 4899 dicens,
1211 4850 1238 4880 «
1269 4834 1496 4904 perdes.
1533 4855 1556 4875 ιι

364 4931 526 4996 Quod
550 4927 696 4984 dixit
717 4941 743 4973 (ι
765 4923 940 4980 odisti
973 4927 1280 4994 opcrantes
1311 4920 1680 4990 iniquitatem
1709 4948 1729 4972 υ
1757 4932 1948 4983 osten-

292 5003 380 5073 dit
397 5036 500 5090 per
515 5014 973 5090 partes,dicens:
999 5011 1144 5066 Vere
1169 5029 1192 5052 (ι
1215 5007 1388 5064 odisti
1411 5013 1716 5079 operantes
1739 5011 1944 5086 iniqui-

291 5109 524 5172 tatem,»
549 5107 689 5178 quia
713 5105 943 5159 «virum
966 5096 1376 5170 sanguinum,»
1395 5094 1452 5148 id
1474 5095 1942 5162 est,liomicidam

292 5219 317 5244 «ι
342 5196 399 5246 et
428 5192 718 5260 dolosum,
745 5219 768 5242 η
795 5193 853 5248 id
879 5195 970 5247 est
1001 5188 1100 5260 qui
1131 5185 1263 5241 dolo
1295 5184 1576 5238 viventem
1609 5184 1819 5270 occidit
1839 5190 1944 5242 sci-

289 5279 425 5334 licet
451 5279 539 5333 vet
571 5281 727 5335 mala
767 5279 1166 5352 persuasione,
1200 5271 1286 5328 vel
1349 5286 1590 5324 suorum
1651 5271 1936 5330 bonorum

289 5366 602 5431 ablatione,
636 5385 659 5408 «
691 5369 1084 5434 abominatur,
1117 5382 1145 5410 »
1180 5363 1235 5418 id
1275 5364 1386 5426 est,
1445 5359 1518 5413 ab
1565 5359 1722 5412 omni
1785 5361 1934 5418 bono

288 5454 483 5512 omine
516 5458 804 5508 removet:
829 5454 916 5508 vel
941 5473 964 5494 ι(
989 5449 1480 5514 abominabitur,»
1511 5445 1567 5500 id
1600 5451 1708 5514 est,
1740 5465 1772 5501 a
1802 5467 1932 5504 con-

287 5543 464 5604 so‘rtio
495 5540 866 5597 rationalium
897 5539 1213 5596 removebit
1242 5536 1547 5592 Dominus.

2064 4579 2142 4634 cit
2170 4578 2277 4634 hoc
2306 4585 2435 4635 voto
2469 4580 2907 4650 malevolentiae,
2942 4583 3044 4638 sed
3079 4599 3194 4638 non
3228 4587 3425 4654 potest
3454 4601 3575 4640 non
3599 4602 3738 4642 con-

2061 4667 2274 4722 sentire
2305 4667 2509 4722 divinae
2541 4670 2862 4724 sententiae.

2129 4755 2392 4810 Ostendit
2409 4757 2700 4827 quomodo
2723 4756 2858 4812 velit
2872 4775 2972 4813 eos
2985 4759 3008 4830 j
3023 4757 3485 4828 udicari,dicens
3501 4778 3515 4816 :
3531 4781 3556 4804 «
3569 4762 3737 4819 Deci-

2057 4843 2709 4914 dautacogitationibus
2741 4846 2886 4913 suis,
2907 4865 2932 4891 »
2967 4847 3024 4902 id
3057 4851 3148 4902 est
3175 4847 3384 4903 inanes
3419 4849 3733 4906 invenian-

2057 4934 2154 4984 tur
2182 4930 2560 5000 cogitationes
2591 4948 2815 5004 eorum,
2835 4935 3056 5005 quibus
3089 4940 3332 5008 sperant
3361 4954 3424 4992 se
3457 4938 3736 4997 obtinere

2055 5034 2300 5088 regnum
2323 5019 2474 5087 quod
2499 5035 2614 5072 non
2637 5023 3176 5089 promerentur.Vel
3215 5053 3239 5076 ιι
3264 5023 3568 5095 decidant,
3603 5047 3632 5078 »
3667 5027 3726 5084 id

2053 5109 2143 5160 est
2171 5121 2282 5158 non
2314 5103 2544 5158 valeant
2575 5106 2814 5178 implere
2846 5127 2974 5180 quae
3019 5112 3300 5184 cogitant.
3341 5127 3368 5156 ι(
3395 5114 3466 5168 Et
3497 5116 3733 5188 expelle

2053 5208 2199 5246 eos”
2252 5191 2320 5245 de
2377 5209 2552 5264 regno
2609 5199 2750 5250 tuo:
2813 5199 3112 5268 puniendo
3171 5217 3272 5256 eos
3325 5219 3350 5244 α
3383 5203 3730 5262 secundum

2049 5277 2486 5335 multitudinem
2519 5281 2884 5352 impietatum
2917 5303 3177 5358 eorum,»
3203 5289 3258 5344 id
3288 5293 3475 5356 est,ut
3499 5309 3727 5349 secun-

2045 5367 2186 5454 dum
2217 5367 2601 5436 quantitatem
2633 5369 2976 5428 delictorum
3011 5375 3088 5430 sit
3117 5377 3428 5448 quantitas
3481 5382 3724 5454 suppli-

2040 5453 2282 5507 ciorum.
2317 5473 2342 5499 ει
2372 5455 2601 5527 Expelle
2623 5477 2648 5506 ι›
2679 5458 2806 5514 dico
2838 5475 2865 5504 α
2887 5463 3169 5532 quoniam
3203 5453 3626 5527 irritavcrunti
3643 5475 3729 5543 te,

2037 5541 2356 5613 Domincn»
2388 5542 2446 5596 id
2477 5548 2565 5599 est
2595 5545 2667 5600 ad
2697 5545 2845 5603 iram
2875 5558 3370 5620 provocaverunt.
