4070 6180
491 255 610 320 219
913 252 1324 320 HAYMONIS
1356 253 1899 362 HALBEltSTAT.
1933 252 2178 318 EPISG.
2213 255 2384 318 OPP.
2418 261 2514 324 PA
2526 262 2620 325 BS
2651 265 2702 327 Ῑ.
2733 301 2811 312 —
2839 268 3262 340 COMMENT.
3288 278 3469 348 BIBL.
3716 299 3814 362 220

491 389 780 465 est,punit
795 411 818 439 α
833 407 935 463 per
946 387 1213 488 singulos
1223 389 1386 488 dies?
1409 389 1533 446 Non
1549 409 1588 488 Ι»
1612 388 2018 488 thuiajudex
2029 393 2136 461 est,
2166 387 2225 458 Α
2253 395 2394 450 dum
2425 395 2706 455 honorem
2729 400 2962 459 Domini
2985 405 3346 466 «altissimi»
3371 417 3524 488 cujus
3543 424 3732 482 nomini
3749 435 3815 486 est

492 485 550 538 et
571 486 776 554 potens
807 479 1066 548 est,ideo
1105 499 1131 531 α
1157 477 1268 534 nisi
1302 479 1562 534 conversi
1618 478 1847 535 fueritis
1879 481 1950 535 ad
1983 497 2140 548 cum,
2252 484 2648 557 psallendum,
2684 491 2962 561 quoniam
2995 494 3121 568 ipse
3151 477 3461 560 altissimus
3487 477 3816 575 est.

493 571 755 645 gladium
787 587 962 626 suum
992 567 1273 672 vibrabit;
1308 590 1335 618 ››
1373 567 1830 672 ideo.mitten‘do
1877 571 1948 672 ad
1985 570 2144 642 judi-
2251 591 2386 672 vero
2419 579 2526 643 est,
2545 577 2777 672 Domini
2808 583 3108 655 mandata,
3127 589 3186 642 et
3214 591 3472 661 operibus
3506 567 3820 672 peragere,

491 660 853 730 ciumjustis
875 657 1142 714 ostendet
1164 657 1712 730 coruscum,impiis
1742 660 2138 716 tenebrosum.
2250 661 2503 734 hymnos
2545 669 2602 720 et
2627 665 2889 740 psalmos
2939 675 2998 728 et
3027 657 3408 736 cantica—voce
3431 687 3485 738 et
3506 657 3674 744 .cord’e

491 748 732 806 Gladius
755 747 912 802 enim
933 747 1195 801 vibratus
1218 746 1391 802 modo
1421 747 1714 814 tenebras,
1738 749 1911 804 modo
1945 749 2138 820 splen-
2249 752 2390 806 tare.

489 839 690 950 d‘orem
722 836 999 892 ostendit.
1027 836 1090 890 In
1103 835 1530 950 judicio,Jq110d
1552 837 1814 950 .ijl‘ffbit
1832 836 2094 950 8mg].qu
2121 855 2134 894 ³
2763 883 2836 938 ΙΝ
2879 883 3222 945 PSALMUM
3261 890 3385 950 VIII

487 927 681 998 etjam
706 945 727 974 α
750 941 952 981 arcum
985 941 1161 980 suum
1194 924 1460 992 tetendit,
1490 948 1512 977 ι
1549 925 1606 980 id
1639 929 1747 994 est,
1763 943 1896 982 cum
1941 928 2141 984 divina

485 1015 788 1087 Scriptura
817 1013 985 1069 nobis
1033 1013 1227 1068 minas
1273 1012 1499 1069 incutit.
1538 1013 1644 1068 Per
1684 1014 1910 1087 lignum
1943 1033 2136 1086 arcus,

483 1105 666 1161 Vetus
697 1104 1141 1159 Testamentum
1172 1101 1457 1174 accipitur
1490 1119 1504 1158 :
1539 1103 1679 1175 quia
1708 1103 1862 1159 sicut
1885 1103 2134 1178 lignum,
2319 1138 2344 1162 ‹‹
2373 1109 2620 1168 Domine
2649 1112 2924 1172 dominus
2946 1121 3162 1186 noster,
3196 1139 3220 1166 »
3253 1122 3508 1194 psalmus
3537 1126 3640 1182 iste
3665 1145 3828 1188 conve-

483 1211 589 1268 per
619 1208 680 1248 se
713 1196 838 1248 erat
867 1191 1077 1248 inutile
1107 1196 1166 1247 et
1195 1189 1509 1289 inﬂexibile
1542 1208 1555 1246 :
1589 1209 1692 1264 per
1721 1192 2000 1262 chordam
2030 1195 2138 1252 No-
2245 1197 2331 1252 nit
2351 1197 2530 1254 David
2563 1202 2942 1274 prophetae,et
2965 1189 3341 1266 omnibus—de
3359 1211 3604 1270 Ecclesia
3619 1233 3730 1289 qua
3747 1219 3830 1276 fuit

482 1301 620 1339 vum
646 1285 1110 1350 Testamentum,
1128 1281 1279 1353 quod
1298 1285 1468 1337 vetus
1494 1280 1912 1350 intenditur,et
1931 1285 2002 1340 ad
2027 1286 2138 1341 uti-
2243 1291 2380 1342 ante
2411 1289 2724 1346 adventum
2757 1291 2990 1350 Christi.
3023 1295 3293 1354 Psalmus
3319 1300 3465 1370 dico,
3497 1319 3594 1374 pro
3620 1280 3831 1364 torcula-

482 1373 708 1428 litatem
741 1371 1072 1428 intellectus
1103 1369 1404 1426 reducitur
1439 1389 1460 1419 α
1487 1373 1560 1461 et
1571 1372 1796 1443 paravit
1816 1371 2052 1442 illum,»
2075 1375 2133 1430 id
2241 1375 2407 1432 ribus
2439 1394 2642 1450 agens,
2676 1379 2735 1436 id
2766 1386 2874 1450 est,
2889 1399 2994 1456 pro
3021 1385 3315 1456 Ecclesiae,
3334 1405 3460 1461 qua:
3479 1369 3600 1449 ideo
3626 1395 3832 1452 torcular

481 1467 571 1518 est
600 1461 772 1518 nobis
802 1479 904 1533 per
937 1461 1223 1533 quosdam
1255 1460 1522 1517 doctores
1550 1460 1978 1535 intelligibilem
2010 1465 2134 1520 red-
2241 1463 2613 1540 intelligitur,
2642 1469 2782 1540 quia
2819 1471 2878 1526 in
2937 1487 3006 1529 ea
3047 1479 3188 1532 sunt
3235 1481 3294 1532 et
3323 1460 3612 1550 rejiciendi
3647 1485 3698 1537 et
3720 1483 3832 1538 reci-

481 1552 651 1609 didit.
2239 1553 2436 1624 piendi
2472 1572 2486 1612 :
2521 1556 2675 1614 sicut
2707 1558 2764 1614 in
2795 1561 3072 1618 torculari
3100 1563 3306 1621 vinum
3350 1567 3694 1642 exprimitur,
3713 1573 3833 1643 quod

557 1661 579 1692 ι
611 1643 684 1698 Et
713 1642 772 1697 in
796 1659 862 1698 eo
891 1659 917 1692 υ
957 1657 1119 1706 arcu,
1145 1639 1369 1695 scilicet
1399 1639 1594 1695 divina
1625 1641 1946 1712 Scriptura,
1986 1662 2008 1692 α
2028 1661 2130 1716 pa-
2239 1642 2525 1700 retinetur
2557 1663 2570 1700 :
2605 1653 2662 1702 et
2711 1648 2916 1705 acinus
2953 1657 3238 1722 remanet,
3273 1655 3373 1728 qui
3417 1639 3636 1728 ejicitur
3659 1639 3838 1732 {cujus

477 1733 626 1788 ravit
652 1749 793 1788 vasa
841 1730 1070 1798 mortis,
1103 1752 1132 1780 ››
1166 1728 1225 1784 id
1274 1733 1382 1795 est,
1434 1729 1728 1801 apostolos
1777 1735 2130 1805 caeterosque
2160 1759 2208 1825 B
2239 1731 2513 1789 universa
2542 1751 2821 1806 pressura
2851 1737 2916 1792 fit
2945 1739 3157 1796 Christi
3188 1743 3590 1815 permissione.
3617 1728 3838 1806 Psalmus

473 1822 841 1888 doetores,ex
870 1821 1086 1892 quibus
1133 1835 1291 1875 mors
1337 1819 1699 1891 propinatur.
1721 1820 1982 1886 Quibus?
2013 1839 2126 1878 non
2160 1819 2201 1825 ⁷
2239 1837 2346 1877 nos
2379 1821 2436 1876 in
2469 1821 2767 1879 Christum
2799 1825 3001 1899 dirigit
3032 1845 3046 1884 :
3081 1833 3137 1884 et
3169 1830 3282 1888 hoc
3314 1836 3404 1888 est
3444 1834 3594 1906 quod
3637 1835 3836 1903 dieit,in

471 1909 890 1984 recipientibus
913 1907 1238 1966 doctrinam
1269 1924 1492 1975 eorum,
1515 1908 1902 1966 «ardentibus
1924 1933 1944 1960 ι
1970 1929 2124 1980 vero,
2236 1909 2436 1977 finem,
2462 1910 2518 1965 id
2551 1915 2662 1980 est,
2695 1913 2971 1971 admonet
2999 1933 3106 1973 nos
3155 1919 3431 1978 infideles
3475 1927 3541 1978 ut
3565 1923 3840 1982 voluntarie

469 1999 528 2056 id
558 2003 667 2069 est,
700 1997 1175 2055 desiderantibus
1225 1996 1432 2062 Deum,
1474 2020 1493 2045 α
1531 1997 1775 2069 sagittas
1800 1993 1967 2068 suas,
2007 2024 2027 2052 ι
2065 2003 2123 2058 id
2235 1997 2350 2054 Deo
2383 1999 2790 2071 subjiciamur.
2825 2003 3067 2062 Materia
3113 2012 3205 2064 est
3253 2009 3542 2067 Christus.
3569 2012 3643 2068 De
3677 2029 3735 2070 eo
3773 2013 3840 2069 sic

471 2093 563 2146 est
592 2088 998 2161 praedicatores
1027 2085 1211 2156 ipsos,
1239 2083 1327 2139 vel
1359 2083 1586 2140 divinas
1630 2087 1950 2144 sententias
1996 2083 2124 2162 quae
2233 2087 2386 2158 agit:
2414 2089 2670 2146 ostendit
2689 2091 3064 2150 excellentem
3085 2098 3415 2168 potentiam
3436 2099 3735 2158 divinitatis
3762 2119 3844 2175 per

472 2177 649 2234 corda
676 2174 986 2231 vulnerant
1019 2195 1047 2223 α
1069 2172 1280 2238 effecit,
1297 2194 1326 2221 »
1359 2172 1416 2226 id
1442 2177 1532 2228 est
1561 2172 1786 2230 habiles
1818 2181 1884 2232 ut
1912 2179 2124 2252 recipe-
2233 2176 2549 2248 magnifica
2575 2195 2684 2234 sua
2713 2196 2885 2252 opera
2933 2184 3192 2240 ostendit
3241 2187 3422 2243 etiam
3466 2172 3842 2246 humanitatem

471 2267 675 2320 rentur
703 2267 761 2319 et
791 2260 1258 2348 intelligerentur
1295 2259 1538 2331 paravit.
1570 2260 1732 2316 Unde
1760 2265 2072 2335 Apostolus
2104 2285 2118 2322 :
2230 2266 2359 2336 ejus
2393 2265 2918 2336 humilem,deindc
2937 2271 3256 2330 exaltatam
3279 2292 3461 2348 super
3478 2293 3696 2334 omnem
3715 2295 3844 2335 crea-

469 2363 504 2405 n
535 2354 756 2410 Sumus
786 2351 930 2406 odor
957 2348 1165 2404 mortis
1196 2347 1257 2402 in
1281 2352 1551 2421 mortem,
1578 2349 1708 2405 aliis
1740 2352 1883 2408 odor
1909 2353 2036 2410 vitae
2059 2355 2120 2411 in
2227 2356 2444 2409 turam.
2471 2355 2718 2412 Intentio
2747 2373 2881 2412 vero
2912 2362 3020 2426 est,
3054 2347 3381 2420 admonere
3406 2364 3748 2435 inﬁdeles,ut
3762 2367 3844 2422 tali

467 2441 648 2498 vitam
676 2441 750 2510 (II
774 2443 898 2498 Cor.
931 2441 1016 2505 ιι).
1046 2457 1094 2527 nu
1281 2524 1295 2527 Δ
1359 2525 1394 2527 Α
1595 2526 1598 2527 ν
2228 2441 2475 2527 Domino
2521 2443 2935 2516 subjiciantur.
2988 2447 3284 2522 Loquitur
3333 2452 3431 2508 hic
3476 2454 3740 2527 propheta
3775 2455 3845 2510 vel

541 2529 702 2586 Licet
727 2529 880 2584 Deus
911 2527 996 2582 sic
1023 2525 1212 2581 vibret
1241 2524 1526 2597 gladium,
1557 2526 1640 2583 sic
1690 2533 1854 2600 paret
1892 2548 2114 2604 arcum,
2227 2523 2556 2602 quilibetde
2579 2531 2840 2588 Ecclesia
2865 2551 2994 2606 quae
3015 2536 3127 2592 fuit
3147 2544 3295 2596 ante
3319 2523 3630 2598 adventum
3649 2543 3844 2611 Christi,

472 2623 667 2674 tamen
698 2616 863 2688 impii
896 2632 1010 2672 non
1043 2613 1356 2680 desistunt,
1382 2614 1480 2669 sed
1511 2633 1642 2671 ecce
1671 2615 1891 2690 impius
1927 2641 1953 2672 α
1984 2639 2116 2694 par-
2225 2622 2283 2674 et
2311 2636 2344 2674 a
2377 2619 2846 2692 magnificatione
2878 2623 3198 2682 divinitatis
3219 2626 3556 2702 incipitzet
3573 2631 3660 2687 hic
3677 2649 3847 2705 quam-

467 2707 652 2775 turiit,
679 2727 707 2758 »ι
741 2706 798 2760 id
826 2708 917 2760 est
946 2707 1191 2758 conatur
1209 2703 1472 2759 emittere
1501 2703 1919 2778 «injustitiam,
1946 2733 1972 2761 ››
2001 2729 2115 2768 non
2225 2708 2362 2763 dam
2413 2708 2862 2766 exsultationem
2913 2713 3220 2770 attendens
3293 2719 3620 2775 secundum
3671 2703 3846 2776 Christi

467 2795 582 2852 alio
614 2799 855 2867 cogente
886 2809 1023 2848 eum
1045 2793 1117 2847 ad
1151 2791 1399 2859 hoc,sed
1431 2792 1570 2864 quia
1589 2793 1715 2866 ipse
1743 2817 1769 2848 α
1789 2799 2052 2872 concepit
2081 2822 2107 2854 υ
2225 2797 2598 2870 dignitatem,
2621 2799 2927 2870 praemittit
2953 2801 3153 2860 dicens
3179 2821 3192 2858 :
3229 2827 3264 2853 ‹‹
3287 2807 3598 2878 Domine,»
3630 2809 3720 2882 qui
3739 2824 3848 2865 eum

465 2883 815 2958 cogitatione
832 2880 1197 2938 etvoluntate
1221 2909 1245 2932 «
1268 2879 1525 2936 dolorem
1551 2906 1574 2928 ››
1593 2883 1652 2938 id
1675 2888 1764 2940 est
1784 2893 2111 2959 peccatum,
2223 2886 2502 2942 omnibus
2533 2885 2854 2944 domineris
2887 2909 2910 2933 α
2942 2889 3228 2948 Dominus
3285 2901 3490 2952 noster
3515 2918 3538 2942 »
3565 2879 3852 2970 specialiter

462 2991 568 3048 pro
589 2989 704 3046 quo
733 2971 784 3028 ei
817 2969 1069 3026 maxime
1115 2973 1206 3025 est
1233 2968 1570 3032 dolendum.
1603 2994 1626 3018 «
1659 2976 1716 3028 et
1742 2976 1967 3047 peperit
1999 2998 2022 3022 υ
2054 2978 2113 3034 id
2222 2993 2305 3044 es,
2339 2975 2478 3046 quia
2508 2979 2742 3031 tuorum
2779 2977 3065 3035 bonorum
3099 2982 3428 3056 participes
3475 2968 3614 3042 facti
3654 3002 3848 3056 sumus,

463 3067 551 3120 est
580 3077 752 3134 opere
777 3059 1088 3131 complevit
1118 3085 1140 3108 «
1173 3057 1566 3130 iniquitatem.
1602 3082 1624 3106 η
2142 3125 2180 3143 η
2228 3086 2250 3114 α
2275 3079 2474 3136 quam,
2501 3086 2525 3111 »
2558 3064 2617 3120 id
2649 3069 2739 3120 est
2767 3070 3077 3140 quantum,
3102 3085 3373 3128 «nomen
3399 3077 3589 3143 tuum,
3607 3101 3632 3126 ι)
3660 3075 3852 3130 honori—

534 3125 665 3206 Ηίέο
687 3152 883 3204 autem
907 3125 1170 3203 faciendo
1195 3125 1431 3202 «lacum
1470 3147 1583 3202 sibi
1621 3151 1902 3220 aperuit,»
1937 3153 1994 3209 id
2020 3160 2110 3212 est
2139 3125 2182 3192 (ἶ
2223 3125 2472 3208 fidentia
2505 3155 2626 3222 tua,
2669 3125 2845 3222 fama,
2877 3125 3083 3228 gloria,
3120 3181 3143 3207 «
3165 3125 3849 3220 seminium—Trita

462 3238 852 3312 praecipitium
883 3237 994 3292 sibi
1027 3235 1246 3308 peccati
1268 3235 1492 3307 paravit
1523 3265 1546 3290 «
1574 3241 1632 3292 et
1653 3238 1853 3295 effodit
1873 3240 2062 3312 illum,
2086 3267 2108 3294 ιι
2221 3245 2454 3297 tantum
2488 3241 2547 3296 in
2576 3242 2790 3312 Africa,
2823 3243 2977 3300 sicut
3005 3237 3292 3306 dicebant
3323 3251 3572 3322 quidam
3610 3251 3850 3320 haeretici,

465 3329 520 3385 id
551 3332 641 3384 est
671 3325 1048 3400 amplificavit
1077 3323 1424 3396 periculum,
1455 3328 1554 3380 «et
1587 3325 1865 3384 inciditin
1888 3330 2110 3388 foveam
2223 3331 2324 3387 sed
2358 3357 2381 3380 ‹‹
2415 3329 2476 3384 in
2507 3329 2780 3387 universa
2813 3334 2984 3389 terra.
3018 3361 3042 3386 η

461 3435 638 3492 quam
675 3416 824 3481 fecit,
859 3440 886 3470 »
916 3413 973 3468 id
1007 3417 1094 3468 est
1123 3429 1227 3484 per
1257 3413 1410 3484 quod
1445 3411 1575 3469 aliis
1625 3431 1825 3472 necem
1865 3420 2108 3490 paravit,
2293 3419 2426 3474 ldeo
2459 3419 2586 3474 dico
2619 3419 2886 3477 mirabile
2911 3448 2934 3474 (ι
2957 3425 3236 3495 quoniam
3266 3429 3850 3504 magnificentiatuan

459 3505 722 3578 seipsum
752 3503 946 3576 potius
967 3499 1290 3573 impedivit.
1315 3500 1477 3591 Unde
1507 3503 1906 3591 Augustinus:
1931 3507 2110 3565 Nemo
2219 3508 2278 3564 id
2311 3511 2400 3564 est
2429 3507 2781 3581 magniﬁcus
2831 3510 3014 3569 Filius
3061 3517 3222 3584 tuus,
3263 3535 3290 3559 (ι
3327 3499 3423 3574 est
3449 3519 3664 3576 elevata
3707 3535 3855 3591 super

460 3609 576 3650 non
608 3591 771 3665 prius
802 3595 1004 3664 peccat
1033 3590 1092 3644 in
1123 3606 1205 3656 se,
1231 3606 1408 3662 quam
1441 3587 1500 3643 in
1535 3590 1716 3646 alium
1743 3610 1754 3648 :
1780 3592 1934 3650 sicut
1965 3595 2110 3654 alios
2219 3615 2423 3654 omnes
2479 3597 2676 3665 coelos,
2712 3619 2735 3645 ν)
2767 3597 2826 3654 id
2886 3603 2975 3655 est
3033 3619 3210 3674 super
3261 3622 3514 3664 omnem
3569 3587 3857 3682 angelicam

452 3682 657 3739 volens
690 3679 971 3752 decipere,
1007 3677 1194 3750 aperit
1222 3682 1440 3734 terram
1468 3679 1881 3751 prius,deinde
1911 3684 2111 3742 effodit
2218 3690 2549 3743 creaturam
2585 3703 2596 3742 ε
2633 3685 2720 3742 vel
2752 3705 2930 3760 super
2965 3705 3170 3746 omnes
3221 3695 3414 3753 omlos
3463 3677 3853 3755 materialiter:

457 3770 872 3846 amplificando
901 3769 1146 3835 foveam,
1181 3767 1419 3823 tandem
1450 3767 1564 3824 nisi
1597 3769 1709 3826 sibi
1747 3771 1894 3828 bene
1916 3775 2105 3846 provi-
2215 3776 2372 3848 quod
2431 3775 2554 3831 ﬁeri
2604 3793 2720 3832 non
2768 3781 2986 3848 posset,
3038 3778 3150 3836 nisi
3197 3779 3326 3853 ille,
3385 3784 3570 3843 homo
3625 3789 3767 3844 esset
3811 3787 3861 3840 et

455 3863 620 3928 dens,
656 3859 865 3915 incidit
893 3857 954 3912 in
985 3857 1276 3914 eamdem.
1308 3857 1496 3912 Lacus
1529 3857 1746 3914 dicitur
1775 3862 1943 3933 cujus
1965 3861 2108 3920 latet
2214 3865 2390 3921 Deus.

457 3950 672 4006 fundus
707 3964 720 4004 :
756 3949 1061 4020 peccatum
1109 3961 1242 4001 vero
1294 3945 1511 4002 dicitur
1553 3945 1738 4014 lacus,
1781 3952 2104 4008 secundum
2286 3954 2528 4026 Propter
2545 3952 2656 4008 hoc
2678 3957 2768 4008 est
2789 3953 3135 4012 admirabile
3165 3975 3392 4018 nomen
3413 3967 3691 4033 tuum,et
3707 3963 3860 4020 etiam

458 4039 564 4094 hoc
593 4036 748 4110 quod
782 4035 958 4090 finem
990 4033 1354 4090 imminentis
1383 4051 1450 4090 ex
1470 4041 1704 4108 peccato
1728 4038 1908 4094 ruina:
1939 4039 2102 4114 igno-
2213 4046 2452 4116 propter
2479 4041 2589 4096 hoc
2621 4042 2775 4113 quod
2798 4045 2861 4097 tu
2896 4061 2919 4084 «
2943 4045 3262 4116 perfecisti,
3286 4070 3314 4095 »
3351 4051 3414 4108 id
3450 4058 3546 4110 est
3572 4055 3859 4126 perfectam

452 4145 675 4184 ramus.
2215 4131 2403 4186 fecisti
2437 4155 2463 4184 α
2493 4128 2726 4186 laudem
2759 4147 2828 4186 ex
2857 4148 2956 4187 ore
2988 4131 3310 4194 infantium
3366 4144 3429 4196 et
3457 4140 3811 4209 lactentium,
3839 4163 3856 4187 ι

524 4219 591 4271 In
613 4216 723 4271 hac
745 4214 863 4270 vita
902 4212 1057 4269 cadit
1097 4215 1364 4284 peccator
1394 4212 1450 4266 in
1478 4211 1699 4303 foveam
1723 4217 1965 4286 peccati,
2001 4221 2102 4274 sed
2213 4219 2529 4276 infantium
2563 4223 2848 4291 quantum
2891 4221 2964 4276 ad
3015 4226 3266 4294 aetatem,
3305 4227 3687 4303 lactentium,
3710 4232 3764 4288 id
3791 4235 3865 4286 est

454 4305 690 4360 tandem
722 4304 778 4358 in
811 4303 904 4358 die
938 4301 1150 4374 judicii
1179 4305 1593 4356 «convertetur
1610 4301 1775 4357 dolor
1803 4306 1950 4376 ejus,
1987 4335 2009 4358 ››
2043 4309 2100 4362 id
2212 4307 2712 4381 simplicium,qui
2745 4307 3088 4382 indigebant
3109 4315 3270 4384 pasci
3304 4317 3580 4391 simplici
3603 4301 3862 4376 doctrina.

452 4398 540 4450 est
567 4398 873 4466 peccatum
896 4389 1415 4462 cumjucunditate
1445 4389 1540 4444 hic
1576 4395 1996 4480 perpetratum,
2020 4397 2099 4452 ibi
2213 4397 2472 4453 Laudem
2501 4413 2817 4469 puerorum
2839 4399 3155 4469 perfectam
3178 4402 3351 4474 dicit,
3380 4389 3533 4480 quia
3560 4427 3676 4466 non
3725 4411 3786 4464 ﬁt
3809 4425 3868 4462 ex

453 4481 712 4539 dolorem
757 4480 1002 4536 incutiet
1033 4501 1056 4525 «
1089 4479 1148 4533 in
1174 4481 1350 4549 caput
1377 4478 1524 4549 ejus,
1560 4497 1582 4521 »
1615 4477 1675 4534 id
1705 4485 1793 4536 est
1840 4482 2100 4542 animam
2131 4497 2179 4562 Ι)
2211 4486 2474 4541 humano
2495 4483 2750 4558 ingenio,
2776 4486 2878 4542 sed
2909 4503 2978 4542 ex
3006 4487 3132 4544 sola
3160 4477 3524 4564 operatione
3547 4495 3865 4554 divinitatis.

453 4571 602 4640 ejus.
637 4569 918 4624 Punietur
963 4567 1122 4624 enim
1172 4565 1252 4620 ibi
1304 4565 1503 4622 anima
1558 4585 1662 4640 pro
1719 4571 1994 4628 omnibus
2037 4573 2096 4630 in
2209 4573 2506 4632 Perfecisti
2551 4573 2681 4630 dico
2731 4579 3013 4648 «propter
3068 4576 3347 4639 inimicos
3415 4589 3580 4656 tuos,
3615 4604 3644 4635 ι
3675 4585 3872 4642 scilicet

453 4657 670 4730 quibus
702 4657 796 4712 hic
825 4657 1102 4728 peccavit,
1137 4675 1160 4700 »
1191 4659 1251 4710 et
1280 4653 1340 4714 in
1370 4649 1644 4712 verticem
1677 4657 1824 4730 ejus,
1860 4680 1884 4703 υ
1917 4660 1974 4716 id
2013 4668 2104 4720 est
2208 4663 2547 4737 phariszeos.
2581 4663 2711 4720 Haec
2741 4665 3048 4737 prophetia
3075 4667 3134 4722 in
3165 4668 3498 4746 Evangelia
3535 4649 3636 4731 ore
3657 4673 3869 4730 Domini

453 4746 513 4800 in
533 4743 895 4817 superiorem
915 4749 1161 4816 partem,
1187 4743 1410 4802 scilicet
1430 4745 1736 4816 rationem,
1763 4770 1786 4794 «
1819 4747 2100 4822 iniquitas
2208 4755 2452 4810 docetur
2481 4753 2763 4826 exposita,
2787 4770 2921 4810 cum
2953 4773 2988 4811 a
3030 4755 3250 4814 Judazis
3291 4743 3772 4832 prohiberentur
3802 4762 3877 4818 in-

451 4833 640 4908 ipsius
663 4833 1036 4901 descendet,»
1065 4832 1123 4888 id
1154 4837 1243 4888 est
1288 4833 1540 4905 peccatis
1571 4835 1786 4906 quibus
1818 4836 1913 4892 hic
1957 4855 2091 4896 con-
2205 4844 2420 4912 fantes,
2454 4859 2524 4898 ne
2553 4841 2788 4898 laudem
2839 4841 3072 4900 Domini
3111 4857 3498 4922 resonarcnt,
3536 4852 3868 4926 respondit:

453 4923 638 4982 sensit
669 4921 932 4990 ratio,ibi
965 4921 1188 4994 absque
1219 4921 1376 4977 omni
1412 4922 1795 4982 obcmeatione
1843 4926 2100 4986 destrue-
2209 4955 2239 4985 α
2268 4933 2471 4988 Nonne
2502 4929 2746 5004 legistis,
2779 4931 2916 5004 quia
2936 4951 3003 4990 ex
3031 4950 3128 4990 ore
3167 4921 3514 4998 infantium
3564 4921 3654 5000 εἰ-
3671 4942 3876 4999 lacten-

456 5017 569 5070 tur.
603 5015 684 5070 Ex
711 5029 828 5085 quo
860 5011 1006 5067 dixit
1037 5030 1061 5056 (ι
1083 5011 1432 5083 Deusjudex
1455 5011 2100 5085 justus,posuitadmo—
2206 5022 2355 5078 tium
2388 5020 2679 5094 perfecisti
2712 5019 2986 5078 laudem?
3014 5023 3220 5093 (Matth.
3253 5031 3410 5098 xxx.)
3434 5051 3462 5077 ιι
3501 5031 3752 5106 PrOpter
3775 5029 3875 5085 ini-

456 5103 734 5160 nitionem
765 5100 1103 5176 impiorum.
1132 5125 1156 5149 υ
2208 5110 2393 5168 mices
2416 5109 2544 5166 dico
2577 5129 2599 5152 «
2635 5114 2699 5165 ut
2728 5110 2996 5168 destruas
3017 5111 3400 5185 inimicum,»
3439 5100 3684 5179 εοίιίοξει
3712 5117 3881 5176 male-

523 5190 596 5246 Et
624 5193 900 5264 quoniam
951 5191 1078 5266 ipse
1122 5189 1259 5247 talis
1295 5192 1406 5282 est,
1438 5188 1566 5246 ideo
1599 5209 1624 5282 (ᾗ
1649 5191 1967 5282 confitebor
1994 5195 2100 5252 Do-
2207 5201 2425 5270 velum,
2448 5217 2471 5242 ι(
2495 5203 2550 5255 et
2581 5197 2852 5268 ultorem,
2887 5221 2911 5246 »
2945 5201 3002 5256 id
3031 5206 3121 5258 est
3150 5204 3542 5266 defensorem
3568 5228 3695 5268 suae
3723 5209 3879 5282 legis,

458 5277 616 5333 mino
649 5303 672 5326 »
704 5279 760 5334 id
793 5287 882 5336 est
928 5281 1180 5338 laudabo
1226 5278 1564 5336 Dominum.
1598 5279 1894 5352 Accipitur
1941 5285 2097 5342 enim
2206 5291 2506 5348 veritatem
2536 5287 2830 5360 Evangelii
2861 5288 3324 5364 impugnantem.

459 5366 742 5422 confessio
761 5368 846 5424 vel
875 5371 944 5425 de
965 5369 1331 5442 peccatis,vel
1354 5369 1411 5424 in
1435 5366 1628 5437 laude,
1655 5398 1679 5422 ‹‹
1702 5373 2095 5444 secundum,»
2283 5381 2415 5436 meo
2463 5377 2602 5434 dicit
2647 5378 2912 5434 destrues
2946 5398 2969 5422 ι(
2997 5382 3276 5452 quoniam
3327 5401 3453 5458 ego
3509 5389 3730 5444 videbo
3763 5411 3786 5436 ,,
3833 5387 3888 5440 in

463 5453 517 5508 id
549 5457 638 5507 est
687 5461 922 5528 prepter
952 5485 974 5507 «
999 5459 1296 5530 justitiam
1327 5458 1477 5530 ejus,
1507 5481 1533 5510 ››
1563 5460 1620 5513 et
1667 5457 1915 5530 psallam
1954 5461 2100 5520 bene
2211 5467 2652 5526 successoribus
2680 5465 2828 5522 meis
2861 5493 2885 5518 (ι
2917 5467 3092 5526 caelos
3119 5473 3273 5545 tuos,
3307 5496 3334 5521 ››
3371 5453 3460 5531 vid
3514 5481 3616 5534 est
3659 5479 3892 5536 sanctos

456 5542 750 5616 operando
782 5564 806 5587 ‹‹
833 5545 1052 5601 nomini
1079 5547 1330 5617 Domini,
1367 5569 1390 5593 »
1421 5547 1480 5602 id
1511 5547 1696 5604 estad
1743 5547 2101 5622 ampliﬁcan-
2211 5556 2630 5630 apostolos,qui
2661 5553 2938 5612 dicuntur
2965 5542 3273 5633 cmli,quia
3301 5564 3645 5623 continent
3677 5567 3896 5624 secreta

2247 983 2506 1041 TITULUS
2542 1003 2556 1041 :
2591 987 2650 1042 In
2683 990 2846 1060 ﬁnem
2873 993 3122 1064 psalmus
3165 996 3336 1052 David
3377 1016 3474 1070 pro
3502 1004 3824 1065 torcularibus.
