4070 6180
133 298 268 361 221,

1309 290 1814 356 EXPLANATIO
1856 288 1935 352 IN
1980 291 2128 355 PSA
2138 290 2365 357 LMOS.

3340 302 3347 307 ’
3425 299 3543 362 222

135 427 614 503 Dei,compluunt
637 428 813 485 etiam
843 444 1033 483 rorem
1064 426 1316 484 caelestis
1347 424 1625 482 doctrinae
1648 424 1784 480 ﬁde-
1811 424 1867 491 Α
1896 429 2025 500 pter
2042 426 2152 483 hoc
2175 427 2338 499 ponit
2356 427 2756 498 fominium,ut
2783 428 3072 502 signiﬁcet
3102 429 3234 489 illos
3255 429 3542 504 quosdam

136 521 306 578 libus.
337 520 478 575 Inde
508 536 614 590 per
644 517 819 574 caelos
839 517 1202 590 evangelicos
1222 514 1541 588 libros,qui
1573 520 1794 570 secreta

136 611 229 667 Dei
263 608 915 679 continent,possumus
946 605 1429 678 aecipere.Ccelos
1460 603 1633 659 dico«
1657 619 1791 674 ope-

136 719 197 757 ra
223 698 548 773 digitorum
582 703 842 761 tuorum,
897 718 923 745 »
976 695 1034 749 id
1085 699 1175 751 est
1233 712 1380 767 quos
1427 694 1556 767 ipsa
1604 692 1792 747 deitas

137 793 370 863 operata
400 790 643 857 est:per
672 784 888 857 digitos
919 783 1225 856 pluraliter
1252 800 1633 855 personarum
1658 781 1791 854 plu-

137 877 425 934 ralitatem
457 875 517 930 in
549 874 765 929 deitate
797 872 1295 945 signiﬁcatzunde
1314 871 1453 927 alibi
1486 870 1794 926 manifeste

136 967 456 1023 trinitatem
488 963 660 1019 nobis
690 965 852 1018 notat
880 978 1015 1017 cum
1047 961 1189 1017 dicit
1220 977 1234 1015 :
1273 982 1300 1011 ‹‹
1331 959 1471 1026 Quis
1515 959 1796 1031 appendit

138 1055 349 1112 molem
377 1058 549 1110 terra:
580 1052 772 1107 tribus
803 1050 1045 1122 digitis?
1076 1072 1095 1098 η
1132 1049 1393 1105 Videbs«
1423 1052 1480 1104 et
1508 1048 1797 1115 lunam,et

140 1145 370 1211 stellas;
394 1165 422 1193 »
442 1158 545 1215 per
572 1142 773 1196 lunam
809 1139 1146 1195 inferiorem
1176 1137 1495 1193 Ecclesium
1518 1136 1629 1192 sub
1652 1153 1794 1208 apo-

140 1233 324 1300 stolis,
354 1231 444 1287 vel
476 1229 806 1303 generalem
836 1227 1313 1299 Ecclesiam,quze
1347 1244 1449 1298 pro
1480 1226 1705 1281 defectu
1741 1229 1797 1281 et

138 1324 495 1379 incremento
522 1319 668 1374 luna
698 1318 914 1374 dicitur
942 1334 956 1371 :
992 1334 1094 1389 per
1124 1315 1328 1371 stellas
1360 1313 1637 1386 intelligit
1674 1330 1793 1380 eos,

141 1410 234 1484 qui
284 1410 349 1464 in
394 1406 657 1464 Ecclesia
705 1407 764 1461 in
810 1404 1021 1479 seipsis
1068 1403 1267 1459 lucent
1299 1425 1325 1452 ‹‹
1359 1420 1562 1474 quas»
1599 1400 1798 1456 stellas

139 1500 220 1556 vel
253 1522 281 1549 ‹‹
316 1516 448 1570 quae
480 1518 509 1547 »
543 1495 766 1552 scilicet
795 1493 1006 1549 cmlum
1038 1497 1094 1548 et
1122 1493 1361 1547 lunamu
1392 1494 1454 1545 tu
1489 1488 1744 1545 fundasti
1769 1512 1791 1541 ι

138 1591 194 1646 id
222 1592 313 1645 est
345 1586 598 1643 ﬁrmiter
627 1583 907 1651 statuisti,
942 1587 1008 1638 ut
1048 1580 1414 1655 quibuslibet
1461 1578 1797 1635 temtationi-

140 1680 248 1736 bus
278 1691 575 1749 nequeam
598 1673 903 1729 dimoveri.

1901 517 2052 572 fetus
2080 516 2140 571 in
2179 517 2465 585 Ecclesia;
2499 547 2526 576 α
2556 519 2797 590 insuper
2823 524 2879 574 et
2909 536 3116 590 pecora
3162 520 3353 593 campi
3385 543 3409 569 η
3445 537 3548 593 per

1901 624 2110 679 pecora
2140 608 2329 679 campi
2362 606 2494 663 illos
2524 607 2622 680 qui
2654 610 2763 665 sub
2798 608 3017 664 nullius
3063 608 3324 664 cusiodia
3353 614 3551 666 tenen-

1902 701 1998 751 tur
2028 696 2427 769 intelligit,qui
2457 695 2573 751 late
2605 702 2907 769 vagantur.
2930 699 3036 753 Per
3066 698 3173 753 hoc
3202 699 3357 770 quod
3382 698 3542 765 dicit,

1902 806 1931 837 α
1961 785 2221 856 insuper,
2254 808 2278 832 ι)
2311 789 2474 840 notat
2504 785 2911 841 discretionem
2946 786 3175 842 illorum
3210 806 3243 841 a
3272 787 3461 842 bonis.

1973 875 2041 929 Et
2070 874 2244 929 etiam
2275 873 2538 929 volucres
2568 874 2717 943 coeli,
2746 874 2803 929 id
2836 878 2925 929 est
2953 875 3135 931 elatos
3164 875 3223 930 in
3251 876 3547 947 superbia,

1904 985 1931 1015 α
1961 967 2018 1018 et
2050 962 2235 1033 pisces
2267 962 2467 1029 maris,
2502 990 2528 1020 ››
2561 963 2618 1017 id
2650 966 2738 1017 est
2767 962 2867 1035 qui
2898 963 3126 1019 curiose
3153 964 3369 1020 victum
3399 982 3552 1036 quaa-

1904 1056 2061 1121 runt,
2097 1051 2178 1107 sic
2212 1053 2511 1107 mundana
2541 1056 2811 1124 quzcrunt
2857 1050 3101 1107 sollicite
3149 1069 3163 1106 :
3214 1053 3366 1107 sicut
3394 1053 3548 1107 enim

1906 1142 2093 1215 pisces
2125 1142 2225 1213 qui
2255 1142 2472 1197 victum
2506 1141 2755 1197 sollicite
2786 1141 3206 1212 inquirunt,sic
3227 1140 3464 1212 quidam
3486 1147 3553 1196 ut

1906 1231 2263 1304 possideant,
2296 1236 2360 1286 ut
2391 1236 2740 1286 mercatores
2773 1246 2785 1283 :
2817 1229 3057 1301 quidam
3088 1234 3329 1284 naturas
3360 1246 3553 1284 rerum

1905 1320 2276 1392 inquirendo,
2304 1324 2369 1375 ut
2400 1320 2718 1393 philosphi,
2748 1318 2847 1391 qui
2880 1319 3291 1391 perambulant
3317 1318 3557 1373 semitas

1908 1409 2108 1465 maris.
2142 1410 2248 1464 Per
2277 1427 2435 1465 mare
2466 1410 2789 1481 accipimus
2834 1408 3145 1474 mundum,
3182 1406 3281 1479 qui
3328 1423 3560 1477 semper

1909 1498 1967 1553 in
1999 1502 2161 1554 motu
2194 1504 2301 1565 est,
2334 1499 2487 1553 sicut
2517 1515 2695 1553 mare.
2725 1498 2869 1552 Cum
2897 1496 3169 1568 superius
3200 1494 3361 1562 dixit,
3389 1523 3413 1548 «
3447 1495 3555 1550 mi-

1908 1588 2112 1653 nuisti,
2147 1620 2170 1642 η
2202 1587 2596 1643 humilitatem
2628 1587 2952 1642 humanam
2984 1585 3240 1642 ostendit
3264 1589 3427 1657 :post
3448 1584 3558 1640 hoc

1910 1693 2095 1748 usque
2125 1677 2196 1731 de
2224 1675 2610 1731 humanitatis
2639 1674 3011 1730 exaltatione.

207 1764 725 1858 Quando‘quidem
775 1762 898 1817 Ῐλωο
946 1760 1145 1816 omnia
1185 1756 1393 1858 ξ’(ξοῖδξξ,
1427 1776 1562 1858 οῖ’ξο
1598 1756 1796 1857 ((ξῐυίά
1831 1792 1881 1858 Β
1981 1767 2227 1821 Ostensa
2265 1764 2449 1836 igitur
2476 1768 2635 1818 tanta
2667 1764 2949 1836 dignitate
2972 1762 3180 1834 ipsius,
3228 1763 3395 1833 quasi
3428 1778 3559 1816 eon-

141 1861 228 1914 est
257 1853 481 1911 homo?
509 1875 537 1903 »
572 1852 631 1907 id
662 1855 752 1907 est
781 1866 1063 1923 magnum
1099 1847 1240 1920 quid
1288 1847 1455 1903 video
1501 1845 1798 1901 hominem

141 1963 284 2014 esse,
318 1962 426 2017 per
453 1941 566 1998 hoc
595 1941 752 2012 quod
804 1944 868 1994 tu
917 1956 980 1993 es
1027 1954 1252 1993 memor
1298 1936 1465 2008 ejus?
1504 1936 1801 2006 Prmparas

140 2036 295 2092 enim
327 2050 432 2105 per
462 2030 592 2087 Filii
626 2030 710 2085 tui
743 2026 1274 2092 transmissionem,
1303 2026 1545 2081 humani
1570 2024 1801 2096 generis

142 2120 571 2196 reparationem
607 2137 659 2172 :«
687 2123 789 2173 aut
817 2116 957 2189 quid
988 2120 1078 2171 est
1106 2114 1260 2171 ﬁlius
1284 2113 1578 2170 hominis?
1596 2136 1615 2163 ιι
1633 2113 1691 2167 id
1715 2118 1804 2169 est

140 2210 483 2268 humanitas
515 2204 1073 2278 Christi,«quoniam
1103 2204 1307 2259 visitas
1337 2220 1471 2259 eum
1503 2226 1530 2254 »
1550 2202 1802 2257 uniendo

141 2300 247 2355 tibi
281 2298 497 2355 Filium
530 2300 721 2351 tuum.
757 2295 919 2361 Quod
950 2293 1110 2360 dicit,
1146 2292 1303 2348 ﬁlius
1336 2291 1613 2357 hominis,
1641 2294 1804 2345 notat

141 2406 276 2445 eum
305 2403 512 2442 verum
543 2383 844 2440 hominem
876 2400 1004 2438 esse
1038 2400 1050 2437 :
1087 2382 1239 2454 quod
1280 2382 1421 2436 dicit
1450 2379 1706 2435 hominis
1749 2382 1806 2434 et

143 2495 257 2533 non
290 2475 626 2541 hominum,
658 2488 795 2528 eum
827 2490 941 2527 non
988 2489 1056 2527 ex
1102 2470 1340 2526 homine
1373 2474 1557 2542 patro,
1591 2468 1691 2524 sed
1737 2470 1829 2522 ex'

140 2563 270 2620 sola
300 2567 493 2617 matre
522 2559 955 2615 humanitatem
986 2559 1235 2614 traxisse
1268 2556 1479 2612 innuit.

208 2650 479 2707 Visitasti
514 2648 702 2703 ﬁlium
733 2647 1008 2716 hominis,
1044 2652 1101 2702 et
1132 2664 1268 2702 eum
1302 2646 1489 2700 ﬁlium
1539 2662 1673 2700 cum
1721 2644 1803 2699 vi-

141 2743 360 2799 sitante
409 2740 649 2806 deitate,
698 2738 756 2793 id
807 2742 894 2792 est
925 2737 1226 2792 Christum
1274 2736 1567 2808 integrum
1613 2758 1641 2785 ‹‹
1690 2732 1804 2788 mi-

141 2831 325 2887 nuisti
346 2829 714 2885 nseeundum
747 2824 1375 2882 deitatem.Humiliata
1404 2825 1561 2879 enim
1597 2823 1706 2878 fuit
1727 2823 1809 2877 di-

141 2920 382 2987 ﬁnitas,
418 2917 658 2990 quando
705 2915 817 2971 sibi
852 2932 1026 2987 passa
1056 2918 1147 2969 est
1172 2914 1596 2969 humanitatem
1630 2910 1804 2966 uniri.

142 3008 307 3065 Unde
344 3004 665 3078 Apostolus
699 3022 713 3059 :
750 3026 778 3055 ‹‹
816 3002 1083 3059 Exinavit
1132 3002 1517 3079 semetipsum
1560 3002 1807 3055 formam

1909 1854 2151 1910 eludens
2181 1854 2238 1907 in
2269 1854 2471 1909 eadem
2504 1852 2920 1919 admonitione,
2971 1851 3032 1905 in
3081 1867 3198 1921 qua
3240 1850 3556 1921 inceperat,

1911 1942 2143 1999 desinit.
2179 1962 2203 1984 (ι
2235 1942 2477 1997 Domine
2512 1942 2796 1996 Dominus
2828 1943 3043 1995 noster.
3069 1959 3093 1983 »
3124 1940 3194 1994 Et
3225 1942 3459 1993 notatur
3480 1937 3560 1992 ibi

1910 2032 2276 2104 mysterium,
2312 2034 2376 2085 ut
2420 2031 2573 2085 sicut
2622 2047 2657 2085 a
2700 2031 2852 2085 bono
2902 2027 3219 2101 incipimus
3267 2027 3351 2084 sic
3400 2026 3562 2081 ﬁnia-

1912 2138 2066 2175 mus.

2437 2208 2509 2264 IN
2548 2206 2897 2263 PSALMUM
2940 2207 3030 2262 IX.

1912 2299 2167 2353 Trruws
2201 2315 2214 2353 :
2247 2300 2311 2353 In
2339 2299 2505 2368 ﬁnem
2548 2298 2793 2368 psalmus
2841 2296 3012 2351 David
3056 2313 3156 2368 pro
3181 2296 3402 2352 occultis
3431 2297 3559 2366 ﬁlii.

1988 2417 2010 2440 ‹‹
2042 2386 2538 2453 Conﬁtebor,»iste
2561 2385 2824 2457 psalmus
2855 2386 3123 2441 convenit
3154 2385 3353 2453 David,
3374 2385 3474 2457 qui
3508 2389 3565 2440 et

1912 2475 2007 2531 hic
2038 2475 2299 2547 loquitur
2328 2492 2430 2546 pro
2461 2474 2704 2529 occultis
2736 2474 2862 2540 ﬁlii,
2897 2476 2956 2529 id
2988 2482 3095 2541 est,
3121 2474 3428 2530 Christi.ln
3454 2474 3563 2529 hoc

1914 2565 2069 2620 enim
2102 2564 2327 2637 psalmo
2351 2565 2544 2638 agitur
2563 2565 2633 2619 de
2654 2564 2900 2619 occultis
2920 2563 3220 2630 Christi,et
3232 2564 3432 2635 jungit
3458 2580 3565 2619 nos

1914 2651 1973 2707 in
2007 2653 2202 2717 ﬁnem,
2231 2651 2284 2705 id
2320 2656 2409 2706 est
2440 2652 2498 2705 in
2531 2650 2851 2706 Christum.
2882 2650 3138 2706 Intendit
3160 2651 3318 2705 enim
3362 2651 3421 2704 in
3454 2650 3565 2705 hoc

1915 2739 2144 2811 psalmo
2211 2739 2454 2794 invitare
2518 2756 2625 2794 nos
2682 2738 2952 2793 timorem
3015 2738 3249 2794 Christi.
3322 2738 3563 2793 Materia

1916 2832 2006 2884 est
2034 2833 2199 2900 gesta
2229 2828 2445 2883 Christi
2477 2829 2536 2882 in
2568 2828 2757 2899 primo
2787 2832 2845 2881 et
2874 2828 3130 2882 secundo
3178 2827 3452 2892 adventu,
3492 2827 3565 2881 de

1918 2935 2031 2990 quo
2063 2917 2147 2973 sic
2177 2916 2599 2987 agit.Ostcndit
2630 2915 2924 2970 Christum
2949 2914 3003 2969 in
3028 2915 3285 2970 secundo
3312 2915 3563 2969 adventu

1917 3007 2335 3062 damnatarum
2370 3003 2813 3059 diabolumcum
2828 3002 3110 3058 membris
3128 3002 3342 3058 suis.In
3374 3001 3562 3073 primo

144 3096 295 3155 servi
329 3094 631 3167 accipiens
661 3093 889 3164 (Philip.
943 3092 1027 3164 ιι).
1076 3113 1103 3141 ››
1140 3090 1402 3146 Minuisti
1434 3090 1584 3158 diCO,
1618 3090 1718 3157 ita,
1744 3091 1810 3143 ut
1848 3158 1881 3167 _
1914 3112 2050 3151 vero
2078 3093 2487 3165 ostenditquid
2506 3092 2678 3148 faciat
2707 3091 2916 3163 suis,et
2932 3092 3073 3163 quid
3095 3090 3563 3163 persecutoribus

144 3186 272 3257 ipse
301 3184 580 3239 ChriStus
611 3181 938 3237 secundum
964 3179 1387 3235 humanitatem
1417 3178 1616 3234 minus
1639 3177 1812 3231 habe-
1839 3158 1883 3227 α
1915 3185 2206 3253 Ecclesiae,
2240 3183 2357 3240 sive
2388 3182 2559 3254 capiti
2591 3181 2968 3249 Antichristo,
3015 3180 3134 3236 sive
3183 3178 3327 3235 suis.
3362 3180 3566 3234 Postea

148 3279 234 3330 ret
266 3273 338 3329 ab
369 3270 620 3345 angelis,
642 3270 783 3343 quia
807 3267 1107 3342 passibilis
1136 3273 1194 3323 et
1225 3267 1490 3324 mortalis
1521 3267 1684 3334 fuit,«
1704 3267 1804 3321 sed

150 3362 346 3434 paulo,
382 3383 411 3412 η
442 3359 585 3433 quia
614 3358 791 3414 etiam
823 3356 935 3429 ipsi
965 3357 1048 3412 sic
1080 3356 1292 3429 fragili,
1326 3361 1498 3428 prout
1536 3354 1803 3420 Domino,

150 3450 340 3523 angeli
390 3449 813 3505 ministrabant
847 3464 860 3501 :
895 3449 952 3501 et
986 3462 1120 3501 eum
1170 3445 1332 3517 prius
1380 3445 1463 3500 sic
1510 3445 1805 3499 minutum

148 3562 169 3587 ι
205 3537 503 3594 coronasti
538 3536 727 3611 gloria
763 3558 783 3585 ιι
819 3535 880 3589 in
912 3534 1368 3589 resurrectione<<
1399 3537 1456 3588 et
1484 3534 1701 3588 honore
1732 3554 1759 3581 ››
1789 3549 1802 3586 :

143 3627 198 3682 id
233 3633 323 3683 est
354 3625 738 3682 multitudine
787 3640 1085 3680 servorum
1135 3639 1238 3695 per
1284 3621 1692 3678 excitationem
1732 3623 1803 3677 ad

142 3716 378 3772 malum.
412 3716 564 3771 Cum
596 3712 739 3769 dicit
768 3712 1082 3776 coronasti,
1131 3716 1291 3767 notat
1338 3712 1410 3766 de
1459 3728 1670 3767 corona
1716 3714 1804 3766 to-

138 3804 261 3862 tius
296 3803 509 3860 mundi
543 3801 990 3859 resurrectionis
1022 3805 1079 3856 et
1109 3800 1471 3857 ascensionis
1501 3800 1687 3872 gloria
1707 3799 1807 3855 ali-

136 3910 292 3965 quos
331 3892 604 3949 conﬁteri
637 3908 652 3947 :
687 3896 745 3947 et
777 3890 861 3946 sic
893 3889 1243 3945 honoratum
1276 3911 1304 3938 ‹‹
1337 3888 1663 3944 constituiti
1708 3904 1804 3943 su-

138 3999 249 4054 per
278 3999 454 4054 opera
484 3996 776 4036 manuum
807 3984 1065 4034 tuarum.
1101 4000 1127 4027 »
1164 3977 1340 4032 etiam
1372 3994 1549 4049 super
1578 3977 1805 4048 angeli-

135 4086 276 4126 cam
306 4076 663 4126 creaturam.

210 4161 290 4215 Et
310 4160 591 4233 quoniam
612 4156 904 4230 potuisset
919 4172 1052 4211 eum
1073 4155 1451 4211 constituisse
1477 4154 1803 4227 digniorem

135 4249 422 4305 omnibus
439 4246 863 4315 creaturis,nec
885 4248 1082 4300 tamen
1104 4244 1303 4299 omnia
1319 4244 1585 4315 subjecta
1608 4247 1807 4300 essent

134 4337 188 4392 ei
217 4342 317 4407 (ut
345 4337 563 4408 aliquis
597 4336 911 4408 episcopus
939 4332 1169 4405 dignior
1198 4337 1287 4388 est
1324 4332 1599 4388 omnibus
1647 4331 1801 4401 aliis,

134 4443 249 4481 nec
287 4431 481 4482 tamen
514 4441 721 4480 omnes
754 4422 1004 4495 subjecti
1037 4426 1175 4476 sunt
1204 4421 1300 4490 ei),
1335 4422 1537 4476 subdit
1585 4439 1598 4476 :
1636 4444 1663 4471 «
1693 4423 1803 4477 sub

133 4515 396 4585 pedibus
426 4515 583 4585 ejus,
618 4535 646 4563 »
680 4511 739 4567 id
770 4516 860 4567 est
888 4510 1143 4583 plenarie
1173 4510 1474 4581 subjecisti
1498 4532 1525 4562 ‹‹
1548 4511 1800 4577 omnia,»
1836 4530 1881 4595 D
1987 4538 2013 4568 α
2044 4517 2305 4574 mebor
2334 4537 2358 4559 η
2395 4514 2571 4570 etiam
2604 4512 2661 4566 in
2692 4510 2910 4578 animo,
2955 4526 2979 4551 «ι

130 4602 191 4657 id
223 4607 324 4658 est
348 4618 555 4659 omnes
589 4605 908 4657 creaturas.
937 4599 1103 4656 Sicut
1131 4600 1288 4654 enim
1321 4600 1475 4671 quod
1508 4601 1617 4655 sub
1639 4601 1799 4671 pedi-

128 4692 250 4747 bus
316 4690 571 4763 alicujus
625 4692 733 4756 est,
795 4689 1034 4762 plenum
1079 4689 1130 4743 ei
1182 4689 1515 4761 subjectum
1559 4694 1667 4758 est,
1720 4690 1804 4744 ita

1916 3274 2080 3348 ponit
2112 3273 2587 3345 imprecationem
2609 3269 2874 3326 Ecclesia:
2896 3267 3565 3341 persecutoribusDein-

1917 3365 1986 3419 de
2017 3362 2327 3418 attendens
2359 3359 2514 3415 mala
2544 3377 2669 3432 quze
2711 3358 3105 3414 Antichristus
3159 3356 3329 3413 faciet
3374 3356 3565 3412 Eccle-

1916 3452 2035 3520 siae,
2068 3468 2202 3507 cum
2235 3450 2553 3523 quastione
2603 3448 2734 3521 ipsa
2783 3446 2937 3503 mala
2976 3449 3301 3502 enumerat.
3350 3444 3566 3501 Ultimo

1915 3545 2187 3614 precatur
2216 3540 2393 3593 ﬁnem
2425 3537 2651 3592 mundi.

1988 3628 2313 3684 Prmvidens
2345 3625 2628 3698 prepheta
2674 3624 3133 3680 destructionem
3191 3621 3564 3678 inimicorum

1914 3718 1975 3773 in
2007 3717 2262 3773 secundo
2311 3716 2581 3781 adventu,
2638 3714 2694 3767 in
2747 3712 3066 3784 quamdam
3117 3708 3563 3766 exsultationem

1915 3806 2264 3879 prorumpit,
2297 3805 2497 3859 dicens
2533 3802 2930 3871 ;«Conﬁtebor
2963 3800 3087 3866 tibi,
3121 3798 3416 3865 Domine,»
3435 3814 3568 3851 con-

1914 3896 2199 3951 fesssione
2228 3893 2419 3949 laudis
2453 3910 2476 3933 α
2511 3892 2568 3945 in
2601 3891 2771 3945 corde
2805 3914 2827 3937 »
2861 3887 3021 3957 dicit,
3055 3886 3194 3959 quia
3232 3885 3394 3941 nulla
3422 3902 3565 3940 con-

1915 3985 2090 4040 fessio
2132 3983 2284 4039 valet
2327 3998 2454 4053 qua:
2505 3997 2573 4034 ex
2620 3978 2792 4033 corde
2846 3994 2962 4033 non
3010 3974 3289 4048 procedit,
3325 3990 3507 4030 «meo
3538 4002 3563 4027 ι)

1914 4074 2074 4141 dicit,
2106 4072 2197 4128 cui
2227 4069 2617 4135 domina‘tur,«
2634 4070 2754 4123 toto
2786 4091 2809 4114 υ
2844 4065 3008 4134 dicit,
3042 4064 3182 4137 quia
3220 4063 3383 4119 nulla
3412 4061 3569 4118 mala

1914 4162 2262 4236 cogitatione
2308 4157 2627 4229 impeditur
2672 4160 2730 4211 et
2787 4155 2939 4210 aliis.
2993 4177 3017 4200 «ι
3065 4154 3321 4211 Narrabo
3370 4151 3569 4207 omnia

1914 4250 2204 4307 mirabilia
2234 4253 2354 4315 tua,
2388 4267 2415 4296 ν
2448 4263 2563 4302 non
2609 4245 2740 4300 ideo
2787 4243 2947 4311 dicit,
3000 4243 3155 4316 quod
3207 4241 3407 4298 omnia
3437 4241 3567 4312 ejus

1913 4339 2205 4397 mirabilia
2234 4340 2447 4404 narret,
2482 4335 2583 4391 sed
2618 4348 3004 4407 quaecumque
3035 4331 3177 4387 dicit
3206 4332 3278 4387 de
3303 4347 3369 4385 eo
3397 4329 3568 4385 mira-

1914 4429 2056 4486 bilia
2085 4433 2244 4484 sunt.

3028 4512 3085 4563 et
3114 4506 3417 4562 exsultabo
3443 4533 3466 4555 υ
3499 4505 3560 4560 in

1911 4624 2167 4679 corpore,
2203 4622 2317 4660 non
2350 4605 2409 4659 in
2436 4599 2919 4665 mundanis,sed«
2958 4598 3014 4652 in
3049 4600 3103 4652 te
3137 4619 3160 4641 »
3197 4619 3222 4643 ‹‹
3255 4592 3563 4667 psallam,»

1912 4696 2089 4753 etiam
2140 4696 2283 4750 bene
2315 4691 2607 4764 operando
2642 4710 2666 4735 «
2698 4686 2922 4743 nomini
2969 4691 3068 4741 tuo
3116 4702 3140 4726 υ
3192 4682 3556 4755 ampliando,

128 4780 376 4837 Christo
407 4779 611 4836 omnia
641 4797 654 4835 :
690 4777 825 4835 licet
855 4777 1011 4833 enim
1061 4777 1253 4832 adhuc
1302 4777 1542 4849 quidam
1576 4778 1806 4834 recalci-

126 4869 478 4935 trent,nihil
507 4872 709 4924 tamen
735 4868 959 4922 faciunt
989 4866 1101 4922 nisi
1133 4866 1263 4937 ejus
1292 4866 1803 4937 permissione.Vel

128 4959 288 5013 «sub
325 4957 575 5030 pedibus
596 4956 851 5028 ejus,»id
880 4960 971 5011 est
999 4955 1110 5010 sub
1140 4954 1805 5028 humanitate,qua:ideo

120 5048 324 5119 pedes
356 5047 593 5119 dicitur)
626 5044 769 5118 quia
818 5061 921 5117 per
968 5061 1097 5099 eam
1147 5042 1424 5100 divinitas
1455 5046 1527 5100 ad
1577 5063 1683 5101 nos
1714 5048 1807 5102 de-

122 5136 398 5192 scendit.
438 5134 709 5193 Ostendit
738 5150 843 5207 per
872 5137 1067 5206 partes
1098 5150 1224 5205 quae
1255 5132 1453 5188 omnia
1495 5135 1808 5206 subjccerit

123 5248 151 5275 α
184 5242 370 5293 oves,
385 5246 415 5273 »
442 5225 501 5279 id
533 5229 624 5280 est
653 5222 956 5296 simplices
985 5222 1044 5277 in
1076 5221 1351 5290 Ecclesia,
1382 5223 1453 5277 de
1484 5223 1699 5294 quibus
1726 5223 1807 5279 ait

116 5313 439 5370 Dominus
471 5312 638 5368 Petro
672 5328 686 5367 :
724 5334 753 5362 «
799 5311 977 5366 Pasce
1025 5327 1159 5365 oves
1206 5326 1368 5365 meas
1417 5311 1591 5382 (Joan.
1626 5312 1743 5381 xx),
1774 5334 1802 5364 »

116 5422 143 5446 ι
172 5403 407 5469 boves,
441 5429 463 5451 η
496 5402 553 5457 id
585 5405 674 5457 est
718 5398 1129 5472 praedicatores
1178 5402 1430 5466 sanctos,
1483 5400 1581 5470 qui
1635 5400 1804 5455 tritu-

115 5496 259 5547 rant
294 5488 652 5547 Ecclesiam.
701 5489 868 5545 Unde
916 5488 1143 5560 Moyses
1178 5503 1191 5542 :
1229 5512 1253 5537 α
1285 5487 1410 5542 Non
1444 5486 1708 5561 alligabis
1741 5508 1806 5545 os

110 5581 254 5640 bovi
314 5578 627 5635 trituranti
677 5580 855 5650 (Deut.
909 5579 1059 5646 xxv).
1109 5595 1131 5617 η
1184 5590 1211 5620 ‹‹
1259 5574 1570 5633 Universas
1600 5593 1627 5624 υ
1673 5596 1804 5651 pro-

1913 4804 1942 4835 «
1970 4802 2002 4841 ο
2032 4783 2347 4848 Altissime,
2380 4800 2402 4823 η
2436 4778 2679 4847 scilicet,
2710 4776 2849 4849 quia
2880 4774 3206 4830 altissimus
3237 4791 3319 4830 es.

1986 4873 2248 4928 Laetabor
2276 4869 2404 4925 dico
2434 4872 2492 4922 et
2521 4865 2845 4922 exsultabo.
2881 4886 2905 4909 «
2940 4866 3003 4920 In
3036 4863 3420 4919 convertendo
3454 4861 3564 4915 ini-

1915 4963 2134 5018 micum
2160 4977 2355 5014 meum
2387 4961 2729 5021 retrorsum,
2749 4982 2771 5005 ‹‹
2805 4954 2863 5009 id
2896 4958 2985 5009 est
3008 4953 3069 5008 in
3101 4950 3563 5007 consideratione

1916 5049 2307 5108 conversionis
2339 5045 2579 5101 inimici.
2594 5045 2751 5099 Licet
2780 5042 2935 5098 enim
2968 5043 3062 5097 hic
3094 5040 3263 5095 nobis
3286 5037 3563 5109 quodam-

1915 5141 2088 5196 modo
2112 5137 2465 5205 dominetur,
2502 5139 2694 5189 tamen
2722 5133 2781 5187 in
2811 5132 2903 5187 die
2926 5128 3135 5201 judicii
3171 5143 3411 5199 prorsus
3433 5125 3562 5195 ejus

1914 5227 2243 5285 dominium
2273 5219 2944 5281 destruetur.Conversio
2970 5234 3124 5282 vero,
3146 5216 3203 5270 id
3235 5218 3323 5269 est
3339 5214 3562 5269 destru—

1914 5318 2028 5374 ctio
2059 5316 2218 5371 illius
2250 5312 2493 5369 dominii
2514 5329 2614 5383 per
2628 5313 2874 5365 mortem
2901 5304 3111 5361 Christi
3133 5302 3451 5376 incmpit,in
3470 5304 3564 5359 die

1914 5406 2150 5480 quidem
2177 5402 2384 5475 judieii
2421 5400 2585 5472 plene
2616 5392 3251 5452 consummabitur.llle
3277 5396 3565 5448 converte-

1914 5479 2030 5565 tur,
2061 5494 2270 5565 suique
2302 5505 2577 5561 sequaces
2610 5501 2637 5530 α
2666 5482 3252 5550 inﬁrmabuntur,»id
3286 5484 3375 5535 est
3395 5479 3563 5535 amit-

1915 5590 2041 5643 tent
2070 5583 2411 5657 polestatem
2434 5574 2680 5633 nocendi
2713 5591 2725 5628 :
2760 5589 2887 5665 quae
2918 5572 3132 5628 iterum
3164 5568 3480 5629 inﬁrmatio
3503 5569 3562 5627 in
