4070 6180
161 354 264 445 235

1327 351 1831 423 EXPLANATIO
1874 350 1952 417 IN
1996 300 2375 418 PSALMDS.

3430 358 3547 437 226

162 492 211 549 id
228 494 313 548 est
332 489 391 544 in
412 487 737 551 virtutibus
758 504 885 561 quae
909 487 1341 547 suntintroitus
1362 489 1434 543 ad
1452 487 1793 555 Ecclesiam,
1826 487 1882 555 Α
1913 485 2027 554 ille,
2062 490 2201 561 quia
2230 489 2396 545 video
2426 492 2649 545 tantam
2700 488 3136 547 tribulationem
3182 490 3380 547 inferri
3432 491 3551 561 tuis

163 597 273 654 qua:
292 577 510 634 dicitur
531 577 654 641 ﬁlia
675 578 835 645 Sion,
856 577 993 650 quia
1024 581 1298 651 generata
1320 578 1431 633 fuit
1458 577 1517 632 in
1542 578 1701 645 Sion,
1738 576 1793 631 id

162 674 237 726 est
259 668 317 723 in
347 658 656 733 Judaea,in
689 666 958 738 passione
974 665 1211 722 Christi.
1244 665 1344 721 Vel
1377 665 1551 721 etiam
1584 664 1799 720 dicitur

163 758 268 813 ﬁlia
294 756 456 822 Sion,
485 755 543 809 id
575 758 666 809 est
694 754 815 809 ﬁlia
845 754 1279 827 speculationis,
1314 754 1452 828 quia
1480 772 1594 810 non
1644 758 1799 809 esset

161 843 578 911 Ecclesia,nihil
603 844 785 898 Deum
810 844 1229 917 specularetur,
1252 843 1593 899 annuntiem
1612 865 1638 891 »
1673 860 1797 897 om-

163 936 320 991 nibus
374 932 506 988 aliis
544 955 570 983 ‹‹
605 931 970 988 laudationes
1004 938 1134 989 tuas
1164 950 1440 1001 omnes,»
1476 950 1590 986 non
1642 932 1795 1004 quod

162 1023 343 1080 omnia
374 1041 504 1095 qua:
538 1025 790 1094 possunt
819 1022 891 1077 de
922 1038 987 1077 eo
1017 1039 1150 1077 eum
1184 1021 1355 1077 laude
1378 1021 1488 1076 dici
1514 1021 1797 1087 dicat,sed

164 1112 432 1186 quidquid
467 1111 643 1179 dicet,
675 1110 805 1165 laus
836 1111 963 1182 ejus
995 1111 1122 1165 erit.

225 1204 286 1257 Et
314 1201 456 1274 quia
486 1200 572 1255 sic
602 1198 842 1267 exaltas,
876 1221 903 1250 «
926 1198 1195 1255 exultabo
1234 1199 1291 1253 in
1343 1199 1583 1255 salutari
1618 1204 1735 1254 tuo.
1769 1222 1797 1249 ››

164 1293 252 1348 Hic
273 1290 481 1362 incipit
513 1290 707 1345 dicere
739 1289 877 1361 quid
910 1287 1082 1344 faciat
1109 1289 1581 1360 persecutoribus
1602 1289 1801 1344 Eccle-

166 1382 247 1436 sia
263 1379 319 1434 in
341 1378 538 1452 primo
557 1377 829 1433 adventu.
845 1376 1215 1432 Continuatio
1241 1393 1253 1432 :
1280 1377 1414 1432 Suis
1432 1377 1512 1431 ita
1533 1377 1804 1433 subvenit

166 1470 319 1535 Deus,
347 1488 376 1517 «
400 1467 506 1523 sed
526 1471 784 1540 gentes,»
810 1466 868 1521 id
886 1464 1801 1539 estgentiliterviventcs,«inﬁxae

167 1554 372 1621 suntin
404 1554 652 1611 interitu
688 1571 862 1628 quem
912 1555 1194 1621 fecerunt,
1218 1577 1243 1605 »
1280 1555 1423 1609 Cum
1457 1556 1613 1610 enim
1659 1554 1804 1611 alios

167 1645 536 1719 corporaliter
564 1644 929 1713 interimunt,
964 1644 1187 1717 seipsos
1219 1643 1593 1716 ipiritualiter
1624 1645 1802 1701 inter-

168 1736 374 1793 ﬁciunt.
412 1756 442 1785 «
473 1733 694 1801 Infixae,
734 1757 753 1782 »
788 1750 889 1806 per
936 1731 1127 1789 simile
1175 1732 1408 1788 dicitur.
1444 1733 1605 1788 Sicut
1647 1733 1804 1789 enim

167 1824 345 1880 clunis
376 1823 603 1879 inﬁxus
630 1820 719 1878 vel
754 1821 812 1877 in
842 1821 1108 1895 luto,per
1138 1837 1199 1876 se
1230 1838 1345 1876 non
1379 1825 1571 1894 potest
1616 1837 1807 1877 resur-

168 2006 397 2075 possunt
428 2017 757 2073 resurgere.
791 2001 860 2055 Et
888 2000 1063 2057 etiam
1094 2022 1121 2051 ‹‹
1157 2018 1258 2073 pes
1297 2017 1522 2069 eorum,
1558 2022 1584 2049 »
1621 2000 1679 2054 id
1720 2003 1809 2055 est

168 2091 378 2147 atieetio
408 2106 640 2157 eorum,
672 2094 762 2145 est
792 2090 1250 2163 comprehensus
1284 2112 1312 2139 ‹‹
1343 2089 1402 2145 in
1433 2089 1661 2163 laqueo,
1687 2112 1713 2139 »
1748 2088 1807 2144 id

167 2180 328 2236 estin
358 2178 694 2246 dolositate,
724 2202 744 2228 α
781 2179 892 2235 isto
924 2196 1099 2251 quem
1130 2178 1612 2248 absconderant,»
1640 2178 1698 2234 id
1720 2183 1810 2235 est

166 2268 286 2325 aliis
314 2266 545 2325 occulte
572 2268 967 2323 tetenderunt.

238 2358 340 2430 Ipsi
370 2358 647 2430 ignorant
684 2356 794 2413 hoc
827 2356 1121 2428 judicium
1165 2355 1399 2412 Domini
1440 2373 1569 2412 esse
1602 2357 1805 2412 datum

164 2463 333 2519 super
359 2462 459 2501 eos
488 2443 551 2500 in
580 2444 691 2501 hac
736 2445 873 2513 vita,
903 2445 1005 2501 sed
1040 2467 1068 2497 «
1099 2444 1383 2501 Dominus
1427 2453 1811 2519 cognoscetur

164 2535 374 2591 faciens
387 2534 670 2607 judicia,»
694 2534 823 2590 ideo
841 2534 979 2607 quia
1002 2557 1029 2585 «
1052 2538 1320 2606 peccator
1335 2540 1423 2590 est
1435 2536 1810 2608 comprehen-

163 2642 319 2693 sus,»
349 2624 407 2679 in
440 2623 554 2680 hac
584 2623 702 2679 vita
737 2645 764 2674 ‹‹
799 2623 856 2679 in
887 2624 1161 2696 operibus
1192 2640 1475 2678 manuum
1507 2642 1803 2693 suarum,»

166 2714 231 2775 id
259 2718 339 2769 est
367 2714 425 2769 in
459 2712 949 2769 delectationibus
980 2730 1222 2769 suarum
1255 2714 1680 2784 operationum.

242 2803 375 2870 Quia
404 2808 743 2877 peccatores
774 2801 857 2858 sic
885 2806 1321 2875 persequuntur
1342 2802 1656 2865 Ecclesiam
1681 2803 1804 2873 Dei,

163 2893 293 2948 ideo
324 2916 350 2943 «
381 2895 799 2948 convertantur
828 2914 855 2942 »
891 2910 925 2947 a
972 2891 1268 2965 proposito
1311 2893 1717 2965 persequendi,
1751 2898 1809 2949 et

166 2982 596 3066 praecipitentur
626 3003 656 3032 ιι
686 2981 747 3035 in
778 2981 1093 3049 infernum,
1126 3002 1155 3031 »
1191 2980 1549 3035 materialem
1574 2998 1588 3035 :
1612 2998 1808 3052 pecca-

168 3074 316 3126 tores
336 3069 729 3138 dico,scilieet
762 3092 789 3120 ‹‹
821 3086 1024 3125 omnes
1051 3073 1254 3143 gentes
1286 3086 1413 3141 quae
1463 3068 1811 3126 obliviscun-

176 3177 264 3232 ιρι·
287 3160 493 3227 Deum,
519 3180 547 3210 »
583 3160 642 3215 id
674 3162 763 3215 est
792 3159 892 3231 qui
924 3157 1011 3214 vel
1040 3158 1218 3214 fidem
1252 3176 1368 3215 non
1398 3157 1615 3214 habent
1649 3175 1661 3214 :
1697 3158 1805 3228 vel,

183 3248 231 3304 si
259 3248 493 3316 habent,
529 3266 709 3323 opera
736 3247 839 3303 Dei
871 3265 987 3304 non
1021 3247 1261 3304 faciunt.

242 3341 379 3394 Vere
409 3341 841 3405 convertentur,
875 3336 1010 3410 quia
1041 3352 1324 3409 pauperes
1369 3336 1826 3391 remunerabun-

185 3431 344 3493 tur,et
364 3427 473 3485 hoc
495 3429 587 3482 est
610 3425 932 3498 «quoniam
950 3424 1161 3481 oblivio
1193 3424 1468 3497 pauperis
1486 3442 1599 3480 non
1623 3426 1732 3481 erit
1762 3425 1823 3481 in

190 3518 371 3585 ﬁnem,
407 3538 430 3567 ι
460 3514 519 3571 id
552 3519 641 3572 est
670 3515 729 3569 in
760 3518 1041 3570 aeternum
1077 3532 1089 3569 :
1122 3512 1261 3586 quia
1291 3513 1424 3569 licet
1445 3514 1599 3570 Deus
1623 3515 1682 3569 in
1714 3514 1823 3570 hac

182 3604 288 3661 vita
311 3605 585 3661 videatur
606 3620 930 3676 pauperum
961 3601 1221 3659 oblivisci
1244 3606 1438 3658 tamen
1463 3603 1744 3659 veniendo
1763 3602 1821 3658 in

182 3693 285 3750 fine
314 3691 535 3762 saeculi,
560 3710 676 3751 non
707 3691 1085 3749 obliviscetur
1113 3690 1400 3747 Dominus
1430 3708 1631 3748 eorum
1656 3709 1668 3747 :
1694 3690 1822 3747 etsi

183 3798 498 3854 pauperum
551 3779 901 3853 simpliciter
949 3780 1290 3836 recordatur
1344 3779 1650 3851 Dominus,
1682 3784 1823 3835 tunc

184 3870 353 3928 multo
382 3869 584 3945 potius
614 3868 907 3942 patientia:
938 3885 1264 3941 pauperum
1297 3868 1731 3924 recordabitur:
1767 3871 1825 3923 et

183 3959 280 4016 hoc
307 3966 396 4016 est
430 3982 457 4009 ιι
488 3958 774 4033 patientia
802 3974 1146 4031 pauperum,
1183 3980 1210 4008 »
1244 3956 1304 4012 id
1335 3962 1421 4013 est
1453 3974 1673 4013 merces
1721 3974 1824 4029 pa-

186 4048 386 4104 tientis:
416 4064 769 4122 pauperum,
806 4070 833 4098 «
867 4064 981 4102 non
1013 4045 1243 4120 peribit.
1275 4068 1303 4098 »
1341 4045 1439 4103 llic
1471 4046 1826 4120 imprecetur

187 4142 382 4193 contra
408 4139 837 4210 persecutores.

249 4226 317 4282 Et
338 4230 401 4282 ut
429 4224 717 4301 patientia
745 4224 1009 4298 ipsorum
1034 4243 1148 4281 non
1183 4228 1399 4298 pereat,
1421 4247 1448 4275 ‹‹
1470 4229 1532 4281 tu
1556 4224 1821 4295 Domine,

185 4333 440 4390 exsurge,
474 4333 593 4371 non
618 4315 996 4383 confortetur,
1029 4337 1058 4365 »
1090 4313 1147 4369 id
1179 4319 1267 4371 est
1306 4333 1421 4371 non
1454 4320 1828 4388 prosperetur

188 4406 277 4462 diu
305 4407 363 4463 in
395 4404 805 4479 persecutione
835 4407 1233 4472 sanctorum,«
1253 4402 1448 4472 homo,
1474 4426 1501 4454 »
1531 4404 1590 4458 id
1612 4407 1699 4459 est
1717 4405 1826 4458 An-

188 4494 498 4565 tiebristus,
515 4494 617 4568 qui
649 4510 785 4550 cum
816 4492 974 4548 dicat
1003 4509 1065 4549 se
1096 4510 1223 4549 esse
1254 4493 1668 4564 Deum,tamen
1692 4491 1829 4548 sim-

190 4583 400 4654 pliciter
428 4584 611 4641 homo
661 4587 770 4639 est.
805 4583 935 4656 Ipse
982 4599 1099 4638 non
1144 4582 1518 4650 confortetur,
1552 4585 1609 4637 et
1649 4582 1824 4638 etiam
1856 4590 1907 4658 D

195 4696 212 4721 ι
241 4678 504 4745 gentes,»
539 4671 767 4728 scilicet
804 4687 1085 4743 sequaces
1114 4675 1172 4726 et
1202 4668 1511 4741 complices
1542 4671 1669 4741 ejus
1694 4693 1721 4721 ‹‹
1736 4672 1829 4743 ju-

191 4761 443 4818 dicentur
464 4763 523 4817 in
549 4764 869 4834 conspectu
890 4758 1077 4827 tuo,id
1103 4762 1214 4825 est,
1237 4780 1264 4807 »
1291 4757 1423 4813 licet
1444 4758 1541 4813 alii
1565 4752 1831 4815 nesciant

194 4866 277 4905 eos
295 4851 613 4922 judicatos,
648 4854 847 4905 tamen
878 4848 1032 4922 apud
1066 4850 1122 4903 te
1155 4850 1295 4902 sunt
1317 4846 1584 4920 judicati.

257 4939 366 4996 Hoc
393 4939 571 4995 modo
592 4937 959 5011 judicentur.
997 4958 1024 4985 ‹‹
1056 4935 1354 4991 Constitue
1385 4953 1561 5008 super
1609 4953 1708 4993 eos
1751 4936 1830 4993 lc-

201 5027 541 5098 gislatorem,
567 5051 595 5079 »
629 5028 689 5082 id
740 5031 831 5084 est
884 5025 1334 5092 Antichristum,
1368 5025 1465 5097 qui
1516 5026 1836 5082 constituat

202 5132 359 5188 super
384 5136 483 5189 eos
511 5118 705 5189 legem
744 5116 1098 5179 contrariam
1148 5112 1260 5187 legi
1291 5114 1526 5183 Christi,
1559 5120 1616 5171 et
1657 5116 1833 5171 etiam

200 5203 295 5260 hoc
324 5209 492 5263 modo
515 5206 880 5279 judicentur,
901 5210 967 5260 ut
999 5228 1026 5256 «
1051 5205 1189 5279 ipsae
1219 5210 1420 5277 gentes
1452 5204 1686 5261 sciant»
1722 5205 1834 5260 ali-

201 5297 414 5363 quando
434 5320 461 5347 a
484 5295 770 5369 quoniam
795 5293 902 5366 ipsi
928 5298 1066 5349 sunt
1088 5294 1378 5363 homines,
1394 5316 1422 5344 »
1448 5294 1504 5349 id
1529 5298 1617 5350 est
1638 5312 1835 5350 carna-

200 5378 291 5437 les.
308 5368 591 5458 Propheta
611 5382 978 5456 prospiciens
999 5387 1221 5438 tantam
1244 5384 1707 5457 persecutionem
1742 5385 1831 5439 fu-

199 5472 373 5528 turam
403 5475 475 5529 ab
509 5475 641 5547 ipso
668 5471 1441 5545 Antichristo,conqueritur
1478 5472 1647 5545 quasi
1679 5473 1832 5529 Deus

198 5563 519 5620 recessisset
561 5581 598 5619 ο.
651 5562 805 5629 suis,
837 5560 1022 5633 ipsius
1066 5561 1372 5617 malefacta
1410 5563 1830 5620 enumerando.

195 5647 551 5721 Continuatio
585 5670 599 5713 :
637 5651 777 5712 Ideo
808 5668 1010 5732 precor
1041 5655 1103 5711 ut
1132 5669 1248 5712 non
1275 5651 1631 5713 confortetur
1659 5652 1833 5714 homo

1906 577 1978 631 ab
2008 575 2126 643 illo,
2162 578 2316 649 quod
2348 577 2561 633 videris
2588 579 2897 635 recessisse
2927 596 2960 633 a
2983 578 3122 634 tuis.

1976 684 2046 739 Et
2074 684 2202 739 ideo
2238 706 2265 733 ‹‹
2288 689 2351 739 ut
2381 685 2541 756 quid,
2574 684 2837 753 Domine,
2874 685 3162 742 recessisti
3214 686 3457 759 longe,»
3496 688 3551 743 id

1906 776 1996 827 est
2027 771 2314 843 permittis
2346 778 2477 828 tuos
2510 778 2736 828 tantum
2768 774 3055 842 tribulari,
3081 779 3137 829 et
3168 797 3195 824 ‹‹
3228 776 3550 846 despicis,»

1906 860 2104 927 etiam,
2124 860 2179 914 id
2213 867 2301 916 est
2330 862 2480 917 sicut
2512 861 2724 917 videris
2752 863 3173 929 recessisse,ita
3196 864 3373 917 etiam
3400 864 3553 921 vide-

1908 949 1989 1003 ris
2010 948 2307 1020 despicere
2331 974 2358 1000 ‹‹
2382 951 2436 1004 in
2462 950 2954 1021 oportunitatibus
2985 950 3041 1005 in
3077 951 3494 1007 tribulatione?
3526 974 3554 1002 »

1910 1038 1964 1091 id
2000 1044 2087 1093 est
2126 1055 2259 1092 eum
2306 1039 2364 1093 in
2416 1039 2593 1094 tantis
2640 1038 3117 1093 tribulationibus
3162 1044 3556 1112 opportunum

1908 1127 2202 1182 videretur
2232 1131 2292 1181 ut
2324 1128 2477 1182 Deus
2512 1128 2865 1182 confortaret
2916 1145 3055 1182 suos
3106 1146 3206 1198 per
3253 1128 3560 1197 miracula,

1909 1215 2199 1271 videbitur
2247 1234 2385 1271 suos
2435 1216 2752 1287 despicere,
2787 1232 2921 1270 cum
2974 1232 3078 1270 nec
3123 1216 3426 1283 miracula,
3458 1232 3563 1285 nec

1911 1303 2167 1377 aliquam
2201 1304 2375 1360 talem
2420 1304 2713 1360 ministret
2760 1304 3266 1360 confortationem.
3309 1306 3412 1361 Hic
3441 1302 3566 1365 vult

1910 1411 2253 1449 enumerare
2275 1393 2429 1449 mala
2458 1410 2585 1465 qua)
2617 1392 3236 1449 Antichristusini’eret
3269 1394 3564 1462 ﬁdelibus,

1910 1486 1968 1538 et
1997 1483 2392 1538 enumerando
2423 1482 2678 1537 ostendit
2710 1482 2841 1554 ipsa
2874 1481 3031 1536 mala
3061 1498 3267 1537 nocere
3308 1482 3568 1539 inferen-

1911 1572 2089 1639 tibus,
2124 1573 2400 1643 prodesse
2432 1570 2805 1643 patientibus.
2842 1569 3211 1626 Continuatio
3247 1586 3260 1624 :

1985 1678 2316 1735 ltecessisse
2337 1677 2578 1745 videris,
2603 1676 2743 1749 quia
2775 1701 2797 1723 «ι
2822 1675 3089 1747 superbit
3118 1675 3393 1748 impius,»
3426 1682 3483 1734 et
3502 1695 3573 1735 ex

1914 1767 2187 1838 superbia
2208 1770 2440 1822 sanctos
2462 1765 2673 1838 affligit
2704 1763 3027 1838 singularis
3057 1765 3173 1831 ille,
3196 1766 3254 1820 id
3286 1770 3375 1821 est
3403 1766 3572 1821 Anti-

339 1852 719 1937 :‘iut‘fhjijf
748 1852 1107 1937 ,"fjuw’k’f'
1138 1852 1345 1937 °,‘:,“”“
1379 1852 1571 1937 Puri“
1835 1858 1882 1937 Β
1914 1856 2169 1911 christus
2196 1874 2208 1911 :
2234 1860 2291 1910 et
2317 1857 2460 1911 dum
2483 1855 2568 1911 sic
2600 1852 2869 1925 superbit
2895 1852 3267 1908 «incenditur
3290 1870 3567 1925 pauper.»

169 1930 307 1985 gere,
336 1912 421 1967 ita
451 1910 569 1983 ipsi
598 1910 907 1967 homicida:
940 1929 974 1967 a
1004 1910 1265 1983 nequitia
1294 1930 1401 1967 sua
1448 1928 1550 1984 per
1599 1928 1660 1967 se
1692 1928 1804 1965 non
1836 1910 1853 1957 ‘-

1918 1946 2022 2001 Per
2068 1945 2402 2001 incenditur
2448 1947 2613 2000 notat
2662 1948 2720 1998 et
2759 1943 2914 2015 quod
2953 1941 3268 1997 tribuletur
3312 1947 3370 1997 et
3414 1943 3571 2015 quod

1915 2040 2217 2107 purgetur.
2252 2058 2275 2081 »
2307 2033 2581 2105 Superbit
2604 2033 2845 2104 impius,
2884 2051 2906 2073 ιι
2942 2036 2998 2086 et
3026 2030 3318 2102 castigant
3358 2031 3484 2103 ipse
3516 2035 3574 2088 et

1916 2124 2009 2179 sui
2040 2122 2194 2178 mala
2213 2121 2459 2177 consilia
2479 2123 2759 2177 adversus
2779 2124 3037 2186 sanctos,
3052 2118 3113 2173 in
3135 2119 3351 2191 quibus
3376 2147 3399 2171 (ι
3423 2136 3577 2175 com-

1916 2212 2377 2284 prehenduntur.
2412 2235 2440 2265 α
2489 2210 2591 2265 Per
2648 2208 3231 2281 oomprehenduntur
3273 2212 3438 2263 notat
3475 2225 3575 2264 eos

1918 2306 2192 2356 nocentes
2223 2300 2348 2355 suis
2379 2299 2524 2371 ipsis
2560 2297 2788 2371 laqueis
2816 2297 3109 2370 impediri.

1987 2407 2262 2480 Superbit
2315 2405 2555 2479 impius,
2606 2422 2830 2477 pauper
2887 2404 3241 2472 incenditur,
3302 2404 3581 2460 laudatur

1914 2497 2089 2551 etiam
2114 2500 2401 2568 peccator,
2428 2496 2758 2551 secundum
2793 2498 2942 2561 acta,
2978 2492 3255 2549 laudatur
3304 2493 3433 2549 dico
3468 2509 3495 2538 α
3517 2494 3576 2549 in

1914 2585 2222 2641 desideriis
2252 2586 2462 2640 animae
2493 2602 2633 2651 sum,
2668 2604 2694 2634 ι)
2727 2584 2868 2655 quia
2907 2583 3231 2639 succedunt
3275 2583 3326 2638 ei
3379 2583 3580 2639 omnia

1915 2691 2040 2745 qure
2074 2674 2384 2741 desiderat,
2420 2678 2477 2729 et
2507 2674 2589 2729 sic
2621 2673 2930 2728 laudantes
2963 2672 3201 2727 dicunt:
3228 2672 3351 2729 Non
3376 2678 3573 2744 posset

1914 2762 2036 2817 haec
2071 2764 2256 2817 facere
2308 2762 2419 2817 nisi
2471 2763 2625 2816 Deus
2676 2765 2831 2816 esset
2876 2777 3010 2816 cum
3060 2777 3126 2814 eo
3163 2782 3183 2803 «ι
3217 2765 3275 2815 et
3313 2760 3438 2831 ipse
3469 2761 3576 2823 ini.

1915 2869 2088 2923 quas,
2122 2879 2147 2903 υ
2180 2851 2318 2921 quia
2336 2850 2635 2905 voluntate
2669 2849 2844 2903 habet
2881 2847 3201 2919 nequitiam
3228 2873 3250 2895 ‹‹
3275 2849 3572 2905 benedici-

1914 2945 2032 3004 tur,
2066 2963 2089 2986 »
2123 2938 2180 2993 id
2213 2943 2303 2993 est
2332 2938 2639 3005 exaltatur,
2674 2937 2812 3009 quia
2855 2937 3033 2992 etiam
3063 2935 3125 2990 in
3177 2934 3350 2991 malis
3384 2938 3574 3009 operi-

1916 3030 2027 3084 bus
2058 3028 2203 3084 bene
2235 3043 2403 3100 agere
2437 3026 2670 3081 dicitur.

1987 3128 2057 3181 Et
2082 3125 2361 3198 quoniam
2388 3124 2471 3179 sic
2491 3124 2766 3178 laudatur
2786 3127 2844 3178 et
2873 3122 3261 3188 benedicitur,
3283 3121 3411 3178 ideo
3437 3137 3464 3169 α
3484 3139 3576 3179 ex-

1859 3220 1902 3288 C
1939 3215 2229 3271 acerbavit
2270 3213 2582 3269 Dominum
2631 3216 2919 3285 peccator,
2952 3230 2975 3253 δ)
3008 3211 3107 3267 ille
3145 3210 3482 3284 singularis,
3518 3212 3577 3268 id

1933 3310 2023 3362 est
2051 3306 2197 3359 iram
2228 3302 2647 3376 provocavit,et
2676 3302 2804 3356 ideo
2844 3302 3020 3357 etiam
3067 3299 3207 3372 quia
3252 3300 3376 3373 ipse
3405 3326 3429 3349 ‹‹
3463 3319 3578 3357 non

1934 3398 2203 3468 qureret,»
2238 3393 2348 3448 sibi
2377 3392 2558 3446 Deum
2594 3391 2923 3462 adjutorem
2958 3407 2971 3445 :
3007 3406 3228 3463 agens“
3254 3390 3580 3446 secundum

1934 3481 2372 3538 multitudinem
2404 3480 2502 3534 ira:
2534 3497 2674 3547 sum,
2709 3504 2733 3527 »
2758 3479 2815 3534 id
2840 3483 2928 3534 est
2950 3478 3135 3534 multo
3169 3478 3383 3534 furore.

2006 3610 2029 3632 α
2062 3580 2187 3635 Non
2222 3583 2311 3633 est
2341 3578 2517 3632 etiam
2549 3578 2702 3632 Dens
2733 3576 2791 3631 in
2824 3580 3138 3649 conspectu
3184 3577 3373 3647 ejus,»
3406 3576 3465 3630 id
3496 3579 3585 3631 est

1934 3687 2048 3724 non
2076 3668 2328 3723 attendit
2369 3667 2552 3721 Deum
2596 3666 2818 3737 aliquid
2862 3682 3035 3737 posse
3067 3682 3079 3719 :
3113 3668 3170 3719 et
3216 3664 3424 3736 praeter
3462 3663 3583 3719 haec

1931 3756 2131 3813 omnia
2161 3774 2187 3803 (ι
2218 3756 2373 3823 vim,»
2408 3755 2465 3809 id
2498 3758 2585 3810 est
2614 3771 2788 3825 opera
2818 3753 3025 3824 ipsius,
3061 3757 3243 3807 «sunt
3266 3752 3583 3823 inquinata:

1937 3869 1963 3897 ‹‹
1995 3846 2054 3901 in
2079 3846 2237 3901 omni
2272 3849 2553 3916 tempore,
2634 3842 2693 3896 id
2726 3845 2813 3897 est
2844 3857 3148 3913 nunquam
3182 3840 3316 3894 fecit
3346 3839 3581 3912 aliquod

1933 3936 2175 3990 bonum.
2448 3980 2451 3983 ,

2002 4025 2072 4079 Et
2100 4024 2229 4078 ideo
2259 4018 2791 4091 exacerbavit,quia
2822 4044 2845 4067 ‹‹
2870 4018 3216 4074 auferuntur
3229 4015 3456 4090 judicia
3483 4019 3587 4073 tua

1938 4137 1964 4164 ‹‹
1995 4131 2029 4169 a
2060 4111 2204 4167 faeie
2235 4111 2384 4183 ejus,
2414 4126 2437 4150 υ
2471 4108 2527 4163 id
2559 4112 2649 4164 est
2679 4124 2713 4163 a
2754 4106 3225 4163 oonsideratione
3263 4107 3414 4177 ejus,
3446 4104 3589 4177 quia

1936 4220 2041 4259 nec
2072 4206 2128 4257 te
2154 4199 2405 4257 attendit
2434 4201 2716 4254 rectorem
2752 4212 3090 4264 rerum,nec
3130 4196 3394 4251 futurum
3433 4193 3591 4266 judi-

1936 4310 2084 4360 cem,
2114 4290 2300 4347 ethoc
2323 4290 2472 4358 ideo,
2509 4287 2649 4360 quia
2681 4317 2704 4339 ‹‹
2737 4285 3140 4342 dominabitur
3169 4285 3435 4340 omnium
3486 4282 3592 4338 ini-

1937 4382 2224 4437 micorum
2261 4394 2524 4448 suorum,
2567 4376 2705 4450 quia
2762 4375 2995 4432 realiter
3052 4374 3327 4447 subjiciet
3385 4388 3591 4428 omnes

1937 4488 2103 4544 reges
2127 4475 2316 4527 terra}.

2006 4569 2152 4625 Vere
2184 4564 2749 4637 dominabitur,quia
2781 4583 2804 4607 ‹‹
2828 4562 2953 4635 ipse
2974 4559 3197 4616 dixitin
3220 4558 3391 4615 corde
3424 4574 3586 4625 suo,»

1939 4660 1996 4714 id
2030 4662 2119 4715 est
2150 4657 2255 4712 tibi
2289 4654 2681 4728 competendi,
2716 4675 2739 4697 «
2771 4651 3044 4707 movebor
3072 4667 3105 4705 a
3134 4645 3526 4722 generatione,
3564 4668 3585 4694 ι

1942 4766 2060 4805 una
2086 4746 2228 4801 milii
2262 4746 2499 4802 subdita
2529 4774 2552 4797 ι(
2585 4743 2643 4796 in
2690 4740 2865 4796 aliam
2913 4738 3414 4811 generationem,»
3449 4734 3591 4789 mihi

1942 4832 2506 4908 subjiciendam,sed
2542 4860 2563 4881 ‹‹
2599 4847 2713 4884 non
2747 4828 2873 4884 sine
2906 4826 3112 4894 malo,«
3146 4825 3202 4880 id
3237 4828 3325 4880 est
3344 4824 3487 4895 quin
3510 4822 3592 4877 eis

1943 4926 2096 4982 mala
2120 4920 2502 4979 inferam.llic
2535 4922 2699 4974 notat
2720 4916 2962 4971 nimiam
2997 4913 3282 4970 malitiam
3324 4910 3591 4981 nequitias

1944 5016 2122 5071 illius.

2015 5114 2144 5185 Ipse
2164 5110 2339 5166 etiam
2364 5107 2498 5163 talis
2521 5110 2609 5162 est
2632 5105 2845 5175 «cujus
2867 5120 2931 5158 os
2944 5106 3031 5156 est
3052 5100 3287 5173 plenum
3310 5095 3589 5185 malitia,»

1944 5205 2001 5259 id
2037 5182 2127 5257 est
2158 5197 2525 5271 blasphemia
2558 5195 2614 5249 in
2651 5199 2831 5249 Deum
2856 5219 2881 5249 α
2903 5195 2960 5246 et
2990 5186 3432 5253 amaritudine,»
3456 5182 3597 5256 quia

1944 5309 2145 5350 amara
2174 5290 2350 5344 verba
2381 5292 2437 5341 et
2468 5284 2663 5357 turpia
2693 5281 2833 5337 dicit
2876 5277 3215 5334 hominibus
3238 5300 3261 5324 οι
3294 5277 3350 5328 et
3392 5272 3543 5340 dolo,
3568 5292 3591 5315 η

1943 5384 2082 5456 quia
2112 5378 2341 5437 seducit
2358 5375 2625 5432 homines
2649 5388 2751 5441 per
2770 5369 3014 5423 latentes
3038 5362 3490 5431 seductiones,id
3510 5366 3598 5417 est

1942 5452 2044 5546 per
2065 5465 2506 5544 promissiones,
2527 5464 2635 5516 etc.
2664 5490 2686 5512 ‹‹
2719 5457 2839 5513 Sub
2857 5454 3142 5546 linguaej
3154 5471 3221 5546 us
3245 5452 3410 5546 labor
3424 5456 3482 5546 et
3503 5452 3600 5508 d0-

1942 5541 2049 5631 lor,
2066 5541 2141 5615 id
2174 5562 2262 5613 est
2292 5555 2351 5610 in
2386 5552 2557 5609 corde
2588 5549 2738 5618 ejus,
2770 5545 2908 5618 quia
2957 5543 3101 5598 nihil
3151 5542 3311 5631 aliud
3359 5541 3596 5631 cogitat,

1944 5623 2057 5710 nisi
2092 5655 2153 5708 ut
2185 5643 2456 5705 ﬁdelibus
2502 5638 2765 5696 laborem
2815 5638 2873 5694 et
2922 5632 3181 5697 dolorem
3232 5630 3463 5691 inferat.
3497 5623 3600 5689 Vel
