  <div class='ocr_page' id='page_1' title='image "/cluster/home/n/w/nwhite01/storage/ocr_20150623/116/hvd.32044054759808/119.png"; bbox 0 0 4070 6180; ppageno 0'>
   <div class='ocr_carea' id='block_1_1' title="bbox 471 370 588 433">
    <p class='ocr_par' dir='ltr' id='par_1_1' title="bbox 471 370 588 433">
     <span class='ocr_line' id='line_1_1' title="bbox 471 370 588 433; baseline -0.026 0"><span class='ocrx_word' id='word_1_1' title='bbox 471 370 588 433; x_wconf 78' lang='grc'>227</span> 
     </span>
    </p>
   </div>
   <div class='ocr_carea' id='block_1_2' title="bbox 890 337 3448 433">
    <p class='ocr_par' dir='ltr' id='par_1_2' title="bbox 890 337 3448 433">
     <span class='ocr_line' id='line_1_2' title="bbox 890 337 3448 433; baseline -0.002 -2"><span class='ocrx_word' id='word_1_2' title='bbox 890 337 1299 433; x_wconf 73' lang='lat' dir='ltr'>HAYMONlS</span> <span class='ocrx_word' id='word_1_3' title='bbox 1331 361 1870 428; x_wconf 77' lang='lat' dir='ltr'>HALBERSTAT.</span> <span class='ocrx_word' id='word_1_4' title='bbox 1902 358 2144 424; x_wconf 87' lang='lat' dir='ltr'>EPISC.</span> <span class='ocrx_word' id='word_1_5' title='bbox 2180 359 2352 422; x_wconf 83' lang='lat' dir='ltr'>opp.</span> <span class='ocrx_word' id='word_1_6' title='bbox 2385 361 2586 424; x_wconf 83' lang='lat' dir='ltr'>PARS</span> <span class='ocrx_word' id='word_1_7' title='bbox 2617 360 2666 424; x_wconf 81' lang='grc' dir='ltr'>Ι.</span> <span class='ocrx_word' id='word_1_8' title='bbox 2699 397 2776 408; x_wconf 87' lang='grc'><strong><em>-</em></strong></span> <span class='ocrx_word' id='word_1_9' title='bbox 2807 361 3216 428; x_wconf 88' lang='lat' dir='ltr'>COMMENT.</span> <span class='ocrx_word' id='word_1_10' title='bbox 3249 363 3448 426; x_wconf 91' lang='lat' dir='ltr'>BIBL.</span> 
     </span>
    </p>
   </div>
   <div class='ocr_carea' id='block_1_3' title="bbox 3757 361 3879 427">
    <p class='ocr_par' dir='ltr' id='par_1_3' title="bbox 3757 361 3879 427">
     <span class='ocr_line' id='line_1_3' title="bbox 3757 361 3879 427; baseline 0 0"><span class='ocrx_word' id='word_1_11' title='bbox 3757 361 3879 427; x_wconf 72' lang='lat'>228</span> 
     </span>
    </p>
   </div>
   <div class='ocr_carea' id='block_1_4' title="bbox 475 495 3880 578">
    <p class='ocr_par' dir='ltr' id='par_1_4' title="bbox 475 495 3880 578">
     <span class='ocr_line' id='line_1_4' title="bbox 475 495 3880 578; baseline -0.001 -22"><span class='ocrx_word' id='word_1_12' title='bbox 475 527 504 556; x_wconf 86' lang='grc'>‹‹</span> <span class='ocrx_word' id='word_1_13' title='bbox 533 504 644 561; x_wconf 85' lang='lat' dir='ltr'>sub</span> <span class='ocrx_word' id='word_1_14' title='bbox 675 503 878 578; x_wconf 84' lang='lat' dir='ltr'>lingua</span> <span class='ocrx_word' id='word_1_15' title='bbox 905 505 1094 576; x_wconf 77' lang='lat' dir='ltr'>ejus,»</span> <span class='ocrx_word' id='word_1_16' title='bbox 1127 500 1266 574; x_wconf 98' lang='lat' dir='ltr'>quia</span> <span class='ocrx_word' id='word_1_17' title='bbox 1283 499 1588 564; x_wconf 75' lang='lat' dir='ltr'>audientes</span> <span class='ocrx_word' id='word_1_18' title='bbox 1617 497 1750 571; x_wconf 86' lang='lat' dir='ltr'>plus</span> <span class='ocrx_word' id='word_1_19' title='bbox 1777 497 1988 553; x_wconf 81' lang='lat' dir='ltr'>timent</span> <span class='ocrx_word' id='word_1_20' title='bbox 2008 495 2114 550; x_wconf 83' lang='lat' dir='ltr'>lin-</span> <span class='ocrx_word' id='word_1_21' title='bbox 2140 496 2197 562; x_wconf 83' lang='grc' dir='ltr'><strong>Α</strong></span> <span class='ocrx_word' id='word_1_22' title='bbox 2225 511 2291 550; x_wconf 89' lang='lat' dir='ltr'>os</span> <span class='ocrx_word' id='word_1_23' title='bbox 2321 495 2380 550; x_wconf 93' lang='lat' dir='ltr'>in</span> <span class='ocrx_word' id='word_1_24' title='bbox 2403 495 2637 552; x_wconf 77' lang='lat' dir='ltr'>cmlum.</span> <span class='ocrx_word' id='word_1_25' title='bbox 2671 497 3086 570; x_wconf 89' lang='lat' dir='ltr'>Interrogando</span> <span class='ocrx_word' id='word_1_26' title='bbox 3121 497 3389 572; x_wconf 91' lang='lat' dir='ltr'>loquens,</span> <span class='ocrx_word' id='word_1_27' title='bbox 3423 499 3497 554; x_wconf 91' lang='lat' dir='ltr'>ad</span> <span class='ocrx_word' id='word_1_28' title='bbox 3539 497 3880 571; x_wconf 89' lang='lat' dir='ltr'>inquisitio-</span> 
     </span>
    </p>
   </div>
   <div class='ocr_carea' id='block_1_5' title="bbox 471 588 1724 668">
    <p class='ocr_par' dir='ltr' id='par_1_5' title="bbox 471 588 1724 668">
     <span class='ocr_line' id='line_1_5' title="bbox 471 588 1724 668; baseline -0.006 -19"><span class='ocrx_word' id='word_1_29' title='bbox 471 611 646 668; x_wconf 89' lang='lat' dir='ltr'>guam</span> <span class='ocrx_word' id='word_1_30' title='bbox 678 594 826 664; x_wconf 87' lang='lat' dir='ltr'>ejus,</span> <span class='ocrx_word' id='word_1_31' title='bbox 859 607 1036 664; x_wconf 90' lang='lat' dir='ltr'>quam</span> <span class='ocrx_word' id='word_1_32' title='bbox 1069 590 1328 646; x_wconf 81' lang='lat' dir='ltr'>laborem</span> <span class='ocrx_word' id='word_1_33' title='bbox 1358 594 1415 645; x_wconf 92' lang='lat' dir='ltr'>et</span> <span class='ocrx_word' id='word_1_34' title='bbox 1444 588 1724 644; x_wconf 85' lang='lat' dir='ltr'>dolorem.</span> 
     </span>
    </p>
   </div>
   <div class='ocr_carea' id='block_1_6' title="bbox 546 674 2118 750">
    <p class='ocr_par' dir='ltr' id='par_1_6' title="bbox 546 674 2118 750">
     <span class='ocr_line' id='line_1_6' title="bbox 546 674 2118 750; baseline -0.006 -11"><span class='ocrx_word' id='word_1_35' title='bbox 546 703 568 728; x_wconf 66' lang='grc' dir='ltr'><strong><em>ι</em></strong></span> <span class='ocrx_word' id='word_1_36' title='bbox 601 674 796 750; x_wconf 80' lang='lat' dir='ltr'>Sedet,</span> <span class='ocrx_word' id='word_1_37' title='bbox 833 701 855 726; x_wconf 83' lang='lat'><strong>»</strong></span> <span class='ocrx_word' id='word_1_38' title='bbox 888 681 946 736; x_wconf 89' lang='lat' dir='ltr'>id</span> <span class='ocrx_word' id='word_1_39' title='bbox 979 683 1069 736; x_wconf 89' lang='lat' dir='ltr'>est</span> <span class='ocrx_word' id='word_1_40' title='bbox 1101 680 1448 734; x_wconf 78' lang='lat' dir='ltr'>immoratur</span> <span class='ocrx_word' id='word_1_41' title='bbox 1478 702 1503 726; x_wconf 75' lang='grc' dir='ltr'>α</span> <span class='ocrx_word' id='word_1_42' title='bbox 1525 677 1584 732; x_wconf 90' lang='lat' dir='ltr'>in</span> <span class='ocrx_word' id='word_1_43' title='bbox 1617 675 1848 732; x_wconf 85' lang='lat' dir='ltr'>insidiis</span> <span class='ocrx_word' id='word_1_44' title='bbox 1879 693 2013 731; x_wconf 91' lang='lat' dir='ltr'>cum</span> <span class='ocrx_word' id='word_1_45' title='bbox 2037 675 2118 730; x_wconf 90' lang='lat' dir='ltr'>di-</span> 
     </span>
    </p>
   </div>
   <div class='ocr_carea' id='block_1_7' title="bbox 468 764 2116 841">
    <p class='ocr_par' dir='ltr' id='par_1_7' title="bbox 468 764 2116 841">
     <span class='ocr_line' id='line_1_7' title="bbox 468 764 2116 841; baseline -0.004 -15"><span class='ocrx_word' id='word_1_46' title='bbox 468 772 704 839; x_wconf 82' lang='lat' dir='ltr'>vitibus,</span> <span class='ocrx_word' id='word_1_47' title='bbox 741 792 764 814; x_wconf 83' lang='lat'><strong>»</strong></span> <span class='ocrx_word' id='word_1_48' title='bbox 793 770 850 824; x_wconf 89' lang='lat' dir='ltr'>id</span> <span class='ocrx_word' id='word_1_49' title='bbox 882 774 971 824; x_wconf 89' lang='lat' dir='ltr'>est</span> <span class='ocrx_word' id='word_1_50' title='bbox 999 768 1355 841; x_wconf 89' lang='lat' dir='ltr'>potentibus,</span> <span class='ocrx_word' id='word_1_51' title='bbox 1389 785 1492 840; x_wconf 88' lang='lat' dir='ltr'>per</span> <span class='ocrx_word' id='word_1_52' title='bbox 1531 783 1780 838; x_wconf 87' lang='lat' dir='ltr'>quorum</span> <span class='ocrx_word' id='word_1_53' title='bbox 1832 764 2116 820; x_wconf 78' lang='lat' dir='ltr'>auxilium</span> 
     </span>
    </p>
   </div>
   <div class='ocr_carea' id='block_1_8' title="bbox 465 851 2114 929">
    <p class='ocr_par' dir='ltr' id='par_1_8' title="bbox 465 851 2114 929">
     <span class='ocr_line' id='line_1_8' title="bbox 465 851 2114 929; baseline -0.008 -11"><span class='ocrx_word' id='word_1_54' title='bbox 465 859 736 918; x_wconf 85' lang='lat' dir='ltr'>homines</span> <span class='ocrx_word' id='word_1_55' title='bbox 783 856 1052 929; x_wconf 82' lang='lat' dir='ltr'>decipiet,</span> <span class='ocrx_word' id='word_1_56' title='bbox 1087 882 1110 906; x_wconf 87' lang='grc'>‹‹</span> <span class='ocrx_word' id='word_1_57' title='bbox 1144 856 1202 910; x_wconf 92' lang='lat' dir='ltr'>in</span> <span class='ocrx_word' id='word_1_58' title='bbox 1250 855 1502 920; x_wconf 85' lang='lat' dir='ltr'>insidiis,</span> <span class='ocrx_word' id='word_1_59' title='bbox 1537 884 1560 906; x_wconf 70' lang='grc' dir='ltr'><strong>ν</strong></span> <span class='ocrx_word' id='word_1_60' title='bbox 1594 854 1744 920; x_wconf 85' lang='lat' dir='ltr'>dico,</span> <span class='ocrx_word' id='word_1_61' title='bbox 1779 851 2025 924; x_wconf 82' lang='lat' dir='ltr'>positis«</span> <span class='ocrx_word' id='word_1_62' title='bbox 2055 851 2114 905; x_wconf 90' lang='lat' dir='ltr'>in</span> 
     </span>
    </p>
   </div>
   <div class='ocr_carea' id='block_1_9' title="bbox 465 941 2114 1008">
    <p class='ocr_par' dir='ltr' id='par_1_9' title="bbox 465 941 2114 1008">
     <span class='ocr_line' id='line_1_9' title="bbox 465 941 2114 1008; baseline -0.005 -4"><span class='ocrx_word' id='word_1_63' title='bbox 465 948 711 1004; x_wconf 90' lang='lat' dir='ltr'>occultis</span> <span class='ocrx_word' id='word_1_64' title='bbox 738 969 762 992; x_wconf 70' lang='grc' dir='ltr'><strong>ν</strong></span> <span class='ocrx_word' id='word_1_65' title='bbox 794 945 1210 1002; x_wconf 90' lang='lat' dir='ltr'>locis.Occulte</span> <span class='ocrx_word' id='word_1_66' title='bbox 1246 944 1403 999; x_wconf 88' lang='lat' dir='ltr'>enim</span> <span class='ocrx_word' id='word_1_67' title='bbox 1436 943 1596 998; x_wconf 84' lang='lat' dir='ltr'>fallet</span> <span class='ocrx_word' id='word_1_68' title='bbox 1625 941 1912 1008; x_wconf 85' lang='lat' dir='ltr'>homines,</span> <span class='ocrx_word' id='word_1_69' title='bbox 1949 941 2021 995; x_wconf 89' lang='lat' dir='ltr'>ad</span> <span class='ocrx_word' id='word_1_70' title='bbox 2053 957 2114 996; x_wconf 89' lang='lat' dir='ltr'>se</span> 
     </span>
    </p>
   </div>
   <div class='ocr_carea' id='block_1_10' title="bbox 464 1030 2108 1110">
    <p class='ocr_par' dir='ltr' id='par_1_10' title="bbox 464 1030 2108 1110">
     <span class='ocr_line' id='line_1_10' title="bbox 464 1030 2108 1110; baseline -0.005 -18"><span class='ocrx_word' id='word_1_71' title='bbox 464 1038 884 1110; x_wconf 87' lang='lat' dir='ltr'>prophetarum</span> <span class='ocrx_word' id='word_1_72' title='bbox 944 1034 1267 1104; x_wconf 77' lang='lat' dir='ltr'>scripturas</span> <span class='ocrx_word' id='word_1_73' title='bbox 1316 1037 1676 1098; x_wconf 85' lang='lat' dir='ltr'>convertens,</span> <span class='ocrx_word' id='word_1_74' title='bbox 1718 1031 1800 1086; x_wconf 90' lang='lat' dir='ltr'>sic</span> <span class='ocrx_word' id='word_1_75' title='bbox 1861 1030 2108 1085; x_wconf 88' lang='lat' dir='ltr'>dicens:</span> 
     </span>
    </p>
   </div>
   <div class='ocr_carea' id='block_1_11' title="bbox 462 1118 2114 1199">
    <p class='ocr_par' dir='ltr' id='par_1_11' title="bbox 462 1118 2114 1199">
     <span class='ocr_line' id='line_1_11' title="bbox 462 1118 2114 1199; baseline -0.006 -17"><span class='ocrx_word' id='word_1_76' title='bbox 462 1129 581 1199; x_wconf 89' lang='lat' dir='ltr'>Ego</span> <span class='ocrx_word' id='word_1_77' title='bbox 600 1142 730 1180; x_wconf 90' lang='lat' dir='ltr'>sum</span> <span class='ocrx_word' id='word_1_78' title='bbox 752 1123 1078 1196; x_wconf 88' lang='lat' dir='ltr'>promissus</span> <span class='ocrx_word' id='word_1_79' title='bbox 1103 1121 1365 1177; x_wconf 89' lang='lat' dir='ltr'>Messias.</span> <span class='ocrx_word' id='word_1_80' title='bbox 1391 1121 1454 1175; x_wconf 92' lang='lat' dir='ltr'>In</span> <span class='ocrx_word' id='word_1_81' title='bbox 1478 1137 1570 1176; x_wconf 88' lang='lat' dir='ltr'>me</span> <span class='ocrx_word' id='word_1_82' title='bbox 1591 1119 1766 1176; x_wconf 88' lang='lat' dir='ltr'>etiam</span> <span class='ocrx_word' id='word_1_83' title='bbox 1787 1118 2114 1191; x_wconf 82' lang='lat' dir='ltr'>completur</span> 
     </span>
    </p>
   </div>
   <div class='ocr_carea' id='block_1_12' title="bbox 464 1209 2108 1286">
    <p class='ocr_par' dir='ltr' id='par_1_12' title="bbox 464 1209 2108 1286">
     <span class='ocr_line' id='line_1_12' title="bbox 464 1209 2108 1286; baseline -0.004 -18"><span class='ocrx_word' id='word_1_84' title='bbox 464 1213 768 1286; x_wconf 90' lang='lat' dir='ltr'>prephetia</span> <span class='ocrx_word' id='word_1_85' title='bbox 786 1230 914 1284; x_wconf 65' lang='lat' dir='ltr'>quae</span> <span class='ocrx_word' id='word_1_86' title='bbox 939 1210 1114 1266; x_wconf 86' lang='lat' dir='ltr'>dicit:</span> <span class='ocrx_word' id='word_1_87' title='bbox 1141 1209 1517 1265; x_wconf 80' lang='lat' dir='ltr'>«Adorabunt</span> <span class='ocrx_word' id='word_1_88' title='bbox 1531 1225 1666 1264; x_wconf 88' lang='lat' dir='ltr'>eum</span> <span class='ocrx_word' id='word_1_89' title='bbox 1687 1225 1890 1264; x_wconf 89' lang='lat' dir='ltr'>omnes</span> <span class='ocrx_word' id='word_1_90' title='bbox 1922 1224 2108 1279; x_wconf 90' lang='lat' dir='ltr'>reges,</span> 
     </span>
    </p>
   </div>
   <div class='ocr_carea' id='block_1_13' title="bbox 461 1295 2109 1372">
    <p class='ocr_par' dir='ltr' id='par_1_13' title="bbox 461 1295 2109 1372">
     <span class='ocr_line' id='line_1_13' title="bbox 461 1295 2109 1372; baseline -0.003 -15"><span class='ocrx_word' id='word_1_91' title='bbox 461 1318 664 1356; x_wconf 88' lang='lat' dir='ltr'>omnes</span> <span class='ocrx_word' id='word_1_92' title='bbox 693 1305 894 1372; x_wconf 87' lang='lat' dir='ltr'>gentes</span> <span class='ocrx_word' id='word_1_93' title='bbox 925 1298 1176 1355; x_wconf 89' lang='lat' dir='ltr'>servient</span> <span class='ocrx_word' id='word_1_94' title='bbox 1202 1297 1314 1354; x_wconf 78' lang='lat' dir='ltr'>ei.»</span> <span class='ocrx_word' id='word_1_95' title='bbox 1348 1299 1521 1368; x_wconf 83' lang='lat' dir='ltr'>(Psal.</span> <span class='ocrx_word' id='word_1_96' title='bbox 1568 1300 1741 1366; x_wconf 75' lang='lat' dir='ltr'>LXXI.)</span> <span class='ocrx_word' id='word_1_97' title='bbox 1766 1297 1850 1351; x_wconf 89' lang='lat' dir='ltr'>Ad</span> <span class='ocrx_word' id='word_1_98' title='bbox 1882 1295 1991 1352; x_wconf 91' lang='lat' dir='ltr'>hoc</span> <span class='ocrx_word' id='word_1_99' title='bbox 2021 1314 2109 1352; x_wconf 80' lang='lat' dir='ltr'>sc-</span> 
     </span>
    </p>
   </div>
   <div class='ocr_carea' id='block_1_14' title="bbox 463 1385 1972 1457">
    <p class='ocr_par' dir='ltr' id='par_1_14' title="bbox 463 1385 1972 1457">
     <span class='ocr_line' id='line_1_14' title="bbox 463 1385 1972 1457; baseline -0.003 -11"><span class='ocrx_word' id='word_1_100' title='bbox 463 1391 562 1446; x_wconf 89' lang='lat' dir='ltr'>det</span> <span class='ocrx_word' id='word_1_101' title='bbox 594 1412 616 1436; x_wconf 85' lang='grc'><strong>‹‹</strong></span> <span class='ocrx_word' id='word_1_102' title='bbox 649 1393 716 1444; x_wconf 90' lang='lat' dir='ltr'>ut</span> <span class='ocrx_word' id='word_1_103' title='bbox 745 1387 1057 1444; x_wconf 78' lang='lat' dir='ltr'>interficiat</span> <span class='ocrx_word' id='word_1_104' title='bbox 1087 1388 1482 1452; x_wconf 87' lang='lat' dir='ltr'>innocentem,</span> <span class='ocrx_word' id='word_1_105' title='bbox 1511 1411 1539 1442; x_wconf 84' lang='grc'>››</span> <span class='ocrx_word' id='word_1_106' title='bbox 1572 1385 1972 1457; x_wconf 83' lang='lat' dir='ltr'>spiritualiter.</span> 
     </span>
    </p>
   </div>
   <div class='ocr_carea' id='block_1_15' title="bbox 532 1474 2112 1550">
    <p class='ocr_par' dir='ltr' id='par_1_15' title="bbox 532 1474 2112 1550">
     <span class='ocr_line' id='line_1_15' title="bbox 532 1474 2112 1550; baseline -0.003 -16"><span class='ocrx_word' id='word_1_107' title='bbox 532 1497 556 1521; x_wconf 78' lang='grc' dir='ltr'>α</span> <span class='ocrx_word' id='word_1_108' title='bbox 590 1478 754 1534; x_wconf 89' lang='lat' dir='ltr'>Oculi</span> <span class='ocrx_word' id='word_1_109' title='bbox 786 1477 962 1534; x_wconf 89' lang='lat' dir='ltr'>etiam</span> <span class='ocrx_word' id='word_1_110' title='bbox 994 1478 1122 1550; x_wconf 83' lang='lat' dir='ltr'>ejus</span> <span class='ocrx_word' id='word_1_111' title='bbox 1155 1477 1216 1532; x_wconf 93' lang='lat' dir='ltr'>in</span> <span class='ocrx_word' id='word_1_112' title='bbox 1248 1492 1565 1549; x_wconf 85' lang='lat' dir='ltr'>pauperem</span> <span class='ocrx_word' id='word_1_113' title='bbox 1589 1474 1980 1547; x_wconf 85' lang='lat' dir='ltr'>respiciunt,»</span> <span class='ocrx_word' id='word_1_114' title='bbox 2008 1490 2112 1547; x_wconf 89' lang='lat' dir='ltr'>per</span> 
     </span>
    </p>
   </div>
   <div class='ocr_carea' id='block_1_16' title="bbox 459 1563 2110 1644">
    <p class='ocr_par' dir='ltr' id='par_1_16' title="bbox 459 1563 2110 1644">
     <span class='ocr_line' id='line_1_16' title="bbox 459 1563 2110 1644; baseline -0.004 -20"><span class='ocrx_word' id='word_1_115' title='bbox 459 1569 731 1625; x_wconf 72' lang='lat' dir='ltr'>affectum</span> <span class='ocrx_word' id='word_1_116' title='bbox 763 1565 1196 1623; x_wconf 72' lang='lat' dir='ltr'>misericordiae.</span> <span class='ocrx_word' id='word_1_117' title='bbox 1240 1566 1404 1622; x_wconf 90' lang='lat' dir='ltr'>Dicet</span> <span class='ocrx_word' id='word_1_118' title='bbox 1450 1564 1627 1644; x_wconf 85' lang='lat' dir='ltr'>enim.</span> <span class='ocrx_word' id='word_1_119' title='bbox 1661 1563 1932 1620; x_wconf 87' lang='lat' dir='ltr'>Movebor</span> <span class='ocrx_word' id='word_1_120' title='bbox 1973 1579 2110 1636; x_wconf 89' lang='lat' dir='ltr'>erga</span> 
     </span>
    </p>
   </div>
   <div class='ocr_carea' id='block_1_17' title="bbox 457 1651 2110 1729">
    <p class='ocr_par' dir='ltr' id='par_1_17' title="bbox 457 1651 2110 1729">
     <span class='ocr_line' id='line_1_17' title="bbox 457 1651 2110 1729; baseline -0.004 -16"><span class='ocrx_word' id='word_1_121' title='bbox 457 1663 536 1727; x_wconf 91' lang='lat' dir='ltr'>te,</span> <span class='ocrx_word' id='word_1_122' title='bbox 570 1655 708 1729; x_wconf 87' lang='lat' dir='ltr'>quia</span> <span class='ocrx_word' id='word_1_123' title='bbox 754 1655 836 1712; x_wconf 92' lang='lat' dir='ltr'>ita</span> <span class='ocrx_word' id='word_1_124' title='bbox 877 1655 1180 1712; x_wconf 87' lang='lat' dir='ltr'>tribularis</span> <span class='ocrx_word' id='word_1_125' title='bbox 1221 1653 1420 1710; x_wconf 89' lang='lat' dir='ltr'>desine</span> <span class='ocrx_word' id='word_1_126' title='bbox 1469 1653 1783 1710; x_wconf 85' lang='lat' dir='ltr'>stultitiam</span> <span class='ocrx_word' id='word_1_127' title='bbox 1835 1651 2019 1719; x_wconf 89' lang='lat' dir='ltr'>illam,</span> <span class='ocrx_word' id='word_1_128' title='bbox 2052 1654 2110 1708; x_wconf 92' lang='lat' dir='ltr'>ct</span> 
     </span>
    </p>
   </div>
   <div class='ocr_carea' id='block_1_18' title="bbox 457 1741 2110 1802">
    <p class='ocr_par' dir='ltr' id='par_1_18' title="bbox 457 1741 2110 1802">
     <span class='ocr_line' id='line_1_18' title="bbox 457 1741 2110 1802; baseline -0.003 -1"><span class='ocrx_word' id='word_1_129' title='bbox 457 1751 724 1802; x_wconf 89' lang='lat' dir='ltr'>converte</span> <span class='ocrx_word' id='word_1_130' title='bbox 755 1747 826 1801; x_wconf 90' lang='lat' dir='ltr'>ad</span> <span class='ocrx_word' id='word_1_131' title='bbox 852 1762 945 1802; x_wconf 91' lang='lat' dir='ltr'>me</span> <span class='ocrx_word' id='word_1_132' title='bbox 970 1761 982 1801; x_wconf 90' lang='grc'>;</span> <span class='ocrx_word' id='word_1_133' title='bbox 1007 1744 1262 1801; x_wconf 82' lang='lat' dir='ltr'>exterius</span> <span class='ocrx_word' id='word_1_134' title='bbox 1293 1743 1550 1799; x_wconf 87' lang='lat' dir='ltr'>ostendit</span> <span class='ocrx_word' id='word_1_135' title='bbox 1594 1759 1656 1798; x_wconf 90' lang='lat' dir='ltr'>se</span> <span class='ocrx_word' id='word_1_136' title='bbox 1699 1741 1913 1798; x_wconf 87' lang='lat' dir='ltr'>habere</span> <span class='ocrx_word' id='word_1_137' title='bbox 1945 1741 2110 1797; x_wconf 79' lang='lat' dir='ltr'>atl‘ec-</span> 
     </span>
    </p>
   </div>
   <div class='ocr_carea' id='block_1_19' title="bbox 456 1830 2109 1908">
    <p class='ocr_par' dir='ltr' id='par_1_19' title="bbox 456 1830 2109 1908">
     <span class='ocr_line' id='line_1_19' title="bbox 456 1830 2109 1908; baseline -0.002 -18"><span class='ocrx_word' id='word_1_138' title='bbox 456 1839 582 1892; x_wconf 89' lang='lat' dir='ltr'>tum</span> <span class='ocrx_word' id='word_1_139' title='bbox 614 1851 752 1908; x_wconf 87' lang='lat' dir='ltr'>erga</span> <span class='ocrx_word' id='word_1_140' title='bbox 781 1833 934 1903; x_wconf 90' lang='lat' dir='ltr'>illos,</span> <span class='ocrx_word' id='word_1_141' title='bbox 961 1834 1062 1890; x_wconf 89' lang='lat' dir='ltr'>sed</span> <span class='ocrx_word' id='word_1_142' title='bbox 1104 1832 1352 1889; x_wconf 89' lang='lat' dir='ltr'>interius</span> <span class='ocrx_word' id='word_1_143' title='bbox 1383 1859 1408 1883; x_wconf 75' lang='grc' dir='ltr'>(ι</span> <span class='ocrx_word' id='word_1_144' title='bbox 1441 1830 1772 1899; x_wconf 86' lang='lat' dir='ltr'>insidiatur,</span> <span class='ocrx_word' id='word_1_145' title='bbox 1811 1852 1834 1876; x_wconf 85' lang='grc'>››</span> <span class='ocrx_word' id='word_1_146' title='bbox 1867 1832 1976 1886; x_wconf 91' lang='lat' dir='ltr'>hoc</span> <span class='ocrx_word' id='word_1_147' title='bbox 2019 1834 2109 1886; x_wconf 90' lang='lat' dir='ltr'>est</span> 
     </span>
    </p>
   </div>
   <div class='ocr_carea' id='block_1_20' title="bbox 457 1919 2107 1998">
    <p class='ocr_par' dir='ltr' id='par_1_20' title="bbox 457 1919 2107 1998">
     <span class='ocr_line' id='line_1_20' title="bbox 457 1919 2107 1998; baseline -0.004 -18"><span class='ocrx_word' id='word_1_148' title='bbox 457 1925 613 1998; x_wconf 90' lang='lat' dir='ltr'>quod</span> <span class='ocrx_word' id='word_1_149' title='bbox 643 1923 786 1979; x_wconf 89' lang='lat' dir='ltr'>dicit</span> <span class='ocrx_word' id='word_1_150' title='bbox 810 1943 834 1968; x_wconf 75' lang='grc' dir='ltr'>ιι</span> <span class='ocrx_word' id='word_1_151' title='bbox 867 1923 927 1978; x_wconf 93' lang='lat' dir='ltr'>in</span> <span class='ocrx_word' id='word_1_152' title='bbox 973 1921 1337 1990; x_wconf 83' lang='lat' dir='ltr'>abscondito,</span> <span class='ocrx_word' id='word_1_153' title='bbox 1362 1920 1530 1992; x_wconf 91' lang='lat' dir='ltr'>quasi</span> <span class='ocrx_word' id='word_1_154' title='bbox 1581 1919 1670 1976; x_wconf 92' lang='lat' dir='ltr'>leo</span> <span class='ocrx_word' id='word_1_155' title='bbox 1717 1919 1778 1975; x_wconf 92' lang='lat' dir='ltr'>in</span> <span class='ocrx_word' id='word_1_156' title='bbox 1829 1919 2107 1991; x_wconf 89' lang='lat' dir='ltr'>spelunca</span> 
     </span>
    </p>
   </div>
   <div class='ocr_carea' id='block_1_21' title="bbox 461 2007 2108 2083">
    <p class='ocr_par' dir='ltr' id='par_1_21' title="bbox 461 2007 2108 2083">
     <span class='ocr_line' id='line_1_21' title="bbox 461 2007 2108 2083; baseline -0.001 -18"><span class='ocrx_word' id='word_1_157' title='bbox 461 2039 482 2065; x_wconf 76' lang='grc' dir='ltr'>α</span> <span class='ocrx_word' id='word_1_158' title='bbox 519 2031 647 2082; x_wconf 91' lang='lat' dir='ltr'>sua,</span> <span class='ocrx_word' id='word_1_159' title='bbox 673 2033 697 2056; x_wconf 77' lang='grc' dir='ltr'><strong><em>η</em></strong></span> <span class='ocrx_word' id='word_1_160' title='bbox 730 2011 970 2080; x_wconf 89' lang='lat' dir='ltr'>scilicet,</span> <span class='ocrx_word' id='word_1_161' title='bbox 990 2028 1125 2066; x_wconf 93' lang='lat' dir='ltr'>cum</span> <span class='ocrx_word' id='word_1_162' title='bbox 1156 2015 1457 2083; x_wconf 87' lang='lat' dir='ltr'>comparat</span> <span class='ocrx_word' id='word_1_163' title='bbox 1485 2025 1620 2065; x_wconf 91' lang='lat' dir='ltr'>eum</span> <span class='ocrx_word' id='word_1_164' title='bbox 1650 2007 2108 2077; x_wconf 88' lang='lat' dir='ltr'>leoni,homincs</span> 
     </span>
    </p>
   </div>
   <div class='ocr_carea' id='block_1_22' title="bbox 455 2100 2109 2174">
    <p class='ocr_par' dir='ltr' id='par_1_22' title="bbox 455 2100 2109 2174">
     <span class='ocr_line' id='line_1_22' title="bbox 455 2100 2109 2174; baseline -0.005 -14"><span class='ocrx_word' id='word_1_165' title='bbox 455 2119 590 2161; x_wconf 89' lang='lat' dir='ltr'>eum</span> <span class='ocrx_word' id='word_1_166' title='bbox 620 2119 720 2174; x_wconf 89' lang='lat' dir='ltr'>per</span> <span class='ocrx_word' id='word_1_167' title='bbox 738 2100 1071 2156; x_wconf 86' lang='lat' dir='ltr'>violentiam</span> <span class='ocrx_word' id='word_1_168' title='bbox 1089 2100 1200 2155; x_wconf 85' lang='lat' dir='ltr'>sibi</span> <span class='ocrx_word' id='word_1_169' title='bbox 1224 2100 1516 2156; x_wconf 66' lang='lat' dir='ltr'>adhaerere</span> <span class='ocrx_word' id='word_1_170' title='bbox 1547 2102 1888 2154; x_wconf 87' lang='lat' dir='ltr'>coacturum</span> <span class='ocrx_word' id='word_1_171' title='bbox 1921 2102 2109 2153; x_wconf 89' lang='lat' dir='ltr'>osten-</span> 
     </span>
    </p>
   </div>
   <div class='ocr_carea' id='block_1_23' title="bbox 455 2187 2108 2261">
    <p class='ocr_par' dir='ltr' id='par_1_23' title="bbox 455 2187 2108 2261">
     <span class='ocr_line' id='line_1_23' title="bbox 455 2187 2108 2261; baseline -0.002 -15"><span class='ocrx_word' id='word_1_172' title='bbox 455 2193 560 2247; x_wconf 89' lang='lat' dir='ltr'>dit.</span> <span class='ocrx_word' id='word_1_173' title='bbox 585 2191 730 2246; x_wconf 88' lang='lat' dir='ltr'>Cum</span> <span class='ocrx_word' id='word_1_174' title='bbox 759 2205 892 2244; x_wconf 89' lang='lat' dir='ltr'>vero</span> <span class='ocrx_word' id='word_1_175' title='bbox 913 2188 1074 2256; x_wconf 89' lang='lat' dir='ltr'>dicit,</span> <span class='ocrx_word' id='word_1_176' title='bbox 1108 2188 1166 2242; x_wconf 92' lang='lat' dir='ltr'>in</span> <span class='ocrx_word' id='word_1_177' title='bbox 1189 2187 1486 2261; x_wconf 86' lang='lat' dir='ltr'>spelunca,</span> <span class='ocrx_word' id='word_1_178' title='bbox 1511 2213 1536 2238; x_wconf 85' lang='lat'><strong>»</strong></span> <span class='ocrx_word' id='word_1_179' title='bbox 1563 2187 1760 2243; x_wconf 90' lang='lat' dir='ltr'>dolose</span> <span class='ocrx_word' id='word_1_180' title='bbox 1781 2203 1915 2242; x_wconf 90' lang='lat' dir='ltr'>eum</span> <span class='ocrx_word' id='word_1_181' title='bbox 1939 2201 2108 2258; x_wconf 84' lang='lat' dir='ltr'>agere</span> 
     </span>
    </p>
   </div>
   <div class='ocr_carea' id='block_1_24' title="bbox 454 2279 738 2335">
    <p class='ocr_par' dir='ltr' id='par_1_24' title="bbox 454 2279 738 2335">
     <span class='ocr_line' id='line_1_24' title="bbox 454 2279 738 2335; baseline 0.004 -1"><span class='ocrx_word' id='word_1_182' title='bbox 454 2279 738 2335; x_wconf 88' lang='lat' dir='ltr'>insinuat.</span> 
     </span>
    </p>
   </div>
   <div class='ocr_carea' id='block_1_25' title="bbox 525 2363 2107 2436">
    <p class='ocr_par' dir='ltr' id='par_1_25' title="bbox 525 2363 2107 2436">
     <span class='ocr_line' id='line_1_25' title="bbox 525 2363 2107 2436; baseline -0.004 -11"><span class='ocrx_word' id='word_1_183' title='bbox 525 2371 596 2425; x_wconf 91' lang='lat' dir='ltr'>Et</span> <span class='ocrx_word' id='word_1_184' title='bbox 617 2369 688 2424; x_wconf 88' lang='lat' dir='ltr'>ad</span> <span class='ocrx_word' id='word_1_185' title='bbox 741 2372 850 2424; x_wconf 90' lang='lat' dir='ltr'>hoc</span> <span class='ocrx_word' id='word_1_186' title='bbox 900 2366 1124 2422; x_wconf 90' lang='lat' dir='ltr'>scilicet</span> <span class='ocrx_word' id='word_1_187' title='bbox 1172 2392 1196 2417; x_wconf 78' lang='grc' dir='ltr'><strong>(ι</strong></span> <span class='ocrx_word' id='word_1_188' title='bbox 1243 2365 1574 2435; x_wconf 86' lang='lat' dir='ltr'>insidiatur,</span> <span class='ocrx_word' id='word_1_189' title='bbox 1608 2368 1673 2421; x_wconf 91' lang='lat' dir='ltr'>ut</span> <span class='ocrx_word' id='word_1_190' title='bbox 1719 2363 1907 2436; x_wconf 87' lang='lat' dir='ltr'>rapiat</span> <span class='ocrx_word' id='word_1_191' title='bbox 1957 2381 2107 2436; x_wconf 90' lang='lat' dir='ltr'>pau-</span> 
     </span>
    </p>
   </div>
   <div class='ocr_carea' id='block_1_26' title="bbox 457 2453 2106 2531">
    <p class='ocr_par' dir='ltr' id='par_1_26' title="bbox 457 2453 2106 2531">
     <span class='ocr_line' id='line_1_26' title="bbox 457 2453 2106 2531; baseline -0.004 -17"><span class='ocrx_word' id='word_1_192' title='bbox 457 2474 676 2531; x_wconf 90' lang='lat' dir='ltr'>perem,</span> <span class='ocrx_word' id='word_1_193' title='bbox 712 2481 734 2504; x_wconf 83' lang='lat'>»</span> <span class='ocrx_word' id='word_1_194' title='bbox 765 2461 821 2512; x_wconf 88' lang='lat' dir='ltr'>et</span> <span class='ocrx_word' id='word_1_195' title='bbox 851 2473 923 2512; x_wconf 91' lang='lat' dir='ltr'>ne</span> <span class='ocrx_word' id='word_1_196' title='bbox 955 2457 1221 2528; x_wconf 89' lang='lat' dir='ltr'>rapinam</span> <span class='ocrx_word' id='word_1_197' title='bbox 1254 2471 1486 2528; x_wconf 91' lang='lat' dir='ltr'>semper</span> <span class='ocrx_word' id='word_1_198' title='bbox 1531 2453 1842 2509; x_wconf 87' lang='lat' dir='ltr'>violentam</span> <span class='ocrx_word' id='word_1_199' title='bbox 1893 2453 2106 2509; x_wconf 89' lang='lat' dir='ltr'>intelli-</span> 
     </span>
    </p>
   </div>
   <div class='ocr_carea' id='block_1_27' title="bbox 453 2543 2104 2621">
    <p class='ocr_par' dir='ltr' id='par_1_27' title="bbox 453 2543 2104 2621">
     <span class='ocr_line' id='line_1_27' title="bbox 453 2543 2104 2621; baseline -0.004 -19"><span class='ocrx_word' id='word_1_200' title='bbox 453 2564 687 2621; x_wconf 84' lang='lat' dir='ltr'>gamus,</span> <span class='ocrx_word' id='word_1_201' title='bbox 721 2546 922 2602; x_wconf 84' lang='lat' dir='ltr'>subdit</span> <span class='ocrx_word' id='word_1_202' title='bbox 974 2571 997 2594; x_wconf 83' lang='lat'><strong>«</strong></span> <span class='ocrx_word' id='word_1_203' title='bbox 1048 2561 1251 2617; x_wconf 90' lang='lat' dir='ltr'>rapere</span> <span class='ocrx_word' id='word_1_204' title='bbox 1291 2560 1628 2616; x_wconf 87' lang='lat' dir='ltr'>pauperem,</span> <span class='ocrx_word' id='word_1_205' title='bbox 1665 2564 1688 2588; x_wconf 84' lang='lat'>»</span> <span class='ocrx_word' id='word_1_206' title='bbox 1721 2543 1870 2611; x_wconf 86' lang='lat' dir='ltr'>dico,</span> <span class='ocrx_word' id='word_1_207' title='bbox 1925 2543 2104 2600; x_wconf 90' lang='lat' dir='ltr'>etiam</span> 
     </span>
    </p>
   </div>
   <div class='ocr_carea' id='block_1_28' title="bbox 457 2630 2106 2704">
    <p class='ocr_par' dir='ltr' id='par_1_28' title="bbox 457 2630 2106 2704">
     <span class='ocr_line' id='line_1_28' title="bbox 457 2630 2106 2704; baseline -0.001 -18"><span class='ocrx_word' id='word_1_208' title='bbox 457 2657 484 2686; x_wconf 83' lang='lat'><strong>«</strong></span> <span class='ocrx_word' id='word_1_209' title='bbox 517 2653 652 2692; x_wconf 89' lang='lat' dir='ltr'>cum</span> <span class='ocrx_word' id='word_1_210' title='bbox 685 2635 931 2690; x_wconf 87' lang='lat' dir='ltr'>attrahit</span> <span class='ocrx_word' id='word_1_211' title='bbox 959 2651 1148 2701; x_wconf 76' lang='lat' dir='ltr'>cum,»</span> <span class='ocrx_word' id='word_1_212' title='bbox 1181 2633 1239 2688; x_wconf 92' lang='lat' dir='ltr'>id</span> <span class='ocrx_word' id='word_1_213' title='bbox 1271 2639 1359 2688; x_wconf 90' lang='lat' dir='ltr'>est</span> <span class='ocrx_word' id='word_1_214' title='bbox 1388 2635 1527 2688; x_wconf 89' lang='lat' dir='ltr'>dum</span> <span class='ocrx_word' id='word_1_215' title='bbox 1553 2631 1854 2704; x_wconf 90' lang='lat' dir='ltr'>aliquibus</span> <span class='ocrx_word' id='word_1_216' title='bbox 1884 2630 2106 2686; x_wconf 88' lang='lat' dir='ltr'>blandi-</span> 
     </span>
    </p>
   </div>
   <div class='ocr_carea' id='block_1_29' title="bbox 455 2721 2101 2798">
    <p class='ocr_par' dir='ltr' id='par_1_29' title="bbox 455 2721 2101 2798">
     <span class='ocr_line' id='line_1_29' title="bbox 455 2721 2101 2798; baseline -0.005 -19"><span class='ocrx_word' id='word_1_217' title='bbox 455 2725 552 2781; x_wconf 89' lang='lat' dir='ltr'>tiis</span> <span class='ocrx_word' id='word_1_218' title='bbox 569 2724 796 2780; x_wconf 89' lang='lat' dir='ltr'>seducit</span> <span class='ocrx_word' id='word_1_219' title='bbox 812 2740 968 2798; x_wconf 74' lang='lat' dir='ltr'>eum.</span> <span class='ocrx_word' id='word_1_220' title='bbox 987 2723 1094 2778; x_wconf 90' lang='lat' dir='ltr'>Per</span> <span class='ocrx_word' id='word_1_221' title='bbox 1117 2721 1226 2778; x_wconf 91' lang='lat' dir='ltr'>hoc</span> <span class='ocrx_word' id='word_1_222' title='bbox 1257 2723 1412 2794; x_wconf 89' lang='lat' dir='ltr'>quod</span> <span class='ocrx_word' id='word_1_223' title='bbox 1437 2721 1664 2794; x_wconf 83' lang='lat' dir='ltr'>repetit,</span> <span class='ocrx_word' id='word_1_224' title='bbox 1683 2740 1706 2763; x_wconf 75' lang='grc' dir='ltr'><em>α</em></span> <span class='ocrx_word' id='word_1_225' title='bbox 1731 2721 2101 2789; x_wconf 82' lang='lat' dir='ltr'>insidiatur,»</span> 
     </span>
    </p>
   </div>
   <div class='ocr_carea' id='block_1_30' title="bbox 453 2809 1826 2870">
    <p class='ocr_par' dir='ltr' id='par_1_30' title="bbox 453 2809 1826 2870">
     <span class='ocr_line' id='line_1_30' title="bbox 453 2809 1826 2870; baseline -0.004 -1"><span class='ocrx_word' id='word_1_226' title='bbox 453 2813 708 2870; x_wconf 89' lang='lat' dir='ltr'>ostendit</span> <span class='ocrx_word' id='word_1_227' title='bbox 738 2828 871 2868; x_wconf 90' lang='lat' dir='ltr'>eum</span> <span class='ocrx_word' id='word_1_228' title='bbox 902 2811 1069 2867; x_wconf 86' lang='lat' dir='ltr'>valde</span> <span class='ocrx_word' id='word_1_229' title='bbox 1093 2811 1426 2866; x_wconf 88' lang='lat' dir='ltr'>studiosum</span> <span class='ocrx_word' id='word_1_230' title='bbox 1455 2811 1526 2866; x_wconf 91' lang='lat' dir='ltr'>ad</span> <span class='ocrx_word' id='word_1_231' title='bbox 1560 2809 1826 2865; x_wconf 87' lang='lat' dir='ltr'>insidias.</span> 
     </span>
    </p>
   </div>
   <div class='ocr_carea' id='block_1_31' title="bbox 524 2897 2105 2973">
    <p class='ocr_par' dir='ltr' id='par_1_31' title="bbox 524 2897 2105 2973">
     <span class='ocr_line' id='line_1_31' title="bbox 524 2897 2105 2973; baseline -0.003 -16"><span class='ocrx_word' id='word_1_232' title='bbox 524 2901 846 2958; x_wconf 90' lang='lat' dir='ltr'>lnsidiatur</span> <span class='ocrx_word' id='word_1_233' title='bbox 873 2899 1116 2973; x_wconf 90' lang='lat' dir='ltr'>pauperi</span> <span class='ocrx_word' id='word_1_234' title='bbox 1144 2903 1208 2954; x_wconf 87' lang='lat' dir='ltr'>ut</span> <span class='ocrx_word' id='word_1_235' title='bbox 1229 2899 1439 2972; x_wconf 90' lang='lat' dir='ltr'>rapiat,</span> <span class='ocrx_word' id='word_1_236' title='bbox 1460 2903 1516 2954; x_wconf 90' lang='lat' dir='ltr'>et</span> <span class='ocrx_word' id='word_1_237' title='bbox 1545 2898 1752 2970; x_wconf 87' lang='lat' dir='ltr'>rapiet,</span> <span class='ocrx_word' id='word_1_238' title='bbox 1777 2897 1914 2970; x_wconf 88' lang='lat' dir='ltr'>quia</span> <span class='ocrx_word' id='word_1_239' title='bbox 1946 2925 1969 2949; x_wconf 84' lang='lat'><strong>«</strong></span> <span class='ocrx_word' id='word_1_240' title='bbox 2001 2897 2105 2953; x_wconf 94' lang='lat' dir='ltr'>hu-</span> 
     </span>
    </p>
   </div>
   <div class='ocr_carea' id='block_1_32' title="bbox 455 2986 2100 3056">
    <p class='ocr_par' dir='ltr' id='par_1_32' title="bbox 455 2986 2100 3056">
     <span class='ocr_line' id='line_1_32' title="bbox 455 2986 2100 3056; baseline -0.002 -10"><span class='ocrx_word' id='word_1_241' title='bbox 455 3013 482 3040; x_wconf 90' lang='grc'>‹‹</span> <span class='ocrx_word' id='word_1_242' title='bbox 505 2989 757 3046; x_wconf 88' lang='lat' dir='ltr'>miliabit</span> <span class='ocrx_word' id='word_1_243' title='bbox 785 3005 942 3056; x_wconf 90' lang='lat' dir='ltr'>eum,</span> <span class='ocrx_word' id='word_1_244' title='bbox 973 3006 1001 3035; x_wconf 73' lang='grc' dir='ltr'>ι)</span> <span class='ocrx_word' id='word_1_245' title='bbox 1031 2987 1088 3042; x_wconf 89' lang='lat' dir='ltr'>id</span> <span class='ocrx_word' id='word_1_246' title='bbox 1122 2993 1211 3043; x_wconf 86' lang='lat' dir='ltr'>est</span> <span class='ocrx_word' id='word_1_247' title='bbox 1240 2987 1546 3043; x_wconf 88' lang='lat' dir='ltr'>inclinabit</span> <span class='ocrx_word' id='word_1_248' title='bbox 1573 3005 1708 3042; x_wconf 91' lang='lat' dir='ltr'>eum</span> <span class='ocrx_word' id='word_1_249' title='bbox 1739 2987 1850 3042; x_wconf 88' lang='lat' dir='ltr'>sub</span> <span class='ocrx_word' id='word_1_250' title='bbox 1873 2986 1996 3042; x_wconf 91' lang='lat' dir='ltr'>suis</span> <span class='ocrx_word' id='word_1_251' title='bbox 2021 2987 2100 3043; x_wconf 89' lang='lat' dir='ltr'>le-</span> 
     </span>
    </p>
   </div>
   <div class='ocr_carea' id='block_1_33' title="bbox 451 3075 2096 3150">
    <p class='ocr_par' dir='ltr' id='par_1_33' title="bbox 451 3075 2096 3150">
     <span class='ocr_line' id='line_1_33' title="bbox 451 3075 2096 3150; baseline -0.001 -19"><span class='ocrx_word' id='word_1_252' title='bbox 451 3078 646 3150; x_wconf 86' lang='lat' dir='ltr'>gibus.</span> <span class='ocrx_word' id='word_1_253' title='bbox 684 3099 707 3124; x_wconf 87' lang='lat'><strong>«</strong></span> <span class='ocrx_word' id='word_1_254' title='bbox 738 3078 801 3132; x_wconf 92' lang='lat' dir='ltr'>In</span> <span class='ocrx_word' id='word_1_255' title='bbox 830 3076 1039 3147; x_wconf 89' lang='lat' dir='ltr'>laqueo</span> <span class='ocrx_word' id='word_1_256' title='bbox 1069 3093 1198 3142; x_wconf 91' lang='lat' dir='ltr'>suo,</span> <span class='ocrx_word' id='word_1_257' title='bbox 1228 3103 1251 3126; x_wconf 90' lang='lat'>»</span> <span class='ocrx_word' id='word_1_258' title='bbox 1283 3075 1343 3131; x_wconf 90' lang='lat' dir='ltr'>id</span> <span class='ocrx_word' id='word_1_259' title='bbox 1375 3081 1464 3131; x_wconf 89' lang='lat' dir='ltr'>est</span> <span class='ocrx_word' id='word_1_260' title='bbox 1500 3075 1688 3147; x_wconf 86' lang='lat' dir='ltr'>ipsius</span> <span class='ocrx_word' id='word_1_261' title='bbox 1735 3075 2096 3146; x_wconf 86' lang='lat' dir='ltr'>Antichristi,</span> 
     </span>
    </p>
   </div>
   <div class='ocr_carea' id='block_1_34' title="bbox 452 3164 2092 3238">
    <p class='ocr_par' dir='ltr' id='par_1_34' title="bbox 452 3164 2092 3238">
     <span class='ocr_line' id='line_1_34' title="bbox 452 3164 2092 3238; baseline 0 -18"><span class='ocrx_word' id='word_1_262' title='bbox 452 3167 717 3238; x_wconf 86' lang='lat' dir='ltr'>quandiu</span> <span class='ocrx_word' id='word_1_263' title='bbox 746 3165 878 3220; x_wconf 90' lang='lat' dir='ltr'>aliis</span> <span class='ocrx_word' id='word_1_264' title='bbox 909 3164 1367 3236; x_wconf 88' lang='lat' dir='ltr'>paratlaqueum</span> <span class='ocrx_word' id='word_1_265' title='bbox 1399 3164 1601 3236; x_wconf 90' lang='lat' dir='ltr'>ipsein</span> <span class='ocrx_word' id='word_1_266' title='bbox 1625 3181 1692 3220; x_wconf 92' lang='lat' dir='ltr'>co</span> <span class='ocrx_word' id='word_1_267' title='bbox 1720 3164 2092 3236; x_wconf 87' lang='lat' dir='ltr'>illaqueatur.</span> 
     </span>
    </p>
   </div>
   <div class='ocr_carea' id='block_1_35' title="bbox 2229 587 3882 660">
    <p class='ocr_par' dir='ltr' id='par_1_35' title="bbox 2229 587 3882 660">
     <span class='ocr_line' id='line_1_35' title="bbox 2229 587 3882 660; baseline 0.004 -22"><span class='ocrx_word' id='word_1_268' title='bbox 2229 601 2360 639; x_wconf 89' lang='lat' dir='ltr'>nem</span> <span class='ocrx_word' id='word_1_269' title='bbox 2400 603 2506 641; x_wconf 92' lang='lat' dir='ltr'>nos</span> <span class='ocrx_word' id='word_1_270' title='bbox 2545 587 2823 644; x_wconf 89' lang='lat' dir='ltr'>admonet</span> <span class='ocrx_word' id='word_1_271' title='bbox 2856 603 2868 641; x_wconf 93' lang='lat'>:</span> <span class='ocrx_word' id='word_1_272' title='bbox 2898 604 3032 643; x_wconf 91' lang='lat' dir='ltr'>cum</span> <span class='ocrx_word' id='word_1_273' title='bbox 3078 588 3390 660; x_wconf 87' lang='lat' dir='ltr'>respondet</span> <span class='ocrx_word' id='word_1_274' title='bbox 3437 587 3882 660; x_wconf 86' lang='lat' dir='ltr'>inquirentibus</span> 
     </span>
    </p>
   </div>
   <div class='ocr_carea' id='block_1_36' title="bbox 2227 674 3788 752">
    <p class='ocr_par' dir='ltr' id='par_1_36' title="bbox 2227 674 3788 752">
     <span class='ocr_line' id='line_1_36' title="bbox 2227 674 3788 752; baseline 0.008 -24"><span class='ocrx_word' id='word_1_275' title='bbox 2227 674 2533 730; x_wconf 85' lang='lat' dir='ltr'>satisfacit.</span> <span class='ocrx_word' id='word_1_276' title='bbox 3779 744 3788 752; x_wconf 89' lang='lat'>_</span> 
     </span>
    </p>
   </div>
   <div class='ocr_carea' id='block_1_37' title="bbox 2297 762 3882 838">
    <p class='ocr_par' dir='ltr' id='par_1_37' title="bbox 2297 762 3882 838">
     <span class='ocr_line' id='line_1_37' title="bbox 2297 762 3882 838; baseline 0.004 -20"><span class='ocrx_word' id='word_1_277' title='bbox 2297 763 2426 836; x_wconf 89' lang='lat' dir='ltr'>Ipse</span> <span class='ocrx_word' id='word_1_278' title='bbox 2456 762 2598 820; x_wconf 90' lang='lat' dir='ltr'>dicit</span> <span class='ocrx_word' id='word_1_279' title='bbox 2629 787 2652 811; x_wconf 77' lang='grc' dir='ltr'>α</span> <span class='ocrx_word' id='word_1_280' title='bbox 2685 781 2799 820; x_wconf 91' lang='lat' dir='ltr'>non</span> <span class='ocrx_word' id='word_1_281' title='bbox 2833 765 3090 838; x_wconf 88' lang='lat' dir='ltr'>requiret</span> <span class='ocrx_word' id='word_1_282' title='bbox 3119 793 3144 823; x_wconf 77' lang='grc' dir='ltr'>ι)</span> <span class='ocrx_word' id='word_1_283' title='bbox 3169 767 3272 821; x_wconf 88' lang='lat' dir='ltr'>sed</span> <span class='ocrx_word' id='word_1_284' title='bbox 3303 770 3386 834; x_wconf 88' lang='lat' dir='ltr'>tu,</span> <span class='ocrx_word' id='word_1_285' title='bbox 3406 765 3673 834; x_wconf 91' lang='lat' dir='ltr'>Domine,</span> <span class='ocrx_word' id='word_1_286' title='bbox 3691 767 3882 835; x_wconf 86' lang='lat' dir='ltr'>vides,</span> 
     </span>
    </p>
   </div>
   <div class='ocr_carea' id='block_1_38' title="bbox 2224 845 3884 924">
    <p class='ocr_par' dir='ltr' id='par_1_38' title="bbox 2224 845 3884 924">
     <span class='ocr_line' id='line_1_38' title="bbox 2224 845 3884 924; baseline 0.002 -18"><span class='ocrx_word' id='word_1_287' title='bbox 2224 857 2310 920; x_wconf 89' lang='lat' dir='ltr'>ut,</span> <span class='ocrx_word' id='word_1_288' title='bbox 2340 853 2591 924; x_wconf 85' lang='lat' dir='ltr'>qualiter</span> <span class='ocrx_word' id='word_1_289' title='bbox 2612 874 2640 904; x_wconf 88' lang='lat'><strong><em>«</em></strong></span> <span class='ocrx_word' id='word_1_290' title='bbox 2668 855 2866 909; x_wconf 80' lang='lat' dir='ltr'>tradas</span> <span class='ocrx_word' id='word_1_291' title='bbox 2901 854 2957 908; x_wconf 89' lang='lat' dir='ltr'>in</span> <span class='ocrx_word' id='word_1_292' title='bbox 2994 872 3208 911; x_wconf 87' lang='lat' dir='ltr'>manus</span> <span class='ocrx_word' id='word_1_293' title='bbox 3239 859 3392 924; x_wconf 89' lang='lat' dir='ltr'>tuas,</span> <span class='ocrx_word' id='word_1_294' title='bbox 3423 881 3446 904; x_wconf 87' lang='lat'>»</span> <span class='ocrx_word' id='word_1_295' title='bbox 3481 845 3536 908; x_wconf 82' lang='lat' dir='ltr'>id</span> <span class='ocrx_word' id='word_1_296' title='bbox 3569 860 3661 911; x_wconf 90' lang='lat' dir='ltr'>est</span> <span class='ocrx_word' id='word_1_297' title='bbox 3686 857 3884 912; x_wconf 83' lang='lat' dir='ltr'>vindi-</span> 
     </span>
    </p>
   </div>
   <div class='ocr_carea' id='block_1_39' title="bbox 2223 942 3920 1015">
    <p class='ocr_par' dir='ltr' id='par_1_39' title="bbox 2223 942 3920 1015">
     <span class='ocr_line' id='line_1_39' title="bbox 2223 942 3920 1015; baseline 0.002 -19"><span class='ocrx_word' id='word_1_298' title='bbox 2223 946 2348 997; x_wconf 89' lang='lat' dir='ltr'>ctas</span> <span class='ocrx_word' id='word_1_299' title='bbox 2377 942 2688 998; x_wconf 87' lang='lat' dir='ltr'>tuas.Vcre</span> <span class='ocrx_word' id='word_1_300' title='bbox 2709 943 2868 998; x_wconf 82' lang='lat' dir='ltr'>vides</span> <span class='ocrx_word' id='word_1_301' title='bbox 2890 942 3070 1010; x_wconf 86' lang='lat' dir='ltr'>istud,</span> <span class='ocrx_word' id='word_1_302' title='bbox 3089 942 3226 1014; x_wconf 91' lang='lat' dir='ltr'>quia</span> <span class='ocrx_word' id='word_1_303' title='bbox 3247 960 3352 998; x_wconf 90' lang='lat' dir='ltr'>nec</span> <span class='ocrx_word' id='word_1_304' title='bbox 3375 945 3754 1015; x_wconf 84' lang='lat' dir='ltr'>prolunditas</span> <span class='ocrx_word' id='word_1_305' title='bbox 3785 961 3882 1000; x_wconf 83' lang='lat' dir='ltr'>co-</span> <span class='ocrx_word' id='word_1_306' title='bbox 3915 1009 3920 1013; x_wconf 91' lang='lat'>_</span> 
     </span>
    </p>
   </div>
   <div class='ocr_carea' id='block_1_40' title="bbox 2221 1029 3885 1104">
    <p class='ocr_par' dir='ltr' id='par_1_40' title="bbox 2221 1029 3885 1104">
     <span class='ocr_line' id='line_1_40' title="bbox 2221 1029 3885 1104; baseline 0.005 -22"><span class='ocrx_word' id='word_1_307' title='bbox 2221 1029 2566 1102; x_wconf 85' lang='lat' dir='ltr'>gitatioaum</span> <span class='ocrx_word' id='word_1_308' title='bbox 2597 1031 2738 1086; x_wconf 90' lang='lat' dir='ltr'>latet</span> <span class='ocrx_word' id='word_1_309' title='bbox 2768 1031 2957 1086; x_wconf 90' lang='lat' dir='ltr'>visum</span> <span class='ocrx_word' id='word_1_310' title='bbox 2988 1035 3157 1087; x_wconf 87' lang='lat' dir='ltr'>tuum</span> <span class='ocrx_word' id='word_1_311' title='bbox 3188 1049 3200 1088; x_wconf 93' lang='lat'>:</span> <span class='ocrx_word' id='word_1_312' title='bbox 3234 1032 3422 1087; x_wconf 89' lang='lat' dir='ltr'>ethoc</span> <span class='ocrx_word' id='word_1_313' title='bbox 3443 1037 3533 1088; x_wconf 88' lang='lat' dir='ltr'>est</span> <span class='ocrx_word' id='word_1_314' title='bbox 3555 1034 3712 1104; x_wconf 90' lang='lat' dir='ltr'>quod</span> <span class='ocrx_word' id='word_1_315' title='bbox 3739 1035 3885 1090; x_wconf 85' lang='lat' dir='ltr'>dicit</span> 
     </span>
    </p>
   </div>
   <div class='ocr_carea' id='block_1_41' title="bbox 2225 1119 3886 1192">
    <p class='ocr_par' dir='ltr' id='par_1_41' title="bbox 2225 1119 3886 1192">
     <span class='ocr_line' id='line_1_41' title="bbox 2225 1119 3886 1192; baseline 0.003 -18"><span class='ocrx_word' id='word_1_316' title='bbox 2225 1141 2246 1168; x_wconf 78' lang='grc' dir='ltr'><strong>α</strong></span> <span class='ocrx_word' id='word_1_317' title='bbox 2283 1120 2562 1192; x_wconf 81' lang='lat' dir='ltr'>quoniam</span> <span class='ocrx_word' id='word_1_318' title='bbox 2585 1125 2647 1174; x_wconf 91' lang='lat' dir='ltr'>tu</span> <span class='ocrx_word' id='word_1_319' title='bbox 2667 1121 2999 1176; x_wconf 88' lang='lat' dir='ltr'>consideras</span> <span class='ocrx_word' id='word_1_320' title='bbox 3021 1119 3282 1176; x_wconf 87' lang='lat' dir='ltr'>laborem</span> <span class='ocrx_word' id='word_1_321' title='bbox 3299 1125 3355 1176; x_wconf 89' lang='lat' dir='ltr'>et</span> <span class='ocrx_word' id='word_1_322' title='bbox 3377 1120 3691 1190; x_wconf 81' lang='lat' dir='ltr'>dolorem,»</span> <span class='ocrx_word' id='word_1_323' title='bbox 3715 1122 3778 1176; x_wconf 89' lang='lat' dir='ltr'>id</span> <span class='ocrx_word' id='word_1_324' title='bbox 3796 1127 3886 1179; x_wconf 88' lang='lat' dir='ltr'>est</span> 
     </span>
    </p>
   </div>
   <div class='ocr_carea' id='block_1_42' title="bbox 2220 1209 3879 1287">
    <p class='ocr_par' dir='ltr' id='par_1_42' title="bbox 2220 1209 3879 1287">
     <span class='ocr_line' id='line_1_42' title="bbox 2220 1209 3879 1287; baseline 0.002 -24"><span class='ocrx_word' id='word_1_325' title='bbox 2220 1209 2636 1280; x_wconf 86' lang='lat' dir='ltr'>cogitationem</span> <span class='ocrx_word' id='word_1_326' title='bbox 2668 1209 2740 1264; x_wconf 91' lang='lat' dir='ltr'>de</span> <span class='ocrx_word' id='word_1_327' title='bbox 2789 1209 2988 1287; x_wconf 86' lang='lat' dir='ltr'>dolore</span> <span class='ocrx_word' id='word_1_328' title='bbox 3034 1214 3092 1266; x_wconf 88' lang='lat' dir='ltr'>et</span> <span class='ocrx_word' id='word_1_329' title='bbox 3137 1209 3334 1265; x_wconf 89' lang='lat' dir='ltr'>labore</span> <span class='ocrx_word' id='word_1_330' title='bbox 3385 1209 3690 1266; x_wconf 80' lang='lat' dir='ltr'>inferendo</span> <span class='ocrx_word' id='word_1_331' title='bbox 3723 1211 3879 1268; x_wconf 90' lang='lat' dir='ltr'>aliis.</span> 
     </span>
    </p>
   </div>
   <div class='ocr_carea' id='block_1_43' title="bbox 2220 1297 3884 1372">
    <p class='ocr_par' dir='ltr' id='par_1_43' title="bbox 2220 1297 3884 1372">
     <span class='ocr_line' id='line_1_43' title="bbox 2220 1297 3884 1372; baseline 0.002 -19"><span class='ocrx_word' id='word_1_332' title='bbox 2220 1297 2383 1354; x_wconf 89' lang='lat' dir='ltr'>Unde</span> <span class='ocrx_word' id='word_1_333' title='bbox 2405 1299 2676 1370; x_wconf 85' lang='lat' dir='ltr'>superius</span> <span class='ocrx_word' id='word_1_334' title='bbox 2707 1299 2930 1354; x_wconf 89' lang='lat' dir='ltr'>dictum</span> <span class='ocrx_word' id='word_1_335' title='bbox 2962 1303 3052 1354; x_wconf 87' lang='lat' dir='ltr'>est</span> <span class='ocrx_word' id='word_1_336' title='bbox 3083 1316 3096 1354; x_wconf 92' lang='lat'>:</span> <span class='ocrx_word' id='word_1_337' title='bbox 3133 1299 3254 1356; x_wconf 87' lang='lat' dir='ltr'>Sub</span> <span class='ocrx_word' id='word_1_338' title='bbox 3284 1299 3487 1372; x_wconf 86' lang='lat' dir='ltr'>lingua</span> <span class='ocrx_word' id='word_1_339' title='bbox 3537 1300 3670 1371; x_wconf 86' lang='lat' dir='ltr'>ejus</span> <span class='ocrx_word' id='word_1_340' title='bbox 3715 1299 3884 1357; x_wconf 88' lang='lat' dir='ltr'>labor</span> 
     </span>
    </p>
   </div>
   <div class='ocr_carea' id='block_1_44' title="bbox 2219 1386 2490 1442">
    <p class='ocr_par' dir='ltr' id='par_1_44' title="bbox 2219 1386 2490 1442">
     <span class='ocr_line' id='line_1_44' title="bbox 2219 1386 2490 1442; baseline 0 0"><span class='ocrx_word' id='word_1_341' title='bbox 2219 1389 2276 1442; x_wconf 86' lang='lat' dir='ltr'>et</span> <span class='ocrx_word' id='word_1_342' title='bbox 2305 1386 2490 1442; x_wconf 90' lang='lat' dir='ltr'>dolor.</span> 
     </span>
    </p>
   </div>
   <div class='ocr_carea' id='block_1_45' title="bbox 2289 1475 3877 1550">
    <p class='ocr_par' dir='ltr' id='par_1_45' title="bbox 2289 1475 3877 1550">
     <span class='ocr_line' id='line_1_45' title="bbox 2289 1475 3877 1550; baseline 0 -20"><span class='ocrx_word' id='word_1_343' title='bbox 2289 1475 2441 1531; x_wconf 90' lang='lat' dir='ltr'>Bene</span> <span class='ocrx_word' id='word_1_344' title='bbox 2457 1476 2639 1532; x_wconf 88' lang='lat' dir='ltr'>debes</span> <span class='ocrx_word' id='word_1_345' title='bbox 2655 1494 2753 1533; x_wconf 91' lang='lat' dir='ltr'>eos</span> <span class='ocrx_word' id='word_1_346' title='bbox 2777 1477 3003 1533; x_wconf 87' lang='lat' dir='ltr'>tradere</span> <span class='ocrx_word' id='word_1_347' title='bbox 3023 1475 3084 1532; x_wconf 90' lang='lat' dir='ltr'>in</span> <span class='ocrx_word' id='word_1_348' title='bbox 3106 1493 3318 1533; x_wconf 88' lang='lat' dir='ltr'>manus</span> <span class='ocrx_word' id='word_1_349' title='bbox 3335 1477 3638 1550; x_wconf 89' lang='lat' dir='ltr'>tuas,quia</span> <span class='ocrx_word' id='word_1_350' title='bbox 3660 1495 3683 1520; x_wconf 74' lang='grc' dir='ltr'><strong>(ι</strong></span> <span class='ocrx_word' id='word_1_351' title='bbox 3706 1478 3877 1547; x_wconf 75' lang='lat' dir='ltr'>tibi,»</span> 
     </span>
    </p>
   </div>
   <div class='ocr_carea' id='block_1_46' title="bbox 2216 1563 3882 1638">
    <p class='ocr_par' dir='ltr' id='par_1_46' title="bbox 2216 1563 3882 1638">
     <span class='ocr_line' id='line_1_46' title="bbox 2216 1563 3882 1638; baseline 0.004 -19"><span class='ocrx_word' id='word_1_352' title='bbox 2216 1563 2275 1619; x_wconf 91' lang='lat' dir='ltr'>id</span> <span class='ocrx_word' id='word_1_353' title='bbox 2308 1568 2397 1620; x_wconf 90' lang='lat' dir='ltr'>est</span> <span class='ocrx_word' id='word_1_354' title='bbox 2425 1568 2538 1620; x_wconf 58' lang='lat' dir='ltr'>tua</span> <span class='ocrx_word' id='word_1_355' title='bbox 2569 1565 2848 1621; x_wconf 71' lang='lat' dir='ltr'>custodiae</span> <span class='ocrx_word' id='word_1_356' title='bbox 2881 1581 3144 1638; x_wconf 79' lang='lat' dir='ltr'>«pauper</span> <span class='ocrx_word' id='word_1_357' title='bbox 3171 1564 3485 1622; x_wconf 90' lang='lat' dir='ltr'>derelictus</span> <span class='ocrx_word' id='word_1_358' title='bbox 3515 1571 3624 1635; x_wconf 87' lang='lat' dir='ltr'>est,</span> <span class='ocrx_word' id='word_1_359' title='bbox 3651 1587 3675 1612; x_wconf 71' lang='grc' dir='ltr'><strong>ιι</strong></span> <span class='ocrx_word' id='word_1_360' title='bbox 3710 1567 3772 1623; x_wconf 92' lang='lat' dir='ltr'>id</span> <span class='ocrx_word' id='word_1_361' title='bbox 3793 1574 3882 1625; x_wconf 91' lang='lat' dir='ltr'>est</span> 
     </span>
    </p>
   </div>
   <div class='ocr_carea' id='block_1_47' title="bbox 2217 1651 3880 1728">
    <p class='ocr_par' dir='ltr' id='par_1_47' title="bbox 2217 1651 3880 1728">
     <span class='ocr_line' id='line_1_47' title="bbox 2217 1651 3880 1728; baseline 0.003 -20"><span class='ocrx_word' id='word_1_362' title='bbox 2217 1653 2278 1708; x_wconf 91' lang='lat' dir='ltr'>in</span> <span class='ocrx_word' id='word_1_363' title='bbox 2303 1651 2464 1708; x_wconf 92' lang='lat' dir='ltr'>nullo</span> <span class='ocrx_word' id='word_1_364' title='bbox 2487 1653 2600 1710; x_wconf 91' lang='lat' dir='ltr'>alio</span> <span class='ocrx_word' id='word_1_365' title='bbox 2624 1653 2888 1719; x_wconf 81' lang='lat' dir='ltr'>confidit,</span> <span class='ocrx_word' id='word_1_366' title='bbox 2911 1653 3024 1710; x_wconf 91' lang='lat' dir='ltr'>nisi</span> <span class='ocrx_word' id='word_1_367' title='bbox 3044 1653 3102 1708; x_wconf 92' lang='lat' dir='ltr'>in</span> <span class='ocrx_word' id='word_1_368' title='bbox 3127 1658 3181 1710; x_wconf 91' lang='lat' dir='ltr'>te</span> <span class='ocrx_word' id='word_1_369' title='bbox 3203 1653 3348 1722; x_wconf 89' lang='lat' dir='ltr'>solo,</span> <span class='ocrx_word' id='word_1_370' title='bbox 3373 1658 3431 1710; x_wconf 89' lang='lat' dir='ltr'>ct</span> <span class='ocrx_word' id='word_1_371' title='bbox 3459 1671 3688 1728; x_wconf 89' lang='lat' dir='ltr'>pauper</span> <span class='ocrx_word' id='word_1_372' title='bbox 3719 1657 3880 1714; x_wconf 85' lang='lat' dir='ltr'>dere-</span> 
     </span>
    </p>
   </div>
   <div class='ocr_carea' id='block_1_48' title="bbox 2216 1741 3876 1816">
    <p class='ocr_par' dir='ltr' id='par_1_48' title="bbox 2216 1741 3876 1816">
     <span class='ocr_line' id='line_1_48' title="bbox 2216 1741 3876 1816; baseline 0.003 -19"><span class='ocrx_word' id='word_1_373' title='bbox 2216 1742 2393 1798; x_wconf 90' lang='lat' dir='ltr'>lictus</span> <span class='ocrx_word' id='word_1_374' title='bbox 2422 1741 2527 1798; x_wconf 89' lang='lat' dir='ltr'>tibi</span> <span class='ocrx_word' id='word_1_375' title='bbox 2553 1760 2666 1798; x_wconf 90' lang='lat' dir='ltr'>non</span> <span class='ocrx_word' id='word_1_376' title='bbox 2690 1743 3092 1810; x_wconf 81' lang='lat' dir='ltr'>frustrabitur,</span> <span class='ocrx_word' id='word_1_377' title='bbox 3109 1743 3248 1814; x_wconf 88' lang='lat' dir='ltr'>quia</span> <span class='ocrx_word' id='word_1_378' title='bbox 3271 1763 3298 1788; x_wconf 78' lang='grc' dir='ltr'>«ι</span> <span class='ocrx_word' id='word_1_379' title='bbox 3319 1747 3383 1800; x_wconf 91' lang='lat' dir='ltr'>tu</span> <span class='ocrx_word' id='word_1_380' title='bbox 3415 1743 3530 1800; x_wconf 88' lang='lat' dir='ltr'>eris</span> <span class='ocrx_word' id='word_1_381' title='bbox 3561 1745 3824 1816; x_wconf 87' lang='lat' dir='ltr'>adjutor,</span> <span class='ocrx_word' id='word_1_382' title='bbox 3848 1767 3876 1797; x_wconf 75' lang='grc' dir='ltr'>»ι</span> 
     </span>
    </p>
   </div>
   <div class='ocr_carea' id='block_1_49' title="bbox 2217 1831 3880 1906">
    <p class='ocr_par' dir='ltr' id='par_1_49' title="bbox 2217 1831 3880 1906">
     <span class='ocr_line' id='line_1_49' title="bbox 2217 1831 3880 1906; baseline 0.002 -20"><span class='ocrx_word' id='word_1_383' title='bbox 2217 1831 2276 1886; x_wconf 90' lang='lat' dir='ltr'>id</span> <span class='ocrx_word' id='word_1_384' title='bbox 2307 1835 2396 1886; x_wconf 89' lang='lat' dir='ltr'>est</span> <span class='ocrx_word' id='word_1_385' title='bbox 2427 1831 2520 1887; x_wconf 91' lang='lat' dir='ltr'>cui</span> <span class='ocrx_word' id='word_1_386' title='bbox 2551 1836 2824 1888; x_wconf 89' lang='lat' dir='ltr'>mortuus</span> <span class='ocrx_word' id='word_1_387' title='bbox 2856 1836 2945 1888; x_wconf 90' lang='lat' dir='ltr'>est</span> <span class='ocrx_word' id='word_1_388' title='bbox 2967 1831 3334 1902; x_wconf 88' lang='lat' dir='ltr'>diabolus,id</span> <span class='ocrx_word' id='word_1_389' title='bbox 3365 1835 3457 1889; x_wconf 88' lang='lat' dir='ltr'>est</span> <span class='ocrx_word' id='word_1_390' title='bbox 3483 1837 3653 1906; x_wconf 90' lang='lat' dir='ltr'>pater</span> <span class='ocrx_word' id='word_1_391' title='bbox 3670 1838 3732 1890; x_wconf 89' lang='lat' dir='ltr'>et</span> <span class='ocrx_word' id='word_1_392' title='bbox 3753 1851 3880 1890; x_wconf 86' lang='lat' dir='ltr'>ma-</span> 
     </span>
    </p>
   </div>
   <div class='ocr_carea' id='block_1_50' title="bbox 2218 1920 3882 1993">
    <p class='ocr_par' dir='ltr' id='par_1_50' title="bbox 2218 1920 3882 1993">
     <span class='ocr_line' id='line_1_50' title="bbox 2218 1920 3882 1993; baseline 0.004 -19"><span class='ocrx_word' id='word_1_393' title='bbox 2218 1923 2326 1989; x_wconf 88' lang='lat' dir='ltr'>ter,</span> <span class='ocrx_word' id='word_1_394' title='bbox 2359 1921 2582 1976; x_wconf 88' lang='lat' dir='ltr'>scilicet</span> <span class='ocrx_word' id='word_1_395' title='bbox 2610 1920 2880 1993; x_wconf 89' lang='lat' dir='ltr'>voluptas</span> <span class='ocrx_word' id='word_1_396' title='bbox 2911 1921 3120 1976; x_wconf 89' lang='lat' dir='ltr'>carnis.</span> <span class='ocrx_word' id='word_1_397' title='bbox 3157 1920 3436 1978; x_wconf 90' lang='lat' dir='ltr'>Diabolus</span> <span class='ocrx_word' id='word_1_398' title='bbox 3479 1921 3611 1980; x_wconf 89' lang='lat' dir='ltr'>ideo</span> <span class='ocrx_word' id='word_1_399' title='bbox 3657 1923 3882 1980; x_wconf 90' lang='lat' dir='ltr'>dicitur</span> 
     </span>
    </p>
   </div>
   <div class='ocr_carea' id='block_1_51' title="bbox 2216 2009 3882 2084">
    <p class='ocr_par' dir='ltr' id='par_1_51' title="bbox 2216 2009 3882 2084">
     <span class='ocr_line' id='line_1_51' title="bbox 2216 2009 3882 2084; baseline 0.004 -20"><span class='ocrx_word' id='word_1_400' title='bbox 2216 2013 2398 2080; x_wconf 87' lang='lat' dir='ltr'>pater,</span> <span class='ocrx_word' id='word_1_401' title='bbox 2429 2009 2567 2081; x_wconf 88' lang='lat' dir='ltr'>quia</span> <span class='ocrx_word' id='word_1_402' title='bbox 2595 2026 2800 2066; x_wconf 90' lang='lat' dir='ltr'>omnes</span> <span class='ocrx_word' id='word_1_403' title='bbox 2839 2009 3108 2065; x_wconf 89' lang='lat' dir='ltr'>homines</span> <span class='ocrx_word' id='word_1_404' title='bbox 3139 2009 3424 2066; x_wconf 88' lang='lat' dir='ltr'>animales</span> <span class='ocrx_word' id='word_1_405' title='bbox 3455 2010 3515 2066; x_wconf 91' lang='lat' dir='ltr'>in</span> <span class='ocrx_word' id='word_1_406' title='bbox 3547 2017 3792 2084; x_wconf 87' lang='lat' dir='ltr'>peccato</span> <span class='ocrx_word' id='word_1_407' title='bbox 3821 2017 3882 2070; x_wconf 91' lang='lat' dir='ltr'>et</span> 
     </span>
    </p>
   </div>
   <div class='ocr_carea' id='block_1_52' title="bbox 2215 2097 3882 2173">
    <p class='ocr_par' dir='ltr' id='par_1_52' title="bbox 2215 2097 3882 2173">
     <span class='ocr_line' id='line_1_52' title="bbox 2215 2097 3882 2173; baseline 0.004 -21"><span class='ocrx_word' id='word_1_408' title='bbox 2215 2103 2570 2168; x_wconf 85' lang='lat' dir='ltr'>generantur</span> <span class='ocrx_word' id='word_1_409' title='bbox 2590 2103 2645 2153; x_wconf 89' lang='lat' dir='ltr'>et</span> <span class='ocrx_word' id='word_1_410' title='bbox 2666 2102 3012 2154; x_wconf 88' lang='lat' dir='ltr'>nascuntur.</span> <span class='ocrx_word' id='word_1_411' title='bbox 3027 2097 3310 2171; x_wconf 88' lang='lat' dir='ltr'>Voluptas</span> <span class='ocrx_word' id='word_1_412' title='bbox 3333 2099 3460 2154; x_wconf 89' lang='lat' dir='ltr'>ideo</span> <span class='ocrx_word' id='word_1_413' title='bbox 3484 2105 3707 2156; x_wconf 86' lang='lat' dir='ltr'>mater:</span> <span class='ocrx_word' id='word_1_414' title='bbox 3735 2102 3882 2173; x_wconf 84' lang='lat' dir='ltr'>quia</span> 
     </span>
    </p>
   </div>
   <div class='ocr_carea' id='block_1_53' title="bbox 2216 2185 3882 2261">
    <p class='ocr_par' dir='ltr' id='par_1_53' title="bbox 2216 2185 3882 2261">
     <span class='ocr_line' id='line_1_53' title="bbox 2216 2185 3882 2261; baseline 0.002 -19"><span class='ocrx_word' id='word_1_415' title='bbox 2216 2185 2369 2242; x_wconf 88' lang='lat' dir='ltr'>sicut</span> <span class='ocrx_word' id='word_1_416' title='bbox 2384 2191 2572 2242; x_wconf 88' lang='lat' dir='ltr'>mater</span> <span class='ocrx_word' id='word_1_417' title='bbox 2589 2187 2780 2261; x_wconf 87' lang='lat' dir='ltr'>gignit</span> <span class='ocrx_word' id='word_1_418' title='bbox 2798 2187 3156 2260; x_wconf 88' lang='lat' dir='ltr'>puerum,ita</span> <span class='ocrx_word' id='word_1_419' title='bbox 3177 2187 3370 2244; x_wconf 91' lang='lat' dir='ltr'>carnis</span> <span class='ocrx_word' id='word_1_420' title='bbox 3391 2187 3663 2260; x_wconf 86' lang='lat' dir='ltr'>voluptas</span> <span class='ocrx_word' id='word_1_421' title='bbox 3687 2191 3882 2246; x_wconf 84' lang='lat' dir='ltr'>nutrit</span> 
     </span>
    </p>
   </div>
   <div class='ocr_carea' id='block_1_54' title="bbox 2216 2275 2486 2330">
    <p class='ocr_par' dir='ltr' id='par_1_54' title="bbox 2216 2275 2486 2330">
     <span class='ocr_line' id='line_1_54' title="bbox 2216 2275 2486 2330; baseline 0 0"><span class='ocrx_word' id='word_1_422' title='bbox 2216 2275 2486 2330; x_wconf 86' lang='lat' dir='ltr'>stultum.</span> 
     </span>
    </p>
   </div>
   <div class='ocr_carea' id='block_1_55' title="bbox 2286 2363 3874 2437">
    <p class='ocr_par' dir='ltr' id='par_1_55' title="bbox 2286 2363 3874 2437">
     <span class='ocr_line' id='line_1_55' title="bbox 2286 2363 3874 2437; baseline -0.001 -17"><span class='ocrx_word' id='word_1_423' title='bbox 2286 2365 2432 2432; x_wconf 87' lang='lat' dir='ltr'>Quia</span> <span class='ocrx_word' id='word_1_424' title='bbox 2459 2364 2567 2419; x_wconf 87' lang='lat' dir='ltr'>tibi</span> <span class='ocrx_word' id='word_1_425' title='bbox 2597 2369 2686 2420; x_wconf 90' lang='lat' dir='ltr'>est</span> <span class='ocrx_word' id='word_1_426' title='bbox 2714 2382 2937 2437; x_wconf 90' lang='lat' dir='ltr'>pauper</span> <span class='ocrx_word' id='word_1_427' title='bbox 2965 2363 3298 2434; x_wconf 87' lang='lat' dir='ltr'>derelictus,</span> <span class='ocrx_word' id='word_1_428' title='bbox 3331 2365 3462 2422; x_wconf 91' lang='lat' dir='ltr'>idco</span> <span class='ocrx_word' id='word_1_429' title='bbox 3495 2388 3519 2412; x_wconf 79' lang='grc' dir='ltr'>α</span> <span class='ocrx_word' id='word_1_430' title='bbox 3550 2371 3810 2434; x_wconf 88' lang='lat' dir='ltr'>contere,</span> <span class='ocrx_word' id='word_1_431' title='bbox 3844 2390 3874 2418; x_wconf 70' lang='grc' dir='ltr'>»δ</span> 
     </span>
    </p>
   </div>
   <div class='ocr_carea' id='block_1_56' title="bbox 2215 2453 3880 2512">
    <p class='ocr_par' dir='ltr' id='par_1_56' title="bbox 2215 2453 3880 2512">
     <span class='ocr_line' id='line_1_56' title="bbox 2215 2453 3880 2512; baseline 0.002 -4"><span class='ocrx_word' id='word_1_432' title='bbox 2215 2454 2275 2509; x_wconf 93' lang='lat' dir='ltr'>id</span> <span class='ocrx_word' id='word_1_433' title='bbox 2307 2459 2396 2510; x_wconf 88' lang='lat' dir='ltr'>est</span> <span class='ocrx_word' id='word_1_434' title='bbox 2424 2453 2687 2510; x_wconf 89' lang='lat' dir='ltr'>annihlla</span> <span class='ocrx_word' id='word_1_435' title='bbox 2715 2475 2738 2498; x_wconf 75' lang='grc' dir='ltr'>ιι</span> <span class='ocrx_word' id='word_1_436' title='bbox 2771 2453 3078 2509; x_wconf 88' lang='lat' dir='ltr'>brachium</span> <span class='ocrx_word' id='word_1_437' title='bbox 3112 2483 3136 2506; x_wconf 84' lang='lat'>»</span> <span class='ocrx_word' id='word_1_438' title='bbox 3168 2453 3225 2510; x_wconf 90' lang='lat' dir='ltr'>id</span> <span class='ocrx_word' id='word_1_439' title='bbox 3253 2457 3342 2510; x_wconf 90' lang='lat' dir='ltr'>est</span> <span class='ocrx_word' id='word_1_440' title='bbox 3371 2455 3782 2512; x_wconf 85' lang='lat' dir='ltr'>fortitudinem</span> <span class='ocrx_word' id='word_1_441' title='bbox 3816 2460 3880 2512; x_wconf 89' lang='lat' dir='ltr'>et</span> 
     </span>
    </p>
   </div>
   <div class='ocr_carea' id='block_1_57' title="bbox 2215 2541 3880 2617">
    <p class='ocr_par' dir='ltr' id='par_1_57' title="bbox 2215 2541 3880 2617">
     <span class='ocr_line' id='line_1_57' title="bbox 2215 2541 3880 2617; baseline 0.001 -19"><span class='ocrx_word' id='word_1_442' title='bbox 2215 2543 2536 2614; x_wconf 87' lang='lat' dir='ltr'>potentiam</span> <span class='ocrx_word' id='word_1_443' title='bbox 2561 2560 2586 2585; x_wconf 75' lang='grc' dir='ltr'>α</span> <span class='ocrx_word' id='word_1_444' title='bbox 2609 2541 2930 2614; x_wconf 87' lang='lat' dir='ltr'>peccatoris</span> <span class='ocrx_word' id='word_1_445' title='bbox 2962 2565 2986 2589; x_wconf 87' lang='lat'><strong>»</strong></span> <span class='ocrx_word' id='word_1_446' title='bbox 3011 2543 3070 2598; x_wconf 92' lang='lat' dir='ltr'>in</span> <span class='ocrx_word' id='word_1_447' title='bbox 3093 2547 3226 2598; x_wconf 88' lang='lat' dir='ltr'>actu</span> <span class='ocrx_word' id='word_1_448' title='bbox 3261 2567 3288 2598; x_wconf 85' lang='grc'>‹‹</span> <span class='ocrx_word' id='word_1_449' title='bbox 3307 2547 3364 2598; x_wconf 91' lang='lat' dir='ltr'>et</span> <span class='ocrx_word' id='word_1_450' title='bbox 3392 2543 3633 2617; x_wconf 88' lang='lat' dir='ltr'>maligni</span> <span class='ocrx_word' id='word_1_451' title='bbox 3653 2565 3678 2586; x_wconf 77' lang='grc' dir='ltr'>ι»</span> <span class='ocrx_word' id='word_1_452' title='bbox 3698 2544 3761 2600; x_wconf 90' lang='lat' dir='ltr'>in</span> <span class='ocrx_word' id='word_1_453' title='bbox 3781 2561 3880 2600; x_wconf 82' lang='lat' dir='ltr'>vo-</span> 
     </span>
    </p>
   </div>
   <div class='ocr_carea' id='block_1_58' title="bbox 2215 2631 3881 2706">
    <p class='ocr_par' dir='ltr' id='par_1_58' title="bbox 2215 2631 3881 2706">
     <span class='ocr_line' id='line_1_58' title="bbox 2215 2631 3881 2706; baseline 0.001 -20"><span class='ocrx_word' id='word_1_454' title='bbox 2215 2631 2461 2697; x_wconf 88' lang='lat' dir='ltr'>luntate,</span> <span class='ocrx_word' id='word_1_455' title='bbox 2477 2636 2535 2686; x_wconf 89' lang='lat' dir='ltr'>et</span> <span class='ocrx_word' id='word_1_456' title='bbox 2547 2631 2673 2702; x_wconf 91' lang='lat' dir='ltr'>jam</span> <span class='ocrx_word' id='word_1_457' title='bbox 2697 2635 2934 2703; x_wconf 87' lang='lat' dir='ltr'>tempus</span> <span class='ocrx_word' id='word_1_458' title='bbox 2955 2636 3045 2687; x_wconf 89' lang='lat' dir='ltr'>est</span> <span class='ocrx_word' id='word_1_459' title='bbox 3074 2636 3139 2686; x_wconf 91' lang='lat' dir='ltr'>ut</span> <span class='ocrx_word' id='word_1_460' title='bbox 3158 2632 3501 2698; x_wconf 82' lang='lat' dir='ltr'>destruatur</span> <span class='ocrx_word' id='word_1_461' title='bbox 3521 2635 3649 2704; x_wconf 88' lang='lat' dir='ltr'>ejus</span> <span class='ocrx_word' id='word_1_462' title='bbox 3675 2638 3881 2706; x_wconf 85' lang='lat' dir='ltr'>poten-</span> 
     </span>
    </p>
   </div>
   <div class='ocr_carea' id='block_1_59' title="bbox 2213 2718 3878 2791">
    <p class='ocr_par' dir='ltr' id='par_1_59' title="bbox 2213 2718 3878 2791">
     <span class='ocr_line' id='line_1_59' title="bbox 2213 2718 3878 2791; baseline 0.002 -17"><span class='ocrx_word' id='word_1_463' title='bbox 2213 2720 2295 2774; x_wconf 88' lang='lat' dir='ltr'>tia</span> <span class='ocrx_word' id='word_1_464' title='bbox 2319 2737 2332 2774; x_wconf 90' lang='lat'>:</span> <span class='ocrx_word' id='word_1_465' title='bbox 2359 2719 2498 2791; x_wconf 86' lang='lat' dir='ltr'>quia</span> <span class='ocrx_word' id='word_1_466' title='bbox 2517 2725 2576 2774; x_wconf 91' lang='lat' dir='ltr'>et</span> <span class='ocrx_word' id='word_1_467' title='bbox 2595 2719 2756 2774; x_wconf 92' lang='lat' dir='ltr'>illius</span> <span class='ocrx_word' id='word_1_468' title='bbox 2778 2718 3040 2791; x_wconf 89' lang='lat' dir='ltr'>nequitia</span> <span class='ocrx_word' id='word_1_469' title='bbox 3056 2724 3144 2775; x_wconf 90' lang='lat' dir='ltr'>est</span> <span class='ocrx_word' id='word_1_470' title='bbox 3165 2725 3660 2789; x_wconf 89' lang='lat' dir='ltr'>consummata,et</span> <span class='ocrx_word' id='word_1_471' title='bbox 3681 2721 3878 2778; x_wconf 89' lang='lat' dir='ltr'>Eccle-</span> 
     </span>
    </p>
   </div>
   <div class='ocr_carea' id='block_1_60' title="bbox 2214 2807 3874 2882">
    <p class='ocr_par' dir='ltr' id='par_1_60' title="bbox 2214 2807 3874 2882">
     <span class='ocr_line' id='line_1_60' title="bbox 2214 2807 3874 2882; baseline 0.001 -17"><span class='ocrx_word' id='word_1_472' title='bbox 2214 2807 2303 2865; x_wconf 85' lang='lat' dir='ltr'>sia</span> <span class='ocrx_word' id='word_1_473' title='bbox 2325 2807 2482 2863; x_wconf 91' lang='lat' dir='ltr'>illius</span> <span class='ocrx_word' id='word_1_474' title='bbox 2513 2807 2916 2880; x_wconf 88' lang='lat' dir='ltr'>persecutione</span> <span class='ocrx_word' id='word_1_475' title='bbox 2942 2812 3221 2881; x_wconf 87' lang='lat' dir='ltr'>purgata;</span> <span class='ocrx_word' id='word_1_476' title='bbox 3247 2809 3430 2865; x_wconf 88' lang='lat' dir='ltr'>ethoc</span> <span class='ocrx_word' id='word_1_477' title='bbox 3446 2811 3702 2882; x_wconf 89' lang='lat' dir='ltr'>estquod</span> <span class='ocrx_word' id='word_1_478' title='bbox 3727 2812 3874 2866; x_wconf 89' lang='lat' dir='ltr'>sub-</span> 
     </span>
    </p>
   </div>
   <div class='ocr_carea' id='block_1_61' title="bbox 2213 2895 3875 2970">
    <p class='ocr_par' dir='ltr' id='par_1_61' title="bbox 2213 2895 3875 2970">
     <span class='ocr_line' id='line_1_61' title="bbox 2213 2895 3875 2970; baseline 0.002 -19"><span class='ocrx_word' id='word_1_479' title='bbox 2213 2895 2336 2952; x_wconf 89' lang='lat' dir='ltr'>dit:</span> <span class='ocrx_word' id='word_1_480' title='bbox 2367 2919 2391 2944; x_wconf 88' lang='lat'>«</span> <span class='ocrx_word' id='word_1_481' title='bbox 2414 2901 2707 2969; x_wconf 76' lang='lat' dir='ltr'>quaeretur</span> <span class='ocrx_word' id='word_1_482' title='bbox 2741 2901 3044 2968; x_wconf 86' lang='lat' dir='ltr'>peccatum</span> <span class='ocrx_word' id='word_1_483' title='bbox 3069 2918 3090 2940; x_wconf 76' lang='grc' dir='ltr'>»ι</span> <span class='ocrx_word' id='word_1_484' title='bbox 3115 2915 3406 2969; x_wconf 89' lang='lat' dir='ltr'>ponamus</span> <span class='ocrx_word' id='word_1_485' title='bbox 3452 2901 3519 2954; x_wconf 87' lang='lat' dir='ltr'>ut</span> <span class='ocrx_word' id='word_1_486' title='bbox 3567 2905 3875 2970; x_wconf 67' lang='lat' dir='ltr'>quaeratur</span> 
     </span>
    </p>
   </div>
   <div class='ocr_carea' id='block_1_62' title="bbox 2212 2985 3867 3059">
    <p class='ocr_par' dir='ltr' id='par_1_62' title="bbox 2212 2985 3867 3059">
     <span class='ocr_line' id='line_1_62' title="bbox 2212 2985 3867 3059; baseline 0.003 -18"><span class='ocrx_word' id='word_1_487' title='bbox 2212 3003 2386 3058; x_wconf 91' lang='lat' dir='ltr'>quem</span> <span class='ocrx_word' id='word_1_488' title='bbox 2417 2986 2610 3042; x_wconf 90' lang='lat' dir='ltr'>locum</span> <span class='ocrx_word' id='word_1_489' title='bbox 2631 2985 2843 3042; x_wconf 87' lang='lat' dir='ltr'>habeat</span> <span class='ocrx_word' id='word_1_490' title='bbox 2861 2985 2921 3041; x_wconf 90' lang='lat' dir='ltr'>in</span> <span class='ocrx_word' id='word_1_491' title='bbox 2943 2985 3202 3042; x_wconf 88' lang='lat' dir='ltr'>Ecclesia</span> <span class='ocrx_word' id='word_1_492' title='bbox 3219 2991 3522 3059; x_wconf 90' lang='lat' dir='ltr'>peccatum</span> <span class='ocrx_word' id='word_1_493' title='bbox 3561 2987 3723 3044; x_wconf 90' lang='lat' dir='ltr'>illius</span> <span class='ocrx_word' id='word_1_494' title='bbox 3747 3008 3772 3032; x_wconf 74' lang='grc' dir='ltr'>α</span> <span class='ocrx_word' id='word_1_495' title='bbox 3805 2995 3867 3046; x_wconf 88' lang='lat' dir='ltr'>et</span> 
     </span>
    </p>
   </div>
   <div class='ocr_carea' id='block_1_63' title="bbox 2209 3074 3866 3148">
    <p class='ocr_par' dir='ltr' id='par_1_63' title="bbox 2209 3074 3866 3148">
     <span class='ocr_line' id='line_1_63' title="bbox 2209 3074 3866 3148; baseline 0.004 -20"><span class='ocrx_word' id='word_1_496' title='bbox 2209 3092 2326 3130; x_wconf 89' lang='lat' dir='ltr'>non</span> <span class='ocrx_word' id='word_1_497' title='bbox 2358 3075 2686 3130; x_wconf 87' lang='lat' dir='ltr'>invenietur</span> <span class='ocrx_word' id='word_1_498' title='bbox 2708 3093 2732 3116; x_wconf 84' lang='lat'><strong>»</strong></span> <span class='ocrx_word' id='word_1_499' title='bbox 2753 3075 2917 3130; x_wconf 91' lang='lat' dir='ltr'>locus</span> <span class='ocrx_word' id='word_1_500' title='bbox 2939 3074 3126 3146; x_wconf 88' lang='lat' dir='ltr'>ipsius</span> <span class='ocrx_word' id='word_1_501' title='bbox 3143 3075 3381 3148; x_wconf 88' lang='lat' dir='ltr'>peccati.</span> <span class='ocrx_word' id='word_1_502' title='bbox 3399 3075 3504 3132; x_wconf 90' lang='lat' dir='ltr'>Ubi</span> <span class='ocrx_word' id='word_1_503' title='bbox 3529 3077 3688 3132; x_wconf 89' lang='lat' dir='ltr'>enim</span> <span class='ocrx_word' id='word_1_504' title='bbox 3712 3079 3866 3134; x_wconf 87' lang='lat' dir='ltr'>nihil</span> 
     </span>
    </p>
   </div>
   <div class='ocr_carea' id='block_1_64' title="bbox 2209 3163 3787 3236">
    <p class='ocr_par' dir='ltr' id='par_1_64' title="bbox 2209 3163 3787 3236">
     <span class='ocr_line' id='line_1_64' title="bbox 2209 3163 3787 3236; baseline 0.004 -19"><span class='ocrx_word' id='word_1_505' title='bbox 2209 3167 2392 3218; x_wconf 86' lang='lat' dir='ltr'>restat</span> <span class='ocrx_word' id='word_1_506' title='bbox 2421 3164 2815 3236; x_wconf 89' lang='lat' dir='ltr'>purgandum,</span> <span class='ocrx_word' id='word_1_507' title='bbox 2850 3163 2929 3218; x_wconf 91' lang='lat' dir='ltr'>ibi</span> <span class='ocrx_word' id='word_1_508' title='bbox 2961 3163 3180 3236; x_wconf 90' lang='lat' dir='ltr'>impius</span> <span class='ocrx_word' id='word_1_509' title='bbox 3211 3181 3326 3220; x_wconf 92' lang='lat' dir='ltr'>non</span> <span class='ocrx_word' id='word_1_510' title='bbox 3357 3165 3536 3220; x_wconf 90' lang='lat' dir='ltr'>habet</span> <span class='ocrx_word' id='word_1_511' title='bbox 3565 3165 3787 3222; x_wconf 90' lang='lat' dir='ltr'>locum.</span> 
     </span>
    </p>
   </div>
   <div class='ocr_carea' id='block_1_65' title="bbox 456 3229 3867 3323">
    <p class='ocr_par' dir='ltr' id='par_1_65' title="bbox 456 3229 3867 3323">
     <span class='ocr_line' id='line_1_65' title="bbox 456 3229 3867 3323; baseline 0.002 -18"><span class='ocrx_word' id='word_1_512' title='bbox 456 3229 488 3305; x_wconf 62' lang='grc' dir='ltr'><em>ξ</em></span> <span class='ocrx_word' id='word_1_513' title='bbox 517 3252 827 3310; x_wconf 87' lang='lat' dir='ltr'>Inclinabit</span> <span class='ocrx_word' id='word_1_514' title='bbox 857 3229 938 3319; x_wconf 70' lang='lat' dir='ltr'>se,</span> <span class='ocrx_word' id='word_1_515' title='bbox 964 3279 988 3303; x_wconf 84' lang='lat'>»</span> <span class='ocrx_word' id='word_1_516' title='bbox 1021 3251 1080 3306; x_wconf 91' lang='lat' dir='ltr'>id</span> <span class='ocrx_word' id='word_1_517' title='bbox 1110 3229 1199 3307; x_wconf 73' lang='lat' dir='ltr'>est</span> <span class='ocrx_word' id='word_1_518' title='bbox 1227 3229 1508 3323; x_wconf 80' lang='lat' dir='ltr'>paulatim</span> <span class='ocrx_word' id='word_1_519' title='bbox 1541 3229 1859 3308; x_wconf 73' lang='lat' dir='ltr'>descendet</span> <span class='ocrx_word' id='word_1_520' title='bbox 1881 3253 1952 3306; x_wconf 90' lang='lat' dir='ltr'>ad</span> <span class='ocrx_word' id='word_1_521' title='bbox 1983 3254 2096 3308; x_wconf 88' lang='lat' dir='ltr'>rui-</span> <span class='ocrx_word' id='word_1_522' title='bbox 2123 3229 2168 3299; x_wconf 66' lang='grc' dir='ltr'>ε</span> <span class='ocrx_word' id='word_1_523' title='bbox 2279 3229 2590 3306; x_wconf 71' lang='lat' dir='ltr'>Brachium</span> <span class='ocrx_word' id='word_1_524' title='bbox 2620 3251 2778 3308; x_wconf 88' lang='lat' dir='ltr'>illius</span> <span class='ocrx_word' id='word_1_525' title='bbox 2799 3229 3130 3308; x_wconf 67' lang='lat' dir='ltr'>conteretur</span> <span class='ocrx_word' id='word_1_526' title='bbox 3160 3273 3183 3298; x_wconf 75' lang='grc' dir='ltr'>ιι</span> <span class='ocrx_word' id='word_1_527' title='bbox 3217 3253 3502 3310; x_wconf 89' lang='lat' dir='ltr'>Dominus</span> <span class='ocrx_word' id='word_1_528' title='bbox 3533 3260 3732 3311; x_wconf 89' lang='lat' dir='ltr'>autem</span> <span class='ocrx_word' id='word_1_529' title='bbox 3768 3273 3867 3313; x_wconf 86' lang='lat' dir='ltr'>re—</span> 
     </span>
    </p>
   </div>
   <div class='ocr_carea' id='block_1_66' title="bbox 452 3337 2099 3413">
    <p class='ocr_par' dir='ltr' id='par_1_66' title="bbox 452 3337 2099 3413">
     <span class='ocr_line' id='line_1_66' title="bbox 452 3337 2099 3413; baseline 0 -16"><span class='ocrx_word' id='word_1_530' title='bbox 452 3359 590 3397; x_wconf 89' lang='lat' dir='ltr'>nam</span> <span class='ocrx_word' id='word_1_531' title='bbox 624 3359 637 3397; x_wconf 93' lang='lat'>:</span> <span class='ocrx_word' id='word_1_532' title='bbox 672 3344 891 3412; x_wconf 89' lang='lat' dir='ltr'>quanto</span> <span class='ocrx_word' id='word_1_533' title='bbox 921 3339 1079 3396; x_wconf 92' lang='lat' dir='ltr'>enim</span> <span class='ocrx_word' id='word_1_534' title='bbox 1103 3339 1292 3411; x_wconf 90' lang='lat' dir='ltr'>magis</span> <span class='ocrx_word' id='word_1_535' title='bbox 1321 3337 1470 3396; x_wconf 84' lang='lat' dir='ltr'>alios</span> <span class='ocrx_word' id='word_1_536' title='bbox 1501 3339 1764 3408; x_wconf 88' lang='lat' dir='ltr'>tribulat,</span> <span class='ocrx_word' id='word_1_537' title='bbox 1791 3345 1950 3396; x_wconf 89' lang='lat' dir='ltr'>tanto</span> <span class='ocrx_word' id='word_1_538' title='bbox 1971 3359 2099 3413; x_wconf 90' lang='lat' dir='ltr'>pro-</span> 
     </span>
    </p>
   </div>
   <div class='ocr_carea' id='block_1_67' title="bbox 451 3427 2100 3501">
    <p class='ocr_par' dir='ltr' id='par_1_67' title="bbox 451 3427 2100 3501">
     <span class='ocr_line' id='line_1_67' title="bbox 451 3427 2100 3501; baseline 0.002 -18"><span class='ocrx_word' id='word_1_539' title='bbox 451 3431 580 3501; x_wconf 90' lang='lat' dir='ltr'>pior</span> <span class='ocrx_word' id='word_1_540' title='bbox 609 3429 734 3501; x_wconf 89' lang='lat' dir='ltr'>ipse</span> <span class='ocrx_word' id='word_1_541' title='bbox 764 3432 854 3483; x_wconf 89' lang='lat' dir='ltr'>est</span> <span class='ocrx_word' id='word_1_542' title='bbox 883 3427 1085 3495; x_wconf 62' lang='lat' dir='ltr'>ruinae,</span> <span class='ocrx_word' id='word_1_543' title='bbox 1110 3445 1134 3470; x_wconf 87' lang='lat'><strong>«</strong></span> <span class='ocrx_word' id='word_1_544' title='bbox 1159 3432 1215 3482; x_wconf 91' lang='lat' dir='ltr'>et</span> <span class='ocrx_word' id='word_1_545' title='bbox 1244 3428 1428 3495; x_wconf 89' lang='lat' dir='ltr'>cadet,</span> <span class='ocrx_word' id='word_1_546' title='bbox 1455 3428 1592 3500; x_wconf 90' lang='lat' dir='ltr'>quia</span> <span class='ocrx_word' id='word_1_547' title='bbox 1612 3428 1894 3486; x_wconf 90' lang='lat' dir='ltr'>Dominus</span> <span class='ocrx_word' id='word_1_548' title='bbox 1925 3429 2100 3488; x_wconf 90' lang='lat' dir='ltr'>inter-</span> 
     </span>
    </p>
   </div>
   <div class='ocr_carea' id='block_1_68' title="bbox 451 3515 2099 3588">
    <p class='ocr_par' dir='ltr' id='par_1_68' title="bbox 451 3515 2099 3588">
     <span class='ocr_line' id='line_1_68' title="bbox 451 3515 2099 3588; baseline 0.002 -16"><span class='ocrx_word' id='word_1_549' title='bbox 451 3517 610 3574; x_wconf 85' lang='lat' dir='ltr'>ﬁciet</span> <span class='ocrx_word' id='word_1_550' title='bbox 637 3534 770 3573; x_wconf 91' lang='lat' dir='ltr'>eum</span> <span class='ocrx_word' id='word_1_551' title='bbox 805 3515 1016 3588; x_wconf 89' lang='lat' dir='ltr'>spiritu</span> <span class='ocrx_word' id='word_1_552' title='bbox 1050 3517 1168 3572; x_wconf 89' lang='lat' dir='ltr'>oris</span> <span class='ocrx_word' id='word_1_553' title='bbox 1218 3515 1331 3585; x_wconf 87' lang='lat' dir='ltr'>sui,</span> <span class='ocrx_word' id='word_1_554' title='bbox 1365 3519 1467 3572; x_wconf 89' lang='lat' dir='ltr'>sed</span> <span class='ocrx_word' id='word_1_555' title='bbox 1499 3524 1624 3572; x_wconf 88' lang='lat' dir='ltr'>tum</span> <span class='ocrx_word' id='word_1_556' title='bbox 1663 3518 1900 3574; x_wconf 89' lang='lat' dir='ltr'>tandem</span> <span class='ocrx_word' id='word_1_557' title='bbox 1931 3520 2099 3576; x_wconf 90' lang='lat' dir='ltr'>cadet</span> 
     </span>
    </p>
   </div>
   <div class='ocr_carea' id='block_1_69' title="bbox 454 3605 2096 3680">
    <p class='ocr_par' dir='ltr' id='par_1_69' title="bbox 454 3605 2096 3680">
     <span class='ocr_line' id='line_1_69' title="bbox 454 3605 2096 3680; baseline 0.004 -24"><span class='ocrx_word' id='word_1_558' title='bbox 454 3628 483 3657; x_wconf 82' lang='lat'><strong>«</strong></span> <span class='ocrx_word' id='word_1_559' title='bbox 513 3623 648 3662; x_wconf 91' lang='lat' dir='ltr'>cum</span> <span class='ocrx_word' id='word_1_560' title='bbox 685 3605 1024 3663; x_wconf 89' lang='lat' dir='ltr'>dominatus</span> <span class='ocrx_word' id='word_1_561' title='bbox 1071 3605 1246 3662; x_wconf 80' lang='lat' dir='ltr'>fuerit</span> <span class='ocrx_word' id='word_1_562' title='bbox 1302 3623 1651 3679; x_wconf 87' lang='lat' dir='ltr'>pauperum,</span> <span class='ocrx_word' id='word_1_563' title='bbox 1703 3637 1728 3662; x_wconf 83' lang='grc'>››</span> <span class='ocrx_word' id='word_1_564' title='bbox 1780 3625 1928 3680; x_wconf 88' lang='lat' dir='ltr'>quos</span> <span class='ocrx_word' id='word_1_565' title='bbox 1983 3607 2096 3665; x_wconf 90' lang='lat' dir='ltr'>sibi</span> 
     </span>
    </p>
   </div>
   <div class='ocr_carea' id='block_1_70' title="bbox 451 3695 1402 3775">
    <p class='ocr_par' dir='ltr' id='par_1_70' title="bbox 451 3695 1402 3775">
     <span class='ocr_line' id='line_1_70' title="bbox 451 3695 1402 3775; baseline -0.008 -23"><span class='ocrx_word' id='word_1_566' title='bbox 451 3695 746 3768; x_wconf 80' lang='lat' dir='ltr'>subjiciat.</span> <span class='ocrx_word' id='word_1_567' title='bbox 1378 3763 1402 3775; x_wconf 25' lang='grc' dir='ltr'>κ</span> 
     </span>
    </p>
   </div>
   <div class='ocr_carea' id='block_1_71' title="bbox 519 3785 2101 3854">
    <p class='ocr_par' dir='ltr' id='par_1_71' title="bbox 519 3785 2101 3854">
     <span class='ocr_line' id='line_1_71' title="bbox 519 3785 2101 3854; baseline 0 -12"><span class='ocrx_word' id='word_1_568' title='bbox 519 3787 590 3842; x_wconf 89' lang='lat' dir='ltr'>Et</span> <span class='ocrx_word' id='word_1_569' title='bbox 620 3785 830 3842; x_wconf 88' lang='lat' dir='ltr'>merito</span> <span class='ocrx_word' id='word_1_570' title='bbox 851 3787 1038 3842; x_wconf 88' lang='lat' dir='ltr'>cadet.</span> <span class='ocrx_word' id='word_1_571' title='bbox 1061 3785 1258 3854; x_wconf 72' lang='lat' dir='ltr'>«Dixit</span> <span class='ocrx_word' id='word_1_572' title='bbox 1285 3785 1442 3840; x_wconf 90' lang='lat' dir='ltr'>enim</span> <span class='ocrx_word' id='word_1_573' title='bbox 1465 3785 1524 3840; x_wconf 92' lang='lat' dir='ltr'>in</span> <span class='ocrx_word' id='word_1_574' title='bbox 1545 3786 1717 3841; x_wconf 88' lang='lat' dir='ltr'>corde</span> <span class='ocrx_word' id='word_1_575' title='bbox 1747 3803 1906 3854; x_wconf 77' lang='lat' dir='ltr'>suo,»</span> <span class='ocrx_word' id='word_1_576' title='bbox 1933 3787 1988 3841; x_wconf 91' lang='lat' dir='ltr'>id</span> <span class='ocrx_word' id='word_1_577' title='bbox 2010 3790 2101 3843; x_wconf 86' lang='lat' dir='ltr'>est</span> 
     </span>
    </p>
   </div>
   <div class='ocr_carea' id='block_1_72' title="bbox 447 3874 2098 3950">
    <p class='ocr_par' dir='ltr' id='par_1_72' title="bbox 447 3874 2098 3950">
     <span class='ocr_line' id='line_1_72' title="bbox 447 3874 2098 3950; baseline 0.001 -20"><span class='ocrx_word' id='word_1_578' title='bbox 447 3875 717 3932; x_wconf 87' lang='lat' dir='ltr'>tractavit</span> <span class='ocrx_word' id='word_1_579' title='bbox 737 3874 795 3930; x_wconf 92' lang='lat' dir='ltr'>in</span> <span class='ocrx_word' id='word_1_580' title='bbox 828 3875 999 3930; x_wconf 91' lang='lat' dir='ltr'>corde</span> <span class='ocrx_word' id='word_1_581' title='bbox 1033 3893 1046 3930; x_wconf 90' lang='lat'>:</span> <span class='ocrx_word' id='word_1_582' title='bbox 1073 3876 1211 3948; x_wconf 89' lang='lat' dir='ltr'>quia</span> <span class='ocrx_word' id='word_1_583' title='bbox 1240 3875 1393 3932; x_wconf 89' lang='lat' dir='ltr'>sicut</span> <span class='ocrx_word' id='word_1_584' title='bbox 1424 3875 1588 3944; x_wconf 85' lang='lat' dir='ltr'>dixit,</span> <span class='ocrx_word' id='word_1_585' title='bbox 1604 3893 1804 3932; x_wconf 88' lang='lat' dir='ltr'>verum</span> <span class='ocrx_word' id='word_1_586' title='bbox 1835 3894 1962 3934; x_wconf 89' lang='lat' dir='ltr'>esse</span> <span class='ocrx_word' id='word_1_587' title='bbox 1985 3895 2098 3950; x_wconf 90' lang='lat' dir='ltr'>pu-</span> 
     </span>
    </p>
   </div>
   <div class='ocr_carea' id='block_1_73' title="bbox 447 3953 2096 4034">
    <p class='ocr_par' dir='ltr' id='par_1_73' title="bbox 447 3953 2096 4034">
     <span class='ocr_line' id='line_1_73' title="bbox 447 3953 2096 4034; baseline 0.004 -16"><span class='ocrx_word' id='word_1_588' title='bbox 447 3965 622 4020; x_wconf 88' lang='lat' dir='ltr'>tavit:</span> <span class='ocrx_word' id='word_1_589' title='bbox 649 3986 673 4010; x_wconf 86' lang='grc'>‹‹</span> <span class='ocrx_word' id='word_1_590' title='bbox 695 3963 926 4019; x_wconf 88' lang='lat' dir='ltr'>Oblitus</span> <span class='ocrx_word' id='word_1_591' title='bbox 941 3968 1028 4018; x_wconf 89' lang='lat' dir='ltr'>cst</span> <span class='ocrx_word' id='word_1_592' title='bbox 1043 3965 1198 4020; x_wconf 91' lang='lat' dir='ltr'>Deus</span> <span class='ocrx_word' id='word_1_593' title='bbox 1219 3986 1241 4008; x_wconf 82' lang='grc'><strong>››</strong></span> <span class='ocrx_word' id='word_1_594' title='bbox 1262 3953 1589 4034; x_wconf 80' lang='lat' dir='ltr'>suorum,ct</span> <span class='ocrx_word' id='word_1_595' title='bbox 1619 3985 1642 4008; x_wconf 83' lang='lat'><strong>«</strong></span> <span class='ocrx_word' id='word_1_596' title='bbox 1665 3967 1869 4022; x_wconf 84' lang='lat' dir='ltr'>avertit</span> <span class='ocrx_word' id='word_1_597' title='bbox 1890 3968 2096 4024; x_wconf 82' lang='lat' dir='ltr'>faciem</span> 
     </span>
    </p>
   </div>
   <div class='ocr_carea' id='block_1_74' title="bbox 449 4051 2090 4125">
    <p class='ocr_par' dir='ltr' id='par_1_74' title="bbox 449 4051 2090 4125">
     <span class='ocr_line' id='line_1_74' title="bbox 449 4051 2090 4125; baseline 0.004 -19"><span class='ocrx_word' id='word_1_598' title='bbox 449 4067 638 4118; x_wconf 88' lang='lat' dir='ltr'>suam,</span> <span class='ocrx_word' id='word_1_599' title='bbox 677 4079 698 4104; x_wconf 75' lang='grc' dir='ltr'><strong>η</strong></span> <span class='ocrx_word' id='word_1_600' title='bbox 750 4051 809 4105; x_wconf 90' lang='lat' dir='ltr'>id</span> <span class='ocrx_word' id='word_1_601' title='bbox 858 4055 947 4106; x_wconf 91' lang='lat' dir='ltr'>est</span> <span class='ocrx_word' id='word_1_602' title='bbox 997 4055 1367 4122; x_wconf 66' lang='lat' dir='ltr'>praesentiam</span> <span class='ocrx_word' id='word_1_603' title='bbox 1417 4072 1586 4112; x_wconf 90' lang='lat' dir='ltr'>suam</span> <span class='ocrx_word' id='word_1_604' title='bbox 1644 4085 1666 4108; x_wconf 83' lang='grc'>‹‹</span> <span class='ocrx_word' id='word_1_605' title='bbox 1701 4073 1772 4112; x_wconf 90' lang='lat' dir='ltr'>nc</span> <span class='ocrx_word' id='word_1_606' title='bbox 1821 4057 2031 4125; x_wconf 88' lang='lat' dir='ltr'>videat,</span> <span class='ocrx_word' id='word_1_607' title='bbox 2070 4080 2090 4107; x_wconf 81' lang='grc' dir='ltr'>ιι</span> 
     </span>
    </p>
   </div>
   <div class='ocr_carea' id='block_1_75' title="bbox 449 4138 2096 4212">
    <p class='ocr_par' dir='ltr' id='par_1_75' title="bbox 449 4138 2096 4212">
     <span class='ocr_line' id='line_1_75' title="bbox 449 4138 2096 4212; baseline 0.006 -20"><span class='ocrx_word' id='word_1_608' title='bbox 449 4155 626 4210; x_wconf 88' lang='lat' dir='ltr'>opera</span> <span class='ocrx_word' id='word_1_609' title='bbox 654 4155 782 4208; x_wconf 68' lang='lat' dir='ltr'>quae</span> <span class='ocrx_word' id='word_1_610' title='bbox 813 4155 919 4210; x_wconf 89' lang='lat' dir='ltr'>ego</span> <span class='ocrx_word' id='word_1_611' title='bbox 950 4138 1118 4206; x_wconf 82' lang='lat' dir='ltr'>facio,</span> <span class='ocrx_word' id='word_1_612' title='bbox 1153 4143 1452 4212; x_wconf 89' lang='lat' dir='ltr'>puniendo</span> <span class='ocrx_word' id='word_1_613' title='bbox 1485 4161 1604 4212; x_wconf 89' lang='lat' dir='ltr'>eos,</span> <span class='ocrx_word' id='word_1_614' title='bbox 1638 4163 1744 4201; x_wconf 90' lang='lat' dir='ltr'>nec</span> <span class='ocrx_word' id='word_1_615' title='bbox 1783 4146 1958 4202; x_wconf 90' lang='lat' dir='ltr'>etiam</span> <span class='ocrx_word' id='word_1_616' title='bbox 1989 4167 2012 4190; x_wconf 85' lang='lat'><strong>«</strong></span> <span class='ocrx_word' id='word_1_617' title='bbox 2036 4145 2096 4202; x_wconf 89' lang='lat' dir='ltr'>in</span> 
     </span>
    </p>
   </div>
   <div class='ocr_carea' id='block_1_76' title="bbox 448 4226 2098 4293">
    <p class='ocr_par' dir='ltr' id='par_1_76' title="bbox 448 4226 2098 4293">
     <span class='ocr_line' id='line_1_76' title="bbox 448 4226 2098 4293; baseline 0.006 -13"><span class='ocrx_word' id='word_1_618' title='bbox 448 4226 648 4293; x_wconf 86' lang='lat' dir='ltr'>ﬁnem,</span> <span class='ocrx_word' id='word_1_619' title='bbox 683 4246 706 4270; x_wconf 91' lang='lat'><strong>»</strong></span> <span class='ocrx_word' id='word_1_620' title='bbox 739 4226 797 4281; x_wconf 92' lang='lat' dir='ltr'>id</span> <span class='ocrx_word' id='word_1_621' title='bbox 829 4232 918 4281; x_wconf 89' lang='lat' dir='ltr'>est</span> <span class='ocrx_word' id='word_1_622' title='bbox 949 4243 1054 4281; x_wconf 90' lang='lat' dir='ltr'>nec</span> <span class='ocrx_word' id='word_1_623' title='bbox 1102 4227 1162 4282; x_wconf 90' lang='lat' dir='ltr'>in</span> <span class='ocrx_word' id='word_1_624' title='bbox 1211 4229 1319 4285; x_wconf 90' lang='lat' dir='ltr'>hac</span> <span class='ocrx_word' id='word_1_625' title='bbox 1366 4232 1485 4286; x_wconf 89' lang='lat' dir='ltr'>vita</span> <span class='ocrx_word' id='word_1_626' title='bbox 1527 4249 1632 4288; x_wconf 87' lang='lat' dir='ltr'>nec</span> <span class='ocrx_word' id='word_1_627' title='bbox 1663 4233 1722 4288; x_wconf 92' lang='lat' dir='ltr'>in</span> <span class='ocrx_word' id='word_1_628' title='bbox 1764 4234 1980 4290; x_wconf 80' lang='lat' dir='ltr'>futura.</span> <span class='ocrx_word' id='word_1_629' title='bbox 2005 4235 2098 4290; x_wconf 81' lang='lat' dir='ltr'>Vi-</span> 
     </span>
    </p>
   </div>
   <div class='ocr_carea' id='block_1_77' title="bbox 448 4314 2096 4394">
    <p class='ocr_par' dir='ltr' id='par_1_77' title="bbox 448 4314 2096 4394">
     <span class='ocr_line' id='line_1_77' title="bbox 448 4314 2096 4394; baseline 0.006 -25"><span class='ocrx_word' id='word_1_630' title='bbox 448 4315 592 4371; x_wconf 88' lang='lat' dir='ltr'>dens</span> <span class='ocrx_word' id='word_1_631' title='bbox 622 4314 912 4386; x_wconf 86' lang='lat' dir='ltr'>Propheta</span> <span class='ocrx_word' id='word_1_632' title='bbox 941 4315 1209 4372; x_wconf 88' lang='lat' dir='ltr'>homines</span> <span class='ocrx_word' id='word_1_633' title='bbox 1240 4319 1465 4374; x_wconf 88' lang='lat' dir='ltr'>futuros</span> <span class='ocrx_word' id='word_1_634' title='bbox 1513 4321 1573 4375; x_wconf 92' lang='lat' dir='ltr'>in</span> <span class='ocrx_word' id='word_1_635' title='bbox 1623 4326 1884 4394; x_wconf 88' lang='lat' dir='ltr'>tempore</span> <span class='ocrx_word' id='word_1_636' title='bbox 1925 4325 2096 4379; x_wconf 89' lang='lat' dir='ltr'>Anti-</span> 
     </span>
    </p>
   </div>
   <div class='ocr_carea' id='block_1_78' title="bbox 449 4403 2098 4482">
    <p class='ocr_par' dir='ltr' id='par_1_78' title="bbox 449 4403 2098 4482">
     <span class='ocr_line' id='line_1_78' title="bbox 449 4403 2098 4482; baseline 0.006 -24"><span class='ocrx_word' id='word_1_637' title='bbox 449 4403 808 4477; x_wconf 73' lang='lat' dir='ltr'>christi,prze</span> <span class='ocrx_word' id='word_1_638' title='bbox 840 4403 1022 4460; x_wconf 91' lang='lat' dir='ltr'>nimio</span> <span class='ocrx_word' id='word_1_639' title='bbox 1041 4405 1419 4462; x_wconf 90' lang='lat' dir='ltr'>tribulatione</span> <span class='ocrx_word' id='word_1_640' title='bbox 1451 4413 1697 4464; x_wconf 88' lang='lat' dir='ltr'>mortem</span> <span class='ocrx_word' id='word_1_641' title='bbox 1721 4413 2098 4482; x_wconf 86' lang='lat' dir='ltr'>cxpetere,in-</span> 
     </span>
    </p>
   </div>
   <div class='ocr_carea' id='block_1_79' title="bbox 449 4487 2092 4568">
    <p class='ocr_par' dir='ltr' id='par_1_79' title="bbox 449 4487 2092 4568">
     <span class='ocr_line' id='line_1_79' title="bbox 449 4487 2092 4568; baseline 0.005 -20"><span class='ocrx_word' id='word_1_642' title='bbox 449 4487 670 4551; x_wconf 86' lang='lat' dir='ltr'>ducens</span> <span class='ocrx_word' id='word_1_643' title='bbox 700 4511 1010 4566; x_wconf 89' lang='lat' dir='ltr'>personam</span> <span class='ocrx_word' id='word_1_644' title='bbox 1031 4511 1233 4550; x_wconf 88' lang='lat' dir='ltr'>eorum</span> <span class='ocrx_word' id='word_1_645' title='bbox 1274 4500 1545 4568; x_wconf 89' lang='lat' dir='ltr'>precatur</span> <span class='ocrx_word' id='word_1_646' title='bbox 1574 4499 1846 4566; x_wconf 86' lang='lat' dir='ltr'>ﬁnem,et</span> <span class='ocrx_word' id='word_1_647' title='bbox 1885 4518 2092 4556; x_wconf 87' lang='lat' dir='ltr'>secun-</span> 
     </span>
    </p>
   </div>
   <div class='ocr_carea' id='block_1_80' title="bbox 2204 3339 3864 3412">
    <p class='ocr_par' dir='ltr' id='par_1_80' title="bbox 2204 3339 3864 3412">
     <span class='ocr_line' id='line_1_80' title="bbox 2204 3339 3864 3412; baseline 0.004 -18"><span class='ocrx_word' id='word_1_648' title='bbox 2204 3340 2411 3412; x_wconf 91' lang='lat' dir='ltr'>gnabit</span> <span class='ocrx_word' id='word_1_649' title='bbox 2439 3339 2498 3394; x_wconf 92' lang='lat' dir='ltr'>in</span> <span class='ocrx_word' id='word_1_650' title='bbox 2531 3344 2814 3396; x_wconf 61' lang='lat' dir='ltr'>aeternum</span> <span class='ocrx_word' id='word_1_651' title='bbox 2845 3371 2870 3395; x_wconf 85' lang='lat'>»</span> <span class='ocrx_word' id='word_1_652' title='bbox 2903 3345 2958 3395; x_wconf 89' lang='lat' dir='ltr'>et</span> <span class='ocrx_word' id='word_1_653' title='bbox 2990 3341 3074 3396; x_wconf 90' lang='lat' dir='ltr'>sic</span> <span class='ocrx_word' id='word_1_654' title='bbox 3105 3341 3235 3398; x_wconf 90' lang='lat' dir='ltr'>dico</span> <span class='ocrx_word' id='word_1_655' title='bbox 3269 3341 3328 3396; x_wconf 91' lang='lat' dir='ltr'>in</span> <span class='ocrx_word' id='word_1_656' title='bbox 3359 3345 3644 3398; x_wconf 66' lang='lat' dir='ltr'>aeternum</span> <span class='ocrx_word' id='word_1_657' title='bbox 3671 3349 3740 3400; x_wconf 89' lang='lat' dir='ltr'>ut</span> <span class='ocrx_word' id='word_1_658' title='bbox 3770 3344 3864 3400; x_wconf 90' lang='lat' dir='ltr'>in-</span> 
     </span>
    </p>
   </div>
   <div class='ocr_carea' id='block_1_81' title="bbox 2203 3427 3864 3504">
    <p class='ocr_par' dir='ltr' id='par_1_81' title="bbox 2203 3427 3864 3504">
     <span class='ocr_line' id='line_1_81' title="bbox 2203 3427 3864 3504; baseline 0.004 -20"><span class='ocrx_word' id='word_1_659' title='bbox 2203 3427 2504 3502; x_wconf 87' lang='lat' dir='ltr'>telligatur</span> <span class='ocrx_word' id='word_1_660' title='bbox 2525 3429 2624 3483; x_wconf 79' lang='lat' dir='ltr'>«in</span> <span class='ocrx_word' id='word_1_661' title='bbox 2647 3428 2927 3485; x_wconf 78' lang='lat' dir='ltr'>sacculum</span> <span class='ocrx_word' id='word_1_662' title='bbox 2945 3429 3141 3485; x_wconf 67' lang='lat' dir='ltr'>saeculi</span> <span class='ocrx_word' id='word_1_663' title='bbox 3156 3449 3179 3474; x_wconf 82' lang='lat'>»</span> <span class='ocrx_word' id='word_1_664' title='bbox 3193 3434 3250 3486; x_wconf 91' lang='lat' dir='ltr'>et</span> <span class='ocrx_word' id='word_1_665' title='bbox 3270 3447 3342 3487; x_wconf 91' lang='lat' dir='ltr'>ne</span> <span class='ocrx_word' id='word_1_666' title='bbox 3362 3435 3565 3503; x_wconf 90' lang='lat' dir='ltr'>gentes</span> <span class='ocrx_word' id='word_1_667' title='bbox 3577 3431 3864 3504; x_wconf 89' lang='lat' dir='ltr'>dicerent,</span> 
     </span>
    </p>
   </div>
   <div class='ocr_carea' id='block_1_82' title="bbox 2205 3517 3869 3594">
    <p class='ocr_par' dir='ltr' id='par_1_82' title="bbox 2205 3517 3869 3594">
     <span class='ocr_line' id='line_1_82' title="bbox 2205 3517 3869 3594; baseline 0.003 -20"><span class='ocrx_word' id='word_1_668' title='bbox 2205 3521 2264 3574; x_wconf 92' lang='lat' dir='ltr'>ct</span> <span class='ocrx_word' id='word_1_669' title='bbox 2283 3535 2390 3574; x_wconf 87' lang='lat' dir='ltr'>nos</span> <span class='ocrx_word' id='word_1_670' title='bbox 2411 3535 2548 3574; x_wconf 90' lang='lat' dir='ltr'>cum</span> <span class='ocrx_word' id='word_1_671' title='bbox 2571 3535 2658 3588; x_wconf 89' lang='lat' dir='ltr'>eo,</span> <span class='ocrx_word' id='word_1_672' title='bbox 2678 3517 2880 3575; x_wconf 89' lang='lat' dir='ltr'>subdit</span> <span class='ocrx_word' id='word_1_673' title='bbox 2904 3535 2928 3560; x_wconf 78' lang='grc' dir='ltr'>ιι</span> <span class='ocrx_word' id='word_1_674' title='bbox 2945 3536 3067 3586; x_wconf 91' lang='lat' dir='ltr'>vos,</span> <span class='ocrx_word' id='word_1_675' title='bbox 3087 3523 3311 3592; x_wconf 88' lang='lat' dir='ltr'>gentes,</span> <span class='ocrx_word' id='word_1_676' title='bbox 3327 3521 3592 3594; x_wconf 88' lang='lat' dir='ltr'>peribitis</span> <span class='ocrx_word' id='word_1_677' title='bbox 3617 3521 3692 3578; x_wconf 89' lang='lat' dir='ltr'>de</span> <span class='ocrx_word' id='word_1_678' title='bbox 3705 3525 3869 3580; x_wconf 88' lang='lat' dir='ltr'>terra</span> 
     </span>
    </p>
   </div>
   <div class='ocr_carea' id='block_1_83' title="bbox 2205 3606 3566 3679">
    <p class='ocr_par' dir='ltr' id='par_1_83' title="bbox 2205 3606 3566 3679">
     <span class='ocr_line' id='line_1_83' title="bbox 2205 3606 3566 3679; baseline 0.002 -16"><span class='ocrx_word' id='word_1_679' title='bbox 2205 3607 2364 3663; x_wconf 89' lang='lat' dir='ltr'>illius</span> <span class='ocrx_word' id='word_1_680' title='bbox 2391 3634 2414 3658; x_wconf 87' lang='grc'><strong>))</strong></span> <span class='ocrx_word' id='word_1_681' title='bbox 2447 3607 2656 3664; x_wconf 90' lang='lat' dir='ltr'>remoti</span> <span class='ocrx_word' id='word_1_682' title='bbox 2689 3606 2932 3679; x_wconf 86' lang='lat' dir='ltr'>scilicet,</span> <span class='ocrx_word' id='word_1_683' title='bbox 2955 3607 3025 3662; x_wconf 91' lang='lat' dir='ltr'>de</span> <span class='ocrx_word' id='word_1_684' title='bbox 3056 3612 3211 3664; x_wconf 86' lang='lat' dir='ltr'>terra</span> <span class='ocrx_word' id='word_1_685' title='bbox 3231 3608 3566 3666; x_wconf 88' lang='lat' dir='ltr'>viventium.</span> 
     </span>
    </p>
   </div>
   <div class='ocr_carea' id='block_1_84' title="bbox 2279 3696 3868 3770">
    <p class='ocr_par' dir='ltr' id='par_1_84' title="bbox 2279 3696 3868 3770">
     <span class='ocr_line' id='line_1_84' title="bbox 2279 3696 3868 3770; baseline 0.005 -19"><span class='ocrx_word' id='word_1_686' title='bbox 2279 3715 2303 3740; x_wconf 87' lang='grc'>‹‹</span> <span class='ocrx_word' id='word_1_687' title='bbox 2332 3697 2498 3766; x_wconf 89' lang='lat' dir='ltr'>Vere,</span> <span class='ocrx_word' id='word_1_688' title='bbox 2531 3699 2753 3770; x_wconf 87' lang='lat' dir='ltr'>gentes,</span> <span class='ocrx_word' id='word_1_689' title='bbox 2787 3696 3074 3768; x_wconf 89' lang='lat' dir='ltr'>peribitis,</span> <span class='ocrx_word' id='word_1_690' title='bbox 3095 3697 3235 3770; x_wconf 90' lang='lat' dir='ltr'>quia</span> <span class='ocrx_word' id='word_1_691' title='bbox 3263 3697 3550 3755; x_wconf 88' lang='lat' dir='ltr'>Dominus</span> <span class='ocrx_word' id='word_1_692' title='bbox 3565 3701 3868 3760; x_wconf 85' lang='lat' dir='ltr'>exaudivit</span> 
     </span>
    </p>
   </div>
   <div class='ocr_carea' id='block_1_85' title="bbox 2207 3786 3864 3860">
    <p class='ocr_par' dir='ltr' id='par_1_85' title="bbox 2207 3786 3864 3860">
     <span class='ocr_line' id='line_1_85' title="bbox 2207 3786 3864 3860; baseline 0.002 -16"><span class='ocrx_word' id='word_1_693' title='bbox 2207 3787 2566 3844; x_wconf 90' lang='lat' dir='ltr'>desiderium</span> <span class='ocrx_word' id='word_1_694' title='bbox 2585 3802 2909 3858; x_wconf 87' lang='lat' dir='ltr'>pauperum</span> <span class='ocrx_word' id='word_1_695' title='bbox 2933 3805 2956 3828; x_wconf 83' lang='lat'><strong>»</strong></span> <span class='ocrx_word' id='word_1_696' title='bbox 2977 3786 3115 3858; x_wconf 88' lang='lat' dir='ltr'>quia</span> <span class='ocrx_word' id='word_1_697' title='bbox 3135 3787 3313 3842; x_wconf 87' lang='lat' dir='ltr'>etiam</span> <span class='ocrx_word' id='word_1_698' title='bbox 3333 3789 3864 3860; x_wconf 70' lang='lat' dir='ltr'>«praeparationem</span> 
     </span>
    </p>
   </div>
   <div class='ocr_carea' id='block_1_86' title="bbox 2207 3875 3862 3947">
    <p class='ocr_par' dir='ltr' id='par_1_86' title="bbox 2207 3875 3862 3947">
     <span class='ocr_line' id='line_1_86' title="bbox 2207 3875 3862 3947; baseline 0.002 -15"><span class='ocrx_word' id='word_1_699' title='bbox 2207 3875 2398 3932; x_wconf 89' lang='lat' dir='ltr'>cordis</span> <span class='ocrx_word' id='word_1_700' title='bbox 2428 3891 2652 3945; x_wconf 89' lang='lat' dir='ltr'>eorum,</span> <span class='ocrx_word' id='word_1_701' title='bbox 2689 3903 2712 3928; x_wconf 72' lang='grc' dir='ltr'>ιι</span> <span class='ocrx_word' id='word_1_702' title='bbox 2747 3875 2804 3930; x_wconf 92' lang='lat' dir='ltr'>id</span> <span class='ocrx_word' id='word_1_703' title='bbox 2835 3878 2944 3943; x_wconf 86' lang='lat' dir='ltr'>est,</span> <span class='ocrx_word' id='word_1_704' title='bbox 2978 3891 3047 3930; x_wconf 81' lang='lat' dir='ltr'>ex</span> <span class='ocrx_word' id='word_1_705' title='bbox 3089 3893 3206 3947; x_wconf 91' lang='lat' dir='ltr'>quo</span> <span class='ocrx_word' id='word_1_706' title='bbox 3249 3875 3470 3934; x_wconf 86' lang='lat' dir='ltr'>habent</span> <span class='ocrx_word' id='word_1_707' title='bbox 3496 3877 3862 3936; x_wconf 88' lang='lat' dir='ltr'>voluntatem</span> 
     </span>
    </p>
   </div>
   <div class='ocr_carea' id='block_1_87' title="bbox 2205 3964 3858 4039">
    <p class='ocr_par' dir='ltr' id='par_1_87' title="bbox 2205 3964 3858 4039">
     <span class='ocr_line' id='line_1_87' title="bbox 2205 3964 3858 4039; baseline -0.001 -18"><span class='ocrx_word' id='word_1_708' title='bbox 2205 3969 2470 4039; x_wconf 87' lang='lat' dir='ltr'>paratam</span> <span class='ocrx_word' id='word_1_709' title='bbox 2490 3965 2609 4020; x_wconf 92' lang='lat' dir='ltr'>sive</span> <span class='ocrx_word' id='word_1_710' title='bbox 2629 3981 2662 4020; x_wconf 92' lang='lat' dir='ltr'>a</span> <span class='ocrx_word' id='word_1_711' title='bbox 2685 3964 2948 4030; x_wconf 89' lang='lat' dir='ltr'>Deo,sive</span> <span class='ocrx_word' id='word_1_712' title='bbox 2969 3982 3004 4019; x_wconf 90' lang='lat' dir='ltr'>a</span> <span class='ocrx_word' id='word_1_713' title='bbox 3024 3964 3234 4036; x_wconf 88' lang='lat' dir='ltr'>seipsis</span> <span class='ocrx_word' id='word_1_714' title='bbox 3257 3987 3282 4012; x_wconf 85' lang='grc'>‹‹</span> <span class='ocrx_word' id='word_1_715' title='bbox 3303 3966 3470 4022; x_wconf 88' lang='lat' dir='ltr'>audit</span> <span class='ocrx_word' id='word_1_716' title='bbox 3489 3967 3648 4024; x_wconf 90' lang='lat' dir='ltr'>auris</span> <span class='ocrx_word' id='word_1_717' title='bbox 3677 3973 3804 4024; x_wconf 89' lang='lat' dir='ltr'>tua.</span> <span class='ocrx_word' id='word_1_718' title='bbox 3829 3991 3858 4022; x_wconf 84' lang='grc'><strong>››</strong></span> 
     </span>
    </p>
   </div>
   <div class='ocr_carea' id='block_1_88' title="bbox 2203 4052 3862 4126">
    <p class='ocr_par' dir='ltr' id='par_1_88' title="bbox 2203 4052 3862 4126">
     <span class='ocr_line' id='line_1_88' title="bbox 2203 4052 3862 4126; baseline 0.001 -15"><span class='ocrx_word' id='word_1_719' title='bbox 2203 4055 2333 4111; x_wconf 86' lang='lat' dir='ltr'>Alia</span> <span class='ocrx_word' id='word_1_720' title='bbox 2362 4053 2668 4110; x_wconf 86' lang='lat' dir='ltr'>translatio</span> <span class='ocrx_word' id='word_1_721' title='bbox 2691 4053 2907 4110; x_wconf 88' lang='lat' dir='ltr'>habent</span> <span class='ocrx_word' id='word_1_722' title='bbox 2927 4052 3462 4126; x_wconf 87' lang='lat' dir='ltr'>concupiscentiam</span> <span class='ocrx_word' id='word_1_723' title='bbox 3485 4056 3585 4111; x_wconf 92' lang='lat' dir='ltr'>ubi</span> <span class='ocrx_word' id='word_1_724' title='bbox 3616 4073 3728 4112; x_wconf 90' lang='lat' dir='ltr'>nos</span> <span class='ocrx_word' id='word_1_725' title='bbox 3747 4058 3862 4113; x_wconf 88' lang='lat' dir='ltr'>ha-</span> 
     </span>
    </p>
   </div>
   <div class='ocr_carea' id='block_1_89' title="bbox 2205 4141 3860 4218">
    <p class='ocr_par' dir='ltr' id='par_1_89' title="bbox 2205 4141 3860 4218">
     <span class='ocr_line' id='line_1_89' title="bbox 2205 4141 3860 4218; baseline 0.001 -18"><span class='ocrx_word' id='word_1_726' title='bbox 2205 4145 2413 4200; x_wconf 88' lang='lat' dir='ltr'>bemus</span> <span class='ocrx_word' id='word_1_727' title='bbox 2445 4141 3021 4216; x_wconf 72' lang='lat' dir='ltr'>praeparationem,ct</span> <span class='ocrx_word' id='word_1_728' title='bbox 3052 4142 3180 4197; x_wconf 89' lang='lat' dir='ltr'>ideo</span> <span class='ocrx_word' id='word_1_729' title='bbox 3205 4143 3288 4198; x_wconf 93' lang='lat' dir='ltr'>sic</span> <span class='ocrx_word' id='word_1_730' title='bbox 3311 4142 3596 4218; x_wconf 87' lang='lat' dir='ltr'>legamus,</span> <span class='ocrx_word' id='word_1_731' title='bbox 3616 4151 3682 4200; x_wconf 90' lang='lat' dir='ltr'>ut</span> <span class='ocrx_word' id='word_1_732' title='bbox 3701 4145 3860 4203; x_wconf 90' lang='lat' dir='ltr'>idem</span> 
     </span>
    </p>
   </div>
   <div class='ocr_carea' id='block_1_90' title="bbox 2201 4230 3860 4302">
    <p class='ocr_par' dir='ltr' id='par_1_90' title="bbox 2201 4230 3860 4302">
     <span class='ocr_line' id='line_1_90' title="bbox 2201 4230 3860 4302; baseline 0.002 -14"><span class='ocrx_word' id='word_1_733' title='bbox 2201 4233 2392 4289; x_wconf 87' lang='lat' dir='ltr'>valeat</span> <span class='ocrx_word' id='word_1_734' title='bbox 2419 4249 2554 4288; x_wconf 91' lang='lat' dir='ltr'>cum</span> <span class='ocrx_word' id='word_1_735' title='bbox 2587 4231 3055 4302; x_wconf 82' lang='lat' dir='ltr'>concupiscentia</span> <span class='ocrx_word' id='word_1_736' title='bbox 3087 4247 3100 4285; x_wconf 90' lang='lat'>:</span> <span class='ocrx_word' id='word_1_737' title='bbox 3135 4230 3219 4288; x_wconf 90' lang='lat' dir='ltr'>sic</span> <span class='ocrx_word' id='word_1_738' title='bbox 3252 4254 3276 4278; x_wconf 87' lang='lat'><strong>«</strong></span> <span class='ocrx_word' id='word_1_739' title='bbox 3307 4231 3663 4289; x_wconf 89' lang='lat' dir='ltr'>desiderium</span> <span class='ocrx_word' id='word_1_740' title='bbox 3682 4252 3860 4291; x_wconf 84' lang='lat' dir='ltr'>exau-</span> 
     </span>
    </p>
   </div>
   <div class='ocr_carea' id='block_1_91' title="bbox 2203 4319 3860 4398">
    <p class='ocr_par' dir='ltr' id='par_1_91' title="bbox 2203 4319 3860 4398">
     <span class='ocr_line' id='line_1_91' title="bbox 2203 4319 3860 4398; baseline 0.002 -20"><span class='ocrx_word' id='word_1_741' title='bbox 2203 4323 2348 4379; x_wconf 89' lang='lat' dir='ltr'>divit</span> <span class='ocrx_word' id='word_1_742' title='bbox 2395 4325 2452 4378; x_wconf 91' lang='lat' dir='ltr'>et</span> <span class='ocrx_word' id='word_1_743' title='bbox 2498 4319 3002 4393; x_wconf 72' lang='lat' dir='ltr'>praeparationem,</span> <span class='ocrx_word' id='word_1_744' title='bbox 3038 4343 3062 4368; x_wconf 90' lang='lat'>»</span> <span class='ocrx_word' id='word_1_745' title='bbox 3089 4320 3147 4376; x_wconf 94' lang='lat' dir='ltr'>id</span> <span class='ocrx_word' id='word_1_746' title='bbox 3197 4325 3287 4378; x_wconf 89' lang='lat' dir='ltr'>est</span> <span class='ocrx_word' id='word_1_747' title='bbox 3332 4321 3392 4378; x_wconf 90' lang='lat' dir='ltr'>id</span> <span class='ocrx_word' id='word_1_748' title='bbox 3447 4323 3520 4378; x_wconf 89' lang='lat' dir='ltr'>ad</span> <span class='ocrx_word' id='word_1_749' title='bbox 3553 4325 3712 4396; x_wconf 93' lang='lat' dir='ltr'>quod</span> <span class='ocrx_word' id='word_1_750' title='bbox 3745 4325 3860 4398; x_wconf 86' lang='lat' dir='ltr'>ipsi</span> 
     </span>
    </p>
   </div>
   <div class='ocr_carea' id='block_1_92' title="bbox 2203 4409 3749 4486">
    <p class='ocr_par' dir='ltr' id='par_1_92' title="bbox 2203 4409 3749 4486">
     <span class='ocr_line' id='line_1_92' title="bbox 2203 4409 3749 4486; baseline 0.002 -19"><span class='ocrx_word' id='word_1_751' title='bbox 2203 4411 2361 4468; x_wconf 91' lang='lat' dir='ltr'>omni</span> <span class='ocrx_word' id='word_1_752' title='bbox 2385 4415 2596 4466; x_wconf 90' lang='lat' dir='ltr'>conatu</span> <span class='ocrx_word' id='word_1_753' title='bbox 2627 4409 2840 4464; x_wconf 87' lang='lat' dir='ltr'>virium</span> <span class='ocrx_word' id='word_1_754' title='bbox 2873 4409 3212 4466; x_wconf 89' lang='lat' dir='ltr'>nitebantur</span> <span class='ocrx_word' id='word_1_755' title='bbox 3238 4412 3459 4468; x_wconf 89' lang='lat' dir='ltr'>orando</span> <span class='ocrx_word' id='word_1_756' title='bbox 3488 4413 3749 4486; x_wconf 90' lang='lat' dir='ltr'>assequi.</span> 
     </span>
    </p>
   </div>
   <div class='ocr_carea' id='block_1_93' title="bbox 2273 4498 3862 4575">
    <p class='ocr_par' dir='ltr' id='par_1_93' title="bbox 2273 4498 3862 4575">
     <span class='ocr_line' id='line_1_93' title="bbox 2273 4498 3862 4575; baseline 0.002 -19"><span class='ocrx_word' id='word_1_757' title='bbox 2273 4499 2639 4556; x_wconf 87' lang='lat' dir='ltr'>Desiderium</span> <span class='ocrx_word' id='word_1_758' title='bbox 2672 4498 3111 4566; x_wconf 88' lang='lat' dir='ltr'>exaudivit,boc</span> <span class='ocrx_word' id='word_1_759' title='bbox 3143 4499 3385 4570; x_wconf 88' lang='lat' dir='ltr'>scilicet,</span> <span class='ocrx_word' id='word_1_760' title='bbox 3422 4501 3734 4574; x_wconf 79' lang='lat' dir='ltr'>«judicare</span> <span class='ocrx_word' id='word_1_761' title='bbox 3756 4521 3862 4575; x_wconf 77' lang='lat' dir='ltr'>pu-</span> 
     </span>
    </p>
   </div>
   <div class='ocr_carea' id='block_1_94' title="bbox 449 4583 3862 4665">
    <p class='ocr_par' dir='ltr' id='par_1_94' title="bbox 449 4583 3862 4665">
     <span class='ocr_line' id='line_1_94' title="bbox 449 4583 3862 4665; baseline 0.003 -27"><span class='ocrx_word' id='word_1_762' title='bbox 449 4583 590 4638; x_wconf 89' lang='lat' dir='ltr'>dum</span> <span class='ocrx_word' id='word_1_763' title='bbox 621 4584 939 4640; x_wconf 87' lang='lat' dir='ltr'>adventum</span> <span class='ocrx_word' id='word_1_764' title='bbox 961 4583 1367 4654; x_wconf 87' lang='lat' dir='ltr'>Christi,sicut</span> <span class='ocrx_word' id='word_1_765' title='bbox 1396 4586 1574 4642; x_wconf 89' lang='lat' dir='ltr'>etiam</span> <span class='ocrx_word' id='word_1_766' title='bbox 1598 4587 1870 4659; x_wconf 88' lang='lat' dir='ltr'>superius</span> <span class='ocrx_word' id='word_1_767' title='bbox 1893 4590 1948 4644; x_wconf 92' lang='lat' dir='ltr'>in</span> <span class='ocrx_word' id='word_1_768' title='bbox 1971 4607 2100 4662; x_wconf 73' lang='lat' dir='ltr'>per-</span> <span class='ocrx_word' id='word_1_769' title='bbox 2131 4599 2178 4665; x_wconf 88' lang='lat' dir='ltr'><strong>D</strong></span> <span class='ocrx_word' id='word_1_770' title='bbox 2211 4589 2350 4664; x_wconf 93' lang='lat' dir='ltr'>pillo</span> <span class='ocrx_word' id='word_1_771' title='bbox 2379 4593 2436 4642; x_wconf 92' lang='lat' dir='ltr'>et</span> <span class='ocrx_word' id='word_1_772' title='bbox 2465 4586 2698 4656; x_wconf 88' lang='lat' dir='ltr'>humili,</span> <span class='ocrx_word' id='word_1_773' title='bbox 2732 4604 2756 4628; x_wconf 68' lang='grc' dir='ltr'><strong>ν)</strong></span> <span class='ocrx_word' id='word_1_774' title='bbox 2788 4587 2844 4642; x_wconf 92' lang='lat' dir='ltr'>id</span> <span class='ocrx_word' id='word_1_775' title='bbox 2879 4593 2967 4643; x_wconf 91' lang='lat' dir='ltr'>est</span> <span class='ocrx_word' id='word_1_776' title='bbox 2997 4588 3064 4643; x_wconf 89' lang='lat' dir='ltr'>ad</span> <span class='ocrx_word' id='word_1_777' title='bbox 3099 4588 3379 4646; x_wconf 89' lang='lat' dir='ltr'>honorem</span> <span class='ocrx_word' id='word_1_778' title='bbox 3413 4590 3620 4663; x_wconf 91' lang='lat' dir='ltr'>pupilli</span> <span class='ocrx_word' id='word_1_779' title='bbox 3651 4596 3710 4648; x_wconf 91' lang='lat' dir='ltr'>et</span> <span class='ocrx_word' id='word_1_780' title='bbox 3747 4592 3862 4648; x_wconf 89' lang='lat' dir='ltr'>hu-</span> 
     </span>
    </p>
   </div>
   <div class='ocr_carea' id='block_1_95' title="bbox 449 4673 1950 4746">
    <p class='ocr_par' dir='ltr' id='par_1_95' title="bbox 449 4673 1950 4746">
     <span class='ocr_line' id='line_1_95' title="bbox 449 4673 1950 4746; baseline 0.006 -20"><span class='ocrx_word' id='word_1_781' title='bbox 449 4689 594 4726; x_wconf 86' lang='lat' dir='ltr'>sona</span> <span class='ocrx_word' id='word_1_782' title='bbox 620 4689 822 4727; x_wconf 87' lang='lat' dir='ltr'>eorum</span> <span class='ocrx_word' id='word_1_783' title='bbox 844 4674 1325 4746; x_wconf 90' lang='lat' dir='ltr'>conquestionem</span> <span class='ocrx_word' id='word_1_784' title='bbox 1347 4673 1502 4730; x_wconf 81' lang='lat' dir='ltr'>facit.</span> <span class='ocrx_word' id='word_1_785' title='bbox 1535 4676 1909 4734; x_wconf 88' lang='lat' dir='ltr'>Continuatio</span> <span class='ocrx_word' id='word_1_786' title='bbox 1939 4697 1950 4735; x_wconf 95' lang='lat'>:</span> 
     </span>
    </p>
   </div>
   <div class='ocr_carea' id='block_1_96' title="bbox 522 4759 2095 4833">
    <p class='ocr_par' dir='ltr' id='par_1_96' title="bbox 522 4759 2095 4833">
     <span class='ocr_line' id='line_1_96' title="bbox 522 4759 2095 4833; baseline 0.009 -21"><span class='ocrx_word' id='word_1_787' title='bbox 522 4760 650 4830; x_wconf 88' lang='lat' dir='ltr'>Ipse</span> <span class='ocrx_word' id='word_1_788' title='bbox 681 4759 822 4814; x_wconf 86' lang='lat' dir='ltr'>dicit</span> <span class='ocrx_word' id='word_1_789' title='bbox 851 4778 967 4833; x_wconf 91' lang='lat' dir='ltr'>quo</span> <span class='ocrx_word' id='word_1_790' title='bbox 1000 4763 1153 4817; x_wconf 89' lang='lat' dir='ltr'>Deus</span> <span class='ocrx_word' id='word_1_791' title='bbox 1183 4764 1402 4820; x_wconf 90' lang='lat' dir='ltr'>oblitus</span> <span class='ocrx_word' id='word_1_792' title='bbox 1441 4769 1550 4833; x_wconf 89' lang='lat' dir='ltr'>est,</span> <span class='ocrx_word' id='word_1_793' title='bbox 1567 4765 1669 4822; x_wconf 90' lang='lat' dir='ltr'>sed</span> <span class='ocrx_word' id='word_1_794' title='bbox 1699 4771 1762 4821; x_wconf 90' lang='lat' dir='ltr'>tu</span> <span class='ocrx_word' id='word_1_795' title='bbox 1795 4787 1818 4810; x_wconf 82' lang='grc'>‹‹</span> <span class='ocrx_word' id='word_1_796' title='bbox 1852 4768 2095 4826; x_wconf 89' lang='lat' dir='ltr'>Domine</span> 
     </span>
    </p>
   </div>
   <div class='ocr_carea' id='block_1_97' title="bbox 449 4848 2096 4924">
    <p class='ocr_par' dir='ltr' id='par_1_97' title="bbox 449 4848 2096 4924">
     <span class='ocr_line' id='line_1_97' title="bbox 449 4848 2096 4924; baseline 0.007 -21"><span class='ocrx_word' id='word_1_797' title='bbox 449 4848 626 4916; x_wconf 88' lang='lat' dir='ltr'>Deus,</span> <span class='ocrx_word' id='word_1_798' title='bbox 675 4865 945 4921; x_wconf 84' lang='lat' dir='ltr'>exsurge,</span> <span class='ocrx_word' id='word_1_799' title='bbox 972 4855 1030 4904; x_wconf 91' lang='lat' dir='ltr'>et</span> <span class='ocrx_word' id='word_1_800' title='bbox 1085 4851 1370 4908; x_wconf 78' lang='lat' dir='ltr'>exaltetur</span> <span class='ocrx_word' id='word_1_801' title='bbox 1421 4871 1636 4910; x_wconf 88' lang='lat' dir='ltr'>manus</span> <span class='ocrx_word' id='word_1_802' title='bbox 1684 4859 1805 4924; x_wconf 90' lang='lat' dir='ltr'>tua,</span> <span class='ocrx_word' id='word_1_803' title='bbox 1843 4882 1864 4904; x_wconf 77' lang='grc' dir='ltr'><strong>υ</strong></span> <span class='ocrx_word' id='word_1_804' title='bbox 1897 4856 1955 4912; x_wconf 91' lang='lat' dir='ltr'>id</span> <span class='ocrx_word' id='word_1_805' title='bbox 2005 4864 2096 4915; x_wconf 87' lang='lat' dir='ltr'>est</span> 
     </span>
    </p>
   </div>
   <div class='ocr_carea' id='block_1_98' title="bbox 447 4938 2097 5015">
    <p class='ocr_par' dir='ltr' id='par_1_98' title="bbox 447 4938 2097 5015">
     <span class='ocr_line' id='line_1_98' title="bbox 447 4938 2097 5015; baseline 0.006 -21"><span class='ocrx_word' id='word_1_806' title='bbox 447 4938 704 4994; x_wconf 89' lang='lat' dir='ltr'>vindicta</span> <span class='ocrx_word' id='word_1_807' title='bbox 734 4941 838 4992; x_wconf 91' lang='lat' dir='ltr'>tua</span> <span class='ocrx_word' id='word_1_808' title='bbox 868 4951 894 4982; x_wconf 73' lang='grc' dir='ltr'>α</span> <span class='ocrx_word' id='word_1_809' title='bbox 923 4954 994 4993; x_wconf 91' lang='lat' dir='ltr'>nc</span> <span class='ocrx_word' id='word_1_810' title='bbox 1039 4939 1400 4997; x_wconf 87' lang='lat' dir='ltr'>obliviscaris</span> <span class='ocrx_word' id='word_1_811' title='bbox 1439 4959 1786 5015; x_wconf 86' lang='lat' dir='ltr'>pauperum,</span> <span class='ocrx_word' id='word_1_812' title='bbox 1821 4945 1972 5002; x_wconf 89' lang='lat' dir='ltr'>sicut</span> <span class='ocrx_word' id='word_1_813' title='bbox 2001 4947 2097 5005; x_wconf 93' lang='lat' dir='ltr'>ille</span> 
     </span>
    </p>
   </div>
   <div class='ocr_carea' id='block_1_99' title="bbox 449 5026 718 5083">
    <p class='ocr_par' dir='ltr' id='par_1_99' title="bbox 449 5026 718 5083">
     <span class='ocr_line' id='line_1_99' title="bbox 449 5026 718 5083; baseline 0 -1"><span class='ocrx_word' id='word_1_814' title='bbox 449 5026 718 5083; x_wconf 62' lang='lat' dir='ltr'>aestimat.</span> 
     </span>
    </p>
   </div>
   <div class='ocr_carea' id='block_1_100' title="bbox 521 5116 2100 5198">
    <p class='ocr_par' dir='ltr' id='par_1_100' title="bbox 521 5116 2100 5198">
     <span class='ocr_line' id='line_1_100' title="bbox 521 5116 2100 5198; baseline 0.006 -26"><span class='ocrx_word' id='word_1_815' title='bbox 521 5118 590 5172; x_wconf 88' lang='lat' dir='ltr'>Et</span> <span class='ocrx_word' id='word_1_816' title='bbox 621 5117 767 5172; x_wconf 89' lang='lat' dir='ltr'>bene</span> <span class='ocrx_word' id='word_1_817' title='bbox 797 5116 975 5173; x_wconf 86' lang='lat' dir='ltr'>debes</span> <span class='ocrx_word' id='word_1_818' title='bbox 1007 5122 1060 5173; x_wconf 91' lang='lat' dir='ltr'>te</span> <span class='ocrx_word' id='word_1_819' title='bbox 1093 5117 1382 5174; x_wconf 90' lang='lat' dir='ltr'>vindicare</span> <span class='ocrx_word' id='word_1_820' title='bbox 1407 5120 1478 5175; x_wconf 90' lang='lat' dir='ltr'>de</span> <span class='ocrx_word' id='word_1_821' title='bbox 1506 5139 1596 5190; x_wconf 91' lang='lat' dir='ltr'>eo,</span> <span class='ocrx_word' id='word_1_822' title='bbox 1621 5123 1761 5196; x_wconf 89' lang='lat' dir='ltr'>quia</span> <span class='ocrx_word' id='word_1_823' title='bbox 1785 5153 1808 5178; x_wconf 83' lang='grc'>‹‹</span> <span class='ocrx_word' id='word_1_824' title='bbox 1843 5125 1967 5198; x_wconf 88' lang='lat' dir='ltr'>ipse</span> <span class='ocrx_word' id='word_1_825' title='bbox 1997 5126 2100 5182; x_wconf 87' lang='lat' dir='ltr'>im-</span> 
     </span>
    </p>
   </div>
   <div class='ocr_carea' id='block_1_101' title="bbox 451 5205 2093 5282">
    <p class='ocr_par' dir='ltr' id='par_1_101' title="bbox 451 5205 2093 5282">
     <span class='ocr_line' id='line_1_101' title="bbox 451 5205 2093 5282; baseline 0.007 -24"><span class='ocrx_word' id='word_1_826' title='bbox 451 5205 585 5276; x_wconf 90' lang='lat' dir='ltr'>pius</span> <span class='ocrx_word' id='word_1_827' title='bbox 615 5205 861 5262; x_wconf 86' lang='lat' dir='ltr'>irritavit</span> <span class='ocrx_word' id='word_1_828' title='bbox 891 5207 1098 5276; x_wconf 89' lang='lat' dir='ltr'>Deum,</span> <span class='ocrx_word' id='word_1_829' title='bbox 1132 5229 1154 5253; x_wconf 83' lang='lat'>»</span> <span class='ocrx_word' id='word_1_830' title='bbox 1183 5214 1238 5264; x_wconf 92' lang='lat' dir='ltr'>et</span> <span class='ocrx_word' id='word_1_831' title='bbox 1268 5215 1504 5282; x_wconf 89' lang='lat' dir='ltr'>propter</span> <span class='ocrx_word' id='word_1_832' title='bbox 1535 5212 1675 5282; x_wconf 90' lang='lat' dir='ltr'>quid</span> <span class='ocrx_word' id='word_1_833' title='bbox 1719 5213 2002 5270; x_wconf 86' lang='lat' dir='ltr'>irritavit?</span> <span class='ocrx_word' id='word_1_834' title='bbox 2033 5215 2093 5272; x_wconf 88' lang='lat' dir='ltr'>Id</span> 
     </span>
    </p>
   </div>
   <div class='ocr_carea' id='block_1_102' title="bbox 451 5296 2099 5372">
    <p class='ocr_par' dir='ltr' id='par_1_102' title="bbox 451 5296 2099 5372">
     <span class='ocr_line' id='line_1_102' title="bbox 451 5296 2099 5372; baseline 0.008 -26"><span class='ocrx_word' id='word_1_835' title='bbox 451 5297 540 5347; x_wconf 89' lang='lat' dir='ltr'>est</span> <span class='ocrx_word' id='word_1_836' title='bbox 569 5311 696 5365; x_wconf 69' lang='lat' dir='ltr'>quae</span> <span class='ocrx_word' id='word_1_837' title='bbox 743 5296 854 5351; x_wconf 84' lang='lat' dir='ltr'>fuit</span> <span class='ocrx_word' id='word_1_838' title='bbox 903 5297 1244 5372; x_wconf 87' lang='lat' dir='ltr'>principalis</span> <span class='ocrx_word' id='word_1_839' title='bbox 1297 5299 1457 5354; x_wconf 90' lang='lat' dir='ltr'>causi</span> <span class='ocrx_word' id='word_1_840' title='bbox 1511 5300 1668 5357; x_wconf 88' lang='lat' dir='ltr'>illius</span> <span class='ocrx_word' id='word_1_841' title='bbox 1719 5302 2099 5360; x_wconf 77' lang='lat' dir='ltr'>irritutionis?</span> 
     </span>
    </p>
   </div>
   <div class='ocr_carea' id='block_1_103' title="bbox 456 5381 2091 5456">
    <p class='ocr_par' dir='ltr' id='par_1_103' title="bbox 456 5381 2091 5456">
     <span class='ocr_line' id='line_1_103' title="bbox 456 5381 2091 5456; baseline 0.009 -22"><span class='ocrx_word' id='word_1_842' title='bbox 456 5381 582 5436; x_wconf 71' lang='lat' dir='ltr'>llaec</span> <span class='ocrx_word' id='word_1_843' title='bbox 603 5382 824 5440; x_wconf 86' lang='lat' dir='ltr'>scilicet</span> <span class='ocrx_word' id='word_1_844' title='bbox 853 5415 874 5438; x_wconf 77' lang='grc' dir='ltr'>ι.</span> <span class='ocrx_word' id='word_1_845' title='bbox 900 5387 1044 5442; x_wconf 83' lang='lat' dir='ltr'>dixit</span> <span class='ocrx_word' id='word_1_846' title='bbox 1065 5389 1221 5443; x_wconf 89' lang='lat' dir='ltr'>enim</span> <span class='ocrx_word' id='word_1_847' title='bbox 1249 5388 1309 5443; x_wconf 91' lang='lat' dir='ltr'>in</span> <span class='ocrx_word' id='word_1_848' title='bbox 1327 5389 1496 5445; x_wconf 90' lang='lat' dir='ltr'>corde</span> <span class='ocrx_word' id='word_1_849' title='bbox 1519 5406 1658 5456; x_wconf 66' lang='lat' dir='ltr'>sum,</span> <span class='ocrx_word' id='word_1_850' title='bbox 1677 5419 1698 5442; x_wconf 77' lang='grc' dir='ltr'>ι)</span> <span class='ocrx_word' id='word_1_851' title='bbox 1723 5391 1806 5446; x_wconf 88' lang='lat' dir='ltr'>sic</span> <span class='ocrx_word' id='word_1_852' title='bbox 1827 5391 2049 5448; x_wconf 90' lang='lat' dir='ltr'>habens</span> <span class='ocrx_word' id='word_1_853' title='bbox 2078 5409 2091 5448; x_wconf 91' lang='lat'>:</span> 
     </span>
    </p>
   </div>
   <div class='ocr_carea' id='block_1_104' title="bbox 452 5468 2095 5548">
    <p class='ocr_par' dir='ltr' id='par_1_104' title="bbox 452 5468 2095 5548">
     <span class='ocr_line' id='line_1_104' title="bbox 452 5468 2095 5548; baseline 0.009 -25"><span class='ocrx_word' id='word_1_854' title='bbox 452 5468 737 5527; x_wconf 90' lang='lat' dir='ltr'>Dominus</span> <span class='ocrx_word' id='word_1_855' title='bbox 769 5494 793 5517; x_wconf 73' lang='grc' dir='ltr'>ιι</span> <span class='ocrx_word' id='word_1_856' title='bbox 827 5491 942 5528; x_wconf 90' lang='lat' dir='ltr'>non</span> <span class='ocrx_word' id='word_1_857' title='bbox 973 5477 1248 5548; x_wconf 88' lang='lat' dir='ltr'>requiret,</span> <span class='ocrx_word' id='word_1_858' title='bbox 1270 5504 1298 5533; x_wconf 84' lang='grc'><strong>››</strong></span> <span class='ocrx_word' id='word_1_859' title='bbox 1327 5478 1387 5535; x_wconf 92' lang='lat' dir='ltr'>id</span> <span class='ocrx_word' id='word_1_860' title='bbox 1409 5484 1498 5534; x_wconf 90' lang='lat' dir='ltr'>est</span> <span class='ocrx_word' id='word_1_861' title='bbox 1525 5479 1841 5534; x_wconf 88' lang='lat' dir='ltr'>vindictam</span> <span class='ocrx_word' id='word_1_862' title='bbox 1865 5498 1981 5536; x_wconf 90' lang='lat' dir='ltr'>non</span> <span class='ocrx_word' id='word_1_863' title='bbox 2002 5499 2095 5538; x_wconf 90' lang='lat' dir='ltr'>ac-</span> 
     </span>
    </p>
   </div>
   <div class='ocr_carea' id='block_1_105' title="bbox 452 5557 2096 5643">
    <p class='ocr_par' dir='ltr' id='par_1_105' title="bbox 452 5557 2096 5643">
     <span class='ocr_line' id='line_1_105' title="bbox 452 5557 2096 5643; baseline 0.007 -27"><span class='ocrx_word' id='word_1_864' title='bbox 452 5557 626 5631; x_wconf 87' lang='lat' dir='ltr'>cipiet</span> <span class='ocrx_word' id='word_1_865' title='bbox 651 5577 663 5615; x_wconf 89' lang='lat'>:</span> <span class='ocrx_word' id='word_1_866' title='bbox 689 5565 747 5616; x_wconf 89' lang='lat' dir='ltr'>et</span> <span class='ocrx_word' id='word_1_867' title='bbox 777 5561 905 5618; x_wconf 90' lang='lat' dir='ltr'>ideo</span> <span class='ocrx_word' id='word_1_868' title='bbox 931 5563 1050 5620; x_wconf 66' lang='lat' dir='ltr'>haec</span> <span class='ocrx_word' id='word_1_869' title='bbox 1080 5567 1326 5624; x_wconf 89' lang='lat' dir='ltr'>irritatio</span> <span class='ocrx_word' id='word_1_870' title='bbox 1356 5568 1611 5624; x_wconf 80' lang='lat' dir='ltr'>maxima</span> <span class='ocrx_word' id='word_1_871' title='bbox 1639 5569 1770 5640; x_wconf 80' lang='lat' dir='ltr'>fuit,</span> <span class='ocrx_word' id='word_1_872' title='bbox 1795 5569 1932 5643; x_wconf 91' lang='lat' dir='ltr'>quia</span> <span class='ocrx_word' id='word_1_873' title='bbox 1961 5587 2096 5627; x_wconf 79' lang='lat' dir='ltr'>con-</span> 
     </span>
    </p>
   </div>
   <div class='ocr_carea' id='block_1_106' title="bbox 451 5649 2098 5740">
    <p class='ocr_par' dir='ltr' id='par_1_106' title="bbox 451 5649 2098 5740">
     <span class='ocr_line' id='line_1_106' title="bbox 451 5649 2098 5740; baseline 0.009 -30"><span class='ocrx_word' id='word_1_874' title='bbox 451 5653 543 5710; x_wconf 84' lang='lat' dir='ltr'>tra</span> <span class='ocrx_word' id='word_1_875' title='bbox 568 5649 766 5726; x_wconf 87' lang='lat' dir='ltr'>ipsum</span> <span class='ocrx_word' id='word_1_876' title='bbox 795 5651 980 5709; x_wconf 87' lang='lat' dir='ltr'>Deum</span> <span class='ocrx_word' id='word_1_877' title='bbox 1002 5670 1195 5713; x_wconf 89' lang='lat' dir='ltr'>sermo</span> <span class='ocrx_word' id='word_1_878' title='bbox 1207 5656 1496 5734; x_wconf 80' lang='lat' dir='ltr'>dirigitur,</span> <span class='ocrx_word' id='word_1_879' title='bbox 1521 5663 1579 5718; x_wconf 89' lang='lat' dir='ltr'>et</span> <span class='ocrx_word' id='word_1_880' title='bbox 1607 5659 1717 5719; x_wconf 89' lang='lat' dir='ltr'>hoc</span> <span class='ocrx_word' id='word_1_881' title='bbox 1761 5664 1851 5721; x_wconf 85' lang='lat' dir='ltr'>est</span> <span class='ocrx_word' id='word_1_882' title='bbox 1884 5677 2098 5740; x_wconf 83' lang='lat' dir='ltr'>ponere</span> 
     </span>
    </p>
   </div>
   <div class='ocr_carea' id='block_1_107' title="bbox 2205 4676 3864 4751">
    <p class='ocr_par' dir='ltr' id='par_1_107' title="bbox 2205 4676 3864 4751">
     <span class='ocr_line' id='line_1_107' title="bbox 2205 4676 3864 4751; baseline 0.001 -15"><span class='ocrx_word' id='word_1_883' title='bbox 2205 4679 2328 4736; x_wconf 88' lang='lat' dir='ltr'>mili</span> <span class='ocrx_word' id='word_1_884' title='bbox 2363 4678 2443 4733; x_wconf 89' lang='lat' dir='ltr'>ita</span> <span class='ocrx_word' id='word_1_885' title='bbox 2465 4676 2734 4748; x_wconf 89' lang='lat' dir='ltr'>judicare</span> <span class='ocrx_word' id='word_1_886' title='bbox 2767 4701 2790 4725; x_wconf 88' lang='lat'>«</span> <span class='ocrx_word' id='word_1_887' title='bbox 2824 4680 2890 4732; x_wconf 92' lang='lat' dir='ltr'>ut</span> <span class='ocrx_word' id='word_1_888' title='bbox 2919 4677 3095 4732; x_wconf 89' lang='lat' dir='ltr'>homo</span> <span class='ocrx_word' id='word_1_889' title='bbox 3146 4695 3261 4732; x_wconf 90' lang='lat' dir='ltr'>non</span> <span class='ocrx_word' id='word_1_890' title='bbox 3311 4684 3586 4751; x_wconf 90' lang='lat' dir='ltr'>apponat,</span> <span class='ocrx_word' id='word_1_891' title='bbox 3621 4698 3644 4721; x_wconf 77' lang='grc' dir='ltr'><strong>υ</strong></span> <span class='ocrx_word' id='word_1_892' title='bbox 3681 4681 3738 4736; x_wconf 90' lang='lat' dir='ltr'>id</span> <span class='ocrx_word' id='word_1_893' title='bbox 3771 4685 3864 4737; x_wconf 86' lang='lat' dir='ltr'>est</span> 
     </span>
    </p>
   </div>
   <div class='ocr_carea' id='block_1_108' title="bbox 2203 4765 3858 4842">
    <p class='ocr_par' dir='ltr' id='par_1_108' title="bbox 2203 4765 3858 4842">
     <span class='ocr_line' id='line_1_108' title="bbox 2203 4765 3858 4842; baseline -0.003 -16"><span class='ocrx_word' id='word_1_894' title='bbox 2203 4787 2318 4826; x_wconf 91' lang='lat' dir='ltr'>non</span> <span class='ocrx_word' id='word_1_895' title='bbox 2346 4769 2662 4841; x_wconf 67' lang='lat' dir='ltr'>praesumat</span> <span class='ocrx_word' id='word_1_896' title='bbox 2693 4789 2716 4814; x_wconf 79' lang='grc'><strong>‹‹</strong></span> <span class='ocrx_word' id='word_1_897' title='bbox 2736 4765 3112 4838; x_wconf 75' lang='lat' dir='ltr'>magnificare</span> <span class='ocrx_word' id='word_1_898' title='bbox 3134 4766 3289 4823; x_wconf 87' lang='lat' dir='ltr'>ultra</span> <span class='ocrx_word' id='word_1_899' title='bbox 3308 4785 3370 4825; x_wconf 91' lang='lat' dir='ltr'>se</span> <span class='ocrx_word' id='word_1_900' title='bbox 3393 4785 3570 4842; x_wconf 88' lang='lat' dir='ltr'>super</span> <span class='ocrx_word' id='word_1_901' title='bbox 3588 4773 3812 4826; x_wconf 87' lang='lat' dir='ltr'>terram</span> <span class='ocrx_word' id='word_1_902' title='bbox 3831 4792 3858 4821; x_wconf 86' lang='grc'><strong>››</strong></span> 
     </span>
    </p>
   </div>
   <div class='ocr_carea' id='block_1_109' title="bbox 2204 4855 3862 4931">
    <p class='ocr_par' dir='ltr' id='par_1_109' title="bbox 2204 4855 3862 4931">
     <span class='ocr_line' id='line_1_109' title="bbox 2204 4855 3862 4931; baseline 0.001 -17"><span class='ocrx_word' id='word_1_903' title='bbox 2204 4859 2446 4926; x_wconf 88' lang='lat' dir='ltr'>scilicet,</span> <span class='ocrx_word' id='word_1_904' title='bbox 2479 4855 2819 4922; x_wconf 88' lang='lat' dir='ltr'>viventium,</span> <span class='ocrx_word' id='word_1_905' title='bbox 2851 4872 2979 4927; x_wconf 81' lang='lat' dir='ltr'>quae</span> <span class='ocrx_word' id='word_1_906' title='bbox 3011 4862 3164 4913; x_wconf 90' lang='lat' dir='ltr'>terra</span> <span class='ocrx_word' id='word_1_907' title='bbox 3195 4857 3412 4914; x_wconf 90' lang='lat' dir='ltr'>dicitur</span> <span class='ocrx_word' id='word_1_908' title='bbox 3442 4863 3679 4931; x_wconf 90' lang='lat' dir='ltr'>propter</span> <span class='ocrx_word' id='word_1_909' title='bbox 3717 4859 3862 4916; x_wconf 88' lang='lat' dir='ltr'>soli-</span> 
     </span>
    </p>
   </div>
   <div class='ocr_carea' id='block_1_110' title="bbox 2207 4947 2472 5003">
    <p class='ocr_par' dir='ltr' id='par_1_110' title="bbox 2207 4947 2472 5003">
     <span class='ocr_line' id='line_1_110' title="bbox 2207 4947 2472 5003; baseline -0.015 0"><span class='ocrx_word' id='word_1_910' title='bbox 2207 4947 2472 5003; x_wconf 89' lang='lat' dir='ltr'>ditatem.</span> 
     </span>
    </p>
   </div>
   <div class='ocr_carea' id='block_1_111' title="bbox 2750 5035 3316 5092">
    <p class='ocr_par' dir='ltr' id='par_1_111' title="bbox 2750 5035 3316 5092">
     <span class='ocr_line' id='line_1_111' title="bbox 2750 5035 3316 5092; baseline 0.004 -2"><span class='ocrx_word' id='word_1_911' title='bbox 2750 5035 2821 5090; x_wconf 91' lang='lat' dir='ltr'><strong>IN</strong></span> <span class='ocrx_word' id='word_1_912' title='bbox 2863 5036 3209 5092; x_wconf 84' lang='lat' dir='ltr'>PSALMUM</span> <span class='ocrx_word' id='word_1_913' title='bbox 3249 5037 3316 5092; x_wconf 89' lang='lat' dir='ltr'>X.</span> 
     </span>
    </p>
   </div>
   <div class='ocr_carea' id='block_1_112' title="bbox 2509 5125 3593 5200">
    <p class='ocr_par' dir='ltr' id='par_1_112' title="bbox 2509 5125 3593 5200">
     <span class='ocr_line' id='line_1_112' title="bbox 2509 5125 3593 5200; baseline 0.004 -22"><span class='ocrx_word' id='word_1_914' title='bbox 2509 5125 2762 5181; x_wconf 80' lang='lat' dir='ltr'>Trruws</span> <span class='ocrx_word' id='word_1_915' title='bbox 2798 5143 2810 5182; x_wconf 89' lang='lat'>:</span> <span class='ocrx_word' id='word_1_916' title='bbox 2843 5125 2908 5180; x_wconf 85' lang='lat' dir='ltr'>In</span> <span class='ocrx_word' id='word_1_917' title='bbox 2936 5126 3102 5196; x_wconf 81' lang='lat' dir='ltr'>ﬁnem</span> <span class='ocrx_word' id='word_1_918' title='bbox 3123 5129 3372 5200; x_wconf 73' lang='lat' dir='ltr'>psalmus</span> <span class='ocrx_word' id='word_1_919' title='bbox 3402 5127 3593 5185; x_wconf 81' lang='lat' dir='ltr'>David.</span> 
     </span>
    </p>
   </div>
   <div class='ocr_carea' id='block_1_113' title="bbox 2275 5214 3862 5287">
    <p class='ocr_par' dir='ltr' id='par_1_113' title="bbox 2275 5214 3862 5287">
     <span class='ocr_line' id='line_1_113' title="bbox 2275 5214 3862 5287; baseline 0.001 -15"><span class='ocrx_word' id='word_1_920' title='bbox 2275 5241 2302 5272; x_wconf 78' lang='grc' dir='ltr'>α</span> <span class='ocrx_word' id='word_1_921' title='bbox 2325 5215 2386 5270; x_wconf 91' lang='lat' dir='ltr'>In</span> <span class='ocrx_word' id='word_1_922' title='bbox 2413 5214 2711 5270; x_wconf 81' lang='lat' dir='ltr'>Domino.»</span> <span class='ocrx_word' id='word_1_923' title='bbox 2729 5215 2842 5270; x_wconf 86' lang='lat' dir='ltr'>Iste</span> <span class='ocrx_word' id='word_1_924' title='bbox 2856 5214 3077 5270; x_wconf 90' lang='lat' dir='ltr'>scilicet</span> <span class='ocrx_word' id='word_1_925' title='bbox 3099 5215 3364 5287; x_wconf 90' lang='lat' dir='ltr'>psalmus</span> <span class='ocrx_word' id='word_1_926' title='bbox 3383 5217 3652 5274; x_wconf 90' lang='lat' dir='ltr'>convenit</span> <span class='ocrx_word' id='word_1_927' title='bbox 3675 5217 3862 5273; x_wconf 86' lang='lat' dir='ltr'>David</span> 
     </span>
    </p>
   </div>
   <div class='ocr_carea' id='block_1_114' title="bbox 2206 5302 3861 5379">
    <p class='ocr_par' dir='ltr' id='par_1_114' title="bbox 2206 5302 3861 5379">
     <span class='ocr_line' id='line_1_114' title="bbox 2206 5302 3861 5379; baseline 0.001 -19"><span class='ocrx_word' id='word_1_928' title='bbox 2206 5304 2517 5378; x_wconf 57' lang='lat' dir='ltr'>prophetae,</span> <span class='ocrx_word' id='word_1_929' title='bbox 2546 5303 2644 5375; x_wconf 90' lang='lat' dir='ltr'>qui</span> <span class='ocrx_word' id='word_1_930' title='bbox 2672 5308 2728 5358; x_wconf 87' lang='lat' dir='ltr'>et</span> <span class='ocrx_word' id='word_1_931' title='bbox 2753 5303 2848 5358; x_wconf 90' lang='lat' dir='ltr'>hic</span> <span class='ocrx_word' id='word_1_932' title='bbox 2878 5302 3157 5376; x_wconf 87' lang='lat' dir='ltr'>loquitur,</span> <span class='ocrx_word' id='word_1_933' title='bbox 3177 5305 3436 5379; x_wconf 88' lang='lat' dir='ltr'>dirigens</span> <span class='ocrx_word' id='word_1_934' title='bbox 3467 5305 3766 5364; x_wconf 88' lang='lat' dir='ltr'>auditores</span> <span class='ocrx_word' id='word_1_935' title='bbox 3799 5307 3861 5362; x_wconf 90' lang='lat' dir='ltr'>in</span> 
     </span>
    </p>
   </div>
   <div class='ocr_carea' id='block_1_115' title="bbox 2207 5391 3862 5470">
    <p class='ocr_par' dir='ltr' id='par_1_115' title="bbox 2207 5391 3862 5470">
     <span class='ocr_line' id='line_1_115' title="bbox 2207 5391 3862 5470; baseline 0.002 -20"><span class='ocrx_word' id='word_1_936' title='bbox 2207 5393 2468 5462; x_wconf 81' lang='lat' dir='ltr'>ﬁnem,id</span> <span class='ocrx_word' id='word_1_937' title='bbox 2483 5391 2642 5448; x_wconf 88' lang='lat' dir='ltr'>estin</span> <span class='ocrx_word' id='word_1_938' title='bbox 2655 5392 3403 5451; x_wconf 88' lang='lat' dir='ltr'>Christum.Intenditenim</span> <span class='ocrx_word' id='word_1_939' title='bbox 3417 5397 3476 5452; x_wconf 92' lang='lat' dir='ltr'>in</span> <span class='ocrx_word' id='word_1_940' title='bbox 3498 5396 3607 5452; x_wconf 90' lang='lat' dir='ltr'>hoc</span> <span class='ocrx_word' id='word_1_941' title='bbox 3627 5395 3862 5470; x_wconf 89' lang='lat' dir='ltr'>psalmo</span> 
     </span>
    </p>
   </div>
   <div class='ocr_carea' id='block_1_116' title="bbox 2205 5482 3865 5544">
    <p class='ocr_par' dir='ltr' id='par_1_116' title="bbox 2205 5482 3865 5544">
     <span class='ocr_line' id='line_1_116' title="bbox 2205 5482 3865 5544; baseline 0.002 -6"><span class='ocrx_word' id='word_1_942' title='bbox 2205 5501 2312 5539; x_wconf 88' lang='lat' dir='ltr'>nos</span> <span class='ocrx_word' id='word_1_943' title='bbox 2343 5484 2656 5538; x_wconf 88' lang='lat' dir='ltr'>admonere</span> <span class='ocrx_word' id='word_1_944' title='bbox 2697 5487 2762 5536; x_wconf 89' lang='lat' dir='ltr'>ut</span> <span class='ocrx_word' id='word_1_945' title='bbox 2791 5482 3136 5540; x_wconf 86' lang='lat' dir='ltr'>resistamus</span> <span class='ocrx_word' id='word_1_946' title='bbox 3164 5484 3468 5542; x_wconf 71' lang='lat' dir='ltr'>haereticis.</span> <span class='ocrx_word' id='word_1_947' title='bbox 3498 5486 3742 5542; x_wconf 88' lang='lat' dir='ltr'>Materia</span> <span class='ocrx_word' id='word_1_948' title='bbox 3770 5490 3865 5544; x_wconf 87' lang='lat' dir='ltr'>cst</span> 
     </span>
    </p>
   </div>
   <div class='ocr_carea' id='block_1_117' title="bbox 2205 5571 3864 5646">
    <p class='ocr_par' dir='ltr' id='par_1_117' title="bbox 2205 5571 3864 5646">
     <span class='ocr_line' id='line_1_117' title="bbox 2205 5571 3864 5646; baseline 0.001 -17"><span class='ocrx_word' id='word_1_949' title='bbox 2205 5573 2494 5642; x_wconf 87' lang='lat' dir='ltr'>Christus,</span> <span class='ocrx_word' id='word_1_950' title='bbox 2509 5573 2578 5628; x_wconf 89' lang='lat' dir='ltr'>de</span> <span class='ocrx_word' id='word_1_951' title='bbox 2611 5588 2728 5644; x_wconf 91' lang='lat' dir='ltr'>qua</span> <span class='ocrx_word' id='word_1_952' title='bbox 2756 5571 2839 5628; x_wconf 90' lang='lat' dir='ltr'>sic</span> <span class='ocrx_word' id='word_1_953' title='bbox 2869 5571 3008 5645; x_wconf 88' lang='lat' dir='ltr'>agit.</span> <span class='ocrx_word' id='word_1_954' title='bbox 3033 5572 3298 5630; x_wconf 91' lang='lat' dir='ltr'>Ostendit</span> <span class='ocrx_word' id='word_1_955' title='bbox 3317 5591 3453 5631; x_wconf 91' lang='lat' dir='ltr'>enm</span> <span class='ocrx_word' id='word_1_956' title='bbox 3483 5574 3544 5630; x_wconf 90' lang='lat' dir='ltr'>in</span> <span class='ocrx_word' id='word_1_957' title='bbox 3566 5575 3864 5646; x_wconf 79' lang='lat' dir='ltr'>istojudi~</span> 
     </span>
    </p>
   </div>
   <div class='ocr_carea' id='block_1_118' title="bbox 2207 5661 3867 5746">
    <p class='ocr_par' dir='ltr' id='par_1_118' title="bbox 2207 5661 3867 5746">
     <span class='ocr_line' id='line_1_118' title="bbox 2207 5661 3867 5746; baseline 0.003 -23"><span class='ocrx_word' id='word_1_958' title='bbox 2207 5665 2294 5724; x_wconf 89' lang='lat' dir='ltr'>cio</span> <span class='ocrx_word' id='word_1_959' title='bbox 2315 5679 2421 5721; x_wconf 90' lang='lat' dir='ltr'>suo</span> <span class='ocrx_word' id='word_1_960' title='bbox 2443 5661 2730 5738; x_wconf 87' lang='lat' dir='ltr'>quosdam</span> <span class='ocrx_word' id='word_1_961' title='bbox 2746 5666 3122 5738; x_wconf 73' lang='lat' dir='ltr'>excaecare,ut</span> <span class='ocrx_word' id='word_1_962' title='bbox 3140 5665 3280 5746; x_wconf 62' lang='lat' dir='ltr'>sunt</span> <span class='ocrx_word' id='word_1_963' title='bbox 3298 5663 3867 5732; x_wconf 58' lang='lat' dir='ltr'>hwaeﬁciﬂstendit</span> 
     </span>
    </p>
   </div>
  </div>
