4070 6180
210 346 313 416 233

1378 352 1894 416 EXPLANATIO
1933 354 2014 415 IN
2059 356 2438 419 PSALMOS.

3496 368 3614 427 234

272 511 293 534 ιι
315 485 382 540 Et
400 499 713 557 usquequo
737 483 1108 552 exaltabitur,
1128 515 1152 539 ιο
1179 484 1238 541 id
1270 490 1380 554 est,
1413 485 1817 542 dominabitur
1833 486 1862 541 ‘I
1886 484 1939 554 Α
1970 485 2244 544 dicebant
2273 488 2586 547 illudentes
2602 490 2682 548 ei:
2706 491 2801 547 «Si
2827 491 3008 550 Filius
3028 493 3131 550 Dei
3153 498 3263 563 est,
3294 496 3618 553 descendat

209 576 336 632 Ante
364 574 689 629 adventum
717 573 874 631 enim
927 573 1146 630 Christi
1182 574 1469 630 exaltatus
1498 576 1569 631 de
1600 576 1860 632 humana

208 661 531 735 captivitate
562 662 858 735 gaudebat
893 680 906 718 :
941 662 1081 735 quia
1123 663 1303 718 etiam
1346 665 1542 735 justos
1574 663 1859 721 retinebat

207 750 522 809 cinimicus
544 768 766 818 meus,»
790 751 848 807 id
878 758 969 808 est
998 752 1269 808 diabolus
1296 770 1309 821 ;
1343 752 1699 809 exaltabitur
1727 754 1856 809 dies

210 857 414 912 «super
434 856 532 895 me
556 869 581 893 υ
604 844 662 895 et
683 839 830 896 alios
862 841 1179 896 bonos.Hic
1214 841 1378 912 ponit
1406 842 1769 914 petitionem,
1792 847 1856 898 ut
1911 873 1922 890 ο

208 930 382 985 mittat
414 944 601 1001 quem
650 930 945 985 missurus
977 935 1087 985 est.
1120 930 1493 986 Continuatio
1526 949 1537 986 :
1575 932 1853 988 Inimicus

204 1017 479 1074 exaltatus
505 1023 618 1088 est,
637 1019 741 1074 sed
766 1022 850 1087 tu,
874 1019 1143 1085 Domine,
1167 1045 1188 1069 «
1215 1022 1436 1093 respice
1457 1040 1481 1065 η
1515 1022 1685 1076 nobis
1715 1023 1850 1077 mit-

207 1108 361 1163 tendo
393 1106 614 1163 Filium
645 1112 816 1163 tuum
842 1124 856 1162 :
890 1108 1114 1180 respice
1152 1107 1293 1164 dicit
1322 1114 1527 1167 contra
1555 1110 1665 1166 hoc
1693 1112 1850 1182 quod

205 1195 462 1268 superius
494 1195 741 1265 dixerat,
770 1197 983 1253 avertis
1040 1196 1270 1265 faciem,
1306 1216 1331 1242 α
1352 1200 1559 1255 exaudi
1592 1217 1704 1270 me,
1737 1200 1846 1255 Do-

206 1285 533 1354 mine,Deus
565 1301 735 1341 meus
765 1315 789 1340 ››
820 1285 1123 1342 liberando
1155 1304 1189 1341 a
1216 1286 1469 1359 diabolo,
1500 1291 1557 1342 et
1585 1288 1645 1343 in
1677 1305 1845 1362 para-

204 1376 378 1431 disum
411 1375 777 1431 reducendo.

262 1464 506 1537 Respice
539 1464 830 1520 mittendo
852 1463 1065 1520 Filium
1100 1482 1112 1519 :
1146 1470 1203 1520 et
1232 1465 1282 1521 si
1313 1484 1429 1521 non
1458 1466 1546 1521 vis
1575 1472 1697 1522 tam
1730 1468 1844 1523 cito

202 1554 438 1619 mittere,
454 1552 674 1609 saltem
702 1573 725 1597 α
750 1551 1017 1609 illumina
1047 1554 1247 1610 oculos
1278 1572 1439 1611 meos
1462 1574 1485 1597 η
1509 1555 1732 1611 scilicet
1763 1556 1846 1611 in-

201 1642 448 1710 teriores,
485 1646 555 1697 ut
581 1642 834 1698 habeam
866 1642 937 1698 de
984 1660 1050 1698 eo
1084 1659 1287 1699 verum
1317 1643 1679 1700 intellectum
1713 1671 1740 1701 α
1771 1662 1843 1701 ne

202 1752 224 1777 α
245 1748 505 1804 unquam
528 1730 897 1787 obdormiam
918 1732 981 1785 in
1002 1736 1248 1788 mortem
1263 1753 1286 1778 »
1305 1751 1409 1805 per
1422 1733 1839 1807 negligentiam

1967 575 2039 629 de
2088 592 2259 633 cruce
2288 582 2347 633 et
2379 578 2682 635 credimus
2728 578 2781 635 ei
2828 580 3034 650 (Matth.
3065 584 3263 655 xxvu).
3302 606 3325 633 »
3358 584 3428 640 Et
3455 584 3622 658 ponit

1965 679 2207 719 causam
2263 682 2444 738 quare
2501 667 2611 724 hoc
2674 667 2952 741 dicerent,
2987 670 3126 742 quia
3155 672 3423 729 excaecati
3454 674 3621 731 erant

1966 756 2203 824 propter
2232 760 2492 826 peccata.
2526 756 2898 812 Continuatio
2931 773 2945 811 :

2039 863 2066 890 ‹‹
2094 843 2207 896 lloc
2230 844 2375 899 dixit
2401 843 2739 917 insipiens,»
2757 851 2815 900 et
2845 846 2953 901 hoc
2983 847 3112 902 ideo
3144 848 3285 920 quia
3308 878 3331 901 ‹‹
3355 850 3613 921 corrupti

1961 934 2122 999 sunt,
2156 953 2183 981 ››
2218 932 2275 987 id
2301 937 2391 988 est
2419 951 2454 988 a
2501 934 2727 990 ratione
2778 935 3047 990 veritatis
3097 937 3465 1009 decedentes,
3501 960 3525 987 α
3558 942 3617 994 et

1960 1019 2437 1089 abominabiles,»
2458 1022 2514 1077 id
2546 1026 2635 1077 est
2665 1022 3040 1078 detestabiles
3071 1041 3175 1096 per
3204 1025 3392 1082 malos
3421 1031 3609 1097 actus,

1963 1107 2149 1163 «facti
2181 1113 2319 1164 sunt
2338 1110 2395 1164 in
2428 1111 2643 1166 studiis
2676 1110 2854 1179 suis,»
2877 1112 2934 1166 id
2959 1115 3047 1167 est
3066 1114 3226 1168 omni
3248 1115 3444 1170 studio
3464 1116 3608 1171 sein

1956 1200 2124 1253 actus
2154 1199 2529 1272 turpissimos
2551 1199 3460 1274 demerserunt,intantum,quod
3479 1204 3608 1275 jam

1960 1307 1989 1335 «
2021 1303 2135 1341 non
2168 1292 2260 1344 est
2290 1312 2314 1335 »
2349 1289 2565 1362 aliquis
2597 1289 2753 1344 inter
2782 1305 2881 1345 eos
2912 1310 2937 1336 α
2969 1288 3070 1361 qui
3100 1290 3277 1347 faciat
3301 1292 3544 1359 bonum,
3579 1315 3603 1345 ι

1955 1378 2014 1429 et
2044 1376 2181 1447 quia
2212 1378 2481 1448 quaedam
2537 1378 2830 1433 faciebant
2877 1393 3005 1449 qua:
3054 1377 3207 1434 bona
3236 1378 3606 1447 videbantur,

1952 1465 2210 1519 ostendit
2235 1482 2304 1520 ea
2330 1483 2445 1521 non
2477 1483 2605 1522 esse
2637 1466 2812 1536 bona,
2844 1467 2984 1539 quia
3012 1494 3036 1520 ‹‹
3059 1485 3174 1524 non
3200 1473 3289 1524 est
3311 1488 3336 1513 η
3369 1468 3607 1542 aliquis,

1961 1552 2119 1623 aqui
2178 1554 2355 1610 faciat
2409 1556 2687 1612 bonum»
2745 1557 2930 1612 donec
2986 1558 3181 1614 veniat
3209 1578 3233 1603 υ
3288 1575 3476 1631 usque
3534 1561 3607 1619 ad

1952 1658 2159 1709 unum,
2194 1669 2217 1693 υ
2250 1643 2306 1698 id
2339 1649 2430 1699 est
2486 1661 2676 1716 usque
2734 1646 2807 1700 ad
2863 1646 3184 1702 Christum.
3216 1647 3391 1705 Solus
3446 1648 3604 1704 enim

1950 1730 2220 1786 Christus
2243 1736 2331 1787 est
2355 1732 2479 1788 sine
2501 1750 2616 1805 quo
2649 1734 2887 1806 aliquod
2908 1735 3130 1790 bonum
3152 1736 3417 1792 humana
3432 1737 3606 1810 fragi-

199 1820 929 1923 bumanrei‘nﬁrmitatismt
940 1819 1023 1919 sic
1042 1821 1584 1923 eundo‘in‘mortem
1607 1822 1837 1922 animae.
1868 1856 1919 1923 Β
1948 1817 2081 1874 litas
2106 1819 2293 1919 facere
2314 1838 2431 1923 n‘on
2453 1825 2647 1923 potest
2667 1822 2741 1877 ad
2762 1839 2939 1894 quem
2962 1827 3405 1923 postquam‘per
3424 1825 3600 1882 fidem

198 1910 256 1964 Et
266 1909 439 1965 etiam
452 1908 1124 1976 illumina,neinstinctu
1147 1909 1360 1966 diaboli
1375 1912 1573 1967 seduci
1586 1911 1837 1983 possim:

196 2002 245 2054 et
268 1998 373 2055 hoc
405 2002 506 2055 est
536 1998 696 2071 quod
726 1997 870 2053 dicit
899 2017 922 2042 «
953 2016 1025 2055 ne
1065 2001 1299 2071 quando
1355 1999 1511 2055 dicat
1562 2000 1839 2057 inimicus

201 2114 220 2136 α
240 2104 451 2155 meus,»
475 2086 541 2143 id
573 2091 666 2143 est
697 2087 986 2159 diabolus,
1013 2113 1036 2137 α
1057 2088 1329 2160 praevalui
1348 2090 1626 2146 adversus
1649 2107 1837 2146 eum.»

254 2176 328 2232 Ne
377 2175 546 2231 dicat
572 2192 601 2224 α
631 2176 927 2248 ρι’ωναίιιὶ,
958 2200 981 2223 υ
1010 2178 1150 2250 quia
1186 2197 1211 2222 α
1243 2179 1292 2234 si
1342 2183 1538 2235 motus
1595 2180 1778 2249 fuero,
1812 2210 1836 2235 ››

193 2266 399 2321 scilicet
420 2282 457 2321 a
477 2265 782 2338 proposito
795 2264 930 2321 boni
952 2264 1197 2338 operis,«
1219 2268 1598 2324 exsultabunt
1618 2270 1719 2341 qui
1746 2270 1842 2324 tri-

191 2353 382 2410 bulant
417 2371 537 2424 me,
571 2375 596 2400 »
634 2372 884 2427 quorum
914 2355 1360 2412 exsultationem
1404 2375 1707 2429 nunquam
1739 2360 1837 2415 de-

188 2444 279 2500 bes
297 2444 598 2517 pati,quia
619 2444 736 2517 ipsi
761 2448 902 2500 sunt
929 2443 1149 2500 inimici
1182 2445 1354 2514 tui,et
1382 2446 1759 2502 exsultabant
1788 2448 1837 2503 si

184 2539 373 2590 motus
408 2534 599 2603 fuero,
636 2534 738 2589 sed
771 2550 878 2606 ego
907 2550 1023 2589 non
1057 2535 1354 2603 movebor,
1387 2537 1525 2608 quia
1555 2563 1584 2593 α
1611 2536 1837 2609 speravi

182 2623 240 2678 in
258 2622 672 2679 misericordia
690 2627 812 2691 tua,
842 2650 864 2675 υ
895 2628 953 2678 et
980 2621 1042 2678 in
1074 2623 1184 2679 hoc
1214 2625 1286 2680 de
1315 2626 1660 2696 praecedenti
1693 2626 1837 2681 inci-

180 2712 261 2784 pit
281 2714 353 2769 de
386 2710 707 2785 patientia.

246 2822 270 2846 σι
292 2803 362 2857 Et
384 2801 625 2874 speravi
647 2800 708 2855 in
752 2799 1155 2857 misericordia
1196 2806 1299 2858 tua
1323 2820 1335 2858 :
1364 2827 1386 2851 »
1419 2808 1477 2859 et
1502 2803 1633 2860 ideo
1659 2805 1835 2859 etiam

180 2889 225 2945 si
252 2890 448 2947 oculis
480 2907 602 2945 non
631 2889 863 2946 videam
892 2889 1088 2963 ipsum
1117 2891 1437 2963 Christum,
1470 2897 1667 2949 tamen
1692 2922 1715 2945 (ι
1739 2911 1839 2949 cor

180 2996 367 3036 meum
431 2979 755 3035 exsultabit
796 2978 857 3034 in
904 2979 1156 3035 Salutari
1190 2985 1311 3049 tuo,
1336 2998 1365 3029 ι
1396 2981 1460 3057 id.
1487 2986 1577 3038 est
1605 2983 1662 3038 in
1695 2983 1835 3039 Jesu

179 3072 309 3137 tuo;
348 3074 414 3126 et
471 3069 559 3125 illi
616 3068 722 3125 tali
778 3089 803 3114 (ι
835 3068 1083 3125 Domino
1140 3071 1387 3126 cantabo
1418 3097 1445 3129 π
1477 3077 1694 3140 mente,
1729 3094 1752 3118 α
1779 3078 1838 3129 et

176 3158 427 3229 psallam
463 3180 486 3203 ιι
515 3159 674 3214 bona
729 3158 1065 3230 operatione
1096 3182 1121 3207 α
1150 3158 1374 3214 nomini
1432 3161 1685 3228 Domini,
1720 3180 1743 3204 »
1776 3161 1834 3216 id

1948 1908 2568 1979 pervenimus,bonum
2600 1911 2789 1967 facere
2819 1913 3336 1984 possumus.Unde
3353 1915 3601 1986 Aposto-

1948 1996 2079 2052 lus:
2117 2016 2140 2042 «
2167 1998 2353 2055 Omne
2411 2000 2566 2071 quod
2629 2017 2745 2055 non
2789 2005 2880 2056 est
2908 2018 2977 2058 ex
3008 2002 3143 2071 fide,
3176 2006 3480 2074 peccatum
3509 2007 3601 2060 est

1946 2087 2120 2154 (Rom.
2150 2087 2287 2160 xxv).
2318 2115 2343 2141 ι)

2020 2175 2135 2248 Ipsi
2158 2176 2362 2232 dicunt
2382 2180 2539 2250 quod
2561 2178 2737 2234 homo
2760 2179 2857 2234 illo
2878 2196 2992 2235 non
3016 2183 3107 2236 est
3128 2181 3414 2249 Deus,sed
3446 2180 3599 2239 male

1947 2264 2172 2334 dicunt,
2202 2266 2342 2339 quia
2371 2267 2525 2323 Deus
2554 2272 2646 2323 est
2679 2285 2692 2323 :
2727 2272 2785 2324 et
2814 2268 2924 2325 hoc
2948 2272 3038 2324 est
3066 2290 3094 2320 »
3129 2268 3414 2325 Dominus
3444 2270 3600 2327 Deus

1951 2376 1973 2402 ι
2006 2354 2322 2426 prospexit,
2345 2382 2373 2413 υ
2405 2356 2464 2411 id
2497 2361 2587 2412 est
2616 2357 2893 2414 misertus
2914 2361 3006 2414 est
3035 2380 3058 2407 (ι
3091 2359 3163 2415 de
3189 2358 3353 2430 ccelo,
3377 2381 3401 2407 »
3434 2359 3603 2417 idest

1947 2442 2019 2498 de
2049 2442 2415 2500 humanitate
2449 2461 2463 2500 :
2498 2461 2626 2517 quae
2658 2446 2787 2502 ideo
2817 2447 3032 2503 ccclum
3062 2447 3298 2517 dicitur,
3332 2448 3474 2521 quia
3503 2465 3598 2505 se-

1946 2535 2105 2587 creta
2130 2532 2326 2589 divina
2353 2533 2405 2590 ei
2435 2535 2755 2591 commissa
2786 2535 3054 2594 sunt.Vel
3076 2536 3216 2610 quia
3244 2536 3399 2593 sicut
3427 2537 3601 2594 calin

1946 2622 2344 2678 terraexaltati
2368 2628 2525 2690 sunt,
2546 2623 2632 2679 sic
2664 2624 2763 2679 illa
2792 2612 3132 2681 humanitas
3164 2642 3345 2699 supra
3363 2642 3598 2682 omnem

1944 2714 2274 2766 creaturam
2306 2710 2558 2767 exaltata
2587 2716 2694 2767 est.
2716 2713 2989 2785 Respexit
3019 2714 3148 2769 dico
3176 2733 3209 2764 »ο
3238 2731 3417 2786 super
3444 2714 3599 2771 ﬁlios

1945 2799 2277 2866 hominum,
2312 2830 2335 2853 η
2368 2804 2425 2855 et
2474 2802 2547 2856 ad
2604 2800 2715 2857 hoc
2773 2801 2996 2857 scilicet
3027 2820 3051 2846 ‹‹
3084 2805 3149 2857 ut
3175 2802 3386 2871 videat,
3419 2820 3448 2851 ιο
3480 2820 3596 2859 non

1944 2889 2101 2960 quod
2124 2888 2345 2960 aliquid
2382 2906 2517 2945 eum
2539 2888 2732 2955 lateat,
2766 2891 2865 2946 sed
2891 2894 2954 2945 ut
2972 2888 3120 2946 alios
3140 2890 3315 2946 faciat
3334 2894 3599 2962 patenter

1942 2979 2138 3033 videre
2172 2995 2184 3032 :
2218 2977 2327 3033 hoc
2357 2977 2577 3034 scilicet
2608 2997 2632 3022 ιι
2663 2979 2712 3033 si
2742 2983 2833 3034 est
2859 2993 2887 3025 υ
2921 2978 3136 3051 aliquis
3164 2997 3188 3023 α
3217 2978 3593 3051 intelligens»

1943 3084 2078 3124 eum
2135 3083 2263 3123 sese
2318 3067 2541 3136 Deum;
2576 3072 2680 3123 aut
2737 3071 3050 3141 postquam
3110 3066 3479 3134 intellexerit,
3518 3068 3597 3124 sit

1947 3185 1969 3208 α
2002 3156 2326 3229 requirens,
2362 3176 2386 3201 »
2419 3157 2574 3213 bona
2603 3157 2959 3229 operatione.

176 3227 259 3301 est
285 3248 360 3303 ad
392 3227 893 3320 ampliﬁcandum
923 3263 1135 3302 nomen
1158 3247 1316 3303 illius
1338 3227 1835 3306 Dominiaaltissi-
1865 3227 1908 3295 (ἶ
2020 3227 2145 3319 Ipse
2172 3246 2599 3319 prospexit,sed
2625 3227 2659 3289 «—
2672 3261 2877 3302 omnes
2907 3246 3396 3315 declinaverunt,»
3419 3245 3481 3301 id
3508 3251 3598 3303 est

176 3336 249 3390 mi
284 3357 306 3379 η
339 3341 405 3392 et
438 3335 673 3404 merito,
704 3335 843 3408 quia
899 3336 1027 3409 ipse
1083 3340 1171 3392 est
1204 3356 1228 3381 α
1260 3337 1363 3409 qui
1420 3343 1573 3394 bona
1630 3338 1838 3395 tribuit

177 3425 369 3481 mihi.»
406 3426 523 3482 Per
548 3442 577 3474 α
596 3426 889 3481 cantabo»
913 3425 1253 3495 theoricam,
1280 3427 1336 3482 id
1360 3430 1448 3483 est
1476 3428 1835 3500 contempla-

172 3513 344 3571 tivam
366 3516 585 3584 vitam,
604 3519 916 3588 notat:per
937 3536 959 3560 α
974 3515 1262 3588 psallam»
1287 3518 1625 3590 praetic’am,
1659 3518 1716 3574 id
1747 3522 1838 3575 est

169 3605 445 3661 activam.

684 3694 756 3750 IN
798 3694 1148 3751 PSALMUM
1188 3695 1333 3752 XIII.

474 3785 757 3840 Trrums.
790 3785 853 3839 In
881 3785 1047 3856 ﬁnem
1070 3786 1316 3856 psalmus
1344 3786 1535 3841 David.

236 3892 259 3915 α
282 3873 452 3929 Dixit
484 3872 795 3946 insipiens.
817 3897 845 3927 ι)
878 3873 1148 3931 Psalmus
1200 3874 1311 3931 iste
1357 3876 1625 3931 convenit
1654 3876 1832 3932 David

166 3963 497 4035 propheta,
527 3962 618 4019 vel
650 3962 833 4020 cuivis
855 3964 1041 4034 justo.
1073 3966 1390 4037 Apponunt
1446 3966 1689 4037 quidam
1721 3965 1833 4039 ipsi

163 4047 369 4123 David,
404 4056 469 4108 et
499 4057 644 4108 tunc
684 4056 955 4108 convenit
985 4052 1092 4109 soli
1124 4053 1350 4109 Christo
1386 4070 1398 4109 :
1434 4054 1695 4127 dirigens
1726 4073 1831 4111 nos

163 4136 221 4199 in
254 4140 467 4207 tinem,
496 4142 555 4197 id
586 4146 679 4197 est
705 4142 766 4196 in
796 4140 1116 4197 Christum.
1150 4143 1391 4199 Materia
1438 4148 1529 4199 est
1564 4144 1833 4200 Christus

162 4227 437 4286 visitator
465 4230 528 4285 in
559 4230 674 4287 hoc
705 4230 934 4303 psalmo
977 4247 1093 4288 non
1124 4235 1393 4304 receptus
1425 4250 1460 4288 a
1486 4233 1728 4301 Judazis,
1761 4234 1832 4289 de

161 4332 277 4388 qua
305 4320 399 4376 sic
430 4319 558 4393 agit
581 4336 595 4374 :
617 4320 888 4393 Increpat
914 4320 1151 4377 Judaaos
1183 4322 1337 4394 quod
1371 4339 1506 4378 eum
1538 4340 1653 4378 non
1678 4339 1829 4379 rece-

164 4414 402 4477 perunt,
425 4408 717 4465 describit
742 4410 1082 4465 Judazorum
1112 4410 1421 4482 malitiam,
1440 4412 1834 4468 comminatur

162 4494 245 4549 eis
276 4496 340 4551 in
372 4497 497 4553 ﬁne
523 4515 538 4553 :
572 4497 820 4553 intentio
851 4502 943 4553 est
972 4514 1079 4554 nos
1136 4498 1357 4555 hortari
1390 4502 1463 4556 ad
1495 4501 1692 4557 ﬁdem.
1728 4502 1834 4559 Per

164 4579 272 4639 hoc
291 4587 462 4658 quod
482 4586 753 4659 increpat
771 4602 872 4643 eos
892 4587 962 4642 de
994 4587 1404 4644 incredulitate
1426 4592 1483 4645 et
1507 4592 1835 4649 commina-
1866 4601 1914 4666 D

160 4675 255 4728 tur
282 4674 399 4741 eis,
442 4679 643 4732 monet
670 4679 737 4731 ut
767 4692 882 4731 non
915 4675 1104 4732 simus
1135 4677 1418 4733 increduli
1462 4681 1563 4735 sed
1614 4682 1833 4740 fideles.

164 4760 279 4817 Vox
299 4764 496 4820 David
527 4764 827 4837 prophetis
852 4781 866 4820 :
896 4769 954 4820 et
982 4764 1190 4837 incipit
1221 4767 1293 4821 ab
1322 4767 1720 4840 increpatione
1751 4772 1834 4827 sic

158 4850 366 4908 dicens
400 4869 420 4907 :

226 4961 251 4985 α
278 4939 641 5012 Ιῐιείρίθῐιε,η
676 4941 735 4995 id
769 4946 859 4997 est
888 4941 1141 5014 populus
1172 4941 1269 4998 ille
1298 4943 1724 5015 Judaicus,non
1758 4951 1839 5000 at-

154 5028 421 5085 tendens
446 5028 636 5102 legem
654 5033 715 5084 et
746 5030 1081 5103 prophetas,
1118 5031 1177 5086 in
1208 5032 1425 5103 quibus
1456 5033 1724 5091 Christus
1755 5036 1838 5091 eis

154 5118 753 5187 promissus‘fuerat,
790 5136 895 5175 nec
926 5121 1236 5175 attendens
1265 5120 1439 5176 vitam
1474 5124 1602 5194 ejus
1632 5124 1842 5179 immu-

153 5223 289 5262 nem
316 5225 355 5262 a
377 5213 651 5279 peccato,
686 5225 793 5263 nec
825 5202 1110 5264 miracula
1139 5227 1266 5282 quae
1297 5210 1564 5267 Christus
1596 5213 1844 5268 faciebat

152 5314 175 5339 ι
198 5297 361 5351 dixit
384 5315 413 5339 ι
442 5302 628 5365 ore,et
651 5302 715 5352 ut
735 5300 926 5371 magis
958 5298 1282 5370 nequitiam
1314 5316 1515 5355 eorum
1547 5306 1841 5373 aggravet,

148 5390 203 5442 et
235 5385 357 5442 hoc
398 5385 667 5442 habebat
699 5404 722 5427 ιι
756 5388 817 5442 in
849 5388 1023 5442 corde
1048 5404 1154 5442 suo
1180 5386 1421 5455 scilicet,
1459 5410 1480 5431 »
1513 5391 1668 5460 quod
1700 5391 1844 5445 fece-

149 5480 403 5545 rat,non
438 5473 735 5531 habemus
762 5475 875 5532 hoc
899 5494 932 5532 a
952 5476 1078 5548 lege
1110 5480 1165 5531 et
1196 5476 1601 5549 prophetiszet
1615 5477 1722 5534 hoc
1737 5480 1843 5533 sci-

146 5563 455 5635 licet,iste
492 5562 664 5620 homo
694 5564 799 5637 qui
827 5570 919 5621 est
947 5565 1246 5637 passibilis
1277 5569 1335 5620 et
1363 5565 1648 5633 mortalis,
1669 5568 1844 5624 fame-

144 5652 326 5728 licus,
364 5660 531 5723 etc.,
563 5677 591 5708 ε
621 5671 738 5711 non
767 5659 858 5711 est
883 5654 1059 5724 Deus,
1095 5685 1118 5708 ››
1152 5671 1258 5713 nec
1291 5654 1473 5711 Filius
1504 5654 1608 5713 Dei
1640 5673 1653 5713 :
1688 5659 1844 5717 unde

515 5780 784 5850 ΡΑτιιοι..
829 5781 1033 5851 CXVI.

1946 3352 2063 3390 non
2092 3338 2470 3391 curaverunt:
2503 3338 2600 3390 eta
2617 3334 2817 3404 simu},
2844 3364 2866 3388 η
2884 3335 2940 3391 id
2959 3340 3138 3401 estex
3157 3353 3274 3409 quo
3305 3333 3597 3392 declinare

1946 3427 2247 3496 cmperunt
2280 3446 2305 3472 α
2333 3423 2472 3482 facti
2522 3428 2662 3479 sunt
2707 3422 2966 3493 inutiles,
3001 3443 3026 3467 »
3057 3423 3117 3480 id
3148 3429 3239 3481 est
3276 3424 3596 3491 intentum,

1944 3514 2101 3585 quod
2134 3512 2374 3569 «nullus
2404 3517 2533 3569 est»
2567 3529 2770 3569 eorum
2800 3536 2828 3567 σ
2857 3513 2958 3587 qui
2990 3513 3129 3570 facit
3158 3515 3380 3571 bonum
3408 3530 3599 3589 usque

1944 3603 2016 3658 ad
2051 3619 2234 3657 unum
2263 3626 2289 3657 ι»
2322 3605 2388 3657 ut
2417 3619 2616 3674 supra.
2650 3603 2812 3667 Quod
2863 3602 3005 3658 dicit
3034 3622 3059 3648 ιι
3091 3619 3297 3659 omnes
3340 3603 3597 3661 declina»-

1941 3697 2170 3761 verunt,
2205 3721 2228 3746 ››
2261 3709 2375 3747 non
2434 3692 2506 3747 de
2563 3691 2839 3747 omnibus
2895 3691 3058 3758 dicit,
3094 3692 3195 3747 sed
3241 3692 3312 3746 de
3341 3689 3460 3747 illis
3494 3692 3593 3763 qui

1942 3781 2216 3837 dixerunt
2234 3798 2388 3835 «non
2411 3786 2500 3835 est
2530 3780 2702 3834 Deus.
2741 3805 2764 3829 ››
2798 3780 3090 3834 Hactenus
3121 3794 3221 3834 eos
3249 3777 3592 3849 increpavit,

1943 3871 2097 3941 quod
2127 3869 2489 3925 visitatorcm
2521 3886 2694 3924 suum
2729 3884 2841 3923 non
2877 3872 3220 3940 receperunt
3252 3883 3267 3922 :
3302 3883 3457 3922 nunc
3484 3883 3590 3923 au-

1940 3962 2059 4013 tem
2089 3975 2294 4013 eorum
2324 3956 2604 4013 describit
2637 3957 2981 4029 nequitiam.
3017 3957 3335 4013 Sciendum
3393 3960 3591 4012 autem

1942 4048 2095 4119 quod
2129 4047 2413 4119 propheta
2457 4047 2601 4102 istos
2652 4050 2771 4102 tres
2817 4050 3127 4119 sequentes
3155 4061 3361 4103 versus
3391 4046 3452 4102 in
3482 4044 3592 4101 hoc

1941 4135 2168 4208 psalmo
2198 4153 2314 4190 non
2346 4135 2565 4207 posuit,
2598 4135 2699 4190 sed
2743 4134 2883 4207 quia
2911 4133 3223 4207 Apostolus
3253 4130 3593 4191 Judacorum

1942 4225 2118 4280 ﬁdem
2148 4222 2461 4296 increpans
2494 4224 2553 4278 in
2586 4223 2835 4295 epistola
2862 4224 2934 4279 ad
2968 4224 3264 4281 Romanos
3312 4224 3473 4297 (Cap.
3507 4225 3594 4292 In)

1940 4308 2022 4369 ita
2050 4311 2631 4381 contexuit,Ecclesia
2655 4316 2851 4369 autem
2872 4313 3001 4384 ejus
3020 4317 3304 4385 tanquam
3326 4317 3385 4369 et
3412 4311 3595 4369 David

1941 4402 2348 4460 auctoritatem
2381 4402 2847 4474 attendens,ejus
2877 4402 3302 4458 contextionem
3336 4417 3452 4457 non
3473 4416 3598 4473 per-

1942 4490 2213 4549 mutavit.

2017 4606 2041 4629 α
2054 4582 2179 4637 Non
2198 4586 2287 4637 est
2309 4582 2407 4653 qui
2428 4581 2601 4637 faciat
2617 4580 2890 4651 bonum,»
2907 4580 3008 4637 sed
3034 4578 3226 4653 potius
3244 4581 3490 4652 «guttur
3508 4581 3599 4636 est

1947 4672 2282 4745 sepulcrum
2331 4677 2557 4743 patens,
2591 4670 2809 4742 linguis
2852 4671 2976 4726 suis
3025 4669 3222 4726 dolose
3266 4668 3538 4742 agebant,
3573 4693 3597 4719 ιι

1945 4764 2101 4819 sicut
2131 4778 2309 4833 supra
2331 4760 2659 4832 expositum
2686 4764 2805 4815 est:
2829 4763 2886 4814 et
2918 4780 2942 4805 ‹‹
2973 4759 3083 4815 sub
3113 4756 3287 4814 labiis
3315 4775 3540 4827 eorum,

1946 4851 1999 4907 id
2033 4856 2122 4907 est
2172 4851 2232 4904 in
2291 4850 2463 4904 corde
2519 4848 2782 4920 ipsorum
2841 4853 2931 4904 est
2964 4877 2987 4901 ‹‹
3015 4865 3328 4917 venenum,
3364 4877 3387 4901 »
3419 4847 3478 4901 id
3508 4850 3599 4901 est

1946 4941 2145 4996 odium
2188 4955 2409 4994 veneno
2454 4937 2846 5010 comparabile
2880 4955 2893 4993 :
2927 4938 3067 5010 quia
3112 4939 3265 4993 sicut
3309 4950 3597 4991 venenum

1949 5030 2129 5101 serpit
2159 5046 2262 5101 per
2291 5044 2497 5082 omnes
2526 5045 2724 5095 venas,
2759 5028 2913 5082 unde
2945 5031 3001 5082 et
3029 5041 3318 5083 venenum
3360 5022 3592 5091 dicitur,

1949 5120 2032 5174 ita
2061 5118 2205 5173 illud
2235 5117 2436 5172 odium
2470 5121 2656 5171 totum
2681 5117 2981 5172 hominem
3013 5118 3276 5185 occupat,
3297 5116 3362 5167 ut
3392 5126 3597 5167 omnes

1950 5208 2210 5263 hominis
2240 5207 2486 5262 virtutes
2517 5206 2804 5261 obstruat.
2836 5205 2981 5258 Cum
3014 5202 3155 5257 dicit
3185 5220 3213 5250 α
3240 5200 3535 5273 aspidum,
3570 5228 3595 5254 ι)

1952 5301 2116 5352 notat
2142 5296 2299 5369 quod
2329 5294 2475 5350 illud
2509 5294 2707 5349 odium
2742 5290 3177 5359 sitincurabile,
3211 5293 3271 5345 et
3300 5289 3455 5362 quod
3486 5288 3602 5361 ipsi

1950 5391 1979 5443 J
1990 5385 2135 5442 udaei
2160 5389 2429 5441 naturam
2453 5383 2675 5455 aspidis
2696 5379 3212 5452 habeant.Aspidis
3223 5378 3379 5434 enim
3394 5383 3604 5435 natura

1952 5482 2060 5545 est,
2085 5480 2151 5530 ut
2180 5475 2322 5529 dum
2348 5473 2704 5538 incantatur,
2740 5469 2939 5541 affigat
2969 5486 3148 5525 unam
3181 5486 3382 5525 aurern
3412 5473 3599 5537 terrae,

1952 5572 2010 5623 et
2024 5565 2267 5621 alteram
2285 5562 2472 5619 cauda
2495 5560 2779 5628 obstruat,
2808 5576 2879 5613 ne
2898 5557 3325 5615 incantationes
3356 5558 3557 5616 audiat
3588 5573 3603 5614 :

1950 5658 2036 5717 sic
2066 5658 2125 5713 et
2153 5652 2342 5713 Judaei
2392 5648 2655 5726 appetitu
2702 5653 3070 5709 terrenarum
3098 5652 3157 5709 et
3184 5646 3609 5710 consuetudine

3240 5778 3281 5847 8

3250 5852 3283 5864 .4
