4070 6180
453 353 570 418 235

874 349 1282 416 ΗΑΥΜΟΝ18
1313 344 1854 411 HALBERSTA'I‘.
1887 339 2130 404 EPISC.
2164 340 2335 402 OPP.
2367 338 2570 401 PARS
2595 335 2643 398 Ι.
2679 371 2756 381 —
2785 331 3193 399 COMMENT.
3231 330 3424 395 BIBL.

3729 329 3848 400 236

453 489 759 562 antiquam
779 487 1093 544 obstruunt
1111 498 1333 550 aurem,
1359 497 1432 536 ne
1461 477 1703 536 audiant
1730 473 2092 550 praedicatio-
2119 474 2176 542 Α
2204 472 2376 528 distis
2422 476 2711 544 quantum
2755 471 2826 526 ad
2855 487 2958 526 vos
2989 488 3014 515 α
3045 467 3354 525 consilium
3387 493 3412 519 ι)
3444 465 3594 536 ejus,
3623 462 3849 520 scilicet

451 595 586 635 nem
617 574 959 632 Christi.Vel
989 574 1157 630 aliter
1189 591 1212 613 α
1243 587 1531 626 venenum
1564 567 1835 640 aspidum
1866 567 1954 620 est
1983 563 2094 618 sub

448 667 623 723 labiis
651 681 874 732 eorum,
908 683 931 708 »
967 663 1023 716 id
1055 666 1147 717 est
1175 660 1422 716 inferius
1459 674 1635 730 quam
1664 655 1840 710 verba
1867 669 2091 719 eorum,

449 755 588 828 quia
608 752 798 826 magis
818 753 957 806 sunt
977 749 1790 817 nociva'verbaoorum,quam
1806 755 2092 798 venenum

449 844 744 917 aspidum.

523 957 549 984 «ι
569 937 826 999 Quorum
848 949 914 988 os
936 929 1174 1002 plenum
1194 931 1283 984 est
1303 923 1836 991 maledictione,«id
1857 925 1945 976 est
1965 918 2094 973 bla-

452 1021 720 1096 sphemia
748 1023 806 1077 in
840 1021 1048 1090 Deum,
1084 1049 1107 1072 ‹‹
1139 1021 1196 1073 et
1227 1015 1638 1081 amaritudine,
1673 1039 1696 1062 η
1729 1010 1867 1083 quia
1895 1024 2096 1062 amara

449 1113 627 1169 verba
667 1111 940 1167 dicebant
970 1109 1022 1164 ei
1055 1124 1067 1164 :
1102 1113 1189 1161 ut.
1223 1123 1357 1161 cum
1415 1105 1675 1159 dicerent
1706 1119 1720 1156 :
1756 1119 1779 1142 α
1812 1097 2095 1167 Cruciﬁge

453 1217 610 1269 eum,
641 1205 752 1256 etc.
782 1200 931 1269 (Luc.
965 1199 1142 1263 xxm).
1177 1218 1201 1241 ν
1237 1220 1260 1244 α
1293 1194 1493 1259 Pedes,
1529 1210 1551 1234 »
1586 1193 1643 1245 id
1702 1193 1791 1244 est
1842 1186 2094 1242 all‘ectio-
2167 1183 2172 1190 ’

454 1304 557 1344 nes
577 1284 1066 1341 eorum.Aﬂ‘ectus
1087 1281 1215 1336 ideo
1245 1281 1422 1352 pedes
1451 1279 1746 1345 dicuntur,
1779 1273 1916 1348 quia
1945 1273 2099 1327 sicut

443 1393 668 1449 .corpus
689 1391 792 1446 per
810 1373 986 1444 pedes
1013 1375 1297 1442 portatur,
1332 1369 1414 1424 ita
1443 1385 1609 1423 mens
1636 1383 1738 1438 per
1765 1365 2009 1420 atl‘ectus
2039 1363 2096 1417 in

455 1466 683 1524 diversa
701 1463 948 1536 rapitur,
983 1465 1160 1517 «sunt
1179 1459 1405 1515 veloces
1433 1455 1930 1514 adell‘undendum
1964 1468 2098 1508 san-

451 1555 690 1629 guinem
719 1567 747 1600 ι)
779 1551 1113 1610 Salvatoris.

525 1645 657 1701 Hac
678 1640 878 1700 omnia
897 1643 1036 1697 sunt
1053 1639 1157 1693 viae
1177 1633 1664 1704 eorum,ctinillis
1679 1653 1702 1678 ‹‹
1715 1633 1824 1688 viis
1835 1647 2059 1696 eorum,
2074 1650 2099 1675 »
2125 1659 2130 1664 -

459 1735 519 1792 id
565 1736 656 1790 est
696 1731 972 1806 operibus
1019 1743 1244 1792 eorum,
1278 1729 1368 1781 est
1396 1722 1689 1792 contritio,
1722 1722 1782 1776 id
1811 1725 1900 1777 est
1927 1735 2104 1792 opera

2203 559 2514 616 consilium
2538 559 2846 632 reparandi
2871 559 3202 614 humanum
3222 571 3436 628 genus:
3453 553 3582 610 ideo
3603 552 3846 621 scilicet,

2205 649 2344 722 quia
2365 649 2511 704 illud
2536 648 2851 704 consilium
2883 651 3010 702 erat
3031 674 3054 699 «
3077 633 3355 718 inopis,et
3383 643 3664 716 quoniam
3698 642 3852 698 Deus

2201 742 2293 794 est
2311 754 2446 809 spes
2483 738 2655 808 ejus»
2679 736 2820 808 quia
2849 754 2966 792 non
2997 734 3466 802 confidebat,nisi
3488 731 3546 788 in
3579 737 3850 796 Domino.

2205 829 2442 898 propter
2469 827 2626 898 quod
2658 825 2969 881 consilium
3001 827 3130 897 ejus
3161 827 3358 898 potius
3386 833 3541 885 esset
3569 833 3853 905 recipien-

2205 915 2346 970 dum
2379 931 2556 986 quam
2589 914 2992 986 rejiciendum.
3017 917 3316 972 Christum
3346 923 3596 975 testatur
3613 923 3853 994 Aposto-

2203 1003 2298 1059 lus
2329 1004 2511 1060 fuisse
2543 1003 2796 1076 inopem,
2831 1003 3032 1060 dicens
3065 1023 3078 1060 :
3111 1027 3137 1053 α
3167 1005 3312 1062 Cum
3353 1007 3512 1064 dives
3539 1015 3718 1079 esset,
3752 1029 3854 1084 pro

2205 1093 2374 1149 nobis
2404 1109 2626 1165 pauper
2654 1093 2842 1148 factus
2873 1098 2963 1150 est
2989 1094 3061 1163 (11
3089 1099 3212 1152 Cor.
3244 1095 3328 1168 ιι).
3365 1117 3388 1144 »

2277 1181 2391 1235 Vos
2423 1181 2776 1238 «consilium
2807 1182 2892 1237 eis
2921 1183 3312 1239 confudistis»
3330 1188 3432 1242 sed
3463 1187 3571 1242 hoc
3602 1189 3854 1247 stultum

2207 1271 2336 1339 fuit,
2371 1270 2508 1342 quia
2540 1297 2563 1321 «
2596 1271 2728 1342 quis
2783 1272 2977 1327 veniet
3027 1289 3096 1327 ex
3145 1274 3306 1341 Sion,
3341 1291 3364 1314 »
3389 1275 3448 1330 id
3487 1281 3596 1345 est,
3628 1279 3856 1349 Judzea,

2210 1381 2238 1410 α
2270 1359 2434 1414 dabit
2489 1359 2764 1427 salutare,
2799 1390 2824 1414 »
2859 1361 2915 1416 id
2971 1365 3078 1429 est,
3139 1361 3490 1420 salutionem
3536 1386 3559 1410 (ι
3595 1367 3795 1437 Israel,
3829 1391 3857 1418 ι»

2208 1447 2266 1502 id
2289 1453 2396 1516 est,
2431 1447 2746 1506 Israelitico
2776 1448 2991 1522 populo
3018 1466 3030 1505 :
3068 1451 3182 1506 nisi
3213 1452 3322 1508 iste
3341 1453 3370 1508 ?
3401 1455 3602 1511 nullus
3633 1457 3860 1531 utique,

2209 1541 2266 1593 et
2286 1554 2402 1594 non
2424 1541 2656 1593 tantum
2673 1537 2850 1594 ‘dabit
2873 1537 3149 1608 salutare,
3169 1541 3269 1596 sed
3303 1563 3329 1590 α
3359 1559 3495 1598 cum
3526 1545 3804 1602 averterit
3833 1569 3860 1599 η

2207 1625 2269 1681 in
2301 1626 2500 1682 futuro
2531 1651 2556 1676 «
2587 1625 3004 1699 captivitatem,
3036 1647 3060 1672 »
3095 1627 3154 1683 id
3183 1634 3291 1697 est,
3325 1632 3780 1702 passibilitatem
3810 1640 3866 1692 et

2211 1714 2632 1771 mortalitatem
2666 1731 2679 1770 :
2739 1720 2798 1771 et
2852 1717 3024 1788 cuius
3044 1716 3072 1772 ?
3099 1735 3124 1761 α
3152 1717 3340 1790 plebis
3395 1737 3538 1790 suae,
3570 1742 3597 1768 ι·
3630 1728 3691 1780 et
3725 1741 3864 1781 cum

455 1839 660 1883 eorum
710 1803 1012 1878 merentur
1038 1817 1123 1873 eis
1153 1814 1584 1880 contritionem,
1616 1811 1674 1867 id
1705 1815 1796 1866 est
1825 1813 2099 1866 aeternam
2131 1838 2182 1906 Β
2212 1804 2506 1873 averterit,
2535 1803 2851 1906 exsultabit
2887 1805 3090 1874 Jacob,
3121 1807 3178 1862 id
3220 1811 3330 1876 est,
3362 1807 3614 1866 luctator
3660 1819 3868 1870 contra

456 1910 914 1971 damnationem.
943 1905 1047 1961 Vel
1079 1903 1366 1968 contritio,
1393 1903 1548 1958 sicut
1578 1901 1689 1956 fuit
1717 1899 1802 1954 eis
1831 1915 1866 1954 a
1897 1897 2026 1952 Tito
2047 1899 2106 1952 et
2131 1892 2180 1906 ““’
2213 1898 2470 1966 peccata,
2505 1892 2726 1949 scilicet
2783 1893 2964 1950 active
3011 1895 3267 1953 viventes
3299 1915 3323 1941 «
3355 1903 3412 1953 et
3455 1897 3754 1958 laetabitur
3782 1902 3866 1959 Is-

455 1999 815 2076 Vespasiauo
845 1997 905 2052 in
937 1993 1330 2051 destructione
1361 1989 1744 2056 Hierusalem,
1781 2015 1804 2038 ‹‹
1833 1991 1891 2042 et
1914 1983 2105 2041 infeli-

459 2073 604 2148 citas
634 2089 696 2145 in
725 2087 855 2154 viis,
887 2101 914 2134 ι)
947 2083 1182 2155 quando
1214 2097 1318 2153 per
1353 2084 1542 2134 totum
1573 2077 1861 2132 mundum
1893 2073 2105 2146 captivi

461 2179 621 2237 ducti
641 2179 800 2236 sunt.
822 2175 887 2230 In
898 2171 1008 2228 viis
1027 2186 1228 2227 eorum
1251 2168 1468 2224 dicitur
1486 2165 1756 2223 contritio
1778 2179 1926 2229 esse,
1953 2163 2108 2218 sicut

463 2269 678 2326 dicitur
699 2261 910 2322 latroni
944 2279 958 2316 :
994 2261 1058 2316 In
1115 2259 1210 2314 via
1264 2262 1366 2313 tua
1395 2273 1536 2312 crux
1565 2258 1656 2312 est
1688 2271 1700 2310 :
1735 2257 1793 2309 et
1819 2253 1995 2308 etiam
2023 2251 2107 2307 sic

461 2355 662 2417 afﬂicti
685 2370 847 2410 «non
869 2351 1263 2424 cognoverunt
1288 2347 1445 2401 viam
1477 2344 1657 2418 pacis,
1684 2363 1707 2386 »
1741 2343 1798 2397 id
1827 2347 1918 2398 est
1945 2340 2106 2396 Chri-

463 2443 722 2517 tum,qui
749 2457 880 2498 vere
909 2439 1004 2495 via
1034 2437 1192 2510 pacis
1225 2433 1505 2492 est.Unde
1528 2437 1585 2489 et
1614 2433 1738 2504 ipse
1770 2431 1852 2486 ait
1883 2448 1896 2485 :
1934 2458 1958 2482 ‹ι
1989 2432 2106 2502 Ego

463 2552 596 2592 sum
651 2533 767 2602 via,
797 2535 855 2588 et
909 2528 1146 2595 veritas,
1204 2529 1261 2580 et
1314 2524 1432 2579 vita
1487 2523 1662 2595 (Joan.
1695 2524 1830 2590 xw).
1865 2540 1889 2562 »
1925 2539 1948 2561 «
1983 2521 2106 2576 Non

463 2622 936 2696 cognoverunt.»
977 2615 1140 2670 Unde
1195 2609 1554 2684 Apostolus:
1618 2635 1642 2658 (ι
1676 2609 1802 2680 Ipse
1857 2613 1945 2662 est
1999 2624 2109 2678 pax

461 2715 682 2778 nostra,
715 2707 814 2780 qui
861 2705 997 2761 fecit
1051 2707 1298 2774 utraque
1355 2715 1540 2754 unum
1567 2697 1780 2769 (Ephes.
1814 2699 1900 2764 ιι).
1935 2717 1958 2742 »
1993 2697 2106 2752 Ca:-

459 2804 587 2857 tera
629 2797 806 2854 etiam
851 2793 1010 2850 mala
1036 2792 1314 2857 fecerunt,
1349 2806 1474 2860 quae
1497 2787 1773 2860 prmdicta
1805 2786 1865 2840 in
1885 2785 1970 2842 eis
1992 2784 2111 2840 fue-

461 2893 620 2956 runt,
653 2885 784 2942 ideo
815 2883 956 2956 quia
985 2901 1010 2925 (ι
1040 2880 1218 2936 timor
1272 2878 1374 2934 Dei
1432 2894 1548 2932 non
1607 2880 1696 2931 est
1739 2879 1878 2938 ante
1909 2873 2107 2931 oculos

459 2993 688 3045 eorum,
718 2993 744 3018 »
775 2971 1019 3039 scilicet,
1051 2967 1264 3036 cordis,
1300 2966 1440 3038 quia
1465 2981 1599 3021 cum
1633 2982 1746 3018 non
1773 2965 2104 3020 attendunt.

459 3065 624 3132 Quod
637 3063 936 3120 Christum
950 3076 1066 3114 non
1078 3055 1314 3128 cognovi
1322 3053 2103 3120 ssent,testaturauctoritas,

460 3153 692 3207 dicens:
715 3177 738 3201 α
761 3149 823 3204 Si
855 3145 1282 3219 cognovissent,
1308 3158 1610 3212 nunquam
1645 3141 1956 3195 Dominum
1989 3141 2108 3214 glo-

461 3239 560 3295 rite
635 3234 1062 3292 cruciﬁxissent
1137 3233 1182 3303 (ι
1237 3230 1357 3284 Cor.
1431 3228 1508 3298 ιι).
1565 3247 1590 3270 »

461 3321 1002 3383 comminationem.
1036 3319 1152 3390 Ipsi
1212 3334 1324 3372 non
1374 3320 1784 3388 cognoverunt,
1819 3317 1920 3372 sed
1951 3322 2105 3374 certe

465 3413 818 3486 cognoscent
848 3425 862 3463 :
894 3412 951 3463 et
979 3408 1090 3462 hoc
1120 3407 1228 3461 est.
1265 3423 1288 3448 (ι
1320 3404 1522 3458 Nonne
1555 3408 1945 3475 cognoscent»
1972 3409 2105 3461 tan-

460 3503 593 3559 dem
624 3497 942 3556 Dominum
976 3513 1000 3538 «
1031 3509 1236 3550 omnes
1266 3491 1364 3564 qui
1395 3495 1746 3564 operantur»
1767 3491 1928 3548 illam
1950 3509 2106 3565 egre»

455 3590 613 3665 giam
648 3585 1116 3658 «iniquitatem,»
1150 3581 1372 3639 scilicet
1401 3585 1647 3636 mortem
1677 3580 1971 3652 Domini,«
2004 3585 2103 3655 qui

455 3679 634 3738 etiam
677 3677 956 3733 devorant
1014 3673 1241 3747 plebem
1304 3687 1516 3737 meam,
1548 3691 1572 3715 »
1605 3667 1663 3725 id
1695 3673 1785 3726 est
1813 3671 2106 3741 apostolos

454 3767 544 3826 vel
565 3767 712 3824 alios
724 3764 1010 3838 justos.Si
1031 3764 1310 3836 loquatur
1329 3759 1618 3825 Christus,
1645 3760 1790 3815 bene
1810 3760 1954 3815 dicit
1982 3759 2102 3833 ple-

456 3857 591 3914 bem
613 3854 946 3923 meam,sibi
971 3852 1290 3908 subditam.
1320 3850 1379 3906 Si
1402 3849 1676 3920 loquatur
1704 3849 1989 3922 Propheta
2016 3850 2101 3906 vel

457 3945 610 4004 alius
632 3945 856 4017 justus,
881 3944 1026 3998 bene
1057 3940 1198 3996 dicit
1227 3939 1456 4012 plebem
1487 3955 1678 4010 suam,
1712 3939 1782 3994 de
1807 3955 1923 4011 qua
1951 3956 2106 3996 unus

457 4037 583 4092 est:
615 4031 730 4106 ipsi
761 4032 1041 4087 devorant
1071 4029 1199 4084 dico
1231 4057 1255 4081 α
1281 4029 1436 4085 sicut
1459 4045 1652 4084 escam
1684 4027 1874 4100 panis,
1911 4048 1934 4072 »
1967 4029 2108 4101 quia

457 4123 612 4182 sicut
638 4119 946 4178 famelicus
975 4117 1191 4189 aliquis
1221 4134 1370 4188 pane
1403 4117 1772 4185 reﬁcitur,sic
1803 4117 1888 4172 illi
1919 4119 2104 4174 tribu-

456 4209 674 4268 latione
694 4209 994 4282 justorum
1027 4205 1390 4261 reﬁciuntur.

529 4299 638 4366 Qui
669 4296 846 4354 etiam
877 4295 1064 4350 Deum
1097 4320 1120 4345 «
1155 4309 1271 4348 non
1302 4293 1734 4364 invocaverunt,
1762 4321 1785 4344 »
1821 4295 1958 4366 quia
1989 4296 2104 4353 nisi

457 4405 562 4464 per
579 4386 880 4444 Christum
903 4383 1196 4440 orationes
1221 4380 1484 4436 exaudiri
1515 4398 1630 4436 non
1663 4387 1964 4452 possunt,«
1986 4385 2106 4442 illic

455 4477 893 4551 trepidaverunt
920 4473 1152 4539 timore,
1185 4469 1283 4524 ubi
1333 4486 1446 4544 non
1487 4473 1612 4524 erat
1642 4469 1836 4538 timor,
1868 4497 1896 4528 ››
1927 4471 1984 4527 id
2015 4478 2106 4529 est

2214 1981 2354 2051 rael,
2386 2007 2411 2033 ι)
2441 1981 2503 2036 id
2531 1986 2644 2048 est,
2672 1981 2762 2038 vir
2789 1983 2992 2040 videns
3021 1983 3226 2054 Deum,
3261 2001 3366 2058 per
3393 1989 3550 2058 quod
3601 1996 3867 2048 contem-

2212 2068 2460 2140 plativos
2489 2069 2898 2143 intelligimus.

2711 2197 2783 2253 IN
2833 2197 3182 2255 PSALMUM
3219 2199 3361 2256 XIV.

2323 2305 2594 2362 Trruws.
2621 2305 2874 2362 Psalmus
2903 2305 3094 2362 David.
3125 2307 3236 2364 νοω
3263 2307 3435 2364 David
3459 2309 3762 2382 prophetae.

2289 2455 2316 2486 α
2337 2429 2741 2502 Domine,quis
2761 2430 3102 2486 habitabit.»
3127 2431 3191 2487 In
3223 2431 3332 2488 hoc
3366 2431 3594 2505 psalmo
3625 2437 3881 2492 materia

2216 2523 2306 2574 est
2316 2520 2518 2590 justus
2540 2523 2596 2574 et
2618 2518 3000 2592 spiritualiter
3027 2519 3406 2590 Christus,de
3437 2539 3554 2596 qua
3583 2524 3671 2580 sic
3703 2525 3836 2598 agit
3861 2544 3878 2579 :

2219 2608 2376 2664 Facit
2404 2607 2920 2680 interrogationem
2947 2613 3004 2664 ct
3033 2610 3475 2682 responsionem
3504 2627 3518 2666 :
3550 2611 3612 2667 in
3639 2629 3765 2684 qua
3795 2631 3882 2670 re-

2216 2698 2530 2770 sponsione
2587 2697 2865 2753 describit
2903 2698 3156 2768 justum,
3189 2699 3516 2756 attribuens
3567 2701 3619 2757 ei
3665 2703 3876 2760 decem

2215 2787 2477 2854 virtutes,
2512 2803 2638 2858 quae
2669 2785 3052 2857 spiritualiter
3080 2787 3434 2844 conveniunt
3461 2789 3694 2846 Christo
3725 2791 3874 2861 soli;

2217 2875 2346 2932 aliis
2376 2880 2573 2931 autem
2595 2875 2778 2946 justis
2805 2876 3215 2946 quoquomodo
3267 2882 3516 2948 possunt
3573 2879 3870 2954 adaptari.

2213 2964 2466 3021 Intentio
2495 2968 2585 3020 est
2631 2980 2739 3018 nos
2766 2964 3079 3019 admonere
3108 2980 3182 3020 ne
3207 2981 3636 3038 praesumamus
3667 2969 3740 3024 de
3775 2986 3869 3026 re-

2215 3071 2328 3127 gno
2350 3053 2633 3122 Dei,sicut
2650 3051 2914 3124 plerique
2934 3067 3068 3108 cum
3098 3051 3302 3126 injusti
3333 3055 3675 3124 sint,tamen
3707 3055 3870 3115 ﬁlios

2215 3143 2318 3198 Dei
2368 3159 2430 3198 se
2475 3157 2604 3197 esse
2651 3144 3031 3212 praesumunt.
3065 3142 3132 3197 Et
3163 3142 3316 3198 sicut
3345 3143 3558 3216 aliquis
3588 3147 3872 3204 sacerdos

1648 3227 1868 3282 Dehinc
1942 3204 2106 3300 ponit
2135 3204 2178 3270 Ο
2217 3231 2424 3302 quaerit
2448 3204 2730 3300 responsa
2749 3246 2784 3283 a
2804 3229 2938 3297 Deo,
2955 3233 3012 3285 et
3031 3229 3232 3285 audita
3260 3204 3482 3302 profert
3509 3232 3750 3305 populo,
3787 3235 3872 3291 ita

2215 3318 2499 3391 Propheta
2535 3316 2741 3389 quaerit
2763 3316 2954 3384 aDeo,
2987 3317 3088 3388 qui
3137 3317 3258 3374 sint
3302 3319 3636 3377 habitantes
3665 3322 3724 3378 in
3759 3339 3873 3380 suo

2211 3405 2607 3473 tabernaculo,
2639 3421 2774 3460 cum
2805 3404 2950 3461 dicit
2979 3421 2994 3460 :

2285 3485 2590 3564 «Domine,
2609 3515 2633 3539 »
2657 3493 2876 3550 multos
2896 3495 3062 3552 video
3087 3495 3266 3568 quise
3286 3496 3490 3554 dicunt
3507 3515 3636 3555 esse
3668 3499 3728 3554 in
3763 3506 3873 3558 tuo

2213 3583 2605 3650 tabernaculo,
2639 3583 2741 3638 sed
2775 3610 2800 3635 «
2831 3583 3096 3657 Domine,
3129 3586 3263 3658 quis
3322 3587 3608 3644 habitabit
3662 3588 3723 3644 in
3788 3595 3872 3647 ta-

2213 3672 2527 3730 bernaculo
2557 3677 2659 3728 tuo
2679 3672 2708 3727 ‘I
2736 3697 2764 3729 ι)
2795 3672 2854 3727 id
2885 3676 2974 3728 est
3000 3671 3061 3728 in
3093 3675 3366 3746 praesenti
3420 3675 3680 3732 Ecclesia
3735 3681 3868 3748 tua,

2214 3762 2314 3818 ubi
2335 3766 2424 3818 est
2442 3763 2605 3818 locus
2627 3761 3278 3820 militizn.Tabernacula
3297 3765 3454 3821 enim
3477 3771 3618 3822 sunt
3647 3767 3872 3824 domus

2213 3849 2684 3923 expeditionales.
2717 3852 2862 3907 Cum
2911 3851 3055 3908 dicit
3102 3871 3127 3896 ίι
3159 3851 3467 3922 habitabit,
3501 3873 3526 3897 »
3588 3853 3872 3928 intelligit

2215 3958 2330 3996 non
2353 3939 2544 3996 solum
2566 3939 2983 4016 intrantes,sed
3009 3941 3188 3997 etiam
3216 3947 3688 4014 perseverantes;
3713 3967 3739 3992 α
3764 3947 3872 4000 aut

2215 4029 2348 4103 quis
2377 4029 2614 4086 tandem
2647 4029 2973 4102 requiescet
3002 4029 3062 4086 in
3095 4036 3312 4100 monte,
3343 4051 3370 4082 ι)
3403 4032 3460 4088 id
3491 4033 3670 4102 est,in
3701 4049 3870 4090 secu-

2214 4120 2383 4176 ritate
2437 4118 2636 4175 zeterni
2685 4118 2870 4191 regni,
2912 4119 3011 4175 ubi
3071 4120 3234 4176 nulla
3289 4137 3506 4195 pugna,
3539 4122 3640 4178 sed
3694 4122 3870 4194 quies

2214 4224 2468 4265 summa.
2500 4207 2665 4263 Sicut
2692 4206 2850 4262 enim
2881 4207 2980 4279 qui
3012 4206 3072 4263 in
3105 4213 3303 4264 monte
3333 4208 3692 4276 sunt,securi
3723 4211 3871 4265 sunt

2213 4298 2286 4353 ab
2308 4297 2599 4364 hostibus,
2629 4295 2714 4351 ita
2741 4294 2845 4366 qui
2867 4295 2948 4350 ibi
2969 4300 3142 4352 erunt
3172 4313 3186 4352 :
3221 4300 3418 4353 monte
3439 4297 3570 4353 dico
3603 4314 3628 4340 (ι
3659 4302 3869 4353 sancto

2213 4389 2314 4442 tuo
2336 4413 2360 4438 υ
2393 4402 2567 4458 quem
2599 4389 2662 4440 tu
2693 4385 3093 4442 sanctiﬁcasti.
3115 4386 3429 4458 Postquam
3457 4387 3657 4459 posuit
3683 4387 3870 4444 inter-

2213 4475 2594 4548 rogationem,
2627 4472 2792 4546 ponit
2819 4477 2877 4530 et
2903 4475 3364 4547 responsionem,
3403 4477 3572 4549 quasi
3602 4476 3731 4550 ipse
3765 4481 3875 4535 Do-

456 4568 628 4624 illum
649 4567 919 4623 timorem
944 4579 1116 4635 quem
1138 4559 1388 4615 interius
1400 4558 1896 4630 habuerunt,quia
1908 4564 2104 4618 tamen
2135 4573 2182 4638 D
2211 4563 2410 4619 minus
2441 4563 2836 4634 responderet.

454 4672 572 4711 non
603 4659 759 4710 esset
787 4653 1114 4720 habendus,
1147 4647 1400 4706 exterius
1429 4647 1488 4702 in
1547 4664 1785 4719 corpore
1842 4652 2105 4708 ostende-

451 4745 631 4812 runt;
665 4741 938 4797 dicebant
965 4741 1122 4796 enim
1158 4756 1171 4793 :
1205 4737 1266 4794 Si
1297 4738 1590 4793 credimus
1623 4737 1680 4791 in
1710 4739 2106 4804 eum,vcnient

453 4830 700 4890 Romani
721 4834 778 4886 et
798 4827 1006 4884 tollant
1026 4833 1294 4883 nostrum
1326 4827 1520 4882 locum
1543 4829 1600 4881 et
1618 4829 1872 4898 gentem.
1895 4827 2000 4882 Ubi
2031 4829 2102 4884 ti-

453 4921 734 4978 mendum
754 4923 1053 4988 esset,non
1080 4916 1424 4982 timuerunt,
1458 4931 1592 4969 cum
1608 4915 1838 4985 justum
1875 4933 1990 4972 non
2023 4922 2104 4973 at-

449 5011 756 5066 tendentes
767 5006 1297 5064 occiderunt.Sicut
1317 5009 1644 5076 opportuno
1659 5008 1918 5076 tempore
1929 5005 2101 5064 time-

452 5116 515 5155 re
545 5099 858 5171 prudentia
884 5102 994 5164 est,
1025 5096 1111 5150 sic
1141 5093 1346 5149 timere
1377 5092 1610 5164 quando
1637 5093 1961 5149 timendum
1987 5113 2100 5152 non

452 5191 610 5244 esset
632 5186 886 5244 stultitia
913 5189 1024 5242 est.

525 5303 550 5330 (ι
573 5277 776 5332 Nonne
797 5278 1203 5348 cognoscent,»
1237 5272 1461 5329 scilicet
1490 5271 1598 5326 hoc
1631 5297 1653 5320 ‹‹
1687 5271 2007 5342 quoniam»
2041 5274 2097 5328 id

451 5369 560 5434 est,
594 5365 746 5436 quod
782 5387 806 5410 «
840 5365 1125 5420 Dominus
1173 5367 1264 5418 est
1309 5363 1366 5416 in
1400 5361 1770 5433 generatione
1792 5363 1956 5432 justa
1987 5394 2010 5418 ι)
2042 5367 2100 5419 et

451 5453 725 5526 quonirm
757 5454 881 5526 ipse
911 5453 969 5508 in
992 5453 1175 5524 justis
1207 5450 1450 5518 habitat,
1485 5449 1610 5505 ideo
1655 5450 1981 5505 timendum
2012 5457 2100 5507 est

448 5541 570 5606 illis
596 5543 695 5614 qui
725 5559 826 5598 eos
877 5543 1328 5614 persequuntur.
1361 5540 1545 5596 Deum
1595 5556 1710 5594 non
1761 5537 2095 5609 invocastis,

449 5632 554 5714 ped
582 5630 778 5712 potius
808 5629 1176 5702 confudistis,
1211 5630 1272 5687 id
1303 5631 1410 5702 cst,
1443 5625 1854 5715 contusibilem
1904 5631 2096 5710 oeten:

2282 4651 2527 4720 Qumsivi
2584 4651 2718 4724 quis
2775 4651 3086 4724 habitaret,
3118 4671 3251 4711 ecce
3304 4655 3458 4727 quis,
3493 4655 3592 4712 ille
3638 4655 3876 4714 scilicet

2217 4763 2245 4791 ‹‹
2267 4743 2367 4813 qui
2389 4741 2716 4815 ingreditur
2731 4763 2754 4786 »
2776 4741 2836 4797 in
2858 4741 3176 4800 Ecclesiam
3200 4744 3298 4801 Dei
3331 4773 3354 4796 ‹‹
3386 4743 3513 4800 sine
3543 4744 3801 4816 macula,
3835 4766 3867 4796 ››

2213 4830 2480 4887 Christus
2509 4831 2748 4902 quidem
2781 4831 2908 4886 sine
2937 4833 3098 4888 omni
3127 4832 3575 4900 macula,ca:teri
3603 4850 3740 4890 vero
3763 4836 3872 4906 ju-

2213 4920 2289 4974 sti
2323 4919 2448 4976 sine
2497 4918 2786 4974 criminali
2837 4925 3072 4991 peccato
3106 4939 3120 4976 :
3149 4927 3208 4978 et
3237 4923 3296 4978 in
3327 4922 3438 4978 hoc
3474 4907 3714 4978 notatur
3743 4941 3873 4980 una

2212 5008 2283 5062 de
2315 5008 2513 5062 decem
2539 5007 2854 5064 virtutibus
2885 5038 2908 5062 «
2941 5013 2998 5065 et
3028 5011 3127 5083 qui
3186 5015 3462 5083 operatur
3498 5011 3799 5082 justitiam
3837 5033 3871 5062 ιθ

2211 5096 2488 5168 aliquam.
2523 5095 2583 5152 Si
2622 5097 2778 5152 enim
2829 5098 2956 5154 sine
2998 5098 3229 5155 macula
3277 5099 3622 5173 ingreditur,
3654 5105 3713 5154 et
3743 5117 3872 5156 non

2208 5183 2685 5256 facitjustitiam,
2721 5203 2834 5241 non
2868 5191 2957 5243 est
2978 5189 3203 5260 justus.

2281 5274 2380 5331 Ille
2409 5274 2585 5330 etiam
2618 5273 2943 5346 ingreditur
2975 5294 3002 5326 α
3031 5279 3131 5350 qui
3161 5278 3425 5351 loquitur
3460 5277 3766 5336 veritatem
3800 5277 3876 5333 in

2209 5366 2383 5420 corde
2405 5380 2534 5429 suo,
2563 5382 2586 5406 »
2621 5363 2677 5418 id
2709 5368 2818 5431 est,
2851 5367 2950 5437 qui
2983 5385 3214 5440 semper
3240 5369 3543 5426 veritatem
3577 5367 3875 5436 retinens,

2207 5458 2361 5510 tacet
2387 5469 2515 5509 eam
2546 5451 2914 5510 auditoribus
2952 5455 3068 5512 illis
3099 5459 3199 5529 qui
3237 5460 3481 5514 verbum
3513 5455 3615 5512 Dei
3645 5455 3876 5511 vellent

2207 5541 2568 5598 conculcare.
2593 5542 2818 5597 Bonum
2849 5549 2938 5600 est
2966 5545 3282 5618 aliquando
3311 5549 3556 5605 verbum
3583 5545 3682 5602 Dei
3717 5545 3873 5600 reti-

2207 5647 2334 5691 cere
2368 5648 2382 5687 :
2419 5631 2573 5688 unde
2602 5629 2661 5687 in
2693 5631 3001 5711 Evangelio
3031 5636 3368 5716 praecipitur
3399 5654 3414 5695 :
3449 5664 3474 5688 «
3506 5634 3698 5694 Nolite
3727 5649 3881 5694 san-
