4070 6180
225 382 343 444 237

1411 382 1907 446 EXPLANATIO
1948 382 2027 445 IN
2070 384 2456 449 PSALMOS.

3516 394 3645 457 238.

227 520 386 571 ctum
437 515 577 571 dare
628 514 895 585 canibus,
927 519 985 569 et
1028 516 1377 590 margaritas
1425 533 1697 591 spargere
1745 523 1877 573 ante
1904 516 1962 584 Α
1990 518 2292 592 inscriptio
2322 518 2477 574 tituli
2509 520 2777 575 convenit
2814 520 2924 592 ipsi
2970 521 3242 592 David,id
3276 527 3366 580 est
3410 524 3637 582 Christo

224 618 433 675 porcos
490 601 697 674 (Matth.
730 605 852 671 vn).
887 626 912 651 η
964 601 1201 675 Operari
1254 604 1573 675 justitiam,
1625 608 1882 662 secunda

222 690 434 760 virtus,
465 690 587 747 haec
616 694 814 747 autem
860 691 1034 747 tertia
1067 709 1078 748 :
1112 694 1176 747 Et
1220 692 1315 749 ille
1346 713 1370 737 α
1400 693 1729 768 ingreditur
1780 695 1881 768 qui

222 797 337 838 non
363 780 484 853 egit
513 778 714 835 dolum
746 780 806 835 in
838 779 1041 854 lingua
1070 798 1197 850 sua,
1232 800 1256 824 υ
1284 782 1339 837 id
1387 788 1476 838 est
1524 783 1623 856 qui
1670 784 1878 840 verita-

224 875 338 925 tem
364 869 738 942 praedicando
760 868 990 925 nullum
1011 871 1257 943 decepit,
1273 871 1411 943 quia
1434 889 1619 945 neque
1646 878 1880 945 propter

220 957 557 1031 pecuniam,
590 974 779 1030 neque
810 957 991 1014 simili
1042 961 1215 1016 modo
1259 964 1317 1015 et
1364 961 1485 1015 haec
1531 966 1620 1016 est
1668 966 1879 1033 quarta

218 1048 429 1105 virtus.

287 1138 358 1193 Et
382 1136 484 1193 ille
512 1136 778 1205 intrabit,
814 1137 913 1210 qui
956 1159 980 1183 «
1013 1154 1128 1194 non
1162 1138 1297 1195 fecit
1327 1139 1590 1213 proximo
1620 1157 1727 1195 suo
1758 1156 1877 1196 ma-

221 1228 341 1285 lum
374 1247 397 1269 α
430 1227 790 1283 verberando
819 1243 975 1295 eum,
1009 1245 1117 1283 sua
1147 1228 1462 1285 auferendo
1494 1245 1507 1284 :
1544 1232 1601 1284 et
1636 1229 1755 1283 hzec
1785 1234 1876 1285 est

221 1317 423 1391 quinta
438 1316 656 1383 virtus;
693 1334 716 1359 «
736 1320 793 1371 et
812 1316 1191 1388 opprobrium
1213 1335 1329 1373 non
1351 1318 1574 1390 accepit
1593 1319 1873 1373 adversus

219 1406 518 1480 proximos
548 1422 711 1470 suos,
745 1430 769 1453 »
802 1405 860 1460 id
890 1410 981 1461 est
1008 1423 1123 1461 non
1171 1406 1283 1462 fuit
1332 1406 1687 1480 acccptabile
1735 1407 1873 1481 sibi,

217 1495 409 1552 dicere
436 1492 722 1567 proximis
753 1494 973 1567 aliquid
1002 1512 1183 1551 causa
1221 1496 1539 1569 opprobrii,
1564 1500 1621 1551 et
1667 1496 1717 1552 si
1766 1495 1872 1551 ali-

216 1602 330 1657 qua
358 1583 562 1656 turpia
607 1582 755 1638 dixit
802 1600 981 1640 causa
1034 1584 1433 1653 correctionis,
1469 1601 1577 1641 nec
1618 1585 1667 1641 si
1717 1584 1871 1640 alius

214 1673 359 1728 dixit
387 1671 506 1728 sibi
537 1675 775 1744 gratum
802 1671 916 1727 fuit
945 1690 959 1728 :
994 1671 1115 1728 hac
1146 1676 1236 1729 est
1266 1677 1429 1729 sexta
1455 1672 1660 1729 virtus.

280 1763 353 1819 Et
384 1760 485 1817 ille
516 1760 761 1817 intrabit
778 1761 881 1833 qui
912 1760 1050 1818 talis
1079 1766 1188 1831 est,
1219 1762 1358 1835 quia
1388 1781 1411 1806 (ι
1444 1762 1502 1817 in
1551 1768 1868 1835 conspectu

213 1852 340 1946 ejus
369 1850 705 1946 malignus,
725 1870 748 1894 η
780 1850 838 1946 id
878 1850 1277 1946 est-diabolus
1306 1872 1333 1946 ἶ(
1365 1853 1440 1946 ad
1486 1851 1866 1946 nihilumdc-
1900 1880 1951 1946 B

214 1942 428 1998 ductus
459 1944 569 2008 est,
592 1968 618 1992 ιο
650 1939 708 1996 id
741 1944 832 1996 est
857 1938 1079 1996 nullius
1105 1941 1275 2013 pretii
1306 1941 1545 1998 habitus
1566 1946 1689 1997 est:
1719 1942 1872 1998 sicut

215 2030 486 2087 Christus
515 2045 652 2085 cum
685 2046 719 2085 a
747 2027 978 2085 diabolo
1001 2032 1352 2098 tentaretur,
1370 2030 1515 2087 dixit
1543 2030 1595 2086 ei
1619 2048 1631 2085 :
1659 2056 1683 2079 ‹‹
1712 2031 1872 2087 Vade

214 2123 387 2187 retro,
404 2118 658 2175 Satanas
686 2117 889 2187 (Matth.
914 2121 1013 2187 IV).
1047 2147 1071 2171 »
1106 2119 1429 2193 Malignum
1461 2119 1682 2176 nullius
1704 2120 1872 2193 pretii

214 2208 370 2277 facit,
404 2209 512 2264 sed
545 2227 569 2251 α
602 2208 876 2264 timentes
908 2207 1225 2264 Dominum
1257 2208 1565 2282 gloriﬁcat,
1602 2233 1625 2257 υ
1659 2210 1716 2265 id
1760 2214 1868 2279 est,

205 2299 405 2370 justos
464 2296 715 2353 honorat
764 2313 778 2351 :
830 2300 886 2354 et
941 2296 1051 2352 hoc
1101 2314 1269 2354 versu
1330 2302 1566 2354 notatur
1622 2299 1872 2371 septima

209 2387 420 2443 virtus.

278 2476 353 2532 Et
383 2474 483 2531 ille
515 2498 539 2521 α
563 2476 665 2548 qui
686 2476 851 2548 jurat
879 2476 1143 2548 proximo
1175 2492 1303 2544 suo,
1328 2480 1385 2532 et
1406 2494 1520 2533 non
1570 2478 1805 2551 decipit,
1839 2500 1868 2529 ι)

215 2565 270 2620 id
288 2563 662 2637 est,ilrmiter
680 2564 823 2621 dicit
841 2568 898 2620 et
918 2581 1033 2620 non
1050 2564 1227 2621 fallit:
1244 2564 1396 2621 sicut
1413 2564 1680 2622 Christus
1701 2568 1870 2640 quid-

211 2654 357 2727 quid
409 2651 697 2727 apostolis
744 2652 911 2722 dixit,
940 2652 1298 2726 completum
1346 2658 1435 2709 est
1468 2672 1481 2709 :
1515 2658 1573 2710 et
1616 2655 1739 2710 haec
1785 2659 1875 2712 est

207 2742 402 2799 virtus
431 2745 658 2797 octava.
681 2741 753 2797 Et
782 2740 878 2798 ille
898 2760 924 2785 ιι
946 2740 1047 2815 qui
1067 2742 1378 2814 pecuniam
1408 2760 1631 2814 suam,»
1656 2744 1876 2800 scilicet

211 2835 537 2897 terrenam,
573 2847 597 2872 οι
631 2846 747 2885 non
779 2829 941 2885 dedit
969 2830 1042 2887 ad
1074 2846 1337 2899 usuram,
1368 2858 1397 2889 υ
1428 2832 1529 2887 sed
1566 2834 1873 2905 pecuniam

210 2936 386 2976 suam
417 2919 589 2975 Judaa
618 2917 863 2974 tradidit
890 2919 1249 2991 pauperibus
1279 2922 1655 2993 erogandam.
1688 2921 1875 2993 Spiri-

217 3007 465 3065 tualiter
493 3011 693 3063 autem
725 3007 973 3079 pecunia
1001 3007 1149 3064 bene
1168 3009 1239 3065 ad
1271 3025 1512 3065 usuram
1544 3010 1879 3082 pracipitur

213 3095 656 3155 commodanda
687 3112 699 3152 :
732 3098 791 3152 et
819 3095 939 3151 haec
974 3096 1160 3153 virtus
1189 3115 1344 3155 nona
1382 3102 1490 3154 est.
1523 3099 1592 3153 Et
1628 3097 1725 3154 ille
1773 3098 1875 3171 qui

1991 606 2130 678 quia
2159 624 2453 679 nusquam
2485 607 2699 681 legitur
2726 608 2905 664 David
2937 610 3010 666 de
3038 628 3100 667 se
3120 610 3375 685 aliquem
3395 612 3635 670 titulum

1990 696 2522 768 scripsisse,ncque
2544 697 2719 752 etiam
2747 699 2818 753 de
2841 714 2908 753 eo
2936 698 3088 755 alius
3117 699 3352 772 scripsit
3372 701 3633 758 titulum.

1987 783 2089 838 Vel
2121 784 2203 839 sic
2234 785 2544 857 exponitur
2572 784 2818 841 titulus:
2843 786 3021 842 Tituli
3052 787 3355 861 inscriptio
3376 790 3503 861 ipsa
3532 791 3640 846 Da-

1986 870 2102 939 vid,
2138 872 2196 926 id
2229 877 2317 927 est
2348 873 2607 945 operatio
2627 875 2782 928 unde
2808 874 3069 946 loquitur
3100 875 3385 948 psalmus,
3419 882 3509 933 est
3547 882 3633 933 at-

1987 960 2296 1016 tribuenda
2328 962 2529 1030 David,
2563 961 2621 1017 id
2653 966 2743 1017 est
2771 962 2999 1018 Christo
3021 968 3226 1037 agente
3260 965 3370 1021 hoc
3390 983 3494 1038 pro
3526 983 3636 1022 sua

1984 1049 2245 1105 victoria.
2281 1049 2514 1105 Titulus
2553 1051 2710 1106 enim
2742 1052 2897 1123 apud
2927 1056 3148 1108 veteres
3181 1055 3253 1108 ad
3283 1054 3634 1127 designatio-

1984 1156 2117 1195 nem
2150 1139 2403 1218 victoriae
2425 1139 2485 1194 in
2520 1139 2860 1212 triumphali
2890 1157 3027 1195 arcu
3058 1140 3476 1197 ascribobatur.
3510 1144 3630 1201 Ma-

1984 1229 2131 1285 teria
2161 1232 2250 1284 est
2278 1245 2525 1302 regnum
2557 1228 2914 1297 restitutum,
2943 1229 3001 1283 id
3033 1233 3123 1284 est
3152 1229 3374 1298 ﬁdeles,
3407 1232 3479 1286 de
3517 1248 3635 1303 qua

1982 1318 2065 1373 sic
2082 1318 2203 1391 agit
2227 1334 2240 1372 :
2267 1318 2434 1373 Ponit
2455 1317 2827 1373 inﬁmitatem
2858 1317 3270 1386 humanitatis,
3302 1323 3360 1375 et
3386 1318 3633 1392 gloriam

1982 1406 2361 1474 hmreditatis,
2395 1407 2452 1461 id
2481 1412 2570 1462 est
2617 1424 2882 1462 suorum.
2916 1408 3121 1463 Postea
3168 1408 3280 1464 sub
3312 1408 3633 1481 gratiarum

1982 1495 2206 1552 actione
2236 1496 2357 1568 agit
2387 1496 2457 1550 de
2489 1496 2781 1568 passione,
2797 1497 3240 1566 resurrectione,
3272 1499 3633 1566 ascensione,

1981 1601 2084 1656 per
2113 1602 2243 1657 quae
2275 1584 2475 1639 omnia
2505 1585 2658 1639 facta
2706 1589 2795 1640 est
2834 1585 3124 1641 restitutio
3173 1586 3358 1659 regni.
3383 1587 3635 1643 Intentio

1978 1688 2112 1727 vero
2144 1674 2233 1727 est
2249 1688 2356 1727 nos
2377 1671 2691 1727 admonere
2712 1675 2777 1726 ut
2802 1689 2916 1727 non
2940 1673 3415 1730 contradicamus
3436 1673 3631 1745 titulo,

1979 1761 2080 1817 sed
2109 1761 2494 1816 conﬁteamur
2523 1759 2821 1815 Christum
2852 1777 2982 1817 esse
3023 1777 3218 1834 regem
3268 1762 3631 1820 Judaaorum.

1978 1848 2101 1905 Vox
2132 1848 2349 1905 Christi
2382 1849 2706 1904 secundum
2738 1849 3261 1918 humanitatem,et
3307 1852 3515 1924 incipit
3556 1853 3632 1908 ab

1982 1937 2319 1993 inﬁrmitate
2345 1936 2754 2007 humanitatis,
2771 1938 2936 2010 quasi
2956 1938 3184 2011 positus
3204 1938 3356 1995 inter
3374 1940 3633 2011 pericula

1981 2027 2066 2082 sic
2097 2025 2317 2082 diceret
2352 2043 2364 2081 :

2055 2141 2077 2165 ι.
2111 2115 2355 2171 Domine
2388 2115 2563 2181 Deus,
2595 2131 2873 2171 conserva
2903 2132 2997 2173 me
3028 2136 3051 2161 ι»
3087 2133 3158 2173 ne
3190 2116 3336 2173 mihi
3365 2116 3489 2173 istis
3521 2116 3630 2173 tri-

1980 2204 2309 2260 bulationes
2340 2203 2707 2276 praevaleant.
2742 2203 2845 2259 Hic
2894 2205 3088 2262 innuit
3134 2222 3203 2261 ex
3241 2222 3303 2261 se
3347 2204 3493 2261 nihil
3533 2204 3632 2262 ha-

1985 2294 2122 2349 bere
2156 2310 2169 2347 :
2203 2293 2304 2348 sed
2338 2309 2407 2348 ex
2437 2292 2553 2348 Deo
2585 2313 2609 2336 «
2642 2309 2920 2349 conserva
2950 2309 3043 2349 me
3074 2312 3097 2336 υ
3130 2298 3189 2349 et
3218 2294 3394 2350 debes
3443 2294 3630 2351 facere

1985 2404 2013 2434 «
2044 2382 2323 2454 quoniam
2354 2382 2577 2454 speravi
2611 2383 2670 2437 in
2702 2386 2756 2436 te
2784 2402 2806 2425 ι)
2839 2399 3004 2455 spem
3036 2398 3227 2437 meam
3264 2382 3433 2454 posui
3464 2386 3541 2451 te,
3572 2386 3631 2438 et

1982 2475 2221 2544 propter
2249 2469 2359 2525 hoc
2389 2469 2563 2526 etiam
2597 2470 2751 2542 quod
2796 2470 2942 2526 dixit
2982 2470 3089 2527 tibi
3122 2491 3147 2515 «
3179 2472 3444 2540 Domine,
3476 2470 3630 2528 Deus

1982 2577 2151 2617 meus
2180 2577 2243 2616 es
2265 2564 2349 2628 tu,
2385 2586 2409 2611 ι»
2443 2558 2502 2615 id
2534 2563 2624 2615 est
2642 2559 2897 2615 multum
2931 2560 3075 2615 mihi
3118 2559 3426 2617 familiaris
3459 2576 3471 2616 :
3502 2560 3632 2617 ideo

1981 2650 2110 2705 dico
2145 2650 2323 2716 Deus,
2356 2670 2378 2693 ‹‹
2418 2648 2697 2719 quoniam
2738 2652 2800 2703 tu
2858 2649 3146 2704 bonorum
3190 2666 3455 2706 meorum
3513 2660 3631 2705 non

1985 2755 2194 2811 «eges,
2228 2762 2253 2786 ι»
2288 2737 2345 2792 id
2367 2740 2456 2791 est
2487 2736 2631 2791 nihil
2664 2737 2799 2792 boni
2832 2753 2900 2792 ex
2929 2755 3022 2793 me
3048 2738 3256 2805 habeo,
3291 2740 3392 2794 sed
3436 2739 3632 2811 potius

1981 2844 2049 2882 ex
2080 2831 2137 2881 te
2169 2842 2183 2879 :
2212 2825 2350 2897 quia
2379 2824 2428 2880 si
2456 2824 2678 2895 aliquid
2709 2840 2777 2879 ex
2806 2841 2900 2880 me
2930 2825 3227 2893 haberem,
3260 2824 3359 2881 illo
3390 2831 3453 2882 tu
3506 2842 3632 2899 ege-

1983 2917 2167 2982 res,et
2198 2930 2313 2967 non
2345 2929 2505 2968 esses
2544 2911 3030 2968 sufﬁciens.Cum
3079 2912 3348 2968 Christus
3378 2914 3534 2969 dicat
3563 2929 3631 2969 ex

1984 3019 2045 3058 se
2076 3000 2221 3056 nihil
2252 3000 2388 3055 boni
2410 3000 2642 3069 habere,
2678 3000 3015 3056 manifestat
3043 2999 3172 3056 illos
3209 3000 3376 3058 valde
3410 3019 3629 3075 praesu-s

1984 3106 2163 3159 mere,
2196 3089 2293 3161 qui
2345 3106 2414 3145 ex
2463 3105 2525 3143 sc
2572 3087 2791 3160 aliquid
2837 3088 2973 3145 boni
3019 3088 3355 3145 existimant
3392 3090 3626 3148 habere.

218 3210 246 3239 σι
279 3202 533 3243 munera
562 3201 742 3258 super
770 3185 1108 3242 innocentes
1152 3203 1267 3242 non
1307 3188 1549 3260 accepit.
1576 3209 1600 3233 η
1635 3188 1877 3245 Munera
1911 3249 1945 3260 Α
1985 3178 2089 3235 Ηὶο
2118 3177 2323 3250 incipit
2367 3177 2671 3233 ostendere
2718 3177 2966 3249 gloriam
3013 3176 3391 3235 hmreditatis.
3433 3180 3630 3236 Conti-

216 3275 460 3349 quidem
484 3249 709 3345 accepit
730 3273 1018 3342 Christus,
1043 3291 1138 3331 see
1170 3292 1284 3331 non
1316 3280 1382 3331 ut
1411 3249 1751 3333 innocentes
1779 3294 1875 3350 op-
1904 3249 1947 3317 Ο
1987 3267 2189 3325 nuatio
2223 3285 2237 3323 ἒ

217 3366 503 3438 primeret
527 3381 541 3419 :
565 3364 688 3419 hazc
707 3363 894 3419 virtus
924 3363 1149 3420 decima
1180 3364 1496 3422 invenitur.
1519 3368 1646 3423 “(eo
1678 3372 1874 3424 autem

216 3455 419 3512 omnia
450 3451 842 3527 spiritualiter
868 3452 929 3509 in
959 3453 1191 3510 Christo
1218 3456 1614 3513 inveniuntur.

286 3565 312 3589 σι
342 3542 456 3611 Qui
488 3562 513 3586 ιι
544 3559 678 3598 vero
710 3540 863 3598 alius
893 3544 1218 3598 secundum
1251 3545 1407 3617 quod
1448 3545 1710 3604 humana
1757 3548 1877 3604 fra-

215 3632 418 3707 gilitas
458 3647 577 3687 non
625 3633 854 3687 tantum
907 3630 1188 3704 loquitur,
1223 3634 1324 3689 sed
1361 3653 1385 3677 «
1417 3634 1554 3691 facit
1582 3635 1724 3706 hzec,
1759 3655 1875 3694 non

216 3721 574 3789 movebitur,
606 3739 632 3763 η
664 3719 723 3775 id
766 3723 856 3776 est
916 3737 1031 3776 non
1082 3720 1453 3793 separabitur
1504 3741 1538 3779 a
1585 3724 1701 3780 Deo
1741 3751 1764 3775 «ι
1815 3725 1875 3782 in

216 3812 504 3865 aeternum
534 3828 560 3852 ι·
594 3807 696 3863 sed
730 3807 1091 3879 ingredietur
1116 3808 1175 3863 in
1200 3809 1643 3867 tabernaculum
1676 3812 1795 3879 Dei,
1820 3818 1879 3869 et

215 3898 549 3970 requiescet
577 3895 636 3952 in
668 3900 868 3952 monte
898 3900 1101 3953 sancto
1129 3896 1250 3953 Dei.

737 4039 811 4099 IN
852 4039 1198 4098 PSALMUM
1238 4042 1351 4098 XV.

481 4130 755 4186 Trwws.
787 4129 1077 4203 Inscriptio
1106 4132 1261 4189 tituli
1289 4134 1399 4204 ipsi
1425 4132 1616 4190 David.

293 4271 319 4296 ο
350 4252 665 4310 Conserva.
698 4273 723 4297 υ
750 4254 1039 4327 Propheta
1068 4256 1283 4312 Esdras
1314 4255 1647 4331 intelligens
1699 4259 1877 4317 David

220 4340 536 4414 scripsisse
576 4341 734 4399 hunc
786 4342 1083 4416 psalmum
1133 4346 1204 4402 de
1248 4348 1672 4403 restauratione
1716 4350 1879 4423 regni

216 4429 460 4499 Christi,
496 4435 554 4487 et
584 4432 896 4505 providens
928 4433 1106 4489 etiam
1139 4436 1294 4507 quod
1319 4434 1377 4489 in
1401 4435 1673 4508 passione
1693 4436 1880 4510 ipsius

217 4518 435 4576 Christi
467 4520 582 4576 iste
609 4520 821 4579 titulus
842 4521 1194 4580 scriberetur
1227 4541 1239 4579 :
1277 4548 1299 4572 α
1331 4524 1504 4580 Jesus
1546 4524 1880 4584 Nazarenus

2059 3374 2084 3400 ιι
2109 3357 2235 3413 Dixi
2250 3355 2678 3423 Domino,Deus
2701 3373 2868 3413 meus
2891 3373 3005 3425 es,»
3029 3356 3124 3414 hic
3137 3360 3332 3413 autem
3349 3356 3634 3413 Dominus

1989 3471 2015 3499 ‹‹
2048 3445 2401 3513 miriﬁcavit,
2433 3474 2459 3499 ιι
2495 3445 2553 3500 id
2597 3450 2688 3501 est
2748 3445 3048 3502 mirabiles
3095 3446 3353 3509 ostendit
3384 3465 3407 3490 α
3429 3462 3635 3504 omnes

1983 3536 2314 3593 voluntates
2343 3550 2525 3589 meas.
2560 3558 2583 3583 »
2613 3533 2899 3590 Voluntas
2929 3534 3144 3591 Christi
3175 3539 3283 3603 est,
3318 3538 3384 3590 ut
3430 3550 3636 3592 omnes

1982 3626 2272 3699 impleant
2288 3624 2566 3679 mandata
2580 3624 2729 3694 ejus.
2745 3624 2905 3679 Hanc
2925 3623 3282 3679 voluntatem
3305 3623 3634 3681 mirabilem

1986 3715 2243 3772 ostendit
2264 3714 2418 3768 Deus
2449 3729 2476 3760 «
2505 3712 2727 3768 sanctis
2762 3731 2784 3755 ››
2818 3712 3053 3783 quando
3083 3728 3431 3784 cognoscam
3474 3712 3634 3782 facit,

1987 3806 2139 3879 quod
2173 3804 2219 3859 si
2254 3804 2405 3858 hanc
2434 3801 2792 3857 voluntatem
2824 3799 3129 3871 impleant,
3156 3799 3551 3872 impassibiles
3578 3804 3636 3857 et

1986 3891 2351 3950 immortales
2381 3891 2542 3946 ﬁant.
2558 3888 2787 3945 Sanctis
2817 3887 2945 3943 dico
2979 3907 3002 3930 «
3035 3888 3135 3959 qui
3167 3892 3306 3943 sunt
3334 3888 3395 3943 in
3420 3891 3628 3956 terra,»

1987 3983 2087 4056 qui
2106 3982 2235 4037 ideo
2267 3981 2543 4035 dicuntur
2570 3978 2932 4049 sancti,quia
2967 3980 3108 4033 sunt
3134 3976 3196 4032 in
3225 3980 3401 4046 terra,
3432 3976 3492 4033 id
3523 3979 3631 4047 est,

1986 4072 2047 4128 in
2078 4069 2546 4137 stabilitate,non
2578 4067 2636 4122 in
2670 4066 2948 4122 ﬂuctibus
2977 4065 3158 4138 hujus
3188 4066 3393 4122 mundi
3419 4083 3431 4121 :
3458 4070 3632 4136 terra,

1988 4161 2119 4217 dico
2152 4168 2176 4207 ι(
2208 4159 2336 4230 ejus
2361 4180 2388 4211 ι)
2419 4155 2642 4212 scilicet
2670 4155 3118 4222 benedictionis,
3136 4173 3252 4213 non
3285 4154 3639 4213 maledictio-

1988 4252 2103 4319 nis,
2138 4252 2203 4304 ut
2232 4252 2387 4304 terra
2414 4246 2547 4301 Adte
2580 4246 2730 4317 (Gen.
2762 4245 2872 4318 ιιι).
2902 4246 2972 4301 Et
3002 4245 3141 4318 quia
3171 4244 3355 4318 aliqui
3401 4249 3641 4318 possent

1989 4352 2338 4413 cognoscere
2367 4334 2745 4403 voluntatem,
2761 4338 2818 4390 et
2839 4338 3035 4391 tamen
3053 4352 3169 4390 non
3192 4334 3383 4407 posita
3402 4338 3558 4391 esset
3578 4335 3639 4390 in

1989 4429 2095 4497 eis,
2147 4426 2312 4486 addit
2342 4444 2367 4469 α
2416 4424 2476 4479 in
2524 4422 2608 4479 eis
2639 4443 2664 4467 ι»
2697 4422 2780 4479 ita
2826 4422 3047 4479 scilicet
3078 4442 3102 4466 ‹‹
3134 4422 3487 4490 miriﬁcavit,
3520 4440 3545 4465 η
3574 4424 3641 4477 ut

1990 4520 2188 4575 essent
2216 4514 2418 4588 positas
2450 4512 2509 4568 in
2541 4513 2658 4569 eis:
2695 4530 2718 4553 α
2751 4511 3083 4567 miriﬁcavit
3114 4528 3138 4552 ι)
3162 4510 3327 4582 prius
3355 4512 3523 4565 erant
3549 4509 3639 4566 in-

218 4625 320 4664 rex
347 4608 721 4678 Judaaorum;
756 4632 785 4661 »
819 4615 879 4666 et
909 4612 1067 4684 quod
1090 4613 1265 4668 etiam
1290 4612 1373 4669 illi
1403 4613 1572 4669 titulo
1592 4617 1885 4673 contradi-
1914 4621 1962 4686 D
1994 4606 2170 4675 ﬁrmi,
2203 4608 2260 4659 οι
2289 4619 2423 4659 cum
2454 4605 2649 4658 essent
2675 4600 3042 4669 ίῐιῧτωίνευδ
3073 4597 3325 4655 naturali
3355 4597 3481 4671 1980
3513 4627 3537 4653 (ι
3560 4596 3645 4654 in-

216 4701 440 4765 cerent,
465 4697 730 4754 dicentes
770 4697 955 4756 Pilato
983 4718 997 4756 :
1023 4716 1051 4748 α
1072 4700 1200 4757 Noli
1226 4702 1500 4772 scribere,
1526 4721 1626 4759 rex
1653 4705 1884 4763 Judaeo-

217 4800 378 4853 rum,
401 4785 506 4842 sed
526 4785 816 4859 quiaipse
835 4787 999 4857 dixit,
1016 4805 1116 4845 rex
1151 4806 1283 4845 sum
1318 4790 1657 4848 Judzeorum
1692 4794 1884 4863 (Joan.

216 4877 405 4945 mc),-
434 4875 508 4931 ad
536 4876 1042 4933 confirmationem
1075 4878 1248 4933 istius
1270 4878 1450 4947 tituli,
1469 4880 1554 4935 sic
1575 4882 1891 4939 intitulavit

217 4962 524 5034 psalmum
555 4963 763 5020 istum.
796 4964 903 5022 Ubi
935 4966 1092 5022 enim
1125 4965 1267 5021 dicit
1305 4967 1600 5038 psalmum
1646 4985 1775 5025 esse
1806 4970 1889 5024 in-

217 5050 540 5124 scriptum,
574 5054 834 5110 ostendit
870 5055 1047 5110 etiam
1080 5055 1319 5111 titulum
1355 5073 1484 5111 esse
1513 5056 1888 5130 inscriptum,

228 5139 378 5212 quia
396 5141 468 5197 de
488 5142 693 5198 eodem
726 5142 866 5217 agit,
900 5148 957 5199 et
985 5142 1192 5199 titulus
1241 5148 1298 5199 et
1348 5143 1634 5216 psalmus,
1669 5147 1890 5204 sciiicet

215 5229 301 5284 de
334 5245 514 5303 regno
545 5229 784 5288 Christi.
807 5232 1044 5288 Titulus
1068 5237 1264 5289 autem
1290 5231 1374 5287 sic
1405 5234 1748 5304 exponitur:
1776 5236 1893 5291 Ista

210 5316 530 5390 inscriptio
552 5317 731 5387 tituli,
768 5320 826 5375 id
857 5324 948 5377 est
977 5321 1086 5377 iste
1118 5321 1383 5394 psalmus
1415 5323 1507 5376 cui
1562 5328 1619 5377 et
1660 5324 1888 5393 titulus,

208 5402 368 5475 quia
394 5404 465 5460 de
494 5404 742 5461 obtentu
770 5406 959 5479 ipsius
991 5410 1176 5482 regni,
1213 5409 1367 5464 sicut
1398 5408 1608 5465 titulus
1642 5410 1698 5465 in
1754 5400 1899 5483 pas;

207 5491 408 5550 sione.
426 5492 757 5567 Inscriptus
787 5500 895 5565 est,
911 5497 968 5553 id
1001 5503 1092 5553 est
1114 5498 1565 5553 immutabiliter
1593 5500 1848 5572 scriptus
1874 5520 1885 5559 :

1996 4695 2305 4753 ﬁrmitates
2346 4707 2569 4758 eorum,
2605 4715 2629 4739 ››
2661 4689 2720 4745 id
2751 4693 2840 4745 est
2877 4693 3114 4761 peccata
3144 4711 3169 4736 σι
3200 4686 3589 4761 multiplicata
3612 4710 3641 4740 ιι

1999 4803 2102 4860 per
2130 4784 2318 4857 legem
2359 4781 2658 4854 scriptam.
2693 4778 2856 4834 Unde
2894 4777 3244 4851 Apostolus:
3277 4778 3396 4834 Lex
3440 4777 3644 4833 subin-

1996 4875 2170 4931 travit
2206 4878 2271 4927 ut
2299 4870 2625 4927 abundaret
2672 4867 2950 4924 delictum
2981 4868 3157 4938 (Rom.
3190 4868 3267 4940 v),
3303 4894 3327 4919 «
3359 4871 3577 4941 postea,
3610 4886 3639 4916 »ι

1997 4965 2056 5019 id
2087 4967 2196 5030 est,
2232 4964 2544 5034 postquam
2565 4975 2626 5014 se
2652 4961 3050 5030 cognoverunt
3079 4974 3194 5013 non
3226 4973 3396 5029 posse
3434 4951 3645 5009 salvari

1998 5071 2101 5126 per
2125 5051 2333 5123 legem,
2350 5048 2451 5104 sed
2476 5046 2673 5120 potius
2695 5045 3073 5118 multiplicari
3097 5048 3332 5118 peccata
3355 5060 3368 5097 :
3392 5057 3495 5113 per
3513 5054 3643 5096 eam

2001 5164 2028 5193 ‹‹
2062 5140 2548 5205 acceleraverunt,
2581 5152 2608 5184 υ
2640 5136 2861 5192 scilicet
2891 5136 2961 5190 ad
2993 5133 3309 5189 Christum.

2074 5255 2097 5277 ‹‹
2126 5228 2605 5285 Acceleraverunt
2638 5246 2660 5269 η
2693 5224 2896 5280 etideo
2917 5223 3044 5292 jam
3076 5242 3099 5263 «ι
3132 5237 3245 5275 non
3282 5216 3645 5290 congregabo

2000 5317 2405 5377 conventicula
2460 5333 2683 5384 eorum,
2717 5314 2791 5367 id.
2833 5315 2922 5365 est
2972 5311 3313 5373 conventus,
3374 5305 3650 5364 instituta

2000 5413 2071 5467 de
2104 5406 2495 5482 sanguinibus
2518 5425 2540 5447 η
2574 5397 3130 5461 cll'undcndis,sicut
3152 5397 3208 5450 in
3231 5396 3347 5452 alia
3374 5396 3648 5469 legc.Sed

1992 5502 2119 5574 jam
2146 5517 2259 5555 non
2292 5493 2566 5567 recipiam
2600 5487 3039 5559 sanguinem,id
3073 5491 3162 5541 est
3192 5485 3548 5543 sacriﬁcium
3578 5486 3651 5543 de

205 5580 368 5659 quia
393 5582 737 5657 quicunque
766 5588 1188 5656 contradicant,
1222 5588 1346 5661 ipse
1391 5604 1621 5660 semper
1659 5595 1748 5645 est
1793 5610 1892 5648 rex
1999 5590 2281 5647 eﬁ‘usione
2310 5578 2633 5653 sanguinis,
2666 5576 2752 5631 vel
2785 5577 2919 5649 agni
2953 5576 3039 5632 vel
3071 5576 3239 5632 hirci.
3277 5574 3377 5630 llic
3408 5574 3650 5648 promit-

208 5671 592 5746 Judeorum,
627 5671 686 5737 id
715 5679 806 5736 est
833 5692 966 5736 vere
995 5677 1149 5748 Deus
1200 5678 1603 5746 conﬁtentium
1629 5695 1642 5738 :
1674 5683 1732 5743 et
1770 5680 1892 5744 haec
1998 5681 2158 5745 tebat
2188 5677 2385 5757 aperte
2408 5664 2815 5728 liberationem
2844 5666 2917 5727 ab
2949 5682 3122 5728 onere
3149 5664 3296 5745 legis
3320 5664 3601 5726 Dsminuﬁ
3632 5678 3652 5740 ι

3400 5844 3445 5869 4'"
