4070 6180
435 356 557 420 239

862 355 1268 419 HAYMONIS
1301 349 1846 415 HALBERSTAT.
1881 342 2125 407 EPISC.
2161 343 2330 406 OPP.
2365 345 2566 407 PARS
2599 347 2645 407 l.
2678 381 2755 389 —
2785 346 3192 409 COMMENT.
3223 345 3424 407 BIBL.

3733 345 3847 404 ἕω

437 513 466 545 α
498 488 604 548 nec
633 489 858 547 memor
876 501 973 546 ero
1004 487 1311 544 nominum
1342 500 1606 551 eorum,»
1637 481 1699 537 id
1721 483 1809 537 est
1828 477 2081 534 infamiae
2109 476 2165 544 Α
2263 477 2408 543 Quia
2437 477 2562 550 ipse
2594 501 2617 526 α
2648 479 2791 535 mihi
2825 483 2914 535 est
2944 497 2977 535 a
3007 479 3224 534 dextris
3257 481 3510 551 propter,
3530 477 3639 533 hoc
3682 477 3844 534 laeta-

434 578 832 638 eorum.Prius
845 578 1304 634 nominabantur
1318 574 1477 629 fures
1498 570 1722 640 alii,alii
1739 568 2080 636 idolola'trae,

433 675 490 728 et
505 665 730 725 cretei-is
755 667 1048 723 similibus
1066 663 1424 721 nominibus.
1445 662 1548 717 Hic
1565 664 1801 716 notatur
1815 656 2084 712 remissio

435 760 824 830 peccatorum,
845 774 868 801 «
883 772 998 811 non
1013 771 1110 810 ero
1134 769 1377 820 memor,
1394 769 1418 799 υ
1439 751 1614 806 ethoc
1627 749 1754 804 dico
1780 768 1800 787 α
1818 764 1920 818 per
1933 743 2086 800 labia

438 867 467 897 α
488 849 670 912 mea,»
689 843 850 899 idest
862 844 1155 916 perVetus
1174 847 1231 897 et
1250 838 1473 899 Novum
1488 839 1926 894 Testamentum
1941 851 2085 904 ,quae

435 934 810 989 Testamenta
857 932 985 989 ideo
1036 932 1316 986 dicuntur
1346 929 1520 996 labia,
1555 927 1693 998 quia
1739 925 1893 980 sicut
1931 922 2086 976 labia

435 1018 791 1078 conveniunt
817 1022 890 1076 ad
924 1020 1160 1092 aliquod
1186 1019 1425 1072 verbum
1457 1013 1949 1079 formandum,ita
1972 1012 2086 1065 duo

435 1107 814 1167 Testamenta
837 1110 896 1164 in
920 1108 1308 1182 promissione
1329 1104 1694 1160 remissionis
1715 1107 2085 1174 peccatorum

437 1197 810 1256 conveniunt.
833 1199 898 1254 In
925 1200 1300 1254 Testamento
1321 1194 1535 1260 Veteri,
1561 1197 1625 1248 ut
1652 1193 1711 1247 in
1743 1189 2037 1247 Ezechiele
2071 1204 2085 1243 :

443 1307 468 1340 ι
484 1281 666 1343 Fili-us
678 1299 794 1342 non
808 1283 1443 1360 portabitiniquitatem
1458 1283 1640 1355 patris
1653 1278 2086 1350 (Ezech.xvm).»

440 1375 506 1432 In
537 1372 693 1432 Novo
724 1374 828 1430 ubi
852 1374 1121 1430 Christus
1152 1372 1296 1428 dixit
1324 1371 1602 1444 apostolis
1627 1386 1638 1424 :
1672 1393 1694 1415 ‹‹
1721 1371 1976 1435 Quorum
2010 1383 2090 1421 re-

440 1461 720 1528 miseriti's
748 1467 986 1536 peccata
1015 1464 1192 1532 (Joan.
1226 1461 1342 1533 xx).
1376 1486 1398 1511 »
1439 1459 1538 1515 Vel
1587 1475 1690 1531 per
1737 1457 1892 1513 labia
1939 1457 2088 1511 acci-

441 1551 675 1625 piamus
708 1551 1020 1625 apostolos,
1055 1551 1194 1622 quia
1224 1566 1327 1622 per
1355 1565 1454 1604 eos
1483 1547 1743 1630 loquitur
1771 1547 1944 1602 Deus.

515 1662 545 1692 ‹‹
573 1638 699 1698 Noa
723 1655 820 1697 ero
849 1656 1076 1696 memor
1122 1639 1432 1694 nominum
1465 1653 1688 1704 eorum,
1722 1658 1747 1689 ιθ
1780 1637 1880 1692 sed
1915 1663 1937 1687 ‹‹
1979 1635 2089 1690 Do-
2141 1634 2149 1640 ’

441 1729 641 1785 minus
658 1745 688 1774 ἰ
715 1727 826 1784 erit
855 1752 879 1776 ‹‹
911 1744 1047 1802 pars
1068 1727 1422 1784 haereditatis
1449 1743 1612 1794 mem,
1629 1755 1652 1778 ››
1677 1726 1814 1798 quia
1835 1741 1968 1780 cum
1993 1725 2090 1780 alii

2193 571 2320 621 tum
2337 571 2426 623 est
2451 584 2549 623 cor
2565 583 2806 623 meum»
2835 569 2907 624 de
2929 585 3032 639 spe
3051 566 3516 634 resurrectionis,
3535 595 3558 620 ιι
3582 570 3639 621 et
3661 567 3850 622 exsul-

2194 655 2339 710 tavit
2370 655 2571 728 lingua
2594 675 2607 713 :
2636 678 2662 708 »ι
2685 658 2814 729 ipsa
2843 657 2999 712 enim
3022 657 3278 730 perfecta
3299 660 3387 711 est
3415 655 3772 727 ltetitia,qua3
3794 661 3851 711 et

2195 744 2364 799 hilari
2385 747 2556 801 corde
2578 747 2992 819 concipitur,et
3015 745 3192 800 alacri
3235 761 3502 800 sermone
3535 745 3846 816 profertur.

2197 833 2357 888 Unde
2390 835 2514 906 ipse
2546 836 2828 891 Dominus
2860 835 3003 890 dixit
3039 851 3051 890 :
3087 865 3110 887 (ι
3143 833 3356 889 Solvite
3389 833 3773 906 templum,et
3791 833 3850 888 in

2197 922 2390 977 triduo
2413 923 2556 978 illud
2581 925 2944 979 reaedificabo
2967 925 3142 995 (Joan.
3160 924 3275 994 11).»
3301 923 3636 995 «Insuper,»
3657 923 3714 977 id
3741 928 3849 990 est,

2196 1015 2434 1082 propter
2463 1011 2572 1068 hoc
2600 1038 2620 1057 «ι
2655 1030 2786 1068 caro
2821 1029 2997 1067 mea»
3031 1012 3307 1081 etiam,id
3331 1016 3419 1067 est
3449 1029 3662 1084 corpus
3690 1012 3748 1066 in
3773 1028 3856 1068 se-

2197 1099 2398 1171 pulcro
2429 1125 2452 1149 ‹‹
2485 1101 2810 1173 requiescet
2838 1102 2898 1157 in
2931 1117 3034 1173 spe
3066 1127 3089 1152 ››
3115 1116 3293 1173 quam
3315 1101 3442 1173 ipse
3457 1100 3728 1157 Christus
3751 1102 3852 1156 ha-

2197 1189 2328 1244 buit
2357 1190 2428 1245 de
2459 1190 2657 1246 futura
2688 1191 3112 1246 resurrectione
3138 1208 3150 1246 :
3178 1191 3334 1246 unde
3358 1189 3648 1262 Propheta
3671 1189 3852 1246 dicit:

2203 1301 2224 1327 ι
2261 1278 2558 1335 Dormiam
2586 1283 2646 1334 et
2676 1279 3040 1351 requiescam
3070 1280 3241 1349 (Psal.
3275 1279 3372 1350 IV).
3409 1299 3432 1322 υ

2269 1367 2386 1424 Hac
2417 1385 2518 1440 spe
2550 1368 2771 1424 scilicet
2805 1393 2828 1419 ί(
2861 1368 3140 1440 quoniam
3165 1386 3281 1425 non
3305 1368 3712 1441 derelinquam
3737 1369 3857 1426 ani-

2201 1473 2357 1511 mam
2373 1473 2562 1512 meam
2577 1457 2637 1512 in
2652 1457 2877 1513 inferno
2894 1487 2916 1511 η
2931 1457 3269 1513 sicutantea
3285 1458 3495 1513 animai
3509 1462 3854 1514 sanctorum

2199 1549 2432 1600 retentae
2463 1546 2695 1602 fuerant
2724 1545 2783 1601 in
2813 1545 3290 1603 inferno.Anima
3327 1551 3525 1602 autem
3547 1547 3768 1603 Christi
3801 1547 3857 1602 in

2201 1633 2426 1690 inferno
2460 1651 2574 1690 non
2600 1635 3006 1704 remansit,sed
3031 1635 3178 1692 alias
3209 1652 3408 1692 secum
3427 1635 3671 1691 adduxit
3693 1657 3717 1679 ει
3753 1645 3858 1693 nec

2201 1723 2368 1779 dabis
2387 1747 2413 1778 υ
2449 1740 2541 1778 me
2570 1754 2593 1778 ι(
2627 1728 2898 1779 sanctum
2929 1729 3164 1792 tuum,»
3197 1725 3254 1781 id
3277 1729 3386 1796 est,
3411 1741 3624 1798 corpus
3656 1741 3856 1782 meum

439 1815 552 1875 sibi
565 1814 784 1892 eligant
803 1821 1552 1886 vestes,aurum,ete.,mea
1570 1815 1879 1871 hmreditas
1898 1814 2090 1870 solum
2120 1848 2169 1915 Β
2202 1812 2657 1882 sanctificatum,
2697 1833 2719 1855 ιι
2749 1813 3007 1881 videre,»
3038 1814 3095 1868 id
3127 1818 3216 1869 est
3246 1814 3462 1870 habere
3482 1834 3505 1857 α
3530 1815 3860 1887 corruptio-

439 1902 757 1964 Dominum
802 1907 943 1963 facit
1002 1923 1172 1962 suam
1229 1910 1476 1978 partem,
1516 1933 1536 1954 «
1570 1909 1627 1960 et
1670 1905 1956 1960 Dominus
2003 1908 2094 1958 est

440 2012 576 2066 pars
605 1995 805 2052 ealicis
851 1995 985 2050 mei.
1020 2015 1044 2038 »
1077 1995 1183 2049 Per
1229 1994 1628 2048 haereditatem
1675 1992 1958 2063 fidelium,
1991 1993 2091 2048 Dei

440 2079 734 2154 possessio
769 2099 781 2138 :
817 2099 920 2154 per
967 2082 1211 2138 calicem
1242 2097 1397 2152 vero,
1433 2081 1697 2153 ipsorum
1748 2081 2091 2137 meritorum

439 2167 778 2228 distributio
805 2167 1184 2242 intelligitur;
1210 2186 1312 2240 per
1341 2168 1579 2224 calicem
1611 2170 1766 2224 idem
1798 2170 2091 2240 signiﬁca-

441 2271 576 2317 mus
591 2259 749 2331 quod
773 2275 876 2331 per
903 2258 1438 2338 haereditatem,sed
1462 2259 1784 2313 secundum
1809 2258 1917 2314 hoc
1936 2260 2090 2330 quod

442 2346 597 2404 Deus
626 2343 712 2404 eis
732 2348 963 2404 diversa
983 2348 1136 2403 dona
1158 2346 1488 2414 distribuit;
1513 2346 1602 2401 vel
1627 2363 1729 2418 per
1749 2346 1986 2402 calicem
2010 2348 2095 2402 in-

440 2435 766 2509 telligimus
786 2435 1169 2508 spiritualiter
1188 2435 1513 2490 imitatores
1544 2436 1836 2506 passionis
1855 2436 2091 2492 Christi.

446 2536 479 2582 ἁ
507 2520 794 2582 Dominus
823 2529 913 2581 est
943 2542 1102 2596 pars,
1125 2528 1182 2581 et
1214 2529 1296 2590 tu,
1321 2524 1587 2592 Domine,
1608 2524 1882 2580 restitues
1912 2525 2092 2581 haere-

442 2613 686 2671 ditatem
709 2627 901 2670 meam
923 2613 1068 2668 mihi
1101 2635 1126 2658 »
1157 2630 1337 2686 quam
1360 2629 1465 2686 ego
1488 2612 1658 2685 primi
1683 2615 1938 2685 pareniis
1957 2632 2097 2686 pra:-

441 2702 796 2760 varicatiOne
827 2703 1161 2759 amiseram.

513 2794 583 2848 Et
612 2791 713 2847 illa
733 2792 1039 2848 heareditas
1069 2792 1250 2848 estde
1272 2791 1590 2864 praeclaris,
1612 2795 1668 2847 et
1699 2792 1807 2847 hoc
1839 2797 1928 2847 est
1960 2816 1983 2840 ει
2015 2793 2096 2847 fu-

443 2893 567 2951 nes,
599 2903 626 2932 ιο
651 2877 717 2936 id
747 2885 838 2937 est
880 2880 1094 2937 divitiae
1141 2882 1230 2937 vel
1277 2881 1610 2949 electiones,
1642 2881 1732 2936 vel
1779 2881 2094 2936 divisiones

447 2991 477 3025 α
503 2970 861 3039 ceciderunt,
891 2985 918 3016 υ
950 2971 1008 3025 id
1042 2975 1129 3027 est
1157 2971 1547 3042 contigerunt.
1565 2969 1861 3025 Invenitur
1889 2971 2096 3026 cadere

443 3058 583 3116 alibi
614 3059 674 3113 in
705 3059 978 3129 bono,uti
1015 3059 1230 3114 dicitur
1262 3076 1275 3113 :
1309 3083 1337 3113 α
1370 3059 1506 3114 Sors
1539 3058 1747 3114 cecidit
1777 3076 1953 3130 super
1981 3061 2096 3115 Ma-

441 3147 628 3204 thiam
659 3147 795 3216 (Act.
829 3149 871 3216 ι)
905 3164 919 3202 :
951 3174 974 3198 »
1006 3147 1343 3202 ceciderunt
1393 3147 1522 3201 dieo
1555 3175 1578 3198 κ
1611 3147 1670 3202 in
1715 3146 2027 3220 praeclaris.
2064 3171 2092 3203 κ

2213 1919 2410 1967 nem,»
2444 1901 2503 1956 id
2535 1906 2623 1957 est
2653 1901 3219 1974 putredinem.Quod
3243 1907 3439 1958 autem
3471 1903 3610 1959 alibi
3643 1903 3865 1959 dicitur

2203 2007 2337 2046 eum
2372 1990 2552 2046 fuisse
2581 1990 3044 2062 corruptibilem,
3071 2008 3186 2046 non
3219 1996 3308 2046 est
3338 1993 3702 2048 contrarium
3725 1993 3866 2048 huic

2203 2089 2304 2134 Sen
2313 2078 2668 2150 tentiae,quia
2680 2082 2913 2152 propter
2925 2079 3034 2135 hoc
3047 2083 3277 2136 tantum
3289 2081 3867 2155 dicitureorruptibi—

2202 2167 2455 2240 lis,quod
2470 2168 2593 2240 ipse
2617 2168 2806 2240 potuit
2819 2167 3129 2224 vulnerari.
3147 2169 3308 2224 Istud
3324 2171 3479 2241 quod
3494 2170 3588 2226 hic
3600 2170 3862 2226 dicitur:

2209 2279 2229 2306 ι
2252 2272 2358 2311 nec
2370 2256 2538 2311 dabis
2551 2260 2822 2311 sanctum
2837 2261 3005 2310 tuum
3020 2256 3215 2312 videre
3227 2257 3722 2328 corruptionem,»
3746 2272 3864 2313 non

2204 2349 2400 2416 posset
2421 2345 2600 2399 David
2628 2344 2918 2416 prophetae
2951 2345 3277 2412 convenire,
3308 2345 3377 2400 de
3409 2346 3578 2417 cujus
3617 2363 3866 2419 corrup-

2204 2433 2360 2489 tione
2390 2437 2614 2488 eertum
2646 2437 2753 2500 est,
2775 2436 3029 2488 testante
3062 2433 3228 2488 Petro
3262 2432 3319 2488 in
3349 2433 3593 2490 Actibus
3625 2439 3865 2507 aposto-

2202 2522 2393 2578 lorum
2423 2523 2585 2594 (Cap.
2619 2522 2702 2592 ιι).
2737 2522 2843 2578 Per
2873 2521 2981 2577 hoc
3021 2522 3178 2577 enim
3229 2521 3352 2594 ipse
3401 2523 3555 2578 idem
3601 2522 3868 2579 ostendit

2204 2613 2546 2684 prophetam
2578 2612 2966 2667 senuntiasse
2984 2611 3055 2666 de
3085 2611 3509 2668 resurrectione
3538 2611 3784 2668 Christi.

2275 2702 2401 2757 Non
2431 2699 2600 2756 dabis
2620 2701 2814 2756 videre
2837 2700 3399 2772 corruptionem,sed
3425 2699 3621 2772 potius
3644 2722 3667 2746 «
3684 2706 3864 2760 notas

2203 2790 2382 2847 focics
2416 2789 2561 2844 mihi
2590 2787 2713 2844 vias
2741 2789 2910 2844 vitaz»
2945 2787 3501 2856 scilicet,facultates
3521 2789 3866 2846 introeundi

2204 2881 2273 2936 ad
2287 2878 2465 2934 vitam
2476 2895 2848 2950 veram,quas
2871 2881 3005 2934 ante
3027 2877 3325 2934 Christum
3348 2895 3520 2934 nemo
3533 2879 3862 2936 habuerat:

2207 2989 2233 3018 α
2265 2967 2614 3040 adimplebis
2637 2985 2729 3023 me
2759 2966 2961 3022 laetitia
2993 2992 3016 3016 ‹‹
3046 2966 3104 3022 in
3137 2967 3542 3039 assumptione
3567 2985 3580 3023 :
3609 2985 3704 3023 me
3726 2969 3864 3025 dico

2203 3057 2458 3131 positum
2492 3087 2515 3112 ‹‹
2547 3074 2682 3113 cum
2703 3056 2866 3111 vultu
2896 3060 3050 3121 tuo,»
3083 3055 3139 3111 id
3173 3060 3262 3112 est
3291 3055 3350 3111 in
3381 3057 3694 3129 praesentia
3713 3062 3864 3114 tua:

2203 3151 2261 3204 et
2284 3147 2364 3202 ibi
2395 3145 2551 3203 mihi.
2572 3146 2761 3218 posito
2787 3167 2811 3191 α
2844 3146 2902 3200 in
2935 3146 3171 3200 dextera
3198 3149 3352 3212 tua,»
3385 3145 3444 3200 id
3475 3151 3564 3201 est
3594 3145 3653 3200 in
3677 3149 3868 3220 potio-

444 3237 580 3292 Ideo
597 3252 701 3308 per
719 3234 1608 3307 funesintelligimuselectiones
1633 3253 1645 3290 :
1671 3216 1809 3307 quia
1825 3236 1977 3292 sicut
1991 3254 2094 3308 per
2123 3216 2166 3283 Ο
2204 3237 2368 3292 ribus
2398 3216 2716 3291 bonis—tuis
2750 3254 2775 3280 α
2798 3233 3231 3302 delectationes,
3257 3255 3281 3279 η
3314 3234 3372 3288 id
3402 3238 3510 3303 est,
3531 3216 3868 3292 ineﬂabiles

444 3325 615 3380 funes
644 3323 955 3380 haereditas
982 3320 1282 3392 dividitur,
1311 3324 1397 3379 sic
1420 3324 1571 3396 justi
1602 3342 1635 3380 a
1665 3325 1928 3397 reprobis
1979 3325 2092 3381 ele-

445 3411 657 3482 ctione,
689 3411 750 3468 id
781 3417 872 3468 est
900 3411 1099 3468 divina
1126 3411 1510 3485 inspiratione
1559 3413 1970 3485 sejunguntur.
1996 3418 2093 3470 Hea

447 3504 646 3557 autem
677 3499 992 3557 electiones
1020 3499 1152 3557 ideo
1191 3501 1416 3568 cadere,
1451 3499 1507 3555 id
1550 3505 1639 3556 est
1681 3516 1820 3556 casu
1867 3501 2092 3559 evenire

442 3587 739 3661 dicuntur,
755 3589 896 3664 quia
916 3597 1097 3663 quare
1123 3590 1277 3646 Deus
1294 3588 1401 3646 hos
1423 3589 1882 3662 eligat,illosque
1903 3608 2094 3663 repro-

438 3679 536 3736 bet
557 3678 904 3752 ignoramus
929 3697 941 3736 :
962 3680 1092 3736 dico
1125 3695 1148 3722 (ι
1171 3679 1233 3735 in
1253 3677 1549 3752 praeclaris
1576 3678 1741 3748 mihi,
1765 3700 1788 3724 η
1825 3683 1914 3736 est
1934 3681 2090 3736 enim

434 3764 713 3841 praeclara
737 3768 842 3825 illa
873 3769 1186 3825 hmreditas
1217 3784 1368 3836 mea,
1385 3765 1519 3822 licet
1548 3766 1659 3822 aelii
1691 3770 2087 3838 contemnant,

433 3855 574 3929 quia
603 3855 898 3928 pannosos
929 3860 986 3912 et
1015 3856 1266 3912 afﬂictos
1299 3854 1606 3927 aspiciant.
1643 3856 1746 3912 Hic
1777 3856 1981 3929 incipit
2019 3858 2092 3915 de

433 3942 757 4017 gratiarum
789 3945 1034 4000 actione.
1067 3944 1438 4001 Continuatio
1470 3961 1482 4000 :

504 4031 790 4088 Dominus
817 4032 1091 4088 restituet
1119 4033 1264 4088 mihi
1296 4033 1635 4105 praeclaram
1664 4033 2087 4109 hmreditatem,

434 4121 493 4176 et
533 4116 671 4174 ideo
694 4134 718 4161 «ι
746 4119 1094 4176 'benedicam
1142 4122 1478 4190 Dominum,
1513 4142 1537 4166 ι»
1571 4123 1629 4178 id
1679 4129 1768 4180 est
1814 4125 2086 4183 laudabo.

435 4206 780 4263 Benedieere
811 4207 1149 4278 Dominum,
1164 4215 1255 4266 est
1279 4227 1413 4266 eum
1437 4211 1784 4268 annuntiarc
1805 4218 1862 4269 et
1884 4231 2091 4286 cogno-

435 4293 597 4352 scere
619 4296 699 4351 de
727 4295 878 4369 ipso,
909 4313 1036 4369 qua:
1068 4298 1138 4353 de
1167 4299 1294 4370 ipso
1326 4303 1465 4354 sunt
1495 4300 1878 4356 naturaliter:
1913 4319 2087 4373 quem

436 4383 778 4442 benedicere
809 4386 1014 4457 debeo,
1047 4385 1187 4459 quia
1215 4386 1343 4460 ipse
1373 4393 1464 4444 est
1494 4406 1521 4437 α
1551 4388 1651 4460 qui
1683 4389 1893 4444 tribuit
1941 4391 2086 4446 mihi

436 4471 819 4548 intellectum,
845 4498 868 4523 ι»
899 4475 958 4531 id
993 4479 1082 4532 est
1100 4493 1295 4532 veram
1329 4475 1779 4549 intelligentiam
1814 4480 1885 4535 de
1905 4480 2088 4536 omni-

2205 3324 2594 3380 beatitudines
2629 3343 2651 3366 α
2685 3340 2872 3395 usque
2902 3323 2960 3378 in
3001 3323 3200 3391 ﬁnem,
3229 3345 3253 3369 ι»
3285 3322 3343 3378 id
3396 3327 3487 3380 est
3533 3323 3865 3380 Christum.

2705 3449 2776 3507 ΙΝ
2821 3447 3168 3504 PSALMUM
3207 3447 3349 3504 XVI.

2647 3557 2920 3614 Trruws.
2979 3555 3162 3613 Oratio
3215 3557 3405 3612 David.

2277 3712 2300 3735 ‹‹
2332 3682 2875 3751 Exaudi,Domine.»
2895 3681 3040 3738 Cum
3058 3680 3118 3736 in
3137 3681 3358 3737 caeteris
3382 3679 3629 3753 psalmis
3651 3684 3871 3741 oratio-

2202 3791 2305 3830 nes
2333 3771 2886 3839 contincantur,iste
2919 3775 2975 3826 et
3000 3770 3241 3843 quidam
3273 3770 3644 3842 sequentium
3672 3774 3868 3828 oratio

2201 3862 2590 3937 appellantur,
2626 3861 2766 3934 quia
2815 3876 2918 3933 per
2965 3863 3149 3915 totam
3198 3875 3369 3915 suam
3428 3859 3867 3917 cOntext-ienem

2200 3953 2500 4008 continent
2528 3950 2839 4018 orationes,
2875 3953 2932 4004 et
2959 3967 3066 4005 nos
3087 3949 3159 4004 ad
3192 3947 3480 4005 orandum
3513 3947 3866 4024 informant.

2199 4042 2415 4110 Oratio,
2449 4039 2507 4094 id
2538 4044 2626 4095 est
2655 4037 2919 4112 psalmus
2942 4038 3040 4110 qui
3071 4042 3310 4094 vocatur
3339 4038 3544 4107 oratio,
3580 4038 3869 4094 attribui-

2198 4136 2297 4186 tur
2324 4129 2525 4198 David,
2560 4128 2616 4183 id
2649 4131 2738 4184 est
2767 4127 2878 4200 ipsi
2912 4126 3162 4182 Christo.
3197 4126 3394 4183 Oratio
3437 4143 3570 4182 vero
3622 4127 3869 4182 duobus

2199 4220 2539 4277 nominibus
2570 4217 2856 4289 accipitur
2887 4233 2900 4272 ε
2932 4215 3022 4272 vel
3057 4234 3160 4289 pro
3191 4215 3735 4288 supplicatione,vel
3760 4233 3868 4290 pro

2199 4317 2551 4384 quacunque
2573 4307 3060 4364 sermocinatione
3077 4310 3090 4360 ε
3115 4305 3210 4361 hic
3231 4310 3428 4362 autem
3447 4305 3744 4378 accipitur
3761 4323 3871 4379 pro

2199 4396 2645 4471 supplicatione.
2681 4395 2923 4451 Materia
2952 4399 3042 4450 est
3087 4394 3357 4451 Christus
3389 4411 3582 4461 orans,
3619 4395 3691 4450 de
3743 4405 3871 4467 qua

2198 4486 2282 4541 sic
2312 4485 2466 4557 agit:
2491 4483 2632 4538 Orat
2661 4481 2889 4539 restitui
2913 4481 3025 4538 sibi
3045 4482 3686 4553 secundumjustitiam
3723 4486 3873 4539 ante

434 4561 546 4619 bus
578 4565 774 4635 rebus,
804 4568 862 4620 et
890 4579 918 4611 α
949 4566 1190 4638 insuper
1220 4584 1242 4608 υ
1275 4566 1618 4621 benedicam
1661 4567 1734 4623 de
1763 4570 2035 4640 passione
2070 4587 2083 4628 :
2115 4591 2162 4654 Β
2196 4581 2429 4646 tempus
2460 4571 2775 4645 passionis,
2800 4571 3042 4639 scilicet,
3071 4577 3137 4626 ut
3168 4571 3322 4628 Deus
3353 4571 3570 4643 dirigat
3614 4585 3873 4644 gressus

433 4656 491 4707 et
513 4652 628 4708 hoc
649 4659 740 4709 est
773 4681 795 4706 (ι
819 4670 988 4710 renes
1009 4654 1205 4723 mihi,»
1232 4655 1288 4709 id
1321 4658 1410 4710 est
1431 4655 1692 4712 carnales
1713 4659 1962 4730 cognati.
1981 4661 2085 4716 Per

432 4739 601 4797 renes
630 4743 1001 4815 accipiuntur
1027 4743 1111 4798 illi
1145 4744 1245 4816 qui
1278 4750 1418 4799 sunt
1449 4746 1519 4799 de
1551 4763 1668 4801 una
1687 4749 2078 4818 generatione,

430 4831 570 4904 quia
597 4830 657 4886 in
689 4832 928 4887 renibus
958 4835 1047 4887 est
1078 4833 1458 4888 seminarium
1490 4836 1913 4906 generationis;
1943 4858 1965 4881 ιι
1991 4839 2082 4893 in-

431 4925 783 4994 crepuerunt
808 4938 900 4976 me
927 4944 955 4975 ››
989 4921 1180 4977 verbis
1202 4926 1258 4976 et
1279 4924 1635 4996 verberibus,
1653 4925 1826 4996 etiam
1852 4947 1874 4970 ‹‹
1901 4945 2083 4998 usque

432 5011 504 5066 ad
534 5014 788 5080 noctem,
822 5038 846 5064 ››
883 5011 939 5065 id
973 5015 1063 5066 est
1095 5011 1164 5066 ad
1199 5016 1468 5068 mortem.

504 5100 618 5171 Ipsi
645 5100 1064 5173 increpuerunt
1095 5101 1327 5169 me,sed
1357 5117 1462 5172 ego
1497 5115 1523 5144 (ι
1555 5118 1785 5173 semper
1818 5104 2085 5175 provide-

429 5187 622 5259 bam,»
645 5189 870 5246 scilicet
885 5207 978 5244 me
1001 5193 1468 5245 resurrecturum
1491 5219 1512 5240 ‹‹
1540 5189 1852 5247 Dominum
1875 5194 1931 5247 in
1955 5211 2086 5250 con-

434 5273 636 5347 spectu
659 5307 681 5331 η
716 5280 940 5335 scilicet
971 5279 1232 5334 interiori
1270 5308 1292 5331 ‹‹
1329 5295 1477 5344 meo,
1499 5297 1518 5321 ιι
1553 5279 1608 5333 id
1641 5285 1729 5335 est
1761 5282 1841 5337 ita
1891 5289 2084 5339 certus

433 5375 591 5419 eram
609 5366 679 5421 de
715 5368 1137 5424 resurrectione
1162 5384 1310 5434 mea,
1337 5384 1402 5421 ac
1424 5367 1470 5422 si
1495 5366 1623 5437 jam
1645 5369 1930 5427 viderem:
1960 5373 2084 5428 ideo

426 5452 802 5525 providebam
843 5486 867 5511 ‹‹
901 5456 1181 5528 quoniam
1215 5482 1239 5506 »
1273 5455 1331 5509 in
1385 5456 1512 5527 ipsa
1559 5459 1830 5529 passione
1881 5482 1903 5504 «
1935 5466 2024 5517 est
2055 5466 2109 5512 n‘

425 5542 554 5615 ipse
585 5560 610 5588 ι
639 5541 784 5600 mihi
815 5563 850 5601 a
878 5546 1163 5613 dextris,»
1197 5544 1255 5600 id
1285 5550 1375 5600 est
1398 5546 1456 5601 in
1479 5548 1768 5619 adjutorio
1792 5575 1817 5605 ‹‹
1840 5566 1912 5606 ne
1934 5569 2086 5607 eom—

419 5640 660 5716 pttjvear
690 5651 714 5680 υ
741 5633 805 5694 in
835 5633 1034 5712 aliqua
1057 5633 1461 5714 tribulatione.

2194 4681 2334 4722 suos
2365 4664 2424 4717 in
2448 4662 2674 4718 semitis
2696 4661 2840 4717 suis.
2865 4659 3014 4717 Petit
3034 4661 3210 4717 etiam
3233 4660 3467 4717 liberari
3491 4678 3524 4717 a
3545 4660 3778 4716 Judaiis
3804 4661 3871 4716 in

2194 4752 2565 4810 imminentia
2597 4749 2888 4823 passionis
2922 4767 2934 4805 :
2969 4748 3229 4822 postulat
3259 4750 3436 4806 etiam
3470 4749 3714 4806 retribui
3743 4750 3870 4805 sibi

2194 4843 2518 4900 secundum
2535 4857 2642 4894 sua
2656 4839 3113 4907 merita,scilicet
3125 4839 3370 4912 gloriam
3385 4839 3871 4905 resurrectionis,

2193 4936 2251 4988 et
2281 4931 2398 4985 illis
2422 4945 2651 5001 pmnam
2678 4928 2999 4982 secundum
3028 4927 3235 4983 merita
3265 4945 3373 4983 sua
3403 4928 3578 4983 mala.
3600 4927 3872 4984 Intentio

2194 5039 2304 5078 sua
2336 5023 2442 5086 est,
2481 5035 2585 5073 nos
2614 5017 2684 5071 ad
2719 5018 3005 5072 orandum
3056 5017 3344 5074 instruere
3369 5035 3381 5072 :
3406 5017 3464 5071 in
3506 5016 3616 5071 hoc
3660 5018 3873 5088 primo

2193 5126 2364 5166 versu
2381 5112 2438 5162 et
2461 5107 3240 5175 secundo,continenturilla:
3266 5113 3384 5162 tres
3396 5105 3693 5162 orationes
3708 5123 3878 5178 quas

2196 5197 2474 5266 diximus,
2511 5213 2661 5267 quas
2691 5201 2896 5268 postea
2928 5195 3300 5269 singulatiter
3343 5195 3703 5266 exsequitur.
3737 5196 3883 5252 Vox

2195 5287 2408 5347 Christi
2438 5286 2521 5341 ita
2552 5285 2799 5341 dicentis
2823 5287 3154 5341 secundum
3187 5287 3610 5341 humanitatem
3644 5304 3656 5340 :

2268 5405 2289 5430 ‹‹
2327 5375 2572 5432 Domine
2593 5375 2992 5442 Deus,exaudi
3034 5375 3333 5446 justitiam
3365 5391 3576 5440 meam,
3613 5394 3636 5414 η
3671 5375 3730 5429 id
3759 5376 3887 5432 Bst

2195 5465 2451 5537 adimple
2483 5463 2627 5518 illud
2659 5465 2814 5535 quod
2856 5464 3095 5535 justitia
3144 5482 3275 5520 mea
3322 5464 3480 5537 petit.
3509 5464 3885 5535 Expressit“

2195 5553 2618 5624 dicitjustitam
2643 5570 2835 5608 meam
2859 5570 3036 5626 quam
3058 5553 3252 5622 verba,
3277 5553 3418 5625 quia
3459 5552 3588 5624 ipsa
3617 5552 3884 5624 justitiam

2195 5642 2754 5716 clamat,scilicet,ut
2766 5647 2897 5702 ante
2919 5643 3254 5718 passionem
3266 5642 3882 5721 diriganturgressus
