4070 6180
249 339 358 401 Ni

1431 337 1931 401 EXPLANATIO
1975 337 2054 400 IN
2097 339 2237 403 PSA
2248 339 2480 404 LMOS.

3539 345 3661 415 242

250 474 338 533 sui
377 491 390 529 :
428 495 452 519 ‹‹
487 472 729 532 Intende
776 471 1168 546 deprecationi
1214 489 1354 529 mea:
1395 495 1419 519 »
1465 474 1536 529 de
1581 471 1897 528 remotione
1925 471 1984 540 Α
2010 471 2120 530 hoc
2147 474 2426 532 dicuntur
2453 475 2702 549 apostoli
2733 476 2998 552 vestigia,
3023 476 3162 552 quia
3204 478 3264 539 in
3311 478 3457 554 ipsis
3488 498 3662 559 appa-

248 563 645 632 miseriarum,
681 568 746 619 ut
775 563 1112 619 nullatenus
1143 568 1443 620 moveatur
1484 567 1720 636 propter
1755 562 1900 618 insi-

247 654 373 710 dias
393 655 758 710 Judaeorum.

316 764 337 788 «ι
361 743 625 799 Auribus
646 744 799 815 porci
809 760 878 815 pe
900 743 1362 800 obsecrationem
1397 760 1586 800 meam
1609 769 1634 799 ι)
1659 744 1728 798 de
1749 742 1898 798 obti-

245 834 453 888 nendis
480 832 672 900 bonis,
691 831 911 889 scilicet
939 833 1010 888 de
1039 831 1482 888 resurrectione.
1506 832 1699 888 Oratio
1741 831 1898 888 enim

245 921 474 996 proprie
539 922 758 978 dicitur
805 923 875 977 de
925 922 1257 978 obtinendis
1313 921 1528 978 bonis:
1569 921 1897 992 deprecatio

243 1016 438 1067 autem
491 1013 563 1066 de
613 1011 934 1067 remotione
985 1010 1277 1067 malorum
1334 1012 1566 1085 proprie
1627 1011 1894 1066 habetur.

242 1101 520 1168 Quamvis
549 1101 863 1170 exauditio,
889 1102 1239 1174 deprecatio,
1273 1102 1479 1169 oratio,
1511 1103 1568 1156 in
1604 1100 1719 1156 Deo
1742 1101 1895 1155 idem

241 1191 377 1257 sint,
405 1194 605 1244 tamen
640 1190 869 1246 diversa
897 1192 1063 1263 ponit
1093 1191 1417 1246 secundum
1448 1189 1896 1246 similitudinem

241 1279 571 1335 hominum.
612 1301 635 1324 ιι
658 1279 892 1352 Percipc
917 1280 1237 1335 orationem
1260 1301 1284 1323 »
1308 1281 1462 1352 quod
1488 1280 1664 1335 debes
1688 1279 1892 1345 facere,

240 1369 376 1440 quia
410 1388 434 1411 α
467 1385 586 1423 non
623 1393 646 1416 »
678 1371 767 1423 est
798 1369 954 1424 facta
977 1399 999 1421 ‹‹
1023 1368 1082 1422 in
1115 1369 1287 1424 labiis
1305 1368 1544 1434 dolosis,
1566 1388 1589 1412 »
1613 1368 1754 1440 quia
1794 1384 1894 1424 ne-

240 1474 350 1530 que
380 1457 496 1512 fuit
528 1456 751 1512 malum
779 1457 835 1511 in
865 1474 962 1513 ore
993 1473 1180 1529 neque
1210 1459 1267 1512 in
1299 1458 1491 1513 corde.

309 1546 570 1601 Priorem
586 1549 814 1617 partem
828 1545 1109 1602 orationis
1121 1546 1484 1617 exsequitur:
1503 1546 1654 1602 hanc
1667 1545 1894 1601 scilicet

241 1659 260 1686 ι
282 1633 793 1705 exaudi,Domine,
794 1635 817 1706 j
827 1634 987 1689 ustiti
997 1651 1088 1689 am
1104 1651 1346 1702 meam,»
1367 1635 1474 1690 hoc
1488 1635 1659 1690 modo
1673 1634 1895 1690 scilicet

238 1748 265 1775 κ
286 1724 589 1795 judicium
617 1739 816 1780 meum
839 1724 1099 1795 prodeat,
1135 1745 1158 1769 »
1190 1723 1247 1778 id
1283 1728 1390 1792 est,
1417 1725 1623 1795 judica
1651 1741 1744 1779 me
1766 1747 1788 1770 «
1821 1724 1894 1778 de

233 1812 396 1868 vultu
428 1817 554 1878 tuo,
589 1839 613 1864 υ
660 1811 718 1866 id
765 1817 854 1868 est
900 1813 970 1867 de
1020 1813 1229 1868 ali'ectu
1279 1817 1398 1880 tuo,
1424 1813 1748 1868 secundum
1795 1811 1894 1866 illa

233 1901 459 1958 scilicet
488 1918 618 1973 qua:
651 1901 711 1956 in
737 1916 829 1956 me
861 1901 1074 1973 aspicis
1108 1905 1280 1974 atque
1310 1902 1634 1974 cognoscis,
1669 1906 1728 1957 et
1774 1919 1890 1974 qua

231 1991 448 2046 fiducia
475 1995 610 2063 peto
641 1990 701 2044 in
726 2005 819 2046 me
834 1990 1090 2062 judicari
1115 1992 1440 2047 secundum
1471 1990 1885 2064 cognitionem,

231 2080 369 2152 quia
398 2079 521 2135 scio
555 2080 615 2134 in
648 2095 741 2134 me
773 2095 901 2135 esse
934 2080 1256 2152 aequitates,
1285 2084 1341 2135 et
1373 2110 1396 2132 «
1430 2080 1537 2136 has
1584 2081 1888 2152 aequitates

226 2168 466 2225 videant
493 2155 555 2223 in
587 2183 682 2223 me
701 2166 855 2222 oculi
886 2168 993 2236 tui,
1029 2190 1052 2213 »
1085 2167 1142 2223 id
1175 2173 1264 2224 est
1293 2168 1546 2242 cognitio
1577 2174 1699 2224 tua.

296 2256 658 2329 Exsequitur
686 2255 817 2312 illas
849 2257 1173 2329 mquitates,
1207 2258 1408 2314 dicens
1440 2275 1452 2313 :
1489 2287 1514 2311 ‹‹
1547 2259 1830 2326 Probasti,
1857 2282 1884 2309 η

228 2348 289 2402 ld
336 2350 449 2414 est,
484 2345 799 2418 probatum
845 2346 1156 2401 ostendisti
1191 2371 1213 2394 ‹‹
1247 2363 1346 2401 cor
1391 2364 1609 2414 meum,
1635 2369 1658 2390 »
1692 2347 1749 2402 id
1800 2352 1890 2404 est

224 2435 596 2491 voluntatem
629 2435 999 2507 meam,quia
1019 2435 1164 2490 nihil
1195 2435 1349 2491 volui
1374 2436 1485 2491 nisi
1509 2437 1844 2508 aequitatem
1871 2453 1883 2491 :

224 2529 280 2580 et
313 2523 621 2597 probando
652 2542 675 2566 «
707 2522 981 2590 visitasti,
1011 2540 1041 2571 ι)
1073 2524 1129 2579 id
1163 2529 1271 2595 est,
1297 2524 1737 2597 adjuvisti,quia
1761 2525 1888 2581 sine

227 2619 331 2669 tuo
364 2611 583 2668 auxilio
615 2629 729 2666 non
776 2616 965 2684 potest
1014 2612 1334 2669 subsistere
1368 2636 1390 2659 ‹‹
1426 2619 1612 2682 nocte,
1650 2635 1672 2659 »
1717 2615 1772 2669 id
1801 2619 1889 2671 est

223 2707 494 2775 tempore
525 2701 922 2769 adversitatis;
950 2721 971 2744 α
1004 2703 1260 2774 probasti
1287 2720 1385 2758 cor
1406 2719 1641 2758 meum»
1666 2703 1749 2759 sic
1781 2705 1887 2760 sci-

222 2789 538 2862 licet,quia
569 2809 591 2833 ιι
615 2789 1025 2861 cxaminasti,»
1061 2791 1118 2846 id
1145 2797 1252 2859 est,
1275 2794 1673 2848 examinatum
1697 2799 1887 2849 osten-

222 2878 368 2935 disti
402 2895 496 2933 me
530 2909 554 2931 ε(
588 2879 780 2950 igne,»
817 2879 872 2933 id
905 2882 992 2934 est
1024 2879 1080 2934 in
1117 2881 1356 2936 ferventi
1390 2881 1784 2949 tribulatione,
1820 2886 1887 2936 ut

219 2969 469 3035 scilicet,
486 2984 622 3023 eum
644 2969 940 3038 ejecerunt
970 2985 1103 3024 eum
1137 2974 1298 3025 extra
1327 2970 1619 3026 civitatem
1643 2974 1709 3024 ut
1739 2969 1883 3042 lapi-

220 3058 434 3114 darent
465 3058 599 3128 (Act.
624 3056 754 3128 vn);
787 3063 845 3112 et
875 3057 933 3112 in
966 3061 1127 3113 tanta
1155 3057 1582 3114 examinatione
1612 3080 1637 3110 α
1662 3075 1776 3114 non
1796 3064 1885 3116 est

220 3149 467 3206 inventa
496 3147 558 3201 in
591 3162 684 3200 me
716 3145 1019 3219 iniquitas.
1056 3175 1079 3198 η

290 3237 414 3293 Hoc
441 3236 737 3290 intentum
769 3251 968 3291 verum
1001 3240 1108 3304 est,
1134 3238 1288 3308 quod
1323 3263 1345 3288 (ι
1381 3254 1496 3292 non
1527 3243 1617 3292 est
1648 3237 1881 3294 inventa

218 3326 276 3392 in
311 3343 410 3381 me
445 3324 750 3396 iniquitas.
786 3323 857 3378 Ut
888 3341 1003 3379 non
1032 3324 1305 3397 loquatur
1347 3343 1412 3380 os
1445 3342 1642 3380 meum
1672 3347 1700 3378 ι
1733 3325 1884 3382 scili-

220 3420 311 3471 cet
344 3414 506 3487 quod
543 3429 659 3467 non
677 3417 902 3484 oportet
922 3430 986 3468 os
1018 3430 1216 3468 meum
1239 3413 1373 3468 inde
1395 3414 1718 3486 loqui,quia
1739 3415 1881 3472 satis

221 3502 676 3577 patet.thuasi
711 3500 923 3572 aliquis
953 3501 1198 3557 diceret:
1221 3504 1704 3574 Quandoquidem
1736 3502 1796 3558 in
1830 3508 1883 3559 te

222 3609 339 3648 non
361 3596 454 3647 est
484 3589 721 3645 inventa
750 3590 1052 3662 iniquitas,
1079 3607 1258 3662 quare
1287 3595 1347 3646 tu
1375 3592 1711 3647 tribularis?
1742 3593 1881 3648 Res-

220 3680 471 3753 pondita
507 3682 746 3751 propter
773 3679 949 3734 verba
981 3709 1004 3731 ι»
1041 3679 1264 3734 scilicet
1307 3679 1606 3752 implenda
1640 3701 1662 3724 α
1694 3681 1881 3737 labio-

222 3786 410 3839 rum,»
444 3769 505 3824 id
529 3772 618 3824 est
639 3767 1055 3840 prophetarum
1091 3787 1118 3818 «
1148 3773 1382 3823 tuorum
1416 3769 1700 3825 custodivi
1723 3786 1827 3844 ego
1851 3794 1878 3822 ››

222 3861 669 3932 perseveranter
687 3857 944 3912 sustinui
980 3878 1002 3900 α
1026 3857 1149 3913 vias
1169 3859 1367 3925 duras,
1393 3880 1417 3904 »
1443 3859 1500 3913 id
1531 3863 1620 3914 est
1639 3859 1882 3916 tribula-

221 3948 433 4004 tiones.
469 3945 600 4002 Alia
631 3945 932 4002 translatio
964 3946 1158 4014 habet,
1190 3948 1292 4002 via:
1343 3947 1606 4018 latronis,
1643 3953 1697 4004 et
1726 3948 1883 4004 idem

217 4036 486 4092 est.Vias
517 4034 648 4090 dico
681 4058 708 4088 α
728 4051 904 4107 opera
922 4035 1230 4092 hominum
1253 4057 1276 4079 »
1303 4053 1450 4108 quas
1478 4042 1886 4108 promerentur

213 4143 399 4199 opera
428 4123 834 4192 hominum,id
868 4129 958 4180 est
978 4124 1322 4180 carnalium.
1340 4125 1441 4180 Vel
1464 4125 1632 4180 aliter
1656 4141 1668 4179 :
1695 4126 1886 4181 Intan-

215 4220 348 4276 tum
381 4231 501 4269 non
529 4218 619 4269 est
642 4213 881 4268 inventa
929 4214 988 4268 in
1035 4231 1128 4269 me
1167 4213 1470 4286 iniquitas,
1498 4217 1562 4269 ut
1591 4231 1655 4268 os
1686 4231 1882 4269 meum

216 4327 250 4354 ιι(
282 4321 400 4359 non
425 4303 704 4374 loquatur
716 4317 893 4374 opera
909 4301 1270 4370 hominum,»
1291 4303 1347 4358 id
1371 4308 1460 4359 est
1474 4303 1880 4359 mendacium:

215 4396 277 4448 et
297 4393 394 4448 hic
427 4390 690 4448 ostendit
712 4390 1031 4445 maximam
1055 4391 1183 4462 ejus
1215 4391 1646 4463 perfectionem.
1669 4392 1884 4448 Perfec—

221 4482 494 4538 tissimus
520 4479 679 4535 enim
713 4483 820 4546 est,
856 4479 954 4551 qui
989 4496 1093 4534 nec
1123 4479 1324 4553 lingua
1345 4484 1563 4553 peccat.
1581 4481 1884 4538 Mendacia

2010 568 2140 618 rent
2169 565 2338 638 signa
2361 566 2602 638 justitiae
2643 567 2877 623 Christi.
2912 570 2981 624 Et
3025 571 3163 642 quia
3212 575 3354 628 sunt
3388 572 3661 646 vestigia,

2009 669 2122 708 non
2142 659 2388 725 possunt
2405 672 2531 712 esse
2561 657 2818 728 perfecti,
2836 658 2947 714 nisi
2973 659 3068 714 ille
3091 677 3264 731 quem
3286 660 3661 719 imitarentur

2008 745 2164 798 esset
2194 744 2674 815 perfectissimus.
2691 745 2834 802 Hinc
2852 747 3057 820 incipit
3079 749 3315 821 exsequi
3338 752 3660 808 secundam

2008 831 2350 898 orationem,
2367 831 2609 902 scilicet,
2634 838 2699 890 ut
2720 834 2986 893 intendat
3016 837 3482 909 deprecationem
3504 840 3656 912 ejus.

2007 919 2380 976 Continuatio
2413 939 2426 976 :

2080 1036 2103 1060 «ε
2138 1009 2348 1065 Perﬁce
2378 1027 2664 1084 gressus»
2697 1013 2945 1069 ctetiam
2976 1033 2999 1056 «
3031 1014 3249 1072 inclina
3267 1033 3470 1074 aurem
3493 1021 3657 1075 tuam

2008 1095 2174 1165 mihi,
2209 1120 2235 1147 ››
2271 1097 2329 1153 id
2379 1103 2488 1166 est,
2521 1101 2919 1157 condcscende
2977 1102 3142 1157 mihi.
3186 1104 3441 1160 Noscens
3497 1105 3655 1162 enim

2007 1202 2174 1242 suam
2208 1185 2610 1244 inﬁrmitatem
2654 1206 2766 1244 non
2814 1193 3010 1261 posset
3037 1195 3260 1247 tantam
3308 1193 3654 1264 dignitatem

2005 1275 2342 1346 promereri,
2378 1281 2543 1349 rogat
2570 1277 2761 1350 ipsam
2791 1279 3066 1334 deitatem
3096 1285 3162 1334 ut
3191 1296 3252 1336 se
3281 1280 3553 1338 humiliet
3582 1285 3655 1339 ad

2006 1364 2472 1420 subveniendum
2523 1366 2784 1439 ei,quasi
2845 1367 3116 1424 inﬁrmus
3163 1368 3380 1441 aliquis
3410 1369 3509 1442 qui
3539 1389 3655 1428 non

2005 1458 2202 1525 posset
2233 1472 2294 1509 se
2315 1455 2627 1528 crigere,et
2649 1473 2850 1530 rogare
2872 1457 3189 1528 medicum,
3209 1462 3274 1514 ut
3303 1475 3364 1515 se
3385 1458 3657 1517 humiliet

2004 1543 2074 1598 ad
2129 1543 2593 1600 subveniendum
2651 1545 2704 1601 ei
2736 1566 2758 1589 ‹‹
2793 1545 2999 1601 exaudi
3047 1547 3224 1602 verba
3272 1565 3422 1606 mea.
3455 1569 3479 1598 »
3513 1549 3653 1606 Dico

2005 1654 2033 1682 υ
2066 1632 2282 1689 inclina
2317 1654 2338 1676 »
2372 1639 2428 1689 et
2459 1651 2484 1682 α
2517 1636 2724 1690 exaudi
2754 1636 2948 1703 verba,
2968 1658 2990 1684 »
3016 1640 3072 1691 et
3092 1653 3333 1693 securus
3351 1639 3654 1712 sum,quia

2005 1745 2033 1775 ‹‹
2065 1738 2170 1796 ego
2200 1722 2442 1779 clamavi
2475 1724 2752 1795 quoniam
2783 1725 3069 1780 exaudisti
3103 1742 3257 1780 me.»
3291 1726 3408 1783 Hoc
3430 1733 3650 1798 autem,

1921 1844 1969 1910 Β
2001 1812 2221 1868 scilicet
2266 1811 2540 1881 clamare,
2588 1813 2866 1884 quoniam
2925 1813 3335 1881 exaudiuntnr,
3399 1820 3654 1882 tantum-

2001 1902 2172 1957 modo
2205 1904 2540 1956 sanctorum
2565 1906 2673 1969 est,
2690 1900 2788 1973 qui
2820 1917 2889 1956 ex
2917 1901 3173 1974 puritate
3204 1920 3322 1958 sua:
3355 1905 3651 1961 conscien-

1998 1990 2090 2044 tia}
2121 2004 2323 2046 secure
2352 1988 2630 2059 clamant,
2662 1994 2718 2045 et
2746 1990 3003 2046 exaudiri
3037 2007 3151 2045 non
3197 1995 3468 2048 metuunt
3499 2009 3513 2048 :
3547 1993 3648 2050 alii

1995 2095 2128 2134 vero
2145 2079 2538 2134 exaudiuntur
2554 2078 2692 2150 quia
2707 2077 2980 2149 clamant,
2997 2096 3144 2152 quos
3165 2097 3272 2136 sua
3293 2081 3652 2139 conscientia

1998 2167 2058 2222 in
2091 2167 2389 2240 aliquibus
2421 2172 2676 2224 accusat.

2071 2279 2098 2308 «
2126 2257 2344 2312 Exaudi
2377 2257 2551 2312 verba
2581 2274 2710 2313 mea
2741 2288 2764 2312 υ
2790 2262 2846 2313 et
2875 2258 3020 2314 mihi
3051 2259 3448 2316 abundantius
3469 2261 3649 2321 facias

1997 2362 2176 2417 quam
2195 2345 2324 2402 aliis
2344 2362 2356 2399 :
2382 2350 2438 2400 et
2458 2345 2566 2401 hoc
2588 2351 2676 2402 est
2699 2367 2720 2391 α
2737 2345 2984 2403 miriﬁca
3000 2348 3433 2406 misericordias
3454 2353 3645 2418 tuas,»

1998 2435 2056 2492 id
2087 2434 2515 2502 est,mirabiles
2547 2436 2652 2492 fac.
2687 2437 2750 2491 In
2783 2435 2891 2492 hoc
2917 2437 3072 2492 enim
3105 2438 3518 2495 misericordia)
3545 2441 3646 2496 Dei

1997 2522 2057 2578 in
2081 2523 2312 2579 Christo
2335 2528 2474 2580 sunt
2505 2524 2846 2592 miriﬁcataz,
2872 2526 3011 2597 quia
3041 2531 3098 2582 et
3134 2527 3420 2585 immunis
3451 2547 3485 2584 a
3515 2546 3647 2602 pec-

1997 2616 2123 2668 cato
2142 2613 2269 2679 fuit,
2287 2617 2556 2668 otomncs
2573 2613 3009 2684 persecutiones
3031 2615 3351 2686 patientius
3371 2617 3647 2676 omnibus

1997 2700 2129 2758 atiis
2161 2701 2394 2756 tulit.Et
2415 2702 2560 2757 bene
2583 2703 2758 2757 dcbcs
2775 2703 3087 2758 miriﬁcare
3122 2724 3144 2748 «
3171 2705 3270 2776 qui
3291 2703 3482 2762 salvos
3502 2707 3648 2764 iacis

1996 2793 2298 2860 sperantes
2331 2790 2388 2843 in
2421 2793 2522 2844 te»
2556 2807 2628 2845 ne
2656 2791 2867 2844 cedant
2895 2791 3395 2849 tribulationibus.

2067 2878 2204 2934 Dico
2235 2878 2505 2945 miriﬁca,
2536 2879 2618 2934 ita
2648 2877 2870 2934 scilicet
2901 2898 2925 2922 α
2957 2881 3188 2935 custodi
3217 2897 3331 2949 me,
3366 2901 3390 2927 »
3423 2882 3649 2939 scilicet

1996 2984 2111 3023 non
2146 2983 2238 3022 me
2268 2966 2501 3038 rapiant
2532 2969 2603 3022 ad
2635 2971 2936 3039 peccatum
2969 2987 2992 3011 «ι
3025 2985 3060 3023 a
3089 2969 3553 3039 resistentibus,»
3585 2972 3646 3027 id

1993 3061 2082 3112 est
2111 3074 2144 3111 a
2172 3056 2391 3112 Judaeis
2414 3056 2949 3112 contradicentibus
2980 3075 3004 3102 ιι
3028 3057 3272 3114 dexterae
3287 3063 3454 3127 tuae,»
3476 3059 3536 3116 id
3557 3063 3648 3117 est

1995 3144 2138 3200 mihi
2175 3145 2318 3200 Filio
2346 3150 2467 3201 tuo.
2492 3146 2625 3201 Ideo
2649 3144 2829 3201 Filius
2861 3146 2962 3201 Del
2993 3147 3230 3202 dextera
3258 3146 3489 3217 dicitur,
3504 3149 3646 3220 quia

1911 3214 1954 3281 α
1994 3251 2095 3306 per
2119 3235 2314 3307 ipsum
2345 3240 2619 3307 operatur
2648 3235 2801 3291 Deus
2831 3235 3030 3291 omnia
3061 3253 3074 3290 :
3109 3235 3337 3292 custodi
3365 3214 3547 3293 dico;
3577 3241 3646 3294 ut

1991 3323 2275 3395 pupillam
2311 3323 2460 3379 oculi
2494 3344 2518 3367 »
2553 3323 2704 3380 sicut
2733 3327 2962 3395 Oportet
2990 3324 3286 3380 custodire
3331 3323 3638 3398 pupillam.

1993 3413 2145 3468 Bene
2163 3431 2222 3468 se
2245 3413 2513 3469 Christus
2532 3412 2765 3485 pupilla:
2784 3412 2937 3468 oculi
2967 3417 3284 3485 comparat.
3301 3413 3465 3470 Sicut
3483 3415 3641 3470 enim

1991 3501 2218 3574 pupilla
2233 3506 2320 3557 est
2340 3501 2572 3573 dignior
2587 3519 2723 3573 pars
2745 3502 2896 3558 oculi
2915 3506 2972 3558 et
2993 3506 3178 3558 totum
3200 3519 3412 3575 corpus
3427 3503 3644 3560 illumi-

1994 3595 2112 3655 nat,
2148 3591 2232 3645 sic
2259 3596 2316 3646 et
2359 3591 2626 3646 Christus
2677 3596 2765 3646 est
2813 3591 3044 3664 dignior
3080 3608 3218 3663 pars
3265 3592 3554 3665 Ecclesiae,
3585 3597 3645 3658 et

1991 3684 2172 3735 totam
2208 3679 2523 3735 Ecclesiam
2557 3679 2868 3734 illuminat.

2067 3794 2090 3818 ς(
2115 3770 2348 3824 Custodi
2383 3785 2474 3823 me
2505 3773 2560 3823 et
2579 3772 2814 3840 protege
2848 3797 2871 3819 »
2901 3773 2964 3823 ut
2995 3786 3107 3823 non
3133 3769 3385 3824 sentiam
3405 3775 3638 3842 metum,

1992 3857 2233 3922 scilicet,
2266 3860 2330 3911 ut
2374 3874 2487 3911 non
2533 3856 2749 3911 invitus
2799 3855 2990 3928 patiar
3022 3875 3046 3900 «
3077 3875 3112 3911 a
3137 3856 3304 3927 facie,
3337 3883 3361 3909 ιι
3401 3858 3459 3912 id
3489 3863 3579 3914 est
3606 3877 3642 3917 ο.

1992 3945 2300 4018 prmsentia
2324 3966 2344 3989 ‹‹
2371 3945 2739 4017 impiorum.»
2764 3945 2870 4000 Per
2887 3945 3094 4001 faciem
3117 3949 3280 4002 notat
3295 3950 3640 4019 praesentem

1992 4034 2495 4107 impugnationem
2523 4050 2534 4088 :
2561 4051 2741 4104 quare
2772 4050 3009 4090 necesse
3046 4039 3171 4090 erat
3209 4038 3277 4090 ut
3312 4039 3640 4108 protegere-

1993 4128 2112 4189 tur,
2133 4143 2156 4166 κ
2179 4123 2318 4194 quia
2335 4140 2426 4178 me
2450 4122 2808 4190 afflixerunt;
2843 4129 3078 4196 protege
3101 4123 3228 4179 dico
3252 4144 3275 4169 (ι
3298 4125 3409 4180 sub
3432 4125 3643 4182 umbra

1937 4197 1958 4218 ’
1993 4211 2219 4268 alarum
2244 4215 2535 4279 tuarum,»
2567 4210 2624 4266 id
2657 4212 2870 4267 estsub
2898 4212 3196 4285 refrigerio
3227 4213 3640 4271 misericordia:

1992 4306 2050 4356 et
2080 4301 2403 4356 charitatis.
2442 4301 2542 4356 llic
2592 4317 2695 4372 per
2724 4299 2914 4356 simile
2963 4301 3241 4374 loquitur.
3277 4301 3442 4359 Sicut
3483 4302 3641 4362 enim

1993 4389 2114 4446 avis
2145 4390 2398 4462 protegit
2430 4388 2621 4460 pullos
2653 4406 2812 4457 suos,
2847 4406 2917 4445 ne
2957 4395 3166 4446 aestum
3217 4391 3477 4447 sentiant
3509 4408 3522 4448 :
3556 4392 3642 4449 sic

1991 4480 2145 4536 Deus
2185 4478 2480 4535 Christum
2523 4477 2933 4534 misericordiae
2965 4483 3022 4535 et
3050 4480 3304 4536 charitas
3343 4479 3640 4553 refrigerio

218 4576 389 4628 vocat
419 4569 754 4634 hominum,
788 4568 930 4639 quia
961 4568 1228 4625 homines
1258 4587 1291 4624 a
1321 4570 1550 4641 seipsis,
1577 4587 1691 4626 non
1715 4589 1749 4627 a
1768 4571 1882 4627 Deo
1913 4586 1962 4649 ι)
1991 4569 2258 4642 protexit.

214 4660 444 4718 habent
476 4657 737 4714 mentiri.
770 4656 872 4712 Vel
903 4657 987 4712 sic
1018 4658 1168 4726 dico,
1195 4659 1349 4730 quod
1384 4679 1406 4701 α
1440 4658 1497 4712 in
1531 4676 1623 4714 me
1654 4677 1768 4715 non
1793 4665 1882 4717 est

217 4750 464 4806 inventa
495 4747 778 4818 iniquitas
811 4770 833 4792 »
870 4746 1188 4813 intentum,
1225 4766 1250 4796 ‹‹
1281 4750 1345 4800 ut
1375 4764 1488 4802 non
1521 4747 1794 4820 loquatur
1814 4766 1878 4804 os

215 4854 421 4895 meum
458 4852 636 4909 opera
665 4836 1035 4903 hominum,»
1071 4835 1128 4890 id
1159 4840 1249 4891 est
1275 4841 1339 4890 ut
1368 4835 1493 4909 lego
1524 4835 1880 4908 loquarinde

207 4926 566 4998 jactantiam
596 4926 750 4980 sicut
780 4940 907 4980 mos
937 4928 1025 4980 cst
1052 4923 1379 4980 hominum.

288 5017 364 5070 Et
393 5015 536 5088 quia
570 5019 689 5070 tam
724 5014 1015 5086 perfectus
1048 5030 1180 5069 sum
1205 5027 1231 5059 ι(
1252 5016 1514 5086 perﬁce,»
1549 5016 1605 5069 id
1639 5020 1746 5087 cst,
1780 5033 1878 5070 us-

215 5121 337 5175 que
367 5105 440 5160 ad
475 5105 652 5159 ﬁnem
685 5101 1102 5171 conserva,ubi
1134 5106 1223 5158 est
1243 5103 1583 5159 meritorum
1607 5106 1880 5176 perfectio

205 5196 348 5250 tota
377 5210 401 5236 ιι
434 5209 676 5266 gressus
704 5207 892 5261 meos,
924 5211 947 5234 »
982 5192 1038 5246 id
1077 5195 1166 5247 est
1209 5209 1383 5264 opera
1432 5209 1583 5261 mea,
1607 5210 1708 5264 per
1753 5211 1879 5266 qum

209 5282 461 5353 gradior
491 5304 514 5327 ‹‹
540 5283 598 5336 in
647 5280 879 5336 semitis
928 5280 1067 5348 tuis,
1103 5302 1126 5325 »
1167 5280 1224 5335 id
1273 5285 1383 5347 est,
1416 5281 1474 5336 in
1534 5281 1881 5340 arctioribus

209 5370 528 5442 prmeeptis
555 5369 673 5426 tuis
695 5372 760 5424 ut
782 5369 840 5423 in
865 5367 1026 5424 nullo
1049 5370 1270 5424 deviem
1295 5375 1626 5442 apraecepto
1651 5376 1766 5428 tuo.
1788 5373 1882 5428 Sic

205 5458 411 5531 dirige
436 5475 680 5532 gressus
711 5474 896 5528 meos,
930 5462 994 5512 ut
1031 5457 1206 5512 etiam
1241 5481 1263 5505 ι(
1297 5459 1543 5531 vestigia
1591 5477 1741 5527 mea,
1765 5491 1788 5514 υ
1823 5463 1880 5517 id

209 5551 312 5616 est
345 5546 596 5618 apostoli
629 5551 685 5602 et
715 5545 812 5600 alii
847 5560 1125 5616 sequaces
1156 5543 1269 5599 mei
1302 5565 1328 5594 α
1352 5562 1464 5600 non
1492 5551 1831 5602 moveantur
1852 5571 1880 5600 »

209 5655 248 5711 ει
281 5637 523 5710 semitis
545 5636 683 5692 tuis.
698 5635 958 5706 Vestigia
976 5639 1118 5690 sunt
1137 5633 1304 5706 signa
1320 5635 1556 5707 pedum,
1572 5641 1631 5692 et
1650 5643 1885 5710 propter

2062 4658 2133 4713 Et
2154 4673 2389 4713 necesse
2419 4662 2542 4713 erat
2573 4662 2637 4712 ut
2657 4662 2722 4712 tu
2759 4657 3306 4730 protegeres,quiau
3328 4658 3573 4730 inimici,
3606 4684 3635 4714 υ

1988 4749 2045 4803 id
2069 4750 2156 4803 est
2171 4747 2378 4814 Judmi,
2397 4767 2418 4788 α
2443 4746 2951 4802 circumdederunt
2971 4747 3230 4803 animam
3249 4763 3462 4819 meam,
3477 4767 3504 4798 ι
3527 4752 3638 4808 sci-

1988 4837 2140 4902 licet,
2175 4835 2430 4892 volentes
2460 4835 2660 4892 tollere
2687 4837 2944 4892 animam
2977 4853 3189 4907 meam,
3223 4837 3281 4894 id
3331 4843 3421 4895 est
3461 4841 3637 4896 vitam

1989 4943 2201 4982 meam.
2242 4926 2356 4979 lloc
2397 4925 2569 4981 modo
2603 4926 2836 4998 quando
2868 4944 3003 4982 cum
3035 4927 3248 5000 gladiis
3296 4932 3353 4983 et
3384 4928 3636 4984 fustibus

1990 5031 2123 5070 eum
2159 5013 2668 5069 circumdederunt
2693 5033 2705 5070 :
2732 5015 3144 5072 concluserunt
3160 5015 3333 5071 etiam
3359 5034 3382 5058 α
3404 5015 3635 5086 adipem

1992 5121 2219 5159 suum.»
2248 5103 2411 5158 Sicut
2431 5103 2588 5158 enim
2611 5103 2791 5176 aliqui
2817 5103 3064 5176 pingues
3094 5103 3635 5159 concluduntsuam

1991 5192 2406 5266 pinguedinem
2439 5210 2573 5248 cum
2605 5193 2720 5249 alia
2749 5193 3120 5265 pinguedine,
3141 5193 3218 5245 ita
3245 5196 3309 5245 ut
3330 5191 3454 5261 jam
3489 5192 3636 5249 nihil

1990 5282 2177 5354 possit
2194 5281 2252 5335 in
2280 5297 2379 5337 eos
2400 5280 2647 5337 intrare:
2670 5281 2751 5336 sic
2767 5279 2951 5336 Judaei
2971 5279 3303 5352 pingues,id
3325 5283 3414 5335 est
3433 5280 3638 5339 multis

1991 5370 2234 5426 malitiis
2264 5388 2402 5426 suas
2433 5369 2688 5424 malitias
2725 5367 3154 5432 concluserunt,
3191 5367 3274 5422 ita
3313 5369 3469 5440 quod
3509 5370 3635 5441 jam

1992 5458 2137 5514 nihil
2159 5457 2416 5513 veritatis
2435 5459 2492 5511 in
2511 5475 2610 5512 eos
2630 5457 2845 5510 intrare
2859 5458 3316 5529 posset,pr0pter
3333 5446 3636 5530 peccatum

1992 5548 2305 5604 Dominicae
2338 5544 2627 5618 passionis
2664 5561 2676 5598 :
2711 5549 2767 5598 et
2815 5543 2944 5599 ideo
2967 5566 2991 5589 «
3023 5561 3089 5600 os
3125 5562 3327 5602 eorum
3375 5546 3637 5604 locutum

1992 5635 2425 5708 estsuperbiam
2441 5653 2462 5675 »
2478 5632 2797 5688 dicentium
2826 5650 2836 5688 :
2865 5653 2887 5676 ‹‹
2911 5632 3198 5693 Nolumus
3217 5635 3376 5696 hunc
3396 5651 3636 5710 regnare
