4070 6180
274 293 396 359 245

1402 342 1409 349 ρ
1455 297 1981 363 ΕΧΡΒΑΝΑΤΙΟι
2003 292 2085 361 ΙΝ
2126 298 2509 366 PSALMOS.

3562 302 3687 373 246

278 436 513 505 fecerat,
548 434 675 508 ipse
722 433 835 489 sibi
887 433 1162 491 manibus
1208 451 1276 491 ac
1326 434 1575 508 pedibus
1624 433 1924 506 appetivit.
1956 426 2011 499 Α
2039 438 2150 503 est,
2181 435 2523 509 iniquitates
2555 436 2862 494 hominum
2894 456 3023 512 quae
3044 444 3183 497 sunt
3208 441 3383 498 sicuti
3412 444 3678 502 torrens:

276 527 415 584 Dico
448 526 571 582 haec
600 527 777 583 verba
825 526 1190 582 attribuatur
1217 525 1447 581 Christo
1487 541 1622 581 cum
1653 524 1929 581 omnibus

275 617 560 672 membris
596 634 608 672 :
641 618 819 672 verba
848 615 1000 686 dico,
1035 615 1344 688 dirigentia
1376 633 1481 671 nos
1524 614 1583 669 in
1637 615 1834 683 finem,
1870 614 1926 670 id

272 710 382 773 est,
437 707 497 761 in
544 705 847 761 Christum
882 721 895 760 :
931 704 1182 761 intendit
1230 704 1386 759 enim
1437 722 1544 760 nos
1578 704 1820 760 invitare
1852 706 1924 761 ad

274 796 649 852 dilectionem
682 796 782 851 Dei
823 810 926 867 per
971 793 1300 866 exemplum
1350 795 1463 849 sui.
1498 794 1738 849 Materia
1787 800 1928 851 sunt

275 902 523 941 munera
552 885 641 941 vel
676 884 1090 941 misericordia:
1123 885 1245 952 Dei,
1280 883 1540 951 salvatio,
1575 884 1922 955 populorum

274 975 585 1047 subjectio,
619 973 935 1029 vindicatio
958 975 1030 1029 de
1052 974 1327 1029 inimicis.
1352 974 1432 1029 De
1456 974 1563 1028 hac
1585 978 1783 1029 autem
1808 990 1926 1029 ma-

272 1065 419 1121 teria
450 1064 535 1120 sic
568 1063 689 1137 agit
717 1080 731 1119 :
765 1062 1071 1118 Prmmittit
1114 1062 1562 1118 exsultationem
1598 1063 1667 1117 de
1700 1063 1920 1129 datore,

272 1152 531 1211 ostendit
546 1152 942 1209 calamitatem
957 1151 1197 1207 humani
1212 1150 1441 1224 generis
1454 1169 1524 1205 an
1536 1156 1589 1206 te
1609 1152 1922 1207 adventum

272 1241 513 1313 Christi,
546 1246 603 1297 et
631 1245 835 1297 contra
868 1259 880 1296 :
915 1240 1172 1297 remedia
1212 1257 1315 1313 per
1363 1240 1675 1295 adventum
1707 1240 1921 1296 Christi

271 1332 507 1387 tertiam
542 1335 768 1403 partem
801 1329 1369 1401 depotestateipsius
1389 1328 1920 1401 Christi,quartam

269 1424 494 1493 partem
527 1421 600 1476 de
629 1419 1135 1476 commendatione
1155 1419 1416 1490 ipsorum
1444 1435 1778 1474 munerum.
1802 1419 1923 1474 Vox

268 1509 509 1577 Christi,
543 1512 601 1565 et
628 1509 954 1565 secundum
984 1525 1154 1564 suam
1186 1524 1495 1580 personam
1518 1512 1577 1564 et
1596 1509 1919 1564 secundum

267 1600 560 1655 membra.
592 1597 965 1654 Continuatio
996 1613 1010 1652 :

335 1688 610 1745 Christus
640 1690 731 1743 est
750 1686 983 1742 locutus
1000 1687 1175 1742 verba
1191 1686 1399 1742 cantici
1424 1687 1622 1759 hujus,
1646 1691 1703 1743 et
1724 1688 1869 1743 dixit
1902 1706 1915 1744 ε

2039 525 2179 595 quia
2206 526 2377 582 sicuti
2414 532 2640 584 torrens
2672 546 2772 601 per
2802 529 3057 601 pluviam
3089 531 3296 587 crescit
3314 537 3372 588 et
3401 534 3682 607 impetuo-

2037 630 2140 669 sus
2171 614 2255 682 fit,
2292 614 2373 669 sic
2406 615 2743 688 iniquitates
2777 618 3082 674 hominum
3108 620 3366 676 tumultu
3389 629 3682 695 crescunt,

2035 706 2093 757 et
2124 702 2181 757 in
2216 709 2449 759 sanctos
2481 705 2805 777 impetuose
2837 709 3004 775 fiunt,
3045 731 3065 757 ιι
3098 710 3479 766 turbaverunt
3511 728 3628 782 me,
3649 735 3679 766 »

2035 791 2094 845 id
2125 795 2232 859 est,
2266 793 2504 848 anxium
2528 795 2787 850 fecerunt
2819 813 2930 851 me.

2106 881 2385 937 Praeterea
2411 884 2587 937 etiam
2628 904 2647 931 ε
2683 884 3140 941 doloresinferni
3167 888 3681 947 circumdederunt

2035 986 2147 1035 me,
2183 990 2206 1013 ι»
2243 971 2299 1027 id
2331 976 2421 1027 est
2451 972 2682 1044 pagani,
2717 974 2815 1045 qui
2864 991 2966 1045 pro
3013 976 3217 1029 merito
3259 977 3422 1031 mala:
3455 978 3585 1033 vita:
3616 978 3677 1033 in

2032 1059 2261 1115 inferno
2296 1062 2599 1132 torquendi
2637 1067 2791 1117 sunt.
2826 1062 2927 1117 Vel
2962 1079 2974 1117 :

2110 1171 2130 1198 α
2168 1148 2404 1205 Dolores
2470 1150 2704 1218 inferni,
2750 1173 2778 1201 ››
2832 1151 2886 1205 id
2942 1157 3049 1219 est,
3119 1170 3299 1224 poenae
3365 1153 3677 1214 infernales

2035 1260 2063 1287 ‹‹
2094 1239 2609 1294 circumdederunt
2639 1256 2751 1307 me,
2779 1261 2801 1283 υ
2826 1240 2883 1295 id
2900 1244 3012 1308 cst,
3035 1242 3116 1296 ita
3138 1246 3332 1297 certus
3353 1259 3485 1298 sum
3507 1246 3677 1316 quasi

2022 1327 2149 1397 jam
2181 1326 2709 1384 circumdedissent
2739 1346 2853 1400 me,
2887 1329 2999 1385 nisi
3031 1331 3314 1386 adventus
3342 1331 3557 1387 Christi
3588 1351 3675 1390 re-

2031 1416 2217 1472 dimat
2248 1433 2360 1472 me.
2396 1417 2538 1472 Item
2570 1418 2734 1489 ponit
2762 1418 3004 1474 alteram
3036 1423 3259 1491 partem
3291 1437 3410 1476 suae
3440 1421 3678 1478 calami-

2026 1505 2191 1574 tatis,
2223 1523 2357 1562 cum
2389 1507 2531 1562 dicit
2554 1528 2577 1549 «
2611 1507 2801 1579 laquei
2835 1508 3062 1576 mortis,
3099 1527 3121 1551 υ
3154 1508 3211 1564 id
3254 1514 3363 1578 est,
3398 1510 3681 1584 originale

2028 1600 2333 1667 peccatum
2367 1616 2391 1639 «
2424 1600 2976 1668 praeoccupaverunt
3006 1613 3099 1651 me
3132 1620 3159 1646 »
3192 1597 3367 1653 etiam
3408 1601 3678 1657 nescien-

2029 1687 2168 1751 tem,
2202 1685 2341 1756 quia
2370 1685 2442 1740 ab
2472 1685 2601 1756 ipsa
2628 1684 2804 1740 etiam
2836 1686 3213 1756 conceptione
3243 1692 3335 1743 est
3363 1688 3538 1746 homo
3577 1689 3677 1747 illo

268 1778 312 1834 Ο
342 1776 616 1844 Domine,
640 1774 835 1845 dilexi,
868 1780 926 1832 et
954 1775 1153 1848 diligo,
1183 1780 1241 1831 et
1275 1796 1302 1825 «
1329 1774 1569 1848 diligam
1600 1781 1678 1832 te.
1713 1799 1741 1829 »
1776 1777 1915 1832 Dili-
1946 1804 1997 1871 B
2027 1773 2660 1871 peccato-illaqueatam

267 1883 401 1941 gam
434 1866 708 1933 dicendo,
744 1868 907 1920 notat
938 1865 1426 1938 perseverantiam
1450 1865 1636 1937 ipsius
1667 1865 1921 1922 dilectio-

267 1956 359 2011 nis
392 1973 407 2010 :
442 1955 586 2028 quia
616 1960 677 2011 tu
711 1972 775 2010 es
801 1977 823 2003 ιι
858 1953 1137 2010 fortitudo
1168 1971 1317 2024 mea,
1350 1977 1378 2004 »
1412 1955 1551 2027 quia
1570 1954 1630 2010 in
1662 1972 1754 2011 me
1784 1973 1918 2012 sum

267 2044 605 2112 imbecillis,
640 2044 700 2099 in
729 2048 786 2100 te
816 2043 981 2099 fortis
1012 2044 1085 2099 ad
1119 2046 1503 2116 pugnandum
1534 2049 1738 2101 contra
1756 2045 1919 2101 mali-

267 2152 413 2210 gnos
446 2152 462 2190 :
497 2133 667 2207 quasi
717 2133 935 2189 diceret
967 2149 979 2188 :
1013 2132 1205 2189 Vultis
1253 2149 1600 2206 cognoscere
1642 2134 1811 2189 illum
1844 2135 1915 2190 ad

266 2240 443 2298 quem
474 2223 704 2296 loquor,
737 2221 862 2295 ipse
893 2226 1000 2290 est,
1032 2241 1054 2270 ι
1078 2222 1518 2278 firmamentum
1540 2239 1758 2291 meum,
1794 2246 1821 2274 ››
1856 2224 1914 2279 id

264 2318 373 2381 est,
409 2312 635 2369 faciens
666 2328 761 2367 me
791 2312 1025 2366 ﬁrmum
1059 2328 1132 2367 ne
1161 2311 1449 2380 deficiam,
1488 2334 1515 2361 ‹‹
1546 2316 1603 2367 et
1624 2311 1913 2385 refugium

265 2418 488 2469 meum,
526 2424 549 2453 ι
586 2400 811 2457 scilicet
838 2401 909 2455 ad
941 2416 1115 2471 quem
1149 2416 1255 2471 ego
1304 2400 1591 2472 refugiam
1640 2402 1807 2473 quasi
1841 2402 1914 2457 ad

262 2490 494 2546 turrim.
531 2490 593 2546 Si
620 2490 778 2546 enim
810 2490 1083 2563 ignorant
1106 2488 1305 2544 fideles
1335 2488 1474 2561 quid
1497 2492 1791 2563 agendum
1815 2491 1913 2560 sit,

262 2578 509 2636 consilio
559 2578 756 2634 divino
797 2578 1174 2634 instruuntur
1203 2578 1342 2650 quid
1375 2578 1452 2634 sit
1480 2581 1773 2651 agendum
1809 2597 1820 2635 :
1855 2585 1914 2637 et

262 2668 402 2741 quia
430 2672 631 2740 posset
655 2682 783 2722 esse
806 2665 989 2733 fortis,
1016 2666 1247 2731 firmus,
1271 2671 1327 2721 et
1350 2666 1541 2722 sciens
1558 2668 1731 2723 etiam
1756 2671 1909 2741 quod

260 2757 562 2829 agendum
591 2758 764 2821 esset,
798 2758 855 2810 et
881 2758 1078 2826 posset
1099 2754 1332 2810 dificcre
1365 2772 1377 2809 :
1414 2758 1908 2827 quemadmodum

259 2846 503 2918 quidam
527 2842 803 2909 haaretici,
827 2842 925 2914 qui
945 2843 1234 2914 putabant
1254 2847 1563 2916 postquam
1583 2851 1776 2900 essent
1797 2846 1910 2901 ins-

258 2933 439 2988 tructi
464 2950 497 2989 a
520 2932 660 2999 Deo,
687 2948 790 3003 per
810 2948 948 2987 suas
976 2931 1128 2986 vires
1158 2932 1425 2987 sufficere
1450 2949 1462 2985 :
1488 2932 1688 2987 subdit
1711 2956 1738 2981 «
1764 2937 1820 2988 et
1840 2933 1908 2988 li-

259 3023 499 3077 berator
527 3037 720 3088 meus,
751 3042 780 3069 ››
804 3019 863 3075 id
895 3024 1004 3088 est,
1038 3020 1136 3092 qui
1160 3037 1252 3076 me
1274 3019 1481 3076 liberat
1500 3022 1573 3076 ab
1602 3021 1858 3079 inimicis
1891 3039 1903 3078 :

259 3111 398 3183 quia
429 3110 479 3165 si
504 3109 660 3164 Deus
689 3125 929 3164 manum
963 3108 1353 3177 subtraheret,
1386 3110 1584 3165 statim
1616 3111 1901 3168 deficeret.

333 3221 362 3247 ε(
395 3199 576 3264 Deus,
614 3218 636 3247 ι
674 3196 731 3251 id
763 3200 873 3264 est,
894 3197 1132 3252 Creator
1153 3214 1339 3264 meus,
1376 3220 1404 3248 ‹‹
1424 3198 1660 3269 adjutor
1691 3217 1856 3255 meus
1880 3224 1907 3252 »

259 3288 331 3343 ad
365 3285 825 3358 cooperandum,
858 3284 999 3357 quia
1040 3285 1166 3341 sine
1212 3303 1279 3342 eo
1324 3286 1467 3341 nihil
1501 3287 1910 3361 boni'possum

259 3376 470 3443 facere,
490 3378 550 3431 et
570 3374 718 3445 ideo,
740 3394 762 3422 ι
787 3374 1032 3447 sperabo
1056 3374 1113 3430 in
1136 3391 1293 3442 eum,
1314 3397 1335 3425 ι
1358 3376 1414 3431 id
1430 3380 1517 3431 est
1530 3393 1693 3449 spem
1718 3394 1909 3435 meam

256 3469 439 3520 totam
496 3479 709 3536 ponam
751 3462 812 3518 in
870 3479 1026 3519 eum.
1083 3464 1211 3535 Ipse
1259 3464 1433 3520 etiam
1483 3470 1573 3520 est
1621 3470 1912 3538 protector

256 3570 446 3609 meus.
470 3576 497 3601 ››
524 3552 690 3607 Sicut
711 3551 866 3607 enim
891 3552 1105 3624 aliquis
1127 3552 1377 3624 protegit
1398 3553 1652 3625 aliquem
1677 3555 1733 3610 in
1757 3556 1908 3613 bello

260 3658 330 3697 ne
349 3642 694 3697 vulneretur
714 3640 916 3712 aliqua
936 3641 1169 3714 sagitta,
1194 3641 1277 3696 sic
1294 3641 1447 3696 Deus
1468 3642 1762 3699 Christum
1784 3662 1910 3716 pro-

259 3732 422 3803 tegit,
459 3747 531 3786 ne
561 3746 696 3785 eum
724 3728 901 3785 etiam
932 3746 1109 3802 parva
1136 3730 1379 3785 tentatio
1405 3735 1672 3804 tangeret
1695 3749 1707 3788 :
1743 3738 1799 3788 et
1816 3733 1908 3790 hic

256 3818 555 3875 Christum
575 3834 709 3872 cum
724 3834 816 3873 om
826 3818 1000 3873 nibus
1015 3818 1294 3874 membris
1308 3819 1651 3891 accipimus.
1668 3823 1908 3887 Quando

256 3908 409 3963 enim
441 3906 847 3975 vulnerantur,
881 3907 1033 3963 sicut
1072 3907 1251 3962 David
1280 3906 1338 3961 in
1372 3907 1657 3964 adulterio
1689 3911 1761 3977 (11
1782 3912 1907 3982 Reg.

257 4000 359 4065 η)
387 4002 529 4052 tunc
564 3996 830 4051 membra
849 3996 1063 4051 Christi
1090 4013 1203 4051 non
1229 4000 1386 4051 sunt.
1416 4021 1435 4046 ι
1457 3996 1527 4051 Et
1546 4013 1727 4053 cornu
1750 3999 1905 4054 salu-

257 4085 331 4141 tis
361 4102 524 4141 mea}.
561 4106 587 4133 ››
625 4084 871 4156 Propter
895 4084 1002 4139 hoc
1032 4084 1176 4139 dicit
1205 4101 1407 4154 cornu,
1441 4086 1579 4157 quia
1609 4086 1906 4143 sicutani-

259 4173 431 4229 maJia
460 4190 567 4245 per
595 4189 776 4228 cornu
806 4172 1013 4244 fugant
1042 4171 1332 4240 inimicos,
1361 4173 1442 4229 ita
1464 4174 1615 4229 Deus
1638 4174 1907 4232 inimicos

150 4328 157 4335 ι
257 4262 465 4318 Christi
496 4261 770 4333 dissipat,
802 4265 859 4316 et
904 4261 1099 4332 ipsum
1151 4260 1377 4316 salvum
1408 4262 1562 4317 facit.
1601 4263 1717 4318 Hoc
1748 4263 1904 4319 enim

259 4352 408 4424 quod
440 4355 534 4407 est
565 4367 747 4406 cornu
780 4354 872 4405 est
903 4366 1080 4404 causa
1112 4350 1322 4406 salutis
1353 4368 1510 4406 meae.
1550 4352 1678 4407 Haec
1704 4357 1903 4409 autem

258 4439 530 4511 praedicta
556 4456 672 4494 non
704 4437 839 4494 fecit
868 4437 1011 4493 mihi
1066 4454 1133 4493 ex
1163 4455 1293 4494 mea
1338 4439 1641 4512 dignitate,
1678 4442 1777 4495 sed
1812 4459 1906 4497 me

2100 1864 2170 1917 Et
2203 1880 2227 1904 ἰ
2257 1862 2316 1917 in
2356 1868 2519 1919 tanta
2565 1863 2942 1920 tribulatione
2991 1881 3121 1920 mea
3168 1865 3423 1921 invocavi
3474 1866 3671 1923 Domi-

2029 1968 2171 2006 num
2200 1973 2228 2002 »
2272 1957 2330 2007 et
2377 1953 2448 2008 ab
2490 1952 2621 2025 ipsa
2653 1953 3016 2008 invocatione
3062 1955 3298 2025 prorupi
3345 1955 3402 2010 in
3454 1956 3669 2012 clamo-

2025 2058 2170 2108 rem,
2204 2046 2262 2097 et
2290 2042 2400 2096 hoc
2430 2046 2520 2097 est
2553 2064 2573 2091 αι
2608 2045 2665 2097 et
2694 2043 2765 2097 ad
2791 2042 2975 2097 Deum
3009 2060 3204 2098 meum
3249 2042 3517 2114 clamavi,
3552 2066 3575 2089 ιι
3611 2046 3669 2101 id

2026 2134 2133 2197 est,
2166 2130 2324 2186 omni
2357 2134 2567 2186 conatu
2599 2130 2811 2185 virium
2844 2130 3001 2202 petii.

2096 2217 2309 2272 Contra
2339 2217 2448 2273 hoc
2479 2218 2633 2289 quod
2664 2217 2889 2273 dixerat
2924 2219 3202 2290 invocavi,
3238 2222 3402 2293 ponit
3433 2240 3457 2267 α
3487 2227 3545 2279 et
3570 2241 3672 2280 ex-

2025 2305 2249 2361 audivit
2263 2323 2460 2362 vocem
2484 2323 2672 2361 meam
2687 2308 2759 2361 de
2775 2307 2991 2379 templo
3014 2313 3215 2365 sancto
3230 2327 3357 2377 suo,
3374 2331 3396 2355 ι)
3422 2311 3531 2368 hoc
3552 2312 3671 2371 sive

2023 2395 2095 2449 de
2128 2394 2289 2462 cwlo,
2325 2395 2443 2450 sive
2475 2396 2546 2450 de
2567 2412 2806 2467 corpore
2822 2395 3077 2465 Domini,
3097 2399 3249 2469 quod
3272 2402 3363 2454 est
3383 2400 3669 2474 templum

2023 2488 2293 2539 sanctum
2310 2484 2457 2555 ejus,
2474 2484 2614 2555 quia
2627 2488 2848 2540 secreta
2865 2485 2965 2539 Dei
2980 2486 3257 2555 continet,
3276 2494 3672 2561 competenter

2022 2572 2373 2645 accipimus:
2391 2576 2592 2628 contra
2612 2572 2721 2628 hoc
2735 2575 2886 2645 quod
2902 2575 3047 2629 dixit
3062 2598 3083 2617 «ι
3102 2576 3367 2647 clamavi,
3382 2582 3440 2634 et
3452 2579 3672 2637 clamor

2024 2684 2051 2711 ‹‹
2085 2678 2253 2717 meus
2286 2662 2343 2716 in
2377 2666 2689 2733 conspectu
2723 2664 2870 2734 ejus,
2904 2679 2930 2709 π
2962 2663 3019 2717 id
3053 2669 3161 2731 est,
3195 2665 3255 2719 in
3306 2666 3667 2739 bencplacito
3700 2721 3708 2730 .

2019 2752 2148 2821 ejus
2181 2752 2435 2806 existens
2469 2775 2495 2804 υ
2526 2750 2788 2806 introivit
2816 2751 2872 2805 in
2909 2769 3078 2807 aures
3108 2753 3258 2823 ejus,
3287 2770 3315 2800 η
3349 2754 3408 2809 id
3438 2760 3546 2825 est,
3570 2775 3667 2813 ex-

2018 2839 2254 2895 auditus
2288 2840 2414 2894 fuit.
2448 2839 2711 2894 Ostensis
2741 2838 3175 2895 calamitatibus
3203 2841 3446 2897 humani
3492 2861 3670 2917 gene-

2020 2927 2100 2982 ris
2132 2932 2265 2982 ante
2313 2928 2627 2982 adventum
2671 2926 2906 2993 Christi,
2957 2928 3212 2982 ostendit
3259 2931 3515 2985 remedia
3563 2950 3666 3004 per
3760 2972 3765 2973 ν

2019 3018 2147 3088 ejus
2178 3017 2490 3071 adventum
2544 3014 2803 3070 humano
2834 3015 3029 3087 generi
3063 3033 3096 3070 a
3124 3016 3239 3072 Deo
3289 3018 3462 3084 facta,
3493 3023 3551 3074 et
3582 3021 3668 3093 ip-

2021 3123 2153 3161 sum
2185 3106 2497 3161 adventum
2520 3104 2741 3159 indicat
2771 3103 2938 3159 nobis
2963 3121 3062 3176 per
3078 3106 3345 3176 quaedam
3367 3109 3665 3179 mysteria.

2022 3194 2391 3251 Continuatio
2425 3211 2437 3248 :

2092 3282 2397 3339 Exaudivit
2439 3282 2752 3339 clamorem
2804 3299 3023 3349 meum,
3072 3283 3212 3355 quia
3251 3284 3415 3341 misit
3456 3285 3670 3345 Filium

2021 3390 2197 3430 suum
2214 3373 2272 3427 in
2297 3372 2467 3443 cujus
2490 3372 2739 3427 adventu
2758 3376 2970 3439 «terra,
2992 3392 3015 3415 »
3036 3372 3093 3425 id
3111 3376 3199 3427 est
3220 3372 3455 3443 terreni,
3472 3391 3668 3432 «eom-

2023 3467 2179 3517 mota
2192 3466 2280 3517 est
2303 3481 2325 3504 »
2359 3478 2393 3514 a
2421 3461 2731 3516 securitate
2760 3460 2820 3515 in
2843 3465 3117 3532 quaerat,
3142 3462 3344 3517 audita
3366 3480 3669 3537 novaprze-

2021 3551 2333 3617 dicatione,
2369 3550 2571 3605 incerti
2607 3550 2763 3621 quod
2788 3553 3052 3604 tenerent
3086 3569 3098 3618 ;
3128 3568 3151 3594 οι
3180 3555 3238 3606 et
3257 3554 3613 3609 contremuit
3642 3575 3666 3601 »

2020 3640 2160 3711 quia
2184 3640 2381 3693 timuit
2410 3656 2544 3693 eum
2583 3639 2845 3692 futurum
2867 3639 3155 3708 judiccm,
3177 3643 3228 3695 et
3251 3658 3370 3696 sua:
3393 3643 3667 3714 nequitia:

2018 3729 2353 3800 punitorem
2368 3746 2394 3775 «
2412 3732 2468 3781 ct
2482 3727 2619 3781 fund
2630 3730 2862 3781 amenta
2873 3728 3184 3790 montium,
3201 3746 3223 3769 ιι
3242 3728 3297 3782 id
3312 3732 3418 3793 est,
3435 3735 3666 3788 montes

2020 3817 2249 3874 fundati
2281 3832 2309 3862 (τ
2338 3816 2668 3872 conturbati
2704 3820 2860 3870 sunt.
2887 3836 2910 3859 η
2946 3815 3052 3870 Per
3083 3818 3309 3871 montes
3339 3816 3545 3873 divites
3576 3819 3664 3875 vel

2018 3906 2206 3962 claros
2218 3905 2397 3974 hujus
2410 3903 2602 3959 saeculi
2622 3904 3045 3974 intelligamus,
3059 3920 3309 3975 quarum
3324 3904 3663 3962 fundamen-

2018 4000 2143 4050 tum
2168 3999 2307 4049 sunt
2325 3993 2537 4048 divitia:
2560 3996 2616 4047 et
2638 3993 2883 4047 honores
2905 3992 2963 4046 in
2987 3992 3203 4064 quibus
3224 3997 3464 4065 sperant
3496 4010 3509 4049 :
3534 4011 3662 4067 quae

2017 4085 2398 4140 fundamenta
2426 4083 2771 4137 conturbata
2792 4085 2949 4148 sunt,
2974 4099 3108 4137 cum
3132 4081 3359 4139 Christo
3376 4084 3662 4154 veniente,

2015 4176 2411 4245 cognoverunt
2431 4172 2488 4226 in
2507 4172 2755 4226 terrenis
2769 4170 2985 4226 divitiis
2999 4172 3354 4243 sperandum
3375 4189 3492 4228 non
3513 4191 3662 4230 esse.

2018 4287 2042 4313 α
2076 4265 2143 4319 Et
2173 4266 2465 4318 commota
2494 4266 2601 4327 est,
2636 4277 2663 4307 α
2694 4260 2749 4315 id
2800 4265 2907 4330 est,
2942 4260 3219 4315 commoti
3268 4264 3407 4317 sunt
3436 4260 3549 4334 ipsi
3580 4262 3666 4319 di-

2014 4353 2162 4407 vites
2194 4352 2263 4406 ad
2299 4348 2703 4422 pcenitcntiam
2738 4364 2750 4401 :
2779 4348 2907 4402 ideo
2939 4352 3092 4403 terra
3122 4350 3415 4403 commota
3442 4352 3499 4403 et
3524 4366 3667 4404 con-

2016 4443 2273 4508 turbata,
2305 4444 2395 4496 est
2427 4462 2447 4484 «
2482 4437 2759 4511 quoniam
2788 4436 3069 4491 Dominus
3094 4436 3277 4490 iratus
3303 4439 3391 4490 est
3420 4435 3524 4502 eis,
3561 4456 3583 4479 α
3608 4437 3666 4492 id

259 4530 417 4600 quasi
454 4527 750 4600 pupillum
784 4527 1059 4598 suscepit,
1095 4531 1152 4582 et
1184 4527 1293 4583 hoc
1324 4532 1413 4584 est
1448 4552 1468 4578 α
1506 4534 1563 4585 et
1604 4535 1908 4603 susceptor
1936 4536 1984 4601 Β
2015 4535 2123 4597 est,
2149 4529 2424 4601 quoniam
2445 4527 2760 4583 Dominum
2784 4524 2895 4581 sibi
2924 4525 3137 4579 iratum
3171 4527 3407 4595 propter
3428 4527 3669 4594 peccata

257 4632 442 4673 meus.
483 4640 504 4666 I

323 4706 391 4762 Et
420 4706 563 4779 quia
592 4705 717 4761 haec
747 4705 947 4761 omnia
1000 4705 1133 4761 fecit
1163 4705 1307 4760 mihi
1340 4706 1511 4776 bona,
1555 4707 1683 4764 ideo
1718 4732 1745 4759 ‹‹
1778 4709 1902 4765 lau-

254 4794 401 4850 dans
429 4794 716 4850 invocabo
747 4793 1083 4866 Dominum,
1116 4817 1144 4846 »
1179 4794 1237 4849 id
1259 4798 1365 4861 est,
1391 4796 1463 4851 de
1492 4795 1710 4852 habitis
1742 4799 1909 4855 bene-

255 4882 423 4951 ﬁciis,
459 4882 736 4950 laudans,
767 4883 1046 4939 invocabo
1077 4884 1150 4938 de
1170 4883 1483 4953 habendis,
1505 4889 1561 4940 et
1580 4902 1682 4958 per
1712 4886 1905 4958 ipsum

255 4968 589 5027 invocatum
627 4993 648 5021 α
684 4988 780 5027 ero
821 4971 1015 5027 salvus
1046 4972 1118 5027 ab
1166 4971 1422 5028 inimicis
1467 4974 1634 5030 meis.
1668 4996 1692 5020 υ
1725 4977 1906 5034 Totus

255 5058 522 5115 Christus
554 5060 864 5132 hucusque
895 5059 1125 5116 locutus
1155 5065 1247 5116 est
1285 5062 1357 5117 de
1388 5062 1774 5121 exsultatione
1804 5067 1905 5121 da~

258 5147 419 5214 toris,
449 5148 689 5203 nuncin
712 5165 962 5221 persona
982 5149 1361 5221 antiquorum
1384 5154 1618 5222 patrum
1648 5152 1907 5224 loquitur

253 5236 328 5289 de
358 5235 691 5293 calamitate
722 5236 781 5292 in
813 5254 931 5309 qua
959 5242 1125 5293 erant
1157 5242 1290 5293 ante
1320 5240 1635 5295 adventum
1668 5241 1903 5299 Christi.

251 5323 632 5381 Continuatio
667 5342 680 5379 :

327 5413 397 5468 Et
426 5430 664 5470 necesse
693 5418 821 5471 erat
840 5419 905 5470 ut
926 5414 1182 5472 salvarer
1207 5416 1278 5471 ab
1299 5414 1579 5481 inimicis,
1597 5417 1735 5489 quia
1759 5439 1781 5463 α
1806 5421 1906 5476 do-

249 5501 408 5558 lores
436 5504 665 5573 mortis,
706 5526 727 5553 ι
766 5504 823 5559 id
856 5508 964 5573 est,
999 5505 1226 5561 dolores
1257 5506 1329 5561 de
1350 5509 1634 5578 potestate
1665 5507 1905 5583 diaboli,

246 5591 770 5650 circumdederunt
799 5610 913 5665 me,
952 5617 973 5643 ι
1009 5598 1067 5650 et
1096 5597 1381 5651 torrentes
1411 5593 1760 5667 iniquitatis,
1786 5620 1814 5648 »
1848 5598 1906 5654 id

2019 4622 2429 4691 cognoverunt.
2467 4636 2490 4659 ‹‹
2540 4616 2729 4671 Iratus
2779 4617 2867 4670 est
2897 4612 3001 4681 eis,
3037 4617 3093 4669 et
3135 4611 3195 4667 in
3235 4610 3323 4668 ira
3360 4612 3510 4683 ejus,
3546 4631 3570 4658 η
3607 4611 3665 4668 id

2018 4712 2125 4775 est,
2161 4708 2219 4762 in
2254 4704 2715 4762 consideratione
2741 4705 2835 4759 irae
2860 4702 3018 4759 illius
3043 4701 3349 4758 «ascendit
3382 4701 3605 4770 fumus,
3635 4723 3664 4755 υ

2017 4798 2074 4854 id
2107 4803 2214 4864 est,
2241 4794 2597 4868 pmnitentia.
2625 4794 2755 4848 Ideo
2778 4810 2880 4865 per
2900 4793 3131 4847 fumum
3157 4790 3559 4864 pmnitentiam
3581 4790 3666 4845 in-

2018 4885 2359 4959 telligimus,
2394 4884 2533 4955 quia
2563 4882 2733 4938 sicuti
2767 4884 2966 4937 fumus
2988 4887 3077 4938 est
3100 4883 3356 4954 primum
3378 4880 3661 4935 indicium

2015 4976 2189 5048 ignis,
2216 4978 2271 5029 et
2291 4978 2483 5028 movet
2498 4973 2808 5044 lacrymas,
2834 4972 2914 5026 ita
2935 4970 3277 5044 pmnitcntia
3297 4972 3385 5023 est
3404 4967 3662 5038 primum

2015 5064 2302 5120 indicium
2349 5060 2672 5128 charitatis,
2720 5065 2776 5115 et
2822 5060 3111 5132 lacrymas
3161 5053 3662 5111 fructuosissimus

2017 5155 2217 5210 exerit.
2250 5152 2504 5208 Dicendo
2538 5170 2561 5195 «
2594 5149 2856 5207 ascendit
2885 5169 2908 5191 ››
2943 5149 3104 5201 notat
3134 5145 3288 5216 quod
3319 5142 3665 5214 pmnitentia

2017 5243 2119 5298 illa
2153 5243 2224 5298 ad
2276 5242 2459 5297 Deum
2512 5242 2706 5312 ipsum
2750 5236 3026 5307 erigatur,
3063 5255 3084 5276 «
3118 5236 3174 5287 et
3204 5230 3379 5304 ignis,
3413 5253 3438 5277 η
3474 5231 3530 5287 id
3573 5236 3665 5288 est

2017 5332 2272 5387 charitas
2304 5331 2403 5386 illa
2429 5348 2554 5401 qua:
2584 5324 2986 5399 paenitentiam
3028 5321 3296 5397 movebat
3324 5338 3352 5369 α
3383 5321 3603 5378 exarsit
3632 5338 3667 5377 a

2018 5421 2161 5478 facie
2189 5423 2317 5493 ejus
2348 5441 2371 5463 ιι
2404 5420 2461 5473 id
2490 5421 2597 5483 est,
2631 5416 2702 5470 ab
2734 5411 3165 5467 illuminatione
3196 5412 3324 5484 ejus
3355 5412 3667 5470 ferventior

2016 5511 2288 5567 estfacta.
2309 5510 2414 5564 Per
2433 5504 2668 5569 exarsit,
2688 5501 3113 5573 apparitioncm
3136 5506 3302 5558 notat
3317 5501 3621 5559 charitatis
3645 5518 3661 5557 :

2016 5616 2044 5647 α
2074 5600 2355 5655 carbones
2384 5614 2407 5636 ι»
2441 5594 2615 5648 etiam
2648 5590 2913 5647 succensi
2947 5595 3105 5647 sunt.
3141 5591 3199 5649 id
3232 5597 3342 5663 est,
3368 5592 3661 5661 homines,
