4070 6180
425 292 542 358 247

423 530 561 588 pam
591 513 768 588 primi
797 511 1058 584 parentis
1089 535 1114 559 α
1146 510 1411 566 succensi
1440 512 1578 565 sunt
1608 509 1680 565 ab
1711 525 1798 577 eo,
1830 529 1859 559 »
1893 508 1950 562 id
1982 512 2072 564 est

423 605 541 661 Deo
570 603 746 659 dante
776 602 972 676 ignem
1001 599 1324 656 charitatis.
1352 599 1514 654 Sicut
1537 599 1692 654 enim
1714 597 1944 670 proprie
1974 613 2071 652 vo-

426 696 637 749 cantur
665 693 968 759 carbones,
1004 690 1062 744 in
1095 688 1312 761 quibus
1341 688 1496 761 ignis
1527 688 1820 744 extinctus
1841 691 1930 742 est
1955 705 1966 742 :
1994 687 2074 742 ita

403 769 693 837 'homines
723 779 954 852 proprie
982 782 1266 834 vocantur
1291 779 1592 844 carbones,
1627 777 1685 832 in
1738 777 1955 849 quibus
1986 781 2074 832 est

425 871 682 926 extincta
730 868 1006 926 Charitas.
1039 867 1186 924 Cum
1233 867 1590 923 ostendisset
1639 867 1897 922 remedia
1944 884 2071 938 qum

424 959 562 1016 fecit
590 959 744 1014 Deus
792 958 1052 1014 humano
1099 955 1318 1030 generi,
1366 957 1624 1011 nondum
1677 955 1933 1011 ostendit
1972 972 2074 1026 per

427 1065 603 1120 quem
637 1047 890 1114 fecisset,
921 1048 1022 1102 sed
1063 1047 1235 1101 modo
1253 1046 1509 1102 ostendit
1538 1063 1641 1117 per
1671 1062 1844 1116 quem
1876 1045 2075 1100 omnia

432 1138 537 1194 illa
574 1139 728 1194 facta
759 1139 916 1192 sunt.
951 1134 1324 1191 Continuatio
1358 1151 1370 1188 :

503 1250 531 1278 «
572 1227 754 1282 Terra
781 1228 1075 1280 commota
1103 1227 1194 1280 est
1223 1250 1248 1274 »
1272 1227 1329 1279 et
1351 1225 1557 1277 caetera
1577 1223 1729 1277 facta
1751 1226 1910 1289 sunt,
1935 1221 2075 1292 quia

428 1317 584 1373 Deus
618 1334 642 1359 (ι
674 1313 975 1370 inclinavit
1005 1311 1202 1380 cmlos,
1234 1335 1256 1360 η
1292 1311 1350 1366 id
1380 1315 1489 1379 est,
1514 1311 1847 1367 humiliavit
1875 1311 2070 1379 caelos,

427 1405 485 1461 id
521 1408 611 1460 est
633 1403 910 1470 ctelestia,
933 1401 1155 1458 scilicet
1175 1401 1363 1474 ipsam
1385 1400 1682 1468 deitatem,
1706 1404 1764 1456 et
1791 1401 1950 1472 ipsos
1971 1417 2072 1455 an-

426 1494 590 1569 gelos
621 1492 943 1558 inclinavit,
975 1508 1079 1564 per
1093 1491 1459 1563 frequentem
1476 1489 1869 1545 visitationem
1892 1488 2076 1544 homi-

428 1598 592 1642 num.
624 1581 728 1638 Vel
757 1581 917 1654 ipsos
956 1579 1194 1654 angelos
1225 1578 1541 1648 inclinavit,
1577 1595 1679 1651 per
1707 1577 2077 1634 commisera-

425 1674 642 1730 tionem
675 1689 852 1744 quam
881 1669 1088 1726 habuit
1118 1685 1222 1741 per
1252 1668 1676 1740 reparationem
1708 1667 1950 1722 humani
1983 1683 2076 1739 ge-

427 1761 586 1818 neris
617 1777 630 1816 :
656 1764 715 1816 et
734 1759 858 1832 ipse
879 1760 1033 1815 Deus
1051 1775 1078 1806 (-
1100 1756 1444 1813 descendit»
1470 1756 1724 1812 uniendo
1755 1756 2072 1812 hamanam
2102 1785 2152 1852 Β

426 1853 721 1905 naturam.
754 1847 1022 1903 Inclinati
1045 1850 1184 1903 sunt
1203 1845 1378 1901 etiam
1403 1844 1614 1918 angeli,
1637 1862 1772 1900 cum
1793 1845 2072 1900 acceden-

427 1943 516 1996 tes
565 1939 638 1995 ad
693 1937 1012 1994 Dominum
1070 1935 1552 1990 ministraverunt
1609 1933 1660 1990 ei
1713 1935 1932 2001 (Matth.
1973 1935 2065 2006 ιν).

430 2057 452 2085 σι
481 2026 814 2095 Inclinavit,
845 2023 1167 2091 descendit,
1202 2045 1230 2074 »
1265 2026 1322 2078 et
1342 2022 1477 2079 licet
1500 2023 1580 2078 ita
1601 2023 1678 2078 sit
1701 2022 2070 2092 humiliatus,

427 2122 623 2173 tamen
645 2132 760 2170 non
783 2114 1038 2186 perdidit
1058 2112 1544 2184 potestatem,sed
1563 2127 1590 2158 σ
1611 2111 1860 2184 caligo,»
1882 2109 1936 2166 id
1963 2116 2069 2179 est,

427 2203 718 2271 diabolus,
754 2206 844 2260 est
875 2222 900 2247 α
931 2202 1042 2258 sub
1096 2200 1346 2272 pedibus
1394 2201 1544 2272 ejus,
1578 2199 1636 2256 id
1676 2204 1782 2266 est,
1816 2199 2074 2272 plenarie

426 2293 702 2351 subditus
731 2294 820 2348 est
847 2290 919 2359 ei,
955 2290 1107 2346 sicut
1135 2306 1227 2346 res
1257 2305 1384 2361 quae
1416 2289 1526 2344 sub
1558 2288 1803 2361 pedibus
1835 2295 1942 2344 est.
1970 2290 2074 2345 Per

423 2382 737 2456 caliginem
749 2381 879 2436 ideo
901 2378 1200 2436 diabolum
1214 2378 1556 2450 accipimus,
1573 2378 1706 2450 quia
1721 2378 2071 2453 sicutcaligo

424 2472 768 2529 obtenebrat
795 2468 1014 2535 oculos,
1048 2467 1132 2524 sic
1154 2466 1422 2522 diabolus
1443 2471 1775 2538 peccatores
1795 2467 2068 2537 obcaecat,

421 2566 480 2618 et
490 2559 840 2633 callginosos
858 2557 1050 2614 reddit
1069 2573 1142 2613 ne
1158 2555 1386 2612 valeant
1400 2555 1596 2612 lumen
1618 2555 1878 2612 veritatis
1899 2575 2073 2630 agno-

368 2707 381 2724 .
423 2664 604 2707 scere.
637 2645 948 2704 Descendit
976 2645 1126 2714 dico,
1159 2648 1216 2700 et
1245 2644 1510 2700 ascendit
1539 2643 1664 2717 ipse
1708 2643 1863 2699 idem
1896 2663 2072 2718 super

423 2754 659 2797 omnem
689 2734 1015 2810 angelicam
1047 2737 1374 2789 creaturam
1408 2731 1466 2787 in
1497 2732 1838 2789 ascensione
1863 2733 2072 2790 exalta-

408 2832 520 2886 -tus
548 2831 658 2885 est.
694 2827 800 2882 Per
829 2823 996 2880 illum
1025 2823 1290 2878 ordinem
1322 2839 1526 2878 omnes
1551 2821 1698 2878 alios
1749 2822 2070 2895 accipimus

425 2943 450 2970 ιι
481 2922 540 2976 et
567 2915 781 2974 volavit
808 2931 986 2987 super
1015 2929 1237 2986 pennas
1266 2916 1596 2980 ventorum,
1630 2929 1657 2960 ι)
1690 2911 1744 2967 id
1770 2916 1880 2979 est,
1915 2913 2072 2968 ocior

422 3007 534 3064 luit
563 3024 673 3064 sua
703 3007 860 3062 fama
876 3020 1055 3075 quam
1072 3001 1231 3058 venti
1248 3019 1260 3055 :
1277 3001 1417 3073 quia
1433 3018 1565 3058 cum
1582 3005 1758 3058 natus
1779 3001 1890 3058 fuit
1911 3003 2069 3076 agni-

419 3100 518 3153 tus
547 3097 658 3152 fuit
686 3095 746 3148 in
777 3091 1046 3150 Cbaldzea
1075 3107 1179 3162 per
1193 3090 1626 3157 stellas(Matth.
1663 3094 1726 3159 ιι)
1749 3107 1762 3144 :
1784 3091 1926 3146 dum
1944 3108 2069 3147 cru-

418 3151 750 3255 eifigeretnr
769 3178 1039 3250 cognitus
1059 3151 1169 3232 fuit
1183 3151 1444 3244 Athenis,
1473 3194 1575 3248 per
1594 3151 2065 3234 obscurationem
2093 3151 2139 3218 θ

417 3270 578 3328 solis.
601 3269 820 3324 Ventos
841 3265 1122 3322 describit
1141 3269 1426 3337 peunatos
1447 3269 1681 3336 propter
1699 3266 2020 3338 agilitatem
2049 3286 2062 3323 :

416 3375 552 3415 cum
582 3356 676 3413 bis
724 3355 866 3411 dicit
910 3352 1142 3420 volavit,
1191 3352 1508 3408 maximam
1537 3353 1664 3425 ejus
1709 3353 2064 3412 celeritatem

413 3449 600 3504 notat.

484 3533 589 3590 Vel
620 3532 704 3588 ita
725 3547 739 3586 :

489 3641 518 3673 α
545 3619 822 3678 Ascendit
848 3637 1026 3692 super
1039 3617 1407 3687 cherubim,»
1426 3620 1484 3675 id
1501 3624 1608 3688 est,
1637 3638 1815 3694 super
1829 3639 2064 3680 omnem

417 3712 842 3788 plenitudinem
862 3709 1118 3767 scientiae
1142 3727 1156 3764 :
1178 3709 1316 3782 quia
1333 3709 1661 3768 nullustam
1683 3711 1864 3784 plenae
1886 3713 2067 3769 scien-

415 3804 511 3861 tias
540 3806 650 3871 est,
683 3801 784 3874 qui
817 3800 1005 3874 possit
1024 3815 1374 3874 cognoscere
1395 3799 1540 3856 illud
1571 3806 1885 3874 secretum,
1910 3805 2064 3874 quod

419 3891 742 3966 penetravit
771 3890 832 3946 in
862 3890 1204 3946 ascensione
1229 3909 1253 3934 «
1274 3893 1332 3944 ct
1351 3888 1563 3945 volavit
1580 3907 1758 3962 super
1776 3907 2020 3964 pennas,
2042 3913 2064 3938 ι)

417 3983 476 4038 id
506 3985 615 4048 est,
648 3978 945 4052 superavit
987 3979 1307 4051 agilitatem
1343 3978 1671 4036 intellectus
1701 3986 2064 4038 sanctorum.

418 4071 526 4125 Per
552 4071 754 4124 ventos
784 4070 1020 4122 sanctos
1050 4067 1396 4139 accipimus,
1430 4073 1664 4142 propter
1693 4071 2016 4145 agilitatem
2050 4090 2063 4127 :

417 4173 522 4230 per
551 4171 794 4228 pennas,
817 4153 1071 4210 velocem
1121 4171 1324 4211 eorum
1376 4157 1758 4228 intellectum,
1793 4165 1850 4217 et
1880 4161 1928 4216 si
1953 4161 2065 4233 ipsi

417 4243 638 4316 aliquid
669 4247 1065 4314 cognoverunt
1092 4243 1152 4297 in
1183 4259 1249 4298 eo
1283 4260 1295 4296 :
1329 4244 1563 4312 volavit,
1592 4247 1732 4318 quia
1772 4250 2066 4320 quoddam

417 4331 578 4388 aliud
609 4334 734 4388 erat
753 4330 910 4404 quod
923 4346 1272 4403 cognoscere
1284 4349 1398 4387 non
1427 4338 1833 4407 potuerunt,ct
1849 4337 1897 4392 si
1923 4337 2065 4393 illud

417 4419 612 4493 aliquo
643 4419 840 4476 labore
870 4423 1288 4492 cognoverunt,
1314 4419 1525 4477 iterum
1547 4422 1758 4478 volavit
1776 4427 1833 4480 et
1851 4424 2064 4482 iterum

853 287 1266 353 HAYMONIS
1297 287 1843 354 HALBERSTAT.
1872 280 2127 359 EPISO:
2155 283 2337 358 ΟΡΡ.
2364 285 2566 347 PARS
2597 285 2646 347 Ι.
2681 319 2758 329 -
2785 281 3196 349 COMMENT.
3225 284 3426 348 BIBL.

423 423 487 482 in
517 421 733 498 quibus
764 421 937 480 ardor
965 421 1268 477 charitatis
1320 419 1647 477 exstinctus
1696 423 1784 475 est
1813 436 1915 491 per
1944 416 2072 474 cul—
2097 413 2158 488 ε
2185 419 2498 487 tenebrosi,
2550 419 2790 492 quidam
2830 417 3160 492 prmfulgidi
3207 435 3221 475 :

3269 439 3293 465 α
3335 420 3650 478 tenebrosa
3698 441 3826 482 vero

2181 525 2354 580 aqua,
2387 539 2412 564 ι)
2449 509 2505 564 id
2535 514 2628 564 est
2676 509 2928 565 obscura
2971 509 3240 565 doctrina
3287 513 3377 566 est
3408 542 3432 567 α
3461 509 3523 566 in
3572 513 3830 572 nubibus

2183 598 2354 665 aeris,
2392 627 2414 650 η
2449 599 2504 652 id
2538 602 2630 654 est
2659 599 2719 653 in
2767 599 3171 670 superioribus
3205 600 3484 671 nubibus,
3517 601 3745 660 scilicet
3771 604 3828 661 in

2181 685 2504 758 prephetis.
2543 687 2606 741 lli
2640 687 2794 742 enim
2810 687 3102 760 prophetae
3115 705 3220 760 per
3234 690 3522 746 mundum
3552 709 3670 748 non
3694 699 3831 750 sunt

2183 773 2370 842 missi,
2405 780 2639 848 propter
2667 777 3086 832 obscuritatem
3117 779 3572 850 przedicationis.

2254 881 2281 910 α
2312 865 2430 919 Prae
2464 864 2686 937 fulgore
2714 882 2846 921 vero
2877 867 3066 923 nubes
3097 867 3153 922 id
3176 871 3288 939 est,
3318 869 3506 925 sancti
3535 873 3786 945 apostoli
3813 893 3827 930 :

2183 953 2284 1026 qui
2317 952 2444 1008 ideo
2463 973 2489 1001 ι(
2513 954 2699 1010 nubes
2721 983 2744 1006 υ
2767 953 3068 1024 dicuntur,
3088 957 3230 1028 quia
3243 958 3594 1031 compluunt
3613 965 3830 1019 terram

2184 1041 2306 1108 Dei,
2341 1047 2398 1097 et
2430 1041 2779 1098 fructificare
2809 1061 2938 1098 eam
2970 1043 3192 1100 faciunt
3220 1045 3514 1118 spirituali
3540 1049 3829 1119 doctrina,

2183 1149 2310 1204 quae
2326 1131 2550 1188 «nubes
2564 1151 2676 1206 prae
2699 1131 2943 1205 fulgore,
2964 1153 2989 1178 ιι
3014 1133 3154 1206 quia
3173 1135 3481 1193 manifeste
3509 1139 3833 1210 praedicant

2183 1224 2241 1275 et
2265 1220 2540 1277 omnibus
2570 1219 2966 1294 intelligibiles
2987 1227 3126 1278 sunt
3157 1241 3180 1265 «
3212 1223 3274 1278 in
3302 1231 3624 1298 conspectu
3656 1229 3788 1299 ejus
3807 1249 3830 1273 ι

2184 1327 2310 1382 quae
2325 1309 2450 1365 ideo
2464 1327 2578 1382 pra:
2603 1309 2825 1382 fulgore
2855 1309 3150 1381 dicuntur,
3167 1311 3306 1384 quia
3323 1319 3672 1384 praesentem
3696 1316 3834 1373 illu-

2185 1398 2564 1453 minationem
2589 1397 2877 1471 recipiunt
2905 1416 2939 1454 a
2959 1399 3290 1472 cognitione
3313 1399 3520 1473 ipsius,
3545 1407 3602 1459 et
3622 1403 3832 1476 hujus-

2184 1486 2342 1542 modi
2365 1503 2390 1532 α
2408 1487 2594 1543 nubes
2615 1486 3008 1544 transierunt»
3023 1487 3082 1543 in
3108 1489 3368 1547 diversas
3388 1497 3584 1564 partes
3598 1496 3832 1565 mundi,

2183 1576 2533 1632 annuntiarc
2545 1577 2785 1632 verbum
2801 1577 2922 1634 Dei.
2939 1577 3008 1633 Et
3029 1595 3160 1635 ecce
3179 1596 3249 1634 ex
3271 1579 3391 1636 illis
3418 1580 3679 1641 nubibus
3695 1585 3838 1641 exiit

2185 1687 2208 1710 «
2241 1665 2485 1738 grando,
2517 1692 2542 1716 υ
2577 1666 2634 1720 id
2665 1671 2754 1721 est
2805 1667 3134 1740 objurgatio
3165 1668 3235 1726 de
3272 1669 3528 1742 peccatis
3556 1691 3579 1716 αι
3609 1677 3672 1729 et
3702 1690 3836 1730 car-

2183 1753 2364 1810 bones
2392 1753 2566 1828 ignis,
2600 1777 2623 1801 »
2658 1755 2715 1810 id
2748 1760 2858 1822 est,
2916 1756 3156 1830 quidam
3213 1759 3316 1830 qui
3376 1761 3597 1817 mortui
3643 1767 3836 1834 erant,

2181 1842 2401 1899 fervore
2431 1843 2733 1900 charitatis
2763 1845 2914 1900 fiunt
2938 1845 3128 1918 igniti.

2255 1961 2278 1984 (ι
2307 1933 2524 2001 Nubes,
2558 1960 2585 1992 ν
2615 1933 2674 1988 id
2719 1937 2828 2003 est,
2860 1934 3111 2006 apostoli
3158 1937 3539 2009 transierunt,
3571 1945 3631 1998 et
3661 1966 3690 1996 α
3721 1943 3838 2000 Do-

2183 2021 2382 2076 minus
2413 2021 2670 2078 intonuit
2697 2024 2770 2078 de
2800 2021 2962 2092 ccelo,
2997 2043 3024 2073 ι
3057 2024 3116 2080 id
3165 2029 3256 2082 est
3303 2027 3374 2082 de
3424 2027 3542 2084 illis
3571 2031 3840 2090 nubibus

2183 2109 2283 2182 qui
2297 2109 2818 2183 dicunturcmlum,
2837 2113 3208 2185 quiasecreta
3219 2114 3803 2178 ccelestiacontinent
3822 2139 3836 2179 :

2183 2215 2210 2246 ‹‹
2241 2198 2525 2256 Dominus
2557 2201 2830 2269 intonuit,
2865 2221 2888 2246 ι)
2922 2201 2979 2257 id
3009 2207 3118 2272 est,
3152 2220 3256 2276 per
3284 2205 3477 2262 minas
3493 2209 3710 2280 judicii
3744 2211 3839 2268 in-

2181 2289 2426 2360 crepuit,
2460 2295 2519 2346 et
2545 2289 2670 2362 ipse
2703 2312 2727 2336 «
2757 2289 3098 2348 Altissimus
3145 2292 3306 2350 dedit
3352 2311 3552 2352 vocem
3582 2315 3788 2356 suam.
3813 2323 3837 2348 ι·

2180 2375 2238 2431 id
2272 2383 2361 2434 est
2388 2377 2780 2452 evangelicam
2813 2379 3139 2438 doctrinam
3171 2398 3185 2438 :
3220 2387 3278 2438 et
3301 2400 3433 2440 ecce
3459 2403 3487 2437 α
3517 2389 3749 2460 grando
3780 2395 3843 2448 et

2180 2467 2462 2523 carbones
2491 2467 2665 2540 ignis.
2698 2484 2726 2516 υ

2251 2555 2322 2611 Et
2349 2555 2474 2628 ipse
2505 2555 2790 2613 Dominus
2825 2588 2850 2613 α
2880 2558 3042 2615 misit
3086 2559 3332 2633 sagittas
3373 2580 3532 2634 suas,
3567 2583 3594 2614 η
3627 2566 3685 2622 id
3718 2573 3839 2638 est,

2179 2643 2500 2716 discipulos
2517 2645 2966 2720 discipulorum,
2993 2649 3096 2721 qui
3116 2647 3394 2706 dicuntur
3413 2651 3662 2726 sagittae,
3690 2659 3844 2729 quia

2177 2732 2489 2790 vulnerant
2531 2736 2708 2791 corda
2753 2735 3060 2792 hominum
3112 2737 3286 2796 verbo
3330 2739 3432 2796 Dei
3465 2757 3478 2797 :
3511 2747 3570 2798 et
3610 2761 3712 2801 eos
3763 2749 3842 2803 ad

2180 2838 2327 2894 quos
2355 2827 2495 2877 sunt
2545 2822 2711 2880 missi
2757 2824 3068 2898 dissipant,
3101 2825 3241 2899 quia
3287 2827 3435 2886 alios
3482 2834 3843 2907 assumpsit,

2179 2909 2327 2966 alios
2343 2913 2543 2982 rejecit
2567 2931 2580 2981 ;
2601 2911 2764 2968 misit
2779 2914 3044 2986 sagittas,
3059 2919 3116 2970 et
3129 2933 3230 2989 per
3243 2934 3343 2974 cas
3358 2937 3382 2962 οι
3404 2921 3654 2993 sagittas
3674 2925 3842 2982 mul-

2179 2999 2218 3054 ti
2228 3001 2463 3072 plicavit
2476 3001 2730 3075 fulgura,
2743 3024 2767 3054 ν
2783 3001 2840 3057 id
2862 3007 2971 3068 est,
2994 3003 3345 3077 multiplicia
3364 3005 3501 3064 fecit
3518 3009 3838 3071 miracula.

2179 3087 2284 3142 Per
2313 3089 2548 3162 fulgura
2577 3090 2860 3146 miracula
2887 3091 3232 3164 accipimus,
3263 3095 3401 3166 quia
3425 3097 3580 3154 sicut
3603 3116 3708 3172 per
3725 3101 3845 3158 ful-

2176 3192 2325 3249 gura
2345 3177 2612 3234 homines
2643 3183 2955 3249 terrentur,
2987 3181 3071 3236 sic
3091 3198 3196 3253 per
3216 3182 3501 3240 miracula
3527 3190 3586 3242 et
3604 3205 3710 3260 per
3729 3190 3841 3248 illa

2175 3265 2458 3322 miracula
2483 3287 2506 3313 (ι
2540 3269 2906 3324 conturbavit
2933 3286 3033 3326 eos
3060 3289 3085 3315 ιι
3123 3270 3194 3326 de
3219 3274 3476 3345 peccatis
3492 3275 3564 3332 ad
3587 3293 3840 3337 conver-

2174 3370 2422 3410 81011001.

2245 3445 2315 3500 Et
2344 3461 2447 3516 per
2474 3444 2606 3502 illas
2637 3447 2881 3521 sagittas
2912 3448 3122 3505 habuit
3151 3452 3412 3509 mundus
3433 3454 3842 3528 cognitionem

2173 3533 2453 3603 veritatis,
2487 3539 2546 3590 et
2571 3535 2680 3591 hoc
2710 3540 2800 3592 est
2829 3559 2858 3590 α
2887 3541 2946 3593 et
2974 3545 3393 3610 apparuerunt,
3427 3565 3452 3589 η
3485 3541 3543 3599 id
3570 3549 3684 3616 est,
3704 3564 3846 3604 om-

2177 3625 2351 3681 nibus
2373 3625 2590 3698 cogniti
2611 3629 2749 3682 sunt
2776 3627 3036 3694 «fontes,
3055 3647 3082 3680 υ
3105 3629 3161 3684 id
3176 3635 3267 3686 est
3289 3631 3619 3704 sapientes;
3641 3636 3846 3696 fontes

2175 3713 2304 3769 dico
2336 3729 2364 3760 α
2395 3731 2704 3786 aquarum,
2738 3736 2763 3761 υ
2797 3715 2853 3770 id
2883 3719 2991 3784 est,
3035 3734 3105 3773 ex
3139 3717 3355 3791 quibus
3397 3720 3591 3779 ﬂuunt
3631 3726 3844 3784 multa

2177 3820 2358 3876 aquae.
2397 3803 2455 3857 id
2486 3808 2576 3858 est
2607 3803 2805 3860 multa:
2851 3805 3148 3878 doctrinae,
3180 3823 3310 3878 quas
3359 3810 3649 3882 sapientia
3694 3831 3844 3872 cum

2177 3891 2340 3963 prius
2369 3891 2595 3960 lateret,
2626 3893 2685 3948 in
2716 3893 2800 3948 eis
2831 3895 3004 3950 modo
3037 3895 3270 3968 cognita
3299 3897 3412 3953 fuit
3444 3915 3458 3953 :
3493 3903 3552 3956 et
3579 3918 3686 3973 per
3705 3919 3846 3962 eos-

2177 3979 2310 4034 dem
2343 4005 2366 4031 «
2399 3979 2804 4048 fundamenta,
2827 3999 2851 4023 »
2878 3983 2934 4037 id
2957 3987 3066 4049 est,
3091 3983 3387 4055 proqhetae
3410 4002 3514 4058 per
3533 4005 3685 4060 quos
3705 3991 3846 4048 fun-

2175 4069 2312 4124 data
2341 4073 2432 4123 est
2463 4068 2716 4125 Ecclesia
2751 4087 2762 4124 :
2806 4071 3190 4127 fundamenta
3238 4072 3368 4128 dico
3395 4097 3418 4120 «
3447 4076 3607 4132 orbis
3647 4082 3844 4137 terra-

2177 4174 2330 4222 rum,
2347 4177 2369 4201 »
2385 4157 2442 4211 id
2457 4161 2567 4226 est,
2585 4158 2876 4229 Ecclesiae,
2893 4177 3019 4231 quae
3035 4177 3102 4215 ex
3119 4161 3258 4216 orbe
3274 4165 3649 4234 terrarum,id
3661 4173 3846 4226 estex

2175 4245 2334 4302 omni
2378 4250 2540 4317 parte
2568 4251 2734 4302 terrm
2775 4247 3016 4304 collecta
3045 4253 3135 4305 est
3167 4267 3189 4292 τι
3222 4254 3363 4306 sunt
3405 4252 3681 4324 revelata,
3716 4279 3741 4304 υ
3777 4259 3841 4315 id

2175 4339 2265 4390 est
2297 4333 2669 4390 manifestata
2703 4353 2714 4390 :
2751 4335 2888 4408 quia
2918 4338 3105 4393 sancti
3137 4338 3386 4410 apostoli
3417 4345 3477 4397 et
3504 4342 3602 4398 alii
3619 4347 3842 4416 praedi-

2175 4427 2400 4478 catores
2429 4424 2605 4478 etiam
2639 4424 3055 4496 prophetarum
3087 4426 3452 4500 Scripturam
3485 4430 3842 4508 intelligibi-

413 4509 642 4566 velavit.
678 4509 786 4566 Per
816 4508 938 4566 haec
969 4507 1247 4581 praedicta
1278 4510 1538 4566 nondum
1555 4510 1780 4568 dixerat
1802 4529 1935 4570 cum
1969 4532 2061 4570 τιε-
2093 4514 2142 4580 D
2174 4511 2288 4567 lem
2315 4511 2716 4568 reddiderunt.

414 4598 710 4672 sumpisse
755 4597 1210 4664 humanitatem,
1263 4597 1418 4669 quod
1470 4598 1643 4654 modo
1688 4600 1745 4654 in
1796 4603 2061 4674 sequenti

414 4686 723 4743 manifeste
753 4685 1028 4742 ostendit.
1062 4684 1464 4741 Continuatio:
1491 4685 1660 4742 Illum
1680 4689 1778 4760 qui
1801 4691 2066 4748 ascendit

412 4778 474 4832 et
501 4772 802 4830 descendit
830 4790 946 4828 non
978 4777 1210 4828 tantum
1258 4775 1511 4831 credatis
1558 4792 1686 4831 esse
1720 4777 1924 4847 Deum,
1960 4781 2062 4836 sed

411 4861 592 4919 etiam
648 4859 994 4916 hominem:
1037 4865 1094 4916 et
1153 4861 1261 4916 hoc
1309 4867 1399 4918 est
1457 4864 1653 4936 posuit
1710 4867 2002 4936 tenebras,
2033 4889 2059 4920 υ

411 4952 471 5010 id
501 4955 611 5020 est,
643 4965 877 5007 carnem
903 4949 1225 5006 humanam
1263 4951 1620 5008 «latibulum
1647 4972 1844 5023 suum,
1866 4978 1888 5000 ιι
1912 4959 2062 5014 scili-

413 5047 524 5109 cet,
557 5041 615 5098 in
651 5058 769 5114 qua
799 5057 973 5097 carne
1003 5040 1279 5096 divinitas
1298 5041 1490 5098 latuit.
1515 5043 1618 5098 llic
1640 5046 1888 5101 tenebrae
1911 5048 2061 5103 arci-

415 5131 657 5202 piuntur
675 5132 734 5187 in
757 5130 927 5186 bono.
945 5129 1127 5185 Sicuti
1151 5129 1523 5186 tenebrosum
1547 5149 1877 5190 sermonem
1901 5154 2059 5193 voca-

411 5233 548 5275 mus
577 5219 674 5275 ubi
705 5235 921 5292 magna
952 5218 1322 5292 profunditas
1343 5223 1483 5288 est,«
1514 5223 1572 5275 et
1591 5220 1908 5278 incircuitu
1930 5225 2058 5296 ejus

412 5304 854 5362 tabernaculum
899 5307 1048 5378 ejus,
1080 5335 1104 5360 υ
1137 5308 1192 5363 id
1217 5311 1326 5374 est,
1357 5307 1680 5365 militantes
1727 5311 1776 5365 ei
1827 5317 1965 5367 sunt
1997 5313 2054 5368 in

2246 4629 2268 4651 ‹‹
2304 4601 2513 4658 Fontes
2543 4606 2942 4674 apparuerunt
2969 4624 2996 4654 ιι
3027 4608 3086 4660 et
3115 4604 3225 4661 hoc
3257 4606 3368 4662 fuit
3401 4628 3426 4653 σι
3456 4609 3530 4666 ab
3562 4609 3842 4685 increpa-

2171 4689 2329 4745 tione
2350 4689 2792 4761 przedicantium
2817 4708 2832 4746 :
2857 4691 2959 4764 qui
2985 4708 3121 4748 cum
3143 4693 3290 4750 alios
3311 4695 3707 4769 increparent,
3727 4717 3847 4773 per

2171 4779 2360 4851 ipsam
2383 4779 2840 4853 increpationem
2872 4781 2944 4837 ab
2972 4780 3104 4838 aliis
3133 4798 3263 4839 esse
3283 4784 3580 4858 sapientes
3609 4790 3845 4863 cogniti

2171 4873 2329 4936 sunt,
2347 4885 2372 4915 (ε
2386 4873 2444 4925 et
2457 4869 2530 4924 ab
2544 4868 2928 4941 inspiratione
2949 4869 3195 4943 spiritus
3217 4872 3314 4928 irae
3330 4877 3463 4943 tuae,
3479 4894 3503 4920 υ
3520 4875 3580 4931 id
3592 4880 3702 4946 est,
3724 4894 3846 4950 per

2169 4956 2442 5030 spiritum
2477 4957 2797 5030 spirantem
2831 4958 2916 5014 eis
2945 4958 3094 5016 iram
3125 4965 3312 5018 tuam.
3346 4962 3610 5022 Ostensis
3630 4982 3842 5024 sacra-

2170 5046 2387 5100 mentis
2399 5047 2704 5116 adventus,
2718 5045 2843 5102 vult
2854 5049 3160 5104 ostendere
3173 5049 3312 5122 quid
3326 5050 3428 5108 illa
3451 5060 3842 5114 sacramenta

2167 5133 2404 5199 faciant,
2433 5134 2655 5190 scilicet
2684 5135 3024 5192 Eeclesiam.
3060 5137 3431 5196 Continuatio
3464 5158 3478 5197 :

2240 5250 2264 5274 ‹ι
2298 5223 2458 5278 Misit
2486 5223 2752 5296 sagittas,
2783 5246 2810 5276 ι)
2841 5223 3004 5282 misit
3017 5227 3196 5282 etiam
3214 5228 3498 5300 Spiritum
3521 5235 3838 5300 sanctum,

2169 5333 2191 5358 «
2223 5313 2292 5369 de
2323 5329 2577 5380 summo,
2610 5329 2635 5360 η
2669 5313 2726 5367 id
2750 5317 2857 5382 est,
2885 5315 2958 5370 de
2978 5315 3164 5371 Patre.
3191 5316 3840 5388 Dicendomisit,notat

409 5391 678 5459 circuitu,
697 5393 754 5447 id
787 5399 878 5449 est
906 5397 1150 5467 proximi
1185 5397 1331 5467 ejus,
1369 5395 1425 5450 id
1443 5400 1533 5451 est
1551 5397 1808 5470 aliquam
1841 5399 2057 5455 habent
2164 5402 2384 5458 donum
2409 5421 2421 5458 :
2446 5401 2692 5457 dicendo
2714 5403 2785 5457 de
2807 5420 3062 5476 summo,
3081 5404 3655 5478 mqualitatem.Cum
3677 5409 3840 5468 dicit

405 5479 797 5550 cognitionem
827 5486 885 5537 et
936 5483 1393 5540 familiaritatem
1440 5486 1511 5540 de
1549 5503 1614 5540 eo
1649 5503 1661 5540 :
1696 5503 1762 5540 ex
1794 5488 2054 5558 quibus?
2165 5491 2348 5560 misit,
2383 5507 2496 5546 non
2529 5490 2671 5545 dicit
2700 5507 2766 5545 eo
2785 5493 2940 5562 quod
2959 5493 3247 5549 minorem
3268 5495 3533 5551 mittente
3563 5497 3836 5556 missum

405 5566 626 5624 scilicet
655 5583 723 5622 ex
751 5568 870 5625 illis
883 5570 982 5641 qui
1003 5577 1142 5626 sunt
1163 5573 1220 5627 in
1237 5573 1634 5642 tabernaculo,
1655 5575 1895 5646 quidam
1917 5581 2054 5632 sunt
2162 5578 2469 5650 intelligat,
2488 5579 2587 5634 sed
2603 5579 2992 5639 totaTrinitas
3005 5583 3182 5640 mittit
3196 5583 3479 5656 Spiritum
3505 5590 3784 5644 sanctum
3825 5607 3834 5620 '
