4070 6180
214 309 344 381 819

1405 307 1657 369 EXPLA
1669 303 1906 366 NATlO
1948 303 2026 365 ΙΝ
2069 302 2454 366 PSALMOS.

3512 310 3636 372 250

234 447 340 502 «et
366 440 599 515 accepit
628 458 783 499 me.»
811 442 929 498 Hoc
960 440 1220 514 loquitur
1243 439 1513 497 Christus
1543 440 1599 495 in
1634 457 1879 513 persona
1907 433 1967 507 Α
1992 440 2168 507 latus,
2220 438 2357 512 quia
2392 460 2412 489 ι
2449 439 2767 496 observabo
2825 458 2918 498 me
2972 442 3043 498 ab
3104 441 3411 515 iniquitate
3458 461 3589 501 mea
3612 467 3632 495 η

227 534 407 592 totius
439 532 705 605 corporis
736 549 749 587 :
780 532 1129 603 «accepit»,
1148 531 1205 586 id
1238 535 1345 599 est,
1371 531 1538 602 quasi
1572 530 1881 603 fugitivum

226 623 483 696 collegit,
509 625 569 677 et
597 622 719 677 haec
749 620 1006 693 acceptio
1032 625 1121 676 est
1151 636 1254 692 per
1282 619 1750 691 inspiratiouem,
1773 639 1804 671 ε
1826 623 1885 676 et

225 710 557 783 assumpsit
586 727 680 765 me
706 729 743 763 ι
776 710 831 765 in
865 709 1212 782 dignitatem
1258 725 1362 781 per
1410 708 1604 775 fidem,
1638 726 1742 780 per
1788 709 1884 764 ba-

229 802 540 876 ptismum,
566 816 671 872 per
698 803 939 854 eazteras
960 798 1206 881 virtutes
1237 817 1257 847 ι
1284 798 1354 852 de
1392 797 1563 869 aquis
1604 798 1808 854 multis
1834 821 1880 865 ι,

230 893 285 948 id
309 894 425 958 est,
442 890 519 945 de
540 886 778 961 populis
799 886 1026 943 multis.
1044 887 1206 942 Unde
1226 887 1482 942 Joannes
1505 903 1519 941 :
1542 889 1717 958 Aquas
1738 887 1887 942 mul-

229 986 298 1038 ιω
319 982 465 1036 sunt
489 975 695 1050 populi
716 975 911 1032 multi.
934 975 1038 1031 Vel
1060 976 1129 1031 de
1152 975 1343 1047 aquis,
1366 975 1425 1031 id
1446 979 1555 1044 est,
1579 977 1650 1031 de
1681 976 1885 1032 multis

230 1065 696 1141 baptismatibus
718 1081 731 1120 :
757 1065 895 1137 quia
934 1064 1069 1121 licet
1116 1064 1449 1136 baptismus
1477 1064 1555 1120 sit
1584 1083 1759 1137 unus,
1792 1071 1884 1122 ta-

232 1174 362 1213 men
396 1156 455 1211 in
490 1153 697 1210 multis
727 1154 961 1227 populis
993 1153 1076 1208 ﬁt.

296 1245 370 1301 Et
400 1260 497 1299 me
528 1242 614 1299 sic
645 1247 1016 1316 assumptum
1043 1262 1075 1295 α
1106 1242 1321 1314 eripuit
1350 1244 1421 1297 de
1454 1244 1708 1299 inimicis
1742 1246 1886 1301 meis

230 1330 736 1403 fortissimis,nid
792 1335 882 1387 est
938 1331 1376 1399 dmmonibus,c
1410 1336 1467 1387 et
1514 1334 1586 1389 ab
1643 1334 1737 1389 his
1786 1334 1886 1406 qui

230 1423 487 1478 oderunt
535 1437 650 1489 me,
675 1441 711 1473 ι
740 1420 798 1475 id
829 1423 917 1475 est
963 1419 1137 1475 malis
1182 1419 1540 1490 hominibus,
1563 1426 1620 1477 et
1650 1440 1887 1479 necesse

230 1514 355 1568 erat
385 1513 456 1566 ut
484 1509 740 1582 eriperet
775 1528 797 1557 ι
827 1509 967 1580 quia
1004 1509 1310 1565 confertati
1344 1514 1483 1565 sunt
1512 1528 1689 1582 super
1718 1529 1831 1567 me.
1856 1533 1887 1565 ι

231 1602 465 1667 Quanto
490 1597 649 1654 enim
673 1597 872 1654 fideles
896 1597 1084 1670 magis
1104 1597 1481 1667 tribulantur,
1506 1603 1668 1656 tanto
1699 1601 1887 1673 magis

234 1690 291 1745 in
319 1689 438 1744 ﬁde
469 1687 891 1754 accenduntur,
916 1690 972 1741 et
1019 1686 1309 1743 firmiores
1350 1693 1507 1757 sunt,
1541 1692 1598 1744 et
1639 1689 1783 1746 alios
1814 1692 1885 1746 ad

236 1779 412 1835 ﬁdem
442 1779 810 1832 convertunt.

302 1888 335 1920 ε
366 1870 438 1922 Et
470 1869 876 1940 praevenerunt
904 1881 1017 1933 me,
1046 1888 1069 1917 ι
1099 1865 1155 1920 id
1195 1869 1286 1922 est
1329 1867 1756 1939 prazvaluerunt
1793 1887 1886 1924 se-

235 1956 500 2012 cundum
546 1953 1036 2011 existimationem
1071 1971 1241 2010 suam
1271 1955 1376 2011 «in
1421 1957 1514 2012 die
1556 1957 1889 2013 afllietionis

236 2062 397 2111 mem,
431 2066 455 2094 ι
480 2043 542 2098 id
571 2046 661 2099 est
687 2042 747 2098 in
776 2043 895 2099 vita
926 2042 1039 2099 ista
1067 2043 1128 2098 in
1159 2060 1277 2116 qua
1306 2045 1494 2100 sancti
1525 2047 1888 2120 affliguntur.

236 2134 298 2190 In
326 2132 450 2188 alia
496 2131 656 2187 enim
684 2131 803 2187 vita
831 2149 946 2188 non
976 2132 1341 2205 afﬂiguntur,
1377 2135 1477 2190 sed
1526 2137 1891 2193 coronabun-

234 2228 332 2278 tur
367 2239 382 2278 :
417 2225 480 2277 et
510 2221 668 2294 quod
698 2220 811 2294 ipsi
843 2224 1193 2293 putaverunt
1221 2239 1314 2278 me
1352 2223 1663 2295 prmvenire
1693 2229 1897 2282 contra

234 2312 345 2368 hoc
383 2329 405 2359 ι
442 2310 732 2367 Dominus
763 2315 853 2366 est
882 2311 1073 2366 factus
1121 2315 1415 2383 protector
1445 2330 1634 2382 meus,
1663 2338 1683 2364 ν
1717 2314 1775 2371 id
1807 2320 1898 2372 est

233 2401 500 2475 clypeus,
534 2416 609 2454 ne
641 2397 762 2454 ulla
790 2400 1196 2472 persecutione
1222 2400 1510 2458 vulnerer.
1770 2402 1777 2403 7

309 2489 573 2545 Protexit
606 2504 698 2543 me
729 2488 1005 2558 Ecclesia,
1037 2493 1094 2545 et
1126 2507 1229 2560 per
1258 2494 1449 2547 tantas
1486 2492 1896 2551 tribulationes

235 2595 365 2650 quae
396 2577 721 2650 aliquando
751 2576 812 2632 in
840 2576 1261 2634 inﬁrmioribus
1282 2596 1560 2652 generare
1583 2582 1773 2639 solent
1802 2602 1900 2640 an-

233 2667 499 2743 gustiam
522 2686 556 2719 ε
577 2666 779 2722 eduxit
809 2683 902 2722 me
934 2667 992 2721 in
1034 2665 1346 2724 latitudine
1368 2691 1389 2717 ν
1417 2670 1721 2728 charitatis
1750 2678 1808 2729 et
1840 2675 1899 2730 in

233 2772 489 2812 numero
525 2755 1037 2811 membrorum.Et
1065 2755 1205 2828 quid
1237 2758 1392 2814 bona
1429 2760 1558 2830 ejus
1595 2777 1899 2819 enumere-

236 2863 371 2901 mus
400 2865 428 2897 ι
449 2842 684 2900 salvum
712 2860 805 2899 me
836 2844 972 2900 fecit
998 2866 1018 2893 ι
1046 2862 1150 2918 per
1179 2845 1300 2901 haec
1331 2848 1547 2917 omnia,
1575 2849 1762 2906 ethoc
1786 2870 1900 2908 non

234 2934 387 2991 meis
426 2932 682 3001 meritis,
717 2934 817 2988 sed
868 2950 977 2990 sua
1025 2950 1241 3008 magna
1284 2936 1503 3007 gratia;
1554 2941 1612 2992 et
1657 2938 1766 2995 hoc
1815 2958 1905 3012 est

242 3046 266 3073 ι
300 3022 585 3097 quoniam
635 3021 819 3078 voluit
876 3039 970 3078 me
1011 3047 1033 3076 ι
1078 3023 1312 3079 habere.
1346 3024 1476 3080 Haec
1524 3028 1723 3083 omnia
1769 3029 1906 3085 fecit

242 3126 348 3185 per
368 3129 544 3168 suam
568 3110 838 3185 gratiam,
854 3112 1182 3168 secundum
1202 3112 1526 3184 primordia
1541 3114 1900 3188 salvationis,

1918 1809 1967 1874 B

1993 531 2159 602 quasi
2192 530 2334 585 mihi
2372 530 2641 585 naturali.
2666 530 2827 586 Unde
2849 532 3161 603 Apostolus
3195 550 3207 588 :
3234 555 3255 582 ι
3279 534 3407 589 Nati
3432 550 3639 592 sumus

1994 619 2097 675 filii
2145 619 2242 674 ira:
2275 620 2487 692 (Ephcs.
2524 622 2606 690 ιι).
2638 646 2659 674 ι
2687 622 2941 677 Dieendo
2985 647 3005 674 ι
3049 623 3367 679 observabo
3411 649 3431 677 ι
3477 629 3643 681 notat

1993 710 2283 765 cautelam
2316 708 2443 766 esse
2468 710 2857 766 adhibendam
2882 712 2952 766 ad
2985 713 3311 768 custodiam
3334 713 3639 770 virtutum.

1994 800 2159 854 Nunc
2191 799 2311 871 agit
2342 801 2413 855 de
2442 800 2822 855 retributione
2852 802 3150 871 justorum
3185 802 3241 856 in
3275 803 3472 858 futura
3500 804 3637 859 vita.

1994 887 2411 945 Conﬁnuaﬁo:

2068 979 2130 1033 In
2163 977 2272 1033 hac
2301 978 2421 1033 vita
2472 995 2568 1033 ero
2613 977 3051 1047 immaculatus,
3083 985 3140 1035 et
3168 981 3225 1035 in
3261 982 3457 1038 futura
3496 1001 3517 1030 ι
3550 1002 3642 1039 re-

1995 1066 2214 1122 tribuet
2244 1066 2388 1121 mihi
2421 1066 2705 1121 Dominus
2750 1070 3075 1123 secundum
3099 1070 3392 1140 justitiam
3428 1090 3639 1141 meam,

1995 1160 2051 1210 et
2072 1156 2397 1211 secundum
2421 1155 2734 1228 puritatem
2752 1172 3034 1211 manuum
3060 1175 3322 1213 mearum
3340 1178 3361 1206 ι
3385 1159 3644 1215 habitam

2000 1268 2026 1296 ‹‹
2059 1245 2115 1300 in
2140 1250 2455 1316 conspectu
2482 1244 2785 1299 oculorum
2808 1246 2986 1315 ejus,n
3015 1245 3067 1299 id
3094 1250 3182 1301 est
3202 1245 3261 1301 in
3284 1247 3645 1319 beneplacito

1996 1333 2408 1390 misericordiae
2440 1333 2589 1404 ejus.
2625 1333 2791 1389 Sicut
2838 1334 2995 1389 enim
3043 1335 3258 1407 aliquis
3290 1341 3494 1407 potens
3525 1355 3645 1393 rem

1997 1442 2175 1497 quam
2208 1422 2403 1495 diligit
2434 1423 2491 1477 in
2522 1427 2840 1494 conspectu
2870 1424 3066 1491 habet,
3101 1442 3277 1497 quam
3312 1443 3425 1480 non
3458 1426 3650 1499 diligit

1998 1530 2112 1568 non
2144 1512 2269 1567 vult
2300 1512 2358 1566 in
2390 1516 2703 1584 conspectu
2742 1513 2956 1569 habere
2990 1532 3003 1569 :
3039 1514 3122 1569 sic
3163 1515 3316 1571 Deus
3348 1517 3501 1587 quod
3535 1516 3647 1571 sibi

1998 1602 2187 1675 placet
2216 1600 2431 1657 dicitur
2458 1600 2739 1673 aspicere,
2772 1604 2925 1675 quod
2958 1620 3073 1658 non
3114 1603 3304 1676 placet
3334 1604 3646 1679 negligere.

1998 1691 2143 1758 Quia
2175 1690 2445 1762 superius
2492 1692 2734 1757 dixerat,
2760 1691 3058 1761 justitiam
3105 1709 3320 1758 meam,
3353 1711 3425 1748 ne
3456 1695 3650 1750 videa-

1998 1785 2096 1836 tur
2118 1780 2356 1851 justitia
2382 1797 2510 1836 esse
2533 1780 2606 1835 ab
2628 1780 2886 1848 homine,
2909 1782 3166 1836 ostendit
3194 1783 3346 1854 quod
3379 1781 3503 1838 sine
3532 1783 3649 1838 Deo

1998 1868 2162 1924 nulla
2182 1868 2417 1939 justitia
2445 1886 2573 1924 esse
2605 1873 2815 1941 potest.
2850 1869 3218 1925 Continuatio
3254 1888 3266 1925 :

2070 1957 2197 2014 Dixi
2228 1958 2560 2029 cjustitiam
2585 1974 2824 2024 meam,»
2854 1962 2911 2013 et
2938 1962 3135 2013 tamen
3163 1980 3182 2008 ι
3208 1976 3341 2014 cum
3370 1964 3592 2027 sancto,
3623 1982 3645 2009 η

2001 2048 2057 2102 id
2091 2051 2179 2102 est
2209 2048 2281 2102 ad
2312 2047 2422 2101 hoc
2454 2050 2519 2100 ut
2547 2046 2723 2101 homo
2756 2050 2997 2103 sanctus
3028 2047 3105 2102 sit
3140 2073 3162 2102 ι
3192 2048 3348 2103 eris:
3376 2052 3439 2104 tu
3471 2050 3647 2117 Deus,

2002 2136 2103 2208 qui
2136 2141 2199 2191 tu
2231 2152 2293 2191 es
2331 2158 2352 2187 ι
2385 2139 2647 2203 sanctus,
2676 2156 2696 2184 ι
2723 2136 2781 2191 id
2822 2141 2913 2191 est
2950 2137 3345 2205 sanctificans,
3378 2161 3400 2190 ι
3429 2142 3486 2193 et
3515 2156 3650 2194 cum

2000 2226 2124 2280 viro
2145 2225 2504 2291 innocente;
2525 2225 2581 2279 id
2606 2229 2695 2280 est
2717 2225 2789 2280 ad
2810 2225 2920 2280 hoc
2943 2228 3007 2280 ut
3032 2226 3108 2281 sit
3127 2226 3408 2283 innocens
3436 2252 3456 2280 ι
3489 2228 3606 2285 eris
3626 2251 3647 2279 η

2004 2320 2066 2371 tu
2103 2334 2124 2361 ι
2157 2314 2457 2380 innocens,
2493 2334 2513 2361 ι
2548 2313 2608 2368 id
2640 2317 2729 2369 est
2758 2313 2979 2370 faciens
3010 2314 3401 2371 innocentem.

2083 2427 2102 2457 ι
2136 2404 2206 2459 Et
2243 2420 2378 2457 cum
2430 2401 2680 2470 electo,u
2708 2402 2765 2457 id
2814 2406 2901 2458 est
2930 2404 3002 2458 ad
3053 2403 3161 2458 hoc
3208 2408 3273 2459 ut
3317 2404 3531 2477 aliquis
3579 2406 3656 2461 sit

2006 2492 2245 2559 electus,
2275 2492 2331 2546 id
2365 2497 2455 2547 est
2486 2497 2793 2565 separatus
2824 2510 2858 2547 a
2887 2493 3132 2565 perditis
3167 2514 3187 2543 ι
3222 2493 3460 2550 electus.
3480 2519 3501 2549 ι
3529 2496 3654 2551 Non

2008 2581 2149 2638 dicit
2177 2581 2306 2637 ideo
2330 2579 2569 2650 electus,
2595 2582 2750 2653 quod
2781 2581 2936 2637 Deus
2961 2587 3115 2638 esset
3145 2584 3204 2637 in
3227 2583 3500 2639 societate
3520 2601 3656 2640 cum

2010 2669 2201 2740 malis,
2235 2671 2335 2725 sed
2375 2690 2394 2717 ι
2430 2670 2668 2737 electus,
2706 2691 2727 2719 ι
2764 2670 2821 2724 id
2868 2674 2957 2725 est
3004 2676 3263 2726 remotus
3312 2673 3658 2728 zeternaliter

2010 2776 2045 2813 a
2074 2757 2246 2812 malis
2282 2776 2293 2813 :
2324 2783 2343 2810 ε
2380 2763 2437 2813 et
2479 2775 2613 2813 cum
2646 2775 2933 2830 perverso,
2959 2780 2981 2810 ο
3020 2759 3076 2813 id
3107 2763 3196 2814 est
3223 2776 3357 2814 cum
3411 2759 3511 2816 illo
3555 2760 3657 2833 qui

2010 2864 2073 2902 se
2118 2846 2392 2918 pervertit
2437 2864 2473 2901 a
2516 2849 2572 2901 te
2600 2869 2619 2897 α
2654 2846 3001 2918 perverteris
3028 2866 3049 2895 ι
3084 2846 3483 2903 subtrahendo
3533 2865 3660 2920 gra-

2010 2933 2174 3000 tiam,
2209 2950 2544 3004 perversum
2582 2934 2653 2987 ad
2708 2932 2989 3003 majorem
3039 2933 3344 3003 adjuvabis
3377 2951 3388 2988 :
3422 2937 3478 2988 et
3508 2935 3660 2990 hanc

2013 3021 2361 3079 sententiam
2390 3025 2634 3077 testatur
2663 3020 2777 3076 alia
2802 3021 3131 3087 translatio,
3154 3039 3279 3094 quaa
3308 3022 3504 3091 habet,
3538 3040 3663 3095 per-

2011 3128 2244 3167 versum
2275 3115 2585 3182 pervertes,
2610 3113 2668 3167 et
2695 3110 2818 3166 hzec
2846 3113 2935 3165 est
2963 3110 3270 3166 retributio
3301 3128 3480 3183 quam
3507 3112 3661 3168 Deus

236 3181 694 3257 retributionem
723 3204 920 3256 autem
972 3201 1108 3257 fecit
1139 3181 1464 3258 secundum
1493 3204 1724 3271 {merita
1770 3224 1895 3263 sua.
1934 3181 1977 3248 δ
2017 3201 2115 3256 δίη
2145 3199 2317 3255 malis
2347 3201 2405 3255 in
2436 3199 2545 3255 hac
2573 3198 2713 3255 Vita-

238 3289 686 3346 Betributiones
716 3292 915 3344 autem
947 3290 1075 3346 duae
1096 3294 1256 3357 sunt,
1279 3295 1337 3346 et
1358 3292 1559 3362 justis,
1585 3297 1642 3349 et
1660 3294 1858 3367 impiis
1883 3315 1896 3353 :

240 3397 363 3435 una
392 3379 455 3434 in
488 3377 602 3434 hac
629 3377 766 3446 vita,
791 3395 911 3434 una
940 3379 999 3434 in
1029 3379 1144 3435 alia
1170 3378 1307 3435 vita.
1331 3380 1538 3436 Justus
1563 3381 1617 3436 in
1653 3382 1761 3440 hac
1784 3384 1903 3442 vita

236 3484 346 3541 pro
366 3484 480 3523 sua
500 3466 741 3540 justitia
771 3467 984 3540 accipit
1004 3467 1468 3537 retributionem,
1496 3470 1633 3542 quia
1656 3474 1900 3544 justitias

238 3556 457 3630 accipit
491 3556 942 3623 incrementum,
974 3556 1035 3611 in
1069 3557 1264 3614 futuro
1294 3574 1427 3613 vero
1457 3576 1752 3616 coronam.
1787 3563 1899 3618 Im-

238 3646 378 3717 pius
406 3646 469 3701 in
500 3644 615 3700 hac
643 3645 764 3700 vita
792 3649 860 3700 ut
888 3645 1076 3717 magis
1108 3647 1426 3714 sordescat,
1455 3652 1738 3705 internum
1766 3668 1901 3708 vero

234 3734 586 3795 incendium
616 3733 677 3789 in
716 3734 934 3790 futura.
958 3733 1328 3791 Continuatio
1354 3752 1367 3789 :
1394 3736 1629 3793 Salvum
1654 3740 1903 3795 me'fecit

235 3840 347 3895 pro
377 3840 487 3879 sua
515 3820 833 3891 voluntate,
858 3842 889 3875 α
918 3827 975 3877 et
1006 3823 1459 3880 retribuet'mihi
1492 3826 1776 3884 Dominus
1807 3846 1903 3885 se—

234 3912 506 3975 cundum
549 3910 845 3984 justitiam
878 3927 1092 3980 meam,
1115 3934 1144 3963 »
1174 3912 1233 3968 id
1265 3918 1357 3968 est
1392 3916 1718 3971 secundum
1749 3918 1903 3973 bona

233 4017 423 4073 Opera
448 4016 583 4057 mea
609 4022 631 4049 ι
657 4004 717 4056 et
738 4000 1066 4055 secundum
1094 4001 1411 4073 puritatem
1434 4020 1720 4060 manuum
1753 4023 1903 4063 mea-

233 4105 402 4156 rum,
434 4089 493 4145 id
522 4091 615 4145 est
652 4089 979 4144 secundum
1010 4088 1403 4145 innocentiam
1454 4108 1715 4148 mearum
1766 4111 1900 4166 ope-

232 4178 563 4246 rationum,
588 4178 747 4250 quod
779 4194 813 4233 a
844 4177 999 4233 male
1021 4177 1463 4248 abstinui,nulli
1496 4181 1665 4236 nocui
1694 4203 1722 4233 «
1743 4183 1905 4239 retri-

232 4267 395 4322 buet
421 4265 591 4323 mihi.
617 4288 645 4318 »

318 4375 345 4404 ι
378 4356 718 4412 Secundum
740 4355 1042 4428 justitiam
1077 4372 1268 4412 meam
1293 4377 1315 4407 ι
1341 4357 1470 4414 dico
1501 4382 1523 4412 ι
1550 4358 1688 4431 quia
1716 4365 1906 4416 custo-

228 4445 389 4512 divi,
413 4464 435 4495 ι
463 4446 523 4501 id
544 4448 638 4501 est
664 4443 903 4518 implevi
929 4470 949 4497 ι
973 4444 1097 4502 vias
1120 4446 1403 4511 Domini,»
1432 4447 1488 4502 id
1513 4451 1601 4503 est
1620 4454 1907 4522 praecepta

2082 3290 2215 3344 Ideo
2244 3288 2372 3344 dico
2412 3289 2569 3360 quod
2598 3288 2658 3343 in
2690 3288 2799 3343 hac
2829 3288 2948 3343 vita
2978 3287 3060 3343 ita
3108 3287 3285 3344 facies
3314 3293 3372 3344 et
3401 3290 3571 3345 bonis
3603 3294 3662 3347 et

2011 3377 2184 3434 malis
2210 3400 2232 3430 ι
2264 3377 2542 3450 quoniam
2563 3401 2584 3430 ι
2622 3376 2682 3432 in
2713 3376 2829 3433 alia
2855 3377 2993 3445 vita,
3025 3398 3046 3427 ι
3075 3376 3303 3433 salvum
3344 3378 3522 3434 facies
3553 3396 3659 3451 po-

2010 3469 2216 3541 pulum
2246 3466 2550 3535 humilem,
2579 3491 2598 3518 ι
2626 3466 2685 3521 id
2714 3471 2805 3523 est
2852 3468 3055 3534 bonos,
3088 3486 3109 3515 ι
3129 3471 3188 3522 et
3219 3467 3419 3523 oculos
3457 3485 3660 3540 super-

2017 3581 2037 3606 .
2065 3558 2274 3612 borum
2294 3554 2657 3625 humiliabis,
2678 3579 2697 3605 ι
2727 3555 2783 3610 id
2807 3559 2896 3611 est
2914 3555 3159 3628 effliges.
3185 3556 3292 3612 Per
3311 3555 3510 3613 oculos
3532 3557 3660 3613 ideo

2012 3644 2347 3718 superbiam
2379 3644 2879 3716 accipimus,quia
2906 3643 2966 3699 in
2998 3643 3182 3699 oculis
3206 3648 3442 3700 notatur
3465 3662 3661 3717 super-

2010 3735 2127 3791 bia.
2151 3734 2255 3789 Vel
2287 3734 2397 3789 hoc
2438 3734 2610 3787 modo
2660 3731 2916 3787 litteram
2967 3731 3254 3804 legamus.
3287 3732 3659 3787 Continuatio

2010 3825 2232 3880 eadem.
2258 3823 2386 3879 Dixi
2418 3847 2439 3875 ι
2470 3820 2764 3893 justitiam
2804 3837 3016 3891 meam,
3040 3839 3061 3867 ι
3091 3821 3193 3876 sed
3224 3824 3287 3875 tu
3336 3820 3512 3875 homo
3544 3837 3659 3876 non

2010 3913 2126 3969 eris
2149 3929 2251 3985 per
2270 3917 2326 3967 te
2348 3914 2606 3977 sanctus,
2632 3910 2732 3964 sed
2762 3934 2781 3962 ι
2808 3913 3046 3964 sanctus
3072 3907 3187 3964 eris
3218 3926 3350 3963 cum
3381 3912 3607 3977 sancto,
3631 3931 3653 3961 ι

2011 4003 2069 4058 id
2100 4006 2189 4057 est
2219 4018 2351 4056 eum
2384 4000 2612 4055 Christo
2646 4015 2752 4053 suo
2780 3999 2849 4052 ad
2850 3999 3047 4068 jutore
3069 3996 3287 4053 faciens
3306 4014 3479 4069 opera
3508 3998 3657 4069 ejus,

2011 4096 2069 4149 et
2095 4116 2115 4143 ι
2141 4107 2273 4146 cum
2307 4107 2373 4145 eo
2404 4089 2757 4156 innocente,»
2787 4087 2844 4141 id
2878 4091 2966 4143 est
2996 4104 3099 4159 per
3126 4105 3258 4143 eum
3290 4086 3659 4143 innocentem

2017 4206 2038 4232 α
2072 4180 2355 4236 innocens
2383 4177 2499 4233 eris
2523 4200 2543 4228 ι
2572 4181 2629 4232 et
2650 4194 2785 4232 eum
2822 4193 2888 4232 eo
2919 4177 3151 4233 Christo
3178 4199 3200 4229 ι
3221 4177 3403 4233 electo
3444 4176 3663 4234 electus

2013 4270 2128 4326 eris
2163 4286 2175 4324 :
2209 4273 2267 4324 et
2296 4284 2429 4322 cum
2478 4282 2771 4338 perverso.
2797 4286 2818 4315 ι
2854 4265 2911 4320 id
2960 4270 3051 4321 est
3098 4266 3350 4336 diabolo,
3381 4288 3402 4316 ι
3434 4283 3663 4339 perver-

2012 4359 2173 4415 teris.
2198 4378 2218 4405 ι
2246 4355 2616 4412 Continuatio
2653 4372 2664 4411 :

2086 4448 2217 4503 Ideo
2249 4446 2377 4501 dico
2410 4446 2565 4517 quod
2598 4445 2655 4498 in
2704 4443 2811 4498 hac
2840 4444 2959 4498 vita
3006 4446 3209 4515 justus
3242 4449 3299 4499 et
3329 4443 3547 4515 impius
3578 4461 3667 4498 ac-

229 4532 503 4603 Domini,
529 4551 635 4607 per
653 4551 785 4605 quae
806 4535 877 4590 ad
902 4534 1085 4589 Deum
1109 4535 1413 4608 gradimur
1433 4554 1536 4608 per
1559 4538 1713 4593 bona
1733 4556 1907 4611 opera
1938 4553 1983 4618 Ι)
2015 4537 2239 4610 cipiunt
2270 4535 2713 4591 retributionem
2746 4549 2848 4605 pro
2880 4532 3105 4587 meritis
3137 4556 3155 4583 ι
3182 4532 3321 4603 quia
3351 4536 3413 4586 tu
3440 4555 3459 4581 ι
3487 4531 3661 4598 Deus,

230 4644 263 4678 ι
294 4624 640 4681 secundum
673 4623 990 4696 puritatem
1024 4640 1309 4680 manuum
1337 4648 1357 4675 η
1386 4626 1524 4696 quia
1555 4643 1667 4681 non
1696 4650 1718 4676 ι
1752 4628 1907 4701 gessi

221 4712 484 4786 impie,-
508 4713 568 4770 id
593 4717 705 4783 est,
730 4729 845 4768 non
869 4712 1027 4786 gessi
1056 4712 1201 4769 illud
1234 4714 1392 4770 unde
1411 4731 1647 4770 vocarer
1666 4715 1905 4788 impius,

221 4799 289 4857 id
326 4806 448 4869 est,
472 4818 592 4858 non
616 4801 727 4858 feci
751 4801 972 4858 malum
996 4802 1317 4859 recedendo
1343 4823 1363 4851 ι
1394 4819 1427 4858 a
1452 4803 1569 4859 Deo
1600 4819 1749 4859 meo.
1778 4827 1798 4855 ι

310 4910 339 4939 ι
364 4889 673 4946 Custodivi
692 4891 838 4961 vias,
855 4907 961 4947 nec
982 4890 1164 4964 impie
1183 4892 1337 4964 gessi
1359 4912 1381 4940 ι
1408 4892 1547 4963 quia
1572 4912 1593 4941 ι
1610 4894 1808 4949 omnia
1818 4895 1913 4966 ju-

221 4979 409 5035 dicia
448 4979 578 5051 ejus
610 4997 633 5029 ι
671 4984 813 5035 sunt
869 4980 928 5035 in
980 4979 1445 5037 consideratione
1491 4996 1621 5037 mea
1654 4998 1666 5036 :
1701 4986 1757 5037 et
1804 4983 1912 5039 hoc

218 5071 326 5125 est
356 5090 384 5119 ι
415 5068 477 5122 in
495 5074 819 5141 conspectu
842 5085 973 5126 meo
994 5096 1016 5125 ι
1049 5069 1249 5125 omnia
1269 5073 1388 5123 tam
1421 5069 1708 5126 bonorum
1734 5089 1912 5144 quam

218 5155 567 5226 malorum,
600 5161 724 5213 tam
762 5158 825 5214 in
868 5159 978 5215 hac
1024 5160 1164 5227 vita,
1199 5174 1377 5230 quam
1407 5158 1465 5212 in
1498 5157 1614 5214 alia
1642 5176 1654 5213 :
1686 5164 1743 5216 et
1786 5161 1914 5217 ideo

217 5262 345 5302 nec
382 5244 587 5300 fessus
613 5244 878 5303 humana
896 5247 1214 5320 fragilitate
1241 5271 1261 5299 ε
1288 5244 1476 5317 repuli
1501 5246 1765 5316 justitias
1787 5249 1915 5320 ejus

214 5351 254 5403 ᾳ
292 5349 412 5389 me
452 5351 473 5380 ι
507 5333 610 5388 sed
643 5338 1083 5405 perseveranter
1113 5331 1392 5391 sustinui.

302 5446 328 5475 ι
359 5419 505 5476 Non
536 5420 749 5497 repuli,
776 5444 797 5474 ι
827 5428 885 5479 et
910 5424 991 5479 ita
1015 5442 1036 5475 ι
1060 5439 1158 5478 ero
1191 5418 1605 5476 immaculatus
1627 5437 1759 5476 cum
1796 5439 1861 5478 eo
1889 5447 1908 5474 ι

209 5511 484 5569 scilicet
502 5508 887 5583 Deo.0portet
907 5512 1062 5568 enim
1097 5514 1161 5566 ut
1187 5510 1285 5583 qui
1318 5508 1695 5565 immaculato
1726 5511 1918 5569 Domi-

208 5620 297 5661 no
334 5594 493 5655 vult
521 5598 815 5657 adherere
852 5600 1290 5669 immaculatus,
1325 5599 1403 5655 sit
1451 5597 1578 5654 ideo
1630 5599 1912 5659 immacu-

2017 4627 2076 4682 in
2109 4625 2223 4682 alia
2251 4625 2367 4679 vita
2392 4651 2413 4679 ι
2448 4623 2673 4679 salvum
2716 4622 2890 4677 facies
2940 4620 3222 4694 populum
3274 4620 3577 4690 humilem,
3610 4623 3669 4676 et

2017 4715 2219 4773 oculos
2277 4708 2663 4785 superborum
2713 4710 3121 4766 humiliabisn
3149 4710 3256 4767 Per
3302 4711 3424 4767 haec
3472 4709 3669 4767 omnia

2019 4803 2358 4877 suprodieta
2385 4799 2789 4867 intelligimus,
2817 4801 2969 4873 quod
2994 4801 3147 4857 Deus
3166 4800 3463 4857 illuminat
3482 4798 3670 4855 Eccle-

2020 4894 2190 4950 siam.
2215 4894 2349 4958 Qua:
2370 4887 2629 4945 Ecclesia
2650 4905 2710 4943 se
2730 4888 2937 4946 videns
2957 4907 3085 4946 esse
3106 4890 3519 4954 illuminatam,
3541 4889 3668 4941 orat

2020 4984 2227 5049 Deum,
2251 4984 2315 5035 ut
2338 4996 2440 5051 per
2470 4977 2659 5050 ipsam
2686 4976 2977 5035 illuminet
3003 4985 3241 5035 caeteros
3261 4975 3662 5041 convertendo,

2022 5076 2080 5128 et
2108 5071 2217 5126 hoc
2248 5072 2354 5125 est.

2100 5187 2121 5215 ι
2157 5157 2441 5226 Quoniam
2475 5162 2538 5213 tu
2560 5156 2861 5212 illuminas
2890 5156 3183 5213 lucernam
3208 5169 3419 5218 meam,
3442 5172 3464 5200 ι
3495 5151 3551 5207 id
3577 5156 3668 5207 est

2025 5251 2308 5325 quosdam
2332 5248 2402 5303 de
2421 5246 2680 5303 Ecclesia
2701 5246 2770 5300 ad
2796 5244 2903 5299 hoc
2927 5249 2991 5299 ut
3014 5242 3344 5297 illuminent
3362 5240 3541 5296 alios:
3567 5241 3667 5314 qui

2024 5341 2305 5396 dicuntur
2333 5337 2591 5402 lucerna,
2619 5333 2757 5405 quia
2782 5333 2839 5386 in
2862 5332 2946 5387 eis
2980 5331 3175 5385 lumen
3207 5331 3394 5385 sancti
3415 5329 3668 5402 Spiritus

2024 5429 2377 5502 resplendet.
2403 5426 2590 5480 Meam
2616 5420 2753 5475 dicit
2775 5420 2913 5490 quia
2948 5420 3017 5475 de
3057 5436 3165 5475 sua
3189 5416 3461 5476 soeietate
3482 5424 3622 5475 sunt
3652 5437 3666 5475 :

2024 5525 2081 5576 et
2104 5544 2123 5569 α
2148 5515 2483 5586 tu,Demine
2508 5511 2658 5565 Deus
2681 5507 3145 5576 meus,illumina
3162 5510 3435 5566 tenebras
3451 5524 3666 5577 meas,»

2026 5610 2081 5664 id
2102 5612 2190 5663 est
2210 5601 2475 5660 infideles
2495 5602 2551 5655 et
2571 5596 2910 5671 idiotas,qui
2927 5604 3067 5656 sunt
3085 5600 3142 5655 in
3166 5599 3587 5672 tenebris,quia
3601 5598 3671 5655 de
