4092 6178
436 319 550 384 251

862 319 1273 385 HAYMONIS
1304 315 1840 381 HALBERS’I‘AT.
1874 315 2120 380 EPISC.
2150 317 2324 380 OPP.
2355 317 2558 382 PARS
2589 318 2639 382 Ῑ.
2671 353 2746 364 --
2775 317 3184 382 COMMENT.
3214 317 3412 382 BlBL.

3716 307 3831 378 252

435 459 554 518 Deo
583 459 973 534 cognitionem
1012 473 1128 512 non
1165 454 1384 510 habent
1405 471 1460 508 :a
1481 469 1662 518 meas,
1681 478 1702 506 ι
1731 452 1788 508 id
1819 456 1908 509 est
1936 470 2078 526 prm-
2107 450 2166 520 Α
2193 455 2511 527 quamdam
2533 453 3063 528 aptitudinem,per
3081 469 3259 526 quam
3280 452 3538 509 ostendit
3554 450 3686 508 illos
3708 467 3833 510 esse

437 549 713 608 destinati
745 553 810 604 ut
839 547 958 603 sint
989 545 1124 601 mei.

510 642 669 714 Rogo
701 642 767 694 ut
796 635 1096 692 illumines
1129 634 1420 699 tenebras,
1445 636 1501 688 et
1528 631 1638 688 hoc
1667 649 1868 687 secure
1891 652 1910 679 ι
1937 647 2080 703 quo-

436 731 595 786 niam
625 727 858 800 eripiar,
886 747 906 774 ιι
936 725 994 779 id
1025 726 1116 779 est
1143 721 1466 794 eripientur
1501 721 1580 777 illi
1613 717 1726 777 mei
1758 719 1858 793 qui
1889 721 2082 776 adhuc

435 823 574 876 sunt
619 816 868 873 tenebrae
895 837 914 863 α
942 831 976 868 a
1007 813 1325 868 tentatione
1349 834 1371 860 ι»
1406 811 1621 866 diaboli
1653 834 1674 860 α
1703 811 1761 865 in
1794 815 1868 875 te,
1903 810 1961 864 id
1993 812 2083 864 est

433 927 536 982 per
565 912 622 964 te
649 927 670 953 ι
694 909 752 961 et
781 904 838 958 in
872 905 988 958 Deo
1019 918 1202 968 meo,»
1230 901 1286 956 id
1315 903 1404 956 est
1434 900 1491 955 in
1526 899 1742 954 auxilio
1774 899 1895 965 Dei,
1920 898 1979 952 in
2013 915 2080 953 eo

439 1018 461 1047 α
494 995 898 1070 transgrediar
923 1008 1184 1058 murum,
1214 1012 1236 1041 ι
1266 989 1325 1045 id
1351 993 1442 1045 est
1471 988 1841 1044 obstaculum
1874 1003 2082 1060 pecca—

431 1093 648 1144 torum.
664 1085 869 1141 Murus
887 1086 1082 1139 autem
1105 1080 1202 1136 ille
1220 1097 1332 1136 non
1355 1084 1445 1135 est
1464 1095 1705 1150 prorsus
1722 1079 2080 1145 destructus,

431 1177 532 1235 sed
556 1175 706 1250 justi
737 1173 839 1230 Dei
869 1170 1083 1228 auxilio
1114 1169 1282 1225 illum
1312 1169 1756 1224 transcendunt.

503 1269 656 1324 Bene
686 1266 840 1332 dico,
865 1286 887 1312 α
922 1262 982 1316 in
1011 1261 1128 1316 Deo
1159 1276 1312 1327 meo,
1347 1282 1369 1308 ι
1407 1257 1546 1330 quia
1589 1257 1714 1330 ipse
1744 1259 1836 1313 est
1869 1277 1890 1306 ι
1926 1255 2081 1310 Deus

431 1375 600 1416 meus
625 1381 646 1409 ι
677 1359 736 1412 et
761 1377 782 1404 α
808 1353 902 1410 via
941 1351 1092 1422 ejus,
1123 1372 1144 1399 ι
1183 1348 1242 1404 id
1292 1353 1383 1404 est
1430 1351 1716 1420 praecepta
1759 1368 1779 1396 ιι
1831 1348 1922 1402 est
1962 1344 2079 1399 im-

431 1449 674 1523 polluta,
703 1467 724 1494 ι
751 1443 889 1517 quia
932 1439 1076 1498 nihil
1109 1437 1485 1494 immundum
1532 1433 1794 1508 praecipit
1840 1435 2028 1490 facere
2062 1448 2076 1486 :

430 1560 463 1593 ε
493 1543 552 1594 et
579 1533 812 1608 eloquia
841 1529 1094 1597 Domini,
1121 1553 1144 1582 ι
1181 1528 1239 1584 id
1269 1530 1360 1583 est
1387 1525 1518 1598 ipsa
1545 1523 1812 1580 doctrina
1842 1537 2084 1595 evange-

432 1629 566 1695 lica,
586 1630 730 1694 est,u
754 1621 1086 1680 examinata
1116 1616 1290 1690 igni,-
1317 1617 1373 1672 id
1397 1619 1488 1671 est
1508 1630 1643 1670 cum
1666 1611 1932 1684 diligenti
1955 1628 2084 1666 exa-

433 1715 753 1774 minatione
783 1715 924 1768 sunt
962 1708 1154 1773 azdita,
1188 1706 1246 1761 id
1293 1708 1384 1760 est
1435 1703 1658 1775 Spiritu
1717 1705 1939 1758 sancto.
1973 1697 2082 1765 Qui

2190 549 2358 616 aptos
2388 545 2460 600 ad
2491 544 2600 600 hoc
2631 544 2984 600 faciendum.
3015 541 3386 599 Continuatio
3419 559 3433 598 :

2267 657 2287 683 ι
2326 634 2570 689 Dextera
2598 638 2700 688 tua
2730 631 2990 705 suscepit
3021 650 3134 698 me,
3158 637 3214 688 et
3234 631 3547 704 disciplina
3579 635 3703 698 tua,
3723 651 3752 683 ι
3777 631 3835 688 id

2190 725 2278 777 est
2299 721 2533 793 justitia
2575 741 2692 795 qua
2729 727 2862 778 tuos
2893 722 3211 789 examinas,
3239 744 3261 771 α
3287 721 3536 777 cerrexit
3578 738 3694 793 me,
3716 743 3747 774 ι
3779 723 3834 778 id

2191 815 2280 866 est
2311 828 2472 867 meos
2511 813 2582 868 de
2629 811 2958 884 praeteritis,
2995 827 3180 883 usque
3217 831 3239 860 α
3274 811 3332 866 in
3375 812 3576 878 ﬁnem,
3599 832 3627 860 »
3660 810 3716 866 id
3751 815 3838 867 est

2192 916 2379 972 usque
2409 901 2481 956 ad
2513 900 3084 957 consummationem
3119 915 3131 954 :
3167 899 3305 972 quia
3336 899 3721 955 incorrectum
3759 917 3839 956 re-

2191 989 2411 1045 mansit
2435 1013 2456 1039 α
2491 993 2550 1046 et
2580 990 2706 1062 ipsa
2735 994 2837 1046 tua
2866 989 3179 1062 disciplina
3209 988 3439 1044 docebit
3466 1005 3580 1057 me,
3612 1011 3634 1038 ι
3661 987 3718 1044 id
3750 992 3840 1045 est

2191 1095 2372 1146 meos,
2407 1095 2479 1134 ne
2510 1078 2755 1134 ulterius
2786 1083 3045 1152 peccent.

2262 1167 2330 1222 Et
2358 1183 2462 1240 per
2491 1167 2620 1223 illos
2649 1186 2671 1216 α
2699 1167 2958 1224 dilatasti
2981 1183 3220 1241 gressus
3252 1183 3466 1237 meos,-
3493 1167 3553 1223 id
3583 1171 3674 1224 est
3702 1183 3837 1241 ope-

2190 1256 2448 1312 rationes
2479 1273 2640 1314 meas
2688 1273 2792 1329 per
2821 1260 3008 1313 totum
3038 1256 3328 1318 mundum
3377 1255 3693 1314 notiﬁcasti
3727 1278 3756 1306 ‹‹
3784 1260 3840 1312 et

2187 1344 2434 1418 vestigia
2460 1362 2610 1414 mea,
2639 1372 2660 1401 ι
2697 1345 2756 1402 id
2800 1349 2890 1402 est
2916 1344 3001 1400 illi
3029 1345 3090 1400 in
3121 1345 3340 1418 quibus
3384 1344 3554 1418 signa
3591 1345 3838 1416 justitiie

2190 1451 2332 1490 meas
2362 1440 2663 1508 apparent,
2692 1458 2720 1486 ‹‹
2751 1452 2867 1492 non
2917 1439 3058 1491 sunt
3103 1434 3422 1502 infirmata,
3447 1456 3470 1484 ι
3496 1434 3553 1489 id
3584 1439 3676 1490 est
3723 1450 3840 1490 non

2189 1528 2330 1579 sunt
2359 1523 2616 1596 superati
2667 1524 2739 1580 ad
2771 1524 3062 1581 hostibus.
3095 1524 3344 1580 Necesse
3391 1521 3548 1580 cnim
3596 1527 3740 1591 erat,
3777 1527 3844 1578 ut

2189 1611 2274 1667 illi
2302 1613 2403 1685 qui
2429 1617 2595 1670 erant
2623 1613 2810 1681 missi,
2835 1617 2902 1669 ut
2928 1611 3074 1670 alios
3099 1614 3392 1678 docerent,
3420 1611 3843 1685 irreprehensi-

2189 1701 2338 1757 biles
2359 1707 2558 1758 essent
2587 1703 2647 1757 in
2675 1701 2972 1759 omnibus.

432 1807 684 1881 Spiritus
717 1805 955 1860 sanctus
985 1798 1114 1888 ideo
1161 1795 1314 1888 ignis
1361 1793 1596 1888 dicitur,
1629 1790 1768 1862 quia
1808 1790 2080 1888 ardorem
2113 1823 2160 1888 B
2231 1790 2364 1888 ‘Vel
2397 1792 2484 1888 ita
2510 1791 2868 1888 «disciplina
2900 1795 3024 1888 tua.
3039 1791 3286 1847 correxit
3305 1812 3334 1842 »
3360 1807 3522 1848 meos
3540 1795 3600 1848 et
3619 1790 3844 1888 docuit,

432 1875 737 1954 charitatis
783 1889 949 1964 ponit
985 1887 1047 1942 in
1087 1885 1302 1957 quibus
1342 1885 1550 1938 estzet
1588 1877 1856 1952 quamvis
1896 1877 1978 1932 ita
2006 1875 2084 1932 sit

433 1987 608 2053 altus,
633 1989 830 2039 tamen
884 1994 1000 2032 non
1049 1974 1265 2030 deserit
1293 1988 1453 2038 suos,
1479 1969 1580 2025 sed
1615 1991 1638 2018 «ι
1665 1970 1959 2040 protector
1995 1969 2086 2021 est

432 2073 697 2130 omnium
728 2064 1091 2139 sperantium
1123 2061 1183 2116 in
1211 2076 1292 2116 se.
1323 2079 1346 2109 ι

505 2159 714 2217 Nullus
744 2160 834 2213 est
871 2153 1023 2210 alius
1055 2152 1234 2217 Deus,
1265 2147 1376 2203 nisi
1418 2146 1527 2202 iste
1570 2147 1771 2200 tantus
1801 2142 2087 2199 Dominus

440 2271 462 2301 ι
498 2247 780 2324 quoniam
809 2243 943 2316 quis
965 2244 1053 2297 est
1082 2240 1238 2295 Deus
1266 2239 1475 2308 praeter
1503 2233 1840 2324 Dominum,
1867 2255 1888 2282 ο
1915 2231 1974 2287 id
1997 2236 2088 2287 est

433 2342 643 2414 printer
683 2350 818 2390 eum
871 2331 970 2404 qui
1017 2329 1100 2384 ita
1147 2323 1526 2414 dominatur?
1553 2323 1689 2388 Aut,
1720 2339 1754 2377 ο
1783 2339 1904 2389 vos,
1939 2338 2086 2414 gen-

431 2409 584 2494 tiles,
615 2447 636 2476 ι
687 2421 821 2496 quis
866 2422 958 2476 est
1003 2419 1158 2474 Deus
1217 2418 1425 2487 praeter
1482 2412 1666 2467 Deum
1717 2409 2080 2465 nostrum?»

436 2515 612 2586 Quasi
643 2513 692 2572 si
723 2529 826 2568 vos
855 2507 1173 2566 Dominum
1217 2507 1488 2559 nostrum
1519 2517 1636 2556 non
1668 2499 1917 2566 habetis,
1952 2499 2088 2554 nul-

435 2607 560 2662 lum
609 2601 924 2661 Dominum
979 2594 1230 2652 habetis.
1281 2592 1386 2648 Hic
1441 2589 1650 2662 incipit
1704 2589 1774 2644 de
1831 2587 2090 2660 potentia

436 2692 675 2751 Christi.
1077 2703 1088 2710 ‘

503 2782 714 2842 Nullus
743 2781 832 2836 est
854 2800 882 2828 ‹‹
903 2778 1059 2833 Deus
1086 2776 1293 2846 praeter
1321 2771 1502 2826 Deum
1527 2772 1812 2834 nostrum,
1838 2787 1868 2820 ι
1892 2771 1950 2822 et
1979 2767 2088 2822 iste

442 2895 471 2928 α
500 2875 654 2930 Deus
674 2873 785 2936 est,
800 2867 900 2940 qui
924 2862 1224 2938 praecinxit
1242 2876 1392 2928 me,»
1415 2859 1472 2914 id
1493 2861 1602 2924 est,
1627 2855 1974 2930 praeparavit
1995 2872 2088 2910 me

436 2959 800 3019 dominicum
830 2953 1130 3010 hominem
1153 2949 1350 3006 divina
1375 2973 1395 2999 αι
1421 2947 1633 3004 virtute
1660 2969 1680 2997 ι
1709 2947 1780 3001 ad
1820 2946 2086 3018 pugnan-

438 3052 581 3108 dum
611 3051 817 3104 contra
843 3041 1141 3098 diabolum
1175 3057 1188 3095 :
1221 3043 1278 3095 et
1305 3037 1463 3094 istud
1495 3035 1846 3108 praecingere
1879 3033 1986 3089 fuit
2015 3032 2086 3088 ab

2191 1883 2249 1935 et
2268 1879 2352 1935 sic
2367 1902 2394 1930 «
2409 1879 2666 1936 dilatasti
2684 1903 2704 1930 ιο
2723 1880 2782 1936 in
2803 1880 3122 1936 virtutibus
3141 1903 3161 1929 σ
3179 1897 3417 1952 gressus
3439 1897 3656 1949 meos,»
3673 1881 3732 1936 id
3753 1883 3848 1937 est

2192 1967 2514 2039 discipulos
2536 1985 2696 2024 meos
2720 1968 2818 2042 qui
2841 1968 3120 2024 dicuntur
3140 1969 3505 2042 gressus.Vel
3529 1970 3598 2025 de
3611 1969 3845 2025 Christo

2193 2055 2409 2112 dicitur
2454 2057 2777 2112 secundum
2805 2057 3146 2130 Apostolum
3195 2057 3486 2114 dicentem
3521 2074 3590 2113 :«
3620 2059 3701 2114 Ex
3748 2058 3848 2114 bis

2193 2162 2324 2217 quae
2354 2162 2565 2218 passus
2585 2151 2692 2214 est,
2716 2145 2923 2202 didicit
2961 2145 3353 2204 obedientiam
3377 2147 3557 2216 (Hebr.
3577 2148 3656 2218 v).
3680 2170 3708 2199 »
3743 2147 3849 2202 Di-

2193 2233 2403 2306 scipuli
2427 2235 2706 2292 dicuntur
2730 2257 2757 2287 ‹‹
2779 2253 3076 2309 gressus,»
3092 2235 3230 2308 quia
3252 2252 3358 2308 per
3379 2252 3478 2292 eos
3499 2235 3656 2292 Deus
3677 2252 3852 2291 mun-

2194 2325 2336 2380 dum
2369 2323 2715 2398 ingreditur,
2737 2329 2794 2382 et
2821 2325 2956 2382 licet
2985 2326 3068 2382 ita
3095 2325 3324 2382 dilatati
3357 2329 3571 2394 essent,
3601 2343 3717 2380 non
3749 2329 3851 2381 ta-

2195 2430 2330 2469 men
2365 2414 2798 2487 superbierunt,
2843 2415 2945 2470 sed
2986 2419 3127 2471 sunt
3158 2437 3186 2465 α
3218 2415 3428 2471 subtus
3465 2431 3578 2481 me,
3602 2435 3631 2465 »
3655 2413 3716 2468 id
3755 2417 3854 2470 est

2195 2501 2341 2558 mihi
2373 2501 2632 2576 plenarie
2651 2503 2892 2572 subditi,
2917 2509 2974 2560 et
3002 2503 3114 2577 ipsi
3147 2505 3300 2560 idem
3327 2503 3426 2575 qui
3449 2507 3654 2576 praeter
3681 2501 3850 2558 aliud

2196 2595 2336 2647 sunt
2367 2614 2394 2643 «
2424 2591 2668 2666 vestigia
2696 2609 2828 2648 mea
2856 2609 2971 2648 non
3003 2597 3143 2648 sunt
3171 2613 3200 2644 »
3233 2591 3537 2647 infirmati.

2267 2682 2337 2736 Et
2377 2698 2479 2752 per
2524 2681 2667 2736 istos
2716 2681 2864 2737 tales
2900 2697 3314 2754 «persequar»
3345 2697 3450 2753 ego
3489 2679 3853 2735 ratiocinari-

2195 2771 2270 2825 do
2300 2791 2328 2821 «
2359 2769 2631 2826 inimicos
2664 2786 2846 2839 meos,
2873 2794 2894 2820 ι
2923 2771 2981 2826 id
3011 2775 3101 2827 est
3128 2770 3228 2842 qui
3261 2768 3403 2825 mihi
3434 2767 3857 2826 contradicunt

2200 2880 2228 2910 «
2257 2863 2316 2914 et
2345 2859 2838 2932 comprehendam
2869 2858 3002 2915 illos
3024 2881 3052 2911 »
3075 2860 3135 2915 in
3175 2858 3565 2930 ratione,quia
3591 2873 3708 2912 non
3741 2857 3854 2912 ha-

2196 2948 2419 3027 hebant
2457 2947 2616 3004 intus
2648 2949 2942 3020 quomodo
2990 2949 3220 3021 possint
3265 2948 3540 3004 resistere
3569 2969 3590 2997 α
3623 2950 3680 3002 et
3727 2963 3854 3001 non

2195 3041 2534 3092 convertar»
2549 3037 2621 3094 ab
2644 3037 3038 3110 increpatione
3061 3053 3263 3092 eorum
3281 3058 3308 3088 ‹‹
3320 3037 3503 3092 donec
3522 3034 3808 3091 deﬁciant
3822 3056 3850 3085 »

439 3140 571 3212 ipsa
599 3132 995 3206 conceptione.
1030 3127 1333 3185 Praecinxit
1375 3124 1538 3192 dicit,
1561 3127 1763 3212 contra
1791 3121 2085 3212 hocquod
2119 3191 2159 3212 Π
2198 3142 2233 3180 a
2261 3130 2418 3182 secta
2448 3143 2574 3194 sua,
2608 3127 2666 3182 id
2697 3130 2786 3184 est
2815 3129 3242 3184 convertantur.

436 3191 1017 3300 sinperiusdixeratu
1039 3217 1594 3287 Praaoccupaverunt
1615 3228 1706 3266 me
1728 3209 1919 3282 laquei
1944 3191 2160 3265 mor-C
2271 3217 2562 3282 Quosdam
2620 3232 2938 3288 persequar
2977 3216 3200 3272 ratione
3247 3215 3401 3271 sicut
3457 3214 3680 3270 dictum
3731 3218 3856 3281 est,

435 3317 566 3372 tis.»
589 3313 754 3371 Sicut
773 3309 933 3367 enim
953 3304 1238 3380 originale
1257 3305 1559 3375 peccatum
1583 3303 2086 3372 praeoccupaverat

435 3405 766 3462 humanum
782 3415 969 3473 genus
989 3397 1048 3452 in
1069 3389 1556 3464 conceptione,ita
1571 3387 1825 3460 Spiritus
1841 3392 2085 3444 sanctus

432 3485 1121 3568 signiﬁcabatChristum
1168 3482 1240 3537 ab
1289 3479 1419 3568 ipsa
1466 3476 1862 3568 conceptione,
1887 3479 1944 3568 et
1981 3493 2086 3548 per

431 3563 543 3640 hoc
579 3604 600 3631 σι
645 3576 842 3653 posuit
885 3575 1041 3630 viam
1099 3586 1292 3626 meam
1339 3564 1804 3635 immaculatum,
1835 3588 1855 3613 ο
1890 3563 1948 3620 id
1993 3568 2085 3620 est

437 3669 640 3727 omnia
669 3683 844 3740 opera
873 3662 1053 3720 totius
1081 3659 1209 3715 vita:
1244 3673 1406 3712 meae.

509 3757 618 3826 Qui
649 3756 826 3813 etiam
856 3753 1014 3808 Deus
1037 3774 1058 3800 α
1091 3745 1350 3821 perfecit,
1376 3769 1398 3797 ι
1425 3743 1486 3799 id
1519 3747 1607 3799 est
1637 3743 1920 3815 perfectos
1952 3742 2086 3798 fecit

443 3868 465 3898 ι
503 3849 682 3922 pedes
713 3859 894 3908 meos,
917 3841 978 3896 id
1007 3842 1098 3894 est
1127 3836 1369 3892 affectus
1399 3849 1562 3888 meos
1592 3852 1623 3884 ι
1657 3836 1938 3903 tanquam
1969 3847 2085 3886 cer-

433 3921 662 4000 vorum,
687 3955 707 3984 ι
739 3933 798 3986 id
826 3935 918 3985 est
951 3925 1176 3982 similes
1223 3921 1430 3979 cervis.
1463 3921 1628 3977 Sicut
1676 3921 1834 3975 enim
1881 3937 2086 3976 cervus

436 4025 580 4079 vitat
608 4020 832 4094 spinas,
859 4021 918 4072 et
963 4011 1220 4070 transilit
1263 4012 1471 4078 fossas,
1513 4014 1570 4066 et
1611 4008 1804 4064 lutosa
1851 4008 1998 4074 loca,
2031 4013 2088 4064 et

439 4109 707 4168 ascendit
737 4108 795 4162 in
826 4107 1109 4168 montem,
1130 4100 1211 4156 ita
1229 4100 1496 4156 Christus
1517 4098 1757 4170 spinosa
1783 4102 1840 4152 et
1868 4098 2090 4170 pericu-

437 4200 563 4256 losa
577 4196 786 4252 delicta
797 4191 992 4250 saeculi
1001 4194 1078 4258 ,et
1091 4194 1458 4262 peccatorum
1475 4189 1666 4242 foveas
1678 4190 1878 4242 sancto
1890 4185 2089 4240 volun-

439 4288 580 4344 tatis
601 4286 812 4342 aﬂ'ectu
841 4279 1116 4349 transilit,
1139 4283 1198 4334 et
1227 4280 1299 4334 ad
1325 4277 1481 4334 celsa
1500 4275 1778 4332 caelorum
1806 4275 2085 4346 pervenit,

435 4382 494 4434 et
526 4377 635 4433 hoc
666 4379 775 4442 est,
800 4373 925 4446 ipse
953 4371 1108 4426 Deus
1133 4388 1159 4420 α
1182 4371 1447 4424 statuens
1478 4381 1572 4419 me
1601 4379 1778 4435 super
1805 4362 2082 4418 excelsa.»

509 4465 614 4522 Hic
669 4463 849 4519 etiam
907 4461 1064 4516 Deus
1097 4481 1118 4508 ι
1155 4457 1323 4512 docet
1367 4470 1528 4509 meas
1578 4468 1808 4519 manus,
1835 4476 1858 4504 ι
1894 4451 1953 4507 id
2002 4455 2091 4507 est

2192 3302 2340 3360 alios
2372 3326 2400 3354 «
2431 3304 2796 3377 confringam
2823 3325 2851 3354 »
2887 3303 2946 3358 in
2977 3302 3352 3360 tribulatione
3383 3326 3404 3354 ι
3435 3319 3541 3358 nec
3569 3305 3858 3375 poterunt

2192 3396 2350 3448 stare
2403 3414 2424 3440 ι
2479 3397 2684 3448 contra
2733 3409 2848 3458 me,
2907 3393 3008 3448 sed
3068 3391 3263 3464 potius
3319 3414 3340 3442 ι
3393 3391 3607 3447 subtus
3663 3390 3853 3462 pedes

2193 3498 2355 3536 meos
2384 3482 2664 3550 cadent,»
2697 3480 2755 3536 id
2796 3485 2885 3537 est
2929 3480 3186 3553 plenarie
3235 3479 3624 3552 subjicientur
3669 3479 3850 3534 mihi.

2193 3570 2462 3627 Ostendit
2500 3571 2654 3642 quod
2685 3569 2951 3626 Christus
2983 3571 3268 3642 quosdam
3314 3569 3426 3624 sibi
3476 3568 3850 3636 resistentes,

2193 3675 2300 3715 suo
2331 3659 2590 3714 dominio
2618 3657 3077 3730 subjiciet,nunc
3109 3659 3180 3714 de
3211 3657 3490 3722 inimicis,
3509 3657 3566 3712 id
3595 3661 3712 3723 est,
3739 3658 3857 3712 dae-

2195 3747 2490 3814 monibus,
2523 3752 2582 3802 et
2613 3746 2945 3820 specialiter
2973 3748 3044 3803 de
3073 3746 3296 3804 Judazis
3323 3744 3670 3819 ingreditur.
3693 3745 3855 3802 Con-

2193 3837 2442 3894 tinuatio
2475 3854 2488 3892 :

2268 3948 2296 3977 ‹‹
2327 3927 2651 3997 Persequar
2695 3923 2986 3992 inimicos,
3012 3947 3040 3975 »
3073 3929 3130 3980 et
3180 3929 3266 3992 tu,
3298 3923 3562 3990 Domine,
3588 3945 3618 3974 ‹‹
3649 3923 3856 3979 insur-

2195 4018 2396 4088 gentes
2428 4015 2486 4069 in
2519 4031 2685 4084 me,»
2715 4013 2770 4069 id
2803 4017 2892 4070 est
2922 4013 3186 4069 diabolos
3211 4013 3313 4085 qui
3331 4012 3604 4068 volebant
3625 4029 3726 4068 me
3757 4029 3860 4085 op—

2197 4104 2466 4176 primere,
2487 4108 2544 4160 et
2564 4119 2809 4175 regnum
2832 4103 3090 4160 obtinere
3114 4127 3142 4154 «
3165 4101 3580 4176 supplantasti,
3600 4123 3629 4152 »
3654 4101 3716 4156 id
3739 4105 3859 4170 est,

2197 4193 2512 4249 inscientes
2543 4192 2801 4264 dejecisti
2838 4193 3094 4248 «subtus
3124 4209 3238 4261 me,
3264 4213 3292 4243 »
3325 4193 3383 4248 id
3413 4196 3502 4248 est
3519 4191 3630 4247 sub
3661 4196 3860 4263 potes-

2197 4286 2315 4337 tate
2345 4298 2493 4350 mea,
2527 4281 2668 4353 quia
2699 4281 2844 4335 nihil
2877 4280 3099 4336 faciunt
3127 4279 3241 4335 nisi
3273 4279 3660 4352 permissione
3691 4279 3862 4335 Chri-

2198 4371 2273 4426 sti
2308 4387 2320 4425 :
2353 4374 2411 4426 et
2439 4369 2740 4442 praemittit
2769 4386 3008 4425 causam
3043 4387 3145 4442 per
3174 4387 3354 4442 quam
3385 4367 3646 4425 ostendit
3674 4368 3861 4424 Chri-

2199 4465 2356 4516 stum
2389 4475 2518 4516 esse
2543 4458 2810 4530 dignum,
2834 4457 2926 4513 cui
2961 4458 3391 4530 subjicerentur
3419 4457 3504 4512 illi
3526 4457 3860 4524 daemones,

439 4552 812 4628 operationes
843 4566 1006 4606 meas
1032 4571 1052 4596 α
1081 4547 1153 4603 ad
1185 4542 1450 4618 praelium
1477 4564 1498 4592 ιι
1525 4546 1728 4597 contra
1748 4539 2047 4597 diabolum
2073 4560 2086 4598 :
2121 4559 2167 4623 D
2197 4564 2332 4604 cum
2363 4547 2507 4604 dicit,
2539 4565 2552 4603 τ

435 4649 494 4700 et
522 4647 607 4710 tu,
633 4639 904 4707 Domine,
929 4657 960 4690 α
991 4633 1296 4710 posuisti,»
1321 4636 1384 4688 tu
1410 4631 1539 4686 dico
1561 4629 1661 4702 qui
1691 4629 1868 4686 talem
1902 4629 2091 4686 fecisti

436 4745 747 4805 personam
792 4743 986 4783 meam
1027 4721 1324 4797 propriam
1347 4741 1376 4770 «
1407 4718 1646 4775 brachia
1685 4734 1837 4786 mea,
1861 4740 1890 4770 »
1912 4717 1968 4773 id
2002 4722 2092 4775 est

435 4820 566 4876 illos
594 4834 696 4892 per
717 4833 864 4889 quos
887 4831 1094 4886 operor
1122 4828 1227 4884 ego
1254 4832 1275 4860 α
1304 4813 1368 4864 ut
1388 4825 1589 4864 arcum
1629 4824 1897 4864 aereum.-
1925 4807 2090 4864 Sicut

435 4909 487 4966 si
535 4923 710 4964 arcus
755 4921 939 4960 aereus
987 4905 1144 4958 esset
1191 4899 1294 4972 qui
1344 4897 1603 4954 mitteret
1650 4895 1915 4968 sagittas,
1949 4897 2090 4968 quia

437 5015 646 5064 terens,
675 4990 1061 5066 infatigabilis
1109 4992 1310 5046 esset:
1343 4986 1427 5042 sic
1482 4984 1724 5041 brachia
1767 4985 1984 5041 Christi
2030 4989 2089 5042 et

437 5087 683 5159 sagittas
715 5083 960 5139 mittunt
989 5079 1206 5152 quibus
1235 5075 1542 5132 vulnerant
1561 5073 1736 5128 corda
1756 5073 2084 5144 hominum,

435 5179 494 5230 et
522 5170 913 5246 iufatigabilia
944 5172 1102 5225 sunt.

509 5261 763 5318 Posuisti
795 5263 853 5316 et
885 5281 913 5311 «
944 5257 1157 5314 dedisti
1189 5252 1335 5309 mihi
1379 5247 1818 5323 protectionem,
1845 5272 1870 5300 »
1905 5249 1964 5305 id
1999 5255 2092 5308 est

439 5350 860 5416 defensionem,
885 5364 1012 5421 qua:
1042 5349 1133 5402 est
1161 5358 1342 5398 causa
1363 5361 1390 5391 «
1421 5337 1630 5394 salutis
1663 5341 1773 5392 tuae
1796 5360 1822 5387 ››
1849 5338 1906 5393 id
1939 5344 2030 5394 est
2057 5357 2092 5396 a

437 5443 493 5494 te
524 5438 725 5505 duae,-
759 5440 818 5492 et
841 5436 1074 5492 dextera
1103 5436 1266 5499 tua,»
1295 5430 1351 5485 id
1384 5431 1473 5484 est
1505 5425 1684 5482 Filius
1714 5429 1872 5494 tuus,
1903 5448 1924 5478 ι
1952 5444 2090 5484 sus-

439 5525 594 5599 cepit
615 5542 730 5593 me,
753 5523 1115 5582 dominicum
1147 5519 1466 5575 hominem.
1492 5514 1639 5582 Quia
1670 5514 1937 5571 dicturus
1967 5522 2091 5574 erat

439 5615 595 5688 quod
628 5613 896 5674 Christus
947 5628 1050 5686 per
1099 5626 1240 5669 suos
1285 5609 1542 5666 vinceret
1588 5603 1754 5678 alios,
1789 5605 2090 5679 praemittit

2275 4659 2303 4687 «
2317 4634 2672 4693 Prmcinxisti
2693 4651 2786 4691 me
2801 4636 3055 4692 virtute»
3071 4636 3305 4692 deitatis
3322 4657 3350 4685 «
3363 4636 3434 4692 ad
3457 4633 3814 4691 bellandum
3830 4655 3862 4684 »ι

2198 4729 2401 4782 contra
2429 4725 2722 4782 daemones
2745 4728 2804 4782 et
2825 4746 2854 4775 ‹‹
2887 4724 3156 4780 inimicos
3187 4740 3350 4781 meos
3370 4745 3399 4775 »
3421 4723 3658 4781 Judaeos
3690 4723 3867 4779 scili-

2197 4813 2424 4886 cet,qui
2471 4813 2752 4870 dicuntur
2778 4811 3073 4886 spiritales
3105 4813 3326 4868 inimici
3357 4811 3594 4880 Christi,
3629 4812 3871 4884 partim

2199 4925 2228 4953 «
2248 4903 2459 4959 dedisti
2481 4901 2625 4958 mihi
2649 4903 2946 4970 dorsum,»
2964 4902 3022 4957 id
3042 4907 3132 4958 est
3148 4919 3430 4974 sequaces
3450 4918 3613 4958 meos
3634 4901 3868 4958 fecisti.

2197 4991 2361 5046 Sicut
2380 4989 2536 5046 enim
2560 4989 2765 5045 famuli
2785 4990 3067 5045 dicuntur
3084 4990 3326 5046 dorsum
3347 4989 3747 5061 domini,quia
3773 5005 3875 5046 se-

2196 5082 2460 5150 quuntur
2478 5095 2613 5134 eum
2646 5095 2680 5134 a
2697 5079 2890 5145 dorso,
2913 5079 3000 5135 sic
3019 5095 3300 5151 sequaces
3319 5078 3534 5136 Christi
3565 5079 3875 5134 dicuntur

2197 5167 2440 5222 dorsum
2476 5183 2488 5222 :
2521 5171 2578 5222 et
2605 5167 2819 5239 partim
2843 5189 2871 5218 ‹‹
2901 5167 3303 5240 disperdidisti
3329 5189 3352 5218 ι
3385 5167 3488 5224 sed
3523 5190 3545 5218 ι
3580 5167 3876 5225 odientes

2198 5272 2314 5323 me,
2339 5276 2366 5306 ››
2399 5254 2458 5310 id
2484 5258 2573 5311 est
2599 5255 2732 5311 illos
2759 5255 2862 5327 qui
2891 5255 3149 5313 indurati
3181 5261 3321 5312 sunt
3347 5256 3408 5311 in
3436 5255 3569 5312 odio
3600 5254 3744 5309 mei.

2273 5366 2300 5396 ‹‹
2316 5343 2751 5417 Disperdidisti,
2773 5367 2800 5395 »
2824 5349 2882 5400 et
2901 5345 2960 5400 in
2991 5345 3092 5400 illa
3119 5345 3482 5418 dispersione
3505 5365 3535 5396 «
3555 5341 3879 5401 clamave-

2201 5438 2385 5490 runt»
2411 5438 2477 5490 ut
2505 5433 2894 5490 liberarentur
2915 5455 2943 5485 «
2967 5451 3073 5490 nec
3102 5439 3226 5491 erat
3246 5456 3275 5487 »
3299 5435 3452 5490 inter
3469 5450 3570 5490 eos
3590 5432 3692 5505 qui
3725 5433 3883 5490 sal-

2198 5539 2301 5578 vos
2322 5524 2590 5591 faceret,»
2613 5522 2754 5594 quia
2783 5523 2901 5579 dux
2929 5539 3132 5579 eorum
3163 5528 3289 5580 erat
3317 5522 3608 5588 diabolus,
3621 5519 3727 5594 qui
3753 5539 3884 5581 eos

2198 5609 2443 5668 liberare
2463 5629 2577 5670 non
2601 5615 2853 5684 poterat;
2882 5634 2910 5664 «
2932 5611 3336 5670 clamaverunt
3352 5613 3528 5669 etiam
3555 5611 3630 5669 ad
3654 5609 3889 5670 Domi-
