4070 6180
404 321 525 384 259

818 316 1231 379 HAYMONIS
1275 311 1817 376 HALBERSTAT.
1849 310 2094 374 EPISC.
2127 312 2299 374 OPP.
2331 309 2536 374 PARS
2565 311 2616 372 Ι.
2650 346 2726 356 —
2756 308 3167 374 COMMENT.
3200 306 3396 384 BIBL,

3697 308 3812 370 260

479 475 509 508 α
529 451 881 510 Lzstabimus
907 470 931 492 η
963 464 1070 520 ego
1101 451 1158 503 et
1188 446 1292 502 ﬁlii
1343 444 1631 513 Ecclesiae,
1666 461 1916 517 quorum
1949 461 2055 518 ego
2084 446 2142 512 Α
2169 443 2563 500 Christumita
2583 443 2904 518 gloriosum
2921 447 2980 498 et
2997 444 3291 515 potentem
3320 439 3597 508 ostendit,
3616 417 3813 496 admo-

407 561 541 602 sum
574 557 729 598 unus
753 561 780 589 ‹‹
803 539 863 593 in
897 536 1141 593 salutari
1175 539 1328 604 tuo,»
1353 533 1414 590 id
1447 537 1538 589 est
1565 532 1624 588 in
1655 533 1795 589 Jesu
1825 537 1925 588 tuo
1961 556 1982 582 α
2005 537 2064 589 et

407 628 944 705 magniﬁcabimus,
979 649 1003 674 »
1028 625 1082 680 id
1106 627 1216 693 est,
1242 622 1442 698 magni
1472 621 1798 680 efﬂeiemur
1827 621 1926 676 «in
1958 637 2061 676 no-

405 722 563 777 mine
588 747 610 771 »
638 715 870 774 Domini
912 737 940 765 «
974 714 1075 769 Dei
1101 713 1310 781 nostri,
1334 740 1359 765 ι»
1379 713 1437 768 id
1457 717 1547 768 est
1568 712 1723 784 quod
1747 711 1805 766 in
1823 709 1934 766 hoc
1956 727 2061 766 saa-

403 807 535 864 culo
562 823 774 863 nomen
797 806 926 876 ejus
948 801 1398 875 portabimus,id
1434 805 1526 856 est
1552 799 1869 856 Christiani
1901 815 2065 854 voca-

402 898 621 952 bimur.

471 986 620 1052 Quia
640 983 933 1056 particeps
953 997 1074 1047 ero,
1100 980 1227 1034 ideo
1249 982 1406 1051 opto,
1431 982 1498 1033 ut
1519 995 1637 1033 non
1661 981 1892 1033 tantum
1917 994 2060 1048 prae-

400 1075 588 1131 dictas
610 1070 1050 1146 petitiones,sed
1078 1087 1101 1112 «ι
1116 1084 1321 1124 omnes
1346 1067 1656 1139 petitiones
1670 1070 1804 1134 tuas
1820 1065 2064 1138 impleat

405 1184 432 1215 α
451 1162 769 1228 Dominus;
797 1181 824 1209 »
849 1159 1003 1230 quod
1026 1157 1200 1213 toties
1223 1155 1389 1228 ponit
1417 1154 2058 1227 optationes,ati‘ectum

400 1267 520 1307 suae
533 1249 769 1323 pietatis
781 1244 1917 1318 ostendit.Hicincipitconﬁrmarc,quia
1929 1258 2060 1298 vere

401 1357 470 1397 ea
493 1337 730 1412 propria
757 1334 1024 1392 evenient
1054 1333 1345 1401 Ecclesiae,
1380 1351 1507 1406 qua:
1539 1337 1840 1405 optaverat
1868 1331 2059 1388 Eccle-

407 1429 526 1485 sim.
557 1428 706 1500 Opto
737 1423 1000 1498 impleat,
1033 1427 1090 1477 et
1118 1424 1347 1478 afﬁrmo
1399 1423 1556 1494 quod
1601 1421 1889 1494 implebit,
1921 1419 2062 1493 quia

408 1548 433 1574 ,ι
453 1532 665 1587 nunc,»
679 1515 858 1582 idest,
883 1517 1050 1568 tanto
1072 1516 1333 1583 tempore
1345 1517 1480 1568 ante
1497 1511 1813 1566 adventum
1845 1509 2060 1565 Christi

413 1629 435 1658 α
469 1604 732 1678 cognovi,
793 1618 973 1675 quam
1031 1600 1258 1658 salvum
1318 1600 1456 1656 fecit
1507 1600 1850 1656 Dominus»
1893 1599 2062 1654 Pater

413 1721 439 1747 α
456 1692 810 1759 Christum,»
841 1690 902 1746 id
931 1693 1022 1746 est
1050 1705 1245 1763 regem
1260 1705 1516 1744 «suum»
1530 1688 1590 1744 in
1613 1690 2057 1745 resurrectione.

409 1779 786 1840 Continuatio
821 1796 834 1834 :

471 1870 710 1928 Salvum
759 1867 934 1924 faciet
961 1866 1023 1922 in
1056 1865 1486 1923 resurrectione
1517 1869 1575 1922 et
1605 1865 1968 1934 ascensione,
2001 1869 2060 1921 et

398 1961 577 2019 etiam
609 1989 634 2014 ‹‹
664 1957 934 2015 exaudiet
963 1955 1132 2012 illum
1153 1981 1182 2012 ο
1214 1955 1569 2012 clamantem
1617 1973 1722 2028 pro
1759 1955 1932 2011 nobis
1963 1971 2058 2010 re-

402 2047 849 2121 praesentatione
868 2043 1260 2101 humanitatis
1273 2063 1300 2094 α
1313 2045 1384 2100 de
1408 2043 1606 2112 cmlo,»
1621 2043 1678 2100 id
1691 2044 1864 2100 estde
1884 2059 2060 2099 carne

404 2135 627 2205 aua,vel
649 2137 720 2191 de
741 2135 884 2191 coelo
904 2132 1192 2190 materiali
1217 2162 1241 2186 (ι
1264 2137 1468 2189 sancto
1499 2149 1605 2189 suo
1627 2161 1652 2186 »ι
1676 2132 1814 2205 quia
1842 2154 1870 2186 ε
1886 2131 2049 2188 salus

403 2229 493 2283 cst
512 2225 758 2281 dextera:
790 2224 972 2296 ejus,»
1004 2222 1062 2277 id
1093 2225 1183 2277 est
1213 2221 1342 2277 Filii
1365 2223 1518 2294 ejus.
1538 2222 1667 2294 Ipse
1696 2221 1853 2276 enim
1875 2220 2056 2276 totius

404 2313 616 2372 salutis
635 2313 802 2369 dator
820 2316 933 2380 est,
953 2315 1012 2368 et
1032 2311 1135 2367 illa
1157 2311 1319 2367 salus
1342 2327 1454 2366 non
1476 2314 1566 2368 est
1600 2311 1659 2364 in
1691 2309 2052 2378 inﬁrmitate,

403 2405 508 2462 sed
539 2422 566 2454 α
588 2401 648 2458 in
675 2401 1099 2476 potentatibus,
1132 2421 1157 2446 »
1190 2400 1250 2456 id
1283 2404 1372 2456 est
1401 2400 1460 2454 in
1492 2398 1724 2472 magnis
1753 2397 2051 2471 potentiis,

407 2510 524 2567 qua
554 2491 714 2548 nullo
745 2491 920 2546 modo
951 2492 1141 2562 potest
1169 2488 1387 2546 destrui
1419 2489 1574 2545 sicut
1599 2488 1728 2544 laus
1771 2487 2051 2544 humana.

426 2590 436 2603 ‘
476 2581 649 2638 Salus
670 2580 842 2636 istius
863 2577 1202 2634 Dominiest
1223 2579 1282 2634 in
1305 2577 1726 2650 potentatibus,
1746 2577 1842 2632 sed
1879 2606 1902 2630 α
1935 2575 1994 2630 hi
2024 2600 2052 2632 ο

405 2688 520 2726 non
544 2669 912 2724 attendentes
933 2665 1619 2740 gloriantur,scilicet«in
1651 2665 1920 2721 curribus
1939 2684 1967 2715 ιι
1997 2667 2056 2720 et

405 2759 462 2814 .‘ii
488 2757 586 2814 alii
609 2757 707 2812 «in
729 2757 934 2830 equis»
959 2761 1018 2811 et
1033 2773 1138 2828 per
1155 2773 1365 2812 currus
1385 2759 1444 2810 et
1461 2771 1644 2828 equos
1684 2757 1848 2810 notat
1877 2753 2056 2808 maxi-

405 2865 534 2905 mos
555 2844 1056 2914 honores,scilicet
1073 2845 1190 2900 duo
1201 2860 1416 2917 genera
1425 2843 1858 2916 triumphorum
1875 2859 1890 2898 :
1908 2870 1931 2893 ‹‹
1947 2859 2054 2898 nos

404 2941 599 2992 autem
624 2935 1066 2992 invocabimus-
1097 2933 1486 2989 habitatorem
1518 2937 1786 2988 nostrum
1810 2949 1835 2974 σι
1859 2931 1916 2986 in
1948 2947 2050 2987 no-

404 3025 564 3080 mine
587 3024 700 3080 .Dei
732 3023 936 3085 nostri,
970 3049 995 3074 ιο
1027 3022 1086 3076 id
1117 3026 1205 3078 est
1235 3039 1338 3094 per
1365 3022 1476 3077 hoc
1505 3022 1661 3094 quod
1688 3024 1916 3077 tantum
1951 3019 2052 3076 Dei

406 3130 620 3168 nomen
640 3111 1056 3177 habemus,sed
1076 3109 1390 3165 Christiani
1412 3127 1690 3165 vocamur
1704 3126 1716 3165 :
1730 3109 1818 3164 vel
1834 3111 2051 3164 famam

2170 537 2268 589 net
2286 533 2540 602 Judaaos,
2567 537 2684 589 uta
2703 551 2813 590 sua
2842 530 3184 587 inﬁdelitate
3212 530 3543 586 discedant:
3566 529 3819 587 deterret

2169 625 2228 678 et
2247 638 2367 689 eos,
2391 622 2750 678 conﬁrmans
2781 621 2935 694 quod
2970 620 3096 693 ipse
3124 635 3264 675 suos
3293 617 3566 675 inimicos
3596 619 3817 692 puniet,

2171 727 2307 766 cum
2338 710 2512 766 dicit:
2531 732 2554 756 ιι
2569 711 2753 766 Penes
2775 726 2874 765 eos
2895 713 2962 764 ut
2988 707 3288 764 clibanum
3309 707 3519 781 ignis.»
3535 707 3608 764 Et
3623 707 3695 762 ad
3715 707 3823 762 vi»

2171 800 2314 855 tutis
2346 799 2797 872 descriptionem
2822 797 2906 854 sic
2935 797 3160 870 incipit,
3189 801 3247 852 et
3277 797 3348 852 ad
3380 797 3564 852 Deum
3593 796 3822 854 Patrem

2172 888 2374 962 dirigit
2399 889 2744 956 orationem,
2777 887 2862 944 sic
2891 888 3092 944 dicens
3122 903 3137 942 :
3174 905 3200 931 οι
3231 885 3497 953 Domine,
3529 902 3629 941 rex
3654 910 3680 936 ιι
3713 886 3824 942 ista

2169 977 2440 1034 Christus
2479 976 2701 1033 scilicet
2733 1000 2758 1024 σι
2787 975 3084 1032 laetabitur
3111 999 3136 1023 ι»
3171 991 3286 1031 non
3315 973 3476 1030 velut
3503 972 3602 1030 alii
3634 989 3821 1048 reges,

2171 1066 2270 1138 qui
2288 1065 2604 1139 aliquando
2622 1067 2839 1122 cedunt
2867 1063 3264 1132 hostibus,sed
3290 1088 3315 1113 κ
3338 1062 3399 1118 in
3427 1062 3644 1119 virtute
3673 1066 3780 1120 tua
3797 1084 3820 1113 ι

2167 1155 2229 1211 in
2246 1157 2448 1212 eadem
2467 1155 2726 1228 potentia
2747 1171 2924 1228 quam
2953 1160 3011 1210 tu
3033 1154 3218 1210 habes
3243 1170 3346 1226 per
3375 1153 3720 1224 adjunctam
3748 1151 3826 1208 di-

2167 1243 2472 1300 vinitatem
2498 1260 2511 1300 :
2546 1244 2650 1299 tibi
2680 1245 2856 1300 etiam
2889 1261 2987 1299 rex
3018 1242 3114 1299 ille
3143 1263 3166 1294 ιι
3184 1241 3537 1299 exsultabit»
3560 1257 3828 1314 corpora-

2169 1330 2303 1388 liter
2331 1360 2354 1384 ιι
2387 1351 2566 1406 super
2619 1332 2864 1389 salutari
2919 1336 3042 1401 tuo,
3077 1351 3102 1377 »
3133 1331 3192 1386 id
3224 1335 3334 1400 est,
3363 1331 3438 1386 de
3481 1329 3825 1399 salvatione,

2169 1439 2348 1496 quam
2379 1428 2442 1480 tu
2473 1441 2576 1496 per
2603 1440 2740 1480 eum
2771 1423 2949 1480 facies
2978 1422 3238 1478 humano
3269 1420 3496 1494 generi:
3528 1419 3620 1477 vel
3642 1420 3831 1477 inten-

2168 1512 2314 1568 dens
2340 1529 2521 1585 supra
2548 1511 2805 1569 salutare
2834 1515 3004 1568 tuum
3037 1538 3062 1563 «
3094 1509 3523 1566 vehementer.»
3556 1509 3714 1566 Bene
3745 1507 3829 1564 di-

2169 1599 2268 1670 cit,
2302 1606 2368 1658 ut
2395 1606 2616 1675 quanta
2644 1601 2722 1657 sit
2749 1601 2916 1674 copia
2947 1601 3006 1656 in
3038 1599 3342 1669 beneﬁcio,
3375 1602 3544 1655 tanta
3579 1597 3660 1654 sit
3686 1613 3834 1672 gan-

2169 1689 2251 1746 dii
2281 1691 2645 1764 magnitudo.

2241 1778 2570 1836 Exsultabit
2589 1782 2648 1835 et
2669 1778 2900 1848 merito,
2919 1777 3059 1851 quia
3078 1782 3143 1834 tu
3170 1798 3195 1824 ει
3219 1775 3481 1834 tribuisti
3511 1775 3564 1832 ei
3595 1775 3832 1833 deside-

2170 1869 2325 1924 rium
2351 1869 2546 1925 cordis
2573 1869 2723 1941 ejus.
2759 1885 2788 1916 »
2817 1867 3135 1942 Spirituale
3185 1865 3402 1922 Christi
3458 1863 3829 1922 desiderium

2167 1959 2278 2014 fuit
2301 1975 2314 2013 :
2339 1962 2405 2014 ut
2424 1974 2528 2032 per
2547 1962 2796 2015 mortem
2817 1975 2986 2014 suam
3020 1957 3349 2012 humanum
3370 1971 3560 2028 genus
3580 1953 3836 2012 redimo

2167 2046 2423 2102 ret.Cum
2457 2062 2630 2103 omne
2659 2045 3020 2102 desiderium
3038 2043 3482 2112 sitcordis,ideo
3512 2047 3717 2099 tamen
3738 2059 3835 2116 ap-

2166 2135 2638 2208 ponitcordis,ut
2653 2134 2843 2210 magis
2865 2134 3224 2192 desiderium
3257 2149 3362 2206 per
3388 2131 3833 2206 expressionem
3905 2139 3909 2141 ’

2167 2223 2507 2291 notet,sicut
2535 2224 2593 2280 in
2626 2223 2937 2296 Evangelio
2962 2239 2976 2277 :
3004 2246 3028 2270 ιι
3053 2220 3352 2278 Desiderio
3387 2220 3716 2278 desideravi
3758 2236 3774 2274 :
3809 2249 3832 2273 ι.

2164 2317 2222 2370 et
2241 2313 2416 2369 etiam
2443 2331 2478 2369 a
2508 2337 2537 2369 α
2563 2313 2861 2370 voluntate
2878 2341 2902 2367 η
2937 2310 3188 2384 spiritali
3219 2310 3461 2383 quidem
3489 2308 3831 2366 «labiorum

2163 2403 2312 2473 ejus,
2329 2423 2353 2448 »
2385 2402 2443 2458 id
2477 2406 2585 2472 est,
2620 2418 2797 2475 quam
2827 2401 2952 2474 ipse
2984 2415 3090 2472 per
3123 2398 3278 2456 labia
3307 2398 3639 2472 proferebat
3659 2413 3686 2444 ο
3707 2414 3832 2454 non

2163 2491 2469 2560 fraudasti,
2525 2511 2550 2536 ιθ
2613 2492 2672 2547 id
2711 2495 2820 2559 est,
2879 2489 3028 2546 nihil
3078 2487 3367 2545 remansit
3431 2486 3834 2562 inexpletum,

2163 2579 2320 2651 quod
2359 2578 2483 2652 ipse
2507 2578 2849 2653 spiritaliter
2874 2581 3093 2651 peteret
3124 2594 3138 2632 :
3171 2575 3261 2632 vel
3293 2575 3342 2632 si
3373 2575 3685 2642 habeatur,
3717 2592 3826 2632 vo-

2161 2667 2469 2736 luntatem,
2502 2668 2768 2724 dicemus
2798 2685 2822 2710 «
2855 2685 2972 2724 non
3003 2665 3287 2723 fraudasti
3322 2681 3459 2721 eum
3487 2681 3512 2707 ι
3548 2664 3826 2737 negando

2159 2757 2519 2814 voluntatem
2550 2757 2624 2813 ei.

2233 2847 2305 2902 Et
2324 2847 2530 2903 merito
2559 2845 2819 2901 tribuisti
2867 2845 2996 2916 ejus
3027 2843 3385 2900 desiderium
3419 2855 3440 2882 ι
3472 2841 3767 2914 quoniam
3799 2865 3826 2896 ι

2161 2941 2225 2992 tu
2257 2951 2285 2984 α
2315 2935 2641 3008 praevenisti
2672 2950 2808 2990 eum
2831 2951 2856 2977 η
2889 2937 3023 2989 ante
3080 2932 3442 2988 nativitatem
3473 2946 3502 2979 α
3528 2929 3592 2986 in
3641 2931 3822 2988 bene-

2161 3024 2572 3093 dictionibus,»
2605 3023 2828 3080 scilicet
2847 3021 2993 3077 dans
3011 3020 3094 3077 illi
3118 3019 3572 3088 benedictiones,
3592 3018 3824 3077 faelens

2158 3111 2486 3170 immunem
2509 3131 2542 3169 a
2562 3110 3151 3184 peccato,perfectum
3167 3108 3560 3181 justitia,quae
3593 3112 3830 3166 nostra-

406 3201 594 3272 ipsius
623 3199 910 3254 habemus
939 3197 1066 3253 sine
1094 3197 1424 3270 cognitione
1454 3197 1740 3254 essentize.
1767 3197 1884 3269 lpsi
1913 3200 2056 3252 sunt
2084 3185 2128 3255 C
2164 3219 2295 3257 rum
2325 3218 2558 3274 quoque
2605 3199 3080 3256 benedictionum
3129 3215 3309 3254 causa
3337 3198 3597 3253 fuerunt.
3633 3197 3827 3254 Bene-

408 3289 466 3344 in
518 3287 790 3342 curribus
836 3289 894 3341 et
936 3287 996 3340 in
1047 3285 1236 3358 equis,
1259 3290 1315 3342 et
1345 3301 1454 3342 nos
1480 3285 1768 3341 habemus
1797 3302 1961 3358 spem
1993 3285 2054 3340 in

408 3376 742 3443 Domino,et
757 3373 858 3429 illa
874 3374 1149 3448 superbia
1166 3373 1284 3430 illis
1305 3375 1379 3430 ad
1402 3373 1624 3429 malum
1639 3375 2055 3445 evenit,nostra

407 3469 602 3523 autem
633 3463 938 3520 humilitas
966 3463 1025 3518 in
1059 3463 1278 3519 bonum
1303 3461 1492 3518 nobis.
1526 3464 1597 3518 Et
1626 3462 1734 3519 hoc
1763 3468 1873 3520 est.

477 3584 501 3608 «ε
525 3553 641 3627 Ipsi
673 3551 914 3625 obligati
946 3556 1086 3610 sunt
1115 3572 1140 3596 η
1173 3552 1233 3606 in
1263 3551 1497 3608 vinculo
1540 3557 1912 3624 peccatorum
1943 3577 1969 3602 σι
1998 3555 2056 3609 et

406 3642 744 3701 ceciderunt
774 3669 800 3696 ιο
831 3641 904 3699 de
930 3642 1069 3698 vitio
1101 3641 1157 3696 in
1189 3641 1397 3696 vitium
1425 3659 1438 3709 ;
1473 3669 1499 3694 α
1526 3658 1634 3698 nos
1679 3645 1876 3698 autem
1922 3659 2052 3698 sur-

405 3731 665 3790 reximus
696 3755 720 3780 υ
753 3748 788 3788 a
817 3731 1068 3804 peccatis
1115 3731 1186 3786 ad
1233 3729 1482 3786 virtutes
1516 3748 1529 3786 :
1561 3735 1620 3787 et
1649 3747 1764 3787 non
1812 3730 1923 3786 fuit
1951 3729 2054 3786 illa

405 3820 755 3879 resurrectio
776 3838 881 3894 per
899 3819 1320 3893 aequalitatem,
1340 3837 1447 3876 nec
1463 3820 1574 3876 fuit
1597 3820 2050 3894 qualiscunque,

403 3911 626 3967 scilicet
653 3912 725 3966 de
757 3927 873 3966 uno
905 3910 978 3964 ad
1009 3909 1280 3977 alterum,
1313 3913 1372 3966 et
1413 3909 1524 3966 hoc
1570 3913 1660 3966 cst
1693 3933 1714 3960 ι
1750 3910 1924 3967 erecti
1957 3928 2054 3967 su-

406 4016 556 4056 mus.
595 4015 618 4041 ι»
652 3998 906 4052 Dicendo
935 3999 1320 4068 surreximus,
1353 4002 1518 4056 notat
1555 4000 1782 4057 arbitrii
1816 4001 2050 4058 liberta-

401 4089 543 4143 tem.
576 4085 831 4140 Dicendo
859 4086 1033 4142 erecti
1065 4103 1296 4156 sumus,
1332 4093 1499 4146 notat
1527 4091 1780 4162 gratiam
1813 4091 2051 4163 adjutri-

405 4191 552 4232 cem.

475 4266 546 4321 Et
566 4265 746 4322 istum
777 4281 971 4340 regem
1005 4267 1103 4338 qui
1135 4265 1282 4322 tales
1326 4284 1433 4324 nos
1457 4268 1610 4338 facit,
1642 4286 1716 4326 ne
1745 4272 2052 4343 permittas

406 4360 594 4412 morte
629 4355 1012 4422 detineri,sed
1035 4360 1122 4424 tu,
1155 4355 1692 4424 «Domine,salvum
1714 4359 1804 4414 fac
1825 4379 1850 4402 »
1881 4359 2051 4415 illum

412 4463 437 4495 ι
469 4461 663 4518 regem
693 4461 721 4491 υ
753 4443 1157 4500 resuscitando
1187 4444 1382 4516 ipsum
1419 4461 1434 4500 :
1467 4449 1524 4500 et
1555 4463 1658 4518 per
1682 4445 1850 4503 illum
1873 4447 2056 4504 salva-

2162 3289 2518 3346 dictionibus
2548 3289 2678 3345 dico
2709 3305 2738 3336 α
2757 3287 3124 3344 dulcedinis!
3147 3286 3285 3360 quia
3311 3285 3450 3359 ipsis
3480 3283 3691 3342 dulces
3705 3285 3832 3342 fue-

2163 3383 2302 3434 runt
2329 3377 2576 3446 Christo,
2610 3376 2750 3450 quia
2779 3393 3011 3450 semper
3040 3376 3266 3450 puritas
3292 3393 3412 3432 sua:
3441 3374 3824 3433 conscientias

2159 3466 2400 3540 placuit.
2433 3467 2596 3534 Quod
2624 3465 2765 3522 dicit
2794 3465 3094 3522 Christum
3127 3468 3485 3538 praeventum
3506 3461 3696 3521 tuisse
3729 3464 3831 3522 be-

2161 3555 2593 3614 nedictionibus
2621 3554 2969 3625 dulcedinis,
3003 3554 3147 3611 dicit
3175 3554 3248 3610 ad
3279 3552 3678 3609 differentiam
3700 3552 3829 3610 illo-

2161 3663 2292 3702 rum
2323 3645 2422 3718 qui
2449 3643 2724 3718 praeventi
2770 3647 2911 3700 sunt
2940 3641 3348 3700 maledictione
3377 3641 3824 3712 amaritudinis,

2158 3735 2217 3791 id
2277 3739 2384 3803 est,
2445 3737 2678 3807 peccato
2730 3731 3022 3806 originali.
3083 3730 3252 3787 Ponit
3317 3729 3494 3786 aliam
3567 3727 3824 3803 gloriam

2159 3822 2635 3894 Christi,dicens:
2673 3817 3368 3894 «posuistinmternaliter
3397 3835 3423 3860 «ι
3447 3817 3509 3874 in
3541 3817 3760 3892 capite,
3796 3847 3823 3873 ιι

2160 3913 2218 3969 id
2241 3916 2349 3979 est,
2372 3910 2433 3966 in
2487 3909 2724 3984 propria
2778 3925 3028 3982 persona
3081 3906 3296 3963 Christi
3345 3922 3476 3978 quae
3521 3910 3613 3963 est
3641 3912 3826 3981 caput

2119 4043 2136 4053 .
2159 4001 2341 4058 totius
2359 3998 2591 4066 Christi,
2611 3996 2852 4066 scilicet,
2875 3995 3108 4068 dignior
3127 4012 3265 4069 pars
3285 3995 3347 4051 in
3376 3997 3500 4051 toto
3530 3994 3772 4052 Christo
3807 4012 3820 4052 :

2160 4095 2320 4147 totus
2339 4087 2610 4145 Christus
2629 4085 2844 4142 dicitur
2863 4088 3040 4158 caput
3062 4088 3120 4141 et
3132 4101 3346 4158 corpus
3377 4099 3392 4138 :
3421 4101 3448 4127 α
3478 4099 3766 4141 coronam
3797 4114 3822 4140 ι

2160 4180 2219 4237 id
2241 4182 2352 4250 est,
2371 4173 2684 4250 apostolos,
2710 4173 2809 4246 qui
2833 4173 2962 4230 ideo
2992 4189 3206 4229 corona
3235 4171 3534 4241 dicuntur,
3568 4171 3714 4244 quia
3741 4173 3824 4229 si-

2161 4273 2261 4326 cut
2315 4282 2530 4324 corona
2583 4263 2775 4320 reddit
2844 4277 3156 4336 personam
3238 4260 3557 4334 insignem,
3617 4265 3680 4318 et
3731 4264 3828 4318 est

2161 4357 2467 4432 praemium
2497 4351 2748 4410 victoriae
2782 4369 2797 4409 :
2833 4356 2892 4408 et
2921 4350 3021 4407 illa
3049 4367 3264 4408 corona
3319 4349 3432 4406 fuit
3462 4369 3488 4396 α
3515 4349 3590 4406 de
3620 4347 3828 4422 lapide

2161 4446 2435 4520 pretioso.
2463 4458 2491 4490 π
2520 4440 2782 4516 Apostoli
2829 4444 3068 4513 propter
3113 4439 3470 4496 soliditatem
3499 4441 3558 4494 et
3586 4437 3828 4494 stabili-

405 4538 534 4590 tum
557 4556 585 4587 α
604 4533 814 4589 exaudi
839 4550 946 4588 nos
966 4533 1026 4588 in
1049 4533 1141 4589 die
1161 4550 1280 4606 qua
1295 4532 1778 4608 invocaverimus,
1793 4562 1817 4587 ιι
1851 4538 1909 4594 id
1939 4543 2046 4607 est,
2082 4553 2129 4620 ι)
2158 4534 2579 4607 tatemlapides
2595 4529 2993 4620 appellantur:
3009 4527 3515 4620 pretiosi_,propter
3526 4525 3827 4620 virtutum

404 4622 466 4678 in
507 4626 768 4694 tempore
824 4621 1128 4693 praesentis
1182 4622 1332 4689 vitae,
1365 4621 1425 4676 in
1457 4639 1574 4695 quo
1603 4623 1738 4680 licet
1762 4625 2048 4684 invocare.

403 4709 507 4766 Vel
524 4709 812 4782 praecipue
831 4711 891 4766 in
922 4710 1016 4766 die
1045 4711 1510 4782 resurrectionis,
1533 4714 1748 4786 ereptis
1783 4715 2054 4775 fidelibus

405 4816 440 4856 a
468 4798 727 4855 tenebris
751 4799 977 4856 mortis.

919 4941 993 4996 IN
1035 4940 1382 4998 PSALMUM
1420 4942 1534 4999 XX.

459 5050 735 5106 Trruws.
769 5049 832 5104 In
858 5049 1046 5120 ﬁnem,
1076 5065 1172 5104 seu
1202 5050 1413 5114 victori,
1444 5051 1587 5106 alias
1615 5053 1686 5108 ad
1715 5055 1999 5112 victoriam

989 5122 1235 5193 psalmus
1269 5121 1461 5177 David.

481 5267 504 5290 «ι
527 5243 791 5312 Domine,
825 5245 885 5301 in
918 5246 1132 5302 virtute
1153 5264 1177 5289 ιι
1211 5244 1456 5302 materia
1503 5250 1591 5302 cst
1633 5248 1899 5307 Christus
1929 5269 2046 5320 rex,

408 5328 478 5383 de
507 5346 573 5384 eo
604 5331 690 5387 sic
720 5333 842 5404 agit
876 5351 889 5388 :
923 5333 1210 5390 Describit
1238 5334 1514 5390 virtutem
1545 5339 1603 5390 et
1622 5336 1865 5408 gloriam
1898 5342 2046 5412 ejus,

408 5419 570 5487 Optat
592 5422 656 5474 ut
677 5419 851 5476 faciat
869 5423 1023 5492 quod
1043 5423 1232 5478 bonus
1254 5439 1354 5476 rex
1387 5422 1559 5478 debet
1598 5424 1802 5494 facere,
1829 5427 2052 5484 scilicet

408 5519 642 5576 parcere
660 5507 942 5578 subjectis
961 5513 1018 5564 et
1036 5508 1328 5564 debellare
1347 5511 1908 5582 superbos.lntentio
1938 5522 2048 5587 est,

407 5591 747 5654 Judaeorum
794 5595 1266 5661 incredulitatem
1315 5597 1666 5676 improbare.
1699 5601 1852 5664 Dum
1893 5609 2053 5673 enim

2161 4625 2447 4699 fulgorem
2457 4621 2828 4694 .Exsequitur
2837 4617 3084 4692 gloriam
3097 4617 3365 4690 ejusdem
3381 4615 3538 4689 regis
3553 4631 3661 4689 per
3670 4614 3828 4673 alias

2203 4719 2378 4772 artes.

2161 4733 2484 4857 parts’sitam
2511 4823 2538 4855 ιι
2571 4799 2747 4856 etiam
2780 4804 3057 4858 aeternam
3106 4796 3332 4854 scilicet
3361 4815 3389 4843 α
3417 4793 3586 4868 petiit
3615 4811 3650 4850 a
3681 4799 3762 4850 te.
3799 4822 3828 4847 ι»

2161 4895 2230 4950 Et
2267 4892 2364 4947 hic
2421 4892 2656 4946 notatur
2692 4907 2828 4946 vera
2857 4886 3218 4955 humanitas,
3250 4902 3378 4958 quae
3408 4900 3525 4940 non
3557 4887 3727 4956 putat
3759 4899 3831 4938 se

2162 4981 2273 5040 sibi
2306 4995 2434 5035 esse
2465 4977 2986 5046 sufﬁcientem,sed
3019 4993 3122 5048 per
3150 4973 3549 5031 humilitatem
3575 4969 3766 5027 vitam
3792 4987 3833 5026 a

2162 5069 2408 5128 Domino
2435 5067 2852 5140 sempiternam
2874 5067 3019 5139 petit
3044 5082 3056 5122 :
3085 5087 3110 5112 οι
3127 5067 3185 5120 et
3212 5060 3473 5119 tribuisti
3503 5058 3834 5131 longitudi-

2159 5176 2290 5218 nem
2321 5157 2550 5213 dierum
2578 5179 2605 5210 ι)
2638 5173 2754 5211 non
2785 5155 2974 5213 solum
3034 5171 3138 5227 per
3191 5155 3429 5210 centum
3469 5163 3678 5217 annos,
3713 5147 3831 5204 sed

2161 5281 2185 5301 .
2208 5249 2266 5303 in
2285 5244 2565 5303 smculum
2581 5264 2607 5288 ι)
2631 5243 3070 5301 subsecutivum
3101 5242 3282 5315 hujus
3302 5237 3590 5306 «saeculi,»
3613 5236 3674 5292 id
3705 5240 3828 5306 est,

2161 5353 2346 5412 usque
2371 5335 2432 5391 in
2465 5335 2639 5390 ﬁnem
2673 5332 2892 5401 saeculi,
2917 5338 2976 5390 et
3005 5333 3180 5390 etiam
3211 5331 3271 5386 in
3304 5327 3586 5386 seculum
3616 5325 3834 5382 subse-

2160 5428 2419 5486 cutivum
2447 5423 2542 5479 isti
2579 5422 2942 5480 szeculo.Non
2957 5423 3099 5479 dicit
3130 5419 3559 5494 longitudinem
3584 5414 3830 5472 dierum

2161 5534 2288 5576 esse
2346 5515 2405 5570 in
2468 5513 2667 5568 futura
2721 5511 2858 5582 vita,
2893 5512 3024 5571 ideo
3082 5510 3237 5588 quod
3277 5508 3360 5570 ibi
3393 5504 3505 5564 fuit
3531 5503 3682 5576 dies,
3713 5503 3831 5563 sed

2161 5609 2399 5690 propter
2427 5601 2706 5680 spatium.
