4092 6178
283 325 394 390 261

1471 327 1964 391 EXPLANATIO
1996 330 2086 396 ,ΙΝ
2128 331 2509 396 PSALMOS.

3571 348 3689 411 262

358 484 382 508 α
413 459 686 530 Impones
702 458 881 513 etiam
904 473 1082 530 super
1100 474 1235 514 eum
1254 486 1278 509 ››
1308 464 1373 515 ut
1392 477 1570 532 super
1591 462 1933 517 fundamen-
1960 463 2197 539 δινεύων
2225 466 2297 520 ad
2331 465 2579 523 salutem
2613 485 2626 522 :
2662 492 2691 523 α
2718 472 2776 524 et
2818 486 3041 543 semen,
3073 495 3097 519 »
3130 473 3187 529 id
3238 480 3347 544 est,
3388 482 3520 534 vota
3541 504 3569 537 α
3596 496 3691 536 eo-

286 552 413 603 tum
443 572 471 602 α
500 546 750 619 gloriam
780 566 803 590 ιν
827 546 1111 619 gloriosos
1135 546 1358 603 scilicet
1382 553 1669 622 martyres
1700 567 1726 599 ι
1749 555 1805 604 et
1822 567 1941 605 ma-

283 652 467 709 gnum
500 636 794 700 decorem,
815 651 843 681 ι)
875 636 934 690 id
964 640 1054 691 est
1085 653 1330 709 magnos
1360 638 1617 706 decores,
1643 642 1710 693 ut
1741 638 1939 693 Marti-

283 742 428 780 num
460 728 518 779 et
539 722 849 789 Hilarium,
874 729 931 779 et
951 729 1190 779 caeteros
1210 726 1575 782 confessores
1599 744 1613 782 :
1639 727 1766 782 ideo
1801 747 1826 773 σι
1857 726 1941 780 in-

282 830 466 886 pones
478 829 658 884 super
676 829 833 879 eum,
848 832 872 857 ιο
907 813 1047 884 quia
1070 812 1297 886 «gloria
1316 815 1444 885 ejus
1467 832 1682 887 magna
1703 816 1762 870 in
1776 814 1942 869 salu»

283 900 396 957 tari
427 905 552 969 tuo,
586 922 610 945 η
636 900 694 955 id
722 906 813 957 est
833 901 891 955 in
914 901 1088 956 verbo
1122 906 1222 957 tuo
1261 903 1373 959 sibi
1416 903 1600 972 unite,
1625 904 1795 974 cujus
1817 903 1940 975 glo-

284 989 383 1047 ria:
413 990 628 1046 decens
657 994 784 1045 erat
814 990 1232 1059 manifestatio,
1256 1009 1383 1063 quae
1414 993 1815 1048 demonstrata
1855 994 1944 1047 est

285 1097 392 1151 per
405 1078 517 1133 hoc
541 1078 696 1149 quod
719 1077 968 1149 apostoli
999 1095 1177 1151 super
1206 1095 1341 1135 eum
1366 1080 1590 1135 fundati
1615 1085 1773 1136 sunt.
1791 1081 1944 1135 Bene

287 1168 419 1223 dico
448 1166 718 1239 impones
751 1184 929 1238 super
956 1184 1090 1223 eum
1121 1167 1391 1239 gloriam,
1422 1174 1479 1223 et
1508 1169 1638 1236 hoc,
1663 1170 1942 1240 quoniam

286 1257 413 1329 ipse
442 1261 536 1311 est
570 1255 893 1311 benedictio
914 1257 1178 1312 omnium
1200 1258 1487 1329 gentium,
1512 1263 1569 1314 et
1601 1258 1709 1313 hoc
1731 1264 1821 1314 est
1855 1276 1867 1312 :

362 1367 385 1390 αι
417 1345 709 1413 Quoniam
743 1345 912 1400 dabis
933 1362 1067 1401 eum
1102 1345 1160 1399 in
1193 1347 1658 1403 benedictionem
1684 1365 1711 1395 η
1744 1348 1803 1401 in
1835 1347 1944 1402 hac

283 1436 406 1492 vita
425 1435 622 1490 dando
638 1434 907 1506 virtutes,
930 1440 988 1489 et
1021 1457 1045 1480 οι
1069 1435 1128 1489 in
1154 1436 1435 1491 smculum
1459 1436 1716 1507 saeculi,»
1751 1436 1809 1490 id
1832 1441 1944 1503 est,

286 1525 348 1579 in
379 1524 497 1579 alia
522 1524 646 1579 vita
676 1524 869 1579 dando
900 1541 1196 1579 coronam.
1231 1524 1335 1580 Hic
1365 1526 1675 1580 confirmat
1695 1525 1943 1597 promis-

284 1614 541 1684 sionem,
557 1630 687 1685 qua:
717 1612 871 1668 facta
902 1618 990 1667 est
1008 1612 1250 1668 Abrahaz
1276 1629 1290 1667 :
1317 1630 1341 1654 (ι
1362 1614 1426 1669 In
1458 1614 1681 1670 semine
1710 1618 1812 1669 tuo
1841 1614 1946 1669 be-

287 1702 641 1758 nedicentur
666 1717 871 1757 omnes
891 1706 1096 1773 gentes
1118 1701 1269 1771 (Gen.
1300 1720 1452 1758 xxxn
1474 1721 1487 1771 ;
1513 1703 1684 1759 Galat.
1709 1703 1813 1774 ιιι).
1828 1721 1855 1752 υ
1877 1703 1948 1759 Et

289 1791 469 1848 etiam
502 1812 526 1836 «ι
552 1788 875 1846 Ιίθιὶίὶοεώἱε
895 1806 1032 1845 eum
1064 1790 1122 1844 in
1152 1790 1366 1863 gaudio
1396 1806 1424 1838 η
1454 1792 1610 1863 quod
1641 1790 1733 1847 sui
1763 1791 1946 1847 habe-
1972 1832 2022 1899 Β

290 1882 441 1937 bunt
470 1901 495 1925 α
528 1894 665 1935 cum
697 1877 862 1935 vultu
892 1883 1015 1945 tuo,
1050 1897 1074 1922 »
1107 1879 1165 1935 id
1216 1883 1323 1947 est,
1374 1879 1435 1935 in
1483 1880 1792 1953 praesentia
1822 1885 1945 1948 tua,

291 1970 540 2035 scilicet,
594 1968 831 2040 quando
882 1968 1109 2024 fruetur
1157 1970 1412 2040 perfecta
1456 1969 1786 2041 cognitione
1834 1970 1945 2025 tui.

292 2060 459 2114 Tunc
489 2056 649 2113 enim
682 2055 795 2112 erit
818 2057 1073 2127 perfecta
1100 2056 1469 2125 lmtitia,cum
1500 2059 1808 2115 tradiderit
1853 2075 1947 2114 re-

289 2163 477 2221 gnum
500 2146 620 2202 Deo
661 2144 1019 2201 Patri.Ponit
1062 2161 1301 2200 causam
1340 2146 1605 2202 omnium
1644 2146 1945 2219 praedicto-

291 2240 533 2301 rum,ut
555 2233 641 2290 sic
674 2233 944 2289 dicamus
972 2250 985 2289 :
1012 2233 1143 2290 Ideo
1165 2234 1320 2290 Deus
1340 2234 1500 2291 dedit
1519 2235 1655 2291 huic
1682 2236 1801 2309 regi
1821 2236 1945 2292 lon-

288 2341 427 2398 gam
458 2323 729 2391 vitam,et
770 2321 883 2377 alia
929 2339 1056 2392 quea
1084 2323 1358 2394 praedicta
1391 2329 1549 2393 sunt,
1569 2324 1707 2396 quia
1740 2343 1887 2382 «rex
1917 2349 1943 2377 ››

286 2414 404 2470 iste
435 2438 464 2468 α
491 2415 713 2484 sperat,
748 2433 772 2458 η
807 2411 866 2465 id
896 2411 1283 2477 est,omnium
1314 2429 1479 2484 spem
1502 2414 1743 2485 posuita
1763 2414 1820 2469 in
1845 2416 1951 2470 Do-

289 2501 515 2572 mino,~
551 2504 611 2555 et
640 2516 755 2554 non
779 2498 917 2555 facit
947 2499 1053 2554 hoc
1078 2516 1181 2571 pro
1203 2501 1557 2557 conﬁdentia
1582 2503 1945 2573 meritorum,

292 2591 397 2647 sed
417 2590 614 2662 potius
637 2607 662 2632 «ι
690 2589 749 2643 in
773 2588 1178 2645 misericordia
1198 2608 1220 2632 »
1245 2589 1433 2660 ipsius
1453 2590 1583 2659 Dei;
1606 2619 1631 2643 «
1649 2609 1762 2647 non
1789 2609 1948 2649 com-

295 2679 632 2735 movebitur
662 2696 687 2720 η
722 2695 756 2733 a
785 2676 1139 2734 conﬁdentia
1183 2676 1372 2748 ipsius
1402 2678 1815 2737 misericordia:
1848 2700 1861 2737 :
1894 2687 1952 2738 et

296 2767 680 2839 merito,quia
695 2791 724 2821 α
741 2766 1025 2821 Altissimi
1045 2770 1135 2821 est
1153 2765 1254 2821 illa
1276 2767 1953 2827 misericordia.0stensa

295 2858 511 2913 virtute
541 2861 601 2911 et
630 2855 819 2927 gloria
847 2855 1035 2927 ipsius
1068 2854 1470 2927 regis,transit
1500 2858 1571 2913 ad
1608 2860 1949 2928 secundam,

298 2946 548 3015 scilicet,
565 2948 733 3017 optat
778 2944 974 3017 ipsum
1012 2960 1209 3016 regem
1247 2961 1511 3001 exercere
1550 2947 1848 3017 justitiam
1892 2951 1951 3005 in

298 3035 486 3090 bonos
506 3037 566 3089 et
586 3032 1124 3105 malos.Hucusqne
1151 3033 1361 3090 direxit
1389 3035 1460 3091 ad
1497 3035 1726 3093 Patrem
1755 3040 1951 3111 verba,

300 3123 478 3179 modo
499 3120 706 3194 dirigit
734 3122 808 3176 ad
841 3121 1073 3176 Filium.

2047 568 2179 606 rum
2211 572 2235 596 η
2270 570 2397 624 qua:
2429 555 2705 612 dicuntur
2733 574 2954 627 semen,
2988 561 3126 631 quia
3156 563 3309 619 sicut
3354 583 3423 621 ex
3470 568 3695 625 semine

2047 640 2308 711 procedit
2339 642 2583 712 fructus,
2619 645 2700 700 ita
2746 662 2814 701 ex
2856 648 3010 703 votis
3057 666 3252 722 opera.
3305 654 3515 711 Semen
3564 656 3694 713 dico

2049 733 2385 799 separatum
2428 754 2452 779 α
2483 750 2517 787 a
2547 733 2682 787 filiis
2714 761 2737 786 ιθ
2782 751 3048 791 verorum
3097 759 3125 788 α
3154 739 3482 800 hominum.
3514 762 3542 793 η
3591 746 3694 802 Vel

2049 832 2271 885 semen,
2304 818 2360 873 id
2393 825 2499 887 est,
2525 838 2825 892 sequaces.

2123 905 2255 960 Ideo
2279 908 2514 977 quidem
2549 911 2756 981 perdes
2785 928 2885 966 eos
2906 933 2934 964 α
2955 915 3230 985 quoniam
3261 918 3437 991 mala,
3461 947 3487 977 ››
3519 921 3576 977 id
3610 928 3699 980 est

2051 992 2528 1065 destructionem,
2559 1015 2735 1070 quam
2766 999 2876 1054 sibi
2910 1002 3242 1063 aRomanis
3284 1007 3483 1065 inferri
3525 1012 3696 1068 time-

2052 1080 2194 1136 bant
2222 1083 2656 1142 declinaverunt
2684 1087 2741 1141 in
2778 1092 2854 1156 te,
2887 1108 2912 1132 υ
2939 1090 2994 1144 id
3028 1097 3135 1159 est,
3169 1100 3464 1153 verterunt
3506 1100 3563 1156 in
3598 1106 3653 1157 te
3681 1120 3694 1158 :

2053 1184 2186 1222 cum
2219 1174 2272 1225 te
2305 1174 2474 1227 morti
2501 1176 2795 1229 traderent
2827 1195 2855 1224 α
2874 1179 3116 1235 consilia
3145 1184 3699 1261 cogitaverunt,qum

2054 1274 2167 1311 non
2217 1265 2530 1329 potuerunt
2578 1264 2858 1319 stabilire.
2891 1285 2918 1315 ››
2951 1267 3360 1337 Cogitaverunt
3405 1276 3560 1330 enim
3600 1295 3705 1349 per

2054 1352 2301 1402 mortem
2334 1349 2520 1420 ipsius
2554 1351 2802 1407 retinere
2834 1352 3027 1409 locum
3050 1361 3107 1411 et
3144 1364 3376 1430 gentem
3401 1365 3576 1432 (Joan.
3600 1367 3701 1439 x1),

2054 1450 2158 1504 per
2189 1452 2364 1507 quam
2396 1440 2591 1510 potius
2625 1445 2940 1515 utrumque
2968 1447 3372 1516 perdiderunt.

2128 1523 2337 1580 Perdes
2369 1543 2488 1595 eos,
2521 1532 2578 1583 et
2610 1554 2634 1579 α
2666 1529 2795 1585 ideo
2828 1548 3009 1603 pones
3039 1550 3139 1591 eos
3172 1538 3435 1610 dorsum,
3470 1570 3494 1594 η
3526 1543 3584 1599 id
3617 1549 3708 1601 est

2056 1628 2263 1669 curvos
2286 1615 2356 1669 ad
2392 1620 2624 1672 terrena
2653 1623 2709 1673 et
2733 1636 2844 1673 non
2868 1620 3163 1679 intuentes
3193 1627 3467 1698 caelestia,
3484 1632 3708 1690 scilicet

2056 1700 2251 1758 asinos
2266 1704 2618 1775 daemonum,
2635 1707 2763 1763 ideo
2779 1730 2806 1761 α
2827 1708 3109 1777 vultum,»
3127 1713 3184 1769 id
3207 1720 3294 1771 est
3310 1720 3704 1791 cognitionem

2054 1792 2239 1858 tuam,
2274 1793 2371 1863 qui
2414 1794 2651 1850 deberet
2695 1813 2823 1853 esse
2851 1819 2879 1850 α
2909 1816 3112 1855 eorum
3161 1807 3516 1876 praeparabis
3543 1831 3571 1864 n
3606 1827 3708 1881 per

2054 1877 2549 1938 introductionem
2581 1884 2868 1956 gentium,
2893 1890 2950 1942 et
2979 1904 3083 1959 per
3120 1894 3549 1964 asperationem
3582 1877 3705 1971 glo-

2056 1966 2152 2022 riae
2186 1988 2211 2014 α
2243 1968 2301 2023 in
2328 1969 2590 2043 reliquiis
2610 1972 2749 2041 tuis,
2773 1990 2800 2020 »
2833 1974 2889 2028 id
2919 1980 3030 2042 est,
3056 1980 3121 2032 ut
3151 1978 3289 2051 ipsa
3319 1966 3709 2056 reliquize'ha-

2055 2055 2232 2146 beant
2259 2058 2649 2130 cognitionem
2669 2062 2780 2117 tui.
2798 2063 3095 2135 Reliquias
3125 2068 3337 2141 accipit
3357 2055 3619 2146 illos;qui
3646 2093 3710 2132 se

2056 2144 2281 2201 faciunt
2302 2147 2647 2205 humileset
2677 2152 2958 2223 abjectos.

2128 2236 2215 2290 Tu
2248 2253 2426 2307 pones
2475 2255 2575 2295 eos
2621 2239 2884 2311 dorsum,
2917 2246 2976 2297 et
3024 2248 3090 2298 ut
3129 2244 3237 2301 hoc
3286 2250 3479 2319 possis
3524 2254 3710 2310 facere

2060 2345 2089 2373 ‹‹
2121 2323 2372 2380 exaltare
2402 2326 2461 2380 in
2483 2327 2717 2394 virtute,
2754 2356 2778 2379 ι»
2811 2329 2871 2384 id
2902 2336 2991 2386 est
3020 2348 3123 2403 per
3150 2334 3426 2393 virtutem
3452 2340 3707 2413 deitatis,

2057 2417 2114 2467 et
2146 2435 2173 2465 ‹‹
2194 2414 2564 2469 cantabimus
2584 2433 2720 2472 voce
2737 2422 2793 2473 et
2814 2420 2985 2474 corde
3006 2442 3029 2466 »
3061 2441 3085 2466 α
3106 2426 3164 2477 et
3180 2424 3537 2494 psallemus»
3564 2430 3709 2487 bene

2057 2502 2351 2573 operando
2384 2533 2407 2556 ιι
2434 2503 2679 2560 virtutes
2709 2510 2843 2563 tuas
2875 2529 2897 2552 »
2929 2507 3223 2567 laudando
3244 2514 3468 2571 scilicet
3497 2523 3554 2573 et
3585 2519 3709 2575 imi-

2060 2590 2259 2644 tando.
2291 2590 2353 2644 ln
2398 2594 2687 2648 cantando
2725 2596 3263 2668 contemplativam,
3295 2601 3354 2657 in
3408 2606 3710 2676 psallendo

2060 2693 2193 2734 vero
2223 2678 2468 2734 activam
2502 2680 2679 2735 vitam
2713 2681 3123 2757 intelligimus.

2560 2824 2631 2879 IN
2673 2824 3019 2883 PSALMUM
3057 2828 3196 2885 XXI.

2205 2929 2479 2984 Trruws.
2507 2929 2568 2982 In
2596 2930 2770 3006 ﬁnem
2789 2948 2887 3001 pro
2915 2938 3252 3006 susceptione
3276 2941 3565 3006 matutina,

2649 3003 2894 3072 psalmus
2922 3003 3113 3061 David.

2137 3153 2160 3179 ιι
2179 3123 2519 3190 Deus,Deus
2539 3126 3004 3198 meus,respice.»
3025 3128 3292 3187 Psalmus
3314 3132 3423 3188 iste
3444 3136 3714 3191 convenit

371 3210 866 3283 Quandoquidem
910 3215 973 3265 tu
1022 3210 1155 3266 talis
1198 3228 1261 3267 es
1308 3228 1426 3281 rex,
1460 3213 1589 3270 ideo
1620 3232 1652 3270 ο
1685 3215 1950 3285 Domine,
1983 3197 2027 3264 (ἶ
2066 3212 2337 3277 David,id
2367 3217 2456 3267 est
2482 3197 2984 3281 Christo,habitus
3006 3234 3109 3288 pro
3130 3222 3499 3292 susceptione
3516 3227 3715 3279 matu-

316 3321 338 3349 ι
373 3300 715 3356 inveniatur
740 3316 951 3356 manus
983 3304 1102 3368 tua,
1134 3327 1161 3358 ι)
1193 3300 1251 3355 id
1283 3306 1392 3367 est,
1424 3304 1683 3376 operatio
1705 3309 1805 3362 tua
1836 3330 1860 3354 ει
1890 3308 1962 3363 ab

299 3388 582 3447 omnibus
613 3387 872 3444 inimicis
920 3389 1060 3457 tuis,
1098 3410 1122 3435 »
1157 3390 1215 3445 id
1260 3395 1371 3459 est,
1401 3409 1609 3449 omnes
1641 3395 1742 3466 qui
1790 3397 1962 3452 modo

301 3484 445 3534 sunt
472 3477 724 3546 inimici,
758 3477 1070 3551 diligenter
1096 3478 1461 3551 inquirentes
1493 3499 1670 3555 opera
1702 3484 1969 3555 tua,imi-

301 3571 504 3625 tentur
530 3583 601 3623 ea
628 3583 642 3621 :
676 3571 733 3622 et
764 3567 813 3623 si
844 3568 947 3640 qui
981 3567 1190 3623 nolunt
1209 3585 1278 3624 ea
1299 3568 1380 3625 ita
1402 3570 1660 3628 invenire
1683 3600 1707 3625 ‹‹
1730 3574 1965 3631 dextera

302 3661 433 3725 tua,
452 3670 479 3701 D
507 3655 565 3711 id
598 3659 709 3723 est,
726 3656 915 3713 virtus
945 3660 1047 3712 tua
1075 3678 1102 3708 α
1132 3657 1427 3715 inveniet»
1462 3661 1532 3715 ad
1563 3678 1765 3718 eorum
1796 3664 1961 3719 dam-

305 3745 609 3802 nationem
643 3764 668 3787 ‹‹
692 3761 898 3801 omnes
927 3770 955 3800 »
989 3763 1088 3801 eos
1122 3763 1145 3787 α
1177 3747 1275 3819 qui
1308 3752 1364 3803 te
1391 3750 1661 3806 oderunt.
1694 3780 1719 3804 υ

375 3834 529 3906 Opto
563 3839 629 3888 ut
660 3834 873 3905 punias
889 3852 1008 3903 eos,
1028 3840 1084 3890 ct
1103 3852 1234 3891 vere
1256 3837 1453 3906 facies,
1470 3839 1607 3911 quia
1628 3846 1690 3895 tu
1724 3862 1752 3893 α
1782 3860 1962 3914 pones

305 3941 406 3978 eos
465 3924 523 3978 in
583 3922 887 3978 clibanum
948 3924 1156 3995 ignis»
1190 3926 1248 3980 id
1306 3931 1416 3995 est,
1451 3928 1673 3985 similes
1730 3932 1960 3989 clibano

308 4013 467 4084 ignis
488 4029 501 4066 :
526 4012 670 4084 quia
682 4012 836 4067 sicut
855 4012 1122 4069 clibanus
1144 4014 1389 4070 interius
1410 4017 1671 4074 continet
1691 4022 1959 4077 ardorem

307 4099 486 4173 ignis,
518 4100 604 4155 ita
632 4100 731 4156 isti
763 4100 1063 4157 continent
1090 4102 1149 4157 in
1196 4119 1258 4158 se
1308 4104 1575 4160 ardorem
1619 4108 1785 4163 malai
1817 4126 1960 4165 con-

306 4188 567 4244 scientiae
599 4206 742 4244 suae.
777 4190 1122 4259 Poneskdico
1156 4218 1180 4240 ιι
1204 4192 1261 4246 in
1296 4197 1555 4266 tempore
1585 4196 1782 4253 vultus
1813 4198 1955 4267 tui,»

306 4278 366 4335 id
399 4284 515 4350 est,
548 4278 609 4334 in
641 4279 734 4335 die
752 4279 963 4351 judicii
996 4281 1055 4335 in
1087 4297 1203 4353 quo
1234 4286 1297 4337 tu
1348 4285 1621 4342 ostendes
1666 4286 1958 4344 vultuosi-

306 4372 492 4424 tatem
537 4372 726 4436 tuam,
756 4367 815 4423 id
859 4372 948 4425 est
994 4369 1141 4425 iram
1190 4374 1375 4427 tuam.
1408 4372 1511 4428 Vel
1542 4394 1569 4426 α
1598 4376 1657 4431 in
1700 4382 1962 4449 tempore

306 4456 508 4513 vultus
568 4458 657 4512 tui
689 4474 717 4505 ι»
750 4457 809 4512 in
866 4474 982 4529 quo
1040 4462 1106 4514 tu
1165 4462 1439 4518 ostendes
1487 4464 1603 4519 tuis
1646 4467 1959 4538 perfectam

2071 3301 2213 3356 tina.
2237 3302 2540 3375 Susceptio
2558 3303 2848 3359 matutina
2866 3303 2958 3359 hic
2978 3306 3263 3378 accipitur
3284 3309 3498 3366 Christi
3531 3330 3719 3368 resur-

2072 3390 2271 3458 rectio,
2288 3390 2439 3445 facta
2466 3392 2698 3463 quando
2718 3409 2930 3464 corpus
2952 3397 3329 3468 corruptibile
3359 3403 3618 3474 suscepit
3636 3403 3718 3458 in-

2072 3479 2593 3551 corruptionem,et
2614 3480 2855 3537 mortale
2872 3482 3375 3543 immortalitatem
3392 3490 3573 3557 (ICor.
3596 3495 3713 3560 xv).

2072 3568 2179 3624 Per
2207 3568 2357 3624 hanc
2404 3570 2834 3641 susceptionem
2878 3571 3093 3628 Christi
3144 3574 3432 3635 habemus
3479 3580 3717 3636 certitu-

2072 3659 2270 3714 dinem
2293 3662 2503 3712 nostra:
2535 3658 2944 3729 susceptionis.
2978 3662 3142 3728 Quod
3174 3668 3371 3719 autem
3414 3668 3719 3726 Dominica

2071 3745 2459 3818 susceptio,id
2494 3750 2583 3800 est
2612 3748 3169 3808 resurrectio.mane
3192 3752 3303 3806 fuit
3345 3755 3497 3810 facta
3530 3758 3721 3813 sacra-'

2070 3841 2336 3891 mentum
2369 3838 2478 3901 est,
2500 3834 2638 3905 quia
2666 3850 2770 3905 per
2799 3834 2907 3889 hoc
2929 3835 3557 3913 daturintelligi,quod
3591 3845 3719 3916 ipsa

2069 3930 2157 3981 est
2186 3923 2540 3996 principium
2573 3926 2783 3978 nostra:
2816 3925 3276 3995 resurrectionis,
3297 3932 3354 3982 et
3373 3929 3503 4002 ipsa
3523 3948 3717 3988 resur-

2068 4014 2244 4069 rectio
2276 4017 2462 4068 totum
2493 4012 2779 4066 mundum
2812 4011 3167 4070 illuminavit
3197 4031 3211 4070 :
3246 4016 3401 4073 sicut
3431 4019 3517 4075 sol
3548 4036 3720 4078 mane

2065 4102 2258 4159 oriens
2277 4098 2559 4171 paulatim
2583 4100 2866 4169 ascendit,
2889 4105 2954 4156 ut
2979 4106 3168 4159 totum
3191 4108 3480 4163 mundum
3504 4108 3725 4165 illumi-

2068 4195 2183 4247 net.
2217 4192 2285 4246 Et
2316 4188 2409 4243 hic
2441 4187 2705 4259 psalmus
2738 4206 2842 4261 pro
2871 4192 3244 4263 susceptione
3265 4197 3562 4253 matutina
3577 4198 3719 4272 agit,

2067 4280 2208 4352 quia
2236 4294 2446 4334 novam
2477 4277 2646 4333 nobis
2678 4278 3114 4335 institutionem
3138 4285 3725 4361 proponit.Proponit

2067 4368 2225 4425 enim
2256 4367 2554 4423 hominem
2598 4367 2831 4437 justum
2879 4368 3223 4425 derelictum
3273 4376 3331 4427 et
3370 4391 3634 4445 passum,
3667 4382 3725 4433 et

2067 4457 2243 4513 etiam
2266 4455 2511 4529 gloriam
2532 4454 2634 4509 Dei
2676 4456 2863 4511 Patris
2885 4474 3062 4528 quam
3093 4458 3328 4515 exhibet
3352 4462 3403 4516 ei
3454 4463 3724 4521 Christus

310 4546 708 4619 cognitionem
740 4548 1058 4619 praesentia:
1088 4551 1220 4603 tuae.
1254 4549 1534 4609 Clibauus
1581 4558 1690 4622 est,
1722 4554 1963 4627 quicun-
1991 4566 2042 4632 D
2071 4544 2556 4632 resuscitatus,in
2587 4560 2703 4615 quo
2725 4544 2902 4632 etiam
2919 4548 3367 4604 commendatur
3396 4552 3723 4623 assumptio

309 4649 427 4705 que
451 4634 687 4702 furnus,
712 4633 798 4690 vel
822 4634 1053 4707 proprie
1071 4653 1173 4692 vas
1189 4639 1343 4710 quod
1367 4639 1604 4697 calescit
1630 4642 1690 4697 in
1722 4644 1875 4717 igne,
1902 4650 1968 4701 ut

310 4722 527 4778 subtus
559 4722 959 4794 coquatur,vel
982 4723 1207 4796 aliquid
1237 4726 1351 4782 tale
1374 4744 1387 4781 :
1410 4733 1468 4783 et
1498 4729 1595 4785 ille
1615 4731 1770 4788 idem
1805 4760 1830 4785 α
1861 4734 1966 4789 Do-

309 4810 518 4865 minus
547 4826 577 4857 ρ
610 4811 712 4882 qui
743 4810 937 4882 posuit
968 4829 1067 4869 eos
1095 4818 1161 4869 ut
1206 4814 1503 4872 clibanum
1536 4838 1560 4861 «ι
1592 4823 1967 4878 conturbabit

311 4915 415 4955 eos
465 4900 523 4954 in
567 4901 656 4955 ira
706 4917 816 4956 sua
846 4919 870 4941 ι»
916 4917 1051 4956 cum
1102 4902 1258 4958 dicet
1292 4920 1304 4958 :
1341 4931 1365 4956 ιι
1399 4904 1499 4973 Ite,
1552 4908 1846 4966 maledicti
1903 4911 1964 4966 in

312 4985 514 5056 ignem
547 4991 830 5042 aeternum
862 4987 1249 5060 (Matth..xxv).
1279 5008 1306 5038 ι)
1341 4993 1463 5057 Qua
1493 4994 1629 5049 datu
1676 4998 1967 5053 sententia

315 5089 452 5128 mox
485 5097 508 5121 ιι
541 5075 863 5143 devorabit,
896 5093 923 5122 ι)
974 5077 1029 5132 id
1077 5083 1184 5146 est,
1234 5082 1529 5152 torquebit
1558 5101 1585 5131 α
1615 5101 1712 5140 eos
1752 5086 1904 5159 ignis
1937 5112 1959 5141 ι

315 5161 663 5218 materialis.
698 5164 843 5219 Cum
875 5166 1017 5221 dicit
1049 5166 1222 5239 ignis,
1257 5172 1418 5224 notat
1467 5186 1653 5243 genus
1692 5177 1964 5232 tormenti

317 5251 473 5322 quod
495 5251 743 5308 interius
772 5257 1024 5326 torquet.
1060 5277 1089 5304 «
1120 5256 1304 5313 Pones
1333 5274 1430 5314 eos
1453 5264 1517 5314 ut
1538 5259 1891 5332 clibanum,»
1912 5270 1969 5321 et

314 5337 497 5395 etiam
518 5342 764 5411 «perdes
788 5342 1098 5412 fructum,»
1118 5345 1176 5399 id
1198 5349 1285 5402 est
1302 5347 1453 5402 bona
1469 5365 1643 5420 opera
1664 5367 1691 5398 ί(
1707 5369 1964 5423 eorum,»

314 5434 541 5484 remota
588 5449 611 5471 κ
645 5448 679 5485 a
711 5434 864 5487 terra
890 5452 912 5473 ι»
956 5434 1277 5490 viventium
1312 5452 1324 5491 :
1358 5454 1492 5492 cum
1554 5454 1684 5494 vero
1735 5441 1971 5498 desiste-

313 5523 449 5572 rent
480 5535 515 5573 a
542 5520 719 5588 bono,
754 5522 1150 5592 perdebantur
1178 5525 1328 5581 bona
1358 5544 1532 5597 opera
1578 5544 1803 5597 eorum,
1832 5531 1971 5603 quia

311 5605 453 5666 licet
479 5606 702 5668 faciant
733 5608 972 5686 aliquod
1004 5613 1324 5673 remedium
1372 5632 1574 5690 pwnaa,
1610 5634 1726 5676 non
1774 5623 1970 5686 tamen

2076 4631 2540 4704 matutina,quia
2564 4635 2800 4703 propter
2823 4631 2983 4688 illam
3017 4637 3485 4708 assumptionem
3510 4640 3577 4694 fit
3608 4640 3727 4714 glo-

2075 4722 2321 4778 rificatio
2338 4720 2439 4775 illa
2466 4723 2587 4775 tota
2615 4719 2736 4775 Dei.
2755 4720 2939 4775 Habet
2964 4722 3080 4778 alia
3096 4723 3539 4800 translalio,pro
3560 4746 3727 4787 cerva

2075 4812 2458 4877 matutina,et
2488 4812 2626 4863 tunc
2659 4808 3045 4882 intelligimus
3094 4830 3199 4886 per
3244 4831 3474 4871 cervam
3515 4818 3725 4874 huma-

2076 4900 2318 4956 nitatem
2351 4896 2588 4964 Christi,
2622 4914 2749 4969 quze
2783 4904 3054 4957 naturam
3082 4904 3231 4958 cervi
3262 4903 3644 4977 habuit,quia
3666 4907 3724 4960 in

2077 5006 2250 5045 mane
2280 4987 2396 5043 ista
2418 4985 2611 5041 lutosa
2635 4986 2914 5043 deseruit.
2933 4989 3226 5046 Institutio
3251 5009 3398 5047 nova
3418 4993 3474 5046 in
3498 4993 3725 5049 Christo

2076 5077 2361 5149 fuit,quia
2391 5081 2527 5132 ante
2559 5075 2855 5132 Christum
2888 5078 3240 5150 Deusjustis
3261 5085 3541 5151 tanquam
3571 5081 3728 5136 infir-

2076 5169 2190 5224 mis
2235 5165 2579 5237 temporalia
2609 5166 2762 5222 bona
2808 5184 3181 5224 remunerare
3230 5169 3472 5224 solebat.
3496 5170 3726 5228 Christo

2079 5263 2457 5324 autem,.cum
2481 5254 2990 5325 omnibusjustior
3003 5261 3176 5323 esset,
3204 5257 3548 5327 temporalia
3576 5260 3730 5316 bona

2080 5365 2194 5403 non
2234 5345 2461 5409 tribuit,
2497 5343 2595 5398 sed
2629 5343 2869 5397 adversa
2898 5343 3076 5413 hujus
3107 5344 3335 5411 mundi,
3364 5350 3431 5401 ut
3459 5348 3544 5405 sic
3575 5350 3730 5407 bona

2079 5434 2337 5493 cmlestia
2366 5432 2680 5498 obtineret;
2713 5433 2771 5484 et
2796 5447 2899 5500 per
2929 5430 3036 5486 hoc
3057 5432 3219 5488 dedit
3246 5434 3730 5512 intelligere,quia

2071 5528 2196 5598 jam
2230 5528 2362 5595 post
2390 5521 2686 5575 Christum
2712 5518 3057 5591 temporalia
3076 5522 3228 5578 bona
3247 5523 3592 5586 hominibus
3614 5546 3728 5585 non

2080 5612 2496 5676 remuneraret,
2534 5607 2636 5664 sed
2691 5611 2921 5669 aeterna.
2960 5610 3205 5675 Materia
3260 5616 3349 5675 est
3396 5616 3730 5690 dominicus
