4070 6180
411 329 535 392 263

839 321 1252 384 HAYMONIS
1283 320 1830 382 HALBERS’I‘AT.
1859 312 2114 383 EPISG.
2145 313 2318 379 OPP.
2343 314 2546 376 PARS
2575 313 2626 376 Ι.
2655 349 2733 359 -
2761 312 3166 378 COMMENT.
3198 311 3397 376 BlBL.

3705 306 3819 374 261

411 462 586 518 homo
621 476 634 514 :
668 459 740 514 de
769 473 834 513 eo
865 456 950 510 sic
979 454 1102 526 agit
1133 471 1144 508 :
1179 452 1448 508 Ostendit
1473 451 1838 519 derelictum,
1873 455 2060 506 osten-
2085 449 2149 522 Α,
2169 449 2349 520 justis
2379 466 2446 505 ex
2478 447 2828 505 necessitate
2860 447 2938 503 sit
2973 445 3076 502 illa
3121 436 3406 502 naturalis
3441 444 3732 515 voluntas,
3761 446 3820 502 in

411 551 500 606 dit
529 562 789 620 passum.
806 543 908 599 Vel
933 541 1180 599 materia
1199 544 1289 596 est
1313 541 1510 612 passio
1533 539 1751 594 Christi
1777 556 1789 594 :
1810 539 2068 594 ostendit

411 643 612 712 postea
626 633 874 708 gloriam
905 630 1100 699 Dei,in
1126 646 1243 701 quo
1269 629 1444 685 etiam
1477 629 1724 702 gloriam
1746 627 1962 684 Christi
1979 645 2062 682 os-

410 725 618 780 tendit.
649 721 904 776 Intendit
932 736 1040 774 nos
1073 718 1294 772 hortari
1325 719 1396 772 ad
1431 717 1777 773 sustinenda
1798 717 2062 787 adversa,

412 817 478 868 ut
506 809 768 881 exemplo
800 808 986 880 ipsius
1017 810 1364 878 appetamus
1396 807 1721 879 prosperari
1756 805 1816 859 in
1839 808 2062 878 tempo-

411 899 652 961 ralibus.
689 897 790 953 sed
821 895 1169 951 sustinendo
1200 896 1464 962 adversa,
1485 895 1742 950 cmlestia
1769 899 2061 966 exspecte-

409 1005 543 1044 mus
577 1005 590 1042 :
623 991 682 1042 et
718 1002 822 1058 per
869 985 980 1040 hoc
1013 983 1217 1055 dirigit
1271 1001 1378 1038 nos
1427 983 1507 1038 in-
1535 984 1732 1050 finem,
1766 983 1824 1037 id
1857 987 1965 1051 est,
2002 983 2062 1038 in

409 1077 729 1134 Christum.
761 1075 884 1128 Vox
914 1073 1104 1145 ipsius
1133 1072 1346 1128 Christi
1379 1072 1601 1128 directa
1630 1071 1703 1128 ad
1733 1072 1980 1138 Patrem,
2005 1076 2064 1126 et

409 1165 618 1237 incipit
647 1181 682 1219 a
711 1162 1088 1218 derelictione
1119 1161 1226 1216 sic.

480 1279 509 1310 α
537 1251 881 1319 Deus,Deus
900 1267 1090 1306 meus.
1107 1277 1131 1301 π
1147 1249 1310 1316 Quod
1330 1249 1422 1305 bis
1445 1250 1609 1322 ponit
1629 1279 1652 1303 ‹‹
1668 1250 1873 1319 Deus,»
1899 1253 2064 1304 notat

409 1359 472 1400 se
493 1341 708 1400 habere
737 1337 1147 1394 necessitatem
1178 1339 1404 1394 orandi.
1425 1340 1588 1405 Quod
1611 1339 1754 1394 dicit
1783 1357 1808 1381 ιι
1843 1355 2009 1394 meus
2030 1361 2058 1388 »

409 1435 573 1486 notat
603 1447 664 1485 se
687 1427 1145 1484 familiaritatem
1169 1427 1240 1482 ad
1260 1427 1454 1500 ipsum
1478 1427 1689 1484 habere
1713 1427 1979 1500 «respice
2000 1427 2060 1482 in

409 1535 504 1575 me
535 1541 558 1566 η
593 1535 709 1573 non
742 1517 1009 1573 deficiam
1035 1515 1097 1571 in
1124 1515 1237 1571 ista
1263 1516 1658 1571 derelictione.
1682 1541 1705 1566 κ
1737 1517 1980 1590 Respice
2000 1517 2059 1572 in

409 1624 501 1663 me
521 1628 550 1658 »
575 1623 691 1663 non
713 1610 803 1662 est
831 1605 890 1660 in
913 1605 1172 1672 Hebrmo,
1201 1606 1303 1660 sed
1325 1605 2060 1678 septuagintaginterpretes

409 1699 828 1769 apposuerunt,
861 1693 1190 1750 secundum
1221 1710 1370 1764 quos
1398 1693 1710 1749 translatio
1742 1693 1864 1749 haec
1908 1694 2062 1750 facta

407 1790 517 1842 est.
545 1807 572 1838 ‹‹
592 1783 834 1856 Respice
867 1807 888 1836 ι
918 1781 1047 1838 dico
1081 1805 1110 1833 «
1133 1782 1271 1854 quia
1301 1799 1395 1838 me
1425 1781 1788 1854 dereliquisti
1813 1805 1840 1833 »
1865 1787 2058 1839 etnon

406 1875 805 1932 abundantem
836 1873 896 1927 in
928 1869 1374 1943 temporalibus,
1407 1870 1560 1927 sicut
1601 1872 1823 1944 priores
1863 1873 2062 1944 justos

407 1963 730 2030 fecisti,sed
763 1961 960 2033 potius
980 1964 1248 2034 egentem
1278 1981 1306 2010 «
1337 1976 1520 2030 quare
1547 1977 1638 2014 me
1663 1983 1684 2010 ιι
1713 1962 1947 2033 justum
1977 1961 2060 2017 sic

406 2050 807 2123 dereliquisti?
855 2050 980 2104 Non
1029 2047 1192 2119 ponit
1241 2047 1688 2103 admirationem
1738 2049 1895 2120 quod
1936 2050 2060 2120 ipse

406 2140 816 2202 admiraretur,
849 2137 950 2191 sed
983 2140 1047 2190 ut
1075 2136 1344 2190 ostendat
1375 2153 1480 2192 nos
1513 2137 1722 2192 debere
1756 2137 2055 2206 admirari,

407 2228 559 2299 quod
582 2227 707 2299 ipse
727 2229 846 2280 tam
860 2225 1150 2296 perfectus
1163 2241 1279 2279 non
1297 2223 1567 2280 habuerit
1579 2225 1956 2298 temporalem
1979 2244 2063 2282 re~

407 2314 874 2370 munerationem
897 2330 1016 2368 suae
1029 2313 1054 2383 j
1066 2311 1459 2380 ustitiaa,sicut
1473 2313 1697 2386 priores
1705 2315 1730 2386 j
1741 2315 1877 2370 usti.
1894 2316 2057 2372 Unde

407 2404 506 2458 dat
525 2403 695 2458 nobis
715 2401 1183 2474 intelligere,non
1205 2401 1589 2472 essejustitize
1603 2405 2054 2476 exspectandam

405 2491 934 2548 remunerationem
987 2489 1420 2561 temporalium,
1455 2492 1552 2547 sed
1605 2491 1928 2548 cmlestium
1963 2498 2058 2550 :ct

407 2598 522 2637 non
551 2584 781 2636 tantum
811 2595 904 2634 me
929 2595 1178 2652 egenum
1211 2579 1526 2648 fecisti,sed
1557 2597 1662 2637 084
1695 2581 1866 2655 longe
1895 2599 1930 2638 a
1962 2601 2054 2638 sa-

405 2669 528 2725 lute
558 2686 706 2736 mea,
740 2691 768 2720 »
803 2667 860 2722 id
907 2673 1016 2736 est,
1051 2668 1342 2740 permittis
1391 2685 1483 2724 me
1527 2669 1818 2738 tribulari,
1841 2675 1898 2726 et
1946 2669 2057 2727 hoc

404 2757 555 2826 ideo,
589 2757 726 2830 quia
759 2779 787 2808 «
816 2757 991 2812 verba
1038 2755 1386 2812 delictorum
1435 2775 1724 2825 meorum,
1756 2781 1784 2809 »
1831 2759 2056 2816 scilicet

405 2845 686 2914 fidelium,
706 2847 764 2902 id
796 2850 886 2901 est
905 2845 1119 2901 delicta
1148 2863 1278 2902 mea
1301 2845 1860 2915 clamantium,sunt
1882 2871 1910 2900 ‹‹
1935 2849 2056 2905 lon-

403 2951 474 3008 ge
504 2952 536 2990 a
567 2934 752 2990 salute
783 2950 934 2998 mea,
956 2955 984 2983 »
1017 2932 1076 2988 id
1107 2939 1218 3004 est,
1235 2935 1456 2990 faciunt
1488 2941 1542 2992 te
1572 2936 1744 3010 longe
1783 2955 1818 2992 a
1866 2937 2054 2994 salute

405 3040 572 3080 mea:
607 3023 798 3096 longe,
829 3023 968 3095 quia
1015 3022 1226 3078 delicta
1272 3042 1389 3080 non
1440 3031 1647 3098 rogant
1695 3027 1839 3081 mihi
1872 3027 2051 3082 vitam

353 3145 361 3151 -
405 3112 806 3184 temporalem,
839 3113 940 3168 sed
973 3117 1224 3168 mortem
1257 3130 1358 3184 per
1385 3131 1562 3186 quam
1597 3113 1918 3172 deleantur.
1938 3117 2048 3171 De-

2174 538 2404 594 Christo
2434 543 2666 593 tantum
2695 537 2805 592 fuit
2834 553 2950 592 non
2981 553 3051 592 ex
3080 535 3450 602 necessitate,
3473 535 3575 590 sed
3625 550 3694 590 ex
3735 551 3826 590 vo-

2173 627 2629 683 luntate.Posset
2649 624 2808 682 enim
2829 625 3110 697 adjuncta
3126 623 3402 680 divinitas
3421 638 3657 679 omnem
3679 625 3827 695 ejus

2174 713 2332 768 modi
2349 713 2707 770 voluntatem
2721 713 3028 786 expellere.
3041 710 3238 768 Voluit
3249 715 3445 766 autem
3457 710 3588 767 ideo
3601 711 3824 779 timere,

2174 808 2242 858 ut
2280 803 2350 857 de
2399 820 2462 858 se
2511 802 2642 859 aliis
2690 801 3021 874 exemplum
3055 800 3410 872 relinqueret
3443 817 3456 856 :
3485 801 3642 872 quod
3685 801 3734 855 si
3767 801 3826 858 in

2174 891 2446 964 passione
2476 892 2902 957 timerent,non
2933 890 3063 945 ideo
3086 891 3482 961 desperarent,
3498 891 3599 946 scd
3631 889 3826 962 potius

2172 985 2368 1036 tamen
2397 979 2684 1036 voluntati
2715 979 2838 1050 Dei,
2871 995 3050 1052 quam
3082 997 3201 1035 sua:
3231 977 3553 1034 obedirent.
3585 979 3656 1034 Et
3682 968 3827 1036 con-

2171 1075 2263 1125 tra
2292 1070 2401 1124 hoc
2432 1070 2588 1142 quod
2614 1069 2827 1142 aliquis
2849 1071 3051 1142 posset
3072 1068 3265 1123 dicere
3290 1084 3302 1122 :
3327 1066 3515 1123 Stulte
3535 1067 3826 1139 clamasti,

2173 1175 2308 1214 cum
2339 1157 2520 1214 scires
2550 1161 2609 1213 te
2659 1174 2776 1213 non
2823 1157 3274 1225 exaudiendum,
3307 1155 3487 1212 dicit:
3519 1156 3630 1212 hoc
3655 1178 3686 1208 «
3707 1173 3827 1214 non

2173 1248 2244 1304 ad
2274 1246 2676 1319 insipientiam
2697 1246 2844 1302 mihi
2870 1269 2891 1296 ιι
2917 1251 3008 1302 est
3037 1245 3452 1317 imputandum
3475 1261 3488 1300 :
3511 1245 3652 1318 quia
3668 1247 3828 1320 quod

2173 1336 2257 1393 sic
2290 1337 2372 1392 fui
2405 1335 2738 1404 derelictus,
2772 1352 3004 1408 passus,
3033 1334 3299 1390 clamans
3331 1351 3446 1390 non
3487 1335 3827 1408 exauditus,

2173 1440 2390 1498 magna
2418 1424 2530 1480 fuit
2554 1423 2861 1497 sapientia.
2897 1424 3004 1481 Per
3033 1423 3144 1480 hoc
3175 1423 3334 1479 enim
3367 1422 3477 1479 fuit
3497 1439 3631 1480 mea
3647 1422 3828 1498 glorié

2172 1513 2386 1582 ﬁcatio,
2420 1517 2478 1568 et
2506 1513 2752 1570 humani
2779 1513 3008 1587 generis
3029 1511 3343 1585 reparatio.

2247 1603 2334 1658 Tu
2353 1618 2446 1658 me
2467 1599 3213 1673 dereliquisti,clamantem
3236 1615 3352 1655 non
3387 1599 3699 1666 exaudisti,
3723 1601 3828 1655 sed

2170 1697 2370 1748 tamen
2405 1714 2434 1741 «
2455 1695 2520 1746 tu
2551 1689 2783 1746 habitas
2803 1711 2830 1740 n
2863 1691 2924 1745 in
2945 1705 3041 1745 me
3069 1711 3097 1739 ‹‹
3117 1691 3360 1745 sancto»
3391 1692 3457 1744 tu
3488 1688 3618 1744 dico
3643 1711 3672 1739 ‹‹
3693 1687 3830 1745 laus

2170 1779 2414 1847 Israel,»
2449 1778 2508 1834 id
2539 1781 2650 1846 est,
2685 1793 2862 1850 quem
2891 1776 3172 1834 laudabat
3201 1775 3402 1845 Israel,
3431 1780 3670 1849 propter
3708 1775 3830 1833 col-

2169 1869 2448 1925 lationem
2480 1869 2768 1924 bonorum
2798 1865 3233 1939 temporalium.
3255 1865 3383 1933 Vel',
3401 1865 3502 1938 qui
3527 1865 3673 1922 facis
3705 1865 3830 1923 Ian.

2170 1957 2422 2014 dabilem
2476 1956 2650 2012 Israel
2708 1956 3057 2012 conferendo
3107 1955 3456 2027 temporalia
3511 1955 3685 2011 bona.
3722 1955 3832 2012 Per

2169 2047 2347 2102 Israel
2377 2046 2699 2118 accipimus
2715 2061 3126 2117 quemcunque
3149 2045 3381 2115 justum
3403 2043 3476 2098 de
3505 2043 3684 2116 priori
3717 2061 3831 2117 po-

2168 2135 2328 2208 pulo,
2352 2136 2568 2208 quibus
2591 2135 2745 2190 Deus
2765 2135 2942 2190 dabat
2962 2132 3496 2188 remunerationem
3519 2133 3830 2204 suaajusti-

2166 2225 2283 2292 tiae,
2313 2224 2660 2298 temporalia
2706 2225 2860 2280 bona
2905 2221 3198 2278 contrario
3251 2223 3423 2278 modo
3473 2237 3652 2294 quam
3683 2223 3830 2279 huic

2159 2315 2344 2386 justo.

2239 2403 2392 2458 Bene
2423 2401 2550 2457 dico
2585 2401 2716 2456 laus
2765 2399 2962 2467 Israel,
2995 2400 3135 2473 quia
3173 2419 3194 2450 ι
3227 2399 3290 2456 in
3337 2405 3394 2456 to
3440 2406 3832 2472 speraverant

2165 2496 2362 2565 patres
2407 2491 2589 2547 nostri
2622 2513 2649 2542 »
2683 2491 2756 2546 de
2803 2489 3092 2546 habendis
3140 2490 3437 2562 prosperis
3490 2511 3518 2539 ‹‹
3547 2504 3831 2562 sperave-

2165 2585 2352 2636 runt»
2380 2580 2556 2636 etiam
2589 2581 2661 2635 de
2691 2579 3058 2634 removendis
3106 2578 3404 2651 periculis,
3427 2581 3485 2634 et
3521 2583 3587 2634 tu
3623 2600 3652 2630 «
3683 2578 3832 2634 libe-

2165 2669 2306 2727 rasti
2361 2687 2459 2726 eos
2487 2691 2516 2720 »
2551 2668 2702 2724 sicut
2754 2667 2816 2722 in
2868 2667 3016 2724 mari
3075 2669 3273 2724 Rubro
3319 2667 3514 2739 (Exod.
3561 2667 3702 2741 XIV).
3739 2670 3828 2724 Ad

2162 2764 2219 2816 te
2266 2758 2686 2825 clamaverunt,
2713 2756 2892 2812 veluti
2941 2756 3004 2812 in
3063 2758 3294 2814 deserto
3347 2773 3452 2830 pro
3508 2773 3684 2830 aqua,
3717 2775 3829 2830 pro

2163 2849 2316 2920 cibo,
2347 2842 2405 2904 et
2452 2845 2595 2903 salvi
2638 2846 2776 2902 facti
2831 2846 3213 2919 corporaliter
3259 2845 3588 2919 recipiendo
3637 2847 3830 2918 petita

2163 2937 2355 3010 (Exod.
2386 2953 2460 2992 xv
2487 2943 2538 2991 et
2564 2935 2701 3008 xw).
2733 2933 2880 3001 Quid
2915 2934 3150 3007 singula
3181 2933 3560 2990 enumerem?
3593 2956 3616 2984 α
3645 2934 3712 2989 In
3771 2938 3828 2990 te

2162 3029 2560 3098 speraverunt,
2594 3028 2651 3081 et
2681 3040 2797 3078 non
2819 3026 2960 3078 sunt
2988 3023 3236 3090 confusi,
3270 3041 3298 3075 ιι
3333 3021 3397 3078 id
3427 3026 3535 3092 est,
3565 3023 3827 3078 embesa

2161 3115 2412 3172 centiam
2445 3130 2560 3169 non
2583 3113 2918 3168 habuerunt
2939 3113 3091 3185 quod
3117 3113 3175 3168 in
3199 3111 3362 3168 nullo
3379 3113 3534 3185 quod
3556 3127 3830 3184 sperave-

407 3199 544 3256 licta
573 3201 717 3256 dicit
747 3218 874 3270 sua,
908 3218 1023 3256 non
1055 3202 1210 3274 quod
1242 3203 1365 3274 ipse
1397 3203 1649 3271 fecisset,
1673 3205 1774 3260 sed
1816 3223 1920 3278 pro
1967 3206 2051 3261 eis
2081 3189 2126 3258 (Σ
2164 3207 2303 3260 runt
2355 3202 2607 3257 fraudati
2663 3205 2823 3258 sunt.
2857 3199 2945 3256 Illi
3004 3205 3200 3273 patres
3247 3201 3306 3256 in
3353 3201 3634 3257 omnibus
3677 3218 3829 3270 sunt

407 3289 654 3362 portavit
682 3307 935 3362 poenam,
967 3289 1054 3347 vel
1085 3314 1105 3340 α
1134 3290 1479 3346 delictorum
1504 3309 1789 3362 meorum,
1815 3317 1843 3345 »
1867 3295 2051 3350 homi-

2159 3291 2504 3368 prosperati,
2525 3307 2669 3363 «ego
2695 3294 2894 3346 autem
2915 3311 2944 3342 »
2972 3291 3070 3362 qui
3089 3289 3556 3362 perfectissimus
3575 3305 3742 3346 eram
3764 3297 3826 3346 et

408 3395 572 3435 num.
611 3379 965 3452 Exsequitur
1015 3378 1466 3436 derelictionem.
1505 3382 1629 3436 Non
1677 3386 1906 3440 tantum
1959 3401 2051 3440 me
2151 3384 2354 3454 justus
2387 3405 2407 3431 ι
2440 3378 2657 3436 vermis
2686 3395 2840 3449 sum,
2875 3400 2897 3429 ι
2932 3379 2994 3434 id
3024 3383 3136 3448 est,
3159 3378 3536 3435 conculcatus
3583 3381 3652 3434 ut
3688 3395 3826 3434 vera

411 3490 438 3519 «
470 3467 897 3540 dereliquisti,»
930 3469 1031 3524 sed
1053 3469 1230 3524 etiam
1255 3485 1348 3524 me
1369 3467 1722 3527 clamantem
1745 3491 1860 3528 non
1885 3490 2054 3530 exau-

407 3557 554 3624 dies,
583 3561 642 3612 et
668 3557 778 3613 hoc
798 3559 888 3614 est
919 3574 932 3614 :

483 3665 506 3695 ι
539 3646 694 3702 Deus
715 3646 1182 3714 meus,clamabo
1204 3664 1304 3720 per
1331 3649 1542 3716 diem,»
1569 3649 1626 3704 id
1649 3655 1756 3718 est,
1773 3667 1876 3722 per
1903 3657 2051 3707 tem-

407 3751 519 3808 pus
549 3733 784 3808 aliquod
820 3753 832 3791 :
867 3736 954 3792 vel
986 3753 1088 3807 per
1117 3736 1293 3804 diem,
1331 3738 1388 3792 id
1418 3742 1527 3806 est,
1561 3738 1620 3793 in
1674 3741 2053 3811 prosperitate

412 3844 434 3873 ι
459 3828 516 3880 et
537 3847 560 3876 ι
597 3824 912 3881 clamorem
931 3824 1112 3881 istum
1141 3849 1168 3876 «
1191 3843 1306 3881 non
1329 3827 1602 3883 exaudies
1623 3826 1685 3882 in
1727 3833 1913 3895 nocte,
1932 3850 1959 3878 »
1995 3828 2053 3883 id

403 3915 579 3982 est,in
610 3914 956 3970 adversitate
987 3915 1301 3970 «clamabo
1327 3933 1430 3972 nec
1449 3917 1774 3982 exaudies,»
1801 3919 1860 3972 In
1885 3923 2054 3975 nocte

405 4000 698 4071 clamavit,
717 4005 782 4056 ut
811 4001 870 4055 in
903 4002 1274 4059 imminentia
1304 4005 1596 4076 passionis
1625 4023 1760 4062 cum
1787 4007 2004 4064 diceret
2037 4024 2050 4063 :

404 4110 439 4140 a
461 4089 646 4156 Pater,
661 4088 711 4144 si
733 4087 857 4144 fieri
883 4094 1071 4160 potest
1101 4093 1357 4148 transfer
1386 4111 1420 4148 a
1443 4111 1534 4150 me
1557 4094 1796 4152 calicem
1821 4097 2001 4153 istum
2037 4115 2050 4152 :

406 4181 808 4232 verumtamen
842 4193 958 4232 non
987 4194 1117 4232 mea
1134 4177 1404 4236 voluntas
1439 4184 1538 4237 sed
1576 4187 1680 4238 tua
1725 4186 1826 4240 ﬁat
1847 4186 2052 4256 (Matth.

407 4261 582 4335 xxvx).
615 4285 643 4314 »
681 4265 744 4319 In
776 4263 870 4320 die
893 4262 1186 4334 clamavit,
1213 4283 1347 4321 cum
1379 4285 1512 4324 cum
1542 4269 1601 4324 in
1634 4287 1826 4343 regem
1867 4273 2055 4330 Judaei

408 4352 761 4410 constituere
781 4353 1091 4410 voluerunt
1117 4356 1295 4426 (Joan.
1314 4358 1410 4424 γι).
1433 4357 1576 4411 Cum
1600 4358 1742 4414 dicit
1760 4360 2056 4418 Christum

409 4459 470 4499 se
485 4441 926 4512 clamantem,et
951 4461 1065 4499 non
1089 4461 1218 4501 esse
1247 4443 2057 4521 exauditum,intelligendum

2160 3471 2274 3528 mis
2302 3493 2330 3522 ‹‹
2357 3474 2416 3527 et
2463 3485 2580 3526 non
2633 3469 2882 3537 homo,»
2934 3468 2993 3524 id
3044 3473 3154 3537 est,
3186 3485 3304 3525 non
3361 3468 3826 3525 considerabant

2160 3578 2354 3617 meam
2383 3559 2816 3616 humanitatem
2849 3575 2862 3613 :
2896 3561 2954 3614 et
2981 3557 3158 3614 etiam
3183 3557 3614 3631 «opprobrium
3633 3557 3829 3614 homi-

2161 3667 2327 3720 num,
2359 3672 2387 3701 »
2419 3649 2477 3704 id
2509 3652 2618 3717 est,
2652 3647 2712 3702 in
2755 3663 2933 3720 quem
2983 3646 3370 3720 projiciebant
3408 3646 3680 3704 homines
3712 3663 3828 3703 sua

2161 3737 2475 3811 opprobria
2507 3758 2537 3788 «
2567 3741 2624 3792 et
2653 3736 2902 3808 abjectio
2932 3736 3140 3809 plebis,
3161 3757 3182 3787 ι
3205 3736 3264 3792 id
3295 3736 3494 3805 est,de
3525 3751 3644 3808 quo
3671 3737 3830 3792 diee-

2163 3829 2372 3884 batur:
2406 3827 2720 3898 Nunquam
2745 3825 2998 3898 populus
3020 3825 3130 3882 erit
3147 3824 3424 3892 mundus,
3445 3823 3554 3880 nisi
3577 3824 3827 3898 abjiciao

2161 3923 2276 3973 tur.
2307 3915 2410 3972 Vel
2440 3915 2523 3970 ita
2555 3938 2584 3966 ‹‹
2615 3931 2720 3988 ego
2743 3931 2875 3970 sum
2904 3914 3118 3971 vermis
3138 3931 3166 3962 ι)
3197 3915 3422 3976 habens
3443 3913 3636 3972 verbis
3658 3918 3824 3970 natu-

2163 4024 2312 4078 ram,
2345 4004 2591 4072 scilicet,
2613 4005 2755 4077 quia
2786 4003 2940 4060 sicut
2965 4004 3182 4060 vermis
3213 4004 3342 4060 sine
3379 4003 3604 4061 semine
3637 4003 3829 4077 patris

2163 4098 2504 4169 procreatur
2523 4095 2595 4150 de
2625 4098 2800 4161 terra,
2835 4092 2919 4148 ita
2947 4092 3216 4148 Christus
3247 4093 3318 4149 de
3347 4095 3534 4149 matre
3564 4096 3825 4159 tantum,

2168 4207 2196 4236 «
2219 4203 2335 4241 non
2365 4185 2542 4240 homo
2568 4207 2590 4235 ι
2619 4181 2983 4251 tantum,sed
3007 4185 3064 4238 et
3088 4181 3370 4238 Deus.Vel
3395 4203 3423 4234 ‹‹
3444 4198 3562 4238 non
3582 4181 3822 4247 homo,»

2165 4274 2224 4328 id
2255 4277 2344 4330 est
2372 4276 2664 4346 peccator,
2699 4269 2839 4344 quia
2870 4275 3175 4342 peccatum
3199 4271 3354 4344 quod
3393 4275 3484 4327 est
3513 4270 3825 4344 proprium

2167 4362 2428 4418 hominis
2458 4378 2574 4417 non
2608 4359 2836 4416 habuit.

2237 4452 2355 4523 Ego
2384 4454 2506 4506 tam
2539 4449 2776 4522 dignus,
2808 4448 3187 4522 opprobrium
3219 4449 3528 4506 hominum
3547 4465 3688 4506 sum
3723 4465 3738 4503 :
3767 4451 3828 4504 et:

407 4537 496 4589 est
527 4549 662 4588 cum
693 4533 946 4589 clamare
971 4534 1294 4589 secundum
1327 4523 1651 4590 naturalem
1679 4535 2054 4609 voluntatem,
2087 4559 2136 4627 Β
2167 4556 2302 4595 cum
2351 4538 2734 4611 opprobrium
2781 4556 2936 4608 sum,
2965 4561 2993 4589 «
3015 4539 3157 4612 quia
3185 4555 3390 4596 omnes
3431 4538 3698 4594 videntes
3729 4547 3825 4592 me

409 4638 522 4676 non
556 4623 879 4678 secundum
912 4622 1383 4693 spiritualem.ln
1415 4623 1572 4677 omni
1596 4623 1928 4696 enimjusto
1959 4629 2059 4684 du-

407 4709 537 4782 plex
558 4709 844 4776 voluntas,
863 4711 1148 4768 naturalis
1169 4711 1481 4778 scilicet,et
1508 4711 1830 4784 spiritualis
1855 4733 1867 4772 :
1895 4721 2060 4773 natu-

407 4799 544 4854 ralis
575 4804 664 4854 est
694 4815 924 4872 semper
944 4801 1014 4855 de
1044 4800 1370 4872 temporali,
1405 4801 1644 4869 scilicet,
1676 4808 1741 4858 ut
1771 4804 1944 4860 homo
1973 4807 2055 4862 vi-

404 4892 526 4944 tam
560 4893 904 4962 praesentem
936 4889 1167 4962 diligat,
1200 4894 1448 4945 mortem
1484 4890 1706 4959 timeat,
1729 4898 1787 4948 et
1819 4894 2054 4952 similia.

408 4979 534 5033 llaec
564 4983 760 5034 autem
791 4977 1060 5034 voluntas
1086 4984 1388 5050 peccatum
1424 4997 1538 5034 non
1569 4983 1739 5050 est,si
1765 4984 2054 5056 spirituali

403 5066 686 5123 voluntati
735 5068 1061 5124 consentiat.
1103 5085 1114 5122 :
1151 5069 1305 5123 sicut
1363 5069 1420 5124 in
1473 5070 1704 5126 Christo
1763 5075 1860 5145 qui
1921 5092 2054 5130 eum

405 5160 625 5226 peteret
655 5157 979 5213 secundum
1029 5156 1353 5213 naturalem
1403 5157 1784 5229 voluntatem,
1816 5167 1880 5216 ut
1909 5164 2056 5220 calix

403 5246 820 5302 transferretur
835 5264 868 5302 a
889 5264 970 5314 se,
991 5247 1364 5302 consentiens
1385 5247 1583 5318 potius
1603 5249 1890 5320 spirituali
1923 5254 2057 5309 sub-

399 5331 1050 5401 junxit:Verumtamen
1066 5354 1179 5392 non
1202 5353 1327 5391 mea
1342 5335 1748 5402 voluntas,sed
1775 5345 1875 5396 tua
1905 5345 2006 5398 tiat
2037 5361 2050 5400 :

409 5419 491 5474 sic
511 5421 728 5492 etjusti
751 5421 950 5478 alii.Si
985 5440 1117 5479 vero
1159 5423 1453 5496 spirituali
1478 5425 1799 5481 naturalem
1832 5446 2052 5501 praepo-

407 5511 528 5574 nat,
545 5513 844 5578 peccatum
875 5515 987 5580 est,
1007 5515 1071 5566 ut
1108 5512 1157 5568 si
1198 5513 1331 5584 quis
1369 5529 1503 5568 cum
1533 5529 1767 5571 necesse
1788 5515 1864 5572 sit
1903 5521 2053 5576 mori

405 5613 512 5682 pro
538 5597 867 5670 ﬁde,vitam
897 5600 1208 5662 custodiat.
1241 5602 1311 5662 Et
1341 5617 1475 5661 cum
1509 5601 1568 5660 in
1609 5605 1882 5668 omnibus
1921 5611 2052 5672 aliis

2165 4628 2518 4696 deriserunt,
2538 4649 2566 4678 »
2587 4627 2810 4684 scilicet
2844 4650 2872 4679 «
2891 4633 3030 4684 sunt
3060 4628 3242 4684 locuti
3269 4651 3290 4679 ι
3317 4629 3389 4685 de
3409 4643 3504 4684 me
3522 4650 3546 4677 ι
3573 4625 3768 4682 labiis.
3787 4641 3820 4677 ιι

2167 4717 2351 4790 Loqui
2383 4715 2576 4789 labiis,
2599 4720 2689 4774 est
2705 4717 2831 4773 sine
2855 4717 3187 4774 rationabili
3209 4717 3588 4774 meditatione
3609 4714 3769 4788 loqui
3803 4723 3820 4770 2

2165 4810 2222 4862 et
2242 4806 2325 4861 sic
2347 4807 2520 4862 etiam
2547 4823 2639 4862 me
2657 4806 3355 4880 deridernnt,movcrunt,
3377 4805 3602 4862 scilicet
3631 4803 3826 4876 capita

2165 4913 2273 4950 sua
2297 4896 2517 4964 (Matth.
2533 4913 2715 4963 xxvn;
2741 4899 2918 4952 Marc.
2941 4901 3056 4966 xv).
3083 4897 3307 4952 Movere
3329 4899 3507 4969 caput
3524 4898 3616 4950 est
3635 4907 3824 4967 genus

2165 4985 2496 5041 derisionis.
3035 5003 3046 5014 ·

2236 5075 2562 5130 Deridendo
2595 5074 2867 5130 dixerunt
2899 5092 2912 5130 :
2950 5098 2978 5126 «
3011 5075 3275 5148 Speravit
3321 5075 3382 5130 in
3431 5071 3682 5130 Domino
3704 5095 3732 5122 ››
3758 5075 3825 5126 ut

2164 5168 2292 5238 ipse
2321 5164 2674 5234 dicit,modo
2711 5187 2732 5214 «ι
2768 5163 2976 5236 eripiat
3005 5181 3141 5220 eum
3169 5188 3190 5215 ι
3214 5181 3250 5218 a
3280 5162 3555 5220 manibus
3576 5162 3821 5228 nostris,

2163 5255 2250 5310 vel
2284 5253 2490 5310 saltem
2527 5275 2555 5304 «
2586 5253 2760 5308 faciat
2791 5269 2926 5310 eum
2959 5254 3184 5310 salvum
3219 5275 3247 5305 »
3280 5269 3583 5326 resurgere
3615 5273 3644 5302 ‹‹
3677 5267 3824 5322 quo-

2165 5345 2320 5399 niam
2354 5342 2480 5398 vult
2499 5358 2656 5396 eum.
2678 5365 2704 5393 ››
2735 5342 2850 5414 Ipsi
2870 5343 3072 5398 dicunt
3101 5343 3310 5416 eripiat
3331 5359 3464 5398 eum
3497 5346 3556 5398 et
3574 5338 3816 5407 similia,

2163 5435 2266 5490 sed
2298 5439 2387 5502 tu,
2409 5431 2674 5499 Domine,
2708 5448 2780 5486 ne
2813 5431 3154 5490 discesseris
3183 5450 3217 5489 a
3267 5449 3378 5500 me,
3412 5455 3441 5481 »
3475 5431 3532 5485 id
3583 5435 3696 5496 est,
3730 5429 3820 5484 fac

2164 5541 2256 5580 me
2288 5537 2612 5595 resurgere.
2984 5519 2988 5522 ’
3615 5541 3626 5546 ·
3793 5539 3807 5546 ·

2231 5613 2302 5674 Et
2332 5611 2640 5691 praemittit
2661 5627 2921 5688 causam,
2955 5628 3134 5690 quare
3164 5629 3283 5674 non
3312 5609 3486 5672 debet
3513 5607 3818 5671 discedere
