4070 6180
1393 327 1889 394 EXPLANA'PIO
1932 333 2010 394 ΙΝ
2059 325 2442 400 PSALMOS.

3504 313 3622 409 εδδ

199 462 284 519 sic
322 516 334 543 ι
371 460 506 519 ideo
549 476 622 518 ne
668 460 1030 531 discesseris,
1055 485 1084 513 «
1119 463 1398 536 quoniam
1429 467 1492 520 tu
1527 482 1588 522 es
1618 465 1720 538 qui
1769 482 1862 522 ex-
1893 465 1946 534 Α
1977 488 2007 515 ‹‹
2039 470 2320 540 tanquam
2348 473 2555 526 testa.»
2568 471 2669 527 Vcl
2692 495 2720 521 ‹‹
2743 473 2898 529 aruit
2925 477 3209 547 tanquam
3235 481 3410 547 testa,
3439 501 3465 527 ››
3489 479 3627 551 quia

203 575 228 602 α
257 551 493 610 traxisti
524 567 619 606 me
649 552 721 606 de
741 555 959 622 ventre,
989 573 1016 601 »
1040 554 1180 624 quia
1201 557 1263 608 tu
1286 553 1446 610 solus
1470 559 1678 610 natura
1698 554 1860 609 nulla

199 641 518 713 adjuvante
547 640 735 697 fecisti
768 655 861 697 me
881 641 1045 698 nasci
1071 659 1085 698 :
1111 641 1248 714 quia
1269 660 1404 698 cum
1435 643 1496 699 in
1527 643 1656 699 aliis
1677 643 1860 700 soleat

199 734 413 786 natura
441 731 672 803 operari
703 747 838 786 cum
869 731 1192 800 divinitate,
1225 732 1285 786 in
1315 732 1431 788 isto
1466 732 1591 789 solo
1621 735 1859 805 operata

200 819 504 887 divinitas,
527 836 644 875 non
668 824 917 874 natura:
943 824 1001 876 et
1023 825 1259 893 propter
1279 820 1387 877 hoc
1409 839 1523 877 non
1546 822 1722 876 debes
1745 821 1858 878 dis-

196 909 421 976 cedere,
448 908 730 980 quoniam
754 913 817 964 tu
841 925 903 965 es
923 931 953 960 «
978 925 1113 981 spes
1136 925 1268 966 mea
1288 927 1321 965 a
1337 911 1643 982 juventute
1663 927 1851 980 mea,»

196 998 252 1053 id
273 1000 366 1054 est
382 1013 521 1052 cum
544 996 739 1052 adhuc
761 1012 1028 1070 sugerem
1053 998 1450 1067 ubera,totam
1474 1016 1639 1072 spem
1661 1016 1852 1056 meam

195 1087 362 1162 posui
394 1085 457 1142 in
478 1091 558 1142 te.
576 1086 639 1142 In
671 1086 781 1142 hoc
801 1085 1054 1143 maxime
1074 1091 1236 1144 notat
1259 1088 1672 1160 perfectionem
1695 1089 1856 1145 Chri-

197 1171 268 1232 sti
291 1193 306 1231 :
332 1179 391 1231 et
412 1180 655 1249 propter
675 1175 786 1232 hoc
807 1175 1020 1232 iterum
1044 1193 1160 1233 non
1181 1175 1358 1234 debes
1379 1178 1698 1246 discedere,
1715 1179 1854 1250 quia

196 1289 228 1316 ‹‹
253 1265 558 1338 projectus
579 1281 713 1321 sum
737 1281 806 1322 ex
825 1269 1049 1335 utero,»
1073 1265 1134 1322 id
1155 1269 1246 1322 est
1265 1283 1334 1322 ex
1354 1283 1470 1339 quo
1496 1283 1629 1324 sum
1653 1273 1848 1339 natus,

192 1353 324 1410 vilis
352 1353 599 1410 habitus
628 1370 762 1410 sum
785 1359 842 1411 et
860 1370 1100 1428 egenus,
1115 1354 1272 1411 velut
1294 1356 1540 1428 quilibet
1563 1356 1848 1428 abjectus,

195 1441 420 1500 scilicet
462 1459 582 1499 non
629 1460 764 1499 sum
812 1444 1105 1516 projectus
1132 1445 1194 1499 in
1223 1445 1430 1512 Adam,
1464 1444 1686 1502 scilicet
1733 1463 1850 1502 non

196 1533 411 1604 recepit
430 1549 528 1588 me
562 1537 887 1604 peccatum,
912 1533 1014 1588 sed
1040 1557 1066 1584 α
1095 1533 1231 1589 inte
1255 1557 1283 1582 ››
1307 1533 1406 1606 qui
1429 1551 1520 1590 me
1543 1533 1848 1590 custodisti

196 1622 524 1678 immunem
545 1622 620 1678 ab
641 1621 802 1678 omni
824 1627 1079 1694 peccato,
1101 1627 1337 1696 propter
1357 1624 1512 1696 quod
1538 1641 1650 1678 non
1675 1623 1852 1681 debes

195 1710 493 1767 discedere
515 1727 550 1766 a
569 1727 682 1768 me.
697 1712 769 1766 Et
791 1711 928 1766 item
950 1716 1188 1783 propter
1209 1711 1624 1784 boc,quoniam
1650 1736 1676 1763 «
1702 1715 1765 1768 tu
1787 1730 1850 1769 es

1969 555 2122 611 sicut
2164 560 2318 614 testa
2347 560 2753 617 combustione
2807 561 3049 620 solidior
3089 569 3146 621 et
3195 563 3400 623 fortior
3430 567 3515 636 fit,
3548 568 3630 624 ita

1966 643 2175 713 virtus,
2201 647 2412 704 Christi
2440 648 2573 721 igne
2595 649 2888 722 passionis
2909 655 3308 727 comprobata,
3333 656 3629 714 robustior

1968 733 2240 803 apparuit
2265 751 2314 790 ;‹‹
2339 735 2407 790 Et
2438 735 2641 810 lingua
2672 755 2803 795 mea
2833 740 3080 797 adhaesit
3111 742 3380 800 faucibus
3409 746 3574 818 meis,
3595 767 3624 796 η

1967 819 2025 875 id
2057 826 2164 890 est,
2198 822 2295 894 qui
2336 823 2500 895 prius
2551 826 2810 882 solebam
2839 828 3063 898 docere,
3099 831 3374 900 conticui,
3401 837 3465 888 ut
3516 849 3623 891 nec

1966 905 2150 964 Pilato
2193 909 2574 984 interroganti
2609 917 3022 986 responderem
3057 917 3257 991 (Matth.
3289 922 3485 988 xxvu).
3510 920 3624 977 Po-

1963 1000 2079 1052 test
2107 997 2217 1054 hoc
2249 999 2490 1071 quidam
2540 1002 2652 1074 legi
2705 1004 2776 1058 ad
2820 1003 3180 1078 allegoriam,
3207 1009 3473 1081 quamvis
3521 1009 3617 1069 hic

1962 1085 2157 1143 locum
2189 1105 2305 1143 non
2347 1088 2553 1158 habat;
2579 1091 2662 1146 sic
2689 1115 2714 1141 «
2740 1091 2943 1165 lingua
2980 1109 3169 1163 mea,»
3192 1096 3249 1150 id
3271 1102 3359 1153 est
3401 1099 3616 1171 praedi-

1963 1180 2188 1231 catores
2207 1177 2342 1245 mei,
2359 1195 2621 1251 perquos
2641 1196 2745 1253 ego
2763 1179 3010 1253 loquor«
3027 1183 3270 1240 adhaasit
3287 1175 3624 1258 faucibus”;

1963 1263 2021 1319 id
2044 1268 2133 1320 est
2152 1265 2373 1322 sanctis
2396 1267 2734 1340 Scripturis,
2751 1270 3076 1326 secundum
3100 1287 3247 1344 quas
3273 1273 3384 1348 ipsi
3408 1276 3616 1347 prsidi-

1962 1358 2261 1410 caverunt.
2296 1355 2610 1428 Scriptura:
2642 1357 2921 1414 dicuntur
2965 1360 3161 1417 fauces
3193 1361 3315 1431 Dei,
3349 1363 3488 1435 quia
3515 1381 3618 1439 per

1962 1457 2060 1496 eas
2092 1441 2427 1516 incorporat
2457 1443 2568 1500 sibi
2602 1445 2850 1519 aliquos,
2875 1449 3030 1504 sicut
3066 1465 3170 1521 per
3197 1451 3393 1508 fauces
3424 1452 3619 1511 bellua

1960 1530 2071 1587 sibi
2103 1531 2437 1604 incorporat
2468 1533 2756 1606 aliquid.«
2780 1537 2850 1592 Et
2871 1537 3163 1594 deduxisti
3200 1555 3293 1594 me
3325 1539 3385 1596 in
3417 1539 3617 1614 pulve-

1961 1637 2083 1674 rem
2117 1620 2346 1689 mortis,
2374 1644 2402 1670 ››
2425 1621 2483 1676 id
2514 1627 2604 1678 est
2634 1621 2911 1697 redegisti
2952 1642 3046 1681 me
3086 1627 3145 1682 in
3187 1627 3482 1700 pulverem
3515 1641 3619 1702 per

1961 1714 2232 1776 mortem,
2259 1727 2373 1765 non
2396 1711 2552 1781 quod
2575 1727 2788 1784 corpus
2811 1714 2939 1785 ejus
2961 1719 3343 1786 putresceret,
3367 1718 3470 1774 sed
3491 1718 3618 1792 pul-

193 1799 340 1856 Deus
359 1801 777 1907 meus,»id‘est
799 1800 1000 1855 unitus
1021 1817 1034 1854 :
1056 1818 1172 1856 non
1190 1805 1418 1856 tantum
1439 1802 1673 1873 quando
1695 1806 1850 1874 pate-
1878 1841 1924 1907 Β
1959 1813 2149 1853 verem
2182 1798 2396 1899 accipit
2425 1799 2816 1907 quod‘cunque
2846 1817 3059 1874 corpus
3106 1807 3418 1876 postquam
3456 1822 3615 1864 mor-

193 1889 282 1944 bat
304 1905 413 1960 per
435 1887 744 1956 miracula,
762 1889 862 1945 sed
887 1913 912 1938 «
937 1890 1008 1944 de
1030 1893 1284 1956 ventre,»
1299 1889 1355 1945 id
1378 1895 1468 1946 est
1497 1908 1565 1946 ex
1586 1889 1686 1945 illo
1708 1895 1848 1945 tem-

191 1995 322 2051 pore
338 1978 402 2034 in
418 1995 538 2050 quo
554 1978 746 2033 adhuc
765 1994 924 2034 eram
941 1977 1001 2033 in
1013 1978 1387 2034 ventre.Cum
1405 1979 1634 2034 invocat
1652 1996 1720 2034 ne
1734 1979 1848 2034 dis-

192 2068 459 2134 cesseris,
473 2067 640 2140 ponit
659 2067 1126 2140 deprecationem
1157 2071 1360 2122 contra
1389 2066 1847 2123 derelictionem-

257 2158 421 2231 Rogo
453 2173 528 2212 ne
559 2156 847 2223 discedas,
872 2161 930 2212 et
958 2173 1108 2229 Opus
1145 2161 1253 2224 est,
1280 2179 1308 2206 »
1331 2157 1617 2224 Quoniam
1656 2157 1842 2213 tribu-

191 2245 324 2302 latio
354 2245 629 2318 proxima
657 2249 766 2315 est,
790 2268 819 2297 »
852 2245 910 2302 id
955 2250 1044 2302 est
1083 2247 1212 2318 jam
1243 2246 1388 2302 mihi
1421 2245 1708 2302 imminet.
1741 2244 1842 2303 Vel

189 2336 473 2408 proxima,
508 2334 650 2408 quia
680 2335 740 2390 in
781 2351 912 2391 mea
959 2335 1192 2408 propria
1240 2352 1490 2408 persona
1536 2340 1644 2391 est.
1679 2335 1842 2401 Quod

186 2425 340 2481 enim
372 2426 446 2481 ﬁt
475 2425 538 2480 in
569 2425 743 2480 rebus
788 2424 1006 2481 nostris
1053 2424 1142 2480 vel
1193 2424 1419 2492 amicis,
1446 2424 1840 2496 propinquum

185 2519 300 2583 est;
325 2514 488 2586 quod
512 2519 709 2570 autem
733 2513 794 2568 in
814 2513 984 2570 nobis
1007 2514 1172 2586 ipsis,
1200 2514 1531 2587 proximum
1554 2519 1662 2570 est.
1699 2516 1841 2570 Item

185 2607 425 2675 prepter
481 2602 592 2658 hoc
636 2619 784 2674 opus
841 2607 952 2672 est,
977 2626 1005 2653 «
1031 2605 1310 2675 quoniam
1361 2620 1477 2659 non
1525 2607 1616 2660 est
1641 2627 1666 2652 ››
1689 2603 1841 2660 alius

185 2716 210 2740 α
239 2691 347 2764 qui
378 2692 640 2762 adjuvet.
667 2714 696 2741 ››
717 2691 819 2748 Hic
851 2691 1058 2764 incipit
1089 2693 1160 2748 de
1191 2692 1483 2764 passione.

249 2781 410 2836 Bene
441 2779 592 2849 dico,
618 2781 775 2852 quod
801 2780 1098 2836 tribulatio
1130 2781 1396 2854 proxima
1415 2785 1527 2850 est,
1559 2781 1840 2853 quoniam

182 2869 350 2924 vituli
367 2866 601 2936 multi,»
619 2869 677 2925 id
694 2873 784 2925 est
804 2869 1119 2924 multitudo
1140 2869 1342 2941 populi
1361 2869 1592 2925 Judaici
1610 2871 1710 2942 qui
1731 2871 1842 2927 las-

181 2959 477 3014 civiebant
504 2962 710 3014 contra
739 2957 1060 3025 Christum,
1094 2956 1255 3013 nullo
1289 2958 1609 3030 compressi
1645 2959 1792 3031 jugo
1821 2976 1836 3016 :

182 3053 388 3104 contra
403 3064 541 3103 eum
559 3046 888 3103 sicutvituli
906 3045 1393 3119 lasciviunt,quos
1410 3047 1672 3102 nondum
1691 3064 1843 3103 com-

180 3135 387 3209 primit
397 3139 639 3210 jugum.
665 3136 733 3192 Hi
756 3135 902 3192 tales
921 3135 1086 3192 vituli
1110 3159 1137 3187 «
1163 3135 1678 3191 circumdederunt
1699 3153 1791 3192 me
1813 3158 1839 3186 η

1954 1889 2123 1941 tuum
2152 1890 2259 1954 est,
2277 1887 2450 1958 juxta
2471 1888 2646 1943 verba
2669 1906 2796 1960 quae
2818 1889 3104 1947 Dominus
3126 1891 3266 1948 dicit
3289 1894 3360 1948 ad
3381 1895 3567 1952 Adam
3593 1911 3609 1954 :

1957 1998 1984 2024 «
2007 1974 2167 2030 Cinis
2189 1990 2271 2043 es,
2296 1980 2354 2031 et
2384 1975 2443 2030 in
2478 1993 2744 2034 cenerem
2786 1979 3091 2035 reverteris
3118 1981 3272 2050 (Gen.
3297 1985 3442 2052 111),»
3465 1984 3612 2042 dans

1954 2063 2345 2119 universalem
2392 2065 2745 2122 sententiam
2776 2067 2846 2122 de
2877 2067 3036 2123 omni
3068 2067 3330 2125 humana
3377 2074 3610 2131 natura.

1954 2152 2083 2208 Haec
2114 2152 2404 2209 sententia
2454 2170 2586 2211 vera
2632 2159 2722 2212 est
2762 2155 2879 2213 illis
2930 2157 3032 2229 qui
3079 2157 3192 2213 vivi
3243 2158 3614 2217 invenientur

1953 2258 2087 2298 cum
2119 2242 2407 2299 Dominus
2436 2244 2660 2300 venerit
2684 2245 2952 2317 judicare
2977 2263 2990 2303 :
3015 2246 3154 2319 quia
3189 2246 3326 2304 licet
3354 2264 3470 2305 non
3502 2266 3611 2323 pu-

1951 2332 2206 2400 treﬁant,
2230 2336 2426 2388 tamen
2449 2331 2508 2387 in
2531 2331 2658 2406 ipso
2681 2338 2853 2406 raptu
2875 2335 3267 2392 movebuntur
3283 2335 3373 2393 vel
3405 2336 3463 2393 in
3486 2335 3612 2410 pul-

1949 2436 2166 2488 verem,
2195 2421 2521 2477 secundum
2563 2422 2900 2495 opinionem
2941 2423 3301 2481 Judaorum.
3327 2425 3522 2483 Potest
3549 2431 3620 2500 et,

1949 2509 2058 2565 hoc
2091 2509 2398 2582 allegorice
2431 2509 2567 2584 legi,
2593 2513 2692 2568 sed
2725 2511 2820 2568 hic
2851 2529 2968 2569 non
3001 2513 3176 2570 habet
3203 2513 3436 2572 locum:
3462 2539 3490 2566 α
3515 2515 3609 2573 de-

1949 2598 2168 2653 duxisti
2201 2615 2294 2654 me
2328 2621 2356 2648 »
2390 2615 2494 2672 per
2533 2599 3004 2672 praedicationem
3045 2619 3309 2660 meorum
3332 2627 3360 2654 ‹‹
3383 2604 3442 2660 in
3475 2605 3606 2678 pul-

1947 2703 2143 2743 verem
2176 2686 2407 2755 mortis,
2429 2710 2456 2736 n
2482 2688 2539 2742 id
2572 2692 2661 2744 est
2690 2688 2749 2743 in
2781 2689 3051 2761 gentiles,
3076 2691 3178 2763 qui
3205 2691 3396 2764 pulvis
3417 2697 3605 2766 erant,

1949 2775 2172 2831 scilicet
2203 2792 2320 2832 non
2352 2774 2608 2848 colligati
2640 2776 2871 2834 vinculo
2901 2779 3036 2835 fidei
3072 2778 3161 2836 vel
3189 2778 3515 2854 charitatis,
3549 2786 3608 2840 et

1949 2864 2164 2920 mortui
2195 2864 2255 2918 in
2290 2864 2566 2936 peccatis.

2020 2952 2148 3008 Haec
2191 2952 2391 3009 omnia
2436 2951 2592 3008 mala
2637 2953 2766 3010 ideo
2817 2959 3103 3011 venerunt
3127 2979 3154 3007 ‹‹
3181 2955 3458 3029 quoniam
3491 2958 3602 3015 cir-

1948 3042 2374 3098 cumdederunt
2421 3057 2515 3098 me
2563 3059 2736 3100 canes
2783 3043 2975 3114 multi,
3007 3067 3034 3094 ››
3058 3045 3116 3100 id
3147 3049 3238 3102 est
3265 3045 3477 3113 Judaai,
3501 3046 3602 3121 qui

1947 3131 2225 3185 dicuntur
2245 3148 2442 3199 canes,
2456 3132 2615 3203 quia,
2633 3133 2786 3188 sicut
2805 3151 3000 3203 canes,
3018 3133 3280 3191 illatrant
3302 3135 3604 3192 irrationa-

181 3243 244 3280 ex
271 3243 396 3299 quo
429 3209 801 3298 iuicaaperunt
828 3241 1013 3297 usque
1043 3225 1101 3280 in
1133 3225 1323 3296 ipsam
1355 3228 1602 3279 mortem
1626 3247 1654 3274 «
1687 3223 1838 3279 tauri
1870 3209 1912 3275 C
1951 3219 2146 3274 biliter
2177 3237 2190 3275 :
2225 3219 2364 3292 quia
2390 3220 2438 3276 si
2471 3219 2705 3277 videant
2741 3222 3045 3279 insolitum
3075 3223 3320 3297 aliquid,
3343 3225 3519 3281 etiam
3552 3223 3603 3282 si

180 3316 490 3389 pingues,»
511 3315 570 3370 id
594 3319 683 3370 est
705 3315 813 3386 ipsi
842 3313 1132 3386 principes
1153 3318 1357 3370 contra
1377 3312 1673 3368 Christum
1702 3313 1838 3368 fero.

181 3421 316 3460 ces«
337 3405 703 3460 obsederunt
722 3420 873 3470 me,»
888 3404 944 3458 id
965 3407 1054 3459 est
1075 3420 1239 3458 mora
1261 3407 1317 3458 et
1337 3401 1582 3459 consilio
1603 3401 1842 3475 quaesie-

178 3497 311 3548 runt
337 3510 436 3548 me
458 3497 647 3548 morte
667 3508 1021 3564 expugnare,
1048 3492 1120 3546 ad
1144 3491 1384 3547 modum
1418 3490 1836 3546 obsidentium.

244 3583 314 3637 Et
348 3581 409 3636 hi
439 3581 782 3637 obsidentes
804 3585 863 3636 et
888 3581 1321 3636 circumdantes
1344 3603 1371 3629 ‹‹
1401 3584 1754 3651 aperuerunt
1775 3595 1838 3636 os

175 3687 417 3738 suum,»
438 3669 499 3726 id
525 3675 617 3726 est
647 3669 837 3725 multa
865 3667 1045 3726 locuti
1078 3673 1218 3724 sunt
1240 3693 1267 3718 ‹‹
1292 3685 1469 3741 super
1488 3686 1638 3736 me,»
1662 3669 1719 3724 id
1751 3673 1842 3725 est

173 3760 243 3813 ad
276 3775 477 3814 meam
510 3758 974 3830 depressionem,
1002 3780 1030 3807 ‹‹
1065 3757 1217 3813 sicut
1259 3757 1346 3812 leo
1390 3757 1623 3830 rapiens
1653 3762 1710 3813 et
1739 3774 1837 3814 ru-

171 3846 340 3919 giens
371 3870 396 3896 ιι
424 3851 772 3919 rapuerunt,
795 3863 930 3902 cum
959 3851 1091 3902 ante
1113 3847 1374 3918 judicem
1406 3850 1727 3902 traxerunt.

239 3935 469 3992 Deinde
502 3959 529 3986 ‹‹
563 3936 788 3990 effusus
820 3951 974 4004 sum,
1004 3958 1032 3984 »
1062 3934 1121 3991 id
1163 3939 1251 3991 est
1280 3935 1508 3991 occisus
1541 3951 1672 3991 sum
1704 3936 1836 3992 fun-

172 4025 368 4082 dendo
395 4025 752 4099 sanguinem
785 4025 844 4080 in
876 4025 1076 4081 latere.
1109 4025 1180 4080 Et
1209 4024 1317 4080 hoc
1349 4029 1437 4080 est
1466 4026 1622 4098 quod
1656 4025 1831 4081 dicit:

168 4137 196 4163 τί
229 4115 388 4170 sicut
436 4131 614 4187 aqua.
643 4137 671 4164 ››
694 4115 763 4170 Et
792 4115 939 4170 bene
991 4117 1292 4185 comparat
1341 4119 1590 4169 mortem
1621 4113 1835 4168 Christi

169 4205 368 4260 effusa
397 4221 593 4276 aquae,
616 4203 755 4276 quia
778 4204 932 4260 sicut
951 4204 1137 4259 effusa
1167 4220 1320 4274 aqua
1340 4207 1505 4274 parat
1527 4203 1756 4258 ruinam
1780 4205 1837 4258 et

166 4290 344 4348 etiam
381 4293 557 4362 lavat,
582 4293 666 4349 ita
695 4309 855 4348 mors
879 4291 1094 4348 Christi
1116 4292 1476 4363 quibusdam
1500 4296 1589 4347 est
1619 4293 1690 4346 ad
1723 4291 1836 4346 rui-

166 4382 711 4455 nam,quibusdam
743 4380 980 4437 abolitio
1007 4397 1055 4436 :«
1081 4381 1151 4435 Et
1173 4380 1438 4452 dispersa
1470 4383 1609 4435 sunt
1637 4379 1836 4435 omnia

164 4486 299 4527 ossa
329 4489 490 4540 mea,
518 4493 547 4520 ››
572 4471 630 4526 id
654 4475 744 4528 est
774 4468 1039 4544 apostoli,
1065 4470 1164 4542 qui
1197 4469 1744 4542 robustiores-erant
1773 4469 1832 4524 in

164 4574 412 4632 corpore
446 4559 692 4616 Christi.

229 4647 304 4702 Et
325 4671 356 4697 α
383 4664 490 4703 cor
515 4663 778 4716 meum,»
799 4647 859 4703 id
899 4651 990 4704 est
1029 4647 1297 4703 doctrina
1338 4663 1490 4717 mea,
1518 4647 1577 4702 in
1600 4665 1716 4719 qua
1737 4663 1832 4702 ex-

161 4737 410 4806 ponitur
435 4736 717 4793 voluntas
762 4753 912 4805 mea,
947 4760 976 4788 ‹‹
1011 4741 1100 4792 est
1131 4738 1350 4793 factum
1391 4743 1673 4809 tanquam
1703 4754 1838 4792 cera

158 4821 529 4897 liquesoeus,
555 4848 586 4875 ››
609 4825 666 4881 id
701 4829 792 4882 est
821 4842 955 4882 cum
980 4830 1150 4882 antea
1173 4831 1328 4883 esset
1360 4825 1548 4882 solida
1578 4830 1635 4881 et
1666 4827 1836 4881 firma

159 4913 213 4968 in
241 4915 404 4987 ipsis
440 4915 747 4988 apostolis,
777 4915 911 4988 igne
937 4915 1230 4988 passionis
1253 4915 1484 4970 defecit.
1509 4916 1655 4970 Cum
1679 4915 1834 4970 enim

158 5001 457 5061 vidissent
490 5020 627 5060 eum
674 5009 862 5061 morte
891 5004 1096 5071 teneri,
1119 5005 1466 5059 diffidebant
1497 5005 1569 5060 de
1601 5021 1708 5060 sua
1735 5005 1837 5059 do-

156 5094 348 5148 ctrina
377 5110 392 5149 :
425 5097 485 5149 et
507 5095 565 5148 in
591 5093 796 5167 paucis
818 5110 934 5149 non
968 5093 1198 5161 defecit,
1223 5093 1322 5148 sed
1349 5115 1375 5141 «
1403 5092 1461 5147 in
1493 5093 1707 5160 medio,
1729 5118 1754 5142 ››
1779 5092 1836 5148 id

154 5186 240 5236 est
262 5182 325 5238 in
354 5182 672 5239 communi
699 5205 726 5233 ‹‹
753 5181 974 5238 ventris
1003 5181 1141 5250 mei,
1167 5204 1195 5233 »
1218 5182 1274 5237 id
1308 5186 1398 5237 est
1430 5200 1570 5238 mea:
1603 5199 1835 5251 congre-

153 5272 449 5342 gationis.
472 5272 536 5329 In
558 5272 778 5344 quibus
802 5271 932 5329 ideo
955 5271 1184 5338 defecit,
1209 5271 1347 5343 quia
1376 5289 1510 5326 cum
1545 5273 1708 5344 prius
1731 5273 1840 5327 for-

155 5365 240 5416 tes
274 5362 572 5429 fuissent,
598 5363 773 5418 modo
812 5361 949 5418 facti
972 5365 1137 5417 erant
1155 5365 1374 5428 venter,
1400 5360 1457 5415 id
1482 5367 1570 5416 est
1611 5360 1837 5416 molles.

217 5453 294 5508 Et
325 5450 528 5508 etiam
549 5474 577 5503 «
610 5451 801 5508 virtus
843 5467 994 5519 mea,
1017 5473 1044 5500 »
1067 5467 1195 5523 quae
1226 5449 1390 5522 prius
1412 5450 1635 5505 virebat
1666 5450 1724 5505 in
1757 5450 1842 5506 eis

152 5542 294 5600 dum
349 5541 625 5597 facerem
676 5540 980 5611 miracula,
1005 5541 1138 5614 ipsa
1161 5563 1188 5589 «
1214 5539 1422 5595 aruit»
1445 5539 1754 5604 exsiccata,
1787 5544 1844 5596 et

151 5631 300 5690 nihil
331 5627 716 5688 valetudinis
746 5629 962 5688 habere
992 5629 1285 5707 apparuit,
1318 5631 1588 5706 reputate
1616 5628 1843 5710 fragilis

514 5757 786 5825 ΡΑτιιοι..
829 5757 1032 5822 CXVI.

1863 4577 1910 4642 D

1949 3308 2170 3363 bonum
2189 3309 2274 3364 eis
2291 3309 2512 3376 afferat,
2528 3309 2818 3379 illatrant;
2839 3312 2889 3367 si
2905 3312 3142 3368 videant
3158 3312 3603 3386 solitum,etiam

1948 3397 1998 3452 si
2023 3397 2231 3454 inutile
2252 3398 2351 3467 sit,
2368 3398 2622 3472 applaud
2633 3406 2737 3456 unt
2753 3417 2766 3470 ;
2793 3402 2874 3457 ita
2891 3402 3079 3458 Judaei
3102 3403 3430 3460 doctrinam
3447 3404 3607 3460 Chri-

1948 3487 2023 3543 sti
2046 3487 2312 3559 quamvis
2352 3487 2588 3557 bonam,
2613 3493 2809 3546 tamen
2841 3491 2984 3564 quia
3021 3491 3259 3548 insolita
3287 3497 3430 3562 erat,
3455 3494 3604 3567 reje-

1947 3579 2153 3631 cerunt
2184 3593 2196 3631 :
2229 3576 2278 3630 si
2310 3577 2636 3632 secundum
2669 3595 2838 3634 suam
2869 3579 3057 3654 legem
3090 3581 3468 3653 praedicasset
3494 3581 3600 3653 eis,

1947 3664 2289 3737 gauderent,
2315 3665 2456 3736 quia
2487 3682 2577 3721 res
2625 3665 2799 3722 solita
2847 3669 3116 3739 quamvis
3165 3668 3393 3725 inutilis
3423 3675 3599 3727 esset.

1948 3751 2324 3808 «Concilium
2356 3753 2831 3825 malignantium,
2858 3777 2885 3804 ››
2919 3755 2976 3810 id
3007 3759 3095 3812 est
3134 3757 3467 3828 principum
3499 3757 3604 3829 qui

1947 3840 2092 3896 mihi
2123 3840 2275 3896 male
2306 3841 2595 3911 volebant,
2621 3864 2648 3892 ‹‹
2683 3841 2934 3912 obsedit,
2970 3859 3084 3912 me,
3112 3866 3140 3892 »
3163 3843 3221 3899 id
3244 3847 3334 3901 est
3354 3843 3598 3902 consilio

1946 3934 2194 3986 mortem
2225 3929 2511 4002 quaesivit.

2016 4019 2204 4074 Etiam
2235 4041 2262 4068 «
2299 4018 2570 4074 foderunt
2608 4036 2850 4087 manus;
2885 4043 2912 4069 ››
2944 4019 3080 4076 licet
3127 4021 3285 4078 enim
3333 4039 3449 4080 non
3499 4038 3602 4096 per

1943 4108 2169 4179 seipsos
2197 4107 2470 4175 facerent,
2503 4111 2699 4164 tamen
2733 4108 3013 4164 dicuntur
3042 4109 3268 4179 fecisse,
3294 4110 3433 4184 quia
3463 4129 3602 4184 prae-

1944 4202 2110 4268 cepto
2133 4196 2395 4268 ipsorum
2421 4197 2614 4253 ﬁebat.
2630 4197 2838 4254 Melius
2861 4199 3008 4254 dixit
3030 4222 3055 4249 α
3077 4199 3397 4256 foderunt»
3421 4218 3599 4272 quam

1944 4287 2384 4354 transﬁxerunt,
2418 4285 2558 4357 quia
2587 4286 2742 4341 sicut
2772 4291 2926 4342 terra
2961 4288 3118 4344 fossa
3147 4289 3486 4359 fructificat,
3519 4290 3603 4348 ita

1945 4373 2045 4429 illa
2066 4374 2244 4430 fossio
2263 4373 2447 4430 Chisti
2465 4373 2789 4429 maximum
2813 4375 3068 4431 fructum
3093 4377 3252 4432 dedit
3272 4394 3320 4432 :«
3345 4382 3402 4433 et
3423 4379 3600 4450 pedes

1945 4479 2108 4518 meos
2128 4485 2155 4512 ››
2170 4463 2440 4518 foderunt
2460 4463 2693 4531 ctiam,«
2711 4463 3228 4521 dinumeraverunt
3249 4465 3447 4521 omnia
3467 4483 3603 4523 ossa

1945 4568 2098 4623 mea,
2125 4575 2152 4600 ››
2177 4569 2292 4607 non
2333 4551 2491 4624 quod
2525 4551 2638 4624 ipsi
2679 4568 3022 4608 enumerare
3061 4557 3350 4623 curarent,
3384 4553 3486 4610 sed
3519 4553 3603 4612 sic

1944 4642 2334 4698 extenderunt
2363 4641 2518 4713 quod
2553 4657 2897 4696 enumerare
2929 4646 3264 4714 potuerunt.

2019 4732 2125 4786 Per
2150 4729 2295 4784 alios
2321 4730 2612 4798 foderunt,
2637 4731 2738 4786 sed
2763 4753 2788 4780 «
2814 4729 2927 4802 ipsi
2954 4753 2981 4780 ››
3003 4731 3061 4786 in
3097 4731 3335 4806 propria
3356 4749 3607 4806 persona

1946 4821 2465 4877 consideraverunt
2488 4840 2514 4866 »
2535 4833 2602 4874 ea
2623 4835 2751 4890 quae
2775 4819 2846 4875 de
2869 4835 2962 4875 me
2984 4819 3246 4877 flebant«
3269 4825 3327 4880 et
3345 4822 3608 4896 inspexe-

1947 4914 2086 4966 runt
2113 4926 2207 4964 me
2243 4931 2269 4958 »
2304 4906 2471 4980 quasi
2506 4923 2626 4962 rem
2662 4907 3110 4980 beneplacitam,
3144 4926 3248 4982 per
3275 4911 3428 4983 quod
3448 4914 3604 4966 nota-

1946 5003 2042 5053 tur
2070 5013 2273 5052 eorum
2308 4995 2529 5052 duritia
2557 4994 2814 5052 maxima
2845 5014 2858 5053 :
2886 5021 2911 5047 ‹‹
2938 4998 3270 5054 Diviserunt
3294 4998 3405 5054 sibi
3426 4997 3600 5053 vesti-

1948 5092 2145 5141 menta
2176 5103 2307 5140 mea
2333 5108 2360 5134 ››
2393 5085 2463 5140 ad
2507 5084 2882 5155 derisionem,
2913 5110 2939 5137 ‹‹
2971 5090 3030 5142 et
3070 5101 3246 5158 super
3283 5085 3600 5157 quamdam

1945 5181 2165 5234 vestem
2181 5191 2372 5232 meam
2383 5219 2396 5244 ,
2407 5197 2434 5223 »
2450 5175 2673 5231 scilicet
2687 5175 3099 5232 inconsutilem
3111 5175 3369 5230 tunicam
3383 5191 3600 5245 meam,

1952 5291 1978 5317 «
2014 5266 2304 5322 miserunt
2335 5268 2552 5321 sortem
2583 5265 2787 5334 (Matth.
2820 5281 3001 5332 xxvu;
3045 5264 3200 5320 Joan.
3238 5266 3420 5334 xvm).
3447 5286 3476 5314 ››
3505 5261 3602 5321 Al-

1951 5357 2199 5430 legorice
2248 5355 2463 5429 legitur
2509 5353 2592 5410 sic
2626 5371 2693 5410 :«
2728 5353 3060 5411 Diviserunt
3107 5353 3221 5409 sibi
3259 5353 3609 5435 vestimenta

1953 5463 2103 5516 mea,
2133 5469 2161 5496 ››
2180 5447 2239 5502 id
2274 5451 2363 5502 est
2405 5445 2759 5516 Scripturas,
2790 5443 2860 5499 de
2891 5442 3108 5514 quibus
3134 5441 3390 5501 haeretici
3419 5443 3607 5502 diver-

1953 5555 2050 5595 sas
2081 5541 2279 5610 partes
2310 5536 2628 5600 traxerunt,
2658 5535 2716 5588 et
2745 5548 2923 5605 super
2949 5537 3169 5592 vestem
3201 5550 3415 5608 meam,
3439 5533 3498 5592 id
3518 5537 3616 5595 est

1952 5629 2129 5689 fidem
2157 5623 2530 5694 catholicam,
2555 5637 2690 5700 quas
2711 5637 2944 5702 semper
2965 5623 3243 5685 manibus
3271 5623 3500 5707 integra
3523 5619 3612 5687 re-

3242 5753 3284 5824 9
