4092 6178
409 272 524 335 367

823 273 1234 335 HAYMONIS
1266 270 1815 332 HALBERSTAT.
1848 264 2100 350 EPISC.
2127 265 2299 328 OPP.
2338 265 2540 328 PARS
2574 264 2622 326 Ι.
2654 300 2732 308 -
2762 262 3172 326 COMMENT.
3199 262 3394 324 BIBL.

3694 259 3804 322 268

408 410 625 473 manet,
652 429 678 456 ‹‹
713 404 999 460 miserunt
1029 409 1264 470 sortem,
1295 429 1318 451 »
1343 402 1482 476 quia
1511 401 1896 474 intelligimus
1928 417 2056 455 eam
2087 401 2138 467 Α
2170 399 2278 452 erit
2309 422 2336 448 «
2371 398 2430 453 in
2472 403 2808 471 conspectu,
2835 421 2860 446 »
2886 397 2942 450 id
2972 400 3080 464 est,
3105 396 3162 451 in
3189 394 3520 467 cognitione
3542 417 3570 442 ‹‹
3602 393 3806 450 timen-

408 511 512 570 per
540 495 725 552 solam
756 493 1126 549 dilectionem
1162 494 1307 548 dari.

481 584 597 658 Ipsi
620 583 765 639 mihi
787 583 870 638 ita
892 583 1172 651 fecerunt,
1195 583 1336 638 sedu
1357 585 1442 652 tu,
1462 581 1722 652 Domine,
1741 599 1810 636 ne
1832 581 2061 652 elonga-

408 674 560 730 veris
591 671 874 729 auxilium
906 676 1073 727 tuum
1097 689 1130 726 a
1152 688 1302 740 me,»
1328 672 1385 726 id
1409 675 1498 727 est
1519 689 1589 727 ne
1608 671 1840 726 differas
1867 685 2057 723 meam

411 761 894 819 resurrectionem
928 777 1114 833 usque
1145 759 1200 814 in
1245 777 1617 816 communem
1649 758 1936 824 omnium,
1959 757 2061 812 sed

411 850 605 925 potius
625 873 654 902 «
681 851 752 907 ad
781 849 1178 906 defensionem
1213 867 1403 905 meam
1440 849 1768 921 eonspice,»
1793 849 1849 902 id
1886 851 1974 903 est
2005 851 2061 902 te

411 941 722 996 intendum
746 940 988 995 ostende
1008 955 1149 994 mea
1172 938 1477 994 offensioni
1498 939 1610 994 cito
1634 937 2058 992 resuscitando.

483 1029 621 1087 Dico
644 1052 672 1080 «
695 1028 985 1099 conspice,
1006 1051 1031 1076 »
1055 1027 1136 1082 ita
1162 1028 1383 1083 scilicet
1413 1027 1558 1081 mihi
1588 1027 1852 1082 faciendo
1875 1048 1902 1073 «
1926 1041 2062 1080 erue

413 1135 449 1175 a
477 1119 698 1174 framea
729 1118 983 1173 animam
1016 1133 1265 1183 meam,»
1288 1117 1345 1170 id
1376 1120 1466 1172 est
1486 1134 1519 1171 a
1553 1120 1736 1171 morte
1769 1131 1839 1169 ne
1871 1116 2061 1185 ipsam

413 1207 599 1279 possit
619 1205 889 1273 retinere,
907 1205 1042 1259 licet
1072 1210 1402 1276 separatam
1428 1222 1462 1260 a
1481 1222 1739 1276 corpore.
1757 1204 1911 1258 Mors
1935 1203 2062 1258 ideo

413 1295 630 1351 dicitur
649 1292 1056 1364 framea,quia,
1073 1292 1225 1348 sicut
1245 1293 1484 1361 framea,
1501 1293 1708 1348 dividit
1740 1292 1998 1347 animam
2031 1308 2065 1347 a

413 1399 652 1456 corpore
686 1399 699 1438 :
726 1407 752 1433 «
779 1387 835 1438 et
858 1383 928 1437 de
949 1399 1127 1438 manu
1151 1383 1370 1448 canis,»
1395 1381 1451 1437 id
1475 1387 1562 1438 est
1582 1381 1810 1438 Judaici
1841 1379 2061 1453 populi,

416 1489 553 1550 erue
574 1496 602 1523 «
628 1473 862 1528 unicam
890 1488 1101 1539 meam,
1131 1494 1156 1520 »
1181 1472 1237 1526 id
1260 1475 1349 1526 est
1379 1471 1638 1527 animam
1670 1487 2064 1542 meam,quam

415 1561 558 1618 dicit
579 1560 834 1627 unicam,
853 1560 990 1631 quia
1014 1561 1142 1632 ipsa
1159 1577 1277 1614 una
1298 1559 1581 1615 immunis
1603 1578 1636 1614 a
1658 1564 1892 1632 peccato
1916 1559 2025 1613 fuit
2049 1576 2060 1614 :

415 1651 500 1708 sic
532 1649 739 1722 queerit
768 1649 912 1716 erui,
939 1653 1003 1704 ut
1036 1665 1150 1704 non
1191 1649 1266 1703 sit
1304 1666 1437 1704 vera
1476 1649 1672 1721 opinio
1716 1665 1937 1717 eorum,
1965 1664 2067 1721 per

416 1755 594 1811 quam
626 1737 740 1810 ipsi
772 1736 1183 1792 existimabant
1215 1753 1348 1792 eum
1379 1738 1438 1791 in
1473 1741 1656 1793 morte
1687 1737 1956 1794 detineri.

447 1814 457 1890 ξ
488 1826 769 1884 Similiter
791 1850 818 1876 «
842 1825 1001 1880 salva
1022 1841 1114 1880 me
1135 1843 1203 1880 ex
1223 1843 1320 1881 ore
1345 1826 1589 1895 leonis,»
1614 1827 1670 1881 id
1695 1833 1801 1895 est,
1829 1827 2064 1894 diaboli,

417 1916 518 1988 qui
541 1915 838 1970 Christum
861 1914 918 1968 in
943 1930 1040 1968 ore
1060 1914 1434 1982 habuit,dum
1458 1932 1592 1970 eum
1617 1933 1805 1987 usque
1827 1918 1900 1971 ad
1921 1932 2071 1970 mor-

419 2008 537 2060 tem
561 2002 819 2058 deduxit.
844 2003 915 2055 Et
943 2001 1101 2056 salva
1123 2024 1150 2050 ‹‹
1175 2001 1570 2056 humilitatem
1598 2020 1845 2072 meam,»
1870 2003 1922 2057 id
1957 2006 2065 2070 est,

419 2108 513 2147 me
535 2090 818 2146 humilem
843 2112 868 2138 ‹‹
892 2107 924 2144 a
947 2089 1280 2156 cornibus,»
1303 2089 1361 2144 id
1385 2094 1491 2158 est,
1517 2107 1550 2144 a
1575 2092 1866 2162 superbis,
1892 2115 1917 2141 ‹‹
1946 2091 2069 2146 uni-

419 2178 707 2246 cornium,
733 2200 760 2227 »
785 2178 844 2232 id
866 2181 974 2246 est,
999 2178 1386 2249 superborum
1418 2179 1778 2235 Judworum.
1804 2181 1910 2235 Per
1940 2180 2069 2236 uni-

419 2284 654 2324 cornem
672 2267 828 2321 idem
844 2267 1078 2321 Judaeos
1095 2265 1581 2338 acoipimus,quia
1598 2268 1750 2323 sicut
1772 2269 2070 2326 unicornis

420 2373 536 2412 uno
567 2355 690 2412 solo
720 2372 900 2410 cornu
933 2354 1214 2426 snperbit,
1240 2355 1320 2409 ita
1357 2356 1543 2412 Judaei
1583 2356 1706 2412 solo
1736 2357 1928 2413 Veteri
1962 2361 2069 2415 Te-

419 2444 988 2523 stamento.Ostensa
1009 2443 1188 2516 igitur
1205 2444 1418 2500 Christi
1445 2445 1819 2502 derelictione
1852 2452 1908 2501 et
1936 2465 2068 2519 pas-

419 2534 604 2601 sione,
638 2550 709 2589 ne
739 2550 843 2605 per
882 2533 989 2588 hoc
1026 2533 1398 2588 detineamur
1435 2533 1486 2588 ei
1527 2535 1780 2603 obedire,
1815 2538 2072 2591 ostendit

420 2622 556 2678 inde
585 2639 860 2695 magnam
891 2620 1374 2695 glorificationem
1414 2624 1718 2694 provenire
1747 2626 1862 2681 Deo
1893 2625 2066 2696 Patri,

419 2715 476 2768 et
504 2713 587 2766 ita
616 2711 728 2783 ipsi
751 2709 981 2767 Christo
1007 2728 1019 2766 :
1045 2727 1172 2782 quae
1198 2711 1542 2784 gloriﬁcatio
1565 2718 1654 2769 est
1686 2716 1854 2771 nobis
1884 2733 2068 2772 reme-

419 2800 584 2856 dium
607 2804 808 2856 contra
824 2799 1159 2871 praedictam
1181 2800 1692 2875 derelictionemiet
1712 2805 2066 2876 passionem.

460 2890 560 2969 _Et
588 2889 734 2946 bene
765 2889 941 2945 debes
984 2905 1076 2944 me
1119 2888 1361 2959 salvare,
1396 2891 1535 2962 quia
1582 2910 1715 2948 cum
1763 2893 1940 2951 salvis
1972 2914 2068 2953 ero

420 2978 668 3036 narrabo
702 2993 915 3033 nomen
947 2982 1116 3033 tuum
1165 2978 1444 3035 fratribus
1493 2981 1659 3048 meis,
1687 3003 1714 3031 »
1748 2982 1806 3038 id
1837 2988 1944 3053 est,
1980 2986 2068 3041 fa-

420 3084 579 3147 mam
615 3072 802 3132 tuam,
837 3089 866 3116 ‹‹
909 3066 1189 3122 fratribus
1228 3067 1394 3134 meis,
1431 3090 1456 3116 »
1489 3069 1548 3123 id
1587 3075 1695 3141 est,
1737 3074 2016 3144 apostolis
2051 3089 2065 3132 :

423 3143 551 3228 qusi
594 3154 849 3210 narratio
896 3171 1011 3208 non
1060 3158 1289 3209 tantum
1319 3138 1685 3226 verbis,:sed7
1725 3138 1976 3218 maxime
2007 3163 2067 3219 in
2099 3138 2142 3204 Ο

417 3243 698 3301 missione
729 3241 916 3298 sancti
948 3242 1202 3314 Spiritus
1252 3243 1363 3299 fuit
1395 3262 1406 3300 :
1445 3249 1500 3300 et
1547 3247 1720 3303 etiam
1755 3273 1782 3299 ‹‹
1816 3250 2066 3309 laudabo

416 3336 494 3400 te,
521 3353 550 3381 »
572 3331 630 3386 id
662 3333 771 3399 est,
794 3329 1019 3385 laudari
1051 3331 1262 3387 faciam
1294 3336 1350 3388 te
1369 3357 1395 3383 ‹‹
1421 3334 1480 3388 in
1512 3337 1762 3405 medio,»
1786 3339 1842 3394 id
1871 3346 1981 3409 est,
2007 3342 2067 3398 in

417 3419 829 3478 communione
853 3442 879 3468 «
906 3418 1231 3476 Ecclesiae.»
1256 3420 1548 3479 Convertit
1568 3442 1630 3481 se
1653 3426 1724 3481 ad
1751 3426 1909 3499 ipsos
1931 3446 2066 3486 cum

417 3508 560 3565 dicit
593 3525 606 3566 :

488 3621 516 3648 «
539 3596 656 3654 Vos
680 3596 778 3670 qui
807 3597 1028 3654 timetis
1057 3598 1393 3670 Dominum,
1419 3600 1652 3660 laudate
1674 3620 1807 3660 eum
1833 3628 1860 3655 »
1885 3609 2069 3664 omni-

415 3688 586 3744 mode
619 3703 632 3743 :
669 3690 726 3743 et
757 3687 1081 3743 subdividit
1111 3687 1170 3742 in
1204 3695 1419 3761 partes,
1457 3707 1602 3762 quos
1634 3693 1910 3750 admonet
1939 3695 2065 3752 lau-

415 3777 572 3845 dare,
627 3774 844 3832 activos
900 3776 1123 3832 scilicet
1177 3783 1234 3832 et
1282 3779 1783 3851 contemplativos.
1835 3786 2064 3842 Activos

415 3865 582 3939 ponit
610 3864 710 3921 ubi
741 3865 883 3919 dicit
917 3882 929 3920 :
957 3887 983 3914 «
1011 3865 1348 3921 universum
1381 3883 1638 3935 semen,»
1663 3869 1719 3924 id
1750 3877 1858 3940 est,
1882 3872 2068 3930 imita-

416 3958 594 4020 tores,
627 3975 656 4002 «
689 3953 890 4019 Jacob,
944 3953 1263 4024 glorificate
1319 3971 1476 4011 eum.
1513 3978 1540 4006 »
1575 3957 2066 4033 Contemplativos

417 4041 582 4114 ponit
613 4039 713 4094 ubi
744 4040 887 4094 dicit
918 4063 946 4090 «
979 4042 1184 4096 timeat
1228 4059 1361 4097 eum
1393 4061 1564 4100 omne
1595 4063 1794 4112 semen
1825 4051 2002 4107 Israel
2037 4076 2064 4103 ››

415 4131 547 4186 ideo
579 4150 608 4178 «
640 4127 917 4200 quoniam
950 4145 1067 4182 non
1099 4130 1383 4199 sprevit,»
1419 4133 1475 4186 id
1510 4138 1615 4202 est,
1653 4153 1892 4207 prorsus
1926 4141 2067 4212 abji-

416 4217 552 4286 ciet,
574 4239 604 4267 ‹‹
636 4231 826 4286 neque
857 4216 1141 4286 despexit,
1168 4238 1195 4265 »
1227 4217 1284 4272 id
1324 4223 1429 4286 est,
1456 4221 1652 4292 aliquo
1688 4227 1859 4281 modo
1891 4228 2062 4286 vilem

415 4305 625 4362 habuit
646 4327 675 4355 «
710 4304 1180 4376 deprecationem
1211 4327 1239 4355 »
1275 4307 1387 4361 mei
1423 4312 1826 4382 «pauperis.»

485 4418 513 4445 «
537 4394 653 4451 Nec
675 4394 881 4450 avertit
903 4392 1109 4448 faciem
1133 4411 1301 4449 suam
1323 4413 1357 4450 a
1377 4399 1599 4464 me,»id
1623 4405 1730 4469 est,
1756 4419 1984 4476 semper
2004 4408 2062 4464 in

2097 1772 2145 1837 B

2165 487 2316 543 tium
2342 503 2499 543 eum.
2526 509 2553 538 »
2576 488 2708 543 Ideo
2740 503 2842 558 per
2870 487 2981 541 hoc
3011 489 3444 541 sacramentum
3469 485 3657 556 major
3684 482 3808 540 laus

2168 578 2278 632 erit
2308 577 2430 645 Dei,
2456 577 2593 648 quia
2623 577 2781 632 istud
2827 580 2917 632 est
2954 573 3340 631 consideratio
3369 573 3520 629 inter
3549 573 3732 628 Deum
3759 578 3812 628 et

2168 665 2490 733 hominem,
2521 666 2675 738 quod
2719 666 2907 722 fmdus
2945 665 3312 721 attendentes
3360 662 3642 730 homines,
3685 662 3813 718 inde

2170 755 2354 810 Deum
2389 755 2640 810 maxime
2670 754 2932 810 laudant.

2245 846 2282 898 ll
2294 861 2371 899 me
2388 848 2583 900 autem
2602 847 2736 899 vota
2748 867 2776 894 «
2791 843 2962 899 edent
2982 858 3267 915 pauperes
3284 846 3339 897 et
3355 842 3774 897 saturabuntur
3788 863 3814 890 »

2171 933 2504 1004 recipiendo
2528 934 2680 1005 quod
2703 935 3006 1004 appetunt,
3025 932 3246 988 scilicet
3268 931 3672 987 remissionem
3694 944 3818 1003 pec-

2172 1023 2908 1089 catorum,.incrementum
2942 1022 3187 1094 justitiaa
3218 1021 3279 1075 in
3319 1020 3428 1075 hac
3454 1020 3591 1088 vita,
3615 1019 3675 1075 in
3707 1019 3816 1075 alia

2171 1127 2468 1179 coronam,
2483 1112 2631 1167 etde
2653 1111 2761 1166 hoc
2783 1134 2810 1161 ‹‹
2835 1111 3161 1166 laudabunt
3181 1109 3494 1166 Dominum
3517 1133 3544 1159 »
3563 1108 3644 1164 illi
3671 1101 3829 1164 scili?

2172 1203 2263 1254 cet
2285 1223 2312 1248 ‹‹
2337 1201 2436 1271 qui
2480 1201 2778 1272 requirent
2803 1217 2958 1268 eum,
2987 1224 3013 1249 »
3037 1204 3093 1255 et
3133 1200 3214 1254 ita
3235 1222 3261 1248 ‹‹
3289 1199 3484 1253 vivent
3508 1221 3534 1247 »
3558 1199 3618 1253 in
3640 1198 3818 1269 justi-

2170 1289 2254 1344 tia
2275 1313 2302 1338 ‹‹
2326 1290 2499 1344 corda
2520 1307 2789 1358 eorum,»
2814 1289 2985 1357 idest,
3008 1289 3214 1344 animae
3246 1305 3469 1355 eorum,
3496 1311 3523 1337 ‹‹
3547 1288 3607 1342 in
3638 1303 3819 1342 saecu-

2172 1376 2295 1432 lum
2328 1376 2590 1445 saeculi,»
2615 1377 2671 1432 id
2694 1382 2802 1446 est,
2825 1377 3087 1449 quandiu
3119 1377 3390 1433 succedet
3415 1374 3692 1431 saeculum
3724 1393 3823 1432 se-

2174 1466 2575 1533 culo,‘scilicet
2615 1484 2718 1538 per
2765 1471 2948 1522 totam
2980 1467 3132 1522 hanc
3163 1466 3342 1522 vitam
3379 1482 3392 1522 :
3425 1465 3513 1521 vel
3544 1487 3572 1515 «
3605 1464 3667 1519 in
3717 1481 3822 1519 se.

2175 1556 2394 1622 culum,
2424 1579 2451 1605 »
2475 1556 2531 1611 id
2565 1560 2652 1612 est
2683 1556 2741 1610 in
2787 1555 2895 1610 hac
2927 1556 3046 1611 vita
3073 1556 3252 1624 vivet;
3287 1579 3315 1606 ‹‹
3348 1558 3405 1610 et
3433 1554 3492 1609 in
3542 1553 3822 1610 saeculum

2175 1645 2394 1712 saeculi,
2417 1669 2444 1694 »
2477 1646 2532 1700 id
2565 1651 2652 1701 est
2684 1646 2742 1701 in
2775 1644 2889 1701 alia
2917 1644 3034 1701 vita
3062 1645 3255 1700 vivent
3285 1645 3343 1699 in
3376 1643 3578 1716 gloria.

2247 1735 2384 1791 Dico
2408 1758 2435 1785 ‹‹
2461 1751 2746 1806 pauperes
2778 1736 3258 1802 saturabuntur,»
3279 1739 3335 1789 et
3357 1751 3471 1790 non
3504 1732 3696 1805 pauci,
3720 1733 3824 1788 sed

2178 1847 2204 1874 ‹‹
2231 1824 2486 1880 universi
2509 1825 2674 1892 fines,
2705 1845 2732 1873 »
2765 1824 2823 1879 id
2852 1828 2959 1892 est,
2982 1822 3162 1895 aliqui
3192 1822 3253 1878 in
3286 1822 3573 1878 universis
3605 1821 3826 1877 finibus

2176 1917 2342 1968 terra:
2373 1937 2400 1962 «
2434 1913 2903 1982 reminiscentur,
2936 1935 2964 1961 »
2996 1918 3052 1968 et
3094 1913 3178 1969 sic
3219 1936 3246 1962 «
3293 1915 3699 1968 convertentur
3756 1912 3827 1967 ad

2179 2002 2515 2057 Dominum.
2554 2025 2581 2052 »

2250 2092 2319 2146 Et
2348 2109 2418 2146 ne
2439 2092 2836 2163 acciperemus
2859 2109 3043 2147 unum
3075 2092 3264 2147 solum
3291 2093 3575 2160 ordinem,
3605 2091 3832 2147 scilicet

2178 2180 2537 2250 rusticalem,
2560 2181 2648 2236 vel
2671 2181 2926 2253 aliquem
2956 2181 3130 2237 talem
3156 2199 3258 2253 per
3277 2197 3480 2236 omnes
3502 2185 3700 2253 partes
3723 2184 3834 2236 ter-

2179 2286 2274 2337 rae,
2295 2270 2435 2324 dicit
2460 2287 2509 2326 :«
2533 2271 2604 2324 Et
2633 2271 2962 2326 adorabunt
2993 2271 3053 2325 in
3084 2275 3400 2342 conspectu
3427 2271 3611 2341 ejus,»
3633 2270 3696 2324 id
3721 2273 3830 2339 est,

2179 2358 2238 2413 in
2272 2358 2632 2430 beneplacito
2665 2359 2872 2432 ipsius,
2899 2384 2926 2410 «
2961 2360 3240 2416 universae
3282 2359 3536 2427 familiis,
3564 2383 3592 2409 »
3623 2358 3686 2415 id
3721 2364 3830 2427 est,

2180 2446 2362 2518 aliqui
2393 2448 2462 2503 de
2493 2449 2769 2504 omnibus
2801 2449 3104 2504 ordinibus
3137 2471 3164 2498 «
3197 2448 3482 2520 gentium.
3513 2471 3541 2498 »

2252 2537 2401 2592 Bene
2433 2537 2646 2592 debent
2689 2538 2932 2594 adorare
2963 2561 2990 2589 ‹‹
3024 2538 3302 2609 quoniam
3354 2538 3585 2593 Domini
3618 2542 3714 2593 est
3746 2555 3834 2594 re-

2178 2642 2381 2697 gnum,
2411 2649 2438 2676 »
2461 2627 2516 2681 id
2550 2631 2658 2694 est,
2693 2626 2977 2682 Dominus
3006 2632 3095 2682 est
3125 2644 3223 2682 rex
3252 2626 3516 2681 omnium
3541 2644 3590 2681 :«
3615 2632 3675 2682 et
3708 2628 3836 2699 ipse

2178 2715 2580 2770 dominabitur
2608 2715 2894 2788 gentium,
2915 2738 2942 2765 »
2961 2715 3018 2770 id
3053 2719 3160 2787 est,
3183 2716 3471 2772 exercebit
3494 2715 3834 2772 dominium

2178 2821 2358 2877 supra
2387 2809 2588 2876 gentes
2621 2821 2780 2875 suas,
2816 2803 2954 2876 quia
2984 2809 3143 2877 reget
3172 2821 3271 2860 eos
3303 2803 3363 2860 in
3391 2805 3644 2875 justitia.

2249 2916 2277 2942 «
2300 2894 2588 2966 Pauperes
2609 2894 2784 2949 edent
2805 2897 2860 2949 et
2881 2893 3360 2961 saturabuntur,»
3373 2897 3430 2948 et
3449 2894 3626 2950 etiam
3646 2918 3677 2945 α
3704 2896 3837 2968 pin-

2177 2999 2321 3056 gues
2343 2986 2527 3051 terrw,
2557 3005 2583 3030 »
2606 2982 2664 3037 id
2685 2987 2796 3050 est,
2820 2981 3173 3054 impinguati
3194 2982 3255 3036 in
3276 2982 3628 3051 terrenitate,
3655 3006 3686 3033 ‹‹
3711 3001 3835 3040 om-

2181 3088 2284 3127 nes
2309 3094 2336 3121 »
2358 3072 2430 3126 de
2451 3070 2693 3127 ecclesia
2716 3093 2743 3121 ‹‹
2768 3069 3288 3140 manducaverunt,
3307 3094 3335 3120 »
3356 3071 3414 3126 id
3438 3076 3546 3140 est,
3569 3072 3838 3129 Domini-

2179 3177 2314 3216 cum
2345 3178 2556 3232 corpus
2600 3164 3002 3233 gustaverunt,
3037 3184 3063 3210 ‹‹
3098 3163 3155 3216 et
3201 3161 3588 3216 adoraverunt
3617 3178 3631 3216 :
3661 3184 3693 3209 ››
3731 3162 3835 3218 sed

2177 3249 2312 3304 licet
2341 3248 2450 3304 hoc
2481 3248 2665 3320 aliqui
2691 3265 2808 3304 non
2829 3249 3062 3305 videant
3090 3264 3219 3304 esse
3249 3249 3320 3304 ad
3352 3250 3602 3318 ruinam,
3625 3253 3836 3307 tamen

2177 3361 2204 3386 ‹‹
2231 3337 2518 3393 cadentin
2546 3340 2861 3408 conspectu
2901 3338 3087 3408 ejus,»
3111 3336 3423 3408 Dei,quem
3455 3337 3600 3393 nihil
3643 3337 3839 3396 latere

2177 3431 2384 3500 potest.
2410 3427 2632 3483 Cadent
2661 3427 2790 3483 dico
2814 3450 2841 3477 ‹‹
2865 3443 3070 3482 omnes
3101 3425 3204 3498 qui
3233 3427 3599 3482 descendunt
3625 3427 3688 3481 in
3723 3433 3842 3485 ter-

2176 3534 2361 3587 ram,»
2375 3516 2431 3572 id
2450 3515 2669 3588 est,qui
2691 3515 2988 3571 declinant
3003 3516 3074 3570 ad
3093 3515 3416 3588 appetitum
3435 3519 3835 3573 terrenorum.

2248 3631 2274 3656 ‹‹
2312 3606 2662 3662 Laudabunt
2692 3605 3007 3660 Dominum
3040 3604 3140 3676 qui
3181 3603 3488 3676 requirunt
3523 3621 3695 3673 eum;
3723 3630 3755 3656 »
3780 3610 3842 3663 et

2177 3696 2375 3752 anima
2392 3712 2577 3761 mea,»
2592 3695 2649 3750 id
2671 3698 2776 3761 est,
2795 3694 2904 3765 ipsi
2920 3710 3065 3765 quos
3084 3708 3189 3765 ego
3202 3692 3378 3765 diligo
3396 3691 3548 3748 sicut
3562 3694 3838 3752 animam

2176 3802 2388 3853 meam,
2412 3808 2439 3834 «
2463 3785 2614 3839 vivet
2633 3784 2739 3852 illi,
2767 3807 2792 3833 »
2817 3783 2874 3838 id
2897 3787 3006 3853 est,
3029 3783 3100 3838 ad
3123 3783 3402 3838 honorem
3424 3781 3602 3850 illius,
3627 3789 3687 3839 et
3711 3802 3839 3841 non

2175 3880 2411 3930 tuntum
2434 3873 2584 3945 justi
2619 3877 2953 3945 prasentes,
2979 3872 3080 3929 sed
3105 3895 3131 3922 «
3156 3875 3213 3926 et
3240 3888 3438 3926 semen
3471 3889 3693 3940 meum,
3713 3896 3746 3924 »
3775 3874 3837 3929 id

2176 3968 2284 4032 est,
2319 3963 2645 4019 imitatores
2677 3962 2812 4030 mei,
2847 3961 2950 4016 ﬁlii
2983 3961 3252 4027 istorum,
3277 3984 3304 4010 ι(
3330 3960 3540 4016 serviet
3560 3960 3699 4033 ipsi.
3730 3985 3762 4012 »

2247 4054 2398 4108 Bene
2419 4052 2603 4118 dico,<<
2624 4050 3029 4121 semen,»quia
3044 4072 3070 4098 ‹‹
3091 4049 3385 4122 generatio
3401 4073 3428 4098 »
3446 4053 3535 4104 est
3555 4051 3840 4121 quaedam

2177 4167 2203 4193 ‹‹
2226 4146 2528 4208 ventura,»
2551 4145 2607 4196 et
2627 4139 2758 4212 ipsa
2777 4162 2805 4189 «
2832 4137 3280 4194 annuntiabitur
3299 4137 3544 4193 Domino
3567 4161 3596 4186 »
3623 4139 3700 4194 ab
3736 4157 3843 4195 an-

2174 4230 2339 4304 gelis,
2365 4230 2517 4285 sicut
2546 4229 2790 4302 angelus
2834 4227 3027 4284 Tobiae
3060 4244 3072 4283 :
3101 4250 3129 4276 «
3162 4226 3280 4299 Ego
3311 4225 3495 4282 obtuli
3529 4227 3842 4285 orationes

2172 4323 2394 4375 vestras
2425 4319 2497 4373 ad
2528 4318 2712 4373 Deum
2735 4317 2873 4388 (Lib.
2897 4316 3001 4388 III).
3026 4314 3128 4370 Vel
3159 4337 3186 4365 «
3222 4315 3692 4385 annuntiabitur,
3716 4339 3749 4366 »
3777 4316 3842 4372 id

2172 4413 2278 4476 est,
2326 4407 2748 4480 praedicabunt,
2773 4430 2800 4457 ‹‹
2833 4404 3099 4472 Domino,
3122 4427 3150 4454 »
3185 4404 3242 4458 id
3285 4407 3390 4472 est,
3427 4404 3498 4459 ad
3538 4403 3842 4462 honorem

413 4483 777 4557 beneplacito
795 4482 984 4555 ipsius
1001 4483 1298 4554 persisti.«
1311 4485 1379 4539 Et
1396 4486 1686 4543 exaudivit
1702 4506 1793 4545 me
1807 4508 1939 4547 cum
1953 4493 2064 4549 cla-
2091 4508 2138 4572 ι)
2171 4496 2399 4552 Domini
2429 4496 2724 4568 generatio
2745 4499 3008 4562 ventura,
3033 4498 3090 4549 et
3121 4509 3223 4566 per
3243 4493 3438 4548 caelos.
3462 4493 3531 4548 Et
3552 4493 3660 4548 hoc
3683 4493 3846 4551 dicit

414 4589 696 4640 marem,»
718 4572 778 4626 id
800 4577 907 4640 ost,
924 4589 990 4627 eo
1014 4577 1272 4644 tempore
1294 4591 1408 4645 quo
1441 4576 1709 4646 petebam
1743 4582 2022 4637 exaudiri.

483 4661 554 4716 Et
574 4660 714 4732 quia
746 4678 838 4716 me
861 4660 1213 4718 clamantem
1237 4664 1544 4732 exaudisti,
1568 4665 1697 4722 ideo
1725 4691 1751 4718 «
1778 4669 1906 4726 laus
1933 4689 2062 4728 mea

411 4753 500 4806 est
529 4749 684 4822 apud
729 4754 784 4804 te
821 4749 880 4803 in
926 4750 1169 4806 ecclesia
1219 4769 1450 4825 magna,
1479 4777 1506 4802 »
1539 4755 1597 4810 id
1629 4762 1738 4825 est,
1773 4763 1892 4815 toto
1923 4762 2060 4816 orbe

411 4839 672 4896 collecta.
691 4839 793 4893 Vel
818 4839 931 4894 ita:
954 4839 1097 4904 Quia
1118 4843 1426 4897 exauditus
1449 4861 1602 4913 sum,
1631 4846 1758 4902 ideo
1779 4847 1908 4904 laus
1930 4867 2062 4907 mea

411 4934 502 4986 est
531 4930 591 4984 in
621 4928 865 4984 ecclesia
897 4945 1131 5000 magna,
1160 4930 1217 4984 id
1249 4937 1337 4986 est
1368 4932 1572 4988 laudor
1602 4937 1755 5007 apud
1791 4941 1844 4993 te
1877 4939 1935 4994 in
1968 4957 2060 4996 ec-

413 5016 607 5087 clesia,
643 5019 699 5072 id
731 5022 838 5086 est,
873 5017 1025 5072 sicut
1056 5023 1116 5073 tu
1150 5019 1409 5076 laudaris
1439 5027 1494 5076 et
1524 5040 1628 5094 ego
1660 5027 1960 5096 aequaliter
1984 5035 2061 5086 te-

411 5122 546 5161 cum
580 5124 592 5162 :
627 5111 684 5162 et
714 5111 778 5161 ut
807 5106 934 5162 laus
965 5107 1080 5162 ista
1109 5108 1168 5164 in
1212 5109 1467 5165 Ecclesia
1496 5110 1572 5164 sit
1602 5114 1873 5182 perfecta,
1910 5117 2058 5173 dabo

410 5193 524 5265 ipsi
544 5194 811 5250 Ecclesiae
838 5214 1049 5269 corpus
1073 5201 1128 5252 et
1151 5198 1496 5270 sanguinem
1521 5215 1737 5254 meum.
1755 5202 1821 5256 Et
1841 5203 2061 5276 hocjest

411 5305 437 5332 ‹‹
463 5285 594 5338 vota
624 5299 811 5352 mea,»
834 5285 892 5340 id
924 5290 1011 5341 est
1041 5303 1252 5357 corpus
1285 5303 1503 5358 meum,
1526 5289 1679 5358 quod
1713 5307 1817 5362 ego
1858 5293 2056 5350 devovi

409 5371 613 5451 offerre
643 5371 760 5426 Deo
783 5372 843 5427 in
875 5375 1301 5446 reparationem
1335 5373 1580 5430 humani
1610 5379 1859 5448 generis,
1877 5405 1904 5430 ‹‹
1927 5383 2057 5438 red-

409 5458 613 5526 dam,»
635 5458 694 5515 id
726 5464 832 5531 est,
857 5463 1012 5534 quod
1049 5464 1174 5534 jam
1209 5463 1482 5520 dederam
1522 5465 1816 5536 incruce,
1840 5468 2055 5529 iterum

411 5546 560 5606 dabo
581 5545 641 5606 in
663 5547 861 5622 altari;
881 5554 939 5608 et
958 5549 1095 5609 licet
1115 5549 1296 5627 aliqui
1330 5569 1445 5611 non
1475 5551 1822 5632 intelligant,
1859 5561 2056 5622 tamen

2174 4610 2201 4636 ‹‹
2223 4590 2280 4641 et
2311 4584 2747 4640 annuntiabunt
2767 4583 2952 4651 coeli,»
2975 4583 3032 4637 id
3054 4587 3161 4650 est,
3187 4582 3372 4637 sancti
3389 4582 3842 4654 praedicatores,

2171 4674 2512 4746 «justitiam
2536 4674 2718 4745 ejus,»
2745 4674 2803 4728 id
2827 4676 2914 4728 est
2934 4671 3093 4739 Dei,«
3118 4670 3331 4744 populo
3357 4670 3455 4742 qui
3488 4676 3800 4740 nascetur,
3813 4695 3845 4722 »

2171 4781 2286 4819 non
2319 4763 2570 4819 naturali
2617 4762 2936 4830 nativitate,
2962 4761 3064 4816 sed
3097 4777 3249 4831 aqua
3278 4764 3335 4814 et
3363 4759 3584 4831 Spiritu
3616 4765 3849 4818 sancto

2171 4855 2344 4921 (Joan.
2381 4856 2467 4920 III)
2494 4874 2521 4900 ‹‹
2559 4868 2734 4922 quem
2760 4874 2787 4898 »
2809 4850 2890 4906 ita
2920 4873 2947 4900 ‹‹
2980 4849 3264 4905 Dominus
3296 4849 3431 4904 fecit
3462 4871 3490 4898 »
3521 4865 3725 4904 suum.
3771 4851 3848 4908 In

2169 4940 2386 4996 carnali
2420 4941 2720 4996 nativitate
2753 4943 3025 5011 operatur
3053 4939 3208 4994 Deus
3253 4941 3311 4994 et
3358 4942 3586 5004 natura,
3620 4940 3733 4995 sed
3776 4940 3850 4997 in

2168 5028 2601 5100 regeneratione
2631 5027 2792 5084 solus
2824 5028 2997 5083 Deus.

2658 5136 2730 5190 IN
2773 5135 3118 5192 PSALMUM
3161 5135 3327 5190 XXII.

2239 5225 2514 5281 Trruws.
2543 5226 2607 5280 In
2635 5227 2800 5295 ﬁnem
2820 5225 3067 5352 ρδίῦιηηρᾶ
3105 5224 3296 5294 David,
3329 5227 3443 5280 sive
3472 5226 3765 5282 canticum

2937 5314 3026 5352 avi
3070 5337 3086 5352 .

2937 5314 3086 5354 avia.

2239 5409 2265 5434 «
2300 5385 2584 5442 Dominus
2607 5385 2808 5458 regit.»
2836 5385 3103 5442 Psalmus
3141 5385 3465 5453 David,vox
3495 5385 3856 5458 prophetae,

2165 5476 2222 5528 et
2251 5473 2428 5530 habet
2474 5474 2534 5530 in
2584 5474 2887 5532 materiam
2936 5476 3158 5549 gratias
3187 5475 3310 5531 Dei.
3334 5475 3416 5531 De
3447 5491 3515 5531 ea
3543 5472 3627 5530 sic
3655 5476 3852 5547 agit;

2164 5561 2396 5620 ordinat
2424 5564 2624 5623 decem
2667 5564 2908 5641 gratias.
2943 5563 3195 5623 Intendit
3244 5563 3414 5622 nobis
3461 5561 3862 5638 persuadere
