4070 6180
209 324 326 402 iis

1391 330 1889 422 EXPLANATIO
1933 311 2012 392 1N
2059 332 2444 398 PSALMOS.

3504 315 3621 405 m

208 488 319 546 quo
351 469 611 528 intendit
630 488 737 528 nos
769 471 1083 528 admonere
1111 469 1270 527 hunc
1291 469 1607 526 Dominum
1639 484 1854 542 magno
1885 464 1942 533 Α
2044 465 2241 540 Neque
2272 468 2368 524 alii
2401 468 2698 528 rstrahent
2719 489 2950 546 me,per
2969 471 3124 547 quod
3155 473 3620 534 erubescentiam

205 562 416 619 aﬂ‘ectu
452 560 906 633 suscipiendum
929 577 1077 618 esse.

271 675 298 701 ‹‹
321 652 441 708 Iste
461 669 560 706 rex
574 651 770 724 gloriae
787 674 814 701 ››
833 656 922 708 est
935 675 964 701 «
980 651 1296 707 Dominum
1309 651 1652 719 virtutum,»
1677 651 1730 706 id
1753 654 1861 719 est,

205 740 608 813 angelicorum
641 742 909 796 omnium
941 742 1213 796 ordinum
1251 757 1262 796 :
1299 741 1434 795 licet
1463 740 1706 795 virtutes
1737 756 1862 811 pro-

202 819 398 894 prium
430 837 648 875 nomen
680 821 754 876 sit
784 821 962 876 unius
992 821 1436 886 ordinis,tamen
1461 821 1528 875 ﬁt
1549 834 1861 875 commune

201 909 494 964 omnium.
519 909 836 965 Sciendum
864 914 953 965 est
983 911 1140 982 quod
1170 910 1351 965 David
1383 910 1440 964 in
1475 927 1724 982 persona
1755 926 1861 964 sua

201 998 595 1054 ntiturverbis
617 998 981 1072 angelorum.
999 999 1266 1054 Praevidit
1283 998 1437 1054 enim
1461 1017 1564 1071 per
1576 999 1859 1071 Spiritum

200 1092 501 1153 sanctum,
537 1087 774 1160 angelos
796 1105 1184 1160 przeeursores
1207 1088 1530 1155 Christi,ad
1565 1087 1858 1142 infernum

197 1177 318 1232 haec
371 1177 642 1232 dicturos
676 1193 689 1233 :
722 1200 749 1227 ‹‹
783 1193 816 1231 o
867 1176 1182 1249 principes,
1220 1200 1246 1226 »
1280 1178 1336 1232 id
1396 1181 1485 1233 est
1543 1177 1856 1246 daemones,

203 1289 230 1315 α
257 1266 490 1322 attolite
522 1269 740 1339 portas,
769 1289 797 1315 »
828 1265 886 1321 id
917 1270 1023 1335 est,
1059 1266 1363 1322 clausuras
1389 1265 1620 1332 inferni,
1641 1264 1856 1338 quibus

201 1354 409 1411 tenetis
440 1355 672 1411 animas
705 1359 1062 1411 sanctorum.
1079 1354 1345 1410 Praevidit
1365 1371 1596 1427 quoque
1618 1353 1856 1427 angelos

201 1442 414 1499 Christi
448 1460 864 1516 praecursores,
890 1444 949 1499 in
993 1444 1334 1501 ascensione
1379 1444 1502 1499 haec
1547 1443 1804 1499 dicturos
1839 1461 1851 1499 :

201 1551 228 1583 «ι
258 1532 447 1588 Porta;
479 1533 805 1600 aaternales,
843 1556 871 1583 »
903 1533 960 1587 id
995 1535 1100 1600 est,
1136 1533 1334 1589 aditus
1363 1533 1422 1588 in
1453 1531 1729 1600 cmlestia,
1754 1548 1858 1604 per

201 1637 344 1695 quos
375 1621 584 1678 nullus
613 1622 790 1677 homo
823 1639 1010 1694 usque
1033 1621 1442 1677 modointrare
1464 1621 1672 1693 potuit,
1700 1644 1727 1671 «
1748 1619 1857 1677 ele-

197 1711 418 1767 vamini
475 1734 507 1761 ››
541 1710 597 1766 id
633 1715 723 1767 est
752 1711 1144 1783 ampliamini,
1176 1734 1204 1760 «
1239 1715 1296 1766 et
1324 1711 1590 1766 introibit
1620 1727 1717 1766 rex
1738 1710 1856 1782 glo-

198 1799 311 1856 riae.
340 1823 378 1900 ἶι.
407 1800 680 1900 Praevidit
709 1816 944 1900 quoque
973 1800 1258 1872 propheta
1286 1801 1409 1855 hzec
1435 1801 1854 1900 irespondenda
1884 1835 1931 1900 Β

195 1888 420 1961 angelis
444 1905 457 1942 :
492 1877 768 1944 dixerunt
784 1889 941 1944 enim
965 1890 1258 1945 demones
1283 1887 1507 1961 angelis
1529 1889 1852 1960 praeceden-

194 1978 351 2034 tibus
383 1977 693 2034 Christum
725 1979 796 2033 ad
821 1979 1138 2034 internum.
1159 2001 1187 2029 «
1212 1978 1352 2044 Quis
1375 1981 1464 2033 est
1487 1977 1596 2033 iste
1617 1995 1714 2032 rex
1735 1977 1852 2049 glo-

190 2067 304 2133 riae,
335 2083 521 2140 quem
573 2066 688 2123 huc
735 2067 1066 2123 venientem
1120 2066 1524 2123 annuntiatis?
1573 2067 1684 2122 Sed
1740 2066 1850 2121 hoc

189 2155 342 2212 idem
371 2155 739 2228 quaesierunt
769 2155 1032 2212 caelestes
1065 2155 1276 2229 angeli,
1311 2173 1446 2211 cum
1479 2156 1562 2210 eis
1586 2155 1849 2212 ascensio

187 2245 401 2302 Christi
438 2263 474 2300 a
505 2246 896 2317 praesentibus
943 2244 1165 2318 angelis
1196 2246 1591 2300 nuntiaretur.
1611 2243 1848 2299 Certum

187 2338 272 2391 est
297 2333 462 2390 enim
494 2335 788 2406 quosdam
819 2333 1057 2406 angelos
1103 2334 1405 2406 ignorasse
1445 2333 1848 2389 ascensionem

189 2419 404 2480 Christi
439 2424 626 2478 donec
655 2423 949 2490 viderunt,
974 2428 1030 2478 et
1055 2423 1319 2478 videntes
1361 2421 1527 2478 valde
1577 2421 1848 2477 admirati

188 2518 349 2570 sunt.
367 2511 812 2585 Inquirentibus
834 2515 1028 2567 autem
1054 2511 1280 2585 angelis
1310 2516 1430 2566 tam
1464 2510 1850 2567 infernalibus

189 2611 370 2676 quam
393 2601 734 2657 cmlestibus
747 2605 1166 2673 praecurrentes
1179 2599 1369 2673 angeli
1386 2601 1813 2672 responderunt
1833 2617 1845 2655 :

191 2713 221 2743 a
249 2691 548 2747 Dominus
569 2689 738 2746 fortis
759 2694 816 2746 et
837 2689 1357 2762 potens,Dominus
1383 2693 1590 2760 potens
1613 2689 1670 2743 in
1704 2700 1853 2761 prae-‘

186 2779 284 2836 lio.
317 2779 564 2836 Attolite
594 2783 815 2852 portas,
851 2801 878 2828 »
909 2777 1277 2852 ingeminant
1307 2794 1475 2834 suam
1506 2777 1848 2850 praeceptio-

188 2871 349 2935 nem,
381 2869 524 2940 quia
553 2884 675 2924 rem
707 2867 918 2924 miram
947 2871 1004 2924 et
1044 2866 1446 2923 incredibilem
1495 2866 1848 2922 annuntiare

189 2959 494 3014 videntur.

681 3079 756 3137 IN
796 3079 1142 3138 PSALMUM
1181 3079 1370 3137 XXIV.

496 3189 773 3244 Trruws.
803 3189 870 3244 In
896 3189 1060 3260 ﬁnem
1084 3188 1330 3261 psalmus
1360 3189 1552 3243 David.

250 3337 279 3363 ‹‹
302 3313 401 3369 Ad
425 3313 814 3378 te,Domine.»
839 3312 1190 3385 Loquiturin
1209 3311 1316 3367 hoc
1330 3311 1557 3384 psalmo
1571 3311 1847 3383 Ecclesia,

183 3420 312 3476 qua;
341 3403 716 3475 signiﬁcatur
734 3417 838 3473 per
867 3401 1046 3456 David
1075 3404 1166 3457 :et
1198 3405 1288 3456 est
1317 3400 1566 3456 materia
1589 3399 1850 3456 clamans

180 3491 243 3548 in
272 3491 580 3565 angustiis
611 3490 792 3562 hujus
823 3489 1049 3545 mundi.
1073 3489 1154 3545 De
1183 3489 1312 3561 ipsa
1333 3488 1413 3544 ita
1436 3490 1593 3562 agit:
1619 3489 1851 3562 petitle-

181 3585 330 3636 vataa
367 3580 578 3634 animae
610 3593 729 3634 suae
759 3579 884 3634 vias
915 3579 1145 3634 Domini
1195 3577 1608 3645 demonstrari,
1640 3578 1850 3634 deinde

180 3670 334 3743 petit
376 3669 810 3724 misericordias
840 3685 988 3739 quas
1011 3668 1312 3723 consuevit
1342 3667 1495 3723 Deus
1535 3667 1722 3723 facere
1751 3685 1851 3722 cm-

179 3760 329 3815 teris
383 3757 672 3829 patribus,
714 3755 926 3812 deinde
974 3756 1254 3812 describit
1291 3757 1547 3827 justum,
1582 3760 1638 3812 et
1686 3757 1850 3829 ponit

179 3845 503 3918 praemium
528 3844 780 3916 justitise
811 3845 958 3914 ejus,
991 3849 1048 3899 et
1082 3844 1368 3916 promittit
1414 3861 1475 3900 se
1523 3861 1725 3900 vovere
1772 3845 1848 3900 si-

181 3933 392 3989 milem
422 3934 500 4000 ei,
533 3937 595 3989 et
626 3932 880 3988 intendit
900 3922 1237 4001 admonere,
1267 3937 1334 3987 ut
1363 3933 1651 4005 patienter
1671 3933 1849 4004 hujus

180 4023 397 4078 mundi
429 4021 986 4087 necessitatem,nec
1007 4024 1206 4076 monet
1234 4020 1307 4075 ad
1356 4020 1724 4092 martyrium,
1746 4020 1848 4075 sed

178 4116 250 4167 ut
267 4127 630 4168 communes
662 4109 962 4165 molestias
991 4109 1172 4180 hujus
1200 4109 1328 4163 vitae
1360 4109 1650 4180 patienter
1681 4109 1852 4163 susti-

180 4215 461 4268 neamus,
480 4216 631 4272 quas
653 4197 827 4253 etiam
850 4213 1055 4253 omnes
1076 4196 1261 4252 sancti
1294 4197 1657 4253 confessores
1679 4196 1852 4251 inevi-

175 4289 451 4345 tabiliter
482 4288 916 4344 sustinuerunt.

248 4372 329 4433 Et
348 4383 680 4450 antequam
701 4380 858 4448 petat
877 4375 1438 4452 demonstrationem
1460 4375 1854 4448 viarnm,prae-

179 4467 378 4521 mittit
397 4466 653 4522 levatam
686 4481 814 4520 esse
832 4464 1093 4519 animam
1115 4479 1249 4519 cum
1281 4463 1453 4519 dicit:
1475 4487 1502 4514 «
1528 4465 1792 4533 Domine,
1823 4487 1850 4513 »

1975 556 2250 628 patiar,et
2270 558 2378 615 hoc
2404 561 2577 616 dicit:
2604 562 2842 634 «Neque
2863 563 3082 618 inimici
3102 565 3213 620 mei
3236 587 3263 612 »
3287 564 3621 637 spirituales

1974 645 2093 701 sive
2124 648 2450 719 corporales
2484 674 2510 699 ‹‹
2544 651 2825 708 irrideant
2849 670 2962 722 me,
2990 676 3016 702 »
3047 654 3105 707 id
3134 659 3239 720 est,
3263 656 3478 710 faciant
3499 656 3623 712 irri-

1974 733 2226 791 sibilem.
2261 739 2515 794 Tantum
2545 740 2696 796 valet
2729 741 2849 796 haec
2881 742 3423 815 optatio,quantum
3456 744 3503 800 si
3537 746 3620 800 di-

1972 828 2144 895 ceret,
2164 843 2278 880 non
2314 827 2663 894 irridebunt,
2685 835 2740 884 et
2768 848 2898 886 vere
2921 849 3035 887 non
3067 833 3408 888 erubescam
3429 851 3616 906 neque

1970 912 2274 980 irridebor,
2310 933 2444 970 cum
2473 917 2660 973 levata
2691 919 2888 974 anima
2922 921 2978 974 in
3028 924 3083 975 te
3133 921 3443 990 conﬁdam,
3478 923 3618 993 quia

1971 1000 2051 1056 ita
2081 1005 2168 1057 est
2198 1003 2256 1057 in
2288 1003 2582 1061 omnibus.
2604 1007 2673 1061 Et
2716 1005 2824 1062 hoc
2854 1012 2941 1062 est
2977 1010 3129 1080 quod
3163 1009 3322 1076 dicit,
3347 1034 3374 1059 «
3399 1011 3614 1067 etenim

1968 1091 2223 1146 universi
2251 1092 2352 1163 qui
2381 1093 2674 1149 sustinent
2693 1099 2768 1162 te,
2796 1119 2821 1143 ››
2857 1095 2912 1150 id
2945 1097 3170 1168 est,qui
3192 1099 3302 1152 sub
3324 1099 3614 1156 malorum

1968 1182 2369 1250 persecutione
2401 1183 2680 1238 auxilium
2715 1189 2884 1240 tuum
2913 1186 3262 1241 fiducialiter
3280 1192 3619 1258 exspectant

1969 1289 1997 1317 ‹‹
2026 1285 2140 1324 non
2165 1271 2618 1344 confundentur,
2647 1295 2673 1321 »
2697 1273 2755 1327 id
2779 1279 2886 1341 est,
2913 1291 3026 1330 non
3051 1275 3352 1331 habebunt
3383 1277 3618 1332 erubes-

1967 1357 2216 1413 centiam
2251 1359 2320 1415 de
2343 1358 2558 1432 aliquo.

2037 1446 2407 1503 Sustinentes
2439 1466 2554 1504 non
2584 1451 3036 1519 confundentur,
3072 1454 3171 1507 sed
3206 1470 3409 1508 omnes
3432 1453 3617 1528 iniqui

1966 1535 2416 1602 confundentur,
2442 1543 2568 1592 tum
2593 1540 2730 1610 quia
2755 1540 2955 1612 inique
2977 1545 3178 1613 agunt,
3199 1546 3324 1597 tum
3349 1543 3486 1615 quia
3519 1562 3616 1600 su-

1965 1641 2266 1696 pervacue.
2283 1627 2351 1681 Et
2381 1627 2489 1682 hoe
2512 1631 2599 1682 est
2627 1645 2640 1682 :
2671 1651 2698 1677 ‹‹
2721 1628 3169 1684 Confundantur
3190 1647 3393 1686 omnes
3413 1631 3616 1704 iniqua

1965 1719 2199 1786 agentes
2223 1732 2599 1786 supervacue.
2636 1739 2664 1766 »
2697 1740 2723 1766 «
2761 1718 3126 1789 Supervacua
3163 1742 3190 1766 ››
3222 1719 3502 1774 dicuntur
3521 1721 3613 1793 agi

1964 1801 2062 1856 illa
2084 1803 2203 1858 sive
2235 1803 2387 1858 bona
2409 1805 2548 1871 sint,
2582 1805 2700 1859 sive
2730 1805 2904 1873 mala,
2930 1805 2988 1859 in
3022 1807 3236 1878 quibus
3267 1807 3428 1862 nulla
3459 1813 3615 1864 certa

1961 1892 2314 1963 exspectatio
2345 1897 2452 1957 est,
2470 1896 2525 1948 et
2568 1894 2788 1965 optatio
2822 1911 3000 1965 quam
3033 1893 3170 1949 boni
3199 1900 3434 1951 tantum
3464 1896 3610 1952 valei

1959 1985 2249 2053 quantum
2268 1982 2600 2037 affirmatio.
2617 1982 2762 2036 Cum
2786 1982 2946 2050 dicit,
2968 1983 3324 2040 sustinentes
3346 2003 3460 2041 non
3484 2003 3616 2041 con-

1959 2069 2146 2139 fundi,
2169 2075 2224 2124 et
2256 2069 2489 2143 iniquos
2513 2070 2814 2138 confundi,
2841 2071 3092 2128 maxime
3113 2089 3220 2128 nos
3253 2073 3529 2129 admonet
3551 2078 3616 2129 ut

1959 2159 2384 2215 sustineamus.

2031 2271 2059 2297 «
2084 2247 2288 2303 Levavi
2312 2246 2571 2303 animam
2594 2265 2815 2316 meam;
2842 2265 2956 2304 non
2977 2249 3380 2316 erubescam,»
3405 2255 3463 2306 et
3487 2251 3614 2308 ideo

1959 2357 1990 2386 «
2023 2337 2360 2392 demonstra
2385 2337 2530 2391 mihi
2580 2337 2703 2392 vias
2751 2339 2906 2404 tuas,
2944 2360 2971 2386 ››
3017 2338 3076 2393 id
3125 2343 3232 2406 est,
3268 2355 3614 2396 communes

1958 2425 2394 2497 praeceptiones,
2413 2425 2630 2498 quibus
2653 2425 2772 2481 itur
2798 2426 2868 2480 ad
2895 2431 2969 2493 te,
2987 2427 3250 2482 Domine.
3276 2429 3431 2484 Bene
3449 2430 3610 2498 dicit,

1959 2537 1986 2565 «
2017 2515 2415 2581 demonstra,»
2444 2514 2582 2587 quia
2611 2532 2727 2570 non
2749 2520 2839 2570 est
2871 2515 3124 2570 multum
3145 2515 3529 2572 laborandum
3553 2518 3612 2573 in

1958 2603 2378 2675 cognoscendis
2394 2603 2504 2658 viis
2529 2602 2761 2658 Domini
2786 2620 2798 2657 :
2826 2627 2852 2651 «
2869 2608 2926 2658 et
2949 2605 3192 2660 semitas
3213 2609 3405 2669 tuas,»
3431 2606 3487 2661 id
3502 2605 3610 2676 est,

1957 2690 2209 2746 arctiora
2238 2695 2526 2763 praecepta
2549 2695 2671 2758 tua,
2705 2708 2832 2763 quae
2865 2682 3069 2748 multis
3097 2692 3327 2749 occulta
3364 2699 3523 2763 sunt,
3551 2680 3608 2751 et

1958 2780 2174 2836 rectius
2205 2780 2277 2835 ad
2306 2780 2485 2835 vitam
2509 2781 2734 2834 ducunt
2768 2797 2780 2834 :
2815 2780 2970 2835 sicut
2997 2782 3216 2835 semitas
3244 2781 3605 2854 quae‘stricta:

1955 2868 2059 2923 via:
2093 2872 2250 2935 sunt,
2287 2873 2343 2922 et
2373 2867 2588 2923 rectius
2620 2869 2694 2922 ad
2742 2867 3034 2922 civitatem
3075 2869 3334 2924 ducunt:
3371 2893 3397 2919 «
3431 2870 3605 2925 edoce

1957 2973 2051 3014 me
2083 2979 2110 3006 ιι
2135 2955 2289 3011 illas.
2324 2957 2476 3012 Bene
2507 2955 2669 3022 dicit,
2702 2978 2730 3005 «
2763 2957 2924 3024 doce,
2948 2979 2974 3005 »
3007 2956 3145 3028 quia
3167 2957 3239 3012 ad
3271 2973 3370 3013 eas
3401 2973 3606 3029 cogno-

1958 3046 2204 3102 scendas
2253 3062 2367 3101 non
2419 3049 2652 3100 tantum
2712 3045 3151 3114 demonstratio,
3187 3045 3286 3101 sed
3343 3045 3610 3101 doctrina

1959 3134 2215 3190 maxima
2246 3139 2334 3190 est
2365 3134 2718 3190 adhibenda.

1883 3201 1926 3268 Ο
2031 3225 2101 3282 Et
2131 3223 2270 3296 quia
2291 3226 2488 3296 posset
2519 3224 2921 3279 demonstrare
2942 3224 3086 3292 vias,
3112 3228 3168 3279 et
3198 3225 3402 3279 docere
3433 3223 3609 3304 semi-

1957 3318 2068 3381 tas,
2089 3317 2146 3368 et
2175 3317 2374 3367 tamen
2408 3329 2614 3383 parum
2648 3312 3099 3384 prodesset,nisi
3123 3330 3257 3368 eum
3283 3313 3436 3368 Deus
3459 3316 3612 3369 recte

1959 3404 2042 3458 ire
2075 3403 2286 3458 faceret
2315 3418 2418 3474 per
2447 3399 2597 3468 illas,
2633 3401 2796 3455 addit
2820 3419 2831 3455 :
2858 3401 3126 3467 Domine,
3150 3418 3241 3456 me
3266 3402 3526 3473 positum
3551 3401 3609 3456 in

1957 3490 2067 3546 viis
2091 3490 2208 3545 tuis
2229 3489 2361 3543 etin
2387 3489 2613 3544 semitis
2636 3489 2755 3543 tuis
2788 3512 2815 3537 ››
2840 3489 3044 3562 dirige,
3068 3513 3094 3538 ››
3128 3490 3184 3544 id
3209 3491 3610 3558 est,directum

1959 3580 2049 3634 fac
2101 3579 2364 3632 incedere
2397 3600 2423 3626 «
2459 3594 2552 3631 me
2588 3600 2614 3626 »
2647 3577 2868 3632 scilicet
2918 3578 3174 3648 positum
3200 3602 3227 3626 «
3259 3577 3319 3632 in
3371 3580 3611 3635 veritate

1959 3673 2081 3736 tua,
2110 3690 2136 3716 »
2160 3667 2216 3721 id
2249 3671 2357 3733 est,
2382 3665 2442 3720 in
2467 3666 2607 3721 Filio
2631 3667 2866 3737 tuo,qui
2901 3669 2988 3719 est
3018 3667 3231 3720 veritas
3257 3682 3268 3720 :
3294 3667 3380 3721 vel
3404 3668 3464 3722 in
3487 3667 3611 3739 lege

1960 3772 2136 3829 quam
2160 3756 2286 3827 ipse
2308 3754 2486 3810 Filius
2504 3754 2720 3820 docuit,
2738 3753 2836 3808 ubi
2861 3753 2983 3808 sola
2999 3754 3213 3808 veritas
3252 3757 3360 3809 est.
3377 3755 3445 3809 Et
3473 3771 3608 3810 cum

1958 3846 2112 3901 bona
2144 3845 2348 3912 fecero,
2376 3866 2402 3892 «
2439 3843 2580 3897 doce
2612 3859 2704 3896 me
2738 3864 2765 3889 »
2794 3845 2857 3896 ut
2887 3857 2991 3914 ego
3021 3841 3344 3915 intelligam
3377 3846 3433 3897 et
3482 3859 3607 3915 quae

1960 3933 2088 4002 feci,
2115 3937 2171 3988 et
2202 3949 2327 4004 quae
2361 3931 2734 3985 credo.Prius
2767 3929 2921 3984 enim
2953 3931 3135 3985 credit
3163 3931 3338 3986 homo
3371 3936 3428 3986 et
3474 3947 3608 4004 ope-

1959 4027 2142 4091 ratur,
2163 4037 2339 4093 quam
2361 4019 2648 4091 intelligat
2670 4019 2824 4090 quod
2849 4019 3028 4074 credit
3051 4024 3106 4075 et
3135 4024 3427 4092 eperatur.
3448 4021 3611 4077 Unde

1960 4112 2174 4168 dicitur
2197 4127 2210 4164 :
2233 4133 2260 4159 «
2285 4107 2405 4164 Nisi
2431 4108 2769 4177 credideris,
2797 4124 2912 4163 non
2941 4107 3235 4180 intelliges
3267 4109 3394 4181 (Isa.
3431 4109 3556 4181 vn).
3583 4132 3611 4159 »

1959 4203 2029 4258 Et
2057 4198 2400 4256 Psalmista:
2425 4221 2451 4246 «
2476 4197 2988 4252 Annuntiaverunt
3018 4215 3193 4269 opera
3224 4197 3324 4254 Dei
3375 4203 3430 4254 et
3461 4199 3614 4255 facta

1960 4292 2112 4362 ejus,
2144 4294 2200 4346 et
2228 4292 2542 4360 postquam
2576 4286 3092 4354 annuntiaverunt,
3127 4287 3554 4343 intellexerunt.
3584 4311 3611 4337 ››

1962 4381 2132 4454 (Psal.
2166 4377 2345 4450 mu.)
2377 4377 2533 4431 Duas
2567 4392 2776 4430 causas
2807 4376 2971 4448 ponit
3002 4392 3181 4446 quare
3230 4376 3439 4430 debeat
3479 4391 3612 4430 eum

1962 4472 2168 4527 docere
2200 4472 2256 4523 et
2285 4465 2553 4538 dirigere,
2575 4464 2714 4536 quia
2734 4464 2918 4518 credit
2947 4480 3080 4518 eum
3105 4463 3451 4519 salvatorem
3483 4480 3612 4519 esse

179 4569 288 4627 ego
325 4578 357 4604 ‹‹
384 4555 574 4610 levavi
607 4552 868 4609 animam
899 4570 1112 4620 meam,
1139 4576 1167 4602 ‹‹
1201 4552 1257 4608 id
1290 4557 1398 4622 est,
1425 4553 1850 4611 animalitatem
1881 4569 1931 4634 Ι)
1959 4576 2158 4626 suum,
2180 4560 2236 4612 et
2260 4554 2398 4626 quia
2417 4552 2666 4608 sustinet
2691 4569 2825 4606 eum
2859 4567 2872 4606 :
2908 4555 2964 4606 et
2993 4552 3101 4606 hoc
3124 4556 3212 4607 est
3244 4574 3272 4600 «
3300 4551 3446 4623 quia
3464 4555 3525 4606 tu
3548 4569 3611 4607 es

177 4659 414 4711 meum,
450 4659 580 4716 quae
613 4643 742 4714 ejus
774 4650 996 4697 naturai
1027 4647 1169 4710 erat,
1205 4643 1360 4714 quod
1394 4646 1590 4714 posset
1619 4643 1730 4698 cito
1763 4644 1855 4699 de-

177 4733 364 4804 primi
398 4734 478 4788 ab
500 4733 765 4804 appetitu
786 4735 1173 4799 terrenorum,
1189 4731 1340 4787 erexi
1365 4754 1392 4781 «
1416 4733 1486 4786 ad
1510 4737 1587 4800 te,
1609 4755 1636 4780 η
1662 4732 1721 4787 id
1743 4736 1850 4800 est,

174 4821 260 4877 ita
298 4828 372 4877 ut
420 4820 750 4877 obediendo
783 4819 1070 4891 superiori
1091 4820 1143 4874 vi
1167 4820 1514 4889 animae,tibi
1548 4821 1851 4876 deserviat.

171 4909 276 4966 Vel
313 4909 696 4983 accipiamus
726 4909 1087 4981 superiorem
1108 4909 1226 4964 vim
1257 4910 1485 4977 animae,
1509 4909 1700 4981 ipsam
1729 4909 1852 4965 ani-

170 5017 343 5056 mam
368 4997 608 5055 scilicet
625 4997 1067 5066 mentem,velut
1088 4998 1137 5053 si
1158 4998 1316 5054 dicat
1337 4998 1526 5054 ﬁdelis
1549 5015 1561 5053 :
1581 4999 1854 5055 Animam

163 5103 407 5153 meam,
446 5086 504 5142 id
533 5091 643 5155 est,
665 5091 922 5142 mentem
945 5103 1136 5142 meam
1161 5087 1233 5142 ad
1263 5091 1320 5142 te
1348 5089 1745 5143 contuendum
1769 5088 1855 5144 le-

162 5176 400 5244 vam',id
426 5176 622 5242 est,ad
635 5181 866 5231 terrena
883 5176 1003 5231 haec
1017 5193 1131 5231 non
1146 5175 1386 5248 permisi
1401 5177 1474 5232 ab
1499 5177 1858 5232 animalitate

163 5264 561 5338 deprimi.Et
588 5264 730 5336 quia
758 5263 1059 5336 cognoscit
1088 5281 1149 5320 se
1179 5263 1415 5320 mobilis
1461 5268 1705 5331 naturas,
1731 5281 1858 5336 quae

159 5371 272 5429 per
301 5355 594 5426 seipsam
621 5369 738 5408 non
771 5354 962 5424 possit
1005 5358 1197 5408 erecta
1236 5354 1576 5424 consistere,
1609 5353 1810 5408 subdit
1842 5370 1854 5410 :

162 5468 189 5494 ιτ
221 5445 404 5500 Deus
445 5457 640 5510 meus,
675 5442 905 5498 conﬁdo
954 5442 1013 5496 in
1065 5445 1140 5508 te,
1176 5464 1203 5491 »
1239 5443 1295 5496 id
1346 5445 1454 5510 est,
1487 5443 1546 5496 in
1593 5443 1860 5498 custodia

162 5538 283 5591 tua:
316 5531 862 5599 misericordiae,et
883 5533 1012 5587 ideo
1035 5554 1061 5580 «
1090 5548 1204 5586 non
1228 5533 1638 5598 erubescam,»
1667 5531 1723 5587 id
1746 5537 1856 5601 est,

163 5642 284 5682 non
323 5620 657 5678 retraham
684 5636 775 5676 me
805 5621 878 5676 ab
908 5621 1104 5693 aliquo
1134 5621 1285 5676 bono
1317 5621 1565 5692 incepto.

1963 4671 1991 4700 ‹‹
2015 4649 2169 4704 Deus
2187 4642 2463 4700 salutaris
2486 4644 2736 4708 meus,et
2756 4644 2812 4694 te
2835 4639 3092 4695 sustinui
3117 4643 3238 4696 tota
3255 4638 3404 4710 die,»
3419 4639 3474 4695 id
3501 4644 3612 4711 est,

1962 4738 2022 4793 in
2053 4733 2210 4792 omni
2246 4737 2509 4804 tempore
2539 4730 2667 4783 vitae
2702 4731 2874 4785 mea).

2035 4823 2226 4880 Posita
2256 4817 2776 4876 demonstrationis
2803 4817 3031 4872 viarum
3080 4817 3381 4890 petitione,
3404 4818 3615 4873 transit

1963 4915 2034 4970 ad
2084 4911 2423 4984 petitionem
2477 4905 3116 4975 misericordiarum,ut
3155 4907 3238 4962 sic
3287 4907 3462 4961 faciat
3501 4905 3613 4959 sibi

1963 5003 2116 5059 sicut
2127 4996 2426 5055 consuevit
2448 4997 2635 5052 facere
2650 4995 2908 5067 antiquis
2921 4992 3580 5068 patribus.Continuatio
3598 5010 3610 5046 :

1964 5090 2110 5158 Quia
2130 5088 2301 5144 credo
2342 5090 2398 5141 te
2424 5085 2772 5141 salvatorem
2797 5089 2853 5140 et
2892 5083 3176 5149 sustineo,
3199 5083 3373 5136 debes
3406 5096 3495 5134 me
3529 5079 3612 5134 di-

1965 5180 2152 5252 rigere
2184 5193 2197 5230 :
2234 5180 2291 5232 et
2321 5175 2370 5232 si
2405 5192 2519 5231 non
2554 5173 2772 5230 sufficit
2802 5173 2932 5238 hoc,
2971 5171 3226 5226 sufﬁciat
3256 5169 3616 5224 consuetudo

1967 5264 2380 5324 misericordia:
2412 5268 2548 5327 tuze,
2581 5267 2638 5316 et
2667 5262 2775 5316 hoc
2825 5265 2914 5314 est
2947 5275 2959 5312 :
2995 5282 3022 5307 «
3058 5256 3472 5325 Remiuiscere,
3500 5280 3526 5306 »
3559 5257 3618 5312 id

1967 5361 2077 5423 est,
2111 5355 2200 5410 fac
2236 5351 2379 5408 mihi
2413 5351 2566 5406 sicut
2599 5348 2822 5403 caeteris
2854 5346 3119 5417 patribus
3152 5346 3342 5402 facere
3374 5363 3619 5402 consue-

1966 5443 2100 5500 visti
2135 5460 2148 5497 :
2184 5439 2625 5497 miserationum
2683 5440 2943 5503 tuarum,
2981 5433 3250 5503 Domine,
3282 5438 3339 5490 et
3392 5435 3622 5490 miseri-

1969 5533 2298 5590 cordiarum
2331 5534 2635 5582 tuarum.»
2671 5521 2962 5577 Miseratio
2986 5527 3073 5577 est
3105 5524 3627 5581 exhibitiomiseri-

1971 5622 2179 5678 cordite
2217 5637 2228 5674 :
2266 5611 2664 5672 misericordia
2688 5614 2776 5665 est
2806 5611 3046 5668 interior
3088 5612 3320 5685 pietatis
3362 5615 3619 5681 effertus,
