4092 6178
427 330 550 397 275

849 326 1264 391 HAYMONIS
1294 324 1841 389 HALBERSTAT.
1874 317 2120 384 EPISG.
2150 318 2324 380 OPP.
2356 319 2559 385 PARS
2592 322 2638 383 Ι.
2672 357 2749 367 -
2779 321 3187 385 COMMENT.
3218 322 3418 384 BIBL.

3724 323 3837 384 276

428 463 560 523 ideo
589 466 723 538 post
752 461 1188 519 miserationem
1220 459 1685 516 misericordiam
1708 458 1911 533 ponit:
1938 455 2078 528 quia
2104 450 2160 519 A
2188 470 2290 527 per
2319 455 2780 525 tribulationem,
2806 456 2908 513 Dei
2941 456 3178 530 justitia
3227 456 3334 525 est,
3369 472 3496 529 quas
3536 455 3699 529 juste
3739 474 3840 514 nos

430 554 568 611 licet
592 554 746 610 Deus
776 568 890 608 non
922 549 1193 606 exhibeat
1222 550 1581 622 quibusdam
1611 549 1881 604 affectum
1905 546 2083 601 misc—

432 641 693 700 ricordiaa
714 658 891 715 quem
912 643 1354 712 pctunt,tamen
1377 655 1515 711 erga
1555 656 1653 694 eos
1685 635 2088 693 misericordia

434 735 739 789 movetur:
774 733 840 784 ut
881 729 941 784 in
992 727 1169 784 Paulo
1200 731 1255 797 (Ι
1279 730 1401 785 Cor.
1437 727 1557 801 xu),
1591 744 1624 782 a
1655 744 1768 798 quo
1799 725 1935 780 licet
1970 741 2085 779 non

434 821 758 877 removeret
789 816 1099 875 stimulum
1132 833 1307 889 quem
1340 815 1593 889 petebat,
1630 820 1826 871 tamen
1858 813 2086 869 miseri-

437 926 566 967 cors
587 907 639 965 ei
661 907 993 976 erat,etiam
1013 906 1071 961 in
1104 906 1213 962 hoc
1237 907 1388 978 quod
1417 906 1593 961 dabat
1613 904 1665 960 ei
1697 903 2004 960 stimulum
2027 902 2087 956 in

436 997 770 1055 custodiam
798 995 1085 1051 virtutum
1120 1012 1132 1051 :
1170 1018 1197 1044 «
1230 1011 1358 1067 quae
1390 1017 1416 1043 »
1448 993 1855 1050 miserationes
1887 1015 1914 1042 ‹‹
1950 996 2089 1048 sunt

437 1103 473 1145 a
501 1085 735 1153 saeculo,
771 1108 800 1136 «
829 1085 887 1139 id
919 1088 1029 1155 est,
1060 1100 1129 1139 ex
1160 1099 1273 1155 quo
1307 1084 1568 1138 mundus
1599 1082 1855 1155 incmpit.

508 1177 597 1232 Tu
628 1173 781 1247 petis
801 1173 1258 1241 misericordias,
1281 1176 1338 1228 et
1366 1173 1507 1244 quid
1527 1172 1614 1228 vis
1635 1171 1741 1227 tibi
1763 1170 1885 1227 ﬁcri
1901 1170 1929 1226 ?
1952 1172 2088 1239 lloc,

437 1264 704 1333 Domine,
729 1264 886 1335 quod
910 1286 936 1313 ‹‹
972 1279 1044 1318 ne
1066 1261 1428 1328 memineris,
1454 1284 1483 1311 »
1509 1261 1565 1316 id
1588 1265 1778 1328 est,ne
1798 1260 2008 1333 punias
2028 1260 2089 1315 in

437 1353 553 1410 alia
581 1352 700 1408 vita
728 1373 757 1401 ‹‹
789 1350 1004 1407 delicta
1024 1350 1356 1422 juventutis
1387 1367 1550 1419 meae,
1588 1373 1615 1400 »
1649 1350 1706 1405 id
1756 1348 2088 1417 est,1evita-

437 1442 516 1499 tis
549 1457 711 1497 meae.
742 1441 869 1497 Non
894 1439 1037 1496 dicit
1056 1439 1385 1511 juventutis
1418 1443 1706 1512 quantum
1739 1440 1811 1495 ad
1834 1442 2088 1511 tempus,

438 1530 579 1605 quia
607 1530 729 1587 haec
751 1530 1033 1602 juventus
1063 1532 1256 1602 potest
1275 1529 1452 1585 etiam
1485 1546 1614 1586 esse
1645 1529 1705 1585 in
1738 1528 1999 1596 senibUs,
2031 1528 2091 1583 in

438 1618 657 1693 quibus
686 1617 894 1675 levitas
915 1622 1024 1685 est,
1043 1622 1350 1690 propterea
1366 1634 1469 1690 per
1489 1619 1865 1690 juventutem
1888 1616 2095 1689 accipi-

440 1724 574 1765 mus
595 1706 1056 1779 levitatem,quia
1076 1706 1134 1762 in
1141 1708 1451 1780 juventute
1468 1707 1673 1763 levitas
1687 1705 2093 1764 est.Delictum

2192 545 2385 616 punit.
2411 546 2470 600 Si
2499 549 2695 602 autem
2728 563 2831 618 per
2851 545 3052 618 aliqua
3081 546 3234 601 bona
3265 562 3441 618 Opera
3480 544 3839 615 ineedamus,

2197 633 2610 689 misericordiae
2642 634 2742 691 Dei
2774 639 2881 703 est,
2908 633 3046 707 quia
3076 633 3222 689 nihil
3248 633 3385 689 boni
3408 650 3511 707 per
3532 651 3640 690 nos
3662 634 3844 691 facere

2196 739 2533 795 possumus.
2572 725 2707 788 Quae
2736 723 2841 778 ViEB
2874 740 2989 779 non
3028 726 3168 779 sunt
3217 726 3365 778 notae
3415 723 3713 795 omnibus,
3747 725 3843 780 sed

2198 835 2225 862 ‹‹
2260 811 2716 883 requirentibus,
2753 834 2781 861 ››
2814 813 2871 867 id
2901 816 3008 879 est,
3043 828 3176 867 cum
3208 810 3500 884 frequenti
3546 811 3846 885 diligentia

2198 900 2709 956 considerantibus
2741 924 2767 950 ‹‹
2804 904 3223 957 testamentum
3254 902 3385 972 ejus
3415 905 3472 957 et
3509 902 3848 958 testimonia

2198 990 2348 1061 eius.
2376 1012 2404 1039 »
2430 990 2536 1044 Per
2566 993 2986 1045 testamentum
3008 994 3288 1060 sanctum
3308 990 3688 1063 Evangelium
3708 991 3849 1047 acci-

2198 1078 2417 1151 pimus,
2438 1076 2566 1134 ideo
2589 1078 2729 1150 quia
2758 1078 2912 1135 sicut
2938 1078 3152 1151 aliquis
3177 1082 3527 1136 testamento
3551 1097 3656 1136 suo
3676 1079 3850 1137 haere-

2199 1167 2441 1223 ditatem
2474 1168 2781 1240 promittit,
2815 1171 2871 1223 et
2899 1167 3159 1240 praecipit
3205 1167 3536 1224 haaredibus
3573 1168 3717 1241 quid
3766 1169 3849 1225 fa-

2200 1256 2442 1323 ciant,et
2462 1260 2882 1313 testamentum
2903 1260 3089 1313 morte
3109 1257 3419 1313 conﬁrmat
3442 1275 3455 1314 :
3480 1256 3562 1313 ita
3583 1257 3849 1314 Christus

2200 1344 2597 1402 haereditatem
2630 1346 2920 1419 promittit
2942 1345 3001 1401 in
3022 1346 3352 1420 Evangelio,
3372 1350 3429 1402 et
3448 1346 3549 1402 dat
3569 1347 3695 1403 suis
3716 1364 3855 1419 pree-

2202 1438 2368 1506 cepta
2397 1434 2642 1502 vivendi,
2676 1439 2732 1491 et
2756 1438 2942 1491 morte
2973 1438 3392 1490 testamentum
3424 1452 3599 1491 suum
3650 1437 3854 1492 conﬁr-

2203 1528 2345 1579 mat.
2379 1524 2485 1580 Per
2514 1524 2853 1580 testimonia
2882 1525 3011 1596 ejus
3057 1524 3390 1596 Scripturas
3433 1524 3851 1596 prophetarum

2203 1612 2525 1685 accipimus
2559 1631 2572 1669 :
2606 1613 2900 1687 prophetae
2931 1613 3091 1669 enim
3121 1616 3302 1669 testes
3334 1613 3574 1669 fuerunt
3601 1613 3853 1686 promis-

2204 1701 2429 1757 sionem
2462 1719 2588 1775 quae
2618 1701 2676 1756 in
2709 1701 2939 1758 Christo
2969 1700 3267 1775 completas
3299 1706 3459 1758 sunt.

440 1800 548 1866 est,
564 1797 799 1870 quando
821 1797 977 1869 quod
1000 1796 1338 1868 praecipitur
1358 1796 1481 1853 ﬁeri
1506 1796 1968 1868 derelinquitur:
1995 1820 2021 1846 «
2039 1800 2096 1851 et
2128 1823 2174 1888 Β
2276 1791 2477 1888 Quian
2512 1790 2701 1888 dulcis
2730 1795 2786 1847 et
2817 1795 3010 1848 rectus
3033 1813 3060 1841 »
3091 1807 3174 1863 es,
3193 1808 3437 1888 securus
3456 1808 3590 1849 sum
3608 1793 3770 1888 quod
3797 1796 3858 1849 tu

441 1886 804 1959 ignorantiae
827 1902 1010 1954 meas,
1029 1907 1056 1935 ››
1080 1885 1138 1941 id
1160 1889 1270 1953 est,
1294 1902 1362 1941 ea
1384 1891 1620 1957 peccata
1641 1904 1768 1959 quae
1792 1887 2016 1959 ignoro,
2032 1889 2099 1941 ut

442 1973 772 2049 originalis,
805 1974 894 2032 vel
925 1991 995 2030 ea
1025 1990 1151 2047 quae
1179 1975 1238 2030 in
1264 1975 1516 2046 pueritia
1547 1975 1676 2031 feci.

518 2086 546 2113 «
580 2062 803 2120 Delicta
817 2079 890 2119 ne
906 2063 1268 2133 memineris,
1296 2086 1323 2113 ››
1347 2064 1446 2118 sed
1474 2064 1669 2136 potius
1688 2088 1715 2114 ‹‹
1739 2063 2095 2132 tu,Domine,

447 2156 742 2209 memento
773 2152 909 2223 mei,
936 2174 963 2201 ››
995 2153 1053 2208 id
1104 2156 1211 2221 est,
1245 2169 1387 2209 mem
1431 2157 1651 2209 natura:
1699 2152 1943 2226 fragilis,
1982 2170 2097 2208 non

446 2241 774 2298 secundum
804 2240 1178 2298 altitudinem
1208 2244 1503 2311 tuam,sed
1527 2266 1554 2292 ‹‹
1575 2243 1899 2298 secundum
1922 2241 2097 2298 mise-

444 2329 759 2388 ricordiam
788 2334 977 2399 tuam,
1011 2353 1039 2380 »
1087 2331 1189 2388 sed
1234 2347 1341 2387 nec
1402 2331 1863 2387 miscricordiam
1912 2332 2097 2387 audeo

442 2424 639 2495 petere
667 2421 995 2477 secundum
1027 2420 1330 2488 meritum,
1364 2420 1465 2477 sed
1502 2424 1739 2492 propter
1775 2419 2096 2475 bonitatem

441 2513 606 2566 tuam
639 2514 935 2566 memento
965 2510 1103 2577 mei,
1137 2532 1167 2559 ››
1195 2508 1335 2582 quia
1363 2513 1427 2565 tu
1458 2508 1620 2566 solus
1650 2526 1711 2565 es
1742 2510 1952 2565 bonus.

517 2598 670 2655 Bene
691 2597 821 2654 dico
851 2599 1073 2655 bonum
1103 2614 1232 2654 esse
1261 2597 1600 2665 Dominum,
1618 2597 1902 2672 quialipse
1924 2621 1953 2648 «
1977 2598 2101 2653 dul-

444 2685 531 2744 cis
554 2708 581 2736 ››
604 2686 781 2744 alicui
807 2685 1200 2760 cognoscenti,
1218 2686 1372 2743 sicut
1393 2686 1559 2743 cibus
1576 2687 1835 2760 gustanti
1862 2704 1875 2742 :
1900 2690 1957 2743 et
1978 2687 2099 2741 haec

447 2774 696 2839 dulcedo
735 2779 824 2832 est
868 2777 1196 2833 secundum
1239 2776 1727 2846 misericordiam,
1760 2800 1789 2828 ‹‹
1820 2781 1877 2833 et
1907 2779 2101 2833 rectus

454 2862 761 2932 Dominus,
797 2887 825 2915 ››
855 2865 1182 2922 secundum
1205 2865 1502 2937 justitiam
1537 2882 1551 2921 :
1586 2889 1614 2916 «
1648 2870 1884 2940 propter
1905 2866 2037 2935 hoc,
2070 2887 2098 2915 ››

446 2953 588 3027 quia
610 2976 638 3005 ‹‹
673 2952 861 3010 dulcis
878 2957 935 3010 et
959 2958 1154 3011 rectus
1177 2954 1339 3011 dabit
1368 2954 1921 3028 delinquentibusin
1941 2955 2055 3023 via,
2072 2976 2099 3003 »

445 3042 506 3099 id
541 3046 649 3111 est,
675 3042 735 3098 in
777 3042 888 3098 hac
931 3043 1048 3098 vita
1078 3066 1106 3092 «
1134 3042 1346 3116 legem,
1378 3066 1406 3093 »
1438 3043 1496 3099 id
1530 3047 1637 3111 est,
1662 3043 2097 3100 correctionem.

449 3130 557 3188 Per
579 3130 766 3203 legem
789 3129 920 3187 ideo
957 3131 1372 3187 correctionem
1413 3131 1755 3203 accipimus,
1773 3132 1912 3204 quia
1949 3132 2104 3187 sicut

446 3217 541 3275 lex
564 3222 621 3273 et
648 3217 919 3273 timorem
950 3217 1183 3287 incutit,
1216 3223 1273 3275 et
1303 3236 1337 3275 a
1367 3219 1522 3275 malo
1553 3235 1781 3276 cessare
1826 3220 1985 3290 facit,
2019 3220 2102 3277 ita

446 3321 680 3378 quoque
712 3305 1012 3361 correctio.
1045 3305 1149 3362 Vel
1200 3324 1302 3379 per
1347 3307 1504 3363 viam
1550 3308 1829 3364 mandata
1872 3309 2100 3365 Domini

445 3408 765 3466 possumus
816 3394 1110 3466 accipere;
1145 3395 1246 3468 qui
1298 3400 1497 3452 autem
1541 3400 1704 3452 extra
1752 3396 1903 3453 hanc
1944 3399 2100 3454 viam

447 3485 606 3551 sunt,
639 3481 733 3539 his
763 3482 917 3539 Deus
950 3482 1173 3540 nullam
1203 3483 1393 3557 legem
1423 3485 1541 3541 dat.
1557 3485 1703 3541 Cum
1735 3486 1890 3543 Deus
1934 3487 2104 3559 punit

445 3575 800 3645 peccatores,
827 3572 991 3645 juste
1022 3574 1147 3649 agit
1179 3591 1192 3629 :
1228 3575 1384 3647 quod
1405 3575 1615 3649 punire
1646 3575 1934 3633 habemus
1964 3594 2101 3633 cum

446 3658 590 3717 dicit
612 3659 802 3735 legem
834 3663 956 3719 dat.
991 3664 1153 3730 Quod
1178 3663 1318 3720 facit
1348 3663 1458 3720 hoc
1482 3663 1543 3719 in
1572 3664 1683 3736 via,
1698 3664 1758 3720 id
1780 3670 1887 3734 est,
1912 3666 1972 3722 in
1992 3666 2103 3722 bac

443 3748 581 3820 vita,
616 3751 824 3808 merito
856 3752 977 3825 agit
1008 3769 1021 3808 :
1055 3753 1195 3826 quia
1225 3752 1285 3809 in
1335 3752 1446 3809 hac
1484 3753 1604 3809 vita
1651 3753 1775 3810 sola
1819 3759 1909 3811 est
1938 3754 2102 3812 locus

445 3839 842 3898 correctionis.
869 3842 1021 3898 Bene
1040 3842 1206 3915 ponit
1236 3841 1435 3910 simul,
1462 3864 1490 3892 «
1523 3841 1711 3899 dulcis
1740 3846 1797 3898 et
1825 3848 2037 3913 rectus,
2074 3867 2101 3895 ››

445 3926 587 4001 quia
632 3927 884 3985 alterum
924 3933 1213 4003 temperat
1242 3928 1516 3987 alterum.
1551 3929 1806 3987 Dulcedo
1842 3932 1999 3988 enim
2031 3933 2103 3990 de

445 4012 849 4071 misericordia
868 4015 970 4071 Dei
998 4034 1113 4072 non
1144 4018 1455 4090 desperare
1486 4034 1593 4075 nos
1625 4019 1921 4092 admonet,
1928 4021 2104 4093 justi-

445 4099 530 4157 tia
556 4116 689 4156 vero
720 4100 1138 4175 negligentiam
1171 4104 1385 4160 aufert.

518 4212 547 4239 ‹‹
571 4188 858 4245 Dominus
880 4191 1042 4247 dabit
1057 4191 1267 4265 legem,
1286 4214 1314 4242 »
1332 4196 1389 4248 et
1408 4210 1510 4264 per
1528 4193 1680 4250 hanc
1702 4195 1891 4268 legem
1916 4220 1945 4247 «
1968 4199 2105 4255 diri-

445 4279 544 4349 get
566 4280 929 4346 mansuetos,
941 4300 967 4327 »
993 4277 1052 4335 id
1066 4279 1313 4347 est,illos
1327 4280 1427 4352 qui
1446 4280 1610 4353 prius
1621 4287 1787 4339 erant
1806 4283 2100 4359 indomiti,

444 4367 503 4421 et
531 4380 689 4421 nunc
741 4365 879 4423 facti
933 4371 1073 4423 sunt
1119 4368 1455 4425 tractabiles
1498 4373 1555 4425 et
1596 4370 1645 4425 si
1694 4373 2104 4443 percutiuntur

445 4469 562 4510 non
584 4454 1004 4527 repercutiunt,
1020 4456 1071 4512 si
1094 4455 1530 4514 maledicuntur
1554 4476 1669 4514 non
1700 4460 2059 4519 maledicunt
2084 4482 2097 4521 :

2207 1905 2234 1932 ‹‹
2268 1880 2678 1955 prepitiaberis
2709 1883 2945 1953 peccato
2973 1897 3103 1937 meo
3138 1904 3167 1931 »
3201 1881 3584 1937 condonando
3607 1880 3779 1950 illud,
3806 1886 3861 1939 et

2206 1988 2323 2026 non
2351 1975 2587 2043 propter
2620 1969 2895 2026 meritum
2928 1986 3146 2039 meum,
3179 1970 3281 2026 sed
3313 1992 3341 2020 «
3375 1975 3613 2043 propter
3640 1988 3861 2028 nomen

2203 2064 2396 2127 tuum,
2425 2082 2452 2108 »
2484 2058 2622 2132 quia
2641 2063 2703 2115 tu
2721 2076 2783 2114 es
2808 2059 2839 2114 J
2846 2075 3002 2128 esus,
3017 2059 3076 2114 id
3097 2063 3205 2128 est,
3221 2058 3502 2116 Salvator.
3531 2060 3683 2117 Bene
3702 2060 3859 2132 dico,

2207 2174 2235 2201 ‹‹
2258 2153 2493 2223 propter
2513 2166 2726 2205 nomen
2747 2153 2939 2218 tuum,
2956 2171 2984 2198 »
3007 2148 3393 2222 quiapropter
3413 2153 3717 2221 peccatum
3737 2167 3863 2207 non

2207 2263 2235 2290 ‹‹
2270 2239 2525 2294 multum
2557 2237 2713 2294 enim
2741 2241 3067 2311 peccatum.
3100 2261 3122 2289 ι

2279 2328 2383 2384 Hic
2411 2327 2621 2400 incipit
2652 2327 2721 2383 de
2752 2326 2923 2383 tertia
2951 2330 3138 2399 parte,
3168 2327 3508 2384 describens
3536 2329 3781 2400 justum
3810 2332 3870 2385 et

2205 2419 2335 2489 ejus
2352 2416 2744 2489 praemium,et
2764 2414 3019 2472 similem
3032 2416 3085 2472 ei
3106 2433 3169 2472 se
3185 2417 3452 2472 futurum
3474 2416 3702 2474 asserit.
3718 2417 3871 2474 Con-

2210 2504 2456 2561 tinuatio
2481 2523 2494 2561 :
2513 2528 2538 2554 ‹‹
2557 2504 2973 2576 Propitiaberis
2989 2527 3016 2554 ››
3032 2503 3177 2560 mihi
3191 2504 3291 2577 qui
3311 2521 3444 2560 sum
3462 2506 3867 2577 peccator,sed

2209 2619 2236 2646 (‹
2272 2595 2404 2667 quis
2438 2616 2466 2644 ››
2482 2594 2722 2666 justus?
2748 2594 2819 2649 Et
2845 2593 2957 2649 hoc
2987 2597 3095 2661 est,
3129 2616 3157 2644 «
3192 2592 3367 2650 homo
3407 2594 3506 2666 qui
3546 2592 3722 2650 timet
3754 2595 3870 2652 Do-

2209 2707 2237 2735 «
2271 2684 2501 2739 minum
2535 2706 2562 2733 »
2595 2682 2759 2738 ﬁliali
2792 2682 3004 2738 timore
3034 2681 3135 2754 qui
3157 2682 3285 2738 est?
3316 2681 3419 2738 Hic
3451 2682 3675 2739 scilicet
3708 2706 3740 2734 «
3768 2683 3872 2757 qui

2207 2773 2353 2846 elegi
2383 2772 2496 2829 sibi
2526 2772 2751 2839 viam,»
2786 2771 2846 2826 id
2877 2776 2985 2839 est,
3019 2771 3137 2828 sive
3168 2771 3416 2828 activam
3450 2773 3568 2828 sive
3599 2777 3872 2830 contem-

2209 2862 2484 2935 plativam
2515 2861 2990 2916 vitam.Dicendo
3018 2859 3212 2935 elegit,
3246 2865 3411 2917 notat
3440 2862 3577 2930 duo,
3597 2864 3655 2917 et
3706 2863 3873 2935 quod

2210 2969 2276 3008 ex
2308 2950 2433 3008 sola
2461 2950 2760 3007 voluntate
2790 2950 2943 3018 fecit,
2959 2954 3017 3006 et
3039 2949 3196 3022 quod
3218 2967 3348 3006 eam
3378 2951 3451 3006 ab
3471 2949 3605 3006 aliis
3625 2967 3873 3024 separa-

2207 3040 2325 3097 vit:
2361 3042 2420 3096 in
2443 3057 2561 3113 qua
2578 3039 2671 3095 via
2701 3061 2729 3089 «
2763 3038 2969 3096 statuit
2988 3038 3038 3095 ei
3072 3062 3101 3089 »
3134 3038 3420 3096 Dominus
3451 3061 3480 3089 «
3510 3038 3727 3112 legem,
3758 3063 3789 3089 ››
3812 3040 3873 3096 id

2211 3134 2320 3199 est,
2346 3133 2633 3202 praecepta
2653 3129 2977 3185 secundum
3001 3144 3126 3201 qua:
3146 3128 3380 3196 viveret,
3401 3127 3641 3197 scilicet,
3656 3129 3877 3201 justus

2212 3223 2301 3276 est
2327 3218 2443 3287 ille,
2479 3218 2577 3290 qui
2608 3222 2665 3273 et
2693 3218 2874 3273 vitam
2904 3221 2959 3273 et
2979 3216 3039 3271 in
3070 3233 3139 3273 ea
3169 3217 3494 3273 secundum
3527 3217 3722 3291 legem
3758 3219 3875 3275 Do-

2212 3308 2359 3365 mini
2391 3306 2628 3364 incedit.

2282 3398 2351 3453 Et
2367 3397 2531 3470 ponit
2534 3396 2679 3469 justi
2698 3395 3005 3468 praemium
3028 3412 3163 3451 cum
3184 3395 3326 3452 dicit
3349 3413 3362 3452 :
3394 3396 3649 3453 «Anima
3671 3398 3877 3469 ejus,»

2204 3486 2374 3559 justi,
2401 3510 2429 3536 «
2463 3485 2863 3541 demorabitur
2892 3485 2951 3539 in
2975 3484 3145 3541 bonis
3169 3508 3196 3535 ››
3225 3484 3371 3542 locis
3391 3489 3526 3542 ante
3537 3485 3878 3558 judicium,

2213 3599 2240 3625 ‹‹
2274 3580 2332 3631 et
2362 3591 2560 3630 semen
2590 3574 2743 3646 ejus,
2769 3596 2794 3621 »
2826 3572 2882 3628 id
2906 3577 3013 3641 est,
3029 3573 3183 3629 bona
3201 3590 3378 3646 opera
3396 3574 3545 3646 ejus,
3568 3597 3596 3623 ‹‹
3620 3574 3886 3632 ὶιωτοᾶί-

2212 3664 2378 3731 tabit,
2420 3686 2446 3713 »
2478 3663 2658 3731 idest,
2676 3661 2848 3717 faciet
2874 3679 3010 3718 eum
3041 3662 3386 3718 haereditare
3416 3685 3445 3713 «
3477 3665 3699 3718 terram
3738 3686 3769 3712 ››
3801 3662 3889 3720 vi-

2211 3752 2565 3820 ventium,et
2595 3751 2705 3807 hoc
2726 3751 2837 3807 erit
2858 3751 2917 3806 in
2949 3751 3249 3808 communi
3272 3751 3889 3809 resurrectione.Con-

2212 3847 2302 3898 tra
2331 3840 2441 3897 hoc
2472 3840 2627 3913 quod
2654 3839 2871 3913 aliquis
2903 3839 3136 3908 diceret,
3153 3840 3447 3897 neminem
3476 3857 3649 3914 posse
3667 3858 3890 3915 perse-

2210 3947 2410 3987 verare
2449 3929 2509 3985 in
2549 3930 2701 3986 bono
2736 3933 2974 4002 prepter
2994 3928 3360 3986 nobilitatem
3391 3934 3713 4000 naturaet
3745 3931 3890 3988 ideo

2212 4019 2480 4076 amittere
2510 4017 2656 4074 illud
2687 4018 2908 4074 bonum
2940 4018 3084 4074 dicit
3114 4036 3127 4075 :

2283 4132 2311 4158 ‹‹
2344 4107 2630 4165 Dominus
2681 4110 2771 4163 est
2821 4108 3283 4175 ﬁrmamentum,
3320 4130 3349 4159 ››
3375 4108 3431 4163 id
3480 4111 3590 4176 est,
3618 4107 3892 4166 ﬁrmans

2203 4197 2401 4269 justos
2421 4194 2480 4250 in
2497 4193 2723 4265 bonojn
2744 4192 2854 4249 hac
2865 4193 3126 4261 vita,non
3144 4194 3541 4266 superbis,sed
3565 4218 3593 4245 «
3609 4195 3892 4252 timenti-

2211 4284 2323 4339 bus
2339 4284 2584 4354 Deum,»
2600 4282 2739 4354 quia
2756 4281 2935 4337 timor
2949 4280 3183 4337 Domini
3203 4281 3637 4338 contrariusest
3656 4280 3896 4339 buma-

2211 4390 2285 4428 no
2311 4372 2528 4429 timori.
2554 4370 2840 4427 Humanis
2861 4369 3018 4426 enim
3039 4369 3218 4426 timor
3229 4369 3617 4426 difﬁdentiam
3629 4370 3888 4444 tribuit,

2210 4459 2444 4517 divinus
2460 4464 2659 4515 autem
2680 4458 3120 4514 ﬁrmamentum
3141 4458 3285 4531 spei.
3300 4459 3372 4514 Et
3391 4457 3565 4515 etiam
3588 4461 3899 4531 promisit

445 4565 474 4593 «
508 4541 569 4598 in
594 4543 843 4615 judicio,
881 4567 909 4594 »
934 4545 992 4601 id
1025 4549 1135 4613 est,
1164 4545 1226 4600 in
1258 4546 1609 4604 discretione
1658 4548 1795 4605 boni
1837 4555 1893 4606 et
1936 4552 2097 4609 mali.
2129 4560 2177 4625 Ι)
2211 4547 2802 4621 suis,quodseipsum
2825 4548 3229 4604 manifestaret
3264 4546 3443 4615 eis,et
3468 4546 3580 4604 hoc
3599 4552 3693 4603 est
3726 4573 3754 4598 ι
3796 4554 3896 4606 te-

445 4653 475 4681 «
502 4630 606 4687 Vel
627 4630 687 4686 in
710 4633 963 4704 judicio,
997 4655 1025 4684 ››
1058 4634 1116 4690 id
1149 4638 1256 4705 est,
1291 4635 1350 4690 in
1382 4636 1739 4695 correctione
1770 4638 1901 4712 ipsa
1920 4658 2098 4714 quam

446 4717 601 4774 Deus
626 4719 761 4775 fecit
777 4720 1162 4796 ipsis,diriget
1180 4740 1279 4780 eos
1301 4730 1641 4782 mansuetos
1662 4728 1735 4783 ad
1759 4729 1913 4785 viam
1942 4730 2092 4787 vitae.

445 4805 581 4879 Ipsa
609 4823 863 4881 namque
908 4811 1185 4868 correctio
1229 4817 1319 4868 est
1367 4812 1606 4872 directio
1650 4819 1799 4890 ejus,
1819 4820 1958 4891 quia
1995 4839 2098 4893 per

442 4910 575 4952 eam
603 4897 660 4951 et
696 4901 933 4969 peccata
981 4898 1272 4971 laxantur,
1297 4905 1354 4958 et
1399 4902 1645 4962 virtutes
1695 4908 2095 4983 conferuntur,

443 5006 471 5034 ‹‹
505 4987 563 5040 et
584 4983 779 5053 mites,
810 5007 837 5035 ››
858 4985 917 5042 id
940 4991 1048 5057 est,
1074 4988 1207 5046 illos
1238 4990 1340 5063 qui
1373 4991 1432 5047 in
1465 4997 1676 5049 natura
1706 5000 1845 5051 sunt
1867 4997 2095 5070 simpli-

443 5073 738 5147 ces,etqui
760 5092 1065 5149 nunquam
1087 5078 1209 5135 ﬁeri
1225 5080 1463 5136 fuerunt
1476 5105 1502 5132 ι(
1518 5083 1879 5140 docebitvias
1897 5103 2093 5141 suas.»

513 5184 542 5211 «
566 5161 807 5220 Doeebit
825 5165 949 5222 vias
968 5188 996 5216 »
1023 5183 1151 5239 quae
1172 5184 1288 5224 non
1310 5174 1451 5225 sunt
1472 5173 1933 5241 contemnendae,
1956 5176 2096 5246 quia

439 5271 469 5299 ‹‹
493 5249 774 5308 universas
795 5253 899 5309 viae
918 5277 945 5304 »
967 5253 1148 5324 illius,
1165 5280 1192 5306 «
1218 5257 1509 5325 Domini,»
1533 5262 1673 5313 sunt
1693 5259 1859 5316 valde
1878 5263 2089 5335 dignae,

440 5335 663 5393 scilicet
688 5362 716 5389 «
750 5347 889 5397 sunt
935 5344 1338 5401 misericordia
1370 5350 1426 5401 et
1467 5346 1705 5402 veritas.
1744 5371 1769 5396 ››
1798 5350 2091 5422 Quidquid

442 5423 599 5479 enim
630 5426 782 5484 Deus
832 5432 1001 5489 nobis
1039 5434 1196 5501 facit,
1213 5433 1298 5489 vel
1330 5450 1434 5506 per
1462 5432 1924 5493 misericordiam
1959 5439 2094 5495 facit

441 5510 529 5568 vel
559 5529 663 5584 per
709 5517 1007 5576 veritatem
1043 5538 1056 5576 :
1089 5521 1175 5575 vel
1210 5539 1311 5593 per
1340 5521 1733 5594 quodcunque
1764 5525 2090 5584 incedimus

446 5600 517 5656 ad
550 5617 707 5675 eum,
729 5606 1131 5666 misericordia
1150 5609 1235 5665 vel
1254 5610 1464 5667 veritas
1486 5614 1592 5667 est.
1631 5613 1689 5669 Si
1709 5615 1866 5671 enim
1889 5632 2092 5673 eamus

2210 4642 2570 4694 stamentum
2599 4636 2808 4709 ipsius,
2846 4659 2872 4685 ››
2903 4635 2962 4691 id
2995 4635 3419 4707 est,promissio
3442 4635 3630 4708 ipsius
3649 4642 3755 4692 est
3776 4637 3905 4695 hu-

2199 4726 2465 4801 jusmodi
2496 4750 2523 4776 «
2558 4731 2624 4782 ut
2655 4748 2683 4775 »
2715 4724 2841 4798 ipse
2863 4725 3148 4781 Dominus
3179 4748 3206 4775 «
3242 4724 3651 4781 manifestetur
3671 4725 3841 4783 illis.
3865 4750 3897 4777 »ι

2203 4816 2305 4873 Vel
2340 4840 2366 4867 «
2400 4819 2837 4882 testamentum,
2873 4836 2903 4865 »
2935 4814 2995 4870 id
3035 4817 3146 4883 est,
3177 4813 3555 4887 Evangelium
3603 4817 3697 4869 est
3760 4815 3906 4874 tale

2207 4928 2235 4956 ‹‹
2270 4909 2335 4961 ut
2364 4903 2773 4960 manifestetur
2801 4902 2941 4972 illis,
2978 4925 3005 4953 »
3040 4903 3098 4960 id
3127 4907 3236 4974 est,
3267 4907 3334 4959 ut
3362 4903 3621 4960 habeant
3640 4901 3911 4962 intelle-

2206 4998 2368 5050 ctum
2394 4991 2581 5065 ipsius
2612 4991 2930 5064 Evangelii.

2276 5082 2642 5152 Quiajustus
2669 5079 2804 5135 talis
2826 5084 2936 5147 est,
2968 5084 3027 5136 et
3056 5080 3171 5136 tale
3204 5080 3510 5153 praemium
3551 5084 3643 5136 est
3680 5082 3904 5153 justi,

2202 5172 2331 5226 ideo
2361 5169 2651 5243 quidquid
2682 5168 2782 5225 alii
2815 5170 3050 5237 faciant,
3093 5186 3198 5243 ego
3230 5169 3484 5226 similem
3516 5185 3609 5226 me
3645 5169 3911 5230 faciam

2193 5261 2379 5333 justo,
2408 5263 2465 5314 et
2495 5258 2604 5314 hoc
2635 5262 2743 5323 est,
2776 5281 2804 5309 ‹‹
2839 5258 2991 5314 oculi
3018 5259 3155 5329 mei,
3193 5281 3220 5308 ››
3263 5259 3322 5314 id
3356 5264 3463 5328 est,
3496 5257 3911 5318 intentiones

2202 5364 2365 5419 mea),
2390 5372 2416 5396 «
2452 5363 2684 5419 semper
2703 5347 2774 5400 ad
2800 5344 3139 5417 Dominum,
3158 5368 3185 5394 »
3212 5346 3341 5402 ideo
3368 5369 3396 5396 ‹‹
3427 5343 3712 5418 quoniam
3745 5345 3913 5421 ipse

2201 5437 2403 5493 evellet
2432 5436 2610 5509 pedes
2660 5451 2839 5503 meos,
2887 5434 2945 5489 id
2992 5440 3100 5504 est,
3128 5434 3461 5491 affectiones
3506 5450 3688 5501 meas,
3736 5459 3773 5484 ‹‹
3826 5439 3919 5495 de

2201 5525 2428 5596 laqueo,
2450 5547 2478 5574 »
2506 5522 2564 5577 id
2595 5527 2704 5589 est,
2736 5523 2808 5578 de
2838 5523 3262 5580 tentationibus
3292 5522 3528 5591 diaboli,
3554 5521 3612 5577 id
3643 5525 3780 5591 est,
3824 5544 3920 5583 ne

2201 5612 2319 5669 illis
2348 5612 2570 5668 valeam
2603 5611 2963 5669 irretiri.Alii
2996 5612 3044 5669 si
3077 5612 3316 5669 elevatis
3348 5610 3534 5668 oculis
3556 5610 3920 5688 incedant,
