4070 6180
254 352 374 418 3'17

1443 350 1939 417 EXPLANATIO
1981 350 2063 414 IN
2106 351 2491 417 PSALMOS.

3550 352 3669 422 επ

257 487 476 545 eadunt
502 486 568 543 in
596 486 840 562 laqueos
878 504 891 546 :
923 486 1023 562 qui
1074 492 1268 545 autem
1314 488 1385 544 ad
1430 487 1746 544 Dominum
1794 486 1908 545 ele-
1936 486 1994 555 Α
2022 487 2243 555 mine,«
2256 488 2460 560 judica
2490 503 2603 544 me.
2630 509 2657 537 »
2690 487 2749 544 id
2771 492 3121 558 est,secerne
3142 491 3329 555 meab
3352 491 3590 566 impiis:
3613 495 3673 551 et
3712 532 3717 537 -

255 580 393 631 vant
422 575 649 646 oculos,
691 576 978 633 Domiuus
1009 593 1107 632 eos
1139 595 1173 633 a
1195 576 1421 649 laqueis
1451 576 1644 649 eripit.

326 664 602 737 Respicio
633 664 694 720 in
724 670 801 733 te,
821 670 878 722 et
906 670 967 721 tu
1001 690 1029 716 «
1055 666 1275 738 respice
1306 667 1365 721 in
1387 683 1500 734 me,
1519 688 1547 714 »
1572 682 1677 721 nec
1698 666 1827 722 dico
1848 670 1914 722 ut

255 753 597 810 consideres
618 771 713 809 me
740 759 806 809 ut
826 758 1073 826 patrem,
1090 756 1191 810 sed
1212 759 1277 810 ut
1298 756 1667 823 miserum,et
1687 778 1715 805 «
1743 755 1857 811 mei
1883 778 1909 805 »

254 842 456 899 miseri
492 866 521 893 ‹‹
553 843 834 899 miserere
856 865 886 892 »
910 844 1049 915 quia
1070 844 1375 899 misericor
1394 849 1547 913 es,et
1567 867 1595 893 «
1621 843 1760 917 quia
1779 844 1910 899 uni-

253 948 359 988 cus
388 936 447 987 et
478 949 705 1004 pauper
723 949 860 988 sum
883 948 1047 1005 ego.»
1068 932 1275 988 Justus
1295 932 1423 988 ideo
1442 932 1653 988 unicus
1676 933 1907 1002 dicitur,

254 1022 393 1094 quia
404 1021 477 1076 de
494 1020 775 1076 omnibus
788 1021 963 1077 sectis
975 1038 1154 1076 unam
1170 1021 1353 1076 solam
1368 1026 1587 1077 sectam
1602 1022 1703 1077 Dei
1717 1022 1909 1095 elegit,

252 1115 309 1167 et
334 1109 502 1166 solus
531 1110 651 1165 Deo
682 1110 878 1165 servit.
916 1110 1023 1165 Per
1049 1110 1159 1165 hoc
1189 1110 1345 1182 quod
1376 1110 1519 1165 dicit
1548 1112 1781 1177 unicus,
1816 1127 1915 1166 no-

252 1203 337 1255 tat
356 1215 421 1255 se
451 1199 537 1255 ita
556 1215 686 1254 esse
707 1197 1094 1271 diligendum,
1112 1199 1265 1255 sicut
1286 1199 1499 1255 unicus
1523 1199 1681 1256 ﬁlius
1695 1218 1728 1256 a
1746 1204 1910 1273 patre

250 1288 544 1362 diligitur.
576 1288 898 1360 Pauperem
929 1304 990 1343 se
1022 1288 1164 1343 dicit
1186 1289 1409 1360 justus,
1442 1287 1581 1361 quia
1611 1289 1683 1345 ab
1733 1305 1908 1362 appe-

249 1378 361 1434 titu
393 1382 772 1434 terrenorum
803 1380 1032 1445 exutus,
1073 1381 1309 1449 propter
1335 1377 1446 1433 hoc
1484 1381 1573 1434 est
1598 1379 1813 1451 dignus
1845 1382 1910 1435 ut

250 1467 615 1525 consoletur.
1021 1508 1025 1512 .

318 1556 464 1613 Dico
487 1579 520 1606 ‹‹
539 1555 839 1623 miserere,
857 1577 886 1604 »
907 1558 964 1611 et
992 1571 1230 1612 necesse
1249 1560 1358 1624 est,
1383 1579 1411 1607 «
1433 1557 1570 1629 quia
1585 1554 1912 1613 tribulatio-

250 1662 354 1703 nes
379 1644 582 1701 cordis
612 1644 751 1713 mei,
786 1666 814 1694 »
846 1643 1068 1700 scilicet
1095 1661 1224 1717 quae
1256 1644 1316 1699 in
1348 1661 1449 1701 cor
1484 1645 1663 1701 etiam
1703 1662 1909 1702 ascen-

251 1736 490 1802 derunt,
505 1756 538 1783 ‹‹
551 1732 957 1805 multiplicatis
980 1738 1120 1789 sunt
1142 1749 1156 1788 :
1176 1756 1203 1782 »
1226 1733 1364 1806 quia
1380 1735 1452 1789 ab
1473 1733 1593 1790 illis
1613 1734 1789 1790 etiam
1808 1734 1910 1807 qui

2022 578 2188 650 ponit
2218 594 2458 633 causam
2482 595 2660 649 quare
2683 578 2890 634 debeat
2903 579 3400 651 judicare,dicens
3433 601 3445 639 :
3482 606 3510 633 ‹‹
3535 599 3674 656 quo-

2023 667 2184 722 niam
2235 683 2340 739 ego
2392 667 2696 740 ingressus
2745 684 2900 736 sum,
2938 690 2965 717 ››
2999 668 3055 723 id
3087 674 3196 736 est,
3222 670 3434 743 incmpi
3482 672 3672 729 facere

2021 756 2242 811 bonum
2274 778 2302 805 ‹‹
2329 757 2390 810 in
2423 756 2754 811 innocentia
2788 779 2813 805 ››
2848 774 2962 811 non
3007 758 3136 813 dico
3167 759 3532 831 angelorum,
3566 761 3668 817 sed

2022 868 2051 895 «
2072 862 2259 911 mea,»
2278 844 2335 900 id
2362 850 2449 901 est
2470 846 2699 918 qualem
2723 851 2914 917 potest
2934 846 3149 902 habere
3170 847 3435 903 humana
3453 848 3674 922 fragili-

2019 940 2134 1002 tas,
2153 934 2292 1005 quia
2312 952 2428 989 non
2449 934 2584 989 fecit
2601 936 2845 1000 furtum,
2872 952 2976 990 nec
2998 934 3381 992 homicidium
3407 954 3419 993 :
3444 940 3503 993 et
3530 937 3671 1010 quia

2019 1026 2220 1096 posset
2248 1023 2558 1095 incmpisse
2580 1023 2639 1078 in
2662 1022 2764 1077 illa
2782 1023 3134 1091 innocentia,
3150 1041 3254 1080 nec
3276 1041 3667 1097 perseverare,

2019 1111 2161 1167 dicit
2182 1134 2210 1159 «
2235 1114 2294 1166 et
2324 1128 2439 1165 non
2461 1110 2805 1166 inﬁrmabor
2828 1134 2854 1160 ››
2877 1111 2949 1166 ab
2980 1110 3083 1166 illa
3121 1110 3487 1169 innocentia:
3510 1117 3568 1169 et
3597 1129 3670 1170 ne

2020 1217 2300 1274 arrogans
2328 1200 2643 1271 videretur,
2657 1200 2857 1256 subdit
2889 1218 2901 1255 :
2937 1223 2965 1249 «
3000 1216 3243 1272 sperans
3272 1200 3331 1256 in
3362 1200 3667 1270 Domino,»

2018 1288 2078 1345 id
2110 1293 2217 1356 est,
2251 1306 2368 1344 non
2399 1304 2467 1344 ex
2496 1287 2742 1359 meritis,
2776 1289 2877 1343 sed
2928 1287 3068 1359 quia
3105 1304 3274 1360 spero
3315 1286 3376 1344 in
3424 1287 3669 1345 Domino

2025 1402 2047 1428 α
2084 1396 2199 1434 non
2231 1378 2594 1433 infirmabor.
2632 1400 2661 1426 »

2089 1466 2301 1523 Judica
2343 1466 2453 1522 hoc
2497 1467 2692 1537 modo,
2726 1466 2949 1522 scilicet
2978 1489 3006 1515 «
3040 1466 3223 1539 proba
3265 1483 3378 1536 me,
3412 1488 3441 1516 »
3471 1466 3531 1522 id
3560 1470 3669 1537 est,

2019 1557 2260 1613 ostende
2278 1572 2391 1622 me,
2408 1578 2436 1606 ‹‹
2461 1555 2730 1623 Domine,
2748 1578 2774 1604 ››
2799 1555 2943 1610 mihi
2963 1559 3021 1611 et
3041 1554 3172 1612 aliis
3194 1557 3528 1628 probatum.
3544 1556 3675 1614 Pro-

2019 1646 2223 1701 batum
2254 1643 2510 1700 ostendit
2538 1644 2694 1699 Deus
2715 1644 2827 1700 Job
2857 1644 2970 1699 sibi
3004 1645 3141 1714 (Job.
3174 1649 3264 1712 1.),
3296 1643 3437 1717 quia
3456 1661 3671 1717 cogno-

2017 1734 2100 1789 vit
2130 1750 2192 1789 se
2222 1732 2411 1789 multa
2441 1749 2611 1805 posse
2632 1732 2751 1804 pati
2787 1749 2800 1787 :
2834 1737 2891 1788 et
2913 1732 3256 1801 aliis,etiam
3279 1733 3668 1803 daemonibus,

252 1823 356 1880 ﬁlii
377 1821 658 1878 Ecclesia;
679 1822 960 1924 deberent
989 1836 1118 1878 esse
1145 1822 1289 1924 justi
1322 1822 1700 1891 tribulantur,
1734 1827 1792 1879 et
1820 1828 1905 1892 tu,
1938 1857 1988 1924 Β
2019 1824 2118 1897 qui
2146 1840 2283 1877 eum
2316 1822 2448 1877 Levi
2479 1820 2857 1924 tribulatione
2887 1838 3058 1893 posse
3081 1821 3339 1877 devorari
3359 1822 3665 1893 putabant.

252 1936 281 1963 κ
311 1928 455 1969 erue
466 1927 566 1967 me
588 1928 705 1967 nne
726 1910 1074 1984 praavoleant
1095 1910 1240 1966 mihi
1264 1933 1291 1961 «
1313 1911 1383 1967 de
1400 1912 1907 1979 necessitatibus,»

251 2001 311 2058 id
326 2005 439 2071 est,
455 2001 533 2056 de
554 1998 1037 2057 tribulationibus
1057 2016 1184 2072 quae
1206 2004 1345 2055 sunt
1374 1999 1520 2055 mihi
1544 2000 1906 2069 necessaria},

253 2088 774 2163 quiainevitabiles
791 2090 1097 2163 sunt.quia
1109 2105 1279 2145 nemo
1282 2090 1485 2161 justus
1498 2088 1909 2147 tribulationes

252 2183 447 2253 potest
472 2177 694 2236 evitare
726 2196 740 2235 :
774 2201 803 2229 ‹‹
834 2177 982 2234 meis
1014 2200 1042 2228 »
1074 2178 1216 2234 dicit
1237 2194 1383 2251 quas
1413 2178 1525 2251 ipsi
1573 2178 1683 2235 sibi
1716 2180 1909 2235 studio

253 2268 566 2325 charitatis
596 2271 1019 2340 assumpserat.

323 2382 351 2408 «
379 2358 535 2414 Erue
566 2373 683 2425 me,
701 2380 727 2406 »
760 2361 817 2412 et
833 2381 861 2407 «
882 2357 1013 2413 vide
1031 2356 1429 2413 humilitatem
1451 2358 1775 2425 meam,»id
1799 2361 1906 2429 est,

254 2450 548 2520 quantum
580 2447 694 2502 sim
724 2446 989 2515 humilis,
1023 2446 1164 2518 quia
1194 2445 1336 2502 nulli
1372 2462 1466 2501 me
1489 2447 1730 2518 praafero
1755 2464 1767 2501 :
1794 2470 1821 2497 ‹‹
1854 2451 1912 2503 et

252 2536 516 2592 laborem
548 2552 749 2591 meum
783 2558 812 2585 »
843 2551 1018 2607 quem
1049 2536 1309 2591 sustineo
1332 2535 1688 2606 disputando
1710 2540 1913 2591 contra

256 2625 605 2682 manifestos
635 2623 844 2689 malos,
877 2628 933 2679 et
963 2624 1333 2680 admonendo
1364 2641 1482 2692 eos,
1517 2629 1575 2680 et
1600 2624 1728 2680 ideo
1761 2648 1787 2674 ‹‹
1822 2624 1909 2680 di-

255 2713 422 2770 mitte
452 2713 733 2769 universa
760 2712 972 2769 delicta
1001 2729 1198 2769 mea.»
1223 2714 1396 2769 Facta
1418 2713 1678 2769 oratione
1698 2730 1802 2786 pro
1825 2730 1907 2783 se,

258 2802 395 2859 facit
416 2802 744 2858 orationem
766 2819 870 2875 pro
900 2801 1178 2858 inimicis.
1212 2801 1584 2858 Continuatio
1618 2818 1631 2857 :

326 2914 357 2942 «
380 2891 630 2964 Respice
641 2892 701 2947 in
715 2908 867 2960 me,»
880 2895 936 2947 et
945 2891 1123 2947 etiam
1141 2914 1169 2941 «
1185 2891 1407 2963 respice
1422 2891 1693 2947 inimicos
1706 2908 1910 2947 meos»

257 2980 424 3037 oculo
457 2981 978 3050 misericordize,de
1008 2980 1223 3052 quibus
1244 2986 1332 3036 est
1360 2980 1581 3053 grande
1603 2980 1909 3049 damnum,

258 3092 285 3120 ι(
303 3070 587 3142 quoniam
609 3069 722 3143 ipsi
742 3068 1113 3143 multiplicati
1136 3073 1295 3137 sunt,
1316 3090 1342 3118 ››
1365 3068 1423 3123 id
1442 3068 1735 3139 est,mu1ti
1750 3073 1910 3138 sunt,

259 3158 357 3231 qui
379 3158 558 3214 etiam
582 3158 688 3214 ﬁlii
711 3158 847 3215 facti
870 3162 1010 3214 sunt
1033 3157 1340 3225 inimici,et
1361 3156 1471 3230 ipsi
1495 3181 1522 3207 «
1548 3158 1800 3215 oderunt
1820 3175 1913 3215 me

259 3247 390 3304 odio
421 3247 651 3320 iniquo,
680 3270 708 3297 ››
740 3247 880 3320 quia
910 3264 1013 3319 pro
1044 3246 1214 3303 bonis
1245 3246 1564 3303 reddebant
1594 3246 1769 3303 mala.

328 3337 399 3392 Et
426 3336 653 3393 talibus
684 3359 712 3385 ‹‹
737 3335 967 3393 custodi
991 3335 1250 3392 animam
1283 3351 1475 3391 meam
1503 3357 1530 3385 »
1563 3352 1636 3391 ne
1667 3353 1760 3392 me
1801 3336 1914 3392 sibi

263 3425 622 3482 conformem
645 3425 896 3481 reddant
918 3441 932 3479 ε
958 3428 1014 3479 et
1034 3424 1084 3479 si
1105 3423 1217 3497 ipsi
1235 3422 1443 3479 nolunt
1460 3424 1711 3480 converti
1736 3447 1763 3474 «
1779 3441 1916 3481 erue

263 3529 356 3569 me
388 3537 417 3563 »
446 3515 628 3570 etiam
661 3531 695 3569 a
724 3513 1010 3585 corporali
1066 3511 1377 3586 praesentia
1424 3529 1646 3580 eorum,
1672 3512 1912 3582 scilicet,

261 3603 495 3658 destrue
524 3620 626 3659 eos
651 3618 666 3657 :
692 3619 830 3657 erue
857 3606 921 3657 ut
943 3625 969 3651 ‹‹
996 3619 1111 3657 non
1133 3602 1471 3657 erubescam
1496 3624 1524 3651 ››
1556 3619 1628 3657 ne
1650 3620 1716 3658 eo
1733 3626 1759 3652 ‹‹
1779 3620 1915 3675 quo-

262 3692 415 3748 niam
451 3692 683 3765 speravi
714 3691 775 3747 in
804 3696 882 3759 te,
920 3714 947 3739 ››
979 3692 1120 3763 quia
1149 3691 1262 3747 nisi
1293 3695 1357 3747 tu
1390 3708 1643 3761 erueres,
1674 3697 1814 3748 tunc
1844 3694 1915 3749 de

262 3798 361 3855 spe
390 3798 522 3837 mea
550 3781 977 3837 erubescerem.

327 3871 474 3927 Erue
497 3886 615 3937 me,
649 3873 707 3925 et
731 3874 795 3924 tu
829 3893 856 3918 «
891 3870 1068 3937 Deus,
1098 3892 1125 3918 »
1157 3893 1185 3919 ‹‹
1218 3869 1401 3925 libera
1431 3869 1627 3936 Israel,
1658 3893 1683 3918 ρ)
1714 3870 1771 3924 id
1804 3874 1911 3938 est,

261 3975 457 4016 omnes
507 3965 568 4015 te
617 3958 912 4026 videntes;
947 3980 974 4007 «
1007 3974 1077 4013 ex
1125 3957 1401 4013 omnibus
1434 3958 1915 4015 tribulationibus

263 4048 417 4105 suis:
444 4072 473 4098 ››
506 4051 569 4104 et
598 4047 906 4120 praemittit
924 4063 1164 4103 causam
1197 4064 1379 4119 quare
1405 4064 1508 4119 pro
1540 4047 1758 4103 talibus
1793 4052 1917 4104 oret

263 4140 328 4192 ut
353 4137 700 4194 liberentur.

333 4226 400 4282 Et
437 4226 551 4282 hoc
584 4230 693 4292 est,
729 4224 869 4297 quia
900 4247 928 4275 «
963 4225 1322 4290 innocentes,
1359 4248 1388 4274 ››
1421 4224 1477 4280 id
1510 4228 1616 4291 est,
1651 4224 1750 4297 qui
1784 4224 1915 4281 aliis

263 4314 416 4371 mala
442 4333 561 4371 non
594 4314 858 4370 inferunt
889 4331 903 4370 :
938 4337 966 4363 ‹‹
1001 4318 1058 4370 et
1105 4314 1246 4370 recti
1282 4336 1309 4363 ››
1359 4314 1460 4386 qui
1510 4314 1663 4369 bona
1695 4314 1918 4369 faciunt

264 4425 296 4452 α
326 4404 697 4460 ιᾶῇωεθινιιηι
727 4403 896 4475 mihi,
932 4425 960 4452 ››
988 4402 1211 4459 scilicet
1241 4404 1303 4458 in
1334 4402 1551 4459 unione
1596 4402 1916 4460 voluntatis

262 4493 591 4550 conformes
621 4491 772 4547 mihi
791 4492 925 4547 facti
950 4496 1125 4547 sunt:
1152 4492 1281 4547 ideo
1313 4514 1341 4541 «
1362 4491 1752 4560 adhaeserunt,
1778 4492 1915 4565 quia

2020 1936 2049 1964 «
2084 1912 2269 1967 Proba
2301 1934 2329 1961 »
2360 1912 2489 1966 dico
2531 1910 2640 1966 hoc
2680 1910 2854 1966 modo
2879 1914 3091 1967 «tenta
3123 1927 3239 1977 me,
3260 1933 3287 1960 ››
3319 1911 3377 1967 id
3423 1914 3533 1978 est,
3565 1928 3669 1983 per

2018 2000 2388 2075 probationes
2417 2001 2656 2056 ostende
2688 2015 2780 2055 me
2810 2000 3121 2072 probatum
3156 2017 3169 2055 :
3202 2004 3260 2056 et
3291 2017 3392 2073 per
3419 1999 3528 2055 has
3546 2003 3669 2055 ten-

2017 2090 2270 2146 tationes
2301 2112 2328 2139 ‹‹
2363 2106 2466 2144 ure
2514 2106 2683 2145 renes
2732 2104 2913 2155 meos,
2941 2110 2969 2136 »
3012 2088 3070 2143 id
3112 2092 3219 2156 est,
3254 2088 3669 2145 delectationes

2017 2177 2327 2236 libidinis:
2372 2201 2399 2227 «
2434 2181 2491 2233 et
2536 2194 2635 2233 cor
2693 2194 2915 2244 meum,
2941 2199 2968 2225 »
3019 2176 3078 2231 id
3136 2180 3245 2243 est,
3289 2175 3668 2250 cogitationes

2019 2285 2201 2334 meas,
2235 2271 2299 2323 ut
2329 2284 2515 2339 neque
2545 2268 2604 2321 in
2638 2266 3104 2337 renibus,ncque
3124 2265 3183 2320 in
3216 2265 3669 2339 cogitationibus

2019 2355 2239 2429 aliquid
2273 2356 2413 2411 mali
2448 2354 2915 2410 inveniatur.Vel
2948 2371 3102 2410 «ure
3134 2371 3301 2410 renes
3333 2371 3546 2411 meos»
3568 2372 3670 2428 per

2018 2447 2215 2521 ignem
2249 2445 2437 2502 sancti
2469 2446 2738 2518 Spiritus.

2090 2560 2118 2585 «
2155 2537 2341 2591 Proba
2371 2558 2399 2584 »
2432 2558 2459 2585 ‹‹
2492 2539 2550 2591 et
2576 2539 2802 2605 tenta,»
2825 2540 2882 2590 et
2910 2552 3016 2607 ego
3046 2535 3155 2590 hoc
3174 2534 3476 2590 sustinebo
3497 2535 3664 2603 bene,

2020 2649 2047 2675 «
2074 2625 2353 2698 quoniam
2377 2622 2780 2679 misericordia
2800 2628 2901 2678 tua
2922 2627 3056 2678 ante
3072 2622 3240 2679 oculo
3259 2639 3420 2679 meos
3437 2627 3583 2692 est,»
3606 2623 3666 2680 id

2019 2718 2367 2785 est,semper
2386 2713 2570 2768 habeo
2590 2716 2646 2767 te
2668 2712 3104 2767 misericordem
3124 2727 3238 2781 prae
3251 2711 3434 2767 oculis
3447 2711 3662 2783 cordis,

2020 2806 2078 2859 et
2097 2802 2274 2857 etiam
2297 2825 2326 2851 «
2350 2801 2678 2874 complacui
2710 2823 2736 2849 ››
2759 2799 2865 2855 tibi
2887 2823 2913 2848 ‹‹
2940 2800 2999 2854 in
3022 2800 3259 2855 veritate
3279 2804 3401 2868 tua,
3428 2822 3456 2849 »
3480 2800 3538 2855 id
3560 2804 3669 2868 est,

2022 2891 2082 2946 in
2115 2891 2343 2946 Christo
2368 2889 2485 2944 filio
2517 2894 2830 2960 tuo,quem
2861 2905 2966 2960 ego
2992 2888 3257 2943 imitatus
3287 2888 3557 2959 sum,qui
3583 2887 3671 2943 di-

2019 2981 2105 3035 xit
2139 2996 2151 3035 :
2178 3002 2205 3029 «
2238 2980 2356 3050 Ego
2388 2994 2521 3033 sum
2554 2977 2659 3043 vir,
2676 2981 2733 3033 et
2761 2977 3068 3044 veritas,et
3112 2975 3231 3031 vita
3256 2976 3432 3043 (Joan.
3464 2977 3605 3043 xxv).
3640 2997 3670 3025 ››

2019 3067 2122 3124 Vel
2156 3092 2182 3118 «
2216 3068 2276 3122 in
2306 3066 2544 3122 veritate
2575 3069 2697 3133 tua,
2731 3087 2758 3113 ››
2790 3064 2849 3120 id
2880 3069 2989 3131 est,
3021 3064 3080 3119 in
3112 3063 3237 3137 lege
3268 3079 3446 3136 quam
3490 3062 3673 3120 Filius

2023 3156 2353 3223 docuit,ubi
2388 3171 2536 3227 pura
2554 3153 2767 3209 veritas
2791 3154 2917 3209 fuit.
2944 3154 3097 3208 Bene
3120 3152 3267 3222 dico,
3285 3175 3311 3202 «
3347 3151 3674 3225 complacui

1947 3226 1991 3292 (ἶ
2023 3246 2083 3301 in
2114 3246 2356 3301 veritate
2387 3226 2506 3310 tua,
2542 3266 2570 3291 ››
2603 3241 2740 3314 quia
2770 3240 2927 3297 mala
2954 3240 3224 3307 vitavi,et
3252 3241 3407 3297 bona
3435 3245 3674 3297 secutus

2026 3352 2179 3403 sum,
2206 3337 2263 3389 et
2291 3332 2447 3405 quod
2480 3330 2636 3386 mala
2665 3330 3010 3396 dimisisset,
3029 3329 3288 3385 ostendit
3317 3346 3453 3385 cum
3483 3329 3627 3385 dicit
3657 3345 3671 3386 :

2098 3447 2125 3473 ‹‹
2159 3423 2285 3478 Non
2308 3421 2452 3487 sedi,
2483 3443 2509 3469 »
2543 3420 2600 3475 id
2632 3423 2739 3485 est,
2771 3436 2885 3475 non
2919 3435 3051 3474 sum
3092 3419 3460 3486 immoratus,
3485 3434 3676 3490 neque

2024 3510 2617 3584 corporaliter,neque
2628 3509 2867 3563 veritate
2886 3532 2912 3557 ‹‹
2929 3525 3063 3562 eum
3077 3505 3627 3562 conciliovanitatis.
3644 3530 3674 3556 »

2026 3601 2133 3656 Per
2152 3600 2464 3655 vanitatem
2489 3597 2811 3668 accipimus
2829 3601 3079 3663 terrena,
3098 3612 3201 3667 per
3229 3593 3543 3649 concilium
3574 3610 3674 3650 eos

2025 3689 2127 3762 qui
2159 3689 2303 3743 dant
2334 3687 2588 3741 rationes
2620 3687 2690 3740 de
2730 3684 2988 3757 appetitu
3040 3689 3427 3739 terrenorum.
3461 3683 3677 3738 Dicunt

2024 3777 2179 3833 enim
2194 3776 2430 3848 quidam
2455 3774 2575 3828 hzee
2593 3790 2720 3828 esse
2740 3770 3233 3843 appetenda,quia
3245 3775 3480 3841 propter
3490 3770 3675 3826 homi-

2024 3882 2129 3921 nes
2153 3867 2293 3919 suut
2311 3864 2463 3918 facta
2487 3880 2499 3917 :
2526 3886 2549 3909 ‹‹
2573 3865 2763 3916 etnon
2802 3859 3073 3925 introibo,
3103 3880 3129 3907 ››
3163 3858 3216 3912 id
3254 3862 3496 3924 est,non
3526 3857 3671 3913 inci-

2025 3953 2183 4025 piam
2214 3969 2341 4007 esse
2363 3956 2429 4006 ut
2460 3950 2545 4004 vel
2570 3948 2726 4003 mala
2747 3963 2882 4002 cum
2912 3946 3028 4002 illis
3058 3963 3229 4019 agam
3248 3944 3337 4001 vel
3359 3962 3671 4003 assensum

2022 4044 2486 4115 praebeam,cum
2518 4037 2862 4093 hominibus
2888 4059 2916 4085 «
2950 4035 3154 4107 iniqua
3184 4035 3544 4108 gerentibus,
3573 4057 3602 4085 »

2095 4156 2121 4180 ‹‹
2158 4130 2283 4185 Non
2311 4128 2455 4199 sedi,
2480 4151 2506 4176 ››
2536 4127 2637 4182 sed
2661 4124 2855 4197 potius
2883 4148 2909 4174 ‹‹
2936 4123 3086 4180 odivi
3111 4124 3489 4192 Eeclesiam,»
3506 4123 3565 4180 id
3587 4127 3679 4181 est

2024 4217 2533 4292 congregationem
2566 4237 2593 4264 ‹‹
2626 4213 3103 4285 malignantium,
3142 4235 3169 4260 ››
3202 4213 3259 4267 id
3281 4216 3391 4285 est,
3412 4212 3513 4285 qui
3544 4230 3677 4285 pro-

2023 4309 2182 4365 ximo
2213 4305 2371 4362 mala
2391 4304 2593 4359 volunt
2616 4320 2628 4358 :
2655 4326 2682 4352 ‹‹
2707 4307 2763 4357 et
2795 4318 2930 4358 cum
2953 4301 3172 4374 impiis,
3201 4324 3228 4350 »
3258 4301 3316 4356 id
3335 4300 3678 4370 est,hareti-

2024 4398 2130 4465 eis,
2156 4396 2256 4469 qui
2290 4398 2430 4450 sunt
2452 4397 2655 4449 contra
2674 4391 2939 4446 divinum
2963 4390 3185 4473 cultum
3209 4394 3267 4445 et
3288 4390 3676 4461 persuadent;

2026 4511 2055 4538 ‹‹
2089 4503 2206 4542 non
2238 4484 2471 4550 sedebo,
2509 4504 2535 4530 ››
2567 4480 2626 4536 id
2657 4484 2764 4549 est,
2785 4496 2901 4535 non
2934 4479 3207 4534 morabor
3228 4477 3309 4533 ita
3329 4480 3394 4532 ut
3431 4492 3677 4533 consen-

264 4603 298 4631 κ
330 4582 579 4638 sustinui
614 4586 697 4649 te,
724 4603 752 4629 ››
801 4580 859 4636 id
910 4585 1017 4649 est,
1049 4579 1321 4636 viderunt
1351 4597 1445 4636 me
1482 4584 1913 4653 exspectantem
1943 4594 1992 4659 Ι)
2024 4574 2189 4632 tiam.

260 4670 550 4741 patienter
579 4674 745 4726 tuam
778 4669 1339 4726 remunerationem.

760 4759 836 4814 IN
876 4757 1224 4821 PSALMUM
1264 4757 1429 4813 XXV.

701 4849 845 4904 Trru
854 4864 978 4903 ws.
1011 4848 1265 4903 Psalmus
1294 4847 1487 4903 David.

338 4956 369 4983 α
398 4935 604 4992 Judiea
635 4953 751 5004 me,
784 4936 1048 4992 Domine.
1083 4958 1109 4985 »
1144 4936 1245 4991 llic
1295 4935 1558 5009 loquitur
1605 4937 1807 5007 David,
1829 4939 1917 4994 vel

259 5023 510 5096 quilibet
538 5025 1028 5098 perfectissimus,
1061 5025 1160 5097 qui
1193 5024 1390 5081 relicto
1422 5026 1713 5083 consortio
1735 5027 1917 5083 malo-

258 5128 401 5167 rum
431 5113 689 5170 adhaaret
718 5113 1014 5170 consortio
1037 5114 1506 5187 justorum.lpse
1538 5115 1692 5173 idem
1717 5118 1921 5189 justus

259 5206 358 5258 est
389 5201 481 5258 hic
512 5203 782 5275 materia,
805 5203 915 5260 hoc
946 5204 1119 5259 modo
1168 5207 1371 5276 petens
1418 5205 1535 5259 duo
1574 5206 1803 5277 judicia
1829 5223 1918 5262 se-

259 5290 527 5345 cundum
579 5308 690 5346 sua
736 5291 969 5359 merita,
1003 5307 1188 5346 unum
1239 5289 1300 5345 in
1343 5289 1452 5345 hac
1498 5291 1634 5360 vita,
1670 5291 1830 5348 aliud
1860 5292 1945 5361 in_

257 5377 387 5435 alia
410 5379 543 5434 vita.
580 5380 831 5435 Intentio
864 5383 953 5434 est
983 5380 1297 5435 admonere
1338 5382 1421 5447 ut,
1457 5379 1676 5436 relictis
1700 5380 1919 5453 impiis,

255 5465 673 5523 adhzereamus
695 5467 878 5539 justis
903 5485 915 5522 :
942 5467 1080 5539 quia
1102 5467 1148 5522 si
1173 5467 1266 5521 hic
1289 5467 1539 5539 separati
1576 5469 1861 5525 fuerimus
1891 5488 1925 5526 a

256 5553 773 5626 malis,injudicio
794 5556 1209 5628 separabitnos
1228 5556 1381 5612 Deus
1394 5557 1466 5611 ab
1489 5556 1709 5612 eisdem
1730 5559 1922 5615 malis.

334 5643 423 5700 Et
440 5642 642 5717 incipit
659 5662 693 5701 a
713 5644 994 5718 petitione
1009 5645 1222 5717 judicii
1244 5645 1423 5718 hujus
1443 5644 1574 5703 vita:
1599 5646 1682 5704 sic
1708 5664 1720 5703 :
1745 5646 1789 5705 Ο
1811 5649 1926 5706 Do-

2095 4662 2364 4720 Ostendit
2386 4676 2448 4717 se
2476 4659 2634 4715 mala
2664 4656 2981 4724 dimisisse,
3000 4660 3058 4711 et
3079 4673 3112 4710 a
3133 4653 3424 4710 malorum
3446 4669 3678 4711 consor-

2024 4753 2105 4809 tio
2136 4754 2472 4824 separatum
2504 4747 2716 4803 fuisse:
2752 4761 2908 4801 nunc
2957 4734 3214 4800 ostendit
3260 4760 3323 4800 se
3371 4746 3429 4800 et
3455 4742 3677 4799 bonum

2026 4843 2234 4907 facere,
2254 4842 2313 4894 et
2339 4838 2411 4892 ad
2443 4837 2731 4892 bonorum
2756 4832 3116 4890 consortium
3139 4831 3462 4889 transisse?
3489 4854 3518 4882 «
3552 4831 3676 4887 Non

2027 4930 2262 4994 sedebo,
2290 4948 2318 4975 ››
2341 4926 2441 4981 sed
2474 4923 2670 4996 potius
2701 4921 2957 4978 «lavabo
2993 4939 3172 4977 manu
3205 4937 3389 4990 meas,
3416 4942 3443 4968 »
3476 4919 3533 4974 id
3566 4922 3673 4986 est,

2028 5016 2396 5091 operationes
2445 5029 2605 5068 meas
2661 5012 2881 5067 lavatas
2940 5015 2996 5065 et
3045 5014 3321 5082 purgatas
3371 5006 3677 5062 ostendam

2029 5130 2059 5158 «
2086 5107 2235 5161 inter
2255 5104 2653 5168 innocentes,»
2674 5100 2733 5155 id
2753 5100 2927 5167 est,in
2941 5099 3232 5154 consortio
3255 5094 3677 5150 innocentium.

2027 5195 2378 5253 Accenditur
2408 5192 2565 5248 enim
2616 5208 2717 5262 per
2764 5188 3123 5245 consortium
3169 5188 3507 5240 sanctorum
3549 5182 3681 5255 qui-

2031 5300 2263 5356 cunque
2295 5281 2470 5338 etiam
2493 5277 2725 5350 tepidus
2747 5277 2817 5332 ad
2837 5277 2979 5330 bens
2996 5274 3311 5345 agendum,
3330 5276 3388 5327 et
3410 5270 3547 5327 lotis
3567 5288 3685 5327 ma-

2033 5373 2229 5440 nibus,
2264 5370 2322 5425 id
2353 5374 2462 5436 est,
2498 5366 2764 5439 purgatis
2795 5362 3070 5435 operibus
3103 5386 3129 5411 ‹‹
3165 5360 3600 5430 circumdabo,»
3624 5361 3683 5416 id

2034 5468 2143 5535 est,
2176 5461 2418 5517 assidua
2448 5456 2750 5512 devotione
2783 5452 3074 5524 inquiram
3109 5476 3135 5501 ‹‹
3162 5452 3344 5507 altare
3374 5456 3602 5521 tuum,»
3628 5452 3684 5507 id

2034 5559 2144 5623 est,
2186 5547 2461 5606 ccclestia.
2502 5545 2696 5599 Altare
2745 5543 2901 5597 enim
2954 5542 3169 5598 dicitur
3211 5543 3378 5615 quasi
3412 5542 3531 5599 alta
3563 5559 3686 5610 ara,

2037 5640 2298 5703 cwlestia
2319 5652 2452 5692 vero
2484 5637 2624 5690 sunt
2652 5632 2788 5688 alta.
