4092 6178
406 283 528 350 279

479 415 867 474 Circumdabo
901 417 973 472 ad
1003 417 1113 472 hoc
1137 439 1164 466 ‹‹
1199 421 1265 472 ut
1295 416 1598 485 audiam,»
1625 415 1683 471 id
1706 418 1814 484 est,
1840 413 2052 470 intelli-
2083 413 2140 482 Α

410 521 545 581 gam
571 529 598 557 ‹‹
620 520 877 574 vocem,»
911 505 969 560 id
1000 509 1110 576 est,
1129 504 1599 562 manifestionem
1622 529 1649 556 «
1675 504 1869 560 laudis
1891 508 2002 559 tuae
2030 525 2056 552 ››

411 601 469 653 et
498 599 701 668 postea
732 617 760 644 ‹‹
785 611 1051 650 enarrem
1084 593 1357 650 universa
1401 593 1694 650 mirabilia
1723 599 1844 662 tua,
1884 616 1910 643 »
1943 611 2059 648 non

412 685 568 758 quod
600 683 799 740 omnia
828 687 1077 749 enarret,
1113 684 1214 739 sed
1246 699 1610 755 quacunque
1639 686 1868 739 enarret
1885 681 2061 738 mira-

413 773 554 832 bilia
579 777 738 829 sunt.
771 773 934 839 Quod
959 774 1160 845 justus
1201 791 1261 829 se
1293 773 1434 829 dicit
1465 773 1827 828 circumdare
1859 772 2059 839 altare,

414 867 473 922 et
494 862 767 918 universa
788 862 1082 918 mirabilia
1102 880 1359 928 narrare,
1375 880 1477 935 per
1497 862 1689 919 simile
1711 863 1933 917 dictum
1953 866 2060 917 est.

415 951 580 1009 Sicut
607 951 865 1025 pontit'ex
885 951 944 1006 in
964 951 1156 1006 Veteri
1173 953 1545 1006 Testamento
1580 951 1858 1007 introibat
1888 951 1959 1006 ad
1989 950 2067 1005 al-

414 1045 539 1098 tare
559 1041 620 1097 in
645 1042 857 1098 Sancta
877 1044 1298 1107 sanctorum,ct
1321 1042 1520 1096 audito
1547 1041 1740 1096 divino
1762 1057 2064 1112 responso,

414 1131 630 1204 populo
653 1131 940 1186 referebat
963 1147 974 1184 :
1001 1129 1152 1185 sicut
1176 1129 1354 1186 Isaias
1375 1129 1596 1185 audivit
1623 1147 1790 1187 voces
1815 1147 1826 1186 :
1854 1154 1881 1179 «
1916 1131 2066 1187 San-

416 1225 565 1288 ctus,
583 1222 842 1284 sanctus,
857 1223 1098 1274 sanctus
1127 1219 1414 1274 Dominus
1435 1219 1590 1274 Deus
1615 1219 1889 1291 Sabaoth,
1911 1219 2066 1293 pleni

420 1313 561 1364 sunt
591 1307 720 1364 σα)Ιὶ
761 1311 818 1364 et
851 1312 1004 1363 terra
1051 1308 1238 1381 gloria
1285 1312 1388 1364 tua
1425 1309 1550 1381 (Isa.
1585 1307 1685 1380 Vi),
1723 1331 1750 1357 »
1783 1314 1839 1364 et
1871 1309 2069 1365 retulit

417 1413 615 1454 coram
638 1396 1078 1469 populo.Usque
1100 1397 1272 1451 modo
1289 1396 1556 1452 tractavit
1573 1397 2066 1470 dejudicio,quod

415 1486 562 1561 petit
592 1488 662 1542 de
692 1503 753 1542 se
783 1485 907 1542 ﬁeri
932 1487 1135 1558 justus
1169 1487 1226 1540 in
1259 1485 1369 1541 hac
1398 1487 1519 1542 vita
1553 1503 1565 1542 :
1601 1489 1773 1542 modo
1814 1488 2071 1544 ostendit

408 1575 704 1647 judicium
739 1576 893 1648 quod
927 1576 1071 1648 petit
1093 1575 1163 1630 de
1194 1592 1256 1631 se
1287 1575 1410 1630 ﬁeri
1443 1575 1503 1630 in
1544 1575 1658 1632 alia
1703 1576 1840 1632 vita.
1875 1576 2068 1632 Conti-

417 1665 620 1722 nuatio
655 1683 668 1720 :

771 285 1180 348 HAYMONIS
1226 283 1762 356 HALBEBSTAT,
1807 280 2050 344 EPISC.
2095 280 2270 342 OPP.
2316 278 2537 342 PARS.
2583 279 2633 342 1.
2683 313 2756 324 -
2799 279 3207 342 COMMENT.
3251 259 3448 340 BlBL.

3694 276 3811 358 2⁸0

2647 413 2723 470 ΙΝ
2763 413 3110 470 PSALMUM
3149 412 3340 468 XXVI.

2295 501 2567 557 TITULUS.
2598 501 2658 556 In
2687 502 2854 573 ﬁnem
2878 501 3123 572 psalmus
3156 499 3351 569 David,
3375 501 3705 574 priusquam

2856 574 3136 629 liniretur.

2243 701 2272 728 «
2297 677 3199 736 Dominusilluminatio.»David
3222 679 3470 752 primam
3484 681 3816 738 unctionem

2172 767 2379 823 habuit
2396 768 2454 823 in
2478 769 2940 842 designationem
2955 771 3461 844 regni,sccundam
3480 770 3540 826 in
3554 788 3815 844 regnum.

2174 857 2286 912 Sed
2308 856 2653 930 priusquam
2675 859 2896 916 veniret
2925 860 2996 915 ad
3033 876 3300 933 regnum,
3325 859 3511 917 multa
3530 861 3688 918 mala
3714 861 3818 918 ba-

2174 945 2324 1016 buit,
2347 951 2403 1001 et
2433 946 2634 1002 hostes
2666 967 2684 1002 :
2716 949 2800 1005 sic
2833 952 2890 1004 et
2917 949 3184 1005 Christus
3207 949 3458 1022 primam
3490 951 3820 1008 unctionem

2175 1034 2382 1090 habuit
2401 1052 2469 1091 ex
2493 1039 2655 1092 utero
2670 1037 3274 1111 Virginis,secundam
3292 1039 3350 1094 in
3376 1040 3818 1097 resurrectione:

2174 1126 2230 1179 et
2278 1123 2430 1180 inter
2476 1130 2805 1199 utramque,
2839 1126 2996 1182 mala
3040 1131 3098 1182 et
3141 1127 3359 1183 hostes.
3397 1128 3492 1185 Sic
3533 1134 3592 1184 et
3637 1129 3823 1186 ﬁdelis

2175 1213 2435 1270 animam
2466 1214 2716 1285 primam
2747 1216 3081 1272 unctionem
3105 1217 3282 1272 habet
3312 1216 3370 1272 in
3396 1217 3823 1290 baptismo,sed

2175 1305 2309 1357 ante
2357 1303 2697 1375 secundam,
2728 1321 2857 1376 quze
2902 1304 3012 1359 crit
3069 1303 3130 1359 in
3180 1304 3624 1374 resurrectione,
3673 1305 3827 1362 mala

2177 1389 2428 1445 sustinet
2453 1395 2510 1446 et
2530 1391 2703 1446 bona.
2720 1392 2782 1446 In
2805 1393 2978 1448 ﬁnem
2993 1392 3258 1464 psalmus
3271 1393 3824 1466 David,priusquam

2175 1479 2538 1547 liniretur,id
2581 1481 3089 1554 est,inungeretur
3115 1482 3173 1537 in
3207 1498 3474 1556 regnum.
3490 1483 3672 1540 David
3696 1484 3830 1540 fecit

2177 1566 2335 1622 hunc
2367 1568 2686 1640 psalmum,
2718 1569 3064 1642 priusquam
3093 1570 3364 1627 liniretur
3405 1571 3666 1628 secunda
3695 1571 3828 1629 lini-

2177 1655 2354 1712 tione.
2385 1658 2535 1713 Ante
2565 1659 2818 1730 primam
2849 1659 3006 1715 enim
3032 1659 3364 1716 linitionem
3393 1660 3627 1716 nullum
3671 1662 3829 1735 psal-

490 1778 518 1805 κ
544 1754 770 1811 Lavabo
792 1753 1303 1810 interinnocentes
1327 1771 1539 1810 manus
1562 1770 1744 1827 meas,
1779 1776 1806 1803 ››
1838 1759 1896 1810 et
1917 1755 2065 1824 ideo,
2100 1784 2147 1852 Β
2178 1762 2342 1852 mum
2374 1764 2616 1820 prorsus
2647 1750 2996 1820 composuit.
3021 1749 3261 1805 Inunxit
3291 1754 3488 1806 autem
3524 1767 3677 1851 .eum
3721 1753 3832 1808 Sa-

416 1846 502 1911 tu,
523 1843 788 1914 Domine,
803 1867 829 1893 «
865 1860 936 1899 ne
967 1843 1175 1916 perdas
1192 1843 1451 1899 animam
1475 1861 1666 1899 meam
1685 1861 1818 1898 cum
1842 1844 2072 1916 malis,»

419 1938 478 1989 et
508 1933 798 1990 malorum
820 1933 984 2006 ponit
1019 1934 1167 1988 duas
1202 1933 1647 2004 partes,impios
1678 1936 1734 1988 et
1761 1932 1914 1988 viros
1945 1951 2074 1988 san-

418 2021 687 2096 guinum.
723 2022 830 2077 Per
886 2020 1099 2092 impios
1153 2019 1476 2092 accipimus
1531 2025 1589 2075 et
1646 2020 1969 2089 haereticos,
2014 2025 2072 2076 et

421 2127 624 2166 omnes
657 2109 760 2182 qui
807 2113 1011 2165 contra
1056 2107 1312 2163 divinam
1364 2107 1706 2181 religionem
1747 2109 2066 2165 nituntur:

417 2215 522 2273 per
549 2199 704 2254 viros
735 2198 1114 2269 sanguinum,
1142 2196 1504 2252 homicidum
1535 2196 1624 2252 vel
1654 2197 1809 2253 viros
1838 2199 2072 2272 sangui~

419 2303 563 2342 num
593 2289 780 2354 vocat,
809 2283 908 2356 qui
943 2283 1255 2339 carnaliter
1281 2283 1505 2356 vivunt,
1539 2285 1611 2340 de
1643 2285 1858 2356 quibus
1886 2287 2068 2358 Apos-

417 2375 572 2432 tolus
605 2375 687 2430 ait
718 2392 730 2430 :
767 2397 795 2423 «
821 2377 962 2429 Caro
994 2377 1051 2428 et
1082 2373 1325 2444 sanguis
1357 2389 1603 2444 regnum
1627 2373 1726 2429 Dei
1749 2392 1864 2430 non
1887 2375 2070 2447 possi-

418 2464 641 2520 debunt
670 2466 722 2534 (l
747 2462 868 2518 Cor.
899 2465 1015 2530 xv).
1052 2483 1079 2510 »
1110 2461 1278 2518 Juste
1301 2466 1487 2535 rogat,
1521 2479 1592 2518 ne
1639 2463 1838 2518 anima
1879 2463 2068 2536 ipsius

414 2555 613 2628 pereat
636 2551 697 2607 in
720 2550 968 2624 judicio,
1005 2567 1140 2605 cum
1188 2549 1404 2623 quibus
1451 2551 1546 2607 hic
1589 2569 1704 2606 non
1730 2552 1840 2607 fuit
1869 2552 2068 2625 aliqua

415 2640 662 2700 actionis
691 2638 1048 2698 communio.
1073 2639 1348 2707 Dicendo,
1377 2662 1405 2689 «
1433 2657 1504 2695 ne
1531 2640 1760 2712 perdas,
1790 2663 1816 2689 ››
1835 2645 2064 2698 tantum

410 2729 585 2798 valet,
620 2747 685 2786 ac
717 2729 765 2786 si
798 2728 1118 2785 afﬁrmaret
1145 2745 1216 2784 ne
1233 2730 1439 2800 perdes
1474 2746 1486 2785 :
1522 2733 1580 2786 et
1611 2748 1714 2802 per
1732 2730 1841 2786 hoc
1880 2732 2064 2786 maxi-

412 2829 508 2878 me
534 2819 805 2876 hortatur
835 2822 900 2873 ut
931 2835 1273 2891 separemur
1296 2817 1368 2872 ab
1400 2817 1623 2890 impiis,
1647 2820 2064 2893 praemittitque

412 2907 878 2979 causas,dicens.
909 2907 1016 2964 Per
1041 2907 1221 2963 vitam
1252 2906 1407 2962 idem
1440 2906 1760 2981 accipimus
1782 2910 1934 2981 quod
1963 2927 2066 2982 per

411 3015 692 3056 ammam.

484 3112 514 3139 «
538 3087 805 3154 Domine,
825 3085 997 3141 dilexi
1015 3085 1281 3140 decorem
1296 3085 1506 3140 domus
1527 3089 1697 3140 tuas.»
1723 3109 1751 3137 ‹‹
1767 3087 2017 3143 Domum
2032 3112 2061 3139 »

2182 1835 2340 1891 muel
2367 1837 2446 1908 (II
2474 1838 2600 1908 Reg.
2635 1855 2706 1907 u;
2743 1841 2796 1904 v)
2845 1838 3035 1910 primo
3067 1838 3125 1892 in
3167 1839 3340 1894 domo
3389 1839 3572 1913 patris
3621 1842 3737 1910 sui,
3773 1842 3830 1899 in

2183 1941 2299 1996 qua
2323 1924 2586 1981 linitione
2615 1926 2897 1982 intellexit
2921 1927 3371 1999 promissionem
3420 1929 3583 2003 regni
3631 1935 3693 1986 et
3727 1948 3834 2003 per

2181 2029 2359 2084 quam
2396 2033 2636 2071 securus
2681 2016 2812 2082 fuit,
2841 2034 2957 2072 non
3009 2034 3179 2089 posse
3207 2016 3359 2072 efﬁci
3407 2017 3603 2091 aliquo
3654 2022 3832 2077 modo

2180 2101 2323 2173 quin
2355 2119 2599 2175 regnum
2633 2106 2688 2158 et
2720 2105 3039 2160 secundam
3072 2103 3420 2182 linitionem,
3452 2106 3607 2162 sicut
3637 2107 3696 2163 in
3717 2108 3836 2180 pri-

2179 2207 2276 2246 ma
2297 2190 2560 2248 linitione
2577 2192 2939 2249 intellexerat
2960 2194 3342 2266 promissum,
3369 2195 3833 2255 obtineret.Cum

2176 2295 2310 2335 vero
2343 2280 2573 2337 fecisset
2603 2281 2759 2337 hunc
2790 2281 3108 2354 psalmum,
3133 2300 3248 2339 non
3280 2284 3418 2340 fecit
3448 2286 3518 2341 de
3540 2286 3835 2359 corporali

2174 2366 2462 2440 linitione,
2496 2369 2583 2426 vel
2626 2372 2696 2426 de
2743 2372 2986 2428 obtentu
3035 2371 3200 2446 regni
3250 2374 3566 2440 terrestris,
3595 2377 3700 2431 sed
3765 2377 3835 2432 de

2175 2455 2439 2514 linitione
2471 2460 2740 2531 spiritali,
2765 2466 2822 2518 et
2853 2463 2922 2518 de
2955 2479 3133 2535 regno
3164 2461 3406 2519 ccelesti.
3429 2463 3834 2522 Consideravit

2175 2547 2332 2602 enim
2366 2548 2517 2604 ﬁlios
2547 2549 2816 2606 Ecclesia
2848 2551 3223 2607 securitatem
3273 2569 3444 2624 posse
3489 2551 3710 2610 habere
3763 2556 3830 2610 de

2175 2637 2433 2692 secunda
2492 2638 2775 2709 linitione,
2829 2640 2886 2695 id
2948 2645 3055 2708 est,
3117 2641 3189 2695 de
3243 2640 3727 2714 impassibilitate
3776 2648 3832 2701 et

2174 2723 2632 2796 immortalitate,
2657 2746 2761 2801 per
2789 2729 3042 2801 primam
3073 2728 3398 2786 linitionem
3421 2747 3598 2803 quam
3629 2731 3696 2787 in
3719 2732 3828 2799 hac

2171 2812 2291 2868 vita
2316 2815 2625 2887 recipiunt,
2655 2817 2877 2874 scilicet
2906 2818 3312 2875 remissionem
3342 2823 3748 2892 peccatorum,
3775 2826 3831 2878 et

2173 2904 2656 2962 confortationem
2688 2907 2760 2962 ad
2794 2907 2941 2963 bene
2969 2908 3332 2980 operandum
3362 2909 3420 2964 in
3441 2908 3821 2981 baptismate.

2173 2988 2336 3048 Sicut
2383 2998 2578 3050 autem
2633 2996 2821 3072 David
2861 2996 3114 3072 primam
3162 2995 3487 3053 linitionem
3534 2997 3597 3053 in
3643 2999 3824 3056 domo

2172 3081 2357 3152 patris
2388 3083 2478 3139 sui
2512 3085 2889 3156 suscepit,ita
2909 3085 3320 3158 unusquisque
3352 3085 3541 3142 ﬁdelis
3562 3087 3621 3142 in
3643 3089 3825 3145 domo

409 3180 579 3232 vocat
609 3152 993 3248 quoscunque
1016 3173 1212 3244 justos
1242 3173 1302 3227 in
1344 3173 1559 3244 quibus
1600 3173 1753 3229 Deus
1789 3173 2014 3232 habitat
2046 3194 2058 3233 :
2095 3152 2136 3219 C
2169 3170 2354 3242 patris
2392 3173 2507 3240 sui,
2540 3173 2598 3228 id
2629 3152 2736 3244 est,
2772 3173 3010 3242 diaboli,
3044 3152 3145 3247 qui
3189 3152 3318 3232 ideo
3367 3179 3533 3248 pater
3577 3175 3824 3247 dicitur,

411 3286 442 3315 «
469 3263 735 3319 decorem
750 3263 962 3318 domus
986 3283 1013 3310 ››
1038 3259 1195 3315 illius
1217 3261 1429 3333 accipit
1449 3262 1660 3317 virtute
1683 3263 2058 3335 quibusjusti

410 3354 816 3408 ornanturzet
872 3348 1064 3415 dilexi,
1108 3373 1135 3400 «
1177 3348 1374 3404 locum
1423 3349 1804 3408 habitationis
1861 3351 2057 3425 gloriae

409 3462 440 3490 «
473 3443 606 3507 tuae,
633 3461 661 3487 ››
686 3439 743 3493 id
757 3436 1202 3506 est,divinitatis
1224 3441 1334 3492 tua:
1359 3455 1371 3492 :
1397 3437 1589 3493 locum
1613 3439 1670 3493 in
1694 3457 1808 3512 quo
1832 3440 2058 3500 habitat

408 3521 703 3596 divinitas,
733 3526 1054 3599 accipimus
1078 3526 1766 3600 perfectissimosjustos,
1795 3531 1894 3602 qui
1926 3548 2055 3587 ma—

407 3612 584 3694 gnam
618 3621 675 3674 et
695 3616 989 3690 egregiam
1023 3617 1093 3672 de
1125 3615 1240 3672 Deo
1272 3615 1491 3672 habent
1521 3617 1935 3690 cognitionem.

479 3729 507 3756 ‹‹
541 3705 623 3762 Ne
639 3706 868 3780 perdas,
888 3728 915 3755 »
935 3704 1072 3773 dixi,
1089 3728 1117 3755 ‹‹
1142 3721 1277 3760 cum
1298 3704 1496 3778 impiis
1520 3706 1779 3763 animam
1803 3725 2050 3776 meam,»

406 3795 507 3868 qui
539 3813 573 3852 a
603 3812 696 3851 me
724 3794 892 3852 valde
922 3793 1243 3850 dissimiles
1275 3798 1434 3865 sunt,
1469 3794 1608 3866 quia
1629 3819 1654 3845 ‹‹
1683 3796 1740 3850 in
1777 3797 2054 3854 manibus

403 3877 664 3956 eorum,»
689 3886 744 3942 id
767 3885 940 3955 est,in
963 3884 1236 3958 operibus
1257 3901 1500 3941 eorumu
1525 3889 1665 3941 sunt
1685 3885 2051 3958 iniquitates,

404 3969 640 4030 dextera
667 3991 891 4041 eorum,
920 3995 946 4021 »
978 3973 1036 4027 id
1068 3977 1178 4041 est,
1205 3973 1358 4029 bona
1405 3989 1581 4046 opera
1609 3990 1830 4042 eorum,
1857 3974 1906 4029 si
1937 3974 2050 4031 ali-

404 4079 584 4135 quam
615 4062 839 4116 iaciunt
856 4061 1174 4132 justitiam,
1199 4085 1227 4110 ‹‹
1252 4062 1470 4133 repleta
1500 4067 1588 4118 est
1609 4063 1952 4120 muneribus
1978 4081 1990 4121 :
2019 4087 2045 4114 ››

400 4149 461 4205 i'n
483 4166 597 4223 quo
614 4148 866 4204 maxime
878 4149 1111 4219 judices
1134 4148 1672 4222 intelliguntur;qui
1693 4169 1797 4224 pro
1813 4154 2049 4224 justitia

400 4230 667 4294 facienda
697 4237 1006 4310 pecuniam
1037 4237 1350 4310 accipiunt.

418 4316 428 4323 ’
471 4351 499 4377 ‹‹
525 4328 589 4382 In
617 4313 893 4382 manibus
919 4349 945 4374 ››
968 4342 1199 4394 eorum;
1225 4331 1362 4382 sunt
1384 4325 1725 4400 iniquitates
1755 4353 1782 4379 ‹‹
1805 4345 1910 4403 ego
1940 4348 2042 4388 au-

395 4417 515 4471 tem
537 4417 676 4470 sunt
701 4413 1002 4487 ingressus
1026 4435 1052 4462 ››
1076 4414 1148 4468 ad
1180 4413 1399 4468 bonum
1425 4437 1450 4462 «
1485 4413 1817 4471 innocentia
1840 4439 1868 4466 »
1890 4433 2039 4486 mea,

2169 3259 2308 3330 quia
2338 3277 2439 3332 per
2467 3279 2600 3317 eum
2628 3279 2831 3318 omnes
2863 3267 3186 3319 nascuntur
3224 3263 3284 3320 in
3316 3264 3588 3337 peccatis,
3622 3265 3826 3322 susci-

2166 3346 2252 3418 pit
2273 3349 2524 3420 primam
2547 3350 2896 3408 linitionem.
2916 3352 3135 3408 Domus
3154 3352 3370 3408 diaboli
3391 3357 3630 3408 vocatur
3649 3371 3828 3411 mun-

2166 3435 2276 3492 dus
2304 3437 2431 3507 iste,
2456 3439 2514 3494 in
2547 3456 2725 3512 quam
2754 3441 2912 3496 venit
2932 3441 3219 3510 Christus,
3239 3446 3296 3496 et
3318 3441 3377 3496 in
3399 3458 3468 3497 ea
3487 3445 3826 3516 assumpsit

2165 3527 2450 3599 quosdam
2484 3529 2553 3584 de
2584 3533 2868 3601 potestate
2907 3529 3144 3586 diaboli.
3177 3530 3342 3586 Unde
3371 3530 3433 3586 in
3463 3531 3781 3605 Evangelia
3801 3551 3825 3590 :-

2165 3637 2193 3664 «
2224 3615 2396 3680 Venit
2443 3616 2617 3674 Jesus
2673 3616 2729 3672 in
2765 3619 3008 3674 domum
3058 3617 3320 3675 Simonis
3364 3617 3820 3692 leprosi(Mauh.

2161 3721 2317 3772 xxvn;
2351 3704 2514 3761 Marc.
2547 3705 2684 3778 xw),
2722 3730 2748 3756 ››
2782 3707 2840 3762 id
2872 3712 2980 3775 est,
3005 3707 3243 3764 diaboli.
3290 3708 3532 3764 Materia
3562 3714 3652 3766 est
3703 3711 3824 3784 pri-

2161 3809 2259 3848 ma
2288 3797 2344 3848 et
2375 3795 2631 3850 secunda
2661 3794 2869 3850 linitio.
2887 3796 2966 3851 De
2987 3796 3179 3867 prima
3199 3796 3282 3852 sic
3314 3797 3471 3869 agit:
3496 3798 3662 3870 ponit
3679 3817 3819 3856 eam

2159 3880 2567 3937 ccrtitudinem
2599 3883 2889 3940 secundae.
2914 3883 2994 3938 De
3025 3883 3285 3940 secunda
3313 3883 3398 3940 sic
3445 3884 3567 3957 agit
3595 3901 3609 3940 :
3642 3887 3826 3958 ponit

2157 3967 2493 4042 frequentes
2534 3971 2843 4043 petitiones
2895 3971 3075 4040 illius,
3107 3976 3164 4028 et
3186 3973 3446 4028 afﬁrmat
3475 3989 3536 4028 se
3563 3973 3819 4031 habitu-

2157 4075 2310 4114 rum.
2328 4060 2580 4115 Intendit
2597 4078 2703 4116 nos
2723 4065 2910 4116 certos
2934 4061 3192 4128 reddere,
3209 4063 3364 4133 quod
3397 4061 3598 4118 habita
3616 4063 3820 4135 prima

2156 4145 2440 4217 linitione,
2471 4150 2789 4205 secundam
2837 4149 3136 4220 possimus
3184 4149 3420 4206 habere.
3446 4150 3679 4207 Titulus
3728 4154 3818 4210 sic

2154 4235 2463 4308 exponitur
2493 4255 2506 4293 :
2533 4237 2800 4293 Psalmus
2833 4237 2941 4293 iste
2972 4236 3240 4293 convenit
3260 4237 3462 4309 David,
3482 4239 3815 4312 propheta,

2153 4327 2245 4382 vel
2273 4326 2603 4398 cuicunque
2643 4327 2806 4398 justo
2858 4326 2926 4382 de
2978 4326 3156 4398 priori
3188 4325 3425 4399 populo.
3458 4328 3568 4395 Qui
3600 4329 3819 4401 justus

2153 4414 2212 4470 in
2246 4415 2353 4470 hoc
2383 4413 2645 4486 loquitur
2690 4414 2918 4487 psalmo
2950 4414 3036 4470 vel
3068 4415 3248 4470 David
3281 4433 3294 4470 :
3328 4415 3620 4488 psalmus,
3649 4418 3814 4488 dico,

396 4508 461 4562 ut
487 4522 688 4578 supra,
720 4508 776 4560 et
823 4508 907 4572 tu,
943 4501 1206 4573 Domine,
1244 4527 1271 4553 «
1306 4503 1527 4559 redime
1573 4521 1666 4560 me
1700 4528 1728 4555 »
1766 4523 1872 4578 per
1906 4525 2042 4564 san-
2074 4519 2120 4584 Ι)
2152 4502 2390 4558 habitus
2439 4502 2789 4576 priusquam.
2840 4502 3111 4560 liniretur
3171 4505 3432 4560 secunda
3487 4505 3762 4564 linitione
3795 4525 3810 4564 :

392 4593 632 4666 guinem
664 4592 791 4648 Filii
813 4592 900 4648 tui
935 4609 947 4648 :
982 4595 1040 4647 et
1069 4591 1208 4664 quia
1235 4592 1573 4665 redemptus
1604 4610 1707 4665 per
1754 4611 1922 4651 suam
1952 4596 2040 4653 in-

392 4670 721 4737 nocentiam
753 4680 1021 4737 sufﬁcere
1055 4698 1168 4735 non
1200 4679 1537 4752 valet,petit
1579 4681 2042 4742 misericordiam

391 4769 515 4839 Dei,
547 4767 750 4824 dicens
781 4785 794 4823 :
831 4791 858 4817 ‹‹
893 4773 950 4824 et
974 4768 1251 4825 miserere
1283 4769 1416 4825 mei.
1445 4793 1472 4820 ››

461 4859 570 4927 Qui
592 4858 738 4914 bene
758 4874 891 4913 sum
913 4861 1087 4929 aptus
1111 4859 1282 4929 cujus
1305 4847 1807 4933 miserearis,quia
1825 4884 1852 4911 ‹‹
1870 4877 2038 4918 meus

388 4964 511 5020 pes,
534 4971 561 4996 »
593 4946 653 5002 id
685 4950 792 5015 est,
809 4945 1044 5001 afﬂictio
1079 4962 1206 5002 mea
1244 4970 1270 4996 «
1297 4947 1478 5016 stetit,
1509 4971 1535 4996 »
1569 4948 1625 5004 id
1669 4949 2040 5016 est,ﬁrmiter

386 5036 711 5109 permansit
743 5058 770 5085 ››
805 5035 864 5090 in
895 5035 1187 5102 directo,»
1219 5035 1276 5090 id
1310 5040 1420 5102 est,
1444 5037 1503 5092 in
1527 5036 1644 5093 alto
1676 5037 1801 5094 loco
1826 5056 1838 5092 :
1863 5040 1950 5095 vel
1976 5041 2035 5095 in

383 5124 621 5196 directo,
645 5125 704 5180 id
735 5128 844 5197 est,
877 5124 936 5180 in
968 5123 1216 5181 Christo.
1247 5125 1406 5181 Alios
1437 5125 1594 5181 enim
1635 5126 1940 5184 translatio
1972 5129 2032 5184 in

378 5202 472 5268 via
529 5216 688 5269 recta
722 5229 734 5267 :
768 5212 1035 5269 Christus
1083 5212 1240 5268 enim
1297 5211 1436 5269 dicit
1468 5228 1480 5267 :
1516 5235 1543 5262 ‹‹
1576 5213 1694 5286 Ego
1741 5230 1874 5269 sum
1917 5215 2028 5286 via,

376 5301 612 5370 veritas,
646 5305 703 5355 et
731 5299 846 5354 vita
867 5301 1042 5372 (Imm.
1073 5302 1212 5374 xw).
1249 5324 1275 5349 ››
1305 5300 1406 5355 Vel
1440 5324 1467 5348 ‹‹
1517 5300 1577 5355 in
1629 5301 1869 5369 directo,
1908 5327 1934 5353 ››
1971 5304 2028 5360 id

376 5391 484 5456 est,
521 5389 578 5442 in
638 5388 840 5444 ordine
896 5390 1201 5455 catholico,
1231 5393 1288 5444 ct
1341 5412 1366 5437 ‹‹
1407 5394 1459 5443 te
1519 5389 1718 5459 etiam,
1761 5391 2024 5460 Domine,

375 5476 719 5532 benedicam
752 5477 809 5531 in
843 5501 868 5527 ‹‹
903 5477 1166 5534 ecclesiis
1203 5499 1227 5525 n
1261 5475 1502 5544 scilicet,
1525 5477 1798 5533 habitans
1820 5479 1876 5534 in
1898 5497 2028 5536 con-

378 5564 556 5620 sortio
589 5565 870 5622 ﬁdelium.

2151 4592 2439 4664 psalmus,
2474 4592 2624 4661 dico,
2659 4591 2920 4665 dirigens
2977 4609 3084 4648 nos
3139 4592 3200 4647 in
3242 4593 3444 4664 ﬁnem,
3494 4593 3556 4648 id
3601 4598 3715 4666 est,
3747 4595 3816 4652 in

2151 4680 2470 4736 Christum.
2500 4681 2569 4735 Et
2614 4698 2649 4736 a
2691 4680 2884 4754 prima
2933 4680 3199 4737 linitione
3244 4680 3450 4754 incipit
3494 4681 3597 4751 ita,
3629 4687 3689 4739 et
3732 4686 3814 4740 ad

2150 4771 2419 4826 secundas
2449 4769 2817 4826 securitatem
2849 4769 2930 4826 ita
2961 4787 3068 4826 nos
3096 4769 3392 4826 admonet.

2219 4859 2504 4914 Conﬁdite
2534 4864 2590 4914 et
2620 4858 2760 4914 certi
2783 4858 2914 4914 sitis
2937 4860 3006 4915 de
3046 4859 3308 4916 secunda
3335 4857 3622 4930 linitione,
3653 4877 3812 4927 con-

2147 4948 2474 5004 siderantes
2503 4964 2616 5015 me,
2652 4947 2791 5020 quia
2821 4970 2850 4997 «
2884 4947 3174 5004 Dominus
3203 4947 3557 5005 illuminatio
3588 4965 3748 5020 mea,
3777 4974 3812 5002 »

2145 5035 2202 5091 id
2236 5034 2714 5104 est,illuminans
2747 5053 2858 5107 me,
2893 5040 2958 5092 ut
2985 5035 3158 5092 velim
3185 5037 3457 5094 accedere
3487 5036 3560 5092 ad
3593 5037 3809 5110 ﬁdem,

2141 5117 2199 5181 et
2227 5125 2337 5180 hoc
2367 5129 2456 5180 est
2487 5129 2620 5180 ante
2651 5125 3016 5198 baptismum
3048 5149 3075 5176 «
3110 5129 3167 5180 et
3193 5124 3372 5181 etiam
3403 5124 3566 5181 salus
3595 5142 3756 5196 mea,
3777 5150 3812 5184 υ

2140 5212 2198 5268 id
2221 5210 2616 5281 est,remissio
2638 5216 3009 5284 peccatorum
3034 5229 3161 5284 quae
3193 5213 3257 5268 ﬁt
3286 5213 3346 5268 in
3391 5213 3706 5286 baptismo,
3744 5221 3814 5272 et

2140 5300 2485 5356 confortatio
2515 5301 2584 5355 ad
2617 5301 2763 5356 bene
2803 5301 3188 5372 operandum,
3222 5302 3379 5373 quod
3428 5303 3495 5357 ﬁt
3542 5301 3602 5357 in
3648 5319 3810 5359 con-

2139 5391 2470 5446 ﬁrmatione
2504 5406 2517 5444 :
2546 5393 2603 5444 et
2651 5389 2789 5461 quid
2836 5389 2944 5444 hoc
2989 5390 3117 5446 est?
3167 5414 3195 5440 υ.
3230 5407 3404 5462 quem
3439 5413 3466 5440 ››
3514 5391 3811 5464 deinceps

2139 5502 2166 5528 ‹‹
2198 5479 2455 5534 timebo?
2489 5502 2514 5528 ››
2540 5476 2778 5533 Nullum
2833 5479 3075 5548 scilicet,
3110 5479 3250 5551 quia
3297 5496 3485 5551 neque
3534 5478 3706 5552 Saulr.
3734 5481 3806 5537 id

2137 5571 2225 5624 est
2283 5567 2569 5636 diabolus,
2633 5583 2737 5622 nec
2796 5566 3008 5638 aliquis
3075 5567 3353 5624 inimicus
3422 5566 3640 5641 poterit
3690 5584 3806 5626 Ine
