4070 6180
225 316 337 384 381

1417 316 1914 379 EXPLANATIO
1957 317 2038 379 PN
2079 319 2465 384 PSALMOS.

3527 324 3642 386 282

224 446 513 522 impedire
542 445 688 520 quin
718 445 1015 505 obtineam
1047 464 1293 522 regnum
1325 449 1476 522 quod
1509 451 1876 524 exspectabo.
1909 449 1964 516 Α
1993 451 2242 523 protexit
2272 469 2386 522 me,
2421 475 2448 502 ››
2480 452 2538 510 id
2596 457 2685 510 est
2740 453 2799 510 in
2858 453 2992 511 fide.
3026 454 3189 513 Unde
3233 459 3322 514 est
3355 473 3368 514 :
3404 477 3432 509 «
3464 456 3645 514 Corde

291 537 587 594 Dominus
617 538 719 593 dat
748 537 1020 607 salutem,
1057 543 1113 593 et
1130 539 1253 612 ipse
1278 540 1604 596 «Dominus
1625 547 1712 597 est
1742 559 1881 613 pro-

223 631 425 695 tector,
460 649 490 679 ιι
524 627 585 682 id
617 631 726 695 est,
762 628 1051 694 defensor,
1086 645 1159 684 ne
1206 629 1454 685 sentiam
1508 631 1623 686 tela
1666 632 1882 688 diaboli

229 740 250 768 ι
281 716 415 772 vitae
447 732 616 786 mea},
646 739 675 768 η
711 717 769 771 id
799 720 906 784 est,
941 717 1150 773 salutis
1193 736 1354 786 meae,
1386 719 1474 775 vel
1505 721 1789 776 virtutum
1822 721 1880 776 in

225 806 442 880 quibus
465 805 626 878 degit
656 805 846 861 fidelis
872 807 1234 879 anima,ergo
1260 826 1464 881 «aquo
1496 810 1798 882 trepidabo
1819 811 1877 866 ?n

292 891 586 958 Quoniam
609 893 753 950 dum
781 893 1106 951 «Dominus
1130 901 1460 968 protector»
1486 903 1656 965 est,et
1679 915 1792 954 non
1818 899 1884 954 ti-

226 983 557 1051 mebo,ideo
579 983 721 1054 quia
752 982 836 1038 illi
867 983 966 1056 qui
997 984 1201 1040 volunt
1231 987 1374 1042 mihi
1407 989 1878 1056 nocere,cadunt,

226 1077 280 1128 et
308 1072 423 1128 hoc
452 1076 544 1128 est
585 1095 612 1122 «
644 1072 786 1127 dum
820 1077 1095 1129 nocentes
1127 1075 1476 1147 appropiant
1506 1077 1651 1132 mihi
1673 1099 1700 1127 »
1727 1094 1884 1134 acce-

225 1163 371 1218 dunt
402 1161 599 1234 magis
631 1166 690 1218 et
718 1162 908 1235 magis
959 1164 1258 1230 tentando,
1295 1169 1568 1236 putantes
1601 1184 1663 1222 se
1694 1167 1882 1223 facere

229 1274 250 1302 ι
270 1267 452 1322 super
471 1265 610 1306 me»
636 1250 984 1324 appropiant
1000 1251 1127 1307 dico
1144 1254 1214 1308 ad
1235 1253 1343 1310 hoc
1363 1277 1390 1304 «
1409 1260 1472 1310 ut
1488 1256 1664 1312 edant
1679 1273 1882 1313 carnes

225 1357 443 1406 meas,»
471 1339 532 1395 id
553 1343 668 1407 est,
683 1341 1043 1397 delectentur
1063 1342 1120 1396 in
1153 1341 1527 1400 tribulatione
1550 1362 1710 1401 mea:
1731 1347 1884 1402 sicut

225 1429 301 1486 illi
331 1430 439 1502 qui
485 1431 674 1486 edunt
717 1446 940 1497 carnes,
977 1431 1339 1488 delectantur
1365 1433 1424 1488 in
1457 1451 1560 1489 esu
1592 1435 1879 1491 carnium.

292 1542 320 1569 «
356 1520 654 1576 Inﬁrmati
680 1524 822 1575 sunt
851 1523 908 1575 et
936 1521 1325 1590 ceciderunt,»
1346 1523 1405 1578 id
1437 1525 1885 1591 est,inf1rmatur

224 1608 519 1677 diabolus,
556 1625 694 1664 cum
727 1608 979 1681 aliquem
1025 1612 1306 1668 tentando
1337 1629 1453 1668 non
1486 1617 1677 1685 potest
1705 1617 1884 1687 perfi-

227 1715 347 1754 cere
381 1715 394 1754 :
431 1698 598 1754 cadit
628 1715 762 1754 cum
802 1700 1006 1771 justus
1055 1702 1435 1758 confirmatus
1467 1707 1556 1759 est
1589 1704 1692 1772 sic,
1727 1707 1882 1776 quod

227 1803 328 1843 nec
357 1786 544 1843 etiam
578 1787 754 1842 audet
783 1804 918 1843 eum
952 1789 1188 1861 aggredi
1215 1806 1228 1844 :
1259 1794 1316 1845 et
1339 1791 1589 1848 maxime
1613 1793 1882 1849 «inimici

227 1877 332 1932 mei
365 1877 469 1948 qui
506 1893 602 1931 me
622 1875 925 1932 tribulant.
959 1900 988 1929 »
1021 1877 1123 1933 Vel
1154 1879 1236 1933 ita
1261 1897 1273 1934 :
1299 1880 1494 1936 «Dum
1529 1881 1641 1954 ipsi
1673 1900 1882 1955 appro-

227 1964 386 2038 piant
418 1978 604 2037 super
634 1983 728 2021 me
758 1987 786 2016 »
821 1967 893 2021 ad
924 1966 1032 2022 hoc
1059 1971 1124 2022 ut
1152 1971 1399 2024 noceant
1440 1970 1594 2026 sicut
1625 1975 1832 2042 putant
1865 1990 1878 2027 :

227 2057 418 2110 tamen
450 2054 515 2109 in
547 2055 789 2110 veritate
817 2054 902 2110 ita
928 2056 1295 2129 appropiant,
1336 2080 1364 2108 «
1384 2062 1448 2113 ut
1477 2060 1652 2114 edant
1681 2078 1884 2117 carnes

226 2159 408 2209 meas,
441 2165 472 2194 ››
507 2143 569 2198 id
602 2147 694 2198 est
724 2149 1076 2200 consumant
1109 2146 1484 2204 carnalitates
1514 2154 1771 2216 meas,et
1799 2150 1885 2206 illi

226 2231 321 2304 qui
355 2231 443 2288 sic
474 2232 708 2288 edendo
728 2255 755 2282 «
776 2233 1059 2289 tribulant
1084 2251 1176 2290 me
1207 2235 1429 2291 inimici
1461 2237 1886 2306 mei,infirmati

225 2327 364 2380 sunt
395 2325 456 2377 et
483 2322 846 2378 ceciderunt.
878 2343 907 2373 η

204 2401 210 2405 ’
289 2411 365 2466 Et
394 2411 543 2482 quia
571 2410 920 2467 tribulantes
949 2427 1042 2467 me
1075 2413 1314 2484 cadunt,
1343 2414 1472 2470 ideo
1509 2416 1600 2471 «si
1635 2421 1880 2484 castra,»

223 2499 277 2556 id
310 2504 425 2567 est,
461 2499 514 2554 si
544 2499 854 2556 molimina
902 2501 1303 2558 multitudinis
1338 2525 1366 2553 «
1399 2504 1740 2574 consistant,
1771 2529 1798 2557 »
1827 2508 1884 2562 id

223 2593 310 2655 est
343 2589 742 2645 immorentur
775 2611 804 2640 «
836 2589 1144 2646 adversum
1178 2607 1272 2646 me
1297 2613 1325 2641 »
1359 2592 1674 2660 moliendo,
1711 2617 1738 2644 «
1769 2612 1885 2651 non

223 2677 463 2734 timebit
492 2695 596 2733 cor
624 2693 878 2744 meum,»
904 2678 1004 2750 qui
1037 2695 1170 2734 sum
1203 2681 1371 2750 quasi
1404 2686 1663 2737 castrum
1697 2685 1887 2740 muni-

222 2769 397 2822 tum:
433 2766 576 2837 quia
604 2765 716 2822 etsi
748 2782 881 2822 caro
911 2766 1344 2839 aliquantulum
1379 2769 1672 2839 formidet,
1690 2776 1887 2828 tamen

223 2870 348 2923 cor,
383 2854 444 2909 id
475 2858 568 2911 est
596 2855 838 2912 interior
867 2856 1083 2925 anima,
1113 2874 1230 2912 non
1260 2858 1510 2914 timebit.

291 2944 374 3000 Et
389 2943 570 2999 etiam
594 2943 1020 3016 «siprazlium,»
1047 2945 1104 3002 id
1128 2949 1218 3002 est
1243 2947 1555 3004 manifesta
1585 2948 1890 3023 impugna-

221 3032 325 3105 tio,
339 3037 720 3105 «exsurgat,»
750 3033 808 3089 id
839 3038 928 3090 est
957 3040 1272 3104 excrescat,
1304 3036 1385 3091 ita
1415 3039 1571 3108 quod
1603 3038 1888 3110 fragilitas

219 3121 494 3178 humana
518 3122 789 3179 videatur
817 3124 964 3179 terre
991 3141 1107 3180 non
1141 3142 1334 3197 posse,
1367 3127 1616 3183 tendens
1643 3149 1672 3178 «
1693 3129 1890 3184 adver-

1991 540 2250 596 creditur
2279 543 2350 597 ad
2375 543 2669 613 justitiam
2705 545 2893 611 (Rom.
2925 548 3001 613 χ).
3037 567 3064 596 ››

2062 631 2131 685 Et
2164 647 2276 685 non
2328 636 2556 686 tantum
2608 634 2859 704 protexit
2889 637 2944 689 et
2976 635 3303 705 abscondit,
3338 636 3438 691 sed
3471 636 3646 692 etiam

1995 739 2024 768 «
2054 719 2326 774 exultavit
2361 741 2380 770 ι
2419 722 2610 776 dando
2643 722 2907 792 virtutes,
2947 744 2973 771 «
3005 723 3061 777 in
3097 729 3280 795 petra,
3313 746 3340 774 ››
3377 724 3431 778 id
3467 730 3556 780 est
3586 726 3645 780 in

1991 806 2242 877 Christo,
2277 809 2374 880 qui
2409 809 2588 864 totius
2612 811 2858 881 justitize
2891 816 2979 866 est
3010 811 3482 870 fundamentum.
3524 837 3544 863 σι
3582 814 3646 870 In

1992 901 2155 968 petra
2185 897 2473 964 exultavit,
2510 922 2528 946 ι
2564 898 2622 953 id
2655 903 2745 953 est
2777 899 2834 952 in
2869 900 3232 956 confessione
3263 902 3398 957 oris.
3435 902 3636 958 Unde:

1998 1008 2019 1034 ι
2057 985 2164 1040 Ore
2189 990 2386 1041 autem
2419 987 2708 1042 confessio
2731 989 2797 1042 fit
2819 988 2890 1042 ad
2913 988 3162 1044 salutem
3196 991 3435 1062 (Ibid.).»
3472 991 3644 1046 Simi-

1992 1072 2125 1129 liter
2153 1075 2331 1130 David
2367 1075 2424 1130 in
2458 1080 2621 1146 petra
2651 1079 2706 1129 et
2735 1075 2794 1130 in
2828 1077 3127 1132 montibus
3171 1080 3422 1149 ponebat
3452 1080 3643 1135 muni-

1991 1162 2491 1220 tiones.Exaltatio
2524 1181 2702 1236 quam
2738 1164 3084 1236 promisitin
3109 1169 3273 1237 petra
3298 1169 3496 1222 futura
3525 1157 3648 1224 erat

1991 1251 2074 1306 illi
2098 1253 2282 1323 justo,
2316 1254 2454 1325 quia
2483 1253 2708 1309 Christo
2743 1254 3003 1308 nondum
3035 1259 3156 1309 erat
3189 1271 3201 1309 :
3238 1255 3646 1313 exultationem

1990 1357 2124 1396 vero
2157 1359 2284 1413 qua:
2319 1343 2586 1414 sequitur
2608 1344 2735 1414 jam
2767 1346 2908 1398 tunc
2939 1343 3210 1399 habebat.

2061 1430 2382 1485 Abscondit
2414 1432 2469 1486 in
2503 1431 2901 1498 tabernaculo,
2939 1454 2966 1480 «
3001 1430 3271 1487 exultavit
3301 1431 3359 1486 in
3393 1437 3576 1504 petra,
3595 1438 3651 1491 et

1984 1518 2112 1590 jam
2144 1523 2284 1574 tunc
2318 1519 2592 1575 exultavit
2639 1523 2816 1592 caput
2863 1537 3086 1587 meum,
3123 1541 3144 1570 ι
3183 1521 3239 1575 id
3269 1525 3359 1576 est
3391 1527 3648 1578 mentem

1993 1625 2208 1678 meam,
2245 1630 2272 1658 «
2301 1625 2477 1680 super
2507 1607 2775 1664 inimicos
2810 1625 2992 1675 meos,
3031 1631 3051 1657 ι
3089 1609 3240 1680 quod
3265 1610 3391 1680 jam
3424 1628 3538 1682 npn
3570 1611 3647 1666 ti-

1989 1713 2182 1751 meam
2218 1697 2289 1752 ab
2312 1697 2396 1752 eis
2417 1697 2686 1768 impediri
2712 1697 2854 1768 quin
2889 1713 3135 1766 regnum
3168 1697 3649 1755 obtineam.Post~

1993 1802 2169 1856 quam
2202 1785 2459 1840 ostendit
2488 1803 2592 1858 per
2621 1784 2873 1857 primam
2923 1784 3252 1840 linitionem
3282 1803 3342 1841 se
3373 1804 3644 1842 securum

1991 1891 2119 1930 esse
2150 1875 2222 1929 de
2245 1874 2364 1929 vita
2384 1874 2792 1946 acterna.ponit
2815 1873 2948 1929 inde
2972 1874 3288 1946 quamdam
3315 1874 3648 1931 exsultatio-

1992 1979 2148 2018 nem.
2183 1962 2551 2018 Continuatio
2587 1979 2599 2018 :

2071 2073 2090 2100 α
2117 2051 2403 2107 Exaltavit
2435 2069 2611 2123 super
2640 2050 2908 2107 inimicos
2940 2067 3100 2106 meos
3123 2054 3298 2123 caput
3329 2058 3649 2122 meum,-et

1994 2137 2122 2195 ideo
2154 2139 2354 2196 omnia
2390 2161 2411 2189 α
2445 2141 2681 2196 circuivi
2717 2162 2736 2190 ι
2776 2145 2841 2196 ut
2873 2140 3002 2196 laus
3032 2141 3161 2196 ideo
3194 2141 3410 2196 dicitur
3458 2142 3650 2199 hostia

1993 2229 2463 2303 immolata,quia
2493 2231 2646 2285 sicut
2674 2230 2867 2285 hostia
2900 2229 3205 2284 immolata
3237 2229 3502 2302 placebat
3532 2231 3647 2287 Deo
3680 2285 3688 2294 ,

1995 2336 2130 2374 cum
2181 2324 2401 2374 statum
2451 2320 2721 2389 habebat,
2756 2318 2837 2373 ita
2885 2317 3015 2374 luus
3055 2319 3170 2374 ista
3200 2323 3364 2392 grata
3393 2324 3481 2375 est
3510 2320 3645 2376 Deo.

2001 2429 2023 2459 ι
2056 2407 2960 2477 Hostiam,dico,vociferationis,
2993 2432 3014 2459 ι
3053 2408 3111 2462 id
3145 2412 3234 2462 est
3263 2425 3488 2480 magna:
3511 2409 3648 2465 affe-

1991 2498 2226 2552 ctionis.
2258 2497 2385 2552 Alia
2432 2496 2740 2552 translatio
2790 2497 2965 2553 habet
3001 2496 3390 2566 jubilationis,
3423 2502 3480 2553 et
3507 2503 3650 2554 tunc

1995 2583 2213 2640 dicitur
2249 2585 2498 2656 jubilus,
2551 2585 2786 2657 quando
2846 2588 3072 2639 tantum
3123 2585 3406 2656 gaudium
3456 2591 3651 2642 mento

1997 2674 2383 2746 concipimus,
2419 2675 2490 2729 ad
2536 2675 2692 2745 quod
2743 2672 3190 2744 exprimendum
3237 2689 3346 2727 vox
3387 2673 3652 2730 humana

1997 2779 2112 2818 non
2143 2763 2381 2816 sufﬁcit.
2417 2762 2581 2818 Unde
2617 2761 2794 2816 etiam
2843 2767 3268 2816 consueverunt
3306 2762 3650 2832 praedicato-

1997 2868 2089 2906 res
2129 2851 2397 2906 Ecclesiae
2447 2855 2510 2905 ut
2557 2855 2868 2922 postquam
2919 2848 3283 2904 laudaverint
3324 2851 3509 2905 Deum
3559 2851 3647 2904 in-

1997 2937 2709 3011 telligibili,prorumpunt
2740 2937 3096 3008 injuhilum,
3131 2937 3353 2993 scilicet
3382 2937 3440 2992 in
3473 2938 3648 2993 intel-

1997 3027 2280 3100 ligibilem
2303 3043 2523 3095 vocem,
2546 3044 2646 3098 per
2675 3025 2842 3080 multi
2854 3025 3168 3098 plicitatem
3196 3030 3474 3098 notae,per
3495 3028 3648 3098 quod

1998 3117 2315 3172 ostendunt
2328 3115 2550 3171 nullam
2564 3132 2761 3170 vocem
2778 3114 2915 3169 intel
2926 3113 3203 3186 ligibilem
3218 3115 3289 3170 ad
3301 3113 3534 3170 laudem
3549 3115 3650 3170 Dei

219 3227 370 3268 sum
416 3227 510 3266 me
557 3211 618 3266 in
678 3211 788 3268 hoc
817 3235 846 3261 ι)
881 3213 1103 3284 ρι’ωὶίο,
1139 3191 1160 3264 ξ
1197 3191 1604 3288 Θεογερθιιδὴο,
1643 3238 1672 3267 ,,
1709 3217 1767 3272 id
1798 3221 1888 3273 est
1916 3191 1960 3258 C
1998 3221 2170 3276 posse
2200 3202 2798 3260 sufﬁcere.lmmolavi
2831 3203 3108 3272 hostiam,
3127 3207 3185 3258 et
3214 3203 3490 3275 deinceps
3519 3203 3649 3259 lau-

216 3299 392 3357 ἱεωό
442 3300 554 3356 erit
602 3299 750 3356 mihi
797 3317 977 3358 causa
1014 3302 1140 3374 spei
1169 3320 1181 3357 :
1211 3303 1299 3359 vel
1335 3327 1362 3355 «
1391 3303 1453 3360 in
1486 3305 1618 3374 hoc,
1649 3327 1677 3357 η
1714 3307 1772 3362 id
1797 3311 1889 3363 est

216 3388 275 3445 in
305 3389 570 3446 Domino
603 3410 632 3439 «
665 3391 912 3462 sperabo
940 3413 968 3441 ››
1001 3390 1302 3447 victoriam
1332 3392 1493 3449 illius
1523 3395 1728 3466 przelii.

289 3501 319 3528 α
338 3478 641 3535 Dominus
657 3501 685 3529 »
705 3483 794 3534 est
814 3501 841 3529 «
858 3478 1020 3534 salus
1041 3497 1193 3548 mea,
1213 3505 1239 3530 ››
1258 3483 1467 3536 cadent
1481 3483 1580 3554 qui
1597 3500 1688 3538 me
1700 3484 1885 3539 tribu-

213 3565 434 3635 lant,et
444 3585 552 3640 per
567 3567 680 3624 hos
699 3589 725 3617 «
745 3567 884 3640 petii
904 3586 938 3623 a
957 3569 1204 3624 Domino
1227 3587 1460 3625 unum.»
1483 3572 1668 3627 Unam
1687 3578 1776 3629 est
1791 3574 1887 3630 hic

213 3655 494 3727 ﬁxum,et
518 3679 547 3707 α
570 3656 725 3713 hanc
745 3678 775 3708 »
796 3674 974 3713 unam
1000 3679 1028 3708 «
1050 3658 1346 3730 requiram
1372 3661 1650 3716 omnibus
1680 3662 1886 3719 diebus

215 3745 350 3816 vita
382 3761 552 3812 meas,
589 3768 616 3796 υ
653 3745 807 3801 hanc
856 3745 1080 3802 scilicet
1128 3765 1304 3802 unum
1340 3770 1368 3798 «
1399 3754 1465 3804 ut
1495 3749 1818 3806 inhabitem
1853 3774 1882 3803 »

215 3834 461 3892 tendere
492 3835 554 3890 in
586 3834 704 3890 alia
725 3834 842 3890 vita
875 3857 904 3886 «
933 3834 992 3891 in
1043 3836 1215 3892 domo
1263 3837 1518 3892 Domini.
1553 3861 1581 3888 ι)
1614 3840 1715 3895 Vel
1749 3841 1833 3896 sic
1867 3859 1880 3897 :

215 3942 246 3980 κ
279 3921 448 3978 Hunc
480 3923 780 3995 requiram
814 3928 880 3980 ut
906 3924 1229 3981 inhabitem
1253 3947 1281 3976 »
1316 3925 1375 3981 in
1406 3926 1514 3982 hac
1543 3928 1664 3983 vita
1691 3934 1886 3986 mente

217 4030 248 4058 α
278 4009 345 4066 in
376 4013 554 4068 domo
586 4012 822 4068 Domini
853 4035 882 4063 »
915 4017 974 4069 et
1001 4031 1118 4069 non
1145 4015 1203 4069 in
1243 4031 1419 4086 parvo
1469 4020 1753 4089 tempore,
1781 4019 1882 4074 sed

213 4120 244 4147 «
275 4099 339 4154 in
373 4100 659 4157 omnibus
691 4101 898 4157 diebus
927 4103 1055 4157 vitae
1088 4120 1249 4158 meae.
1285 4126 1313 4154 »

283 4189 569 4246 Habitem
593 4191 655 4246 in
686 4191 862 4246 domo
891 4192 964 4247 ad
987 4191 1096 4247 hoc
1121 4197 1238 4248 «ut
1268 4193 1493 4249 videam
1525 4194 1882 4253 voluntatem

205 4275 513 4347 Domini,»
549 4279 614 4335 id
644 4283 738 4336 est
767 4280 907 4351 quid
941 4280 1095 4336 Deus
1123 4280 1263 4336 velit
1292 4299 1386 4338 me
1417 4284 1882 4351 facere,«etvisi-

203 4369 328 4422 tem
364 4367 665 4440 templum
696 4369 881 4439 ejus,»
917 4368 976 4424 id
1008 4373 1097 4424 est
1123 4369 1458 4442 frequenter
1488 4374 1779 4429 memoriae
1804 4393 1885 4432 re-

204 4453 436 4512 ducam
469 4456 908 4513 humanitatem
939 4457 1174 4525 Christi,
1208 4463 1274 4513 ut
1303 4459 1414 4514 sim
1449 4462 1767 4520 conformis
1791 4465 1878 4520 ei:

1996 3294 2170 3362 dabo,
2201 3297 2257 3348 et
2296 3293 2404 3348 hoc
2451 3297 2541 3348 est
2590 3293 2744 3365 quod
2804 3292 2946 3347 dicit
2983 3311 3003 3340 ι
3039 3292 3308 3353 cantabo.
3343 3316 3364 3344 ι
3403 3291 3644 3360 scilicet,

1994 3398 2131 3437 voce
2152 3386 2210 3437 et
2231 3383 2583 3454 corde,quod
2611 3382 2860 3454 pertinet
2882 3382 2949 3436 ad
2975 3380 3454 3452 contemplativos
3479 3397 3492 3435 :
3533 3403 3554 3430 ι
3591 3385 3649 3437 et

2002 3490 2024 3518 ι
2040 3470 2336 3542 psalmum
2351 3471 2542 3524 dicam
2560 3471 2808 3525 Domino
2822 3492 2848 3520 ››
2867 3471 3014 3525 bene
3027 3470 3500 3542 operando,quod
3525 3486 3653 3542 per-

1994 3561 2141 3616 tinet
2171 3561 2243 3615 ad
2275 3559 2629 3616 activos.Ve1
2661 3559 2710 3614 si
2744 3559 3029 3614 habeatur
3065 3578 3086 3606 α
3119 3559 3395 3628 circuibo,
3436 3581 3456 3608 η
3489 3559 3644 3630 quod

1993 3649 2358 3721 frequentius
2375 3653 2602 3721 pcnunt
2618 3648 2993 3716 auctores,sic
3007 3647 3299 3702 dicemus:
3319 3669 3347 3697 «
3361 3647 3646 3702 Dominus

1993 3738 2267 3794 exultavit
2287 3737 2463 3810 caput
2494 3753 2688 3792 meum
2711 3741 2827 3806 »,et
2847 3737 2975 3790 ideo
3009 3757 3036 3785 «
3069 3734 3325 3789 circuibo
3355 3739 3412 3789 et
3442 3735 3646 3788 immo-

1992 3827 2176 3893 labo,»
2209 3826 2434 3882 scilicet
2461 3825 2707 3880 cantabo
2744 3848 2764 3872 ιι
2801 3828 2858 3878 et
2889 3821 3182 3894 psalmum
3215 3821 3426 3876 dicam.
3461 3844 3488 3871 »
3520 3822 3642 3876 Cir-

1992 3917 2187 3983 cuibo,
2212 3915 2360 3982 dico,
2391 3938 2410 3964 α
2429 3915 2486 3968 in
2503 3911 2876 3968 tabernaculo
2894 3913 3041 3983 ejus,
3065 3933 3092 3961 ››
3110 3910 3168 3965 id
3191 3913 3279 3966 est
3298 3909 3358 3964 in
3389 3909 3639 3966 Christo.

1993 4007 2306 4076 Postquam
2340 4003 2608 4058 tractavit
2638 4004 2708 4057 de
2739 4002 2933 4073 prima
2975 4001 3264 4072 linitione,
3297 4000 3553 4056 ostendit
3582 4017 3643 4056 se

1993 4110 2267 4150 securum
2298 4108 2426 4149 esse
2458 4091 2528 4146 de
2561 4092 2888 4163 futuru,per
2918 4108 3046 4147 eam
3082 4090 3296 4146 transit
3326 4090 3397 4145 ad
3431 4107 3644 4146 secun-

1993 4183 2148 4250 dam,
2183 4186 2241 4236 et
2263 4181 2409 4252 petit
2430 4197 2558 4235 eam
2593 4179 2881 4252 frequenti
2909 4179 3189 4235 oratione.
3223 4177 3594 4236 Continuatio
3627 4195 3642 4236 :

2063 4294 2090 4320 ‹‹
2108 4270 2378 4326 Circuibo
2391 4274 2448 4324 et
2481 4268 2852 4336 immolabop
2875 4269 3120 4324 cantabo
3133 4272 3189 4324 et
3202 4267 3471 4339 psallam,
3496 4268 3646 4324 ideo-

1993 4377 2106 4432 que
2125 4365 2210 4428 tu,
2241 4382 2261 4409 σι
2290 4359 2557 4424 Domine,
2582 4357 2790 4414 exaudi
2822 4375 3074 4428 vocem,-
3103 4357 3160 4411 id
3184 4361 3273 4412 est
3304 4357 3642 4428 petitionem

1992 4466 2183 4505 meam
2211 4467 2224 4516 ;
2248 4453 2304 4504 et
2324 4447 2492 4521 ponit
2520 4464 2759 4503 causam
2794 4464 2973 4518 quare
3005 4446 3105 4500 illa
3134 4444 3336 4516 petitio
3369 4444 3444 4498 sit
3465 4444 3644 4517 digna

209 4564 236 4592 ι
254 4544 348 4600 vel
375 4544 623 4602 visitem
646 4546 998 4618 templum,»
1025 4547 1079 4602 id
1103 4551 1192 4603 est
1213 4548 1283 4603 ad
1302 4547 1718 4623 Christum'per
1734 4553 1883 4609 bona

2000 4537 2385 4606 exauditione,
2420 4537 2559 4609 quia
2589 4540 2679 4591 est
2710 4553 2841 4590 cum
2875 4533 3210 4600 clamore,id
3242 4536 3332 4588 est
3355 4549 3489 4587 cum
3512 4549 3643 4587 ma-

197 4648 390 4703 opera
423 4635 790 4706 perveniam.

269 4720 431 4779 Dico
465 4723 725 4802 visitem,
757 4727 817 4778 et
843 4739 972 4780 vere
1004 4725 1142 4781 inde
1181 4731 1426 4782 securus
1459 4744 1590 4783 sum
1627 4751 1654 4778 «
1687 4730 1824 4802 quia
1859 4755 1879 4780 ι

187 4798 320 4870 jam
351 4801 506 4858 fecit
528 4802 677 4858 mihi
698 4803 1100 4872 haec,scilicet,
1127 4805 1476 4862 «abscondit
1507 4817 1602 4864 me
1624 4833 1646 4861 ι
1675 4798 1747 4864 ne
1774 4810 1884 4866 im-

195 4887 556 4955 pugnarent
588 4883 816 4939 inimici
849 4905 876 4934 «
908 4885 968 4939 in
998 4886 1375 4942 tabernaculo
1407 4904 1577 4955 suo,»
1613 4888 1672 4944 id
1706 4895 1795 4946 est
1823 4891 1883 4946 in

192 4969 593 5028 humanitate
628 4971 757 5028 Filii
793 4973 903 5042 sui,
931 4975 1102 5046 cujus
1127 4976 1459 5031 membrum
1492 4994 1585 5033 me
1614 4979 1750 5035 fecit
1773 4981 1881 5036 «in

190 5059 289 5114 die
322 5059 668 5130 malorum,
698 5083 727 5112 ››
764 5061 828 5117 ἰὰ.
855 5068 943 5118 est
973 5063 1031 5118 in
1063 5063 1174 5119 hac
1203 5064 1340 5134 vita,
1374 5065 1434 5120 in
1465 5083 1582 5138 qua
1611 5067 1749 5124 mali
1780 5086 1882 5142 po-

187 5152 497 5205 testatem
526 5156 834 5208 exercent:
863 5174 892 5203 «
913 5151 1066 5208 sicut
1090 5152 1271 5208 David
1302 5153 1680 5212 absconditus
1711 5158 1881 5214 estin

184 5237 654 5304 cavernis,cum
675 5255 812 5296 eum
835 5241 974 5298 Saul
999 5247 1444 5314 persequeretur
1459 5247 1512 5311 (1
1530 5244 1876 5316 Reg.xx1v),»

183 5329 241 5382 et
263 5343 399 5383 non
428 5330 674 5384 tantum
698 5329 1026 5399 abscondit,
1057 5332 1159 5387 sed
1194 5330 1369 5388 etiam
1397 5352 1425 5380 «
1446 5334 1696 5403 protexit
1726 5352 1818 5391 me
1854 5359 1874 5386 ι

181 5433 254 5472 ne
287 5413 471 5472 senti
484 5432 605 5472 rem
636 5418 878 5476 vulnera
906 5419 1385 5493 impugnantium
1407 5419 1508 5474 «in
1539 5420 1880 5482 abscondito

179 5503 591 5584 tabernaculi
617 5507 732 5575 sui,
765 5530 793 5560 ››
824 5509 884 5564 id
915 5514 1005 5566 est
1058 5510 1118 5565 in
1175 5508 1391 5565 deitate
1447 5524 1574 5579 qua:
1632 5509 1792 5584 latet,
1825 5520 1882 5570 et

177 5583 572 5664 abscondita
584 5600 670 5653 est
691 5597 749 5656 in
773 5597 1141 5657 humanitate
1163 5596 1396 5655 Christi.
1421 5615 1443 5645 ι
1460 5597 1522 5654 In
1538 5598 1879 5662 abscondito

1994 4645 2111 4702 gna
2151 4626 2343 4682 cordis
2392 4625 2731 4680 affectione:
2764 4627 2822 4678 et
2851 4623 2958 4678 hoc
2989 4626 3078 4678 est
3107 4621 3247 4693 quia
3292 4620 3536 4676 clamavi
3569 4620 3641 4675 ad

1993 4723 2106 4785 te,»
2123 4717 2316 4774 solum
2334 4715 2805 4784 obtinendum,ct
2825 4730 2939 4768 non
2963 4717 3193 4768 tantum
3217 4711 3346 4767 dico
3378 4711 3533 4783 quod
3555 4727 3646 4765 vo-

1993 4825 2118 4865 cem
2141 4805 2437 4871 exaudias,
2454 4804 2553 4858 sed
2577 4803 2753 4858 etiam
2778 4802 3070 4876 propriam
3095 4818 3404 4874 personam
3429 4815 3640 4866 meum,

1991 4893 2550 4962 scilicet,considera
2561 4893 2841 4948 miserum
2858 4911 2970 4960 me,
2986 4897 3042 4948 et
3056 4910 3159 4965 per
3181 4888 3640 4947 misericordiam

1991 4983 2225 5050 exaudi,
2257 4987 2313 5038 et
2340 4982 2450 5036 hoc
2482 4984 2572 5036 est
2603 4982 2758 5053 quod
2792 4981 2954 5049 dicit,
2989 5003 3016 5029 «
3051 4979 3326 5034 miserere
3357 4973 3488 5043 mei,
3526 4995 3553 5021 »
3582 4971 3641 5026 id

1993 5079 2083 5130 est
2105 5053 2507 5127 misericordia
2538 5087 2714 5142 super
2731 5087 2823 5124 me
2840 5068 3144 5137 movearis,
3165 5071 3222 5121 et
3234 5062 3507 5136 perillum
3531 5061 3640 5115 mi-

1989 5159 2366 5220 sericordiam
2396 5179 2424 5208 «
2444 5159 2650 5214 exaudi
2685 5175 2831 5214 me.»
2861 5158 2955 5213 Bis
2986 5156 3150 5228 ponit
3181 5151 3474 5222 cxaudi,et
3493 5151 3640 5206 duas

1991 5265 2356 5321 causas,quaa
2378 5246 2622 5302 clamavi
2647 5251 2702 5301 et
2731 5242 3268 5301 miserere.Clamor
3296 5239 3389 5295 hic
3417 5238 3648 5294 merito-

1989 5354 2122 5398 rum
2153 5353 2333 5394 causa
2360 5340 2450 5391 est
2478 5333 2537 5390 in
2571 5333 2843 5390 homine:
2882 5329 3281 5388 Misericordia
3311 5346 3437 5401 qua:
3470 5331 3559 5383 est
3583 5327 3643 5382 in

1990 5430 2129 5497 Deo,
2163 5443 2343 5483 causa
2373 5429 2461 5479 est
2491 5425 2550 5478 in
2583 5423 2696 5478 Deo
2728 5426 2792 5476 ut
2822 5422 2995 5477 homo
3027 5419 3392 5476 exaudiatur.

2061 5511 2551 5585 Dico,,«exaudi,n
2580 5514 2636 5564 et
2657 5511 2801 5566 bene
2835 5511 3012 5566 debes
3043 5507 3481 5580 exaudire,quia
3501 5522 3645 5562 «cor

1989 5624 2245 5672 meum,»
2271 5604 2326 5657 id
2358 5603 2447 5656 est
2474 5596 2719 5654 intentio
2751 5598 2942 5654 cordis
2974 5599 3111 5669 mei,
3139 5617 3161 5648 ι
3185 5597 3330 5654 dixit
3361 5596 3492 5667 tibi,
3529 5618 3556 5645 ››
3587 5598 3645 5651 et
