4070 6180
429 349 551 416 283

861 347 1268 412 HAYMONIS
1300 344 1845 410 HALBERSTAT.
1873 335 2118 402 EPlSC.
2151 336 2326 400 OPP.
2356 337 2560 402 PARS
2593 337 2640 400 Ι.
2672 369 2750 382 —
2777 331 3190 399 COMMENT.
3221 329 3420 393 BIBL.

3726 327 3844 391 284

431 501 537 558 per
565 482 756 541 dicere
785 483 978 540 cordis
1008 485 1246 538 notatur
1275 495 1489 554 magna
1517 478 1763 536 intentio
1796 494 1810 534 :
1844 499 1873 527 «
1907 474 2084 532 facies
2111 468 2171 539 Α,
2268 471 2386 546 Ipsi
2431 471 2541 528 hoc
2589 468 2794 525 dicunt
2823 482 2838 522 :
2865 466 3021 558 Quis
3048 463 3352 558 hoc
3379 477 3629 558 regnum
3649 460 3680 518 7
3705 461 3845 558 Quis

433 590 622 642 mea,»
649 573 706 630 id
739 579 829 630 est
858 571 1236 644 pulchritudo
1270 586 1423 636 mea,
1455 585 1558 642 per
1587 585 1766 641 quam
1798 566 2110 622 discretus'

433 677 566 718 sum
595 662 668 716 ab
699 659 829 715 aliis
861 681 888 709 ‹‹
922 657 1248 730 exquisivit,
1281 679 1308 709 »
1339 657 1396 712 id
1437 661 1528 713 est
1557 661 1718 712 extra
1747 653 1944 710 omnia
1971 653 2087 708 alia

433 749 782 822 quaesivitﬁd
799 746 1259 818 est,postpositis
1287 745 1420 801 aliis
1451 745 1726 801 omnibus
1750 743 2086 813 terreru's,te

431 837 622 894 solum
647 836 882 904 intueri,
902 835 1171 909 prmsenti
1181 852 1274 891 am
1307 839 1470 891 tuam
1499 850 1845 906 cognoscere
1859 831 2078 888 studui.

433 925 631 983 Facies
639 925 907 996 justi,est
921 923 1105 980 virtus
1137 925 1237 980 illa
1266 942 1368 997 per
1393 940 1570 996 quam
1603 923 1892 978 discretus
1915 937 2086 994 appa-

431 1020 521 1071 ret
552 1015 625 1071 ab
655 1015 934 1070 omnibus
964 1013 1132 1070 aliis:
1159 1013 1312 1068 sicut
1341 1013 1451 1068 fuit
1479 1013 1540 1068 in
1571 1012 1680 1068 Job
1714 1010 2083 1083 patientia,in

432 1103 614 1160 David
647 1101 972 1171 humilitas,
1003 1108 1060 1158 et
1089 1102 1148 1157 in
1173 1101 1306 1157 aliis
1338 1101 1612 1158 similiter
1644 1118 1657 1156 :
1697 1122 1724 1151 «
1759 1101 1997 1173 (ιυωεὶνί
2031 1103 2087 1156 et

432 1193 750 1265 requiram,
783 1190 1048 1259 Domine,
1082 1190 1288 1247 faciem
1323 1195 1558 1262 tuam,»
1593 1190 1651 1245 id
1682 1193 1771 1246 est
1799 1189 2084 1262 cognitio-

433 1297 567 1338 nem
597 1285 760 1336 tuam
795 1297 898 1353 per
928 1281 1083 1336 bona
1103 1296 1297 1352 opera.

504 1369 575 1425 Et
602 1369 732 1426 ideo
761 1391 782 1418 ι
811 1385 883 1424 ne
905 1373 1130 1426 avertas
1162 1369 1370 1425 faciem
1400 1373 1587 1437 tuam,
1624 1391 1652 1419 »
1678 1369 1736 1424 id
1767 1372 1858 1424 est
1886 1367 2085 1440 cogni-

433 1459 655 1516 tionem
677 1463 863 1526 tuam,
875 1480 903 1510 «
920 1476 953 1514 a
967 1475 1116 1526 me,»
1132 1459 1274 1531 quin
1287 1459 1640 1531 quandoque
1659 1457 1907 1514 habeam
1921 1457 2086 1513 illam

435 1548 854 1621 cognitionem,
877 1565 1004 1620 quae
1027 1547 1283 1620 cognitio
1304 1551 1535 1603 tantum
1555 1547 1620 1602 in
1642 1546 1746 1602 illa
1762 1546 1881 1602 vita
1909 1547 2085 1602 habe-

435 1639 564 1692 tur:
585 1660 612 1687 ‹‹
633 1653 705 1692 ne
721 1636 980 1693 declines
1001 1653 1035 1692 a
1064 1651 1228 1692 servo
1257 1639 1380 1704 tuo,
1414 1658 1441 1684 ››
1473 1635 1532 1690 id
1563 1638 1650 1690 est
1679 1652 1750 1690 ne
1782 1635 2086 1708 permittas

433 1715 690 1782 incidere
713 1742 946 1782 servum
967 1729 1139 1782 tuum
1161 1725 1222 1780 in
1253 1729 1585 1798 peccatum:
1609 1729 1668 1780 et
1688 1725 1738 1780 si
1771 1723 2087 1796 aliquando

434 1814 741 1889 permittas
767 1815 997 1882 cadere,
1017 1814 1128 1870 hoc
1159 1830 1275 1870 non
1298 1813 1478 1870 facias
1499 1836 1528 1864 «
1551 1812 1611 1868 in
1634 1813 1722 1870 ira
1741 1817 1900 1868 tua.»
1923 1813 2089 1868 Tunc
2117 1837 2167 1903 Β

436 1903 496 1960 in
516 1903 602 1960 ira
620 1902 874 1960 declinat
893 1919 928 1958 a
956 1903 1392 1976 servo,quando
1423 1903 1709 1976 permittit
1738 1919 1872 1960 eum
1903 1919 2091 1974 usque

436 1993 496 2048 in
526 1992 747 2066 peccati
777 1991 1166 2064 praecipitium
1207 1991 1530 2064 pervenire,
1561 1991 1810 2066 gratiam
1859 1991 2091 2048 subtra-

435 2081 629 2138 hendo
650 2097 664 2136 :
686 2084 743 2136 et
761 2080 870 2137 hoc
893 2081 1035 2136 dicit
1063 2097 1166 2152 per
1197 2079 1413 2137 similia
1438 2097 1450 2136 :
1484 2079 1636 2136 sicut
1665 2079 1880 2152 aliquis
1903 2080 2094 2136 Domi-

439 2186 553 2226 nus
583 2167 896 2224 declinata
925 2185 1090 2226 servo
1119 2169 1568 2242 iratus,quando
1601 2186 1716 2224 non
1746 2168 1872 2224 vult
1901 2168 2094 2241 hospi-

439 2257 551 2314 tari
582 2273 716 2313 cum
747 2273 834 2312 eo.

511 2346 639 2402 Non
659 2344 1042 2414 declines,sed
1074 2347 1272 2420 potius
1307 2365 1330 2396 α
1359 2349 1482 2402 esto
1512 2347 1748 2419 adjutor
1775 2363 1942 2402 meus
1963 2369 1990 2396 υ
2020 2347 2094 2402 ad

441 2433 590 2490 bene
611 2436 973 2506 operandum
997 2451 1010 2492 :
1035 2439 1093 2491 et
1123 2435 1262 2509 quia
1282 2439 1478 2508 posset
1489 2436 1697 2508 juvare
1718 2436 1776 2491 in
1809 2434 2094 2508 principio

441 2527 500 2580 et
529 2524 816 2592 recedere,
849 2525 978 2581 ideo
1006 2525 1287 2598 supponit
1323 2546 1344 2575 ι
1380 2541 1495 2580 non
1526 2525 1900 2597 derelinquas
1929 2541 2042 2593 me,
2065 2547 2093 2575 »

441 2612 587 2686 quin
611 2629 846 2686 semper
871 2613 1137 2688 porrigas
1169 2631 1442 2670 mauum:
1467 2619 1526 2670 et
1546 2613 1686 2687 quia
1707 2631 1768 2670 se
1787 2629 1917 2670 esse
1945 2613 2098 2669 vide-

443 2701 545 2758 bat
563 2701 737 2758 vilem
759 2706 818 2758 et
840 2702 1438 2776 despicabilem,quod
1463 2703 1896 2760 videreturesse
1917 2719 2098 2758 causa

443 2807 624 2864 quare
655 2791 811 2847 Deus
841 2807 976 2847 eum
1009 2791 1392 2864 delinqueret,
1427 2795 1700 2866 precatur
1725 2793 1911 2848 Deum
1944 2809 2014 2848 ne
2035 2791 2095 2846 in

443 2878 572 2952 ipso
593 2897 834 2938 causam
847 2879 1007 2936 illam
1029 2881 1546 2952 attendat,diccns:
1563 2904 1591 2932 «
1607 2898 1796 2955 neque
1807 2881 2098 2953 despicias

443 2969 668 3038 me,»id
688 2973 778 3027 est
808 2987 924 3026 non
957 2970 1072 3026 sim
1102 2969 1208 3026 tibi
1241 2970 1528 3038 vilis,tum
1551 2970 1690 3044 quia
1715 2994 1742 3022 ‹‹
1757 2971 1914 3026 Deus
1929 2993 1956 3019 »
1969 2974 2094 3025 tum

441 3057 580 3130 quia
604 3082 632 3110 «
649 3058 978 3128 salutaris,»
1006 3059 1147 3131 quia
1167 3059 1593 3132 qualiscunque
1615 3060 1726 3115 sim
1751 3082 1771 3108 α
1789 3063 1852 3114 tu
1865 3076 1926 3114 es
1943 3059 2098 3114 Deus

441 3161 632 3211 meus,
666 3166 696 3195 »
725 3145 783 3200 id
813 3149 904 3201 est
927 3145 1166 3200 Creator
1194 3163 1384 3212 meus,
1405 3168 1432 3194 «
1449 3150 1509 3200 et
1538 3144 1821 3201 Salutaris
1847 3161 2034 3210 meus,
2068 3166 2096 3193 »

443 3231 502 3287 id
533 3202 632 3287 est,
653 3230 916 3287 Salvator
955 3247 1123 3288 meus
1157 3251 1170 3288 :
1205 3232 1343 3304 quia
1371 3202 1477 3304 per
1505 3232 1931 3288 humanitatem
1968 3202 2096 3288 Filii
2127 3202 2174 3275 α

443 3318 619 3375 debes
652 3333 744 3373 me
775 3317 1018 3374 salvere.

512 3407 582 3462 Et
615 3405 744 3461 ideo
766 3423 884 3462 non
916 3407 1094 3463 debes
1121 3423 1214 3463 me
1246 3408 1568 3480 despicere,
1601 3407 1742 3480 quia
1769 3423 1902 3464 mea
1927 3407 2100 3480 culpa

441 3511 556 3551 non
591 3498 682 3550 est
713 3495 870 3567 quod
900 3495 1036 3551 talis
1068 3513 1260 3565 sum,«
1284 3497 1564 3568 quoniam
1587 3501 1751 3568 pater
1779 3513 2003 3564 meus,»
2037 3497 2095 3552 id

443 3588 534 3640 est
553 3584 760 3656 Adam,
796 3608 824 3635 ‹‹
859 3590 918 3640 et
948 3589 1136 3642 mater
1167 3602 1316 3655 mea,
1349 3608 1376 3635 υ
1408 3586 1468 3642 id
1499 3591 1588 3642 est
1617 3587 1752 3657 Eva,
1783 3585 2099 3658 derelique-

442 3675 581 3729 runt
602 3672 782 3746 me,in
805 3673 1080 3746 periculis
1102 3675 1271 3746 quasi
1294 3691 1542 3748 puerum
1563 3675 1922 3746 expositum:
1943 3697 1970 3725 ‹‹
1987 3675 2097 3730 Do-

443 3761 643 3818 minus
663 3767 860 3820 autem
891 3764 1218 3836 assumpsit
1249 3781 1400 3833 me,»
1417 3763 1474 3819 id
1505 3769 1596 3820 est
1616 3767 1800 3820 meam
1831 3763 2100 3819 humani-

443 3855 622 3908 tatem
655 3853 767 3910 sibi
801 3853 1008 3921 univit,
1043 3871 1147 3926 per
1175 3854 1332 3927 quod
1377 3857 1618 3927 apparet
1660 3853 1911 3909 maxime
1941 3854 2096 3926 quod

442 3939 618 3997 homo
641 3943 771 4013 jam
801 3959 919 3998 non
951 3943 1031 3998 sit
1059 3943 1490 4016 despiciendus.

515 4051 544 4080 «
572 4029 860 4086 Dominus
883 4033 1212 4104 assumpsit
1232 4050 1384 4101 me,»
1410 4037 1468 4090 et
1499 4039 1584 4102 tu,
1621 4033 1928 4098 «Domine,
1949 4047 2100 4104 pone

439 4116 591 4172 mihi
605 4117 926 4190 legem,»id
945 4123 1032 4174 est
1049 4119 1309 4192 aliquam
1331 4123 1746 4179 correctionem
1771 4120 2096 4190 mihi,dico,

445 4202 559 4260 sito
581 4204 640 4258 in
668 4228 696 4254 «
720 4205 813 4262 via
834 4209 994 4274 tua,»
1016 4207 1074 4262 id
1098 4212 1187 4264 est
1207 4209 1266 4263 in
1289 4210 1403 4266 ﬁde
1433 4215 1489 4266 et
1508 4210 1568 4264 in
1599 4210 1769 4267 bonis
1799 4210 2095 4283 operibus,

443 4292 663 4364 quibus
693 4293 1032 4364 pervenitur
1062 4295 1134 4350 ad
1168 4299 1224 4351 te
1257 4313 1270 4351 :
1307 4319 1335 4346 «
1367 4301 1424 4352 et
1453 4296 1637 4369 dirige
1677 4315 1770 4353 me
1799 4298 1860 4352 in
1892 4298 2101 4353 semita

441 4385 566 4447 tua,
601 4404 630 4432 »
663 4382 722 4438 id
754 4387 844 4438 est
874 4382 934 4438 in
966 4383 1316 4440 arctioribus
1366 4387 1669 4456 praeceptis
1704 4387 1824 4442 tuis
1857 4403 1870 4441 :
1905 4390 1964 4442 et
1991 4387 2100 4442 hoc

447 4470 538 4527 fac
568 4475 807 4545 propter
834 4471 1107 4529 inimicos
1139 4473 1395 4541 meos,id
1426 4477 1515 4529 est
1543 4473 1972 4546 haereticos,qui
2000 4491 2099 4532 vo-

441 4557 576 4616 lunt
603 4559 966 4617 intellectum
997 4561 1439 4634 Scripturarum
1469 4566 1812 4634 pervertere.

512 4649 631 4721 Ego
654 4649 783 4704 dico
815 4653 1052 4722 propter
1065 4649 1341 4708 inimicos
1361 4666 1658 4717 meos,nec
1677 4654 1874 4706 tamen
1897 4668 2102 4724 precor

443 4739 510 4791 ut
529 4752 646 4792 non
671 4737 871 4793 tradas
904 4753 999 4794 me
1020 4739 1079 4794 in
1102 4737 1378 4796 manibus
1399 4755 1624 4806 corum,
1653 4740 1752 4796 sed
1777 4763 1806 4790 «
1831 4757 1902 4796 ne
1921 4741 2098 4797 tradi-

443 4823 602 4880 deris
635 4840 728 4880 me
776 4825 835 4880 in
887 4825 1118 4883 animas
1152 4844 1440 4900 ».eorum,
1472 4828 1527 4884 id
1561 4832 1651 4884 est
1681 4829 1741 4884 in
1772 4829 2102 4887 voluntates

442 4911 860 4970 tribulantium
893 4930 1008 4983 me,
1043 4937 1071 4964 »
1105 4920 1172 4972 ut
1201 4933 1317 4972 non
1349 4918 1577 4990 possint
1612 4919 1883 4974 devorare
1913 4935 2006 4975 me
2037 4925 2104 4976 ut

441 5002 665 5059 volunt.
688 5001 804 5061 Nec
837 5002 1018 5059 debes
1044 5004 1294 5073 tradere,
1327 5007 1608 5077 quoniam
1637 5011 1694 5063 et
1721 5007 1908 5080 iniqui
1941 5013 2098 5079 sunt,

443 5096 500 5147 et
530 5092 851 5166 insurgunt
881 5096 939 5148 et
970 5091 1302 5148 metiuntur
1335 5111 1347 5148 :
1379 5099 1436 5150 et
1466 5094 1575 5151 hoc
1605 5101 1696 5152 est
1729 5119 1756 5148 «
1778 5097 2103 5154 insurrexe-

422 5185 599 5248 .runt,
629 5203 658 5231 ››
690 5181 748 5237 id
780 5187 870 5238 est
899 5186 1208 5238 erexerunt
1235 5205 1262 5232 «
1283 5182 1344 5237 in
1377 5200 1528 5254 me,»
1561 5183 1618 5240 id
1649 5190 1738 5242 est
1766 5190 1969 5243 contra
1983 5203 2098 5258 me,

445 5289 473 5317 ‹‹
505 5271 686 5324 testes
737 5269 949 5343 iniqui,
985 5293 1012 5320 ››
1045 5269 1105 5327 id
1136 5273 1228 5327 est
1269 5275 1551 5330 testantes
1581 5259 1788 5346 iniqua
1819 5293 1832 5332 :
1865 5275 2004 5348 quia
2033 5293 2101 5332 ea

445 5370 573 5425 quae
604 5355 704 5411 alii
739 5357 869 5414 falsi
904 5359 1188 5430 dixerant,
1223 5359 1320 5416 isti
1354 5361 1804 5432 confirmabant,
1837 5364 2100 5420 dicentes

448 5459 562 5496 non
597 5460 724 5499 esse
754 5445 1015 5502 futuram
1047 5449 1222 5504 aliam
1242 5449 1419 5506 vitam
1437 5455 1647 5522 praeter
1662 5451 1832 5521 hanc,
1853 5456 1910 5507 et
1930 5453 2100 5508 simi-

447 5529 528 5586 lia
561 5547 574 5585 :
611 5553 638 5579 ‹‹
675 5536 732 5586 et
761 5532 1046 5606 iniquitas
1078 5541 1168 5592 est
1196 5539 1464 5610 mentita,
1499 5563 1526 5588 »
1560 5540 1617 5595 id
1649 5545 1738 5596 est
1768 5540 1880 5613 ipsi
1912 5541 2096 5614 iniqui

449 5621 592 5676 sunt
621 5620 850 5674 mentiti
881 5645 908 5671 «
944 5623 1077 5693 sibi,
1116 5645 1142 5673 »
1175 5625 1233 5681 id
1265 5631 1353 5683 est
1382 5628 1452 5682 ad
1481 5629 1764 5684 damnum
1793 5646 1988 5686 suum.

2194 561 2404 617 deinde
2425 560 2620 616 venit?
2642 559 2752 615 Sed
2779 554 3066 630 quidquid
3095 553 3176 609 illi
3208 554 3406 610 dicant
3435 570 3447 608 :
3479 552 3601 624 Ego
3621 574 3652 602 «
3676 553 3846 609 credo

2192 655 2389 705 tamen
2419 649 2612 704 videre
2643 648 2798 703 bona
2819 643 3110 711 Domini,»
3135 659 3263 715 quae
3283 663 3311 692 «
3329 657 3433 698 nec
3455 639 3666 696 oculus
3682 640 3846 707 vidit,

2194 755 2300 796 nec
2322 737 2480 793 auris
2505 735 2860 802 audivit,nec
2882 733 2942 788 in
2964 749 3064 788 cor
3083 731 3342 788 hominis
3371 729 3640 786 ascendit
3661 729 3710 798 (1
3728 729 3845 785 Cor.
3900 754 3909 762 -

2194 831 2277 896 ιι),
2316 849 2344 876 ››
2376 849 2405 876 ‹‹
2437 825 2497 880 in
2556 830 2712 880 terra
2767 821 3108 890 viventium,
3144 843 3172 871 »
3203 820 3262 876 id
3321 823 3412 876 est
3455 819 3517 874 in
3547 817 3718 886 ccelo,
3753 817 3847 874 ubi

2194 915 2382 973 sancti
2411 913 2681 970 habitant
2709 917 2768 968 et
2795 929 2930 968 vera
2957 911 3078 966 vita
3101 911 3322 966 vivunt.
3355 907 3576 964 Ccelum
3607 911 3851 963 vocatur

2192 1009 2348 1062 terra
2379 1008 2616 1077 propter
2646 1001 3053 1066 stabilitatem,
3089 999 3230 1072 quia
3272 1004 3415 1054 tunc
3463 997 3679 1052 stabile
3722 996 3848 1052 erit.

2265 1092 2752 1164 Quandoquidem
2772 1091 2934 1146 vides
2958 1106 3050 1145 me
3071 1092 3296 1144 certum
3310 1085 3690 1160 quodvidebo
3702 1086 3852 1142 bona

2194 1182 2591 1254 Domini,ergo
2605 1181 2940 1252 quicunque
2952 1177 3141 1234 ﬁdelis
3153 1199 3180 1228 «
3195 1174 3812 1249 exspectaDominum
3824 1197 3847 1225 υ

2195 1288 2299 1345 per
2323 1271 2917 1344 longanimitatem,et
2940 1267 3327 1340 exspectando
3349 1288 3378 1317 «
3398 1264 3650 1321 viriliter
3678 1281 3852 1338 age,»

2193 1361 2252 1416 id
2275 1365 2362 1416 est
2383 1360 2590 1416 insiste
2617 1358 2936 1414 virtutibus
2962 1374 2974 1414 :
3000 1362 3059 1413 et
3079 1355 3128 1412 si
3159 1372 3373 1412 manus
3401 1354 3752 1429 fatigentur,
3772 1357 3852 1410 ta-

2195 1465 2330 1505 men
2363 1466 2506 1504 «cor
2537 1453 2708 1504 tuum
2739 1447 3099 1504 confortetur
3114 1467 3141 1495 ››
3154 1449 3213 1501 et
3241 1443 3326 1500 sic
3347 1467 3378 1495 «
3404 1443 3638 1500 sustine
3662 1439 3855 1500 Domi-

2195 1555 2398 1606 num,»
2430 1537 2487 1594 id
2517 1542 2607 1594 est
2634 1537 2770 1593 licet
2797 1535 3122 1604 tribuleris,
3142 1539 3340 1590 tamen
3372 1533 3696 1591 Dominum
3719 1548 3853 1588 cum

2195 1625 2480 1701 patientia
2507 1629 2797 1700 exspecta.

2661 1751 2733 1806 IN
2774 1749 3122 1807 PSALMUM
3169 1748 3384 1806 XXVII.

2519 1862 2790 1918 Trruws.
2828 1859 3081 1914 Psalmus
3117 1859 3294 1932 ipsius
3332 1857 3528 1914 David.

2273 2009 2302 2037 ‹‹
2323 1986 2409 2042 Ad
2438 1985 2787 2055 te,Domine,
2811 1983 3079 2040 clamavi.
3115 2005 3143 2034 »
3171 1982 3428 2040 Verbum
3459 1981 3562 2038 Dei
3589 1980 3861 2054 loquitur

2200 2075 2544 2132 hominibus
2555 2075 2626 2130 de
2639 2074 2978 2146 Deozipsum
2991 2072 3148 2128 enim
3160 2076 3251 2129 est
3263 2070 3520 2129 Ostensio
3531 2070 3857 2128 Dei.Unde:

2202 2187 2231 2214 «
2245 2164 2426 2220 Nemo
2441 2162 2600 2220 novit
2622 2163 2850 2219 Patrem
2872 2161 2986 2219 nisi
3005 2160 3207 2229 Filius,
3223 2164 3280 2217 et
3295 2159 3391 2217 cui
3409 2159 3590 2217 Filius
3605 2159 3865 2217 voluerit

2201 2253 2456 2310 revelare
2487 2253 2688 2326 (Matth.
2721 2252 2802 2324 χι)
2827 2270 2840 2321 ;
2869 2274 2896 2301 ››
2935 2255 2993 2308 et
3021 2250 3174 2307 sicut
3198 2255 3324 2306 tota
3350 2250 3614 2306 humana
3641 2252 3866 2304 natura

2201 2344 2426 2400 habens
2456 2341 2847 2417 cognitionem
2879 2343 2952 2398 de
2976 2341 3229 2409 Deo,hoc
3251 2341 3426 2397 habet
3455 2357 3560 2413 per
3583 2338 3863 2404 verbum,

2202 2433 2286 2489 ita
2314 2433 2578 2488 humana
2605 2435 2818 2488 natura
2845 2431 3092 2488 Christi:
3119 2434 3178 2486 et
3205 2429 3254 2487 si
3285 2429 3459 2486 alicui
3491 2426 3720 2486 homini
3737 2443 3868 2484 ver-

2202 2522 2346 2577 bum
2367 2520 2591 2589 silet,ut
2611 2520 2746 2577 fecit
2763 2519 3232 2588 Adaa,descendit
3260 2519 3317 2574 in
3352 2517 3724 2574 lacum.Cum
3753 2515 3869 2573 hu-

2203 2628 2382 2666 mana
2409 2614 2620 2666 natura
2661 2608 2829 2665 unita
2872 2609 3048 2665 verbo
3091 2608 3215 2676 Dei,
3248 2625 3365 2664 non
3395 2607 3639 2664 confidit
3665 2607 3742 2663 de
3773 2625 3866 2678 se,

2204 2699 2392 2756 multo
2423 2699 2624 2756 minus
2653 2696 3151 2754 czeteri.Psalmus
3181 2696 3318 2753 huic
3347 2695 3550 2753 David.
3583 2695 3865 2754 Psalmus

2202 2789 2314 2845 iste
2343 2788 2686 2844 attribuitur
2715 2787 2918 2857 David,
2951 2788 3008 2843 id
3041 2791 3131 2844 est
3159 2786 3411 2855 Christo,
3445 2786 3547 2860 qui
3585 2785 3866 2844 Christus

2204 2879 2299 2935 hic
2321 2877 2601 2951 loquitur.
2635 2879 2798 2944 Quod
2847 2877 2988 2934 dicit
3029 2877 3187 2946 huic,
3218 2875 3310 2932 vel
3338 2876 3409 2932 ad
3439 2875 3866 2944 diﬂ'erentiam,

2203 2968 2290 3024 vel
2322 2969 2395 3024 ad
2444 2965 2845 3024 excellentiam
2893 2970 3087 3040 potest
3123 2965 3307 3038 accipi
3339 2981 3352 3020 :
3385 2963 3556 3038 quasi
3587 2965 3822 3022 diceret
3850 2982 3864 3021 :

2208 3057 2350 3112 lluic
2381 3073 2496 3112 non
2526 3055 2745 3112 carnali
2776 3055 2918 3130 regi,
2941 3056 3043 3112 sed
3074 3052 3326 3128 spiritali
3355 3053 3496 3128 Regi
3536 3070 3777 3128 regum,
3808 3055 3866 3110 id

2205 3150 2295 3202 est
2319 3145 2552 3202 Christo
2578 3146 2648 3201 ad
2679 3144 3114 3202 excellentiam:
3138 3144 3277 3217 quia
3306 3144 3572 3216 quaedam
3601 3143 3796 3200 verba
3808 3144 3868 3200 in

2205 3235 2314 3292 hoc
2345 3235 2593 3307 psalmo,
2628 3252 2740 3308 que
2787 3234 2933 3290 nulli
2982 3233 3082 3290 alii
3130 3237 3380 3308 possunt
3421 3231 3712 3306 adaptari,
3751 3233 3867 3290 nisi

2204 3324 2434 3380 Christo
2465 3323 2668 3394 soli,ut
2697 3328 2788 3380 est
2817 3340 2830 3380 :
2865 3347 2894 3374 ‹‹
2919 3323 3203 3380 Reﬂoruit
3231 3339 3366 3380 caro
3396 3339 3584 3378 mea.»
3614 3321 3872 3380 Materia

2205 3417 2296 3469 est
2314 3412 2439 3485 ipse
2459 3412 2835 3468 Christus.De
2845 3429 2912 3469 eo
2933 3411 3018 3468 sic
3039 3412 3188 3485 agit:
3207 3409 3487 3468 describit
3505 3427 3645 3467 eum
3665 3415 3872 3484 peten-

2205 3505 2325 3557 tem
2349 3505 2404 3556 et
2426 3500 2538 3556 sibi
2569 3505 2626 3556 et
2654 3505 2858 3556 contra
2885 3499 3177 3566 inimicos,
3209 3503 3479 3572 agentem
3509 3499 3690 3556 etiam
3727 3517 3872 3574 gra-

2205 3590 2318 3646 tias
2345 3589 2415 3645 de
2439 3589 2850 3661 impetratione
2893 3607 3015 3645 suae
3057 3587 3376 3662 petitionis,
3408 3593 3468 3644 et
3493 3587 3618 3644 haec
3647 3592 3748 3644 est
3779 3605 3873 3644 se-

2205 3679 2400 3734 cunda
2427 3695 2565 3750 pars
2595 3677 2900 3750 psalmi.In
2931 3678 3106 3734 tertia
3135 3681 3296 3750 parte
3318 3677 3576 3733 ostendit
3606 3678 3776 3750 quod
3805 3693 3877 3734 ea

2207 3785 2334 3840 qua:
2362 3767 2512 3823 facta
2543 3771 2682 3822 sunt
2707 3768 2779 3823 de
2809 3767 3061 3838 Christo,
3095 3765 3270 3823 sicuti
3320 3765 3516 3839 passio
3563 3770 3622 3822 et
3663 3783 3875 3822 resur-

2208 3857 2473 3925 rectio,et
2494 3856 2733 3925 similia,
2748 3857 2872 3913 suis
2893 3857 3070 3913 etiam
3093 3858 3164 3912 ad
3183 3855 3595 3913 exaltationcm
3627 3856 3874 3928 profue-

2209 3951 2365 4002 runt.
2399 3945 2648 4002 Intentio
2679 3949 2769 4000 est
2797 3949 2864 4000 ut
2894 3946 3243 4018 persuadeat
3262 3963 3376 4001 non
3408 3961 3540 4001 esse
3570 3945 3880 4001 confiden-

2207 4037 2348 4092 dum
2397 4035 2457 4090 in
2509 4033 2765 4101 homine,
2800 4035 2902 4090 sed
2953 4034 3013 4090 in
3065 4034 3188 4090 solo
3244 4035 3380 4104 Deo,
3421 4051 3557 4090 cum
3605 4033 3880 4090 ostendit

2207 4124 2506 4182 Christum
2523 4121 3017 4196 perfectissimum
3033 4123 3268 4194 justum
3289 4123 3349 4178 in
3371 4121 3532 4178 nullo
3545 4121 3878 4188 conlidere,

2207 4213 2320 4269 nisi
2337 4213 2397 4268 in
2417 4211 2540 4269 solo
2560 4212 2698 4268 Deo.
2723 4212 2788 4267 In
2810 4212 2924 4267 fine
2954 4211 3131 4268 etiam
3153 4211 3253 4268 ubi
3275 4211 3549 4276 ostendit,
3573 4211 3744 4284 quod
3771 4228 3878 4284 po-

2207 4302 2382 4376 pulus
2403 4301 2660 4357 salvatus
2679 4317 2784 4372 per
2811 4300 3113 4356 Christum
3139 4317 3255 4356 non
3279 4301 3456 4356 habet
3475 4298 3880 4356 salvationem

2208 4391 2325 4446 nisi
2354 4389 2414 4445 in
2444 4389 2568 4445 solo
2598 4389 2736 4460 Deo,
2770 4389 2967 4444 innuit
2994 4387 3166 4461 plane
3194 4405 3431 4445 omnem
3455 4387 3879 4445 salvationem

2207 4495 2337 4535 esse
2357 4496 2392 4534 a
2411 4478 2548 4546 Deo,
2568 4481 2626 4534 et
2645 4494 2762 4533 non
2793 4477 2867 4533 ab
2898 4477 3162 4534 homine:
3178 4480 3236 4533 et
3256 4477 3411 4532 sicut
3437 4477 3499 4532 in
3530 4477 3882 4549 praeceden-

2129 4570 2180 4640 D
2208 4566 2368 4623 tibus
2384 4565 2740 4639 quibusdam
2762 4565 3010 4639 psalmis
3044 4565 3297 4623 breviter
3313 4564 3504 4638 tangit
3522 4565 3882 4639 passionem

2209 4659 2266 4712 et
2294 4655 2801 4726 resurrectionem,
2835 4655 2917 4712 ita
2946 4659 3004 4712 et
3031 4655 3146 4712 hic.

2280 4746 2349 4801 Et
2373 4744 2457 4802 sic
2487 4744 2696 4818 incipit
2712 4745 2975 4802 invitatis
3005 4744 3135 4802 aliis
3157 4745 3229 4802 ad
3251 4745 3696 4818 petitionem,ut
3726 4761 3888 4801 con-

2211 4834 2398 4890 ﬁdant
2425 4838 2482 4891 et
2511 4835 2767 4892 clament
2796 4836 2868 4892 ad
2891 4835 3208 4891 Dominum
3239 4835 3324 4892 sic
3355 4851 3370 4890 :
3405 4834 3574 4908 quasi
3605 4833 3885 4891 diceret:

2210 4923 2469 4980 Clamate
2489 4929 2544 4980 et
2575 4923 2851 4980 conﬁdite
2872 4924 2929 4980 in
2960 4924 3228 4993 Domino,
3261 4922 3524 4997 exemplo
3555 4923 3698 4991 mei,
3722 4924 3891 4996 quia

2210 5029 2316 5086 ego
2339 5011 2585 5068 clamavi
2607 5017 2664 5068 et
2686 5035 2714 5063 «
2738 5011 3002 5069 clamabo
3029 5015 3101 5069 ad
3133 5017 3210 5080 te,
3231 5013 3478 5070 Domine
3497 5033 3525 5062 »
3547 5012 3746 5081 Pater,
3775 5013 3892 5087 qui

2210 5100 2372 5157 solus
2395 5105 2557 5173 potes
2579 5101 3012 5159 exaudire.Ideo
3031 5102 3195 5176 ponit
3219 5103 3504 5170 futurum,
3525 5104 3591 5157 ut
3619 5117 3730 5174 per
3763 5103 3892 5159 hoc

2209 5193 2370 5245 notet
2391 5206 2452 5245 se
2472 5189 2834 5246 incessanter
2861 5190 3116 5248 clamare
3146 5192 3218 5248 ad
3240 5191 3427 5247 Deum
3455 5195 3576 5247 toto
3599 5195 3893 5264 tempore

2210 5297 2330 5336 suae
2359 5279 2702 5335 obedientiaa
2736 5297 2748 5335 :
2783 5283 2840 5335 et
2867 5285 2954 5348 tu,
2989 5304 3018 5331 «
3051 5281 3206 5336 Deus
3255 5297 3443 5348 meus,
3478 5295 3552 5335 ne
3596 5278 3820 5350 sileas,
3861 5305 3893 5330 η

2209 5368 2354 5442 quin
2375 5367 2616 5425 clamori
2635 5385 2766 5424 meo
2787 5369 3389 5440 respondeas,scilicet
3399 5369 3706 5425 exaudias:
3725 5371 3897 5443 quia

2209 5458 2258 5514 si
2293 5457 2520 5526 sileres,
2551 5461 2692 5512 tunc
2723 5473 2881 5512 esses
2911 5461 3174 5514 remotus
3198 5481 3226 5508 ‹‹
3253 5475 3287 5513 a
3317 5474 3429 5512 me.
3457 5479 3484 5506 ››
3517 5458 3665 5513 Cum
3697 5457 3895 5526 dicit,

2209 5574 2237 5601 ‹‹
2258 5549 2582 5618 clamabo,»
2603 5555 2661 5606 et
2680 5549 2987 5622 subjungit
3010 5573 3036 5598 ‹‹
3062 5566 3137 5605 ne
3157 5548 3389 5614 sileas,»
3409 5552 3577 5604 notat
3605 5547 3896 5604 affectio-

2209 5654 2342 5694 nem
2357 5638 2514 5710 piam
2533 5639 2685 5695 inter
2704 5638 2887 5695 Deum
2908 5642 2965 5694 et
2983 5637 3453 5710 hominem,quia
3464 5654 3534 5694 ex
3549 5653 3663 5708 quo
3683 5634 3898 5696 homo
