4070 6180
234 333 353 394 285

1426 330 1923 396 EXPLANATIO
1965 329 2048 392 IN
2093 333 2474 399 PSALMOS.
3533 347 3610 410 28

233 465 494 523 clamare
523 463 748 538 incipit,
782 464 935 522 Deus
967 463 1507 521 exaudit.Hebraica
1535 464 1746 521 veritas
1769 482 1883 520 non
1914 462 1973 533 Α
2002 468 2101 522 sed
2137 485 2205 524 ne
2235 471 2565 530 consentias
2593 479 2724 531 voto
2759 475 3058 548 ipsorum:
3090 483 3148 535 et
3179 479 3288 538 hoc
3318 483 3426 548 est,
3453 481 3652 540 tradas

234 557 413 612 habet
426 556 568 611 hoc:
591 578 618 606 ‹‹
633 573 702 611 ne
715 556 948 627 quando
971 560 1164 611 taceas
1179 572 1211 610 a
1224 573 1313 611 me
1331 572 1342 610 :
1359 578 1386 606 »
1405 557 1502 610 sed
1520 555 1890 627 septuaginta

234 645 587 716 interpretes
636 644 1004 712 addiderunt,
1039 662 1143 700 nec
1174 649 1369 700 tamen
1401 646 1527 700 sine
1558 661 1754 710 causa,
1789 645 1889 700 sed

233 751 336 807 per
350 734 466 789 hoc
485 735 629 788 dant
651 734 820 789 nobis
833 733 1153 806 intelligere
1172 751 1305 788 eum
1319 734 1604 789 clamasse
1618 735 1685 788 de
1701 734 1890 806 prima

233 827 290 879 et
316 823 585 878 secunda
614 823 1048 878 clarificatione.
1069 823 1260 878 Prima
1287 823 1624 878 clariﬁeatio
1649 829 1735 878 est
1757 829 1890 879 ante

234 913 894 980 resurrectionem,cum
918 912 1026 968 fuit
1050 913 1331 968 immunis
1354 914 1424 968 ab
1448 913 1606 968 omni
1631 918 1888 984 peccato,

234 1008 290 1060 et
320 1020 427 1074 per
454 1019 592 1057 eum
627 1002 780 1056 Deus
812 1000 1098 1056 miracula
1119 1001 1273 1071 fecit,
1300 1019 1425 1073 quae
1451 1019 1620 1056 nemo
1643 1002 1793 1057 alius
1815 1003 1895 1058 fa-

234 1109 361 1149 cere
376 1091 591 1164 potuit.
603 1091 872 1147 Secunda
884 1089 1222 1145 clariﬁeatio
1235 1090 1296 1145 in
1321 1091 1738 1146 resurrectione
1763 1092 1888 1158 fuit,

234 1181 374 1254 quia
398 1181 533 1252 ejus
563 1179 904 1235 humanitas
923 1178 1457 1250 impassibilitatem
1479 1184 1535 1234 et
1557 1179 1897 1234 immortali-

234 1275 418 1326 tatem
441 1268 890 1340 suscepit.Cum
912 1267 1072 1335 dicit,
1095 1291 1113 1315 ιι
1143 1285 1213 1323 ne
1236 1268 1432 1338 sileas,
1459 1290 1484 1316 ››
1511 1268 1894 1340 intelligimus

236 1375 370 1416 eum
402 1358 667 1414 clamare
699 1358 770 1412 de
801 1357 1059 1412 secunda
1091 1356 1895 1430 elariﬁcationezetquiapos-

237 1452 323 1505 set
353 1448 427 1503 de
459 1446 567 1502 illa
595 1446 855 1502 secunda
903 1463 1017 1500 non
1061 1445 1255 1511 silere,
1286 1451 1345 1501 et
1375 1450 1570 1502 tamen
1604 1448 1674 1502 de
1706 1447 1895 1520 prima

235 1554 351 1594 non
390 1536 676 1593 exaudire
725 1552 880 1603 eum,
915 1534 1078 1590 addit
1113 1551 1124 1590 :
1159 1539 1216 1590 et
1244 1535 1420 1590 etiam
1456 1558 1483 1585 «
1516 1552 1585 1590 ne
1617 1540 1829 1605 taceas,
1870 1560 1890 1584 η

237 1629 379 1700 quin
411 1624 698 1682 exaudias
729 1641 822 1679 me
851 1625 921 1680 de
951 1623 1142 1696 prima
1171 1623 1584 1679 clariﬁcationc
1609 1641 1621 1679 :
1647 1626 1810 1697 quin,
1837 1627 1894 1681 id

239 1720 326 1772 est
355 1715 520 1788 quod
543 1714 634 1770 vel
652 1731 770 1769 una
784 1714 927 1769 hora
944 1713 1250 1786 permittas
1267 1730 1359 1768 me
1376 1731 1492 1768 non
1511 1715 1852 1770 exauditum
1880 1731 1894 1768 :

2002 575 2094 612 me
2113 559 2346 631 quidem
2365 581 2497 618 cum
2521 567 3054 636 peccatoribus,sed
3081 585 3149 624 ne
3173 570 3372 625 tradas
3395 571 3476 626 ita
3497 573 3651 643 quod

2001 649 2082 703 sis
2115 650 2346 718 similis,
2372 653 2429 707 id
2461 656 2642 720 est,in
2667 657 2869 710 eadem
2894 657 3279 713 intentatione
3307 677 3442 715 cum
3466 660 3648 732 ipsis:

2002 742 2066 792 ut
2098 739 2249 794 sicut
2283 741 2392 811 ipsi
2426 742 2578 798 malo
2611 749 2740 798 voto
2774 761 2866 800 me
2910 747 3170 816 tradunt,
3203 747 3283 801 ita
3315 752 3374 802 tu
3418 765 3652 821 quoque

2003 828 2156 883 mllo
2206 834 2338 884 voto
2387 848 2478 886 me
2530 834 2771 887 tradas:
2809 839 2864 888 et
2910 851 2980 889 ne
3030 835 3337 907 permittas
3391 838 3651 893 animam

2003 934 2193 972 meam
2227 922 2407 975 teneri
2434 921 2492 975 in
2529 922 2755 976 inferno
2791 939 2925 977 cum
2960 926 3337 995 operantibus
3369 925 3652 998 iniquita-

2001 1010 2141 1073 tem,
2177 1007 2231 1062 id
2265 1014 2373 1074 est,
2401 1010 2624 1066 habens
2656 1012 2810 1066 idem
2845 1016 3043 1067 votum
3075 1030 3209 1068 cum
3243 1014 3360 1070 illis
3384 1015 3482 1087 qui
3507 1016 3652 1071 mihi

2004 1097 2417 1152 machinantur
2445 1100 2707 1154 exitium.

2076 1187 2182 1252 Qui
2233 1187 2473 1253 scilicet,
2508 1195 2819 1260 operantes
2870 1189 3241 1262 iniquitatem
3275 1213 3303 1240 ‹‹
3334 1193 3656 1264 loquuntur

2006 1293 2228 1347 pacem,
2264 1298 2290 1326 »
2327 1277 2383 1331 id
2415 1282 2522 1348 est,
2557 1280 2802 1350 pacifica
2839 1281 3015 1335 verba
3047 1296 3060 1335 :
3094 1284 3151 1335 et
3181 1280 3275 1336 hic
3326 1283 3657 1354 specialiter

2006 1365 2269 1437 nequitia
2289 1366 2627 1422 Judazorum
2652 1372 2889 1424 notatur
2911 1386 2923 1424 :
2950 1386 3151 1441 pacem
3175 1369 3302 1426 dico
3323 1393 3351 1419 «
3375 1387 3509 1426 cum
3533 1388 3660 1443 pro-

2004 1455 2160 1509 ximo
2193 1471 2298 1509 suo
2333 1478 2360 1503 ››
2393 1455 2614 1512 scilicet
2644 1473 2757 1512 me.
2793 1457 3060 1514 Christus
3102 1458 3259 1514 enim
3307 1459 3524 1515 dicitur
3553 1461 3655 1517 Ju-

2005 1543 2262 1598 dmorum
2288 1545 2590 1615 proximus
2613 1547 2940 1602 soeundum
2969 1565 3225 1617 carnem,
3247 1549 3388 1622 quia
3413 1551 3483 1606 de
3503 1551 3661 1622 geni-

2007 1632 2163 1686 mine
2193 1650 2394 1688 eorum
2428 1634 2538 1690 fuit
2563 1651 2576 1689 ε
2612 1640 2669 1690 et
2699 1637 3026 1692 secundum
3060 1638 3215 1708 quod
3239 1638 3324 1693 eis
3348 1641 3534 1696 facere
3556 1641 3661 1695 mi-

2007 1720 2383 1777 sericordiam
2431 1729 2686 1779 venerat.
2732 1725 2910 1780 Juxta
2953 1727 3108 1796 quod
3169 1727 3239 1781 de
3288 1727 3657 1785 Samaritana

241 1809 296 1860 et
315 1805 363 1860 si
387 1803 573 1860 sileas
597 1806 857 1858 remotus
879 1819 1035 1867 ame,
1053 1806 1194 1857 tunc
1219 1823 1246 1851 ‹‹
1271 1802 1644 1858 assimilabor
1665 1804 1896 1859 descen-
1927 1834 1977 1902 Β
2007 1808 2220 1882 legitur
2249 1810 2305 1864 in
2339 1812 2669 1884 Evangelio,
2686 1813 2784 1884 qui
2809 1815 3108 1884 proximus
3131 1815 3348 1870 dicitur
3370 1815 3451 1870 illi
3475 1817 3574 1888 qui
3598 1818 3656 1873 in

241 1893 520 1950 dentibus
556 1892 616 1946 in
643 1890 860 1958 lacum,
877 1891 932 1945 id
956 1890 1124 1946 estin
1147 1891 1445 1945 miseriam
1469 1891 1646 1964 hujus
1668 1893 1894 1960 mundi,

243 1999 368 2055 quae
399 1982 537 2037 ideo
568 1981 734 2036 lacus
763 1979 997 2046 dicitur,
1032 1980 1172 2052 quia
1201 1981 1354 2037 sicut
1384 1981 1545 2036 fovea
1575 1983 1744 2052 cujus
1768 1982 1898 2036 fun-

244 2073 354 2128 dus
385 2072 715 2143 ignoratur,
743 2069 906 2125 lacus
936 2069 1167 2139 dicitur,
1194 2070 1277 2125 sic
1301 2071 1558 2126 mundus
1581 2071 1744 2126 lacus
1763 2071 1901 2125 dici-

245 2166 361 2226 tur,
394 2162 573 2232 cujus
594 2159 967 2216 miseriarum
994 2160 1447 2230 profunditatem
1473 2178 1587 2215 non
1609 2161 1896 2217 videmus.

245 2250 304 2306 Si
334 2250 496 2305 enim
529 2248 628 2304 ille
658 2249 835 2304 homo
857 2249 1519 2321 Dominicusaprzesidio
1539 2249 1716 2305 divini
1740 2250 1898 2305 verbi

245 2339 357 2395 sibi
389 2339 543 2393 uniti
577 2339 961 2405 desereretur,
997 2337 1210 2394 similis
1231 2338 1433 2410 utique
1457 2338 1795 2394 hominibus
1817 2339 1901 2394 in-

243 2427 562 2483 veniretur.
598 2427 702 2482 Vel
727 2451 747 2474 «
777 2427 835 2481 in
858 2427 1074 2494 lacum,
1093 2450 1118 2476 ››
1144 2428 1202 2482 id
1226 2432 1314 2483 est
1336 2429 1395 2482 in
1423 2428 1854 2499 corruptionem
1882 2444 1894 2482 :

245 2534 379 2573 caro
414 2517 575 2572 enim
598 2515 902 2572 Dominica
921 2515 980 2570 in
1004 2517 1268 2588 sepulcro
1293 2522 1764 2588 corrumperetur
1786 2516 1898 2572 nisi

243 2624 375 2664 eam
408 2605 687 2662 divinitas
718 2604 1048 2660 suscitaret.
1074 2607 1226 2661 Bene
1257 2605 1417 2674 dicit,
1445 2628 1473 2655 «
1493 2605 1896 2662 descendenti-

244 2697 379 2762 bus,
415 2718 444 2746 »
479 2695 623 2766 quia
653 2693 946 2749 maximus
977 2695 1294 2750 descensus
1324 2698 1412 2750 est
1442 2713 1475 2750 a
1500 2695 1616 2750 Deo
1649 2695 1898 2765 deviare,

245 2791 303 2843 et
333 2802 396 2840 se
420 2784 494 2840 ad
526 2784 708 2854 hujus
738 2783 943 2837 mundi
976 2782 1244 2838 miserias
1275 2783 1553 2839 inclinare
1579 2801 1591 2839 :
1619 2801 1898 2840 ascensus

245 2892 402 2941 vero,
417 2873 644 2929 relictis
658 2872 749 2927 his
763 2871 1036 2943 miseriis,
1052 2874 1124 2927 ad
1137 2874 1290 2928 bona
1301 2879 1581 2946 perpetua
1600 2874 1897 2929 festinare.

319 2964 460 3019 Dico
486 2984 513 3012 ‹‹
539 2977 610 3016 ne
645 2961 869 3017 sileas»
893 2960 1156 3028 Domine,
1181 2963 1280 3017 sed
1314 2963 1510 3033 potius
1532 2985 1559 3012 ‹‹
1582 2962 1790 3017 exaudi
1812 2979 1904 3017 vo-

247 3071 372 3110 cem
405 3051 837 3126 deprecationis
861 3069 1000 3108 mere
1037 3075 1062 3100 ››
1097 3053 1166 3108 de
1197 3053 1562 3108 removendis
1594 3051 1763 3107 malis
1799 3069 1811 3108 :
1845 3055 1903 3106 et

248 3143 451 3200 subdit
479 3158 725 3197 causam
758 3157 935 3213 quare
966 3141 1174 3196 debeat
1219 3141 1480 3196 exaudiri
1529 3141 1628 3213 qui
1673 3145 1799 3197 orat
1829 3141 1900 3195 ad

249 3249 384 3290 eum
421 3250 434 3288 :
469 3233 614 3305 quia
643 3231 866 3287 extollit
897 3249 1107 3286 manus
1142 3249 1280 3287 suas
1311 3231 1382 3286 ad
1415 3232 1610 3303 ipsum
1644 3248 1658 3286 :
1691 3236 1749 3286 et
1795 3232 1902 3286 hoc

252 3329 378 3380 est:
404 3347 433 3375 «
459 3324 625 3391 dum,
651 3345 678 3372 »
704 3322 762 3377 id
791 3326 898 3390 est,
925 3321 1062 3393 quia
1099 3344 1118 3370 α
1155 3338 1254 3377 oro
1276 3322 1346 3376 ad
1368 3325 1444 3397 te,
1475 3325 1530 3376 et
1550 3320 1759 3376 extollo
1781 3338 1904 3375 ma-

252 3431 366 3470 nus
387 3429 575 3481 meas,
611 3434 640 3462 »
677 3415 735 3467 et
765 3410 886 3466 haec
918 3409 1125 3465 levatio
1158 3427 1443 3465 manuum
1475 3410 1690 3465 Christi
1715 3409 1824 3464 fuit
1846 3409 1904 3463 in

248 3519 416 3558 cruce
443 3519 456 3556 :
490 3526 510 3550 ι
541 3501 616 3556 ad
640 3499 926 3572 templum
949 3503 1217 3555 sanctum
1237 3502 1426 3565 tuum,
1457 3521 1483 3547 ››
1509 3499 1565 3552 id
1588 3503 1693 3564 est,
1719 3497 1907 3552 Eccle-

250 3592 397 3648 siam
427 3589 927 3646 constituendam.
951 3589 1032 3643 Ex
1061 3588 1334 3659 passione
1365 3587 1521 3642 enim
1545 3586 1758 3642 Christi
1780 3603 1906 3658 pro-

249 3679 425 3736 cessit
471 3677 748 3735 Ecclesiae
796 3676 1156 3732 constitutio.
1189 3675 1291 3731 Vel
1326 3693 1613 3743 «manus,
1645 3698 1672 3726 »
1706 3675 1762 3730 id
1794 3679 1902 3741 est,

248 3768 619 3842 operationes
670 3783 832 3822 meas
866 3787 893 3816 «
920 3765 1130 3821 extollo
1175 3765 1247 3820 ad
1279 3764 1597 3820 Ecclesiam
1630 3787 1656 3813 ››
1688 3763 1904 3819 consti-

247 3859 551 3914 tuendam.
568 3854 673 3912 Vel
700 3876 727 3906 ‹‹
750 3855 820 3910 ad
846 3852 1134 3926 templum
1160 3858 1430 3908 sanctum
1456 3858 1691 3917 tuum,»
1717 3852 1773 3907 id
1793 3857 1902 3923 est,

250 3947 322 4002 ad
351 3946 634 4018 teipsum,
668 3943 728 3998 in
759 3943 956 3999 locum
1010 3959 1181 4014 quem
1234 3941 1352 3997 scio
1397 3945 1453 3996 te
1483 3941 1765 3996 habitare.
1801 3941 1903 3996 Hic

251 4033 424 4091 mittit
447 4051 561 4090 nos
585 4033 657 4088 ad
691 4031 1178 4088 consuetudinem
1209 4030 1528 4093 orantium,
1555 4028 1655 4101 qui
1677 4029 1905 4084 elevant

250 4139 458 4178 manus
479 4138 627 4179 suas
647 4120 707 4175 in
735 4119 969 4188 ccelum,
987 4119 1084 4174 ubi
1102 4119 1287 4174 Deum
1309 4117 1638 4190 specialiter
1659 4118 1904 4172 credunt

248 4211 547 4268 habitare:
572 4211 728 4266 sicut
757 4213 815 4266 et
843 4208 1029 4265 Judaei
1071 4207 1377 4274 faciebant,
1413 4207 1512 4278 qui
1568 4205 1902 4276 ubicunque

248 4304 537 4356 terrarum
592 4297 948 4365 devenirent,
990 4314 1192 4352 versus
1240 4295 1526 4367 templum
1573 4294 1728 4366 quod
1779 4299 1904 4349 erat

249 4388 640 4459 Hierusalem,
691 4387 751 4442 in
806 4403 920 4458 quo
971 4386 1152 4441 Deum
1203 4383 1587 4457 spiritualiter
1637 4383 1902 4439 habitare

248 4479 585 4544 credebant,
619 4476 886 4532 orabant.

2007 1897 2263 1954 latrones
2287 1900 2512 1967 incidit,
2531 1924 2557 1949 ‹‹
2583 1902 2725 1972 quia
2747 1901 3209 1958 misericordiam
3231 1903 3282 1959 ei
3299 1903 3488 1958 fecit.»
3503 1907 3654 1972 (Luc.

2007 1991 2090 2055 x.)
2113 1988 2181 2042 Et
2211 1989 2480 2059 quamvis
2511 1990 2751 2061 paeitice
2783 1989 3166 2062 loquerentur
3193 2009 3328 2046 cum
3357 1993 3654 2048 dicerent:

2009 2099 2036 2125 «
2073 2077 2367 2148 Magister,
2403 2077 2624 2133 scimus
2654 2079 2792 2150 quia
2817 2096 2987 2133 verax
3017 2095 3078 2134 es
3109 2079 3312 2148 (Matth.
3345 2085 3504 2148 xxii),
3544 2103 3569 2129 ››
3601 2086 3660 2137 et

2010 2165 2244 2233 similia,
2279 2171 2474 2221 tamen
2508 2191 2536 2215 ‹‹
2570 2167 2724 2222 mala
2768 2171 2935 2222 erant
2967 2167 3025 2222 in
3060 2169 3355 2237 cordibus,
3390 2192 3417 2221 »
3453 2171 3511 2225 id
3546 2175 3656 2239 est,

2009 2254 2068 2310 in
2098 2254 2500 2318 voluntatibus
2535 2279 2561 2306 ‹‹
2593 2274 2815 2312 eorum.
2849 2280 2877 2305 ››

2085 2344 2198 2416 lpsi
2228 2351 2545 2416 cperantur
2576 2345 2966 2418 iniquitatem,
2992 2347 3090 2402 sed
3126 2351 3210 2415 tu,
3240 2348 3505 2414 Domine,
3535 2371 3559 2398 ‹‹
3585 2349 3661 2404 da

2006 2432 2124 2488 illis
2155 2435 2479 2489 secundum
2511 2451 2686 2505 opera
2716 2434 2999 2506 ipsorum,
3040 2459 3065 2483 ››
3101 2436 3155 2490 id
3187 2440 3295 2503 est,
3331 2438 3658 2492 secundum

2009 2522 2225 2576 malam
2257 2523 2435 2576 vitam
2467 2540 2666 2578 eorum
2693 2539 2705 2576 :
2732 2548 2756 2572 ‹‹
2783 2528 2839 2578 et
2861 2525 3185 2579 secundum
3216 2525 3540 2597 nequitiam
3564 2526 3662 2581 ad-

2009 2611 2411 2666 inventionum
2445 2612 2726 2682 ipsorum,
2753 2635 2780 2661 n
2805 2611 2863 2667 id
2895 2617 3002 2675 est,
3028 2615 3354 2669 secundum
3387 2614 3662 2669 adiuven-

2006 2700 2195 2755 tiones
2226 2718 2384 2755 suas.
2417 2701 2868 2756 Adinventiones
2896 2701 3024 2756 ideo
3056 2701 3220 2768 dicit,
3256 2702 3395 2773 quia
3432 2702 3566 2758 licet
3589 2703 3659 2758 de

2009 2806 2075 2845 eo
2107 2789 2329 2860 aliquid
2379 2788 2517 2843 mali
2568 2789 2910 2855 nesciretur,
2943 2793 3138 2844 tamen
3188 2790 3475 2844 vocabant
3521 2808 3657 2845 eum

2009 2881 2393 2949 peceatorem,
2418 2877 2688 2932 dicebant
2708 2894 2842 2931 eum
2866 2877 3079 2932 habere
3101 2878 3455 2933 daemonium
3479 2880 3655 2950 (Joan.

2009 2982 2129 3032 vm,
2163 2966 2262 3038 ιχ).

2080 3055 2151 3109 Et
2182 3072 2295 3109 non
2331 3058 2556 3110 tantum
2591 3055 2917 3109 secundum
2951 3058 3179 3126 turpem
3212 3054 3392 3110 vitam
3443 3055 3656 3124 tribue,

2013 3143 2114 3198 sed
2147 3143 2322 3197 etiam
2347 3167 2373 3192 «
2399 3144 2723 3198 secundum
2755 3160 2930 3214 opera
2946 3161 3231 3198 manuum
3253 3143 3576 3216 ipsorum,»
3602 3144 3660 3199 id

1933 3204 1976 3272 C
2014 3236 2122 3298 est,
2166 3233 2489 3287 secundum
2537 3231 3002 3287 excellentiorem
3053 3232 3215 3287 illam
3264 3230 3658 3303 iniquitatem,

2015 3338 2192 3392 quam
2225 3321 2484 3376 fecerunt
2515 3322 2572 3375 in
2607 3326 2791 3376 morte
2815 3321 3069 3376 Domini.
3093 3322 3240 3376 Cum
3273 3322 3516 3394 apponit
3539 3340 3660 3378 ma-

2016 3427 2199 3465 nuum
2233 3415 2363 3482 post
2394 3428 2587 3483 opera,
2619 3409 2876 3466 ostendit
2915 3428 3014 3467 eos
3064 3427 3346 3483 magnum
3397 3411 3660 3468 studium

2015 3504 2073 3553 et
2100 3499 2466 3554 affectionem
2499 3500 2570 3553 ad
2603 3499 2744 3554 illud
2779 3517 2928 3571 opus
2959 3499 3257 3554 habuisse.
3291 3501 3454 3565 Quod
3496 3500 3658 3569 dicit,

2015 3604 2162 3660 Opus
2221 3605 2524 3655 manuum,
2575 3591 2830 3643 tractum
2878 3593 2967 3644 est
3009 3588 3080 3643 ab
3130 3588 3372 3653 artifice,
3416 3587 3516 3660 qui
3563 3589 3665 3644 illa

2013 3676 2138 3732 vult
2168 3677 2280 3732 diei
2309 3694 2483 3748 opera
2515 3694 2798 3732 manuum
2829 3694 3094 3745 suarum,
3129 3693 3256 3747 quae
3289 3677 3552 3731 studiose
3580 3678 3660 3732 fe-

2014 3766 2131 3821 cit:
2157 3789 2184 3814 «
2217 3766 2408 3820 tribue
2439 3765 2572 3829 illis,
2604 3787 2630 3814 ››
2653 3770 2711 3819 et
2742 3765 2881 3836 quia
2921 3782 3022 3835 per
3065 3764 3187 3819 hinc
3236 3765 3514 3836 praadicta
3544 3783 3659 3820 non

2014 3854 2426 3909 determinavit
2455 3852 2797 3924 qualitatem
2832 3851 3255 3919 retributionis,
3288 3851 3407 3906 sive
3438 3852 3659 3906 bonum

2012 3959 2116 4014 pro
2149 3941 2324 4009 malo,
2359 3941 2476 3996 sive
2508 3941 2729 3996 malum
2762 3958 2864 4012 pro
2896 3941 3046 3995 bono
3079 3940 3440 4008 redderetur,
3471 3941 3659 3996 deter-

2013 4033 2200 4086 minat
2225 4031 2380 4102 quod
2413 4030 2636 4084 malum
2684 4033 2954 4101 precetur
2992 4027 3234 4084 retribui
3265 4028 3370 4097 eis,
3405 4045 3541 4084 cum
3570 4029 3658 4084 di-

2011 4119 2111 4186 cit,
2147 4144 2172 4167 ‹‹
2210 4119 2651 4174 retributionem
2685 4135 2908 4185 eorum,
2947 4141 2973 4167 »
3009 4118 3066 4172 id
3099 4121 3206 4185 est,
3241 4117 3395 4173 sicut
3429 4117 3541 4190 ipsi
3572 4134 3660 4173 re-

2011 4208 2349 4262 tribuebant
2380 4207 2521 4262 mihi
2556 4206 2711 4262 mala
2743 4230 2769 4257 «
2804 4207 2980 4262 redde
3013 4205 3157 4278 ipsis
3182 4228 3209 4255 »
3237 4205 3526 4262 similiter.
3553 4207 3660 4262 Re-

2009 4298 2390 4353 tributionem
2416 4299 2562 4353 bene
2586 4298 2755 4353 dicit:
2781 4314 2915 4353 cum
2937 4297 3093 4354 enim
3117 4297 3385 4353 Christus
3405 4297 3490 4353 eis
3510 4298 3664 4352 bona

2010 4388 2262 4454 fecisset,
2296 4387 2407 4460 ipsi
2441 4388 2490 4441 ei
2527 4386 2748 4443 malum
2776 4386 3196 4442 retribuebant.

2085 4479 2216 4533 Ideo
2247 4478 2376 4534 dico
2409 4478 2603 4545 redde,
2639 4501 2666 4525 «
2702 4476 2981 4548 quoniam
3034 4475 3145 4546 ipsi
3181 4497 3208 4523 ››
3241 4490 3356 4529 non
3397 4473 3454 4527 in
3487 4490 3663 4544 opera

317 4565 598 4622 Exaudivi
629 4580 830 4620 vocem
863 4563 1287 4634 deprecationis
1308 4562 1507 4633 hujus,
1533 4561 1756 4618 scilicet
1777 4586 1804 4611 «
1832 4578 1902 4616 ne
1930 4573 1980 4641 Ι)
2011 4567 2242 4623 Domini
2275 4567 2522 4633 occulta,
2551 4565 2795 4633 scilicet,
2830 4565 2902 4619 ad
2937 4563 3365 4635 reparationem
3413 4561 3659 4617 humani

245 4655 442 4712 tradas
464 4672 562 4711 me
583 4670 720 4710 eum
744 4651 1166 4725 peccatoribus,
1193 4673 1220 4700 ››
1244 4651 1302 4705 id
1330 4655 1437 4719 est,
1454 4668 1589 4706 cum
1609 4651 1902 4707 Abraham

243 4748 301 4798 et
331 4744 462 4801 aliis
485 4744 674 4816 justis
705 4741 1158 4815 praacessoribus
1180 4740 1394 4795 Christi
1422 4758 1432 4808 ;
1459 4757 1605 4812 quos
1628 4741 1755 4795 ideo
1778 4758 1905 4814 pec-

242 4830 820 4903 catoresvocat,quia
833 4847 1136 4902 nunquam
1155 4828 1437 4902 originale
1463 4828 1573 4884 fuit
1594 4835 1901 4900 peccatum

245 4921 306 4976 in
327 4921 414 4977 eis
443 4920 703 4977 deletum
739 4918 1123 4992 prorsus,nisi
1147 4935 1248 4990 per
1267 4918 1615 4991 sanguinem
1646 4918 1859 4975 Christi
1886 4937 1898 4975 :

247 5009 329 5064 ita
353 5010 588 5078 dico,ne
608 5009 809 5065 tradas
832 5007 989 5080 quod
1014 5031 1040 5056 ‹‹
1068 5006 1243 5063 simul
1266 5030 1293 5057 ››
1320 5007 1430 5062 sim
1454 5024 1588 5062 cum
1614 5008 1697 5063 eis
1720 5013 1900 5063 reten-

243 5104 346 5153 tus
383 5099 441 5153 in
473 5098 733 5154 tenebris
765 5098 913 5153 sicut
948 5096 1053 5150 illi.
1088 5097 1233 5151 Cum
1263 5096 1380 5151 illis
1429 5096 1583 5151 enim
1634 5096 1902 5153 Christus

241 5187 379 5254 fuit,
417 5187 652 5259 quando
674 5203 772 5242 eos
795 5186 867 5242 ab
899 5185 1100 5240 inferis
1128 5185 1608 5240 liberavit.Simul
1633 5203 1747 5241 non
1772 5187 1901 5251 fuit,

241 5275 390 5348 quia
423 5276 696 5332 tenebras
728 5292 878 5346 quas
907 5274 989 5328 illi
1021 5274 1393 5345 patiebantur
1423 5292 1537 5328 non
1575 5275 1856 5330 sustinuit
1887 5293 1898 5330 :

239 5389 268 5414 α
305 5370 366 5420 et
404 5381 478 5420 ne
507 5365 739 5436 perdas,
769 5387 794 5412 ››
819 5365 874 5419 id
899 5367 1011 5429 est,
1036 5381 1106 5419 ne
1130 5363 1483 5418 condemnes
1513 5380 1604 5418 me
1627 5381 1762 5419 eum
1786 5382 1904 5419 ma-

238 5453 313 5508 lis
341 5471 355 5508 :
383 5458 447 5509 et
475 5453 582 5508 hoc
615 5459 704 5509 est
724 5455 876 5525 quod
902 5453 1063 5521 dicit,
1089 5476 1115 5502 «
1141 5469 1274 5507 cum
1301 5453 1677 5523 operantibus
1701 5475 1728 5503 ››
1754 5454 1904 5508 scili-

237 5549 331 5598 cet
362 5542 593 5598 Judteis
624 5566 650 5591 ‹‹
687 5541 1078 5614 iniquitatem.
1108 5565 1133 5589 ››
1162 5542 1264 5597 Vel
1287 5542 1453 5597 aliter
1476 5559 1488 5596 :
1514 5543 1791 5598 Exaudivi
1811 5546 1904 5601 de-

237 5631 672 5704 precationem,
707 5648 811 5687 nee
843 5633 1120 5702 deprecor
1150 5632 1290 5702 quin
1324 5631 1520 5686 tradas
1561 5649 1652 5686 me
1706 5635 1897 5689 morti.

2011 4655 2240 4728 generis
2271 4672 2404 4711 eum
2436 4672 2564 4709 esse
2598 4653 2806 4708 Filium
2842 4651 2942 4707 Dei
2969 4669 2982 4706 :
3008 4657 3064 4706 et
3087 4650 3230 4706 talia
3259 4650 3434 4707 etiam
3458 4667 3530 4707 ne
3553 4651 3666 4707 vel-

2011 4745 2134 4802 lent
2166 4762 2226 4799 se
2251 4743 2696 4814 excusare,quia
2717 4740 2944 4796 occulta
2967 4738 3068 4795 illa
3089 4757 3204 4794 non
3230 4743 3471 4811 possent
3493 4755 3666 4812 agno-

2015 4851 2194 4900 scere,
2230 4832 2486 4888 ostendit
2516 4849 2615 4886 eos
2646 4829 3097 4897 inexcusabiles,
3123 4828 3326 4883 dicens
3356 4845 3454 4883 eos
3485 4828 3665 4882 mani-

2015 4924 2161 4979 festa
2190 4939 2366 4994 opera
2395 4920 2611 4975 Christi
2647 4918 3073 4984 considerasse,
3110 4919 3166 4972 in
3200 4918 3416 4989 quibus
3447 4915 3546 4970 illa
3575 4931 3665 4970 oc-

2013 5011 2170 5068 culta
2201 5011 2534 5083 potuissent
2565 5024 2915 5080 cognoscere
2942 5023 2954 5061 :
2990 5007 3176 5062 ethoc
3198 5009 3370 5070 est,et
3393 5027 3419 5052 «
3444 5019 3558 5056 non
3582 5003 3666 5057 in-

2010 5101 2355 5158 tellexerunt
2387 5100 2444 5153 in
2467 5116 2643 5171 opera
2665 5114 2948 5152 manuum
2973 5097 3120 5166 ejus,
3149 5118 3176 5143 ››
3197 5094 3254 5148 id
3276 5092 3663 5162 est,potentite

2012 5191 2161 5261 ejus.
2195 5192 2338 5244 Cum
2372 5189 2514 5243 dicit
2538 5213 2562 5237 ‹‹
2589 5188 2646 5241 in
2670 5203 2865 5258 opera,
2894 5208 2921 5234 ››
2947 5189 3109 5239 notat
3130 5182 3284 5254 quod
3308 5180 3367 5236 in
3393 5181 3665 5236 manifes-

2013 5281 2090 5334 tis
2120 5277 2394 5350 operibus
2425 5294 2539 5331 non
2562 5273 2976 5330 intellexerunt
3009 5271 3108 5324 illa
3128 5269 3379 5326 occulta.
3414 5269 3474 5325 Si
3506 5270 3663 5325 enim

2012 5369 2449 5425 considerarent
2479 5365 2632 5436 quod
2669 5361 2950 5416 immunis
2980 5363 3104 5414 erat
3127 5359 3198 5413 ab
3221 5358 3380 5415 omni
3405 5364 3660 5431 peccato,

2012 5457 2296 5512 miracula
2327 5473 2452 5527 quae
2482 5455 2603 5524 ipse
2637 5452 2902 5516 faciebat,
2939 5467 3074 5506 eum
3100 5467 3214 5504 non
3247 5449 3436 5505 solum
3468 5450 3663 5505 homi-

2013 5546 2275 5613 nem,sed
2291 5544 2387 5599 Dei
2405 5539 2972 5610 Filium,mundique
2995 5539 3438 5610 Redemptorem
3461 5556 3667 5612 cogno-

2012 5638 2256 5693 scerent.
2304 5633 2606 5687 Hebrazum
2657 5628 2834 5684 habet
2877 5645 2992 5684 non
3043 5629 3557 5686 consideraverunt
3603 5628 3661 5682 in
