4092 6178
247 309 336 376 9.89
1376 309 1885 375 EXPLANATIO
1926 311 2006 376 IN
2049 315 2440 378 PSALMOS.

3499 329 3620 389 990

244 441 364 499 aries
387 442 651 514 praebens
679 440 960 499 ducatum
997 443 1159 517 gregi
1187 445 1352 513 forte,
1377 450 1433 501 et
1458 446 1718 502 defendit
1741 464 1859 502 eor-
1887 446 1943 514 Α
1973 449 2060 501 θεῖ
2089 468 2116 497 ‹‹
2147 445 2206 502 in
2237 449 2691 521 magniﬁcentia,
2722 475 2746 501 ››
2775 452 2829 506 id
2865 456 2973 520 est,
2999 454 3217 511 faciens
3252 457 3615 530 magniﬁcos,

243 531 512 599 nibus,sic
553 530 801 603 apostoli
843 537 902 588 et
941 534 1198 605 praebent
1239 535 1520 591 ducatum
1563 535 1854 604 Ecclesiae,

239 626 285 677 et
301 637 414 677 eam
446 620 744 688 cornibus,
769 621 829 677 id
863 621 1174 690 est,Veteri
1205 628 1262 679 et
1291 624 1446 680 Novo
1489 626 1859 682 Testamento

234 711 544 766 defendunt.

288 822 311 849 α
337 799 550 854 Aﬂ'erte
583 821 610 848 »
643 800 816 855 etiam
851 800 958 856 ﬁlii
990 824 1018 851 ‹‹
1044 802 1312 871 Domino,
1339 826 1368 854 »
1395 804 1453 859 id
1486 808 1593 871 est,
1620 803 1862 875 Spiritui

228 893 400 946 sancto
422 911 449 937 «
473 887 746 960 gloriam,
772 912 799 939 ››
822 891 880 946 id
916 895 1024 958 est,
1063 892 1270 948 discite
1304 897 1362 949 et
1391 893 1700 966 intelligite
1727 909 1860 950 eum

223 979 536 1052 gloriosum,
584 978 809 1035 scilicet
866 980 1348 1052 omnipotentem,
1399 981 1683 1054 aequalem
1744 982 1861 1038 Deo

225 1069 372 1138 Patri,
405 1093 434 1120 κ
485 1074 543 1125 et
599 1067 775 1124 etiam
834 1069 1138 1138 honorem,
1171 1093 1200 1120 »
1231 1071 1289 1125 id
1347 1075 1456 1139 est,
1497 1071 1683 1143 vosipi
1741 1087 1860 1126 ser-

219 1161 314 1216 vite
337 1162 405 1230 ei,
424 1166 485 1218 et
512 1159 659 1216 alios
687 1158 929 1213 invitata
961 1161 1028 1213 ut
1059 1159 1336 1227 serviant,
1364 1183 1392 1209 ‹‹
1424 1164 1483 1215 et
1514 1161 1714 1216 afferte
1745 1159 1864 1232 glo-

219 1252 346 1308 riam
375 1249 602 1307 nomini
633 1250 786 1320 ejus,
815 1270 843 1296 »
865 1249 924 1303 id
955 1252 1066 1317 est,
1099 1266 1203 1320 per
1233 1248 1452 1305 multas
1481 1255 1685 1323 gentes
1715 1250 1864 1306 dila-

218 1344 321 1396 tate
349 1355 566 1396 nomen
609 1338 740 1410 ejus
789 1341 847 1392 et
893 1336 1405 1394 honoriﬁcentiam
1454 1339 1663 1410 ipsius.
1697 1341 1862 1396 Tunc

216 1429 353 1486 enim
383 1445 503 1484 non
537 1431 694 1484 esset
721 1443 936 1482 nomen
958 1428 1086 1498 ejus
1111 1427 1457 1498 gloriosum,
1479 1427 1528 1483 si
1549 1427 1701 1483 inter
1717 1446 1861 1500 pau-

213 1533 296 1573 cas
329 1521 534 1590 gentes
577 1519 992 1583 coarctaretur,
1027 1520 1083 1571 et
1123 1517 1206 1572 sic
1263 1518 1572 1573 afferentes
1613 1517 1859 1589 gloriam

212 1606 414 1666 nomini
439 1606 593 1675 ejus,
611 1605 866 1660 atferetis
897 1604 1144 1677 gloriam
1169 1605 1280 1677 ipsi
1307 1606 1579 1673 Domino,
1607 1610 1664 1662 et
1683 1607 1859 1660 etiam

209 1719 232 1744 ιι
259 1696 560 1762 adorate,»
587 1694 645 1749 id
678 1697 787 1760 est,
809 1693 1172 1749 veneramini
1199 1718 1226 1744 ‹‹
1260 1695 1637 1762 Dominum,»
1662 1695 1717 1749 id
1749 1700 1856 1762 est,

205 1784 470 1856 Spiritum
507 1807 534 1833 ‹‹
571 1783 631 1838 in
665 1783 814 1838 atrio
861 1789 1063 1839 sancto
1099 1785 1250 1854 ejus,
1287 1807 1316 1833 ››
1353 1785 1409 1839 id
1453 1789 1561 1852 est,
1596 1785 1655 1839 in
1688 1785 1860 1839 corde
1888 1818 1938 1884 Β

207 1878 381 1930 vestro
416 1889 428 1928 :
465 1873 624 1945 quod
655 1876 894 1944 propter
924 1872 1301 1928 latitudinem
1347 1874 1562 1928 atrium
1602 1872 1858 1944 appella-

202 1967 304 2027 tur,
338 1967 396 2017 et
442 1955 585 2034 quia
633 1959 814 2017 nullis
865 1961 1077 2016 arctari
1125 1963 1296 2018 debet
1353 1961 1856 2017 tribulationibus.

199 2049 314 2106 Alia
365 2049 680 2106 translatio
742 2049 964 2106 habet:
1002 2050 1062 2104 in
1124 2050 1261 2105 aula
1321 2054 1526 2106 sancta
1579 2052 1742 2122 ejus;
1801 2053 1859 2105 et

200 2144 328 2196 tunc
357 2138 637 2196 similiter
665 2156 770 2212 per
799 2138 998 2195 aulam
1017 2156 1118 2196 cor
1147 2139 1316 2196 ﬁdele
1348 2139 1693 2211 accipimus,
1718 2139 1860 2211 quia

201 2228 342 2285 sicut
373 2228 510 2285 aula
553 2229 714 2302 regia
761 2229 972 2285 domus
1003 2232 1111 2296 est,
1147 2229 1232 2284 sic
1277 2233 1335 2284 et
1383 2228 1648 2284 ﬁdelium
1681 2229 1858 2284 corda

200 2317 406 2374 Christi
452 2316 592 2373 aula
643 2322 809 2389 sunt,
843 2318 902 2372 in
935 2318 1152 2390 quibus
1190 2317 1416 2374 habitat
1446 2317 1601 2374 sicut
1647 2335 1746 2373 rex
1797 2318 1856 2372 in

203 2406 328 2462 aula
356 2424 490 2463 sua.

264 2495 363 2550 Hic
393 2499 620 2568 septem
653 2496 808 2551 dona
842 2495 1030 2551 sancti
1078 2496 1334 2568 Spiritus
1381 2495 1589 2568 incipit
1637 2495 1853 2551 descri-

199 2585 344 2652 bere,
370 2589 429 2640 et
459 2584 680 2657 septies
709 2586 978 2656 ponendo
1006 2602 1116 2640 vox
1145 2585 1400 2652 Domini,
1429 2590 1651 2657 septem
1685 2585 1854 2639 nobis

202 2673 348 2729 dona
375 2673 633 2746 Spiritus
691 2673 878 2729 sancti
941 2674 1107 2745 ponit
1141 2692 1153 2730 :
1187 2679 1244 2730 et
1288 2675 1489 2730 eodem
1523 2673 1724 2729 ordine
1756 2673 1856 2727 illa

203 2763 348 2818 dona
375 2762 608 2819 diversa
650 2768 976 2830 enumerat,
1013 2779 1131 2834 quo
1166 2762 1341 2818 etiam
1372 2762 1554 2818 Isaias
1581 2762 1720 2834 (cap.
1751 2763 1850 2834 x1).

204 2851 360 2908 Prius
404 2851 574 2924 ponit
621 2852 855 2907 donum'
893 2851 1216 2923 sapientiae,
1246 2851 1456 2907 deinde
1501 2851 1850 2918 intellectus,

202 2941 569 3012 postmodum
591 2940 845 3008 consilii,
870 2940 1005 2995 inde
1027 2941 1408 3010 fortitudinis,
1433 2944 1636 3012 postea
1665 2940 1851 2995 scien-

205 3028 308 3096 tiae,
341 3029 480 3085 inde
537 3029 795 3101 pietatis,
836 3030 906 3084 ad
968 3029 1270 3098 ultimum,
1313 3028 1542 3084 timoris
1596 3028 1849 3084 Domini.

206 3118 567 3174 Continuatio
595 3135 609 3175 :
636 3119 790 3175 Bene
821 3118 1033 3174 debitis
1064 3119 1222 3174 hunc
1254 3117 1568 3174 Dominum
1601 3120 1849 3172 honora-

205 3223 279 3277 re,
295 3208 434 3279 quia
461 3231 490 3258 α
513 3225 644 3276 vox,
674 3231 700 3258 »
727 3208 785 3264 id
826 3211 932 3279 est,
958 3207 1264 3280 inspiratio
1305 3206 1476 3262 istius
1504 3229 1532 3256 ‹‹
1564 3206 1793 3262 Domini
1821 3227 1848 3254 ››
1880 3185 1923 3252 C

204 3296 416 3352 scilicet
445 3298 705 3370 Spiritus
740 3298 927 3353 sancti
969 3302 1058 3354 est
1089 3321 1116 3347 «
1148 3315 1327 3371 super
1365 3313 1569 3368 aquas,
1597 3318 1624 3344 ››
1657 3294 1713 3349 id
1741 3300 1848 3362 est,

206 3400 370 3456 super
405 3385 660 3458 populos
693 3403 704 3442 :
732 3387 906 3458 juxta
949 3387 1237 3442 Joannem
1269 3403 1434 3457 aquae
1467 3384 1664 3440 multa:
1715 3388 1854 3440 sunt

205 3474 394 3546 populi
417 3475 615 3531 multi.
635 3499 663 3527 α
688 3476 935 3548 Super,»
952 3475 1184 3548 proprie
1203 3475 1364 3544 dicit,
1389 3474 1528 3545 quia
1575 3473 1852 3547 aspiratio

203 3563 390 3620 divina
409 3565 752 3620 dominatur
776 3565 1025 3631 homini,
1047 3569 1103 3620 et
1126 3564 1450 3620 secundum
1474 3579 1535 3618 se
1563 3562 1700 3619 facit
1722 3578 1853 3634 ope-

203 3653 308 3707 rari
339 3653 668 3710 hominem.
699 3654 805 3709 Per
834 3671 1034 3709 vocem
1067 3653 1486 3725 aspirationem
1513 3652 1642 3708 ideo
1672 3651 1849 3707 intel-

205 3737 458 3812 ligimus,
482 3744 626 3814 quia
654 3743 810 3798 sicut
837 3759 945 3798 vox
975 3743 1142 3798 docet
1168 3742 1492 3812 hominem,
1518 3745 1574 3796 et
1599 3741 1854 3797 ostendit

203 3827 552 3886 voluntatem
587 3831 861 3903 alicujus,
895 3831 979 3888 sic
1024 3832 1332 3903 inspiratio
1365 3830 1560 3886 divina
1585 3830 1851 3886 volunta-

208 3920 318 3972 tem
347 3919 466 3974 Dei.
503 3921 607 3976 Hic
635 3919 988 3976 determinat
1019 3921 1191 3991 cujus
1222 3920 1453 3975 Domini
1487 3918 1564 3975 sit
1591 3937 1698 3974 vox
1728 3918 1848 3991 illa,

207 4007 260 4057 et
285 4008 616 4078 cujusmedi
641 4026 750 4064 vox
772 4008 874 4064 illa
896 4010 991 4077 sit,
1019 4026 1152 4064 cum
1177 4008 1315 4064 dicit
1333 4026 1381 4064 ;‹‹
1408 4009 1562 4064 Deus
1584 4011 1853 4080 majesta-

204 4092 276 4150 tis
308 4119 334 4143 ι»
356 4114 640 4171 magnum
671 4115 805 4154 eum
834 4103 890 4153 et
915 4103 1212 4170 potentem
1234 4099 1488 4153 ostendit
1510 4115 1644 4154 cum
1667 4097 1806 4153 dicit
1834 4116 1846 4153 :

205 4204 232 4230 ιι
251 4182 556 4254 intonuit,»
581 4204 782 4244 vocem
808 4204 935 4243 esse
959 4187 1281 4243 terribilem
1305 4188 1582 4244 ostendit.
1604 4186 1854 4242 Terribi-

203 4269 270 4326 lis
299 4278 388 4330 est
417 4276 575 4331 enim
611 4275 713 4331 illa
743 4293 872 4343 vox,
907 4293 1034 4348 quae
1065 4294 1297 4349 pmnam
1333 4276 1595 4331 minatur
1615 4276 1847 4346 judicii.

203 4359 333 4417 Vult
363 4368 561 4420 autem
592 4365 748 4422 Deus
780 4382 919 4421 suos
948 4365 1008 4419 in
1039 4369 1256 4421 terrore
1287 4365 1530 4434 nutrire,
1555 4369 1622 4420 ut
1649 4365 1735 4420 vel
1767 4365 1851 4421 sic

204 4452 454 4509 serviant
468 4453 771 4510 voluntate
795 4471 806 4509 :
831 4459 886 4511 et
903 4454 1000 4510 ille
1015 4455 1302 4510 Dominus
1318 4471 1433 4509 non
1454 4458 1686 4510 tantum
1709 4455 1852 4510 into-

1969 534 2070 606 qui
2105 537 2204 592 dat
2236 538 2404 593 nobis
2453 540 2736 595 rationem
2771 558 2894 613 quae
2936 542 3202 600 facienda
3243 544 3360 599 sint
3392 552 3447 600 et
3479 564 3618 605 non.

1970 625 2077 691 Qui
2110 630 2306 680 autem
2339 627 2475 682 facit
2500 629 2653 684 bona
2683 635 2739 685 et
2769 631 3015 686 dimittit
3057 633 3231 702 mala,
3269 636 3621 708 magniﬁcus

1970 717 2060 768 est
2093 729 2105 768 :
2141 719 2195 769 et
2225 715 2318 770 hic
2349 721 2587 772 notatur
2618 718 2872 789 Spiritus
2903 719 3154 774 consilii.

2047 825 2075 853 «
2102 801 2223 858 Vox
2255 827 2282 853 »
2314 806 2490 860 etiam
2530 805 2688 862 illius
2724 829 2750 856 «
2782 808 3037 876 Domini,
3067 831 3087 858 υ
3125 808 3182 864 id
3215 814 3324 878 est,
3365 811 3618 883 Spiritus

1971 893 2156 947 sancti
2178 909 2229 946 ;‹‹
2249 893 2477 949 Domini
2497 917 2523 944 »
2547 895 2674 950 dico
2689 919 2716 944 «
2741 896 3216 968 eonl'ringentis,»
3237 897 3294 954 id
3312 900 3623 968 est,humi-

1972 979 2172 1038 liantis
2196 1004 2223 1030 «
2255 983 2513 1052 cedros,»
2540 984 2597 1039 id
2629 989 2738 1051 est,
2765 987 3068 1057 superbos.
3097 987 3202 1042 Per
3231 989 3468 1044 cedrum
3490 989 3630 1047 ideo.

1973 1072 2294 1142 superbum
2329 1073 2669 1144 accipimus,
2706 1076 2843 1146 quia
2884 1077 3093 1131 cedrus
3133 1081 3222 1131 est
3263 1078 3432 1132 arbor
3469 1079 3623 1134 elata

1973 1177 2150 1232 super
2176 1160 2322 1216 alias
2352 1163 2588 1218 arbores
2613 1180 2625 1217 :
2652 1168 2709 1218 et
2730 1163 2854 1234 ipse
2880 1185 2906 1213 «
2929 1164 3214 1220 Dominus
3236 1166 3616 1237 confringet,»

1971 1249 2030 1305 id
2061 1255 2170 1318 est,
2192 1250 2531 1306 humiliabit
2555 1273 2583 1301 ‹‹
2606 1253 2808 1307 cedros
2848 1252 3108 1320 Libani,»
3136 1253 3194 1308 id
3227 1258 3334 1322 est,
3370 1255 3622 1325 majores

1971 1337 2154 1395 elatos
2178 1338 2236 1393 in
2261 1340 2536 1411 superbia
2558 1339 2787 1411 mundi,
2814 1341 2966 1396 sicut
2989 1346 3127 1397 sunt
3150 1359 3313 1415 reges
3334 1346 3392 1398 et
3415 1341 3628 1414 princi-

1972 1444 2094 1499 pes.
2131 1427 2386 1484 Libanus
2421 1445 2674 1500 namque
2717 1430 3050 1486 candidatio
3099 1431 3534 1504 interpretatur,
3568 1436 3625 1490 et

1972 1515 2100 1570 ideo
2133 1533 2235 1587 per
2267 1517 2554 1571 Libanum
2579 1519 2791 1590 accipit
2813 1518 2963 1586 illos,
2990 1520 3088 1591 qui
3121 1521 3178 1574 in
3213 1521 3463 1577 candore
3484 1521 3626 1577 divi-

1971 1603 2185 1658 tiarum
2219 1604 2352 1676 plus
2379 1607 2702 1661 conﬁdunt.
2732 1608 2863 1663 Ideo
2896 1625 2997 1679 per
3016 1611 3218 1664 cedros
3244 1610 3448 1665 Libani
3479 1611 3624 1666 acci-

1972 1693 2167 1764 pimus
2201 1694 2554 1765 poteutiorcs
2600 1696 2801 1764 elatos,
2839 1697 2976 1768 quia
3009 1697 3119 1752 illa:
3153 1697 3307 1753 cedri
3340 1715 3466 1770 quae
3497 1715 3621 1755 cre-

1971 1787 2143 1837 scunt
2172 1782 2235 1836 in
2270 1783 2488 1838 Libano
2510 1789 2727 1851 monte,
2754 1790 2890 1840 sunt
2911 1786 3186 1840 omnibus
3208 1785 3338 1842 aliis
3361 1786 3620 1845 altiores.

1970 1869 2070 1924 Vel
2103 1894 2129 1920 «
2164 1871 2587 1944 confringentis
2627 1874 2831 1929 cedros
2866 1898 2886 1926 η
2925 1874 3233 1946 gentilium
3285 1875 3568 1948 superbos
3601 1891 3615 1931 :

1967 1958 2055 2013 vel
2081 1981 2108 2009 «
2142 1961 2363 2027 cedros,
2386 1983 2414 2011 ››
2441 1961 2498 2016 id
2532 1966 2640 2031 est,
2667 1963 2918 2029 Judzeos,
2947 1980 3094 2034 quos
3126 1963 3254 2018 ideo
3285 1981 3386 2034 per
3417 1965 3619 2020 cedros

1970 2049 2174 2103 Libani
2227 2049 2568 2121 accipimus,
2604 2050 2744 2121 quia
2771 2050 2830 2104 in
2879 2056 3032 2106 terra
3062 2068 3263 2106 eorum
3310 2056 3400 2107 est
3449 2053 3618 2108 Liba-

1967 2155 2080 2193 nus
2114 2155 2126 2192 :
2159 2139 2623 2211 «confringent»
2651 2140 2806 2210 quod
2847 2140 2992 2195 bene
3037 2157 3140 2212 per
3170 2141 3435 2196 futurum
3487 2159 3618 2214 pro-

1967 2227 2220 2294 nuntiat,
2247 2227 2386 2298 quia
2415 2228 2606 2284 adhuc
2640 2229 2816 2284 etiam
2862 2228 2970 2284 hoc
3013 2229 3275 2284 futurum
3308 2235 3397 2285 est
3425 2230 3485 2285 in
3516 2248 3619 2286 no-

1963 2315 2223 2370 vissimis
2251 2317 2637 2388 temporibus,
2675 2319 2910 2390 quando
2943 2317 3196 2374 ﬁliorum
3238 2319 3416 2374 Israel
3447 2319 3616 2377 salvas

1965 2405 2107 2460 ﬁent
2137 2404 2412 2476 reliquiae.

2041 2520 2062 2546 α
2089 2497 2159 2552 Εῖ
2184 2497 2360 2552 etiam
2383 2496 2747 2552 comminuet
2767 2514 2864 2553 eos
2890 2520 2938 2566 »,
2967 2497 3026 2552 id
3049 2502 3154 2567 est,
3180 2515 3282 2570 per
3303 2497 3464 2553 illam
3488 2515 3619 2554 con-

1964 2585 2305 2641 fractionem
2337 2586 2409 2639 ad
2442 2590 2668 2640 tantam
2702 2586 3099 2642 humilitatem
3132 2588 3369 2642 reducet
3399 2604 3535 2642 eos:
3562 2591 3620 2643 et

1963 2679 2104 2729 tunc
2137 2675 2376 2746 respicit
2405 2675 2477 2730 ad
2511 2675 3000 2746 signiﬁcationem
3027 2692 3039 2730 :
3063 2675 3148 2730 vel
3178 2698 3198 2724 α
3237 2692 3336 2730 eas
3361 2699 3388 2724 ››
3411 2677 3618 2732 cedros

1968 2787 1989 2812 α
2016 2767 2299 2834 tanquam
2323 2763 2571 2818 vitulum
2606 2764 2885 2830 Libani»,
2909 2764 2966 2818 id
3000 2767 3106 2833 est,
3134 2769 3198 2818 ut
3229 2763 3348 2818 sint
3377 2763 3459 2818 ita
3490 2764 3614 2835 pla-

1962 2857 2159 2907 centes
2183 2853 2321 2919 Deo,
2346 2856 2628 2922 tanquam
2651 2852 2868 2906 vitulus
2894 2852 3098 2907 Libani
3120 2851 3460 2907 immolatus
3485 2869 3496 2904 :
3518 2853 3616 2907 Ju-

1962 2941 2221 2995 dzeorum
2253 2941 2408 2995 enim
2441 2941 2802 2995 consuetudo
2826 2944 2966 3007 erat,
2993 2944 3059 2995 ut
3089 2938 3300 2994 vitulos
3332 2957 3479 3011 quos
3502 2940 3613 2994 D0-

1962 3029 2123 3085 mino
2145 3028 2506 3084 immolaturi
2522 3033 2708 3096 erant,
2731 3028 2788 3082 in
2811 3027 3125 3083 uberrimis
3150 3027 3385 3100 pascuis
3404 3027 3612 3083 Libani

1961 3119 2401 3191 impinguarent
2432 3134 2444 3173 :
2480 3123 2538 3173 et
2567 3135 2682 3188 quo
2713 3118 2902 3191 magis
2928 3135 3027 3173 eos
3060 3117 3516 3190 impinguarent,
3545 3134 3611 3173 eo

1964 3207 2153 3281 magis
2183 3208 2298 3263 Deo
2341 3206 2725 3278 acceptabiles
2764 3208 2883 3262 fore
2920 3207 3257 3275 credebant,
3293 3211 3349 3262 et
3385 3206 3481 3262 hic
3509 3223 3614 3262 no-

1963 3301 2122 3352 tatur
2147 3297 2390 3369 spiritus
2412 3296 2793 3351 fortitudinis.
2810 3297 3021 3370 Magna
3041 3297 3197 3352 enim
3222 3296 3318 3351 Dei
3337 3296 3615 3351 fortitudo

1962 3391 2069 3452 est,
2095 3403 2227 3440 cum
2265 3385 2440 3440 homo
2469 3385 2808 3457 superbiam
2831 3403 2999 3441 suam
3031 3389 3222 3457 potest
3250 3386 3533 3457 frangere,
3561 3387 3622 3440 et

1963 3492 2067 3547 per
2098 3474 2625 3530 comminutionem
2658 3491 2827 3530 suam
2859 3475 3119 3546 seipsum
3149 3473 3475 3546 placentem
3507 3472 3618 3528 ho-

1963 3563 2134 3619 stiam
2167 3563 2492 3620 immolare.
2519 3563 2666 3618 Cum
2697 3562 2799 3618 illa
2828 3563 3127 3635 superiora
3159 3563 3312 3617 bona
3339 3562 3613 3616 videntur

1961 3652 2136 3719 bona,
2163 3653 2566 3725 scilicet,quod
2589 3670 2697 3707 vox
2727 3651 2960 3708 Domini
2990 3657 3078 3707 est
3122 3652 3180 3705 in
3225 3651 3439 3705 virtute
3465 3653 3521 3704 et
3552 3650 3613 3706 in

1962 3743 2417 3814 magniﬁcentia,
2445 3759 2517 3796 ne
2551 3742 2732 3809 istud,
2757 3740 2979 3795 scilicet
3010 3740 3214 3794 cedros
3247 3738 3614 3809 confringere

1961 3832 2183 3886 malum
2207 3833 2518 3897 videretur,
2540 3829 2796 3885 ostendit
2815 3827 2989 3883 etiam
3016 3827 3254 3881 unicum
3281 3826 3380 3880 Dei
3401 3825 3612 3881 Filium

1961 3919 2390 3976 comminutum
2422 3935 2570 3985 esse,
2601 3935 2673 3972 ne
2704 3917 2799 3972 alii
2832 3917 2932 3971 tali
2976 3916 3101 3988 lege
3132 3913 3612 3970 eomminutionis

1963 4007 2328 4065 condoleant.
2362 4007 2734 4062 Comminuet
2766 4006 2989 4072 cedros,
3019 4009 3076 4060 et
3107 4021 3220 4059 non
3257 4003 3480 4059 debetis
3511 4001 3616 4065 mi-

1961 4099 2096 4166 rari,
2131 4097 2272 4168 quia
2292 4120 2318 4146 «
2353 4095 2526 4150 etiam
2575 4094 2896 4162 dilectus»,
2923 4095 2978 4148 id
3029 4098 3138 4160 est,
3172 4093 3382 4149 unicus
3432 4092 3612 4148 Filius

1962 4187 2063 4243 Dei
2097 4185 2532 4241 comminuetur
2561 4202 2572 4240 :
2599 4187 2654 4239 et
2683 4184 2778 4238 hic
2807 4183 3062 4239 ostendit
3093 4183 3377 4255 propheta
3407 4199 3613 4238 secun-

1962 4277 2102 4331 dum
2128 4292 2306 4346 quam
2333 4278 2601 4329 naturam
2627 4273 2736 4328 hoc
2761 4274 2880 4341 ﬁat,
2906 4271 3489 4340 scilicet,secundum
3509 4273 3616 4329 hu-

1961 4383 2197 4422 manam
2224 4382 2236 4420 :
2271 4363 2705 4420 comminuetur
2735 4362 2863 4417 dico
2897 4386 2923 4412 «
2959 4363 3457 4433 quemadmodum
3490 4363 3614 4432 qui-

1961 4480 1987 4505 ‹‹
2022 4456 2165 4510 libet
2207 4454 2363 4509 ﬁlius
2404 4451 2779 4509 unicornium
2805 4474 2855 4520 »,
2880 4451 2940 4507 id
2971 4456 3076 4518 est,
3117 4451 3476 4516 Judznorum,
3509 4451 3610 4522 qui

205 4538 328 4595 nuit
350 4564 378 4591 ε(
400 4559 581 4615 super
602 4560 844 4616 aquas,»
861 4544 920 4599 id
945 4549 1054 4612 est,
1079 4562 1256 4616 super
1275 4544 1647 4613 Judmos,sed
1672 4545 1849 4600 etiam
1883 4558 1928 4622 D
1960 4546 2090 4600 ideo
2123 4543 2434 4600 unicornes
2457 4541 2756 4613 dicuntur,
2781 4541 2922 4613 quia
2946 4557 3062 4596 uno
3093 4539 3214 4595 solo
3235 4541 3610 4595 Testamento

203 4647 229 4674 ιι
253 4645 436 4701 super
465 4649 650 4704 aquas
682 4632 925 4700 multas,
947 4655 975 4682 η
1011 4633 1067 4688 id
1109 4637 1216 4701 est,
1251 4650 1428 4705 super
1457 4633 1722 4706 gentiles,
1753 4633 1852 4706 qui

197 4716 380 4774 multo
403 4720 606 4792 plures
629 4721 868 4777 fuerunt
889 4739 1068 4794 quam
1090 4722 1278 4778 Judzei
1308 4740 1318 4778 :
1344 4727 1402 4778 et
1421 4722 1530 4779 hoc
1550 4740 1722 4779 versu
1743 4740 1850 4778 no-

195 4808 388 4862 tamus
441 4809 718 4881 spiritum
767 4810 1249 4883 sapientiee,quia
1298 4812 1494 4868 divina
1541 4813 1850 4885 inspiratio

193 4909 296 4949 nos
326 4897 500 4953 docet
528 4898 629 4954 Dei
660 4899 1078 4970 cognitionem.

261 5005 292 5033 α
313 4984 439 5041 Vox
470 4987 646 5042 etiam
678 4986 964 5055 Domini,»
998 4988 1055 5044 id
1097 4994 1209 5058 est,
1231 4990 1485 5062 Spiritus
1529 4991 1734 5059 sancti,
1761 4996 1850 5047 est

189 5091 214 5118 α
237 5071 299 5126 in
322 5073 558 5131 virtute.
585 5097 613 5125 »
639 5075 698 5130 id
729 5080 837 5143 est,
867 5078 1092 5133 confert
1120 5079 1290 5134 nobis
1321 5080 1618 5149 virtutem,
1643 5081 1701 5136 id
1735 5086 1846 5152 est,

181 5156 553 5220 intellectum
587 5165 659 5221 de
687 5164 815 5238 lege
856 5169 913 5220 et
957 5165 1206 5222 aliarum
1255 5167 1709 5240 Scripturarum,
1745 5188 1849 5242 per

180 5262 363 5317 gruem
399 5252 758 5325 franguntur
787 5255 1187 5327 oppositiones
1218 5256 1646 5326 haereticorum,
1670 5264 1727 5315 et
1752 5259 1844 5314 cui

177 5350 361 5394 nemo
392 5340 584 5411 possit
626 5341 918 5398 resistere.
953 5342 1114 5399 Unde
1144 5347 1201 5399 et
1230 5344 1301 5400 de
1331 5344 1502 5400 beato
1549 5345 1843 5418 Stephano

173 5421 403 5498 legitur
431 5446 446 5486 :
479 5453 508 5481 ι(
535 5431 718 5489 Nemo
750 5435 978 5503 poterat
1009 5432 1279 5489 resistere
1307 5433 1606 5506 sapientia:
1638 5438 1695 5490 et
1723 5435 1840 5507 spi-

168 5513 319 5574 ritui
373 5518 480 5591 qui
531 5519 888 5592 laqucbatur
917 5521 1050 5593 (Act.
1083 5524 1208 5590 v1):
1249 5543 1276 5571 n
1312 5526 1368 5578 et
1414 5522 1509 5579 hic
1567 5527 1841 5583 notamus

165 5602 462 5677 spiritum
492 5607 886 5673 intellectus.«
905 5608 1030 5685 Vox
1049 5632 1079 5665 ››
1111 5610 1287 5672 etiam
1317 5610 1480 5673 illius
1502 5614 1837 5675 «Domini»

1963 4632 2328 4705 superbiant.

2033 4746 2060 4772 «
2082 4722 2205 4778 Vox
2229 4746 2256 4771 »
2280 4722 2437 4777 illius
2463 4745 2489 4771 «
2522 4720 2755 4777 Domini
2782 4743 2802 4769 ιν
2829 4724 2918 4776 θεῖ
2947 4719 3179 4774 Domini
3206 4741 3232 4768 «
3260 4718 3611 4774 interciden-

1960 4814 2036 4870 tis
2059 4837 2112 4881 »,
2139 4813 2196 4867 id
2246 4817 2354 4880 est,
2400 4811 2806 4878 discernentis,
2835 4834 2860 4859 ‹‹
2897 4810 3196 4864 ﬂammam
3243 4808 3418 4881 ignis.
3448 4832 3474 4857 ››
3507 4808 3612 4863 Per

1960 4903 2156 4975 ignem
2179 4901 2309 4956 illos
2335 4901 2678 4972 accipimus,
2696 4887 2796 4972 qui
2821 4899 3042 4954 fervent
3074 4916 3268 4954 amore
3293 4897 3428 4952 mali
3452 4896 3610 4952 desi-

1959 4991 2102 5047 derii
2125 5007 2228 5062 per
2247 4991 2569 5056 flammam,
2592 4989 2847 5044 furorem
2873 4989 3161 5044 malorum
3185 4990 3442 5051 actuum,
3460 5001 3608 5056 quos

1958 5081 2016 5135 in
2052 5084 2286 5135 sanctos
2316 5082 2605 5134 exercent.
2631 5078 2791 5133 Hanc
2814 5077 3010 5133 divina
3038 5076 3342 5147 inspiratio
3375 5073 3607 5129 interci-

1956 5170 2062 5237 dit,
2088 5169 2322 5240 quando
2347 5169 2548 5240 justus
2581 5167 2678 5223 ille
2701 5169 2793 5222 cui
2825 5166 2925 5221 illa
2948 5167 3186 5221 flamma
3205 5163 3472 5230 infertur,
3497 5162 3612 5219 dis-

1955 5259 2140 5316 cernit
2169 5276 2296 5314 eam
2328 5275 2444 5313 non
2478 5258 2587 5313 sibi
2621 5258 2691 5312 ad
2718 5257 2999 5310 damnum
3035 5270 3183 5320 esse,
3207 5254 3308 5309 sed
3340 5253 3608 5309 eamdem

1953 5349 2066 5404 sibi
2100 5349 2158 5402 in
2192 5347 2412 5403 bonum
2461 5347 2715 5402 aestimat
2759 5342 3059 5416 provenire
3093 5359 3106 5399 :
3140 5346 3197 5398 et
3235 5342 3332 5398 hic
3376 5347 3613 5399 notatur

1953 5438 2196 5510 spiritus
2228 5436 2504 5493 scientiae.
2539 5435 2752 5507 Magna
2800 5431 2956 5488 enim
3009 5431 3257 5488 scientia
3303 5431 3404 5488 Dei
3438 5433 3618 5489 datur

1950 5527 2198 5596 homini,
2231 5541 2368 5583 cum
2399 5543 2466 5583 ea
2497 5541 2622 5601 quas
2655 5522 2787 5581 aliis
2825 5520 2983 5580 mala
3009 5521 3282 5581 videntur
3309 5523 3464 5582 bona
3495 5521 3609 5584 sibi

1953 5616 2276 5697 cognoscit.
