4070 6180
428 335 538 397 291

846 329 1256 392 ΗΑΥΜΟΝ18
1288 326 1832 389 HALBERSTAT.
1866 324 2080 388 EPISC

2196 325 2317 386 PP.
2349 325 2553 388 PARS
2584 328 2633 388 Ι.
2669 360 2746 371 -
2774 326 3182 388 COMMENT.
3215 324 3413 387 BIllL.

3714 326 3827 389 292

501 488 530 517 ‹‹
562 464 685 521 Vox
717 485 745 514 »
766 462 943 520 etiam
983 461 1145 517 illius
1176 482 1204 511 «
1238 460 1470 516 Domini
1504 481 1531 509 »
1564 464 1655 515 est
1694 476 1801 515 vox
1844 458 2074 514 Domini
2106 460 2156 528 Α
2190 459 2377 515 Patris
2407 462 2465 515 et
2492 459 2747 532 Spiritus
2774 459 2963 517 sancti
2992 440 3320 532 cooperatio
3344 458 3757 531 cognoscitur:
3780 463 3835 515 et

431 578 460 605 «
494 552 881 610 concutientis
914 552 1211 607 desertum
1231 570 1284 617 »,
1312 548 1370 603 id
1410 553 1520 618 est,
1553 548 1822 605 homines
1854 565 1886 603 a
1917 546 2077 602 cultu

429 642 531 700 Dei
561 657 796 707 vacuos,
820 643 876 696 et
906 639 1071 712 prius
1103 636 1331 694 steriles
1372 637 1513 693 facit
1543 637 1893 704 fructiferas,
1925 636 2079 693 sicut

428 730 641 802 aliquis
662 733 877 785 terram
903 726 1068 799 prius
1092 727 1386 784 desertam
1407 726 1792 782 concutiendo
1814 730 1871 781 et
1892 724 2079 781 colen-

427 820 500 876 do
524 818 661 875 facit
676 833 806 873 eam
829 816 1190 872 fructiferam
1210 832 1263 871 τι(
1280 820 1381 871 et»
1401 816 1786 871 concutiendo
1807 814 2077 870 homines

425 906 588 981 prius
640 906 901 962 desertos
932 927 962 955 «
1007 905 1402 961 commovebit
1447 905 1732 961 Dominus
1778 904 2076 960 desertum

425 997 681 1064 Gades»,
705 995 765 1050 id
797 998 907 1063 est,
933 993 1208 1067 implebit
1251 992 1399 1050 illud
1429 994 1586 1066 quod
1618 994 1730 1049 fuit
1758 994 2075 1066 ﬁguratum

424 1103 529 1159 per
557 1082 910 1140 miraculum
941 1083 1164 1138 factum
1194 1083 1255 1137 in
1286 1083 1513 1139 deserto
1544 1083 1747 1139 Gades.
1776 1081 1961 1137 Gades
1986 1086 2077 1137 est

424 1175 723 1231 desertum
754 1172 855 1226 ubi
889 1188 1060 1227 mons
1092 1171 1233 1227 Sina
1263 1175 1369 1239 est,
1396 1170 1454 1226 in
1487 1188 1603 1243 quo
1634 1172 1861 1240 deserto
1886 1169 2078 1226 Domi-

424 1280 537 1319 nus
559 1278 662 1334 per
684 1261 920 1332 Moysen
943 1276 1156 1332 aquam
1180 1260 1249 1314 de
1280 1263 1445 1332 petra
1474 1260 1674 1315 eduxit
1696 1258 1887 1329 (Exod.
1912 1262 2072 1327 xvu),

425 1367 554 1423 qua:
585 1350 940 1423 sequebatur
969 1349 1122 1405 ﬁlios
1145 1348 1321 1405 Israel
1354 1366 1458 1422 per
1477 1350 1775 1405 desertum
1802 1366 1815 1405 :
1841 1352 1897 1405 et
1919 1349 2073 1421 quod

426 1438 583 1495 Deus
612 1442 830 1494 terram
861 1437 1024 1494 illam
1056 1437 1219 1510 prius
1252 1437 1476 1493 aridam
1503 1438 1639 1495 fecit
1666 1438 1969 1510 irriguam,
2004 1437 2078 1493 si-

425 1544 611 1602 gnum
641 1528 752 1583 fuit
784 1528 938 1599 quod
987 1526 1276 1594 homines,
1312 1527 1410 1600 qui
1444 1528 1607 1600 prius
1648 1527 1796 1583 aridi
1826 1531 1992 1583 erant
2020 1531 2078 1583 et

422 1616 673 1685 steriles,
704 1616 956 1689 irriguos
978 1619 1034 1672 et
1064 1616 1392 1672 fructiferos
1417 1617 1649 1672 faceret.
1672 1615 1774 1672 Vel
1801 1638 1829 1667 ‹‹
1862 1632 2066 1672 concu-

423 1706 623 1763 tientis
654 1706 952 1761 desertum
989 1728 1036 1772 ››,
1068 1705 1123 1760 id
1160 1710 1269 1772 est,
1302 1706 1554 1778 gentiles
1584 1707 1684 1779 qui
1716 1707 1881 1779 prius
1910 1710 2077 1764 erant

424 1794 639 1870 deserti
660 1811 693 1849 a
714 1793 877 1850 cultu
900 1793 1000 1849 Dei
1025 1810 1036 1849 :
1058 1798 1116 1849 et
1138 1794 1262 1866 ipse
1286 1794 1613 1851 Dominusu
1637 1797 2027 1854 commovebit
2046 1819 2074 1846 ››
2103 1835 2151 1901 Β

425 1883 438 1898 .
536 1883 611 1901 ι..
668 1899 722 1901 ,_
832 1881 1331 1901 ,ημημηιη
1448 1884 1500 1901 ..
1622 1885 1718 1901 ..
1785 1886 1799 1901 .
2058 1886 2071 1899 .

423 1883 485 1939 in
533 1883 729 1938 futuro
758 1905 786 1931 «
823 1881 1120 1937 desertum
1161 1882 1345 1939 Gades
1371 1907 1420 1952 ››,
1445 1884 1504 1939 id
1552 1888 1642 1940 est
1686 1885 1921 1942 Judzeos
1973 1886 2075 1958 qui

424 1972 640 2029 deserti
670 1975 836 2027 erant
855 1987 889 2026 a
910 1974 1112 2026 sancto
1143 1968 1310 2043 legis.
1335 1972 1520 2029 Gades
1541 1991 1773 2046 nanque
1804 1978 2074 2031 sanctum

424 2060 572 2134 legis
604 2061 1062 2132 interpretatur:
1097 2063 1156 2114 et
1184 2059 1308 2114 haec
1352 2064 1666 2117 commotio
1698 2064 1817 2133 ﬁet,
1839 2064 2075 2135 quando

425 2148 685 2221 reliquiae
744 2148 998 2203 ﬁliorum
1054 2147 1231 2204 Israel
1281 2148 1451 2205 salva)
1504 2152 1690 2206 ﬁent:
1739 2157 1796 2207 et
1845 2153 1917 2207 ab
1965 2152 2076 2208 hoc

427 2242 629 2295 sancto
677 2236 841 2309 legis,
886 2236 945 2291 id
983 2240 1092 2303 est,
1133 2235 1423 2309 spirituali
1463 2239 1759 2295 intellectu
1800 2244 1940 2296 sunt
1986 2258 2075 2296 re-

427 2327 570 2383 moti
601 2325 809 2394 Judaei,
843 2324 942 2397 qui
974 2342 1089 2380 non
1132 2324 1503 2383 solummodo
1552 2328 1874 2400 spiritalem
1905 2329 2076 2385 intel-

426 2415 645 2473 lectum
675 2418 1040 2487 sequuntur:
1066 2418 1125 2470 et
1153 2414 1250 2471 hic
1282 2420 1518 2471 notatur
1545 2416 1788 2490 spiritus
1820 2418 2074 2491 pietatis.

497 2529 527 2557 «
556 2505 680 2561 Vox
710 2526 738 2553 ››
769 2503 931 2560 illius
972 2503 1151 2560 etiam
1184 2528 1211 2554 «
1246 2505 1477 2561 Domini
1513 2528 1540 2555 »
1573 2511 1663 2562 est
1696 2525 1805 2563 vox
1843 2507 2075 2563 Domini

429 2617 458 2646 «
488 2592 869 2667 przeparantis
918 2610 1119 2649 cervos
1151 2615 1201 2665 »,
1234 2594 1293 2649 id
1344 2599 1452 2663 est,
1496 2595 1781 2652 Dominus
1830 2596 1927 2652 ille
1975 2614 2078 2669 per

429 2682 873 2755 inspirationem
909 2699 1078 2738 suam
1111 2687 1397 2755 praeparat
1425 2700 1642 2752 cervos,
1675 2684 1734 2741 id
1766 2690 1876 2754 est,
1900 2703 2076 2759 quos-

430 2773 566 2830 dam
598 2775 665 2827 ut
694 2771 839 2827 ﬁant
882 2770 1109 2827 similes
1138 2773 1343 2841 cervis,
1368 2772 1589 2829 scilicet
1636 2775 1878 2846 pavidos
1926 2777 2077 2832 bono

430 2861 642 2918 timore
671 2864 728 2917 et
756 2860 1096 2917 haurientes
1118 2878 1341 2917 venena
1370 2862 1552 2934 hujus
1583 2864 1812 2931 mundi,
1833 2864 1915 2920 ita
1946 2865 2075 2937 qui-

429 2951 562 3008 dem
601 2951 757 3023 quod
790 2949 893 3005 illa
920 2950 1136 3006 hausta
1178 2968 1292 3007 non
1334 2957 1580 3008 noceant
1615 2952 1753 3009 illis.
1776 2955 2080 3010 Sustinent

429 3040 584 3097 enim
609 3039 1043 3112 persecutiones
1065 3044 1121 3095 et
1141 3040 1496 3111 objectiones
1524 3041 2076 3114 haereticorum,qui-

431 3129 544 3184 bus
565 3132 762 3182 tamen
788 3143 902 3181 non
924 3126 1235 3181 laeduntur.
1259 3127 1570 3183 Gervorum
1594 3145 1848 3201 namque
1870 3136 2079 3186 natura

2189 547 2312 620 ipse
2331 574 2353 595 ‹‹
2383 548 2667 604 Dominus
2694 553 2831 604 nter
2850 548 3062 620 dictus,
3081 547 3138 602 id
3160 551 3267 616 est,
3293 547 3524 603 trinitas
3544 550 3667 602 tota
3685 570 3713 596 «
3743 564 3838 620 po-

2186 633 2324 706 pulo
2357 652 2462 691 suo
2486 658 2514 686 »
2538 637 2858 693 constituto
2880 659 2907 686 «
2938 636 2999 691 in
3031 652 3171 709 pace
3202 658 3252 704 ››,
3274 635 3334 691 id
3373 639 3482 705 est,
3515 635 3838 693 aeternitate

2186 746 2215 774 ‹‹
2248 725 2554 782 benedicet
2585 748 2612 776 ››
2645 728 2836 783 dando
2867 726 3066 801 gloria
3099 726 3547 783 incrementum.

2677 834 2750 889 IN
2789 833 3121 891 PSALMUS
3157 832 3346 889 XXlX.

2274 922 2551 978 Trruws.
2583 923 2837 979 Psalmus
2863 923 3158 1050 caDnticizt'iin
3184 922 3525 980 dedicatione
3550 922 3748 979 cimus

2958 1011 3025 1050 av
3092 1035 3105 1049 .

2958 1011 3105 1050 ama.

2259 1102 2287 1131 ‹‹
2308 1080 2587 1138 Exaltabo
2609 1087 2689 1151 te,
2713 1083 3028 1138 Domine.»
3054 1082 3325 1139 Psalmus
3346 1082 3460 1140 iste
3477 1085 3567 1141 est
3600 1082 3838 1152 cantici,

2185 1169 2244 1225 id
2274 1175 2382 1238 est,
2416 1170 2846 1239 exsultationis,
2876 1171 3091 1227 habitae
3130 1172 3189 1226 in
3230 1170 3595 1229 dedicatione
3624 1172 3842 1229 domus

2184 1258 2387 1326 David,
2412 1259 2470 1315 id
2501 1264 2610 1329 est,
2636 1261 2696 1316 in
2719 1260 3186 1317 consideratione
3208 1259 3617 1331 dedicationis,
3644 1260 3706 1318 id
3730 1265 3839 1330 est,

2184 1348 2646 1405 conﬁrmationis
2679 1350 2892 1406 domus
2923 1349 3125 1417 David,
3149 1348 3207 1405 id
3230 1353 3321 1406 est
3349 1350 3610 1423 corporis
3638 1368 3653 1407 :
3680 1349 3844 1422 quod
3942 1379 3951 1388 -

2183 1452 2397 1508 corpus
2417 1437 2529 1493 fuit
2554 1438 2767 1494 domus
2787 1437 3026 1511 Christi,
3051 1438 3377 1494 secundum
3403 1438 3686 1495 deitatem
3713 1456 3728 1495 :
3753 1437 3844 1495 vel

2184 1524 2296 1581 fuit
2316 1526 2528 1581 domus
2550 1526 2843 1600 propheta
2866 1526 3070 1596 David,
3089 1526 3229 1599 quia
3250 1526 3362 1583 fuit
3381 1527 3452 1583 de
3472 1527 3702 1584 semine
3724 1527 3845 1583 Da-

2181 1612 2277 1670 vid
2304 1631 2315 1669 :
2341 1618 2398 1670 et
2429 1614 2609 1687 hujus
2640 1616 2852 1672 domus
2872 1616 3179 1672 fabricatio
3202 1616 3313 1673 fuit
3342 1616 3402 1671 in
3434 1616 3844 1689 conceptione,

2184 1703 2471 1760 dedicatio
2505 1703 2563 1760 in
2596 1705 3038 1762 resurrectione.
3065 1706 3231 1762 Sicut
3260 1705 3417 1762 enim
3450 1706 3665 1761 domus
3698 1705 3848 1763 cele-

2183 1790 2305 1848 bris
2335 1793 2401 1848 ﬁt
2438 1793 2499 1849 in
2548 1793 2933 1863 dedicatione,
2967 1794 3053 1851 sic
3102 1794 3373 1852 Christus
3420 1793 3707 1850 celebrior
3752 1799 3848 1851 est

2184 1880 2374 1937 factus
2402 1882 2462 1937 in
2487 1884 2935 1950 resurrectione,
2958 1888 3267 1955 assumpta
3285 1881 3768 1956 impassibilitate
3786 1888 3851 1940 et

2182 1967 2642 2026 immortalitate.
2657 1970 2935 2028 Christus
2954 1976 3043 2027 est
3059 1971 3322 2040 materia,
3346 1988 3525 2044 quam
3545 1970 3632 2027 sic
3649 1970 3851 2043 dispo-

2185 2057 2291 2111 nit.
2328 2058 2389 2113 In
2424 2059 2616 2131 prima
2645 2064 2807 2131 parte
2837 2060 3050 2132 psalmi
3097 2064 3187 2116 est
3224 2060 3546 2133 gratiarum
3587 2060 3742 2115 actio
3771 2060 3850 2117 de

2184 2144 2470 2216 libertate,
2494 2148 2554 2203 in
2587 2165 2703 2220 qua
2742 2148 2917 2204 etiam
2959 2149 3229 2205 hortatur
3256 2153 3490 2205 sanctos
3516 2152 3584 2204 ut
3612 2166 3719 2221 pro
3747 2167 3849 2206 ea-

2185 2236 2316 2291 dem
2348 2237 2597 2294 Domino
2631 2238 2879 2294 reddant
2907 2243 3122 2312 grates,
3147 2255 3275 2311 quae
3305 2238 3571 2295 liberatio
3602 2237 3850 2295 illorum

2183 2328 2273 2381 est
2293 2325 2394 2398 qui
2425 2344 2529 2399 per
2555 2344 2685 2383 eam
2714 2325 2945 2384 liberati
2977 2331 3135 2383 sunt.
3166 2331 3229 2384 In
3260 2328 3521 2384 secunda
3548 2333 3719 2400 parte
3749 2345 3852 2386 os-

2185 2415 2448 2470 tenditur
2477 2415 2779 2487 meritum,
2808 2433 2989 2489 quare
3016 2416 3128 2472 fuit
3156 2417 3402 2489 dignum
3434 2419 3499 2472 ut
3527 2416 3854 2474 liberaret).

2183 2507 2300 2559 tur.
2328 2503 2392 2559 In
2422 2504 2594 2560 tertia
2622 2509 2786 2577 parte
2816 2505 2971 2561 circa
3001 2506 3181 2562 ﬁnem
3210 2504 3521 2562 manifeste
3550 2505 3722 2578 ponit
3753 2523 3851 2563 re-

2185 2593 2629 2649 surrectionem.
2667 2593 2915 2650 Intentio
2946 2598 3035 2650 est
3063 2594 3286 2650 hortari
3319 2592 3587 2651 homines
3619 2595 3691 2649 ad
3723 2594 3855 2651 lau-

2185 2682 2317 2738 dem
2340 2682 2441 2737 Dei
2462 2683 2534 2738 de
2563 2699 2673 2738 sua
2690 2682 3043 2750 substantia,
3059 2700 3185 2756 qua:
3208 2687 3265 2739 et
3293 2682 3530 2739 illorum
3551 2687 3642 2739 est
3666 2699 3680 2739 :
3708 2700 3847 2756 qua

2187 2774 2423 2826 notatur
2442 2770 2541 2827 ubi
2561 2769 2776 2826 dicitur
2798 2788 2857 2828 :«
2891 2770 3110 2827 Isallite
3140 2771 3410 2841 Domino,
3435 2771 3625 2828 sancti
3645 2774 3847 2845 ejus,»

2184 2864 2242 2916 et
2271 2864 2478 2916 caetera
2500 2877 2513 2915 :
2537 2863 2595 2916 et
2622 2876 2656 2915 a
2679 2859 3001 2933 gratiarum
3021 2860 3251 2918 actione
3270 2861 3342 2917 de
3362 2877 3471 2917 sua
3489 2860 3849 2919 liberatione

2186 2949 2271 3004 sic
2301 2948 2510 3021 incipit
2540 2966 2554 3004 :

2256 3037 2378 3093 Vox
2402 3036 2619 3093 Christi
2641 3060 2669 3089 ‹‹
2698 3038 2942 3094 Domine
2982 3039 3157 3109 Deus,
3183 3038 3447 3095 exaltabo
3476 3042 3533 3096 te
3556 3060 3610 3107 ››,
3634 3039 3700 3095 id
3734 3044 3847 3110 est,

2186 3125 2479 3198 ampliabo
2502 3144 2715 3183 nomen
2738 3130 2905 3183 tuum
2930 3145 3033 3200 per
3055 3127 3272 3184 multas
3291 3130 3495 3201 gentes
3519 3146 3532 3185 :
3559 3132 3619 3184 et
3636 3146 3716 3185 ne
3738 3129 3851 3186 hoc

431 3219 522 3270 est
543 3219 609 3269 ut
630 3214 819 3286 pavidi
844 3214 985 3281 sint,
1002 3231 1224 3271 venena
1244 3215 1690 3288 hauriunt,quze
1712 3224 1906 3273 tamen
1930 3218 2076 3274 nihil
2107 3203 2150 3270 C
2188 3214 2479 3271 videretur
2508 3215 2749 3284 mirum,
2772 3218 2929 3289 quod
2963 3217 3207 3274 humilis
3236 3222 3358 3274 tam
3384 3217 3570 3274 altum
3603 3219 3852 3276 deberet

433 3302 519 3358 eis
546 3306 776 3366 nocent,
793 3306 851 3357 et
871 3300 965 3357 hic
987 3306 1227 3357 notatur
1252 3304 1494 3376 spiritus
1516 3305 1765 3377 timoris,
1781 3311 1839 3362 et
1858 3307 1979 3363 hmo
1998 3308 2083 3363 in~

433 3390 674 3463 spiratio
720 3389 949 3446 timoris
970 3413 999 3440 «
1040 3390 1317 3447 rcvelabit
1359 3394 1654 3449 condensa
1677 3417 1726 3464 ››,
1754 3395 1812 3451 id
1845 3401 1952 3463 est,
1985 3414 2080 3452 oc-

432 3478 593 3535 culta
612 3477 1064 3551 Scripturarum.
1081 3479 1245 3536 Sicut
1268 3480 1425 3536 enim
1447 3498 1650 3538 cervus
1680 3500 1782 3555 per
1812 3484 2081 3542 timorem

434 3567 787 3624 transcurrit
807 3567 1101 3624 condensa
1121 3569 1446 3642 spinarum,
1466 3570 1550 3627 sic
1569 3572 1758 3645 gratia
1777 3574 1877 3630 Dei
1896 3575 2081 3631 Deum

432 3655 781 3713 timentibus
802 3656 988 3730 aperit
1008 3657 1237 3715 occulta
1257 3658 1689 3732 Scripturarum
1709 3679 1722 3718 :
1742 3667 1799 3718 et
1820 3664 1962 3735 quia
1981 3680 2084 3737 per

432 3744 553 3802 haec
584 3746 739 3801 dona
769 3752 1144 3802 consummat
1174 3747 1517 3817 Ecclesiam,
1551 3750 1680 3807 ideo
1715 3774 1742 3801 «
1769 3769 1971 3808 omnes
1993 3753 2081 3807 di-

432 3839 565 3891 cent
594 3834 841 3908 gloriam
872 3835 923 3891 ei
949 3859 998 3904 »,
1025 3836 1080 3891 id
1124 3842 1230 3904 est,
1256 3837 1659 3909 praedicabunt
1694 3858 1829 3896 eum
1869 3841 2082 3913 glorio-

432 3940 565 3979 sum
580 3948 607 3974 ‹‹
628 3941 833 3980 omnes
858 3941 871 3980 :
895 3946 924 3974 ››
943 3925 1072 3981 dico
1094 3926 1427 3999 quicunque
1450 3926 1720 3984 habitant
1741 3928 1845 3984 «in
1866 3929 2082 4001 templo

430 4013 479 4082 ej
491 4029 559 4067 us
584 4034 632 4080 ››,
658 4012 716 4065 id
749 4015 858 4082 est,
885 4013 944 4067 in
973 4021 1177 4069 sancta
1195 4014 1473 4085 Ecclesia,
1499 4033 1626 4089 quae
1648 4034 1753 4090 per
1782 4018 1911 4091 ipsa
1931 4020 2085 4077 dona

433 4104 904 4155 consummatur.
956 4101 1058 4156 Hic
1117 4108 1355 4159 notatur
1412 4123 1547 4177 pars
1596 4107 1790 4177 tertia,
1839 4109 2081 4179 scilicet,

434 4186 506 4241 de
527 4186 934 4258 cooperatione
968 4188 1154 4245 Patris
1179 4195 1236 4246 et
1264 4190 1393 4246 Filii
1441 4210 1577 4249 cum
1608 4194 1827 4267 Spiritu
1858 4202 2083 4254 sancto.

434 4272 845 4330 Continuatio:
881 4274 1135 4346 Spiritus
1177 4282 1417 4334 sanctus
1447 4281 1673 4336 confert
1718 4282 1841 4338 haec
1889 4285 2089 4340 omnia

438 4363 628 4419 dona:
654 4362 780 4436 ipse
810 4362 991 4419 etiam
1022 4363 1177 4419 idem
1200 4388 1228 4415 ‹‹
1253 4366 1539 4423 Dominus
1560 4368 1699 4424 facit
1726 4371 1903 4427 etiam
1926 4372 2086 4429 inha-

436 4451 625 4508 bitare
654 4451 940 4507 diluvium
966 4474 1015 4521 »,
1040 4453 1099 4509 id
1128 4457 1219 4509 est
1248 4471 1388 4511 suos
1418 4456 1620 4514 ﬁdeles
1657 4458 1796 4514 facit
1823 4459 2088 4519 habitare

432 4540 820 4613 baptismum.
852 4540 1069 4597 Vivunt
1099 4542 1256 4599 enim
1298 4544 1448 4616 justi
1489 4545 1548 4600 in
1580 4546 1932 4619 baptismate
1984 4551 2085 4608 ubi

435 4629 685 4685 crimina
706 4629 914 4685 mundi
939 4630 1451 4706 moriuntur,quod
1475 4635 1870 4707 signiﬁcatum
1895 4639 2087 4696 fuitin

436 4717 674 4787 diluvio,
698 4718 757 4772 in
782 4735 896 4790 quo
920 4720 1037 4776 Noe
1059 4726 1296 4795 propter
1326 4740 1493 4779 suam
1517 4724 1815 4795 justitiam
1847 4745 2087 4786 securus

436 4806 742 4874 habitavit,
768 4812 824 4863 et
853 4810 1155 4866 criminosi
1196 4811 1413 4867 mortui
1457 4819 1598 4869 sunt
1628 4814 1779 4884 (Gen.
1813 4820 1935 4887 vn).
1958 4818 2085 4891 Spi-

434 4894 584 4952 ritus
616 4901 856 4952 sanctus
887 4904 1102 4971 purgat
1127 4918 1226 4956 eos
1248 4918 1351 4972 per
1370 4901 1656 4959 diluvium
1680 4905 2083 4979 baptismatis;

437 5008 465 5035 «
497 4990 557 5041 et
585 4985 892 5055 Dominus,
920 5011 947 5036 ››
972 4988 1155 5046 Filius
1176 4989 1453 5059 scilicet,«
1479 4993 1704 5049 sedebit
1727 5012 1825 5051 rex
1847 5018 1875 5046 »
1897 4998 2089 5053 Domi-

437 5091 550 5131 nus
580 5074 640 5130 in
671 5076 757 5132 eis
780 5077 1061 5147 judicans
1096 5095 1109 5135 :
1144 5082 1201 5134 et
1232 5078 1290 5134 in
1324 5078 1409 5135 eis
1450 5081 1677 5137 sedebit
1706 5100 1822 5140 non
1855 5089 2086 5143 tantum

438 5180 626 5236 usque
656 5165 718 5221 in
749 5167 926 5222 ﬁnem
959 5166 1186 5237 mundi,
1221 5167 1321 5223 sed
1357 5189 1384 5217 «
1414 5169 1474 5224 in
1505 5175 1809 5229 aeternum.
1836 5197 1863 5225 ››

508 5253 579 5308 Et
607 5252 691 5308 illi
721 5277 749 5305 «
782 5255 995 5328 populo
1029 5274 1134 5313 suo
1159 5279 1187 5306 »
1223 5262 1345 5313 tam
1388 5264 1637 5333 purgato
1669 5280 1773 5335 per
1802 5264 2086 5337 Spiritum

439 5345 709 5397 sanctum
738 5361 751 5398 :
778 5349 834 5399 et
852 5344 934 5401 ita
954 5346 1277 5418 gubernato
1298 5364 1402 5419 per
1424 5348 1635 5406 Filium
1654 5352 1818 5408 dabit
1839 5378 1865 5405 «
1890 5355 2086 5412 Domi-

442 5444 555 5483 nus
586 5451 614 5478 »
647 5430 815 5487 Pater
842 5456 869 5482 «
901 5434 1178 5492 virtutem
1214 5459 1265 5507 ››,
1300 5437 1359 5493 id
1390 5443 1501 5505 est,
1534 5439 1962 5505 incrementum
1993 5446 2091 5502 bo-

442 5522 771 5607 norum,et
810 5520 986 5578 etiam
1037 5525 1238 5581 omnia
1286 5525 1443 5583 bona
1488 5529 1828 5602 supradicta
1873 5550 1999 5607 quae
2054 5551 2089 5591 a

442 5607 648 5665 sancto
677 5606 897 5683 Spiritu
939 5612 1273 5687 specialiter
1301 5614 1428 5674 dari
1459 5616 1757 5693 dicuntur,
1791 5621 1851 5682 in
1882 5606 1998 5699 qua
2028 5644 2090 5687 re

2190 3320 2258 3360 ex
2288 3303 2487 3373 altare,
2522 3306 2779 3362 ostendit
2816 3306 2970 3378 quod
3012 3306 3200 3379 possit
3235 3310 3293 3363 et
3331 3307 3555 3375 debeat,
3586 3306 3802 3364 dicens
3833 3324 3847 3364 :

2190 3392 2323 3448 Ideo
2354 3410 2597 3465 possum
2628 3399 2686 3450 et
2731 3396 2932 3465 debeo,
2953 3420 2979 3446 ‹‹
3015 3396 3295 3468 quoniam
3335 3396 3649 3468 suscepisti
3683 3413 3849 3453 me.»

2190 3481 2446 3538 uniendo
2466 3482 2725 3539 Verbum
2747 3488 2918 3541 tuum
2939 3500 3081 3540 meae
3109 3483 3463 3541 humanitati
3485 3501 3498 3541 :
3524 3489 3582 3541 et
3601 3490 3853 3559 propter

2190 3570 2299 3626 hoc
2329 3571 2506 3628 etiam
2555 3574 2709 3645 quod
2733 3596 2761 3624 «
2796 3590 2901 3630 nec
2931 3572 3233 3630 delectasti
3258 3596 3309 3643 »,
3332 3573 3392 3629 id
3433 3577 3542 3642 est,
3566 3572 3857 3629 delectari

2191 3660 2376 3717 fecisti
2401 3685 2429 3711 «
2459 3661 2731 3717 inimicos
2763 3679 2926 3718 meos
2948 3685 2976 3711 »
3000 3661 3317 3734 quoslibet,
3348 3662 3431 3718 ita
3460 3662 3617 3733 quod
3647 3665 3858 3719 essent

2192 3773 2219 3800 «
2244 3767 2421 3822 super
2449 3767 2543 3806 me
2567 3774 2594 3799 ››
2614 3767 2676 3806 se
2709 3767 2839 3807 esse
2869 3751 2928 3805 in
2971 3751 3265 3823 passione,
3291 3756 3488 3808 tamen
3520 3750 3668 3807 illud
3704 3769 3858 3826 gau-

2191 3840 2355 3895 dium
2383 3856 2619 3895 versum
2648 3844 2739 3895 est
2767 3838 2827 3894 in
2860 3839 3183 3896 tristitiam.

2262 3929 2333 3983 Et
2359 3926 2488 3983 ideo
2521 3928 2697 3983 etiam
2720 3950 2747 3979 ‹‹
2772 3927 3035 3984 exaltabo
3066 3932 3123 3984 te
3156 3951 3184 3978 »
3211 3928 3350 4001 quia
3380 3952 3408 3979 ‹‹
3440 3928 3663 3985 sanasti
3694 3946 3798 3986 me
3829 3952 3858 3981 ιο

2193 4016 2369 4073 etiam
2399 4014 2459 4071 in
2481 4016 2649 4087 meis,
2670 4034 2764 4073 me
2786 4015 3049 4074 faciendo
3073 4018 3500 4091 impassibilem
3522 4022 3580 4075 et
3609 4018 3863 4076 immor-

2191 4106 2371 4163 talem
2402 4106 2461 4161 in
2494 4106 2662 4176 meis,
2692 4105 2993 4162 liberando
3022 4122 3121 4163 eos
3152 4125 3187 4164 a
3214 4106 3472 4180 peccatis
3492 4111 3551 4163 et
3581 4106 3889 4165 faciendo.

2185 4197 2381 4268 justos
2416 4213 2428 4251 :
2463 4199 2520 4251 et
2550 4199 2640 4250 est
2668 4195 2971 4267 praemissa
2999 4212 3197 4265 causa,
3231 4196 3387 4269 quod
3420 4194 3636 4269 dignus
3667 4197 3866 4253 salva-

2193 4286 2352 4341 tione
2383 4285 2479 4355 sit,
2508 4301 2642 4341 cum
2674 4283 2816 4340 dicit
2847 4302 2896 4341 :«
2921 4284 3168 4341 Domine
3198 4285 3355 4342 Deus
3385 4301 3573 4355 meus,
3598 4284 3865 4343 clamavi

2195 4375 2268 4429 ad
2299 4379 2377 4430 te.
2407 4397 2436 4424 »

2265 4465 2336 4519 Et
2366 4464 2495 4520 ideo
2519 4486 2548 4514 «
2572 4462 2839 4521 exaltabo
2860 4468 2973 4533 to,»
2996 4464 3136 4536 quia
3164 4468 3285 4533 tu,«
3310 4463 3574 4532 Domine,
3590 4463 3869 4521 eduxisti

2117 4574 2164 4640 D
2196 4553 2456 4609 animam
2487 4571 2680 4609 meam
2723 4555 2795 4610 ab
2836 4555 3065 4610 inferno
3089 4577 3117 4605 η
3139 4559 3197 4611 et
3233 4555 3317 4610 sic
3348 4577 3375 4603 ‹‹
3411 4551 3651 4609 salvasti
3685 4570 3727 4609 a
3760 4554 3869 4609 de-

2197 4642 2616 4699 scendentibus
2646 4642 2707 4697 in
2744 4643 2940 4699 lacum
2965 4665 3015 4712 ››,
3042 4642 3100 4698 id
3133 4646 3241 4711 est,
3274 4659 3309 4698 a
3335 4640 3560 4698 Judazis
3589 4640 3871 4697 salvatus

2196 4732 2327 4800 fuit,
2352 4732 2588 4804 quando
2610 4749 2676 4788 eo
2700 4733 2850 4788 facto
2871 4731 3193 4789 immortali
3217 4734 3275 4788 et
3292 4729 3666 4803 impassibili,
3694 4729 3875 4788 nulla

2194 4820 2352 4877 mala
2381 4823 2595 4877 inferre
2615 4825 2883 4894 poterant
2902 4821 2974 4877 ei.

2264 4913 2335 4966 Et
2362 4911 2492 4966 ideo
2523 4910 2662 4982 quia
2691 4909 2776 4965 sic
2826 4927 2918 4965 me
2965 4910 3251 4966 Dominus
3280 4908 3568 4971 liberavit.
3601 4925 3708 4964 vos
3762 4924 3875 4981 per

2196 5016 2388 5055 meam
2419 4999 2826 5054 liberationem
2867 4998 3004 5055 tacti
3055 4999 3243 5055 sancti
3290 4999 3421 5071 ejus
3455 5016 3521 5054 zu
3557 4995 3810 5070 psallite
3841 5019 3872 5049 υ

2196 5090 2344 5144 bene
2372 5088 2666 5160 operando
2708 5089 2847 5145 huic
2879 5112 2907 5139 ‹‹
2940 5089 3187 5145 Domino
3220 5110 3248 5138 ››
3282 5111 3310 5139 ι(
3343 5092 3401 5144 et
3432 5086 3816 5143 conﬁtemini
3842 5109 3874 5138 υ

2197 5194 2295 5236 ore
2352 5182 2410 5234 et
2466 5178 2637 5234 corde
2668 5201 2696 5228 ‹‹
2732 5180 3101 5247 memoriae»,
3128 5178 3186 5234 id
3236 5180 3345 5246 est,
3390 5176 3529 5232 huic
3575 5176 3871 5246 Domino,

2198 5267 2337 5341 quia
2378 5284 2602 5323 memor
2625 5268 2802 5325 vestri
2828 5286 2877 5323 :«
2901 5266 3195 5324 memoriae
3229 5289 3258 5317 »
3289 5267 3439 5336 dico,
3484 5282 3604 5322 non
3643 5281 3878 5336 proce-

2197 5358 2369 5413 dente
2400 5374 2469 5413 ex
2495 5360 2693 5413 nostro
2734 5357 2960 5426 merito,
2994 5358 3096 5413 sed
3127 5380 3156 5408 «
3189 5354 3521 5415 sanctitatis
3559 5354 3691 5426 ejus
3719 5376 3781 5423 ››,
3809 5354 3877 5411 id

2196 5451 2308 5515 est,
2343 5463 2411 5503 ex
2443 5463 2551 5502 sua
2579 5446 2705 5502 sola
2742 5446 3070 5505 sanctitate.
3097 5447 3202 5504 Vel
3245 5444 3542 5504 memorias
3572 5442 3881 5501 sanctita-

2195 5537 2275 5594 tis
2295 5559 2346 5607 »,
2371 5537 2431 5593 id
2461 5540 2569 5605 est,
2603 5553 2719 5609 qua
2757 5536 3087 5595 sanctiﬁcat
3123 5536 3271 5594 alios
3304 5552 3318 5593 :
3351 5530 3682 5593 sanctitatis
3725 5532 3882 5592 dico

2198 5650 2227 5681 ‹‹
2260 5628 2389 5704 ejus
2421 5648 2473 5699 «,
2507 5626 2567 5684 id
2593 5629 2705 5697 est,
2738 5641 2867 5703 quis
2897 5628 2971 5686 ab
3001 5627 3129 5706 ipso
3159 5624 3444 5706 procedit.
