4092 6178
198 328 309 390 993

1374 318 1873 384 EXPLANATIO
1917 317 1997 379 IN
2038 318 2421 383 PSALMOS.

3483 327 3599 390 294

263 462 333 517 Et
354 459 507 516 bene
533 459 819 516 debemus
848 455 1130 525 conﬁteri,
1164 478 1192 507 ‹‹
1221 456 1501 529 quoniam
1534 456 1621 509 ira
1659 455 1716 509 in
1751 454 1837 507 in-
1868 453 1923 519 Α
1955 451 2120 508 fusus
2140 453 2168 507 ?
2191 454 2247 509 Si
2281 432 2526 527 sanguis
2548 455 2696 526 justi
2729 454 3262 525 eﬁ'undatur,debet
3290 459 3599 531 proﬁcere:

197 548 536 624 dignatione
562 549 692 620 ejus
722 569 774 616 »,
811 548 870 604 id
900 552 1007 615 est,
1041 548 1277 620 quando
1311 564 1372 603 se
1403 544 1609 602 avertit
1633 543 1704 609 ab
1738 543 1843 598 ali-

196 655 324 713 quo,
356 641 451 695 est
481 654 653 711 poma
681 636 734 694 ei
764 654 799 692 a
828 653 943 709 quo
975 654 1037 692 se
1068 636 1310 692 avertit:
1351 656 1393 709 cx.
1410 638 1466 690 et
1494 635 1552 689 in
1584 633 1848 689 volunta-

194 730 305 784 tate
332 727 467 798 ejus
499 746 551 793 »,
585 724 645 779 id
680 728 788 791 est,
824 724 885 779 in
916 722 1280 796 beneplacito
1312 722 1462 793 ejus,
1498 726 1587 777 est
1619 745 1639 771 α
1675 720 1793 775 vita
1817 742 1844 767 »

198 832 319 890 quae
351 814 560 887 incipit
590 813 650 869 in
682 812 790 868 hac
821 812 943 869 vita
971 830 1075 885 per
1115 811 1433 884 justitiam,
1468 815 1525 866 et
1575 808 1738 865 ducit
1785 809 1845 864 in

201 905 378 961 vitam
424 908 723 959 aeternam.
756 903 825 958 Et
867 902 963 958 hic
1014 901 1209 956 innuit
1254 901 1410 973 quod
1451 916 1567 955 non
1615 902 1847 954 tantum

203 993 483 1051 debemus
508 990 753 1048 Domino
784 991 1047 1047 conﬁteri
1079 989 1218 1062 quia
1242 990 1343 1045 dat
1374 990 1546 1056 bona,
1581 989 1681 1043 sed
1711 987 1852 1059 quia

205 1084 377 1141 etiam
408 1080 568 1139 mala
599 1085 875 1152 removet,
910 1081 970 1136 in
1003 1080 1220 1153 quibus
1241 1081 1406 1153 juste
1437 1080 1805 1135 tenebamur.

270 1190 431 1247 Dixit
461 1190 618 1262 quod
649 1188 737 1245 ira
767 1193 858 1245 est
885 1188 944 1244 in
979 1187 1400 1261 indignatione,
1435 1191 1491 1243 et
1519 1186 1637 1241 vita
1667 1187 1724 1241 in
1752 1202 1852 1241 vo-

207 1279 429 1335 luntate
462 1294 477 1333 :
514 1295 671 1334 nunc
719 1277 975 1334 ostendit
1023 1294 1127 1350 per
1174 1294 1348 1349 quem
1376 1277 1455 1332 sit
1492 1275 1597 1343 ira,
1632 1274 1855 1330 scilicet

207 1385 307 1442 per
332 1368 519 1423 Adam
547 1384 560 1422 :
584 1367 881 1439 etquibus
898 1366 926 1422 ?
954 1365 1178 1422 scilicet
1206 1364 1604 1421 imitatoribus
1636 1362 1850 1437 ipsius:

209 1462 259 1513 et
286 1473 396 1530 per
425 1472 601 1529 quem
629 1456 710 1512 sit
738 1454 1139 1523 vita,scilicet,
1166 1471 1268 1526 per
1296 1453 1597 1510 Christum
1622 1470 1635 1508 :
1661 1457 1717 1507 et
1732 1451 1857 1523 qui-

208 1545 353 1603 bus?
375 1543 601 1601 scilicet
629 1544 1027 1600 imitatoribus
1058 1543 1296 1599 Christi.
1311 1542 1681 1598 Continuatio
1698 1560 1709 1597 :
1726 1540 1858 1596 Vita

209 1637 289 1690 est
319 1634 382 1689 in
412 1633 733 1699 voluntate,
768 1633 869 1688 sed
900 1631 1015 1688 non
1046 1631 1323 1687 omnibus
1347 1648 1359 1686 :
1383 1630 1525 1703 quia
1550 1628 1858 1701 respicien-

210 1723 362 1778 tibus
396 1743 426 1774 «ι
457 1722 531 1777 ad
563 1737 873 1794 vesperum
904 1742 958 1792 ››,
988 1720 1050 1775 id
1088 1725 1198 1788 est,
1232 1719 1604 1775 imitantibus
1653 1734 1855 1774 casum

1952 543 2000 599 si
2036 543 2278 614 sanguis
2308 542 2494 615 impii,
2527 543 2689 599 nulla
2715 544 2941 601 utilitas
2970 546 3142 601 debet
3174 548 3374 618 quteri.

2027 631 2086 688 Si
2120 631 2350 704 redigar
2378 631 2437 686 in
2465 632 2780 704 pulverem,
2816 634 2978 689 nulla
3026 634 3253 691 utilitas
3286 653 3605 710 conseque-

1955 725 2054 777 tur
2086 738 2099 777 :
2134 721 2273 793 quia
2302 736 2490 792 neque
2520 722 2827 790 confessio,
2864 739 3049 795 neque
3079 724 3342 780 veritatis
3377 743 3607 781 annun-

1956 810 2229 877 tiatio,ad
2264 827 2388 882 quae
2419 810 2686 866 facienda
2716 812 3062 867 resurrectio
3093 812 3307 869 Christi
3339 831 3608 872 necessa-

1958 899 2047 954 ria
2077 898 2851 970 luit,Continuatio:Dico,si
2876 901 3163 971 descendo
3195 903 3254 958 in
3290 903 3607 975 infernum,

1959 987 2122 1043 nulla
2150 986 2261 1042 erit
2293 986 2536 1053 utilitas,
2570 988 2708 1060 quia
2738 1011 2765 1037 «
2800 989 3064 1061 nunquid
3105 991 3293 1062 pulvis
3324 1015 3372 1060 »,
3408 992 3465 1047 id
3498 997 3607 1062 est,

1960 1093 2093 1133 caro
2142 1077 2378 1132 redacta
2418 1075 2477 1131 in
2511 1076 2807 1148 pulverem
2841 1101 2868 1127 ‹‹
2902 1079 3278 1135 conﬁtebitur
3305 1081 3459 1136 tibi?
3491 1102 3520 1131 »
3552 1082 3611 1137 id

1962 1165 2187 1234 est,erit
2216 1181 2396 1220 causa
2422 1165 2892 1234 confessionis,id
2925 1172 3033 1234 est,
3058 1167 3251 1224 laudis
3279 1174 3414 1240 tuae,
3450 1193 3477 1219 ‹‹
3512 1175 3614 1226 aut

1962 1252 2335 1319 annuntiabit
2388 1252 2691 1309 veritatem
2749 1258 2911 1309 tuam
2946 1277 2973 1304 »
3008 1254 3103 1311 ille
3147 1256 3357 1329 pulvis,
3391 1258 3449 1313 id
3503 1263 3613 1326 est,

1962 1342 2070 1399 erit
2101 1359 2280 1397 causa
2308 1359 2488 1414 quare
2528 1360 2707 1399 causa
2738 1348 2839 1399 tua
2870 1345 3253 1401 annuntietur
3281 1347 3351 1403 de
3385 1364 3616 1420 repara-

1963 1430 2119 1486 tione
2141 1430 2387 1486 humani
2417 1431 2854 1503 generis,quam
2890 1437 2953 1488 tu
2985 1451 3088 1505 per
3118 1450 3212 1490 me
3244 1434 3508 1492 facturus
3530 1435 3621 1492 es?

1964 1520 2089 1575 Non
2112 1519 2467 1591 utique,ideo
2490 1519 2623 1576 nolo
2642 1524 2707 1575 ut
2738 1522 3043 1593 permittas
3076 1540 3168 1580 me
3200 1524 3382 1598 redigi
3413 1526 3474 1581 in
3497 1524 3622 1598 pul-

1964 1625 2179 1675 verem,
2213 1609 2456 1680 sed;cito
2489 1609 2791 1664 resuscita.

2036 1698 2153 1770 Ego
2184 1696 2470 1764 clamabo,
2505 1701 2562 1751 et
2600 1698 2885 1753 Dominus
2936 1700 3207 1757 exaudiet
3238 1718 3350 1771 me,
3384 1708 3623 1777 propter

212 1812 355 1868 Adae.
375 1811 482 1867 Rei
511 1784 684 1867 enim.
701 1810 917 1866 veritas
947 1814 1057 1877 est,
1084 1810 1240 1882 quod
1269 1810 1453 1864 Adam
1485 1808 1545 1863 in
1594 1824 1854 1880 vespera,
1885 1824 1936 1889 Β
1968 1784 2634 1889 nlffl'il-um‘clamerismt
2663 1786 2836 1889 etiam
2865 1790 3617 1889 ΡξοΡίεξΓ.ωίείξΓίοοΡάίαων

214 1901 265 1955 id
293 1904 405 1968 est,
420 1903 558 1973 post
583 1898 887 1955 meridiem
914 1897 1243 1953 declinante
1265 1896 1387 1953 sole
1409 1896 1578 1969 fregit
1593 1896 1859 1952 obedien-

213 1990 371 2044 tiam.
405 1989 560 2043 Dum
592 1986 749 2043 enim
783 1988 894 2042 fuit
922 1988 1108 2042 Adam
1159 1986 1219 2041 in
1250 1985 1513 2053 meridie,
1551 1986 1608 2040 id
1660 1989 1769 2052 est,
1799 1985 1859 2039 in

214 2079 428 2133 fervore
460 2076 816 2143 dilectionis,
851 2075 1246 2131 obedientiam
1293 2074 1541 2129 viriliter
1590 2074 1856 2130 servavit.

215 2166 528 2238 Postquam
558 2181 694 2221 vero
725 2163 979 2220 charitas
1010 2162 1069 2218 in
1102 2180 1168 2217 co
1201 2163 1441 2231 refrixit,
1457 2167 1514 2218 et
1534 2169 1666 2235 post
1687 2163 1859 2218 meri-

214 2255 382 2322 diem,
418 2254 478 2310 id
530 2243 802 2326 est,'post
849 2252 1194 2309 charitatem
1245 2253 1375 2324 fuit,
1408 2252 1481 2308 ab
1530 2252 1863 2308 obedientia

212 2343 530 2400 discessit:
564 2343 737 2414 cujus
785 2341 1115 2398 imitatores
1158 2341 1243 2396 illi
1290 2359 1419 2399 esse
1470 2342 1767 2408 dicuntur,
1800 2341 1860 2396 in

212 2432 425 2506 quibus
456 2448 576 2488 non
607 2432 774 2488 ardet
801 2431 1151 2499 charitas,et
1181 2430 1297 2487 illis
1320 2430 1766 2503 respicientibus
1790 2431 1863 2486 ad

210 2539 519 2595 vesperum
552 2544 581 2573 α
612 2521 1014 2577 demorabitur
1043 2522 1215 2577 ﬁctus
1246 2543 1299 2591 »,
1324 2521 1381 2576 id
1413 2526 1520 2589 est,
1537 2522 1865 2577 remanebit

212 2610 379 2666 ﬁctus
413 2627 428 2665 :
478 2608 933 2682 respicientibus
983 2626 1118 2665 vero
1160 2632 1188 2661 ‹‹
1221 2610 1294 2666 ad
1327 2611 1684 2665 matutinum
1720 2634 1772 2679 »,
1805 2611 1863 2665 id

211 2702 315 2770 est,
347 2699 423 2754 ad
456 2697 950 2754 resurrectionem
982 2696 1198 2753 Christi
1248 2697 1457 2753 faciam
1490 2698 1549 2753 in
1582 2714 1773 2767 mane,
1806 2697 1862 2752 id

212 2792 318 2855 est,
352 2786 760 2842 imitatoribus
792 2785 921 2858 ejus
956 2806 985 2836 «
1011 2785 1213 2841 lastitia
1244 2808 1297 2841 ››.

280 2892 385 2948 Hic
417 2891 682 2949 ostendit
701 2895 760 2947 et
789 2908 1028 2948 causam
1050 2894 1107 2947 et
1129 2891 1403 2947 meritum
1436 2908 1553 2947 sua:
1581 2891 1870 2948 liberatio-
1906 2900 1913 2907 '

216 2982 324 3050 nis,
358 2987 421 3038 et
455 2981 715 3038 ostendit
744 2998 879 3038 eum
930 2980 1289 3037 contrarium
1340 2997 1469 3037 esse
1515 2982 1649 3037 Adae
1684 2998 1695 3037 :
1731 2982 1872 3053 quia

213 3087 343 3127 cum
373 3071 569 3126 Adam
601 3075 756 3126 esset
777 3070 1070 3141 perfectus
1087 3073 1143 3125 et
1162 3068 1221 3125 in
1237 3070 1604 3125 abundantia
1618 3070 1867 3142 positus,

215 3177 323 3255 non
342 3159 625 3227 attendit,
640 3158 760 3214 imo
782 3158 1043 3255 recessit.
1058 3157 1327 3255 Cstendit
1347 3163 1543 3215 autem
1558 3162 1713 3232 quod
1733 3177 1866 3216 cum
1897 3189 1939 3255 Ο

214 3248 485 3306 Christus
514 3252 675 3305 esset
701 3247 930 3321 positus
950 3246 1011 3302 in
1043 3247 1603 3318 abundantia,nulla
1630 3249 1870 3305 tribula-

214 3337 368 3395 tione
399 3339 480 3394 ab
506 3337 844 3394 obedientia
872 3336 1065 3410 potuit
1110 3336 1412 3392 removeri.
1448 3336 1818 3394 Continuatio
1853 3355 1866 3394 :

218 3425 331 3484 Illis
359 3425 824 3500 respicientibus
855 3426 928 3482 ad
958 3442 1287 3497 vesperum,
1321 3424 1429 3480 erit
1466 3425 1657 3481 ﬂetus.
1690 3437 1723 3477 ‹(
1752 3428 1870 3500 Ego

213 3521 412 3572 autem
446 3538 479 3567 »
533 3532 653 3571 non
703 3532 837 3571 sum
886 3515 957 3570 de
1004 3514 1143 3581 illis,
1178 3513 1420 3582 scilicet,
1454 3513 1777 3589 existensw
1809 3517 1871 3572 in

216 3604 589 3661 abundantia
619 3621 752 3661 mea
788 3627 836 3672 υ,
869 3602 927 3659 id
979 3608 1069 3659 est
1115 3602 1174 3657 in
1220 3602 1569 3675 perfectione
1616 3605 1871 3661 scientiae

211 3698 266 3749 et
289 3695 570 3751 omnium
601 3694 888 3749 virtutum
922 3714 950 3743 «
983 3692 1099 3748 dixi
1128 3692 1253 3760 »,id
1286 3696 1392 3761 est,
1417 3692 1728 3749 deliberavi
1765 3712 1777 3750 :
1813 3695 1873 3750 in

212 3781 339 3853 ipsa
366 3783 453 3839 rei
491 3782 853 3838 exhibitione
878 3781 987 3837 hoc
1036 3781 1293 3837 ostendit
1325 3799 1338 3838 :
1374 3806 1402 3832 ‹‹
1437 3799 1553 3837 non
1600 3784 1876 3839 movebor

213 3872 283 3927 ab
314 3871 419 3927 illa
451 3871 824 3927 abundantia
854 3893 881 3921 »
920 3892 948 3921 «
978 3872 1037 3926 in
1070 3874 1375 3925 internum.
1407 3893 1435 3920 ››

280 3978 441 4034 Dixit
471 3979 635 4052 quod
654 3977 813 4033 illam
838 3976 1262 4033 abundantiam
1290 3977 1627 4046 custodiret,
1642 3982 1699 4034 et
1719 3996 1875 4034 nunc

213 4068 475 4124 ostendit
509 4067 669 4140 quod
702 4065 866 4122 illam
899 4065 1327 4121 abundantiam
1352 4083 1468 4121 non
1490 4066 1666 4123 habet
1694 4085 1761 4123 ex
1791 4085 1873 4137 se,

214 4157 313 4212 sed
342 4175 417 4214 ex
447 4155 580 4213 solo
607 4156 820 4225 Deo,et
842 4155 951 4211 hoc
973 4159 1082 4223 est,
1100 4178 1128 4203 ‹‹
1154 4154 1419 4226 Domine,
1442 4155 1635 4211 decori
1661 4173 1789 4212 meo
1822 4175 1873 4226 ››,

211 4244 267 4301 id
296 4251 415 4313 est,
448 4245 833 4303 abundantia:
855 4243 939 4299 illi
970 4261 1111 4299 mea:
1149 4267 1168 4292 «
1187 4244 1511 4316 praestitisti
1531 4244 1874 4313 virtutem,»

212 4332 267 4389 id
296 4340 413 4405 est,
449 4334 874 4399 constantiam,
906 4337 963 4390 et
985 4333 1094 4390 hoc
1117 4350 1232 4388 non
1264 4349 1332 4388 ex
1362 4333 1567 4389 merito
1600 4350 1749 4408 meo,
1775 4336 1876 4392 sed

210 4439 277 4479 ex
305 4424 443 4481 sola
466 4429 580 4481 tua
606 4422 929 4479 voluntate.

283 4544 311 4571 α
323 4519 672 4577 Praestitisti
681 4520 956 4576 virtutem
966 4542 1015 4588 ,››
1031 4520 1129 4576 sed
1143 4522 1341 4575 tamen
1355 4518 1667 4591 aliquando
1684 4542 1712 4571 ‹‹
1724 4538 1879 4578 aver-

212 4608 331 4666 tisti
387 4610 613 4667 faciem
664 4612 829 4664 tuam
882 4625 916 4663 a
962 4625 1134 4674 me»,
1169 4606 1226 4662 id
1278 4610 1385 4675 est,
1431 4607 1749 4678 permisisti
1781 4625 1876 4664 me

210 4698 490 4754 tribulari
523 4714 538 4753 :
576 4701 633 4754 et
662 4700 803 4753 tunc
839 4719 867 4748 κ
898 4712 1003 4770 ego
1034 4717 1062 4746 ››
1096 4695 1272 4751 homo
1308 4716 1337 4745 «
1366 4695 1556 4751 factus
1588 4713 1722 4751 sum
1743 4713 1879 4752 con-

213 4787 496 4844 turbatus
524 4809 555 4838 »
591 4789 651 4842 et
680 4786 776 4841 hic
807 4802 1090 4858 magnum
1111 4784 1390 4840 meritum
1408 4783 1661 4840 ostendit
1691 4786 1881 4842 Chris-

212 4874 272 4943 ti,
306 4877 414 4949 qui
451 4893 561 4933 nec
594 4874 681 4931 sic
711 4874 1015 4947 probatus,
1048 4874 1120 4929 ab
1152 4874 1485 4929 obedientia
1515 4874 1781 4930 cessavit.

275 4983 404 5057 Ego
462 4982 807 5051 conturbor,
856 4981 956 5038 sed
1007 4981 1067 5036 in
1115 4980 1247 5053 ipsa
1290 4980 1733 5037 conturbatione
1787 5004 1814 5032 ι(
1846 4999 1879 5040 ο

209 5070 493 5140 Domine,
544 5071 815 5127 clamabo
866 5070 938 5126 ad
988 5074 1101 5126 te»
1153 5071 1226 5125 de
1273 5069 1611 5125 obtinendis
1656 5071 1873 5128 bonis:

212 5182 238 5209 α
268 5165 327 5218 et
357 5161 738 5233 deprecabor
766 5161 839 5217 ad
872 5164 929 5216 te
956 5160 1140 5216 Deum
1173 5175 1371 5216 meum
1403 5181 1432 5209 »
1468 5160 1538 5215 dc
1577 5176 1882 5216 removen-

207 5250 298 5307 dis
327 5249 542 5306 malis.

278 5370 307 5399 ι(
336 5350 436 5406 Ad
463 5352 524 5406 te
547 5348 884 5419 clamabo,»
909 5348 993 5405 sic
1014 5348 1245 5404 dicens:
1276 5369 1305 5397 «
1327 5346 1470 5403 dum
1496 5346 1617 5415 ι,ἱά
1642 5354 1751 5416 est,
1777 5370 1805 5399 «
1832 5349 1883 5404 si

208 5460 234 5487 κ
265 5439 650 5497 descendero
672 5439 734 5495 in
758 5438 1193 5510 corruptionem
1222 5437 1350 5502 »,id
1374 5436 1548 5505 est,si
1571 5437 1802 5510 redigor
1821 5438 1881 5494 in

201 5527 550 5599 pulverem,
585 5550 613 5580 α
648 5544 781 5601 quae
815 5525 1043 5583 utilitas
1070 5530 1212 5581 tunc
1242 5524 1303 5579 in
1334 5524 1621 5596 sanguine
1651 5541 1779 5580 meo
1802 5548 1831 5575 ››
1855 5526 1885 5583 ‘I

200 5612 258 5676 id
288 5623 415 5694 est,
433 5616 588 5693 quid
610 5616 881 5697 proﬁciet
908 5614 1057 5678 mihi
1086 5613 1176 5675 vel
1207 5613 1340 5675 aliis
1369 5612 1613 5690 sanguis
1629 5630 1797 5674 meus
1808 5616 1886 5676 ef-

1968 1874 2152 1929 ethoc
2182 1878 2289 1941 est,
2325 1897 2351 1924 ‹‹
2388 1874 2665 1930 misertus
2696 1878 2785 1930 est
2817 1875 2929 1930 mei
2965 1898 2992 1925 ››
3020 1880 3076 1931 et
3104 1877 3230 1949 ipse
3262 1878 3414 1934 idem
3447 1904 3473 1930 ‹‹
3508 1881 3620 1937 Do-

1969 1963 2166 2019 minus
2196 1968 2286 2019 est
2341 1964 2531 2018 factus
2588 1964 2823 2035 adjutor
2878 1981 3044 2020 meus
3079 1988 3105 2015 »
3140 1966 3362 2023 scilicet
3393 1991 3422 2017 «
3455 1968 3621 2041 plan-

1969 2057 2127 2107 ctum
2153 2069 2347 2107 meum
2366 2074 2415 2117 ››,
2434 2053 2492 2107 id
2518 2052 2890 2119 est,dolorem
2914 2055 3195 2109 convertit
3222 2055 3282 2109 in
3313 2058 3620 2128 gaudium,

1971 2142 2071 2197 sed
2104 2158 2173 2196 ex
2202 2140 2598 2196 familiaritate
2629 2142 2912 2196 convertit
2942 2159 3003 2198 se
3036 2144 3105 2198 ad
3140 2143 3500 2215 ipsum,cum
3534 2146 3623 2201 di-

1971 2231 2071 2295 cit,
2104 2253 2130 2280 ‹‹
2167 2230 2501 2285 convertisti
2535 2252 2583 2284 ».
2618 2228 2793 2286 Dolor
2851 2232 3007 2286 enim
3070 2233 3277 2288 mortis
3308 2250 3625 2291 conversus

1971 2325 2062 2375 est
2082 2320 2142 2373 in
2167 2320 2450 2392 gaudium
2474 2335 2575 2391 per
2604 2318 2850 2389 gloriam
2880 2320 3379 2388 resurrectionis,«
3396 2339 3627 2379 conver-

1971 2408 2094 2464 tisti
2116 2432 2143 2457 ››
2174 2408 2302 2463 dico
2324 2430 2353 2457 «
2378 2407 2521 2462 mihi
2548 2407 2661 2474 »,id
2685 2411 2791 2476 est,
2814 2408 2886 2463 ad
2909 2408 3222 2465 utilitatem
3246 2410 3360 2466 mei
3380 2416 3438 2467 et
3466 2428 3624 2468 meo-

1974 2514 2105 2552 rum
2160 2496 2500 2553 conscidisti
2562 2514 2795 2552 saccum
2859 2514 3079 2568 meum,
3112 2498 3170 2553 id
3232 2504 3341 2568 est,
3386 2517 3623 2558 carnem

1975 2601 2185 2641 meam.
2223 2586 2469 2641 Carnem
2527 2585 2740 2640 Christi
2793 2586 2920 2641 ideo
2972 2604 3206 2643 saccum
3255 2594 3443 2659 vocat,
3488 2591 3627 2662 quia

1975 2674 2127 2729 sicut
2157 2690 2364 2728 saccus
2393 2672 2570 2728 vestis
2599 2674 3017 2745 pmnitentialis
3048 2679 3155 2743 est,
3180 2676 3265 2731 sic
3296 2694 3430 2733 caro
3457 2678 3626 2733 Chri-

1976 2763 2049 2818 sti
2080 2761 2257 2817 vestis
2297 2761 2713 2833 poanitenlialis
2760 2767 2870 2832 est,
2905 2780 3019 2818 non
3065 2765 3220 2835 quod
3251 2782 3361 2821 sua
3387 2771 3628 2838 peccata

1977 2853 2251 2922 portaret,
2299 2850 2399 2905 sed
2460 2849 2728 2905 aliorum.
2782 2850 2942 2906 Unde
3002 2851 3261 2908 dicitur:
3325 2876 3353 2903 ‹‹
3389 2854 3629 2911 Peccata

1978 2943 2179 2994 nostra
2226 2938 2351 3010 ipse
2395 2937 2646 3009 portavit
2688 2942 2821 3007 (lsa.
2872 2956 3003 3007 LIII;
3049 2944 3077 2994 1
3102 2941 3249 2995 Petr.
3283 2945 3368 3010 ιι).
3417 2965 3445 2992 ο(
3479 2942 3627 2998 Con-

1978 3027 2154 3083 fessio
2176 3027 2306 3099 ipsa
2324 3027 2476 3082 facta
2497 3025 2606 3081 fuit
2624 3025 2684 3081 in
2705 3026 2834 3099 ipsa
2862 3026 3133 3099 passione
3157 3045 3169 3083 :
3193 3032 3250 3084 et
3270 3034 3472 3102 postea
3499 3030 3630 3104 ipsa

1979 3115 2404 3172 resurrectione
2435 3139 2462 3165 ‹‹
2496 3115 2935 3171 circumdedisti
2979 3133 3073 3173 me
3118 3117 3317 3173 laetitia
3344 3141 3394 3187 »,
3428 3120 3486 3175 id
3518 3124 3631 3190 est,

1977 3204 2450 3277 impassibilitate
2496 3209 2554 3260 et
2600 3204 3059 3273 immortalitate,
3090 3210 3147 3261 et
3193 3207 3265 3262 ab
3312 3206 3423 3263 hoc
3459 3226 3631 3266 versu

1979 3294 2286 3350 manifeste
2310 3291 2515 3365 incipit
2535 3293 2842 3349 ostendere
2872 3294 2943 3349 de
2972 3295 3416 3352 resurrectione.

2052 3407 2079 3433 ‹‹
2097 3381 2546 3437 Circumdedisti
2570 3386 2635 3437 ut
2655 3381 2786 3453 ipsa
2806 3380 2992 3454 gloria
3011 3400 3144 3439 mea
3165 3406 3214 3452 κ,
3234 3384 3292 3439 id
3320 3389 3409 3441 est
3439 3403 3633 3442 resur-

1982 3472 2159 3527 rectio
2191 3488 2323 3527 mea
2352 3495 2379 3521 ‹‹
2414 3474 2609 3527 cantet
2638 3469 2743 3526 tibi
2768 3493 2822 3538 υ,

1980 3561 2359 3618 laudabilem.
2384 3561 2501 3617 Hoc
2526 3560 2684 3617 enim
2717 3560 3062 3616 resurrectio
3093 3561 3308 3618 Christi
3339 3564 3537 3632 efﬁcit,
3571 3568 3637 3620 ut

1982 3652 2136 3706 Deus
2169 3667 2272 3723 per
2297 3655 2484 3705 totum
2517 3649 2807 3705 mundum
2859 3648 3134 3704 laudetur
3160 3653 3218 3705 et
3248 3650 3346 3705 illa
3377 3670 3492 3707 non
3526 3654 3637 3709 erit

1983 3741 2055 3797 ad
2089 3740 2424 3807 horam,sed
2448 3740 2573 3810 jam
2602 3736 2874 3808 deinceps
2907 3760 2935 3788 ‹‹
2965 3754 3080 3792 non
3110 3754 3491 3811 compungar,
3513 3763 3542 3789 ››
3572 3741 3633 3796 id

1983 3828 2323 3897 est,nullam
2345 3843 2577 3899 poenam
2610 3825 2815 3881 mortis
2846 3825 3195 3881 sustineam.
3213 3826 3373 3881 Unde
3393 3829 3636 3899 Aposto-

1984 3917 2079 3973 lus
2101 3934 2112 3973 :
2139 3916 2405 3973 Christus
2426 3931 2737 3987 resurgens
2758 3931 2793 3969 a
2813 3913 3061 3969 mortuis
3071 3914 3198 3984 jam
3222 3931 3339 3969 non
3361 3916 3634 3986 moritur,

1986 4021 2145 4059 mors
2177 4003 2262 4058 illi
2295 4001 2449 4057 ultra
2473 4018 2590 4057 non
2620 4001 3122 4057 dominabiturzet
3142 4003 3295 4059 sicut
3321 4002 3424 4059 illa
3452 4004 3639 4077 gloria

1985 4099 2200 4149 aeterna
2230 4090 2358 4161 erit,
2392 4090 2477 4146 sic
2505 4089 2793 4146 confessio
2824 4107 2952 4163 quae
2984 4102 3053 4145 ex
3082 4090 3191 4147 hoc
3214 4093 3498 4165 procedit,
3529 4093 3640 4150 erit

1986 4188 2237 4238 aeterna:
2272 4184 2329 4236 et
2356 4179 2466 4235 hoc
2497 4183 2607 4248 est,
2642 4201 2669 4229 ‹‹
2705 4179 3025 4235 confitebor
3065 4180 3175 4235 tibi
3200 4203 3253 4249 ››,
3286 4181 3344 4236 id
3375 4186 3482 4250 est,
3512 4181 3638 4238 lau-

1986 4272 2137 4327 dabo
2166 4274 2224 4325 te
2244 4286 2361 4325 non
2384 4272 2614 4323 tantum
2638 4268 2697 4323 in
2720 4267 2829 4323 hac
2849 4267 2965 4324 vita
2988 4269 3090 4325 sed
3115 4270 3293 4326 etiam
3322 4278 3361 4322 «'
3378 4271 3439 4326 in
3474 4276 3640 4329 aeter-

1987 4378 2129 4417 num
2164 4382 2191 4409 »
2224 4363 2283 4415 et
2313 4358 2373 4414 in
2404 4374 2497 4414 me
2526 4361 2583 4413 et
2610 4357 2672 4413 in
2704 4356 2873 4413 meis.

2485 4482 2558 4538 IN
2592 4480 2939 4537 PSALMUM
2977 4481 3137 4537 XXX.

2282 4592 2557 4647 TITULUS.
2588 4593 2659 4645 In
2684 4590 2850 4661 ﬁnem
2873 4589 3121 4661 psalmus
3149 4589 3343 4646 David.

2062 4743 2089 4770 ‹‹
2125 4719 2187 4773 In
2215 4720 2289 4784 te,
2324 4714 2630 4771 Domine.»
2650 4712 2917 4769 Psalmus
2946 4712 3055 4770 iste
3086 4714 3358 4771 convenit
3384 4714 3639 4785 Christo,

1988 4808 2089 4881 qui
2121 4806 2399 4878 loquitur,
2433 4804 2527 4858 hic
2559 4821 2675 4858 non
2707 4806 2937 4857 tantum
2970 4820 3075 4875 pro
3105 4821 3193 4873 se,
3220 4805 3321 4860 sed
3354 4821 3458 4877 pro
3487 4822 3642 4860 mar-

1987 4896 2213 4971 tyribus
2243 4895 2367 4949 suis
2398 4893 2657 4965 dirigens
2685 4892 2743 4946 in
2777 4892 3042 4963 ﬁnem,id
3074 4897 3185 4961 est,
3205 4894 3264 4948 in
3296 4893 3590 4949 Christum
3624 4906 3639 4945 :

1988 4992 2045 5043 et
2078 4987 2172 5041 hic
2205 4988 2441 5039 notatur
2472 4980 2718 5036 intentio
2749 4982 2906 5037 sicut
2932 4986 2989 5037 et
3016 4981 3077 5036 in
3107 4982 3329 5038 caeteris
3375 4979 3640 5053 psalmis.

1989 5074 2292 5132 Materiam
2324 5073 2500 5128 habet
2531 5072 2589 5127 in
2622 5071 2730 5127 hoc
2762 5071 2990 5143 psalmo
3023 5071 3137 5125 duo
3169 5069 3458 5141 Opposita,
3480 5068 3642 5123 auxi-

1990 5166 2135 5222 lium
2167 5163 2371 5219 divina:
2404 5162 2658 5235 pietatis,
2693 5166 2748 5217 et
2778 5161 3048 5216 humanae
3095 5158 3433 5230 fragilitatis
3463 5157 3644 5214 mise-

1990 5256 2138 5312 riam
2163 5254 2350 5310 ethoc
2368 5251 2595 5325 psalmo
2618 5256 2735 5308 tres
2758 5254 2953 5322 partes
2973 5248 3243 5315 facimus,
3278 5251 3336 5303 et
3364 5247 3425 5304 in
3454 5247 3647 5320 prima

1991 5348 2153 5419 parte
2186 5344 2493 5399 attendens
2523 5338 2983 5396 misericordiam
3010 5337 3132 5405 Dei,
3153 5335 3300 5409 petit
3328 5353 3390 5393 se
3421 5340 3485 5393 et
3506 5353 3646 5394 suos

1992 5452 2095 5508 per
2124 5433 2381 5489 divinam
2414 5425 2940 5493 misericordiam,a
2968 5424 3221 5481 miseriis
3243 5442 3316 5481 ne
3348 5426 3645 5497 deﬁciant,

1991 5522 2247 5581 liberari.
2267 5527 2332 5577 In
2362 5518 2621 5576 secunda
2649 5519 2813 5588 parte
2840 5513 3108 5571 miserias
3136 5521 3466 5589 enumerat,
3498 5534 3647 5590 quas

1991 5614 2120 5690 ipse
2140 5617 2197 5673 et
2217 5610 2309 5670 sui
2337 5604 2735 5686 patiuntur.ln
2756 5603 2931 5665 tertia
2958 5620 3092 5665 vero
3123 5604 3290 5683 ponit
3316 5604 3650 5669 exsultatio-

2871 3470 2930 3527 id
2980 3476 3087 3540 est,
3121 3475 3392 3529 ostendat
3420 3479 3476 3530 te
3505 3492 3634 3532 esse
3738 3512 3747 3517 ~
