4092 6178
433 311 552 374 295

844 312 1254 373 HAYMONIS
1288 312 1826 372 HALBERSTAT.
1862 309 2103 372 EPISC.
2135 309 2308 371 orp.
2343 310 2568 372 rans.
2602 311 2648 372 ι.
2683 291 2761 356 -‘
2789 309 3194 377 COMMENT.
3229 309 3426 371 BIBL.

436 463 570 504 nem
603 460 721 500 sua:
749 442 1134 510 liberationis,
1165 447 1221 499 et
1249 443 1570 515 gratiarum
1604 444 1912 512 actionem,
1939 443 2082 498 invi-
2111 442 2168 510 Α
2200 459 2410 500 nomen
2443 445 2590 516 ejus,
2627 463 2650 494 α
2672 461 2847 517 quem
2878 444 3374 514 absconderunt,»
3394 443 3453 498 id
3472 446 3580 510 est,
3595 441 3837 501 latenter

437 541 523 591 tat
552 535 728 590 etiam
763 532 909 588 alios
939 532 1011 586 ad
1044 532 1144 587 Dei
1177 532 1570 588 dilectionem.
1605 534 1861 589 Intendit
1891 538 2085 588 autem

435 623 702 681 homines
724 622 793 677 ad
804 624 1129 688 monere,ut
1151 638 1338 693 neque
1361 622 1688 693 desperent,
1724 623 2088 677 attendentes

436 731 574 770 suas
595 711 1083 780 miserias,neque
1116 711 1460 782 superbiant
1482 711 1657 766 stulte
1681 712 1750 766 de
1772 712 1870 766 Dei
1907 709 2087 766 mise-

434 801 683 858 ricordia
703 803 1144 871 praesumentes,
1165 803 1222 854 et
1253 799 1335 854 sic
1367 800 1762 868 manifeste,in
1797 801 1993 870 linem,
2025 799 2086 857 id

433 896 538 956 est,
573 891 632 945 in
663 888 960 945 Christum
994 905 1101 944 nos
1133 887 1351 962 dirigit.

503 981 572 1035 Et
594 969 1090 1044 admonens,alios
1114 978 1196 1032 sic
1219 978 1361 1032 dicit
1384 995 1396 1034 :
1425 977 1613 1034 Nolite
1645 994 1995 1050 praesumere
2015 979 2084 1033 de

429 1069 724 1136 vobis,sed
758 1072 987 1138 sperate
1019 1067 1077 1120 in
1111 1066 1537 1134 Domino,sicut
1557 1072 1612 1122 et
1641 1084 1746 1140 ego
1777 1084 2082 1139 nunquam

431 1161 503 1214 de
533 1175 626 1213 me
657 1155 1026 1230 priesumpsi,
1061 1155 1163 1210 sed
1195 1178 1222 1204 ‹‹
1259 1156 1482 1228 speravi
1511 1173 1740 1228 semper
1771 1157 1828 1210 in
1861 1161 1937 1225 te,
1972 1156 2084 1211 Do-

431 1247 588 1302 mine
623 1268 649 1295 »
683 1245 838 1300 Deus
868 1260 1059 1310 meus,
1091 1247 1148 1299 et
1191 1243 1330 1315 quia
1380 1244 1605 1316 speravi
1636 1268 1662 1294 ‹‹
1690 1263 1805 1301 non
1836 1245 2083 1300 confun-

429 1338 534 1392 dar
559 1335 617 1390 in
650 1338 992 1389 aeternum.»
1016 1333 1140 1388 Non
1175 1338 1349 1405 negat
1379 1333 1520 1405 quin
1554 1334 1810 1406 patiatur
1837 1333 2085 1389 exsulta~

426 1425 646 1482 tionem
680 1423 1183 1488 inimicorum,sed
1210 1421 1521 1478 illatamen
1556 1428 1770 1478 aeterna
1803 1440 1917 1478 non
1950 1423 2079 1478 erit:

429 1539 456 1565 ‹‹
490 1531 605 1569 non
627 1512 955 1568 confundar
985 1511 1043 1566 in
1074 1516 1425 1579 aeternum,»
1456 1513 1557 1568 sed
1590 1511 2079 1584 potius,Domine,

428 1628 455 1653 «
493 1603 676 1658 libera
706 1619 798 1656 me
833 1624 860 1649 »
892 1605 947 1655 et
977 1617 1161 1667 meos,
1195 1617 1267 1655 ne
1301 1601 1536 1672 frangar
1591 1600 1844 1656 miseriis
1901 1600 2080 1671 hujus

427 1691 652 1760 mundi,
685 1695 742 1746 et
773 1690 880 1744 hoc
912 1713 940 1739 «
976 1689 1035 1744 in
1077 1689 1311 1760 justitia
1356 1694 1475 1756 tua,
1514 1712 1540 1738 »
1572 1689 1711 1762 quia
1743 1689 1852 1746 hoc
1906 1689 2083 1762 exigit

417 1780 653 1854 justitia
683 1783 808 1846 tua,
840 1783 906 1834 ut
937 1783 1236 1850 sperantes
1267 1777 1327 1832 in
1361 1783 1417 1833 te
1449 1778 1682 1834 liberes.

495 1871 564 1925 Et
593 1869 732 1942 quia
759 1885 868 1924 vox
898 1885 1029 1923 mea
1057 1885 1173 1922 non
1197 1873 1394 1939 posset
1427 1869 1741 1924 ascendere
1773 1869 1844 1924 ad
1877 1873 1953 1936 te,
1990 1874 2075 1934 tu,

424 1959 686 2025 Domine,
722 1981 748 2007 ‹‹
776 1956 994 2011 inclina
1025 1973 1224 2012 aurem
1256 1961 1440 2026 tuam,
1465 1979 1492 2006 ι)
1527 1956 1584 2012 id
1616 1961 1725 2025 est,
1754 1957 2077 2028 potentiam

423 2053 586 2102 tuam
621 2069 647 2095 ‹‹
672 2046 743 2101 ad
779 2045 1006 2111 mc,»id
1042 2045 1226 2111 est,ad
1260 2044 1725 2099 subveniendum
1757 2045 1960 2113 mihi,«
1987 2046 2080 2100 in-

423 2136 598 2202 clina,
634 2156 661 2182 ››
696 2133 752 2187 id
781 2137 888 2199 est,
921 2132 1190 2198 humilia,
1225 2133 1297 2186 ad
1328 2131 1695 2202 eripiendum
1735 2149 1826 2188 me
1857 2134 1926 2188 de
1967 2133 2077 2188 mi-

422 2223 590 2279 seriis
621 2221 770 2277 istis.
805 2222 933 2275 Ilaec
964 2220 1265 2274 inclinatio
1299 2219 1647 2292 intelligitur
1675 2239 1802 2277 esse
1836 2221 1987 2277 facta
2015 2223 2075 2278 in

421 2313 551 2382 hoc,
571 2312 726 2384 quod
756 2311 998 2365 verbum
1031 2309 1129 2363 Dei
1154 2309 1386 2364 unitum
1409 2313 1497 2364 est
1527 2309 1796 2365 humana:
1830 2317 2071 2380 naturae,

420 2405 476 2457 et
498 2401 626 2473 ipsa
651 2415 882 2471 semper
911 2398 1104 2452 durat.
1141 2397 1361 2452 Inclina
1391 2398 1543 2469 dico,
1577 2403 1634 2453 et
1665 2422 1692 2447 ‹‹
1727 2398 2004 2467 accelera,
2044 2424 2073 2450 »

420 2490 477 2544 id
526 2494 638 2556 est,
665 2489 779 2543 cito
811 2489 900 2542 fac
930 2486 1128 2542 omnia
1160 2503 1522 2558 quaecunque
1555 2505 1656 2559 pro
1689 2505 1781 2544 me
1811 2490 2073 2546 (acturus

417 2597 501 2648 es,
563 2578 803 2642 scilicet,
855 2577 932 2631 da
984 2577 1299 2648 perfectam
1378 2578 1625 2632 formam
1684 2578 1912 2633 vivendi
1971 2595 2077 2651 per

417 2685 534 2737 me,
557 2667 883 2723 secundum
915 2665 1346 2720 humanitatem
1380 2682 1594 2721 meam.
1627 2667 1689 2722 In
1724 2672 1910 2722 morte
1942 2684 2076 2723 mea

416 2757 529 2813 cito
574 2756 793 2812 redime
837 2755 1066 2810 animas
1115 2755 1184 2810 de
1215 2753 1470 2824 infirmo,
1503 2773 1574 2810 ne
1607 2755 1844 2812 differas
1875 2773 2070 2812 resur-

415 2846 729 2902 rectionem
761 2861 947 2916 usque
978 2845 1036 2899 in
1059 2861 1456 2899 communem.
1492 2868 1519 2894 ‹‹
1553 2845 1823 2902 Accelera
1857 2868 1884 2896 ››
1917 2846 2066 2917 dico,

417 2959 444 2985 .‹
480 2939 563 3004 ut,
589 2952 760 2991 eruas
783 2951 899 3001 me,
924 2956 951 2983 ››
979 2938 1048 2988 ut
1075 2933 1222 2988 nihil
1253 2933 1509 3005 amplius
1539 2940 1940 3006 persecutores
1966 2952 2069 2991 no-

415 3041 544 3080 cere
573 3024 804 3080 valeant
834 3022 1000 3089 mihi,
1035 3039 1139 3078 nec
1171 3023 1316 3077 meis
1347 3023 1672 3094 praevalere.

486 3115 554 3169 Et
577 3111 830 3179 interim,
860 3111 915 3166 id
936 3115 1044 3178 est,
1069 3111 1207 3164 dum
1235 3110 1335 3165 illa
1363 3111 1703 3166 acceleratio
1725 3113 1854 3180 erit,
1889 3136 1916 3161 «
1941 3117 2068 3169 esto

2104 1817 2156 1883 B

2196 540 2550 605 paraverunt
2577 557 2603 585 ι(
2637 535 2780 590 mihi
2815 557 2842 584 »
2877 551 3052 606 quem
3085 533 3314 590 nullum
3364 532 3508 588 latet
3553 537 3834 589 secretum

2195 623 2377 690 (Hebr.
2413 624 2510 696 1v).
2563 624 2714 680 Suos
2761 623 3034 680 similiter
3079 623 3252 695 eripit
3294 622 3449 678 Deus
3498 622 3569 678 de
3617 620 3836 694 laqueis

2195 711 2434 781 diaboli,
2470 713 2598 769 ideo
2651 713 2770 769 scio
2816 713 2956 786 quia
3002 713 3236 779 educes,
3267 733 3296 762 «
3345 710 3626 783 quoniam
3673 713 3736 766 tu
3777 726 3836 766 es

2196 805 2487 873 protector
2518 819 2686 859 meus
2718 824 2744 854 ››
2779 807 2836 858 et
2865 819 2979 857 non
3013 805 3208 873 potest
3247 799 3570 872 illaqueari,
3604 797 3706 872 qui
3751 803 3835 854 ta-

2194 887 2308 945 lem
2338 889 2515 946 habet
2542 895 2952 962 protectorem.

2264 978 2336 1032 Et
2349 977 2485 1050 quia
2501 999 2528 1027 ‹‹
2548 994 2610 1033 es
2622 981 2928 1050 protector,
2948 998 2976 1026 η
3002 977 3132 1032 ideo
3157 997 3185 1028 ι(
3206 976 3550 1032 commendo
3565 974 3836 1049 spiritum

2193 1084 2417 1135 meum,
2453 1091 2474 1117 ιι
2511 1068 2568 1123 id
2595 1071 2702 1135 est,
2737 1066 2996 1123 animam
3027 1083 3220 1122 meam
3254 1086 3283 1116 «
3317 1065 3376 1120 in
3408 1069 3786 1131 manustuas,
3810 1087 3830 1114 ι

2192 1157 2250 1212 id
2265 1161 2373 1227 est,
2387 1157 2446 1212 in
2465 1161 2808 1229 potestatem
2827 1161 3012 1212 tuam.
3032 1177 3060 1206 «
3077 1155 3434 1213 Commendo
3451 1175 3479 1205 η
3501 1154 3661 1222 dicit,
3681 1153 3837 1210 sicut

2190 1246 2276 1302 illi
2309 1247 2401 1303 cui
2435 1246 2741 1302 familiaris
2773 1246 2904 1315 fuit,
2935 1251 2992 1302 et
3021 1245 3115 1302 cui
3145 1246 3291 1302 bene
3322 1244 3652 1301 conﬁdebat
3679 1242 3834 1315 quod

2192 1337 2478 1404 redderet,
2511 1340 2569 1392 et
2597 1340 2682 1404 tu,
2719 1357 2747 1386 «
2779 1334 3024 1391 Domine
3053 1335 3208 1390 Deus
3237 1333 3522 1402 veritatis(
3535 1331 3836 1388 redemisti

2192 1442 2305 1481 me.
2342 1448 2370 1475 ››
2403 1425 2726 1498 Redempta
2754 1428 2843 1480 est
2872 1425 3071 1479 anima
3099 1423 3314 1479 Christi
3347 1427 3404 1479 et
3433 1421 3704 1488 aliorum,
3734 1437 3838 1492 per

2189 1531 2358 1570 suam
2388 1520 2508 1569 tam
2539 1515 2852 1586 perfectam
2883 1512 3296 1568 obedientiam.

2261 1604 2331 1658 Et
2358 1603 2486 1659 ideo
2510 1602 2649 1674 quia
2665 1603 2819 1658 Deus
2841 1619 2904 1658 es
2925 1601 3182 1656 veritatis
3205 1625 3231 1651 ‹‹
3257 1599 3434 1656 odisti
3459 1599 3837 1656 observantes

2187 1693 2495 1762 vanitates,
2533 1716 2560 1742 ››
2590 1692 2649 1747 id
2681 1697 2787 1762 est,
2821 1691 3173 1764 appetitores
3205 1690 3665 1746 mundanorum.
3687 1687 3838 1744 Vere

2187 1781 2312 1837 istae
2344 1799 2436 1837 res
2469 1782 2778 1837 mundana:
2806 1786 2946 1837 sunt
2985 1781 3290 1846 vanitates,
3325 1779 3465 1850 quia
3496 1801 3523 1828 «
3557 1792 3836 1850 superva-

2189 1889 2332 1926 cuae.
2366 1893 2393 1920 ››
2425 1871 2633 1927 Vacua:
2673 1874 2832 1937 sunt,
2864 1887 2991 1942 qua:
3039 1868 3186 1924 nihil
3236 1866 3508 1924 utilitatis
3558 1867 3834 1939 afferunt,

2187 1976 2577 2032 supervacue,
2612 1960 2751 2032 quia
2779 1959 2955 2014 etiam
2988 1959 3272 2014 damnum
3304 1957 3576 2014 afferunt.

2260 2048 2394 2104 Illos
2417 2049 2613 2118 odisti,
2630 2072 2656 2098 ‹‹
2674 2065 2778 2121 ego
2792 2053 2986 2104 autem
3009 2047 3232 2120 speravi
3246 2046 3306 2102 in
3322 2046 3568 2102 Domino
3589 2067 3616 2096 υ
3630 2046 3836 2103 etideo

2186 2161 2214 2187 «
2249 2138 2548 2195 exsultabo
2575 2161 2602 2186 ››
2636 2137 2695 2192 in
2725 2154 2963 2210 corpore
2979 2159 3005 2187 ‹‹
3039 2140 3096 2192 et
3115 2135 3354 2192 laetabor
3376 2134 3475 2189 nin
3499 2135 3709 2207 spiritu
3725 2158 3757 2183 ‹‹
3775 2133 3834 2192 in

2184 2226 2586 2283 misericordia
2624 2231 2727 2282 tua
2777 2250 2805 2276 ››
2855 2225 3099 2293 scilicet,
3149 2242 3266 2281 non
3318 2228 3547 2280 tantum
3593 2228 3838 2296 propter

2183 2316 2292 2372 hoc
2323 2317 2476 2388 quod
2509 2315 2757 2388 speravi.
2784 2315 2848 2371 In
2880 2314 2990 2369 hoc
3019 2315 3172 2386 quod
3203 2313 3345 2369 dicit
3373 2311 3839 2384 exsultare,quia

2181 2405 2454 2476 speravit,
2487 2409 2668 2471 notat,
2702 2403 3001 2459 veritatem
3035 2403 3156 2458 Dei.
3191 2402 3315 2458 Non
3345 2402 3503 2458 enim
3543 2401 3698 2457 Deus
3728 2416 3835 2456 ve-

2181 2493 2371 2548 ritatis
2400 2498 2572 2563 esset,
2609 2492 2720 2548 nisi
2753 2491 3079 2548 secundum
3108 2491 3294 2548 Deum
3324 2490 3672 2546 retribueret
3690 2505 3837 2561 spe-

2181 2582 2334 2637 ranti
2364 2581 2423 2636 in
2455 2597 2540 2636 se.

2252 2671 2401 2726 Bene
2433 2670 2584 2738 dico,
2607 2669 2747 2742 quia
2777 2668 3080 2725 exsultabo
3115 2686 3128 2725 :
3165 2690 3193 2719 «
3224 2667 3503 2740 quoniam
3522 2665 3836 2738 respexisti

2178 2759 2574 2815 humilitatem
2609 2775 2824 2826 meam,
2857 2781 2884 2807 ››
2918 2759 2975 2812 id
3007 2761 3118 2825 est,
3149 2757 3426 2814 misertus
3457 2773 3519 2812 es
3546 2771 3690 2812 mea:
3713 2755 3835 2814 fra-

2177 2848 2424 2922 gilitatis
2455 2852 2512 2904 et
2544 2864 2809 2902 meorum
2839 2850 2895 2903 et
2926 2845 3282 2914 afﬂictionis,
3308 2862 3380 2901 ne
3413 2861 3447 2900 a
3471 2861 3834 2918 persequen-

2178 2939 2335 2994 tibus
2384 2954 2626 3009 superer
2673 2960 2698 2985 ‹‹
2735 2935 2974 2992 salvasti
3028 2934 3205 2990 etiam
3237 2934 3495 2990 animam
3528 2948 3722 2988 meam
3761 2933 3836 2989 de

2179 3025 2651 3091 necessitatibus,
2699 3046 2726 3072 ››
2771 3023 2829 3079 id
2884 3027 2992 3092 est,
3047 3025 3117 3079 de
3164 3021 3440 3095 peccatis,
3488 3022 3559 3076 de
3607 3021 3835 3094 quibus

2177 3116 2376 3172 anima
2405 3114 2615 3171 Christi
2650 3113 2934 3169 immunis
2966 3113 3093 3181 fuit,
3129 3113 3336 3168 animae
3370 3126 3612 3167 suorum
3640 3127 3676 3166 a
3706 3112 3834 3166 cri-

417 3201 562 3255 mihi
613 3200 670 3254 in
724 3200 907 3253 Deum
961 3203 1368 3269 protectorem,
1407 3222 1433 3248 »
1484 3201 1540 3254 id
1593 3205 1700 3267 est,
1735 3205 1853 3256 tam
1899 3202 2064 3256 fortis
2095 3185 2138 3253 C
2178 3205 2521 3272 minalibus,
2568 3203 2655 3258 vel
2707 3202 2756 3257 si
2804 3202 2894 3257 sui
2945 3201 3261 3257 habuerint
3308 3199 3660 3270 criminalia,
3706 3216 3832 3257 non

417 3292 726 3360 protector,
751 3303 929 3356 quam
958 3287 1147 3341 bonus
1169 3287 1322 3342 Deus
1343 3292 1505 3358 potes
1526 3306 1672 3354 esse,
1699 3306 1769 3344 ne
1797 3289 2067 3346 vulnerer

414 3374 1034 3440 telisinimicorum,et
1052 3379 1174 3430 esto
1197 3375 1339 3430 mihi
1371 3399 1398 3424 «
1433 3376 1490 3429 in
1523 3377 1763 3432 domum
1795 3379 2062 3450 refugii,»

416 3465 472 3520 id
487 3469 593 3532 est,
610 3462 940 3519 securitatis
969 3463 1028 3518 in
1061 3481 1177 3535 qua
1209 3463 1508 3535 quiescam
1539 3466 1719 3522 {initis
1739 3467 2060 3537 laboribus,

415 3557 472 3608 et
493 3553 630 3624 quia
650 3556 890 3625 possent
919 3552 1072 3606 finiri
1117 3551 1347 3608 labores
1379 3554 1449 3608 ad
1482 3559 1735 3626 tempus,
1768 3561 1823 3612 et
1855 3557 2063 3612 reinci-

414 3647 636 3714 perent,
669 3642 833 3696 addit
862 3665 888 3692 ‹‹
924 3646 990 3696 ut
1034 3641 1260 3696 salvum
1311 3658 1404 3698 me
1459 3643 1659 3711 facias,
1698 3668 1723 3694 »
1758 3647 1814 3700 id
1837 3651 1943 3713 est,
1979 3646 2062 3702 sic

413 3731 495 3786 sis
515 3731 658 3785 mihi
684 3731 996 3803 refugium,
1015 3749 1085 3786 ne
1109 3730 1355 3787 ulterius
1387 3731 1581 3787 labore
1613 3733 1808 3806 aliquo
1837 3735 2061 3791 valeam

411 3820 668 3876 excitari.

484 3910 614 3966 Ideo
645 3913 776 3981 peto
799 3913 863 3965 ut
884 3910 966 3966 sis
993 3909 1135 3965 mihi
1160 3915 1452 3982 protector
1481 3917 1537 3967 et
1558 3913 1907 3986 refugium,«
1924 3932 2064 3986 quo-

410 3997 569 4052 niam
605 4019 633 4046 »
664 4002 727 4051 tu
778 3998 938 4053 solus
989 4016 1052 4053 es
1087 4022 1111 4047 ‹‹
1143 4001 1421 4056 fortitudo
1471 4019 1618 4070 mea,
1654 4025 1680 4053 ››
1715 4021 1831 4075 qua
1871 4020 1976 4077 ego
2006 4008 2064 4059 et

411 4084 522 4139 mei
543 4085 841 4156 possimus
863 4091 1066 4140 contra
1097 4095 1489 4160 repugnantes
1511 4090 1863 4159 resistere,et
1883 4093 2060 4148 etiam

410 4197 437 4223 «
473 4177 534 4227 tu
567 4189 629 4227 es
661 4173 953 4244 refugium
988 4191 1207 4242 meum,
1245 4199 1272 4224 »
1304 4176 1362 4231 id
1396 4184 1502 4244 est,
1537 4181 1820 4236 securitas
1854 4181 1912 4236 in
1945 4200 2063 4254 qua

409 4259 786 4332 quiescamus
809 4265 865 4316 et
885 4278 989 4332 ego
1011 4267 1068 4317 ct
1088 4262 1223 4318 mei.
1249 4264 1403 4321 Deus
1435 4267 1543 4320 fuit
1574 4269 1863 4340 refugium
1895 4271 2059 4325 Chri-

409 4354 498 4405 sto
543 4349 602 4404 in
650 4351 1095 4419 resurrectione,
1133 4352 1258 4408 suis
1291 4355 1574 4410 membris
1621 4361 1712 4412 est
1745 4357 2059 4430 refugium,

407 4455 542 4494 cum
563 4439 702 4494 facit
725 4456 823 4495 eos
846 4456 1084 4496 securos
1107 4458 1210 4512 per
1229 4448 1599 4498 sacramenta
1627 4444 1917 4514 Ecclesia,
1942 4448 2061 4502 sci-

2173 3298 2498 3351 nocuerunt
2556 3293 2660 3348 eis.
2712 3291 3099 3348 Necessitates
3149 3294 3386 3362 peccata
3432 3288 3722 3356 nominat,
3773 3294 3831 3344 et

2172 3385 2310 3458 quia
2357 3381 2718 3439 inevitabiles
2768 3385 2909 3436 sunt
2957 3380 3315 3452 hominibus,
3350 3383 3406 3435 et
3444 3377 3584 3451 quia
3614 3395 3827 3434 necem

2169 3477 2424 3547 portant.

2243 3563 2312 3618 Et
2341 3562 2480 3634 quia
2501 3559 2762 3628 salvasti,
2779 3561 2906 3616 ideo
2930 3583 2958 3610 ‹‹
2978 3576 3095 3614 non
3118 3556 3455 3613 conclusisti
3479 3571 3572 3612 me
3595 3555 3655 3610 in
3699 3573 3828 3612 ma-

2173 3670 2284 3708 nus
2317 3651 2561 3719 inimici,
2599 3674 2626 3700 ››
2660 3651 2717 3705 id
2757 3654 2864 3715 est,
2916 3652 3201 3720 potestate
3239 3645 3474 3702 diaboli.
3509 3646 3574 3702 In
3608 3662 3832 3702 manus

2172 3739 2395 3796 inimici
2425 3739 2738 3796 conclusus
2767 3743 2941 3803 esset,
2978 3737 3028 3792 si
3058 3737 3220 3791 nullo
3247 3736 3420 3791 modo
3453 3734 3526 3790 ab
3557 3735 3692 3804 ejus
3727 3751 3834 3807 po-

2170 3834 2378 3885 testate
2410 3829 2604 3901 egredi
2639 3826 2974 3900 posset,sed
2996 3825 3191 3897 potius
3218 3847 3245 3874 »
3269 3823 3596 3891 statuisti,»
3621 3823 3683 3878 id
3715 3829 3830 3892 est,

2170 3919 2417 3974 firmiter
2443 3917 2690 3990 posuisti
2725 3938 2754 3966 «
2787 3915 2962 3988 pedes
2994 3931 3177 3981 meos,
3199 3937 3225 3962 ››
3258 3913 3314 3968 id
3347 3917 3456 3979 est,
3489 3911 3834 3968 affectiones

2170 4024 2331 4063 meas
2363 4029 2389 4055 «
2427 4006 2484 4059 in
2519 4003 2776 4076 spatioso
2809 4003 2932 4059 loco
2968 4024 2995 4050 »
3029 4001 3108 4056 ita
3139 4005 3204 4056 ut
3246 4000 3372 4056 sine
3413 3998 3612 4071 aliqua
3641 3999 3831 4054 otl'cn-

2170 4097 2332 4172 sione
2363 4093 2584 4168 possim
2619 4092 2905 4158 incedere,
2939 4091 3094 4146 sicut
3122 4089 3337 4162 aliquis
3368 4089 3426 4144 in
3459 4087 3724 4160 spatioso
3757 4087 3832 4142 li-

2169 4187 2304 4242 bere
2336 4183 2554 4238 incedit
2585 4182 2739 4254 quod
2771 4179 2913 4234 vult.
2945 4178 3048 4234 Vel
3079 4178 3415 4254 perAlocum
3466 4176 3829 4250 spatiosum,

2169 4273 2514 4330 charitatem
2545 4246 2965 4343 intelligamus,
3000 4267 3059 4323 in
3079 4246 3224 4340 qua.
3246 4246 3520 4324 Christus
3550 4264 3666 4320 late
3699 4281 3836 4321 am-

2169 4362 2408 4431 bulavit,
2443 4365 2502 4417 et
2528 4359 2620 4416 sui
2651 4364 2710 4415 et
2741 4375 2874 4414 cum
2909 4357 3172 4430 proximo
3205 4374 3333 4413 suo.

2240 4452 2343 4507 Hic
2377 4449 2584 4521 incipit
2613 4447 2871 4504 secunda
2900 4463 3035 4518 pars
3061 4447 3133 4501 de
3163 4443 3601 4501 enumeratione
3644 4441 3834 4499 mise-

406 4527 542 4623 licet
571 4545 674 4600 per
721 4545 933 4623 corpus
965 4527 1199 4623 Christi,
1231 4547 1333 4623 per
1362 4530 1673 4623 orationes,
1705 4538 1814 4623 etc.
1848 4535 1916 4590 Et
1942 4553 2058 4592 non
2087 4559 2134 4623 D
2168 4534 3035 4609 riarumhumanmfragilitatis.
3056 4535 3371 4606 Postquam
3389 4532 3834 4589 dixitseessein

406 4621 638 4672 tantum
670 4622 963 4687 protector
991 4617 1105 4673 eris
1137 4623 1192 4674 et
1224 4619 1536 4691 refugium,
1572 4622 1671 4676 sed
1696 4622 1873 4678 etiam
1902 4647 1929 4674 «
1958 4626 2056 4681 de-

405 4705 584 4760 duces
613 4721 706 4759 me
744 4711 801 4760 et
839 4706 1097 4762 enutries
1146 4724 1258 4775 me,
1297 4730 1324 4756 ››
1348 4708 1404 4763 id
1424 4701 1546 4779 'est,
1580 4710 1638 4764 in
1671 4713 1906 4786 pr0pria
1935 4732 2060 4786 per-

405 4809 551 4849 sona
577 4793 864 4849 deductus
890 4799 979 4849 est
1021 4795 1309 4863 Christus,
1343 4813 1474 4853 cum
1511 4799 1583 4854 ad
1616 4817 1821 4857 omnes
1853 4808 2055 4875 gentes

404 4899 507 4955 per
528 4882 997 4954 prazdicationcm
1018 4885 1415 4955 apostolorum
1439 4905 1650 4944 nomen
1669 4908 1843 4946 suum
1865 4898 2057 4948 cxten-

404 4988 536 5026 sum
560 4971 1044 5040 est,dcducuntur
1060 4972 1152 5028 sui
1170 4991 1272 5045 per
1288 4975 1689 5033 dilatationcm
1708 4979 2058 5050 famaa,sicut

404 5059 608 5116 Petrus
629 5059 906 5115 dilatatus
933 5061 1040 5115 fuit
1060 5078 1161 5132 per
1182 5067 1370 5118 totum
1396 5066 2053 5127 mundum.Christusin

402 5148 638 5221 propria
660 5165 906 5220 persona
928 5150 1185 5206 nutritus
1205 5153 1444 5220 erat,sui
1461 5154 1800 5212 nutriuntur
1819 5162 2054 5229 quando

403 5236 473 5290 de
494 5237 704 5293 virtute
731 5238 792 5293 in
824 5239 1099 5295 virtutem
1136 5241 1460 5296 redduntur
1491 5260 1503 5298 :
1541 5248 1596 5299 et
1625 5244 1734 5300 hoc
1767 5270 1793 5297 «
1820 5253 2056 5318 propter

404 5341 616 5380 nomen
645 5330 815 5382 tuum
852 5351 878 5377 »
911 5328 1300 5384 dilatandum.

474 5414 626 5469 Bene
657 5413 838 5482 dico,«
856 5417 1106 5473 deduces
1138 5435 1230 5474 me
1256 5442 1283 5467 ››
1307 5418 1365 5473 in
1385 5421 1800 5492 cognitionem,
1822 5425 1958 5496 quia
1987 5430 2056 5482 tu

403 5524 431 5551 «
464 5502 678 5557 educes
707 5504 778 5560 de
807 5503 1038 5577 laqueo,
1063 5530 1091 5555 ››
1115 5507 1172 5561 id
1204 5512 1311 5576 est,
1337 5509 1408 5564 de
1438 5515 1645 5582 morte,
1678 5528 1806 5584 qua:
1837 5514 2054 5571 dicitur

401 5589 696 5670 laqueus:
743 5593 882 5672 quia
927 5611 1032 5672 per
1081 5599 1327 5654 mortem
1373 5602 1725 5673 putaverunt
1767 5601 2053 5680 impedire

2167 4630 2426 4704 spatioso
2440 4627 2562 4683 loco
2578 4643 2680 4699 per
2692 4624 3153 4681 misericordiam
3168 4623 3290 4692 Dei,
3305 4623 3520 4678 timens
3536 4625 3739 4676 tamen
3757 4620 3835 4675 de

2167 4738 2278 4777 sua
2299 4713 3048 4791 tragilitate,cnumerando
3079 4711 3350 4768 miserias
3381 4707 3837 4781 suas,postulat

2166 4807 2454 4875 misereri,
2481 4804 2564 4860 sic
2597 4805 2835 4859 dicens:
2871 4827 2898 4852 «
2933 4803 2977 4858 Ο
3009 4802 3254 4858 Domine
3285 4800 3559 4857 miserere
3581 4798 3696 4853 mei
3722 4821 3753 4846 ››
3773 4802 3839 4854 et

2165 4914 2313 4969 opus
2345 4901 2434 4951 est
2466 4917 2493 4943 «
2528 4908 2807 4964 quoniam
2841 4890 3091 4945 tribulor
3121 4912 3149 4940 »
3181 4894 3238 4946 et
3268 4889 3457 4961 ipsam
3485 4885 3833 4942 tribulatio-

2164 5003 2297 5042 nem
2332 4979 3036 5055 aggravat,scilicet,talis
3062 4984 3152 5036 est
3178 4979 3278 5034 illa
3299 4976 3623 5043 tribulatio,
3655 4975 3835 5047 quod

2164 5091 2233 5130 ex
2261 5091 2329 5128 ea
2359 5095 2387 5122 «
2419 5069 2646 5138 oculus,
2683 5091 2711 5118 ››
2745 5068 2802 5124 id
2835 5067 3286 5137 est,intellectus
3321 5083 3490 5124 meus
3522 5088 3549 5116 ‹‹
3575 5071 3836 5122 contur-

2163 5165 2336 5220 batus
2366 5165 2455 5217 est
2480 5161 2538 5215 in
2570 5160 2676 5228 ira,
2710 5179 2731 5209 ι
2767 5157 2825 5214 id
2858 5163 2966 5226 est,
2992 5158 3052 5212 in
3083 5175 3254 5230 paena
3282 5156 3448 5214 illata
3477 5155 3550 5212 ab
3580 5154 3664 5212 eis
3697 5177 3730 5204 ‹‹
3770 5158 3837 5210 et

2164 5251 2360 5308 anima
2391 5266 2542 5316 mea,
2572 5272 2598 5297 ››
2631 5249 2689 5303 id
2720 5251 2831 5315 est,
2863 5247 3198 5303 animalitas
3237 5263 3370 5303 mea
3401 5263 3415 5302 :
3451 5268 3480 5297 «
3513 5249 3570 5301 et
3615 5248 3840 5300 venter

2164 5358 2352 5411 meus,
2387 5361 2414 5389 »
2448 5339 2506 5394 ib
2538 5341 2645 5407 est,
2680 5336 2964 5392 memoria
2996 5351 3148 5407 mea,
3179 5353 3308 5408 qua:
3338 5334 3468 5391 ideo
3491 5337 3698 5390 venter
3728 5333 3835 5388 di-

2162 5429 2489 5502 citur,quia
2519 5428 2674 5484 sicut
2704 5428 2764 5483 in
2794 5431 2993 5484 ventre
3022 5443 3168 5483 esca:
3199 5427 3618 5491 reconduntur,
3647 5423 3733 5480 ita
3761 5425 3835 5481 in

2161 5520 2447 5577 memoria
2475 5517 2674 5574 abdita
2705 5517 3103 5574 reconduntur
3130 5520 3187 5574 et
3211 5520 3453 5574 secreta.
3467 5538 3497 5566 «
3513 5514 3840 5572 Turbatus

2159 5614 2250 5670 est
2297 5632 2327 5662 ››
2375 5608 2646 5686 quamvis
2694 5610 2888 5666 certus
2935 5611 3095 5667 esset
3136 5607 3209 5667 de
3255 5603 3646 5684 promissione
3677 5619 3835 5680 qua
