4070 6180
188 313 296 410 45-7

1365 339 1860 406 EXPLANATIO
1906 297 1984 402 IN
2031 339 2410 409 PSALMOS.

3479 327 3610 417 299‘

189 455 403 558 dixerat
436 495 450 533 :
482 477 514 527 «'
551 476 874 533 Clariflcavi
933 481 990 534 et
1035 477 1248 534 iterum
1297 475 1628 534 clariﬁcabo
1659 477 1833 543 (Joan.
1950 475 2088 544 divi,
2119 501 2145 526 »
2179 479 2237 535 id
2268 485 2377 548 est,
2429 481 2720 554 patienter
2769 483 3025 540 sustinui
3049 507 3075 534 «
3110 455 3596 558 vituperationem

189 569 371 639 2111):»
411 585 529 623 non
583 567 662 622 ita
711 567 993 623 debemus
1042 566 1363 640 intelligere
1396 567 1609 622 Christi
1639 567 1839 636 vitam,

188 656 295 713 sive
347 655 701 712 memoriam
758 673 886 713 esse
949 658 1266 724 turbatam,
1305 659 1371 712 ut
1423 655 1618 728 aliquo
1671 654 1842 710 modo

189 739 476 815 deﬁceret,
529 745 630 800 sed
681 748 884 818 sponte
944 745 1283 801 conturbari
1322 734 1543 811 'voluit,
1592 747 1657 800 ut
1712 741 1842 798 aliis

188 828 516 907 exemplum
549 833 924 906 relinqueret,
959 852 1032 891 ne
1068 833 1118 890 si
1149 835 1551 900 turbarentur,
1579 833 1844 904 despera-

188 927 334 980 rent.
893 991 895 994 ,

249 1013 395 1068 Ecce
426 1011 744 1085 praemissae
793 1011 1193 1070 tribulationis
1241 1015 1436 1086 partes
1479 1009 1838 1084 exsequitur.

187 1103 323 1159 Vere
354 1099 630 1169 tribulor,
658 1124 684 1150 ‹‹
719 1100 998 1173 quoniam
1028 1102 1146 1157 vita
1179 1118 1307 1157 mea
1340 1125 1366 1151 »
1398 1101 1682 1157 hactenus
1714 1103 1844 1155 acta

190 1213 215 1242 ς(
239 1190 298 1246 in
330 1188 534 1246 dolore
581 1189 882 1257 deﬁciet,»
916 1190 976 1245 in
1028 1194 1214 1246 morte
1247 1208 1259 1246 :
1296 1195 1351 1246 et
1390 1190 1530 1262 quia
1575 1188 1694 1244 vita
1743 1187 1844 1243 illa

187 1283 377 1355 posset
411 1295 543 1336 esse
574 1282 702 1334 acta
732 1278 791 1334 in
823 1278 1020 1336 dolore
1066 1296 1170 1351 per
1199 1296 1385 1334 unum
1434 1279 1589 1334 diem
1617 1276 1706 1333 vel
1739 1293 1844 1349 per

188 1371 347 1441 duos,
373 1368 534 1440 quod
569 1385 684 1422 non
705 1368 999 1423 videretur
1029 1385 1335 1441 magnum,
1359 1367 1523 1423 addit
1545 1385 1591 1422 ;‹‹
1622 1370 1678 1421 01
1701 1365 1839 1420 anni

189 1457 316 1529 mei,
341 1479 369 1508 η
397 1457 459 1512 id
492 1460 601 1532 est,
633 1457 752 1512 vita
798 1473 928 1512 mea
979 1455 1182 1511 multis
1214 1456 1384 1512 annis
1414 1460 1542 1512 acta
1573 1479 1598 1503 ‹‹
1634 1455 1692 1509 in
1742 1470 1838 1527 ge-

189 1535 428 1604 mitibus
460 1568 489 1595 »
526 1541 757 1601 deficiet
784 1545 843 1600 in
892 1544 1098 1601 morte.
1134 1545 1213 1601 De
1245 1543 1599 1617 quibusdam
1649 1561 1838 1599 mem—

189 1635 300 1694 bris
358 1623 582 1692 Christi
643 1637 834 1708 potest
892 1633 1037 1703 dici,
1101 1635 1237 1707 quia
1308 1633 1424 1689 vita
1482 1648 1682 1689 eorum
1739 1648 1842 1704 per

189 1724 402 1782 multos
436 1724 551 1780 fuit
581 1741 768 1780 annos
797 1723 857 1778 in
901 1722 1119 1793 dolore,
1154 1719 1332 1779 sicuti
1359 1724 1428 1778 de
1461 1721 1636 1778 Paulo
1668 1725 1725 1776 et
1755 1720 1837 1776 si—

189 1801 446 1892 milibus,
478 1814 552 1869 de
587 1812 944 1885 quibusdem
975 1830 1108 1869 vero
1141 1811 1293 1884 aliis,
1319 1812 1458 1884 quia
1487 1811 1605 1866 vita
1637 1826 1838 1865 eorum
1871 1839 1926 1910 B-

190 1901 390 1961 d'et‘ecit
420 1904 482 1959 in
524 1901 722 1959 dolere
767 1902 947 1974 brevi,
982 1905 1046 1958 ut
1093 1901 1162 1958 dc
1212 1899 1519 1974 Hippolyto
1568 1903 1625 1956 et
1671 1897 1839 1954 simi-

187 1994 356 2050 libus.

246 2081 383 2137 Vita
408 2081 624 2137 defecit
650 2077 710 2136 in
740 2079 958 2152 dolore,
982 2085 1039 2137 et
1067 2080 1243 2137 etiam
1265 2103 1292 2130 «
1327 2078 1515 2135 virtus
1547 2095 1698 2143 mea,
1727 2098 1753 2126 »
1779 2073 1838 2129 id

187 2177 265 2229 est
287 2171 511 2241 anima,
539 2173 573 2221 ‹‹⁴
592 2170 890 2225 inﬁrmata
911 2172 1000 2226 est
1021 2170 1080 2226 in
1103 2173 1448 2242 paupertate
1468 2189 1496 2217 ››
1526 2171 1582 2222 01
1611 2167 1669 2220 in
1703 2181 1840 2220 con-

187 2261 538 2317 sideratione
561 2277 703 2316 mea:
725 2258 1046 2332 parvitatis,
1064 2259 1202 2331 quia
1223 2258 1369 2314 nihil
1398 2257 1584 2312 habeo
1616 2272 1684 2311 ex
1714 2271 1834 2321 me;

189 2374 212 2401 ‹‹
239 2353 296 2407 et
343 2367 482 2406 ossa
511 2344 665 2417 mea,
693 2369 720 2397 »
742 2345 802 2404 id
850 2347 957 2417 est,
989 2347 1245 2420 corporis
1277 2346 1390 2403 mei
1438 2347 1665 2412 robora,
1701 2345 1840 2400 sunt

186 2441 278 2508 ita,
306 2442 374 2494 ut
405 2437 752 2510 quicunque
779 2441 986 2510 putent
1008 2454 1100 2492 me
1121 2436 1358 2508 aliquod
1392 2436 1570 2491 robur
1598 2433 1834 2498 habere,

183 2545 280 2602 ego
317 2527 466 2584 nihil
494 2530 641 2598 puto
673 2543 742 2582 ex
767 2543 860 2582 me
889 2525 1122 2582 habere.
1147 2525 1292 2581 Cum
1315 2523 1580 2580 Christus
1604 2521 1746 2578 dicit
1775 2535 1836 2575 sc

186 2623 310 2674 esse
342 2616 652 2672 infirmum
686 2620 742 2671 et
771 2615 832 2671 in
864 2632 1100 2688 corpore
1129 2619 1186 2671 et
1215 2614 1274 2669 in
1307 2614 1524 2680 anima,
1547 2627 1780 2667 omnem
1805 2625 1839 2663 a

188 2710 243 2764 se
263 2704 610 2780 superbiam
635 2708 918 2761 remotam
942 2699 1287 2772 ostendit,et
1306 2703 1459 2774 quod
1487 2700 1701 2773 aliquis
1724 2715 1838 2755 non

187 2793 368 2853 debet
394 2796 465 2852 de
497 2813 560 2852 se
589 2792 966 2868 presumere.

249 2885 425 2942 Ponit
445 2885 587 2941 item
616 2881 761 2940 alias
794 2882 1082 2951 miserias,
1109 2877 1308 2938 dieens
1337 2899 1384 2937 ;‹‹
1413 2881 1623 2936 Factus
1653 2895 1785 2934 sum
1811 2900 1840 2927 ››

183 2959 360 3031 etiam
396 2999 422 3025 ‹‹
457 2969 843 3048 cpprobrium
876 2989 1054 3044 super
1083 2970 1352 3026 inimicos
1389 2986 1569 3036 meos,
1589 2991 1615 3017 »
1640 2967 1697 3022 id
1730 2969 1838 3034 est,

181 3064 308 3137 plus
341 3065 520 3137 quam
551 3059 780 3118 inimici
810 3059 946 3129 mei,
971 3077 1104 3116 cum
1126 3059 1240 3132 ipsi
1260 3057 1423 3131 digni
1450 3061 1647 3113 essent
1677 3060 1839 3111 tanto

178 3146 516 3227 opprobrio,
535 3175 564 3201 ‹‹
587 3155 644 3208 01
665 3151 855 3207 factus
875 3165 1005 3207 sum
1028 3149 1192 3205 valde
1211 3149 1388 3204 timor
1405 3147 1611 3204 vicinis
1633 3145 1838 3213 meis,»

179 3243 235 3297 in
262 3246 378 3314 est,
412 3258 596 3298 causa
643 3239 894 3306 timoris,
927 3238 1066 3312 quia
1093 3238 1354 3295 videntes
1402 3253 1537 3293 eum
1585 3235 1735 3291 tradi
1775 3234 1836 3290 in

178 3337 452 3399 mortem,
475 3327 1066 3386 timuerunt.Vicinos
1089 3333 1253 3384 vocat
1275 3327 1404 3383 illos
1427 3326 1526 3399 qui
1557 3325 1692 3381 licet
1723 3341 1838 3380 non

179 3425 375 3477 essent
406 3419 688 3492 discipuli
713 3418 966 3488 Domini,
995 3421 1190 3474 tamen
1213 3417 1566 3474 accedebant
1585 3417 1649 3470 ut
1679 3415 1838 3470 audi-

176 3515 303 3565 rent
334 3525 516 3566 eum:
550 3531 578 3559 «
613 3512 670 3565 et
698 3507 855 3563 notis
886 3507 1056 3576 meis,
1080 3529 1108 3555 »
1132 3506 1190 3561 id
1222 3509 1328 3574 est,
1355 3505 1500 3577 ipsis
1532 3501 1836 3576 discipulis

175 3599 318 3654 meis
343 3624 370 3650 ‹‹
409 3599 605 3654 factus
638 3614 774 3654 sum
805 3597 1036 3654 timor.»
1061 3597 1188 3655 Sive
1219 3596 1300 3651 ita
1330 3593 1597 3666 legitur.«
1626 3593 1835 3648 Factus

170 3703 301 3743 sum
336 3687 728 3762 opprobrium
758 3685 923 3741 valde
943 3684 1150 3741 vicinis
1181 3684 1327 3741 meis
1359 3700 1536 3754 super
1566 3681 1835 3737 inimicos

172 3791 355 3844 meos,
384 3800 413 3826 ››
451 3777 509 3832 id
543 3779 652 3844 est,
689 3774 824 3848 plus
865 3774 1202 3830 habuerunt
1232 3791 1323 3829 me
1353 3771 1525 3828 vicini
1577 3771 1688 3826 mei
1739 3788 1836 3843 op-

167 3865 407 3936 prObrio
442 3882 627 3938 quam
669 3863 894 3919 inimici
927 3887 954 3914 ‹‹
989 3868 1046 3920 01
1074 3864 1250 3919 timor
1288 3863 1478 3918 factus
1510 3853 1649 3917 sum
1680 3861 1833 3916 notis

165 3954 336 4010 meis.
363 3980 391 4005 ›ι
412 3952 886 4010 Α1ἰο1ιιο0818110
931 3953 1126 4023 habet,
1161 3953 1318 4024 apud
1367 3949 1638 4006 inimicos
1673 3967 1685 4007 :
1719 3948 1832 4005 sci-

159 4032 319 4110 licet,
352 4043 583 4100 inimici
607 4043 942 4099 habuerunt
963 4059 1054 4098 me
1082 4040 1412 4114 opprobrio.
1429 4041 1570 4095 Item
1594 4039 1709 4095 alia
1729 4038 1835 4094 mi-

160 4132 338 4200 seria,
375 4138 432 4190 et
461 4133 645 4189 etiam
678 4130 764 4187 illi
797 4155 825 4181 «
859 4131 958 4205 qui
1000 4130 1274 4187 videbant
1313 4147 1469 4197 me,»
1502 4130 1560 4184 id
1593 4131 1703 4196 est,
1731 4127 1832 4200 qui

159 4223 611 4296 cognoscebant
631 4239 726 4278 me
747 4221 933 4278 Deum
954 4239 1081 4278 esse
1095 4245 1120 4271 «
1148 4222 1422 4293 fugerunt
1445 4236 1478 4274 a
1498 4234 1592 4273 me
1619 4218 1828 4284 foras,»

159 4309 364 4380 id’ost‘,
401 4310 532 4367 sola
570 4311 859 4367 exteriora
906 4309 967 4366 in
1017 4326 1108 4366 me
1140 4303 1554 4380 cognoverunt,
1588 4305 1829 4374 scilicet,

157 4413 250 4456 me
280 4400 490 4457 solum
521 4399 826 4456 hominem
878 4397 1142 4456 arbitrati
1192 4400 1352 4453 sunt.
1388 4396 1548 4452 Unde
1580 4398 1636 4452 et
1665 4394 1717 4450 ei
1749 4413 1834 4452 re-

151 4480 451 4546 suscitato
488 4490 606 4546 duo
638 4487 914 4562 discipuli
940 4488 1209 4544 dixerunt
1241 4503 1253 4541 :
1281 4510 1308 4535 ‹‹
1332 4487 1448 4542 Nos
1478 4486 1833 4558 putabamus

1953 569 2436 624 commorantiam
2491 571 2550 625 in
2606 571 2878 644 circuitu,
2908 594 2935 623 ››
2965 571 3022 627 id
3073 578 3179 642 est,
3223 574 3282 629 in
3331 575 3600 632 exteriori

1953 669 2103 722 meo,
2135 656 2273 728 quia
2312 675 2427 714 non
2479 661 2907 732 cognoscebant
2937 679 3030 718 me
3079 680 3206 720 esse
3255 665 3462 720 Deum.
3495 663 3599 720 Vel

1954 765 1981 792 ‹‹
2017 746 2533 816 commorantium,
2561 747 2620 802 in
2665 750 2935 820 circuitu,
2957 773 2984 799 »
3009 749 3068 806 id
3107 756 3213 820 est,
3248 753 3308 807 in
3339 752 3600 825 appetitu

1954 833 2412 902 mundanorum,
2441 851 2569 908 qua:
2619 854 2849 910 semper
2892 844 3031 894 sunt
3059 839 3117 895 in
3150 840 3394 896 circuitu
3421 857 3434 896 :
3461 841 3601 913 quia

1953 919 2013 975 in
2044 921 2128 977 eis
2161 921 2390 978 nullum
2424 929 2599 996 caput
2646 929 2755 995 est,
2792 925 2990 983 nullus
3033 929 3188 985 ﬁnis.
3211 928 3315 985 Vel
3337 952 3363 981 «
3398 929 3457 986 in
3485 930 3598 986 cir-

1953 1009 2138 1079 cuitu,
2169 1033 2196 1059 »
2219 1011 2278 1066 id
2307 1016 2414 1080 est,
2448 1012 2508 1067 in
2539 1013 2734 1086 aliquo
2764 1031 2976 1071 errore.
3421 1081 3424 1084 ,
3551 1080 3553 1082 ,

2024 1122 2051 1150 ‹‹
2086 1101 2151 1154 In
2182 1116 2251 1156 ea
2274 1122 2301 1149 ››
2335 1100 2583 1157 circuitu
2615 1126 2643 1153 «
2675 1104 2817 1159 dum
2849 1105 3223 1162 convenirent
3245 1128 3271 1156 »
3293 1106 3353 1162 in
3385 1107 3596 1164 cmlum

1953 1209 1980 1237 «
2009 1188 2318 1246 adversum
2352 1206 2445 1246 me
2475 1190 2671 1262 simul,
2699 1215 2727 1242 »
2756 1192 2814 1248 id
2845 1197 2934 1250 est
2964 1194 3340 1263 unanimiter,
3361 1219 3390 1246 «
3415 1198 3600 1252 consi-

1950 1274 2074 1332 liati
2107 1282 2247 1333 sunt
2279 1279 2541 1352 accipere
2569 1281 2830 1337 animam
2872 1298 3065 1339 meam
3089 1305 3118 1333 »
3149 1283 3208 1340 id
3241 1289 3350 1354 est,
3371 1284 3596 1348 tollere.

1949 1365 2052 1420 Vel
2084 1366 2204 1421 «in
2244 1384 2309 1424 eo
2355 1373 2494 1424 sunt
2542 1371 2855 1440 consiliati,
2903 1377 2969 1427 ut
3021 1371 3292 1429 tollerent
3339 1375 3600 1432 animam

1951 1471 2143 1510 meam
2171 1477 2198 1505 »
2230 1460 2287 1511 et
2315 1457 2436 1512 haec
2466 1462 2556 1514 cst
2584 1458 2698 1513 alia
2728 1459 3036 1516 translatio
3067 1478 3079 1517 :
3149 1499 3156 1504 -
3443 1524 3446 1526 γ

2022 1545 2138 1616 Ipsi
2171 1550 2310 1600 sunt
2338 1546 2654 1602 consiliati.
2683 1572 2710 1598 κ
2735 1549 2852 1621 Ego
2893 1554 3089 1606 autem
3135 1552 3194 1607 in
3242 1556 3299 1608 te
3348 1554 3597 1626 speravi,

1950 1633 2214 1702 Domine,
2242 1657 2270 1682 »
2293 1635 2430 1705 quia
2462 1635 2722 1692 sciebam
2753 1635 2874 1692 haec
2904 1638 3103 1694 omnia
3123 1640 3250 1696 ﬁeri
3275 1643 3376 1697 tua
3407 1641 3602 1715 dispo-

1951 1721 2178 1790 sitione,
2199 1726 2254 1777 et
2277 1746 2303 1772 ‹‹
2338 1722 2454 1778 dixi
2484 1745 2510 1771 ››
2535 1723 2638 1779 tibi
2659 1724 3073 1783 deliberatione
3093 1727 3321 1786 cordis:
3349 1754 3376 1779 «
3401 1731 3598 1789 Sortes

1949 1827 2148 1878 meae,»
2174 1810 2231 1866 id
2265 1816 2352 1866 est
2381 1817 2621 1868 eventus
2648 1814 2783 1882 mei,
2812 1818 2952 1870 sunt
2974 1838 3001 1865 »
3022 1814 3080 1870 in
3112 1818 3387 1875 manibus
3417 1820 3627 1888 tuis,».

1950 1899 2007 1954 id
2038 1904 2127 1955 est
2157 1900 2216 1955 in
2248 1903 2533 1973 potestate
2573 1905 2693 1957 tua.
2721 1902 2825 1958 Per
2853 1908 3040 1960 sortes
3070 1904 3200 1962 ideo
3229 1911 3468 1964 eventus
3499 1925 3596 1966 ac-

1949 1988 2222 2061 cipimus,
2243 1991 2381 2062 quia
2410 1990 2537 2046 sine
2575 1989 2837 2049 humana
2864 1993 3248 2066 dispositione
3275 2012 3380 2068 per
3409 1997 3595 2056 solam

1948 2078 2049 2134 Dei
2083 2079 2530 2152 dispositionem
2561 2080 2857 2138 eveniunt.

2019 2168 2088 2222 Et
2119 2168 2246 2224 ideo
2265 2192 2294 2218 ‹‹
2327 2168 2483 2240 eripe
2511 2185 2605 2224 me
2629 2169 2702 2226 de
2733 2187 2971 2239 manu,»
2993 2171 3051 2226 id
3073 2175 3184 2244 est,
3209 2173 3280 2229 dc
3310 2177 3601 2246 potestate

1951 2279 1978 2307 ‹‹
2020 2256 2393 2313 inimicorum
2433 2275 2700 2314 meorum
2743 2281 2771 2308 »
2811 2258 3067 2329 illorum,
3097 2261 3197 2332 qui
3239 2262 3459 2320 habent
3506 2283 3601 2323 me

1947 2346 2100 2412 odio,
2129 2367 2156 2396 «
2186 2351 2243 2401 et
2273 2363 2306 2402 a
2335 2348 2825 2420 persequentibus
2855 2366 2968 2420 me,
2990 2372 3018 2405 υ
3048 2349 3106 2405 id
3139 2354 3246 2424 est,
3280 2352 3352 2409 ab
3384 2353 3469 2411 eis
3499 2354 3600 2428 qui

1945 2434 2205 2491 inferunt
2235 2434 2381 2490 mihi
2412 2435 2587 2492 mala.

2016 2524 2185 2597 Eripe
2217 2541 2309 2580 me
2331 2528 2386 2580 et
2408 2549 2434 2575 «
2463 2524 2693 2581 illustra
2719 2547 2746 2574 »
2771 2525 2915 2581 mihi
2940 2528 3194 2584 «faciem
3227 2534 3390 2587 tuam
3423 2537 3601 2606 super

1945 2630 2040 2669 me
2069 2630 2302 2670 servum
2350 2617 2570 2669 tuum»
2603 2618 2659 2669 01
2688 2631 2850 2670 meos
2883 2631 2897 2670 :
2931 2615 3040 2671 hoc
3082 2617 3224 2674 dicit
3252 2636 3356 2691 per
3383 2621 3595 2679 simile.

1947 2704 2092 2759 Nam
2128 2703 2280 2759 sicut
2306 2720 2441 2759 cum
2471 2701 2683 2776 aliquis
2705 2703 2980 2760 dominus
3011 2706 3268 2763 ostendit
3296 2726 3462 2766 servo
3490 2728 3599 2768 suo

1949 2792 2158 2848 faciem
2189 2809 2357 2848 suam
2379 2790 2621 2860 claram,
2641 2790 2740 2848 alii
2770 2791 2988 2848 habent
3018 2809 3154 2849 eum
3176 2794 3238 2850 in
3259 2797 3481 2868 majore
3501 2798 3601 2856 ho-

1950 2897 2088 2937 nore
2116 2898 2129 2936 :
2160 2879 2243 2936 sic
2265 2880 2532 2936 Christus
2561 2879 2670 2934 fuit
2701 2879 2761 2934 in
2794 2880 3015 2952 majore
3056 2880 3296 2953 honore,
3319 2900 3455 2941 cum
3486 2887 3599 2944 Do-

1950 2969 2148 3026 minus
2179 2969 2229 3025 ei
2259 2969 2513 3025 ostendit
2543 2968 2750 3024 faciem
2783 2985 2951 3024 suam
2983 2985 3118 3026 eum
3151 2973 3596 3034 resusCitando:

1951 3084 1980 3110 «
2004 3059 2292 3126 illustra,»
2319 3057 2540 3114 scilicet
2555 3080 2583 3108 <<
2607 3057 2835 3114 salvum
2859 3075 2951 3114 me
2972 3059 3060 3115 fac
3079 3083 3108 3110 »
3132 3064 3189 3117 et
3207 3061 3316 3118 hoc
3341 3079 3458 3120 non
3479 3081 3600 3121 me-

1951 3150 2060 3204 rito
2083 3166 2232 3216 meo,
2257 3148 2356 3203 sed
2381 3172 2406 3196 ‹‹
2433 3147 2492 3202 in
2514 3145 2917 3203 misericordia
2941 3152 3064 3217 tua,
3085 3149 3351 3217 Domine,
3378 3174 3406 3202 »
3431 3152 3513 3210 ita
3535 3159 3603 3211 ut

1867 3214 1910 3282 Ο
1949 3262 1976 3289 ‹‹
2012 3256 2127 3294 non
2155 3237 2498 3304 confundar,
2526 3258 2554 3285 »
2576 3239 2786 3292 etcum
2819 3236 3222 3295 misericordia
3243 3241 3407 3312 ponit
3433 3242 3605 3298 mori-

1946 3332 2094 3397 tum,
2120 3343 2299 3400 quare
2328 3342 2464 3382 cum
2511 3320 2738 3382 salvum
2770 3325 2965 3395 faciat,
3006 3327 3208 3384 subdit
3233 3346 3283 3385 ;‹‹
3319 3330 3598 3402 quoniam

1947 3416 2206 3473 invocavi
2237 3419 2313 3472 te.
2343 3438 2370 3464 ››

2017 3507 2135 3579 Ego
2157 3522 2272 3561 non
2307 3505 2698 3576 confundar,«
2726 3505 2889 3577 impii
2931 3510 3127 3563 autem
3169 3508 3537 3580 erubescant,
3565 3533 3594 3560 »

1943 3595 2003 3651 id
2035 3599 2144 3661 est,
2171 3593 2548 3651 confusibiles
2578 3599 2916 3665 appareant,
2951 3598 3008 3650 et
3035 3597 3495 3654 verecundantes
3527 3599 3598 3655 de

1943 3684 2200 3756 peccatis
2232 3683 2356 3739 suis
2383 3704 2412 3732 «
2437 3683 2804 3738 deducantur
2833 3688 2889 3738 et
2917 3681 3211 3738 infernum
3240 3706 3267 3733 ››
3289 3686 3600 3741 materiali-

1942 3777 2050 3844 ter,
2084 3777 2140 3828 et
2170 3797 2196 3823 «
2231 3771 2387 3827 labia
2413 3770 2632 3837 dolosa,
2661 3793 2687 3819 ››
2712 3771 2771 3824 id
2812 3775 2919 3838 est,
2950 3771 3036 3825 illi
3087 3772 3186 3843 qui
3236 3773 3410 3830 modo
3456 3773 3610 3831 sunt

1944 3863 2165 3937 garruli
2200 3867 2258 3918 et
2301 3861 2484 3918 dolosi
2518 3885 2545 3911 «
2580 3861 2724 3916 ﬁant
2756 3860 2903 3916 muti
2936 3883 2964 3910 »
2999 3865 3315 3934 postquam
3345 3862 3419 3921 ad
3449 3865 3595 3922 infe-

1944 3970 2040 4009 ros
2071 3953 2459 4008 deducuntur.

2016 4067 2042 4092 ‹‹
2077 4044 2211 4108 Οοω
2234 4063 2261 4091 ››
2298 4039 2454 4095 labia
2477 4061 2504 4088 »
2525 4038 2850 4110 loquuntur
2879 4039 3254 4112 iniquitatem
3286 4043 3597 4101 adversum

1944 4148 2036 4188 me
2059 4132 2293 4202 justum
2326 4128 2384 4182 in
2417 4127 2692 4199 superbia
2717 4150 2745 4179 »
2779 4131 2981 4184 contra
3010 4146 3104 4187 me
3126 4131 3360 4202 justum
3388 4130 3598 4205 super-

1942 4221 2111 4276 biunt
2135 4241 2162 4269 «
2193 4223 2250 4274 et
2279 4218 2338 4273 in
2378 4215 2661 4273 abusione
2686 4239 2713 4265 »
2742 4216 2879 4288 quia
2916 4217 3028 4289 ipsi
3068 4218 3462 4276 abutebantur
3491 4219 3602 4279 do-

1942 4311 2132 4367 ctrina
2162 4312 2311 4382 ejus,
2340 4308 2700 4383 negligentes
2735 4326 2884 4365 eam.
2915 4311 2986 4366 Et
3015 4309 3130 4367 alia
3160 4311 3466 4369 translatio
3491 4330 3503 4369 :
3538 4313 3598 4369 in

1943 4399 2222 4472 superbia
2248 4405 2306 4455 et
2336 4399 2396 4454 in
2429 4401 2790 4470 contemptu.

2021 4488 2232 4560 Incipit
2247 4487 2414 4543 tertia
2433 4504 2588 4560 pars,
2605 4487 2664 4542 in
2684 4504 2802 4559 qua
2815 4488 3052 4560 ponitur
3068 4488 3374 4544 exsultatio
3394 4488 3600 4546 libera-

155 4576 295 4648 quia
323 4578 462 4651 ipse
490 4582 649 4635 esset
678 4577 1095 4650 redempturus
1129 4574 1304 4632 Israel
1327 4576 1476 4648 (Luc.
1502 4574 1676 4646 xxiv).
1700 4574 1834 4630 »Vel
1863 4577 2145 4654 D'tionis,
2169 4579 2225 4631 et
2255 4575 2578 4647 gratiarum
2608 4574 2780 4642 actio,
2807 4579 2863 4630 et
2893 4574 3154 4630 invitatio
3206 4575 3277 4630 ad
3307 4574 3409 4631 Dei
3448 4574 3598 4631 dile-

149 4664 250 4733 ita,
277 4691 304 4714 u
348 4667 444 4722 illi
476 4667 580 4740 qui
605 4667 882 4723 videbant
911 4684 1004 4722 me
1030 4689 1056 4715 ››
1079 4665 1161 4721 ita
1180 4663 1418 4720 tractari
1441 4687 1467 4714 «
1500 4664 1774 4737 fugerunt
1795 4680 1829 4719 a

150 4751 241 4810 me
292 4757 465 4812 foras
501 4779 528 4806 ››
563 4759 630 4812 ut
660 4772 841 4828 supra
873 4772 887 4811 :
922 4759 979 4810 et
1007 4755 1183 4810 etiam
1219 4777 1245 4802 ‹‹
1279 4754 1453 4808 datus
1498 4769 1630 4808 sum
1679 4751 1825 4807 obli-

140 4843 300 4899 vioni
336 4863 376 4900 a
411 4845 592 4900 corde
621 4867 648 4893 ››
669 4843 952 4899 illorum«
984 4846 1316 4914 tanquam»
1343 4839 1589 4911 quilibet
1612 4863 1637 4887 ‹‹
1666 4855 1824 4893 mor-

144 4936 306 4987 tuus.
331 4957 361 4980 n
389 4933 559 4988 Hanc
597 4932 952 4988 sententiam
987 4929 1330 5002 comprobat
1360 4927 1460 4983 illa
1499 4925 1823 4995 translatio,

142 5014 288 5092 qua:
334 5022 550 5090 habet,
597 5021 784 5077 excidi
835 5038 869 5076 a
913 5020 1106 5076 corde.
1139 5017 1239 5074 Vel
1276 5042 1302 5067 ‹‹
1339 5022 1621 5088 tanquam
1673 5033 1826 5071 mor-

142 5112 281 5166 tuus
318 5128 356 5166 a
390 5112 598 5179 corde,
627 5135 656 5160 ››
684 5109 741 5166 id
773 5113 883 5176 est,
909 5108 1155 5181 quilibet
1183 5111 1473 5179 peccator,
1504 5107 1672 5177 cujus
1706 5121 1824 5173 cor,

137 5198 192 5255 id
226 5206 326 5257 est
360 5200 549 5271 ratio,
585 5218 704 5256 uon
733 5199 913 5256 vivit:
945 5202 1002 5254 et
1032 5198 1152 5254 haec
1198 5196 1487 5254 sententia
1517 5193 1696 5251 currit
1725 5210 1828 5266 per

138 5305 427 5364 campos.

199 5380 362 5437 Item
401 5378 527 5436 alia
558 5380 800 5438 miseria
831 5399 843 5437 :
872 5404 896 5431 ‹‹
925 5380 1139 5438 Factus
1171 5394 1303 5434 sum
1334 5376 1509 5433 etiam
1543 5379 1825 5447 tanquam

129 5487 226 5526 vas
260 5470 617 5544 perditum,
646 5495 672 5521 ››
707 5469 848 5542 quia
879 5471 1031 5527 sicut
1069 5486 1171 5525 vas
1211 5469 1461 5524 fractum
1493 5483 1607 5522 non
1638 5469 1827 5537 potest

126 5557 452 5640 liquorem
489 5559 757 5628 retinere,
793 5559 876 5616 sic
918 5576 1022 5616 nec
1061 5575 1167 5632 ego
1201 5574 1360 5613 meos
1392 5554 1686 5629 apostolos
1720 5572 1732 5610 :
1769 5558 1826 5612 ct

126 5636 383 5725 prOptét
408 5648 542 5706 hoc
558 5664 650 5705 me
673 5647 847 5705 vilem
867 5648 1235 5718 habuerunt;
1255 5657 1287 5697 «‘
1307 5637 1591 5721 quoniam
1604 5636 1710 5719 ego
1728 5661 1827 5701 au-

504 5775 778 5873 PATROL.
825 5775 1033 5843 CXVI.

1938 4669 2180 4725 tionem.
2203 4664 2614 4720 Continuatio:
2649 4663 2924 4719 Miserere
2961 4663 3233 4720 humana:
3265 4662 3603 4737 fragilitatis

1935 4775 2064 4830 quae
2096 4761 2217 4810 tam
2250 4752 2438 4808 multa
2466 4757 2574 4820 est,
2600 4753 2701 4808 sed
2745 4751 3150 4810 misericordia
3174 4757 3296 4826 tua,
3329 4753 3595 4822 Domine,

1934 4851 2023 4902 est
2047 4848 2248 4900 contra
2277 4843 2478 4898 omnia
2507 4859 2518 4897 :
2544 4841 2788 4897 Domine
2811 4866 2837 4892 ‹‹
2865 4859 3042 4914 quam
3065 4859 3282 4915 magna
3309 4846 3397 4898 est
3428 4843 3598 4897 misc-

1936 4933 2190 4990 ricordia
2220 4930 2548 4987 dulcedinis
2580 4936 2750 4998 tum,»
2776 4931 2834 4986 id
2867 4936 2973 5000 est,
3003 4931 3440 4996 beneficiorum,
3466 4927 3616 5000 quae

1937 5022 2134 5078 dulcia
2155 5025 2294 5076 sunt
2314 5021 2751 5093 gustantibus,«
2773 5037 2951 5092 quam
2977 5043 3004 5071 ››
3030 5019 3396 5075 dulcedinem
3418 5038 3446 5068 «
3467 5018 3594 5074 abs-

1939 5111 2193 5169 condisti
2213 5134 2241 5162 ››
2269 5111 2340 5166 ab
2365 5109 2791 5182 appetitoribus
2816 5110 3269 5174 mundanorum,
3295 5123 3593 5162 reservan-

1941 5203 2015 5257 do
2047 5217 2176 5256 eam
2209 5223 2237 5250 ‹‹
2271 5199 2615 5255 timentibus
2650 5203 2725 5264 te,
2751 5220 2777 5248 ››
2802 5199 2858 5254 id
2901 5200 3009 5266 est,
3048 5197 3118 5251 ad
3150 5197 3304 5268 opus
3323 5198 3493 5250 tuum
3519 5195 3592 5252 ti.

1941 5291 2234 5346 mentium
2267 5293 2343 5343 te.

2009 5380 2079 5435 Et
2107 5377 2268 5434 illam
2293 5377 2661 5434 dulcedinem
2686 5399 2712 5425 «
2737 5372 3087 5447 perfecisti,»
3115 5373 3174 5430 id
3195 5378 3284 5431 est
3326 5371 3592 5447 perficies

1937 5469 1995 5524 in
2031 5492 2057 5519 «
2093 5468 2176 5525 cis
2208 5466 2308 5539 qui
2340 5470 2578 5538 sperant
2607 5464 2665 5518 in
2715 5467 2789 5533 te,
2816 5485 2843 5512 ››
2877 5467 2935 5519 01
2964 5462 3075 5519 hoc
3119 5463 3430 5521 manifesto
3459 5463 3590 5536 erit,

1935 5557 2162 5615 scilicet
2193 5580 2219 5606 «
2255 5556 2314 5612 in
2348 5556 2666 5625 conspectu
2712 5549 2971 5609 ﬁliorum
3002 5553 3368 5625 heminum,»
3391 5549 3618 5626 idest,

1935 5647 2281 5706 carnalium.
2301 5643 2598 5700 Videbunt
2619 5641 2776 5700 enim
2805 5641 2946 5702 mali
2978 5641 3039 5702 in
3071 5641 3372 5704 communi
3403 5659 3595 5703 resur-

3196 5770 3276 5833 10
