4070 6180
427 310 546 371 299

850 305 1256 365 HAYMONIS
1289 301 1830 364 IIALBERSTAT.
1863 299 2110 363 EPISC.
2143 300 2312 363 OPP.
2345 299 2548 360 PARS
2579 299 2632 359 I.-
2659 331 2740 344 —
2766 298 3172 362 COMMENT.
3205 298 3408 361 BIBL.

3709 298 3825 362 300
3853 345 3862 347 -›

426 439 680 497 rectionc
709 437 955 510 gloriam
988 436 1271 504 fidelium,
1307 435 1526 492 scilicet
1547 435 1846 490 Christum
1880 451 2075 488 ascen-
2102 437 2158 502 Α
2187 433 2358 487 modo
2381 431 2708 487 conculcari
2734 432 3054 501 veritatem,
3079 436 3273 488 tamen
3296 432 3354 486 in
3377 430 3502 487 suis
3526 455 3553 482 «
3578 432 3834 504 requiret

426 531 660 584 dentem
693 543 827 582 cum
856 526 1002 594 suis,
1025 529 1081 581 et
1105 529 1243 580 tunc
1266 524 1498 580 tolletur
1529 524 1767 596 impius,
1793 539 1864 578 ne
1885 524 2079 578 videat

425 617 672 692 gloriam
704 617 827 672 Dei.
851 615 953 670 Vel
981 639 1008 665 «
1029 615 1295 687 perficies
1317 615 1400 669 eis
1431 615 1529 686 qui
1561 617 1842 686 superant
1871 612 1929 667 in
1962 617 2076 679 te,»

425 707 626 778 itaque
674 705 1062 761 conﬁteantur
1109 708 1166 759 te
1219 705 1267 758 si
1319 721 1466 775 opus
1515 703 1640 758 situ
1671 703 1730 757 in
1764 705 2077 773 conspectu

427 795 706 863 filiorum,
730 816 758 844 »
792 795 849 849 id
880 798 968 848 est
999 793 1365 848 sazcularium
1396 791 1749 864 principum.

501 885 660 941 Hanc
692 887 886 940 autem
917 881 1283 938 dulcedinem
1317 880 1521 952 incipit
1549 881 1702 936 Deus
1735 881 1872 934 dare
1905 877 2084 933 fideli-

431 976 544 1032 bus
565 974 626 1029 in
647 974 757 1029 hac
777 973 914 1040 vita,
936 976 993 1027 et
1020 969 1260 1043 perfecit
1288 970 1347 1024 in
1381 970 1513 1036 alia,
1538 974 1597 1025 et
1626 974 1937 1040 utramque
1959 984 2086 1038 par-

433 1069 552 1122 tem
574 1062 930 1134 exsequitur,
956 1059 1255 1115 meliorem
1280 1076 1383 1131 pro
1405 1058 1691 1131 dignitate
1718 1072 2080 1130 praeponens.

435 1151 810 1211 Continuatio
832 1166 844 1204 :
866 1149 1135 1204 Perficies
1156 1147 1316 1202 illam
1335 1146 1706 1202 dulcedinem
1725 1146 1963 1210 sanctis,
1981 1143 2087 1199 sci-

435 1243 570 1299 licet
591 1264 620 1291 «
653 1239 976 1296 abscondes
1025 1253 1143 1305 eos,
1174 1260 1200 1285 »
1223 1236 1281 1291 id
1321 1240 1427 1303 est,
1453 1236 1534 1291 ita
1574 1234 1904 1300 collocabis,
1929 1232 2085 1304 quod

438 1329 638 1388 nullus
679 1327 890 1400 poterit
921 1343 1019 1382 eos
1051 1326 1421 1381 conturbare.
1446 1324 1782 1380 Abscondes
1815 1321 1942 1378 dico
1964 1345 1990 1370 ‹‹
2026 1321 2086 1375 in

440 1416 781 1476 abscondito
803 1416 970 1471 faciei
994 1420 1160 1482 tute,»
1188 1413 1412 1470 scilicet
1434 1413 1584 1468 inter
1615 1411 1850 1484 angelos
1873 1411 1972 1466 ubi
2005 1411 2087 1465 fa-

441 1508 556 1565 cies
578 1511 698 1574 tua,
727 1505 784 1560 id
813 1509 920 1572 est,
948 1504 1199 1576 cognitio
1224 1508 1344 1571 tua,
1369 1508 1458 1558 est
1487 1501 1831 1557 abscondita
1851 1500 2090 1571 quidem

440 1593 780 1651 hominibus
811 1592 983 1646 modo
1030 1592 1088 1645 in
1139 1605 1310 1646 carne
1350 1589 1694 1654 viventibus,
1729 1593 1785 1643 et
1833 1605 1934 1660 per
1981 1587 2092 1642 hoc

442 1687 695 1740 remotos
729 1704 756 1729 ‹‹
792 1698 824 1736 a
855 1679 1295 1736 conturbatione
1329 1679 1654 1734 hominum.
1683 1701 1709 1726 ››

512 1773 583 1828 Et
612 1787 684 1826 ne
715 1769 926 1840 aliquis
949 1769 1165 1825 diceret
1191 1785 1201 1821 :
1229 1768 1366 1832 Quis
1390 1771 1619 1822 tantum
1643 1769 1973 1838 exspectare
1997 1782 2092 1836 po-

444 1863 596 1918 test?
624 1859 788 1932 ponit
813 1863 1155 1930 praesentem
1179 1855 1656 1912 consolationem.
1681 1855 2052 1910 Continuatio
2079 1870 2090 1910 :

444 1951 581 2006 Post
620 1945 1102 2004 resurrectionem
1162 1945 1486 2000 abscondes
1531 1961 1630 2000 eos
1678 1943 1738 1998 in
1787 1941 2098 2015 praesentia

444 2044 568 2106 tua,
594 2041 651 2092 et
682 2035 917 2090 interim
942 2058 969 2083 ‹‹
997 2039 1262 2106 proteges
1295 2051 1392 2088 eos
1425 2033 1483 2087 in
1517 2032 1890 2088 tabernaculo
1917 2035 2038 2099 tuo,
2067 2053 2096 2080 »

447 2128 505 2182 id
537 2130 644 2194 est,
677 2125 738 2180 in
782 2124 1053 2196 praesenti
1095 2122 1371 2190 Ecclesia,
1412 2123 1471 2176 in
1512 2140 1629 2194 qua
1667 2121 1766 2176 Dei
1810 2120 2097 2176 malitiam

446 2231 801 2282 exercemus,
829 2238 854 2264 ‹‹
881 2233 913 2270 a
945 2211 1386 2268 conturbatione
1418 2211 1774 2283 linguarum,
1800 2232 1828 2258 »
1854 2208 2096 2277 scilicet,

449 2321 520 2361 ne
551 2304 765 2376 linguae
795 2301 1200 2358 haereticorum
1234 2299 1701 2356 contradicentes
1729 2297 1978 2366 veritati,
2000 2315 2098 2353 va-

447 2394 605 2449 leant
636 2409 736 2448 eos
766 2389 879 2446 sibi
910 2391 1300 2462 incorporare.

517 2483 589 2537 Et
618 2481 758 2553 quia
784 2484 871 2536 tot
903 2481 1056 2535 bona
1087 2479 1224 2534 facit
1254 2479 1558 2546 Dominus,
1585 2477 1712 2532 ideo
1745 2477 1821 2531 sit
1855 2500 1880 2525 «
1918 2477 2099 2531 bene-

447 2571 664 2639 dictus,
693 2593 720 2619 »
749 2569 808 2624 id
861 2573 967 2635 est,
1019 2566 1308 2622 exaltatus
1364 2585 1542 2639 super
1589 2583 1791 2621 omnes
1847 2569 2098 2637 gentes:

449 2683 477 2710 ‹‹
512 2658 790 2732 quoniam
841 2656 1190 2724 mirificavit,
1219 2679 1244 2704 ››
1270 2656 1328 2710 id
1357 2659 1465 2727 est,
1490 2655 1818 2710 mirabilem
1849 2652 2105 2710 ostendit

451 2745 915 2803 misericordiam
938 2762 1109 2801 suam
1128 2769 1154 2794 ‹‹
1177 2745 1504 2799 confitendo
1522 2744 1642 2799 haec
1660 2743 1935 2816 praedicta
1951 2743 2105 2797 dona

449 2836 508 2891 in
557 2835 791 2891 civitate
847 2834 1097 2901 munita,
1127 2856 1154 2882 »
1178 2832 1236 2887 id
1293 2837 1402 2901 est,
1440 2833 1498 2887 in
1557 2832 1777 2888 sanctis
1824 2831 1968 2898 suis,
2002 2829 2104 2901 qui

451 2925 732 2982 dicuntur
751 2923 1122 2995 civitas,quia
1139 2927 1279 2978 sunt
1295 2921 1465 2977 multi
1489 2939 1500 2976 :
1523 2927 1582 2978 et
1600 2920 1848 2989 munita,
1870 2922 2107 2992 propter

451 3013 670 3070 multas
698 3013 944 3069 virtutes
975 3011 1192 3083 quibus
1223 3011 1478 3068 roborati
1512 3015 1671 3067 sunt.
1693 3009 1796 3064 Vel
1829 3007 1995 3064 aliter
2024 3024 2108 3064 se-

451 3104 712 3159 cundum
745 3101 1162 3170 Hieronymum
1190 3116 1239 3154 :u
1265 3101 1613 3155 Benedictus
1645 3097 2104 3169 Deus,quoniam

2183 522 2507 590 veritatem,
2531 525 2587 577 et
2610 523 2892 577 retribuet
2919 546 2946 570 n
2970 539 3202 594 poenam
3229 545 3256 571 «
3283 522 3611 578 facentibus
3641 538 3835 594 supero

2186 612 2404 678 biam,»
2426 615 2482 666 et
2510 611 2618 666 hoc
2649 628 2765 666 non
2797 611 3044 680 modice,
3069 612 3169 667 sed
3196 633 3222 660 «
3253 611 3640 667 abundanter.
3668 633 3694 660 ››

2260 701 2364 756 Hic
2395 699 2558 772 ponit
2587 699 3024 756 conclusionem
3056 700 3236 756 totius
3267 699 3498 772 psalmi.
3520 699 3837 756 Continua-

2188 789 2269 845 tio
2295 806 2307 843 :
2334 788 2616 854 Quoniam
2650 789 2775 860 ipse
2807 789 3064 860 requiret
3092 789 3420 854 veritatem,
3444 789 3572 844 ideo
3596 812 3625 839 «
3658 788 3841 843 virili-

2191 882 2279 932 ter
2308 878 2488 950 agite;
2521 882 2578 933 et
2607 878 2654 933 si
2688 878 2746 934 in
2796 895 3035 950 corpore
3066 883 3155 934 est
3202 879 3516 933 infirmitas
3545 877 3635 933 vel
3666 877 3842 935 lassi-

2192 967 2356 1038 tudo,
2387 983 2486 1022 cor
2513 971 2772 1023 vestrum
2804 968 3179 1022 confortatur.
3203 966 3464 1022 Viriliter
3492 967 3669 1040 agite,
3693 968 3844 1040 dico,

2193 1079 2221 1105 «
2255 1072 2460 1112 omnes
2487 1053 2588 1127 qui
2619 1055 2870 1128 speratis
2902 1055 2960 1110 in
2995 1057 3262 1112 Domino.
3291 1079 3318 1105 ››

2676 1181 2747 1237 IN
2788 1181 3135 1238 PSALMUM
3175 1181 3362 1237 XXXI.

2588 1289 2841 1344 Trruws
2876 1306 2888 1344 :
2923 1289 3227 1346 Intellectus
3261 1290 3453 1346 David.

2271 1413 2427 1469 Beati
2458 1431 2731 1485 quorum.
2759 1437 2786 1462 ››
2810 1413 3078 1472 Psalmus
3128 1415 3240 1471 iste
3287 1415 3526 1488 exponit
3556 1416 3731 1472 nobis
3759 1415 3855 1472 in-

2200 1501 2495 1557 tellectum
2529 1502 2708 1557 David
2733 1519 2866 1558 vere
2896 1503 3252 1576 paenitentis.
3277 1504 3520 1560 Materia
3549 1509 3644 1561 est
3674 1505 3859 1561 David

2202 1590 2483 1664 propheta
2526 1591 2834 1662 pmnitens,
2868 1592 2955 1647 vel
3008 1593 3343 1664 quicunque
3373 1609 3505 1648 vero
3553 1593 3860 1650 intellectu

2203 1679 2508 1751 pmnitens.
2542 1681 2674 1752 Agit
2721 1681 2790 1735 de
2844 1681 2971 1752 ipso
3019 1681 3150 1737 sic:
3194 1683 3293 1754 qui
3343 1699 3478 1738 cum
3528 1683 3864 1756 ignorasset

2205 1771 2338 1823 ante
2384 1773 2619 1840 peccata
2677 1787 2802 1838 sua,
2850 1771 2977 1841 jam
3028 1771 3411 1844 recognoscit.
3447 1771 3617 1828 Ponit
3668 1772 3862 1845 ipsius

2203 1856 2377 1912 etiam
2411 1858 2862 1926 confessionem,
2885 1859 3091 1916 deinde
3114 1859 3272 1915 illius
3296 1860 3689 1918 confessionis
3710 1877 3867 1918 com-

2206 1946 2663 2000 mendationem.
2699 1947 2762 2001 In
2797 1952 3004 2019 quarta
3031 1951 3192 2018 parte
3222 1948 3388 2020 ponit
3409 1949 3711 2005 Christum
3739 1967 3870 2022 pro-

2207 2033 2532 2089 mittentem
2553 2033 2722 2106 plura
2740 2035 2892 2090 bona
2911 2036 3248 2107 hujusmodi
3268 2036 3594 2108 pmnitenti.
3612 2037 3868 2095 Intentio

2207 2126 2314 2190 est,
2338 2140 2442 2177 nos
2466 2125 2780 2180 admonere
2797 2125 2870 2180 ad
2893 2123 3257 2180 intellectum
3281 2125 3623 2197 hujusmodi
3641 2129 3872 2184 contes-

2208 2210 2412 2266 sionis.

2281 2299 2550 2371 Loquens
2580 2301 2690 2356 iste
2727 2300 3035 2373 pmnitens,
3070 2301 3190 2371 iam
3240 2301 3297 2356 in
3348 2300 3538 2372 prima
3585 2306 3756 2374 parte
3811 2318 3873 2358 se

2210 2388 2467 2444 ostendit
2516 2395 2753 2461 peccata
2804 2405 3172 2462 cognoscere,
3218 2407 3355 2444 cum
3403 2389 3546 2445 dicit
3581 2407 3649 2447 :«
3707 2391 3872 2448 Beati

2210 2494 2462 2549 quorum
2493 2479 2855 2551 iniquitates,
2887 2503 2913 2528 »
2943 2479 3002 2534 id
3032 2483 3138 2548 est,
3164 2479 3359 2535 carnis
3388 2480 3692 2537 naturales
3724 2498 3874 2554 sug-

2210 2567 2504 2639 gestiones
2526 2592 2552 2616 ‹‹
2587 2569 2845 2624 remissa}
2898 2574 3094 2636 sunt,»
3123 2569 3180 2623 id
3215 2573 3323 2637 est,
3356 2569 3678 2626 debilitata:
3731 2573 3878 2626 sunt

2213 2656 2272 2710 in
2294 2656 2604 2727 baptismo,
2632 2657 2714 2712 ita
2736 2658 2890 2728 quod
2913 2657 3049 2712 licet
3074 2658 3145 2712 ad
3174 2659 3535 2730 peccandum
3558 2659 3875 2732 instigent,

2214 2761 2329 2799 non
2359 2749 2553 2800 tamen
2587 2745 2658 2800 ad
2686 2751 2882 2801 aetum
2914 2746 3263 2818 perducunt.
3282 2746 3384 2802 Vel
3409 2771 3436 2796 α
3462 2747 3877 2820 iniquitates,»

2213 2833 2272 2888 id
2295 2838 2402 2902 est,
2426 2838 2662 2906 peccata
2683 2852 2810 2906 qua:
2841 2835 3080 2890 fuerunt
3109 2839 3241 2890 ante
3272 2835 3660 2908 baptismum,
3677 2861 3706 2888 «
3731 2843 3880 2894 sunt

2215 2922 2493 2990 remissae,
2522 2946 2549 2971 »
2572 2923 2629 2977 id
2671 2928 2777 2992 est,
2812 2923 3046 2995 penitus
3076 2923 3135 2978 in
3179 2924 3470 2996 baptismo
3501 2926 3828 2984 destructa:
3862 2943 3876 2984 :

2215 3016 2272 3068 et
2295 3011 2376 3067 illi
2399 3017 2538 3068 sunt
2559 3013 2710 3068 beati
2727 3037 2754 3063 «
2776 3030 3026 3086 quorum
3045 3019 3283 3087 peccata
3300 3038 3328 3064 »
3348 3021 3479 3088 post
3501 3017 3879 3091 baptismum

2215 3105 2547 3173 perpetrata
2573 3125 2600 3152 ‹‹
2627 3105 2766 3158 sunt
2793 3106 2946 3159 tecta
2972 3126 2999 3152 ››
3021 3119 3125 3175 per
3155 3104 3579 3176 pmnitentiam.
3600 3107 3751 3162 Cum
3787 3108 3880 3164 di-

453 3188 786 3244 mirificavit
832 3187 1295 3242 misericordiam
1348 3203 1516 3242 suam
1565 3186 1709 3240 mihi
1768 3186 1827 3240 in
1875 3185 2105 3240 civitate
2137 3174 2180 3240 C
2217 3189 2296 3244 cit
2322 3194 2488 3258 tecta,
2515 3191 2613 3246 dat
2643 3191 2965 3266 intelligere
2985 3174 3064 3247 ibi
3088 3174 3312 3248 dictum
3338 3210 3466 3250 esse
3497 3196 3568 3252 de
3598 3196 3883 3253 crimina-

453 3276 702 3342 munita,
729 3297 758 3324 ››
779 3275 837 3328 id
877 3279 983 3340 est,
1010 3275 1068 3329 in
1111 3274 1490 3340 Hierusalem,
1516 3275 1614 3328 ubi
1666 3274 1788 3344 ipse
1819 3273 1954 3328 fecit
1983 3273 2105 3328 hazc

454 3361 766 3431 mirabilia,
799 3360 1038 3427 scilicet,
1064 3361 1361 3417 Christum
1396 3362 1576 3430 nasci,
1606 3363 1744 3433 pati,
1779 3377 2102 3434 resurgere,

452 3455 510 3508 et
541 3455 747 3508 caetera
778 3466 904 3522 qua:
939 3466 1039 3521 per
1064 3449 1336 3504 eumdem
1369 3450 1427 3504 in
1457 3451 1658 3505 eadem
1690 3448 1922 3505 civitate
1953 3451 2106 3506 facta

452 3543 594 3598 sunt
615 3556 650 3595 a
669 3539 785 3596 Deo
801 3554 948 3610 ;quae
969 3536 1262 3592 mirabilia
1276 3537 1377 3593 Dei
1400 3537 1477 3592 ibi
1498 3538 1911 3607 facta,fuerunt
1928 3555 2106 3594 causa

451 3629 718 3686 omnium
749 3627 1164 3684 beneficiorum
1192 3643 1319 3698 quae
1353 3627 1508 3683 Deus
1536 3626 1801 3684 Ecclesiae
1833 3627 2100 3684 contulit.

449 3719 838 3793 Hieronymus
869 3735 982 3774 non
1025 3716 1188 3790 ponit
1231 3717 1546 3786 munitam,
1581 3718 1682 3772 sed
1733 3717 1898 3790 ponit
1926 3716 2103 3789 quid-

450 3809 586 3866 dam
623 3810 781 3876 unde
828 3809 957 3881 ipsa
987 3807 1190 3864 civitas
1222 3807 1281 3862 in
1317 3807 1526 3862 mediis
1574 3807 1842 3878 partibus
1896 3806 2102 3860 mundi

447 3898 797 3972 intelligitur
843 3897 1143 3963 collocata,
1166 3897 1225 3951 id
1257 3900 1368 3965 est,
1396 3895 1454 3951 in
1491 3896 1683 3952 media
1729 3896 1960 3951 civitate
1993 3912 2006 3950 :
2041 3895 2102 3950 in

447 4005 566 4059 qua
594 3988 723 4042 ideo
744 3987 1012 4042 Christus
1041 3986 1306 4042 habitare
1329 3990 1386 4042 ct
1407 3986 1554 4042 mori
1586 3985 1778 4058 elegit,
1806 3989 1871 4041 ut
1901 4002 1962 4042 se
1987 4001 2104 4040 me-

449 4075 614 4128 dium
645 4073 920 4128 omnibus
951 4079 1322 4144 proponeret.

521 4162 676 4217 Deus
707 4161 791 4215 sic
819 4159 1148 4215 mirificavit
1173 4162 1656 4231 misericordiam,
1679 4169 1736 4218 et
1768 4169 1960 4219 tamen
1995 4180 2100 4236 ego

450 4248 630 4305 habui
651 4248 1004 4315 miserias,et
1024 4249 1132 4304 hoc
1153 4254 1296 4317 est,«
1318 4267 1422 4321 ego
1444 4275 1470 4298 ››
1485 4251 1712 4322 positus
1731 4276 1757 4301 «
1780 4253 1839 4306 in
1861 4269 2100 4307 excessu

452 4337 666 4394 mentis
697 4354 858 4406 meze,
889 4360 916 4386 ››
949 4337 1006 4392 id
1046 4340 1152 4406 est,
1188 4337 1246 4391 in
1295 4338 1566 4410 angustia
1613 4339 1826 4394 mentis
1859 4363 1887 4389 ‹‹
1921 4339 2037 4395 dixi
2071 4362 2099 4390 ››

448 4427 536 4485 vel
569 4429 760 4497 corde,
783 4427 870 4483 vel
892 4443 1027 4482 voce
1052 4451 1078 4475 ‹‹
1103 4427 1397 4498 projectus
1443 4444 1576 4481 sum
1609 4445 1644 4482 a
1673 4428 1876 4496 facie,»
1900 4429 1957 4483 id
1990 4433 2100 4498 est,

2214 3275 2370 3334 libus
2402 3296 2528 3350 qua:
2561 3279 2827 3352 indigent
2852 3280 2988 3354 tegi,
3015 3298 3086 3337 ne
3118 3287 3438 3354 appareant
3467 3283 3525 3339 in
3549 3291 3880 3358 conspectu

2215 3366 2449 3424 Domini
2479 3369 2549 3423 ad
2582 3369 2968 3441 puniendum.

2288 3455 2386 3512 Ille
2416 3457 2591 3514 etiam
2617 3482 2643 3508 «
2667 3458 2754 3514 vir
2773 3463 2861 3515 est
2882 3460 3110 3530 beatus,
3136 3461 3228 3516 cui
3262 3478 3377 3516 non
3410 3462 3734 3534 imputabit
3761 3464 3879 3522 Do-

2215 3543 2413 3602 minus
2459 3551 2786 3619 peccatum,
2814 3571 2840 3597 ››
2861 3548 2920 3604 id
2947 3553 3054 3618 est,
3081 3551 3179 3622 qui
3219 3567 3354 3606 cum
3395 3551 3626 3608 fecisset
3653 3570 3875 3624 pecca-

2214 3639 2361 3702 tum,
2387 3635 2503 3691 tale
2536 3654 2649 3692 non
2683 3637 2817 3693 fecit
2845 3639 3003 3709 quod
3033 3638 3320 3696 Dominus
3352 3640 3626 3713 respiciat
3656 3642 3732 3697 ad
3765 3660 3880 3715 pu-

2214 3723 2533 3781 niendum:
2569 3743 2670 3798 per
2699 3728 2854 3798 quod
2907 3731 3143 3783 notatur
3187 3733 3512 3800 peccatum,
3538 3732 3692 3802 quod
3745 3731 3880 3788 sola

2212 3813 2472 3870 oratione
2505 3819 2694 3887 potest
2724 3814 2903 3871 deleri
2941 3832 2954 3870 :
2987 3821 3043 3872 et
3075 3834 3209 3872 cum
3241 3835 3356 3872 non
3381 3818 3614 3874 fecisset
3639 3818 3754 3876 nisi
3789 3820 3875 3876 Ie-

2209 3902 2322 3971 via,
2343 3902 2469 3976 ipse
2490 3907 2687 3959 tamen
2711 3903 2963 3977 imputat
2984 3905 3283 3977 sibi,quod
3306 3910 3543 3962 notatur
3564 3907 3662 3963 ubi
3686 3908 3871 3965 dicit:

2212 4015 2239 4041 «
2272 4008 2378 4047 nec
2407 3996 2497 4047 est
2525 3993 2582 4046 in
2617 3992 2824 4064 spiritu
2857 3995 2984 4066 ejus
3016 3994 3244 4050 dolus.»
3267 3995 3447 4051 Dolus
3475 4001 3631 4052 esset
3659 3997 3723 4052 in
3753 3998 3873 4071 spi-

2211 4079 2327 4136 ritu
2376 4081 2524 4152 ejus,
2557 4080 2616 4137 id
2665 4086 2773 4150 est,
2807 4082 2868 4137 in
2915 4083 3232 4153 voluntate,
3267 4084 3314 4138 si
3363 4084 3580 4140 diceret
3627 4101 3692 4140 se
3743 4086 3873 4143 sine

2212 4175 2448 4242 peccato
2505 4188 2652 4238 esse,
2696 4189 2831 4226 cum
2889 4172 3037 4228 sciat
3094 4173 3389 4228 neminem
3441 4173 3566 4229 sine
3625 4180 3870 4246 peccato

2207 4259 2418 4315 vivere.
2443 4261 2605 4316 Unde
2634 4261 2890 4317 Joannes
2916 4277 2928 4317 :
2954 4285 2980 4311 ‹‹
3007 4261 3066 4316 Si
3106 4262 3360 4318 dicimus
3390 4262 3528 4334 quia
3557 4268 3871 4335 peccatum

2211 4365 2326 4404 non
2373 4349 2681 4417 habemus,
2717 4351 3109 4423 nosmetipsos
3155 4350 3512 4423 seducimus,
3544 4356 3603 4408 et
3646 4354 3870 4410 veritas

2210 4437 2268 4491 in
2303 4437 2472 4493 nobis
2502 4455 2618 4493 non
2648 4442 2738 4494 est
2768 4440 2816 4508 (Ι
2842 4441 2998 4496 Joan.
3028 4440 3127 4512 1).»
3151 4440 3297 4495 Cum
3331 4440 3472 4496 dicit
3502 4441 3712 4498 beatus
3744 4443 3872 4515 qui-

449 4519 530 4575 ita
559 4521 864 4591 reputatus
886 4534 1039 4585 sum,
1067 4519 1133 4571 ut
1152 4515 1350 4570 videar
1369 4532 1496 4570 esse
1527 4517 1817 4587 projectus
1840 4541 1866 4566 «
1893 4535 1927 4572 a
1955 4518 2100 4574 facie
2130 4544 2178 4609 Ι)
2210 4527 2321 4582 bus
2353 4527 2472 4581 haec
2505 4527 2659 4582 trina
2689 4528 2956 4584 remissio
2983 4530 3069 4598 fit,
3100 4530 3355 4586 ostendit
3379 4547 3443 4586 se
3473 4536 3714 4602 peccata
3735 4534 3868 4604 jam

448 4607 750 4664 oculorum
783 4611 1041 4672 tuorum,
1069 4628 1094 4654 ››
1119 4605 1177 4659 id
1209 4607 1317 4675 est,
1352 4622 1386 4659 a
1429 4605 1740 4676 przesentia
1771 4605 2098 4663 misericor-

448 4696 556 4751 diae
578 4699 711 4750 tum.
728 4696 1013 4751 Excessus
1036 4695 1267 4763 dicitur,
1286 4693 1403 4749 sive
1425 4695 1658 4766 quando
1680 4694 1854 4751 homo
1878 4696 2102 4768 rapitur

448 4783 520 4841 ad
543 4783 1092 4855 contemplationem
1115 4784 1465 4852 divinorum,
1482 4788 1547 4839 ut
1564 4783 1778 4839 Paulus
1801 4785 1960 4857 dicit,
1980 4785 2100 4841 sive

447 4877 640 4931 mente
662 4872 996 4928 excedimus
1021 4873 1156 4939 Deo,
1180 4873 1298 4928 sive
1321 4875 1553 4943 quando
1589 4872 1800 4946 aliquis
1821 4892 1892 4930 ex
1910 4874 2099 4930 tristi-

446 4965 530 5021 tia
559 4980 798 5020 sensum
827 4961 1070 5030 excedit,
1095 4961 1316 5016 scilicet
1349 4980 1462 5016 non
1497 4981 1794 5020 remanere
1824 4968 1979 5037 apud
2012 4984 2094 5023 se.

517 5055 586 5110 Et
606 5053 746 5126 quia
767 5052 850 5109 sic
879 5068 970 5106 me
998 5049 1282 5105 humilem
1316 5050 1574 5119 exhibui,
1603 5077 1628 5102 ‹‹
1657 5054 1781 5109 ideo
1807 5057 2095 5112 exaudisti

445 5159 644 5198 vocem
677 5140 1103 5214 deprecationis
1149 5157 1321 5207 meze;
1351 5163 1376 5188 ››
1400 5146 1456 5194 et
1496 5142 1771 5196 meritum
1804 5146 2097 5214 quoddam

449 5231 834 5287 exauditionis
853 5231 1132 5303 supponit
1150 5246 1283 5285 cum
1308 5230 1448 5284 dicit
1467 5246 1517 5284 :u
1538 5246 1669 5284 cum
1689 5232 2000 5289 clamarem
2024 5236 2094 5291 ad

447 5321 524 5383 te,
551 5343 573 5370 ι
601 5319 658 5372 id
692 5325 798 5387 est,
825 5322 964 5392 quia
995 5320 1260 5376 clamavi.

516 5405 586 5460 Et
615 5406 753 5478 quia
780 5408 1062 5466 Dominus
1094 5411 1215 5465 haec
1248 5408 1531 5464 beneficia
1560 5410 1780 5466 confert
1801 5412 2092 5484 fidelibus,

443 5496 502 5549 et
531 5492 852 5553 clamantes
883 5498 1140 5567 exaudit,
1161 5499 1291 5554 ideo
1315 5514 1416 5553 vos
1441 5521 1468 5547 ‹‹
1493 5513 1698 5554 omnes
1729 5501 1936 5574 sancti,
1961 5502 2094 5558 dili-

443 5580 562 5659 gite
586 5602 614 5634 ››
637 5580 805 5641 illum
828 5607 855 5637 ‹‹
889 5586 1232 5659 Dominum;
1262 5610 1288 5637 ››
1323 5587 1604 5660 quoniam
1633 5586 1770 5646 licet
1797 5592 2095 5665 permittat

2209 4631 2637 4687 recognoscere.

2280 4705 2449 4761 Modo
2481 4705 2564 4762 sic
2594 4723 2833 4762 renosco
2862 4712 3119 4780 peccata,
3148 4709 3248 4764 sed
3283 4714 3419 4766 ante
3453 4711 3608 4766 tacui
3639 4728 3736 4766 me
3765 4711 3868 4767 ha»

2208 4795 2342 4851 bere
2391 4800 2646 4867 peccata,
2681 4800 2737 4851 et
2783 4820 2810 4846 ‹‹
2857 4797 3135 4868 quoniam
3184 4798 3363 4867 tacui,
3397 4800 3870 4856 inveteraverunt

2212 4901 2349 4940 ossa
2378 4902 2527 4954 mea,
2554 4908 2582 4934 »
2603 4884 2660 4940 id
2691 4890 2798 4954 est,
2823 4887 2893 4941 ad
2934 4887 3174 4942 modum
3204 4889 3416 4944 veteris
3444 4889 3621 4944 vestis
3649 4907 3867 4962 appro-

2207 4973 2512 5046 piaverunt
2542 4975 2722 5030 ruinae
2756 4975 2963 5030 robora
2984 4993 3132 5032 mea.
3157 4977 3308 5033 Bene
3330 4977 3494 5048 dicit,
3516 5001 3543 5028 ‹‹
3570 4976 3867 5035 invetera-

2205 5068 2432 5132 verunt,
2461 5087 2488 5112 »
2520 5068 2576 5120 et
2605 5080 2719 5119 non
2753 5065 3052 5122 destructa
3093 5070 3250 5133 sunt,
3285 5067 3424 5138 quia
3466 5071 3737 5138 poterant
3767 5084 3867 5124 re-

2208 5153 2500 5208 wdiﬁcari.
2523 5153 2700 5209 Tacui
2735 5171 2827 5209 me
2857 5153 3070 5210 habere
3102 5160 3406 5227 peccatum
3429 5180 3456 5206 «
3479 5172 3616 5212 cum
3647 5155 3866 5212 clama.

2208 5258 2330 5297 rem
2359 5264 2384 5291 ››
2409 5259 2513 5315 per
2541 5243 2670 5314 ipsa
2699 5261 2874 5315 opera
2904 5260 2996 5299 me
3027 5243 3242 5301 habere
3272 5249 3577 5318 peccatum
3600 5270 3627 5296 «
3658 5250 3804 5316 tota,
3832 5267 3861 5299 »

2205 5332 2264 5388 id
2311 5337 2420 5402 est,
2455 5332 2696 5389 assidua
2742 5332 2855 5388 die.
2881 5333 2980 5389 Vel
3013 5357 3040 5382 «
3075 5351 3210 5390 cum
3261 5335 3577 5392 clamarem
3606 5359 3633 5384 ››
3662 5351 3860 5392 meam

2205 5421 2428 5480 scilicet
2449 5422 2766 5494 justitiam.

2275 5511 2544 5568 Ostendit
2575 5510 2686 5567 sibi
2731 5509 2888 5568 mala
2927 5511 3210 5585 evenisse,
3243 5514 3399 5586 quod
3430 5514 3635 5570 tacuit.
3659 5513 3861 5571 Conti-

2204 5601 2404 5660 nuatio
2429 5618 2441 5659 :
2468 5601 2635 5660 Prius
2654 5600 2831 5674 tacui,
2854 5601 2955 5660 sed
2978 5603 3150 5661 modo
3172 5626 3199 5655 «
3225 5619 3359 5661 sum
3380 5619 3723 5678 conversus,
3747 5626 3776 5656 υ
3798 5603 3861 5662 id
