4092 6178
201 338 312 401 3θ4

1377 335 1874 398 EXPLANATIO
1917 333 1996 430 I’N
2042 337 2425 400 PSALMOS.

3483 345 3600 405 302

201 476 314 541 est,
344 470 429 526 ita
459 470 616 543 quod
650 469 777 525 sine
811 488 840 519 «ι
865 466 925 523 ἱη
956 482 1221 524 aerumna
1250 483 1405 537 mea,
1442 492 1461 517 ιι
1498 468 1556 523 id
1610 472 1718 536 est,
1753 484 1847 523 co-
1877 462 1935 533 Α
1962 468 2062 523 Dei
2095 469 2364 526 custodia
2392 487 2508 526 non
2531 471 2721 543 possis
2746 470 3079 544 persistere,
3102 472 3243 528 dicit
3267 490 3279 528 :
3306 496 3333 523 «
3358 474 3605 531 firmabo

200 576 479 634 gnoscam
519 573 614 614 me
663 573 1080 625 aerumnosum,
1108 556 1166 612 id
1219 561 1325 624 est,
1357 560 1716 629 peccatorem
1752 574 1763 610 :
1799 560 1856 611 et

201 648 495 723 praeponit
523 664 764 704 causam
816 645 1233 713 conversionis,
1265 662 1399 702 cum
1449 644 1590 701 dicit
1617 666 1646 696 «
1676 645 1854 700 confi-

196 739 360 813 gitur
386 736 561 810 spina
589 757 617 787 »
647 734 1042 809 suggestione,
1071 751 1382 803 consensu,
1408 733 1852 790 consuetudine.

205 850 235 879 ι(
266 824 555 895 Quoniam
575 842 788 881 manus
808 828 930 893 tua,
945 845 974 875 ι)
991 823 1049 879 id
1062 823 1418 880 estvindicta
1442 828 1561 891 tua,
1579 825 1857 895 «gravata

193 919 340 987 est,»
359 914 418 971 id
440 919 552 983 est,
566 913 797 986 gravior
820 913 972 968 facta
991 916 1080 968 est
1095 929 1313 985 «super
1333 929 1447 982 me,
1463 934 1492 962 η
1509 916 1607 967 et<<
1622 911 1731 967 hoc
1762 911 1857 967 die

197 1021 265 1061 ac
286 1008 478 1072 nocte,
492 1026 521 1055 »
546 1003 606 1059 id
627 999 1858 1071 est,assidue.Gravatadicitasimilitudine

196 1091 596 1167 magistri,qui
607 1091 872 1165 ingravat
883 1108 1061 1164 super
1071 1090 1709 1163 discipulum,utfaciat
1720 1106 1855 1146 eum

196 1197 611 1256 recognoscere
637 1179 920 1237 delictum
945 1197 958 1237 :
985 1197 1301 1237 conversus
1322 1180 1450 1236 dico
1470 1201 1499 1231 «
1519 1181 1661 1236 dum
1684 1180 1859 1235 conﬁ-

195 1272 357 1345 gitur
386 1269 584 1343 spina,
609 1292 638 1321 ››
673 1269 731 1325 id
765 1270 1021 1342 est,quia
1049 1268 1370 1326 destruitur
1390 1268 1701 1342 superbia:
1728 1285 1855 1341 quae

196 1361 327 1416 ideo
358 1374 464 1432 per
500 1358 734 1432 spinam
764 1357 1130 1432 intelligitur,
1165 1358 1305 1431 quia
1333 1358 1393 1413 in
1425 1358 1596 1431 spina
1625 1361 1715 1414 est
1743 1374 1860 1414 ere-

205 1449 320 1505 ctio
364 1446 646 1504 hominis.
696 1448 850 1503 Bene
899 1447 1029 1502 dico
1075 1446 1137 1501 in
1181 1464 1443 1503 aerumna
1483 1447 1701 1516 «dum,
1739 1468 1760 1494 υ
1796 1445 1853 1502 id

201 1541 313 1603 est,
344 1536 489 1610 quia
512 1556 540 1587 ς(
561 1536 878 1609 configitur
898 1536 1132 1608 spina,»
1149 1534 1206 1591 id
1228 1540 1335 1603 est,
1352 1535 1591 1609 punctio
1612 1535 1856 1608 peccati.

264 1626 368 1683 Hic
417 1624 627 1698 incipit
681 1625 976 1681 confiteri.
1026 1623 1165 1680 Dico
1224 1641 1540 1681 conversus
1597 1641 1752 1694 sum,
1803 1627 1861 1680 et

203 1715 415 1772 deinde
446 1735 476 1766 ι(
507 1714 809 1788 cognitum
838 1714 945 1770 tibi
978 1712 1107 1783 feci,
1132 1735 1161 1764 »
1185 1712 1243 1768 id
1265 1716 1371 1781 est,
1400 1713 1703 1769 confessus
1724 1730 1857 1769 sum

201 1803 547 1905 {delictum
579 1820 860 1905 meum“
890 1803 949 1858 id
976 1804 1085 1870 est,
1119 1803 1286 1902 quod.
1311 1801 1545 1905 ‘deliqui
1596 1801 1741 1905 nihil
1773 1803 1856 1858 fa-
1886 1839 1935 1905 Β

198 1893 423 1960 ciendo,
458 1915 489 1943 ‹‹
522 1896 580 1949 et
605 1890 961 1964 injustitiam
996 1907 1246 1961 meam,»
1271 1890 1330 1947 id
1352 1892 1633 1963 est,quod
1654 1895 1859 1948 contra

195 1983 441 2040 vetitum
471 1982 583 2039 feci
617 2003 645 2032 «
678 1999 796 2039 non
827 1981 1132 2049 abscondi,
1168 2002 1196 2032 »
1233 1982 1333 2036 sed
1367 1980 1471 2037 tibi
1515 1981 1855 2037 manifesta-

197 2072 249 2128 vi
279 2088 296 2128 :
329 2088 450 2128 non
481 2072 640 2144 quod
673 2069 993 2144 aliquando
1025 2073 1223 2126 essent
1252 2069 1470 2143 ignota,
1504 2069 1606 2125 sed
1635 2069 1733 2125 ille
1763 2070 1855 2125 di-

199 2161 350 2218 citur
380 2164 524 2217 nota
549 2159 666 2216 Deo
698 2158 885 2215 facere
914 2162 1171 2232 peccata,
1196 2158 1297 2231 qui
1319 2158 1579 2232 seipsum
1611 2176 1854 2234 cognos-

202 2250 275 2306 cit
304 2247 731 2318 damnabilem,
768 2250 827 2305 et
855 2248 1151 2304 medicum
1182 2248 1448 2322 requirit.

266 2339 374 2396 Hie
403 2337 666 2396 ostendit
710 2336 851 2410 quid
901 2337 1087 2410 prosit
1136 2353 1485 2411 cognoscere
1528 2342 1854 2412 peccatum.

202 2428 492 2486 Delictum
523 2426 631 2482 tibi
662 2425 769 2483 feci
792 2425 1191 2499 cognitum,ex
1212 2443 1327 2499 quo
1348 2426 1523 2483 etiam
1546 2451 1575 2477 «
1599 2428 1775 2496 dixi,»
1797 2427 1857 2483 id

199 2520 306 2584 est,
326 2514 671 2583 deliberavi,
695 2513 917 2571 scilicet
937 2515 1094 2588 apud
1114 2530 1210 2571 me
1230 2515 1448 2587 ipsum,
1476 2539 1505 2565 «
1529 2516 1860 2572 Confitebor

202 2628 229 2656 α
262 2603 889 2676 Dominoinjustitiam
901 2619 1152 2671 meam,»
1167 2602 1225 2659 id
1238 2603 1509 2672 est,mala
1520 2621 1694 2677 opera
1704 2622 1855 2675 mea,

199 2694 355 2767 quod
378 2693 576 2749 facere
598 2695 686 2749 est
708 2693 1019 2749 adversum
1040 2693 1263 2765 me,qui
1285 2692 1449 2765 prius
1471 2698 1706 2766 peccata
1730 2711 1860 2750 mea

201 2783 521 2841 defendere
551 2797 988 2850 consueveram,
1015 2804 1043 2831 ‹‹
1062 2780 1342 2837 remisisti
1371 2786 1435 2837 tu
1458 2805 1486 2832 »
1519 2799 1635 2838 non
1666 2781 1858 2839 solum

199 2874 466 2945 peccata,
499 2871 603 2928 sed
634 2869 791 2926 mala
818 2886 1012 2943 opera,
1046 2868 1268 2926 scilicet
1289 2892 1317 2920 «
1341 2870 1724 2942 impietatem,
1750 2893 1777 2920 ››
1801 2870 1860 2927 id

204 2965 315 3033 est,
348 2982 379 3012 »
415 2959 857 3018 excusationem
891 2980 922 3010 «
952 2957 1173 3032 peccati
1222 2959 1357 3015 mei.
1391 2980 1421 3010 »
1456 2958 1616 3015 Licet
1663 2963 1860 3015 autem

204 3050 362 3107 Deus
393 3048 664 3108 dimittat
690 3051 948 3123 peccata,
983 3064 1053 3104 ex
1082 3064 1198 3121 quo
1242 3047 1417 3104 homo
1462 3047 1523 3103 in
1567 3047 1863 3104 voluntate

203 3137 475 3212 pmnitet,
497 3142 698 3195 tamen
731 3137 1127 3194 confitendum
1150 3140 1240 3193 est
1260 3136 1549 3194 ministris
1570 3136 1858 3204 Ecclesiae,

203 3228 360 3300 quia,
384 3226 505 3284 nisi
526 3227 961 3299 confiterentur,
985 3243 1055 3283 ex
1072 3244 1182 3283 sua
1201 3224 1597 3283 inobedientia
1618 3226 1859 3281 damna-
1891 3207 1935 3277 α

200 3322 430 3389 rentur,
463 3316 630 3383 Quod
662 3320 964 3373 ostensum
1004 3320 1094 3373 est
1142 3317 1380 3385 Lazaro,
1414 3314 1514 3389 qui
1547 3319 1861 3388 postquam

202 3406 597 3463 resuscitatus
628 3404 754 3473 fuit,
790 3405 1045 3478 indiguit
1073 3405 1236 3462 solvi.

273 3496 449 3551 Ponit
488 3495 1062 3551 commendationem
1107 3495 1513 3566 confessionis,
1548 3512 1680 3550 cum
1723 3492 1865 3548 dicit

202 3588 445 3640 sanctos
480 3600 648 3638 orare
677 3600 780 3656 pro
804 3582 1150 3639 remissione
1172 3582 1644 3655 impietatisque:
1667 3582 1867 3639 remis-

200 3674 289 3731 sio
318 3674 582 3730 habetur
610 3689 681 3729 ex
707 3671 1094 3729 confessione.
1128 3673 1287 3729 Bona
1316 3677 1406 3729 est
1436 3672 1756 3745 impietatis
1783 3687 1868 3729 re-

199 3764 437 3836 missio,
464 3767 525 3819 et
542 3785 572 3812 ‹‹
596 3778 699 3835 pro
721 3761 833 3817 hac
856 3784 884 3812 »
915 3760 1186 3819 habenda
1206 3785 1236 3813 «
1261 3762 1450 3819 orabit
1478 3761 1670 3818 omnis
1692 3779 1866 3818 sanc-

200 3857 303 3910 tus
335 3853 397 3907 in
427 3856 700 3924 tempore
729 3853 1079 3925 opportuno,
1116 3873 1144 3901 »
1175 3851 1233 3907 id
1266 3855 1375 3919 est,
1408 3849 1469 3906 in
1497 3850 1607 3907 hac
1635 3850 1772 3923 vita,
1804 3850 1865 3907 in

200 3958 325 4014 qua
354 3944 595 3997 tantum
618 3938 772 3997 valet
801 3940 989 3997 oratio
1018 3940 1353 4013 impetrare.

273 4029 414 4086 Alia
458 4029 897 4086 commendatio
949 4029 1352 4085 confessionis.
1404 4029 1545 4084 Boni
1594 4029 1864 4098 orabunt,

199 4142 229 4169 ε(
260 4122 685 4177 verumtamen
721 4140 749 4167 ι)
778 4117 1113 4174 habitantes
1147 4139 1173 4167 ‹‹
1204 4117 1264 4172 in
1311 4116 1527 4173 diluvio
1578 4134 1866 4189 aquarum

198 4207 561 4277 multarum,
590 4231 613 4258 ι
649 4208 707 4263 id
739 4211 848 4276 est,
874 4205 935 4262 in
965 4205 1369 4263 submersione
1401 4205 1722 4263 multorum
1743 4221 1871 4278 pec-

197 4302 501 4366 catorum,
539 4318 569 4348 «
601 4312 718 4353 non
752 4293 1247 4369 approximabunt
1280 4318 1307 4345 »
1339 4295 1412 4351 ad
1437 4312 1572 4352 eum
1620 4311 1725 4366 per
1761 4294 1867 4352 ali-

199 4403 390 4459 quam
422 4384 879 4442 confessionem.

268 4477 350 4532 Et
381 4476 533 4531 bene
565 4474 781 4530 debent
820 4474 1007 4530 sancti
1055 4490 1219 4530 orare
1267 4474 1338 4529 ad
1381 4477 1456 4542 te,
1491 4472 1629 4545 quia
1650 4497 1677 4524 «
1712 4478 1773 4529 tu
1806 4492 1868 4531 es

1964 574 2140 628 super
2170 560 2223 611 te
2253 558 2452 614 oculos
2491 576 2674 626 meos,
2711 582 2737 608 ››
2769 559 2827 615 id
2854 563 2960 627 est,
2994 576 3098 632 per
3145 560 3609 619 misericordiam

1964 645 2311 702 custodiam.

2033 735 2105 789 Et
2128 735 2265 806 quia
2285 736 2435 793 dabo
2456 736 2838 807 intellectum,
2863 737 3085 794 «nolite
3105 738 3231 795 ﬁeri
3254 739 3407 796 sicut
3426 756 3612 812 equus

1964 826 2022 879 et
2051 822 2270 893 mulus,
2296 824 2513 897 quibus
2543 844 2658 882 non
2690 830 2780 882 est
2810 826 3163 883 intellectus.
3194 850 3221 877 »
3252 827 3487 885 Similes
3516 845 3613 885 es-

1964 916 2094 968 sent
2123 929 2293 986 equo,
2326 915 2377 969 si
2408 932 2524 971 non
2555 916 2921 971 attenderent
2950 932 3125 988 quem
3166 917 3612 988 portarent,sive

1964 1005 2170 1070 Deum,
2205 1001 2323 1058 sive
2352 1000 2680 1059 inimicum.
2716 1002 2950 1059 Similes
2981 1008 3178 1059 essent
3200 1004 3379 1075 mulo,
3414 1005 3462 1060 si
3494 1022 3610 1061 non

1965 1090 2403 1147 considerarent
2432 1107 2610 1147 onera
2641 1108 2767 1160 sua,
2801 1107 2876 1147 an
2908 1095 3208 1164 portarent
3228 1094 3612 1164 peccata,sive

1963 1178 2118 1236 bona
2148 1196 2342 1252 opera.
2375 1178 2479 1236 Vel
2510 1197 2613 1253 per
2655 1197 2875 1253 equum
2924 1180 3284 1253 accipiamus
3332 1181 3610 1254 gentilem

1964 1267 2271 1343 populum,
2306 1268 2405 1341 qui
2437 1268 2760 1325 indomitur
2788 1272 2844 1325 et
2873 1268 3106 1325 effrenis
3136 1268 3323 1342 legem
3364 1286 3478 1326 non
3511 1287 3610 1325 cu-

1965 1358 2132 1413 rabat
2164 1373 2177 1412 :
2212 1375 2316 1431 per
2345 1357 2595 1430 mulum,
2628 1359 2941 1415 Judaicum
2973 1357 3279 1432 populum,
3305 1358 3404 1431 qui
3427 1359 3613 1417 durus

1964 1450 2022 1503 et
2051 1445 2217 1519 piger
2242 1450 2366 1503 erat
2394 1448 2469 1504 ad
2498 1446 2685 1521 legem
2718 1447 3102 1521 implendam.

2037 1535 2175 1591 Dico
2230 1536 2409 1592 nolite
2456 1537 2602 1606 fieri,
2649 1538 2773 1603 sed,
2804 1555 2836 1593 ο
2868 1537 3113 1594 Domine
3161 1538 3335 1607 Deus,
3366 1537 3416 1593 si
3464 1537 3613 1594 tales

1967 1623 2184 1680 fuerint
2213 1649 2243 1675 «
2274 1626 2575 1699 confringe
2604 1625 2874 1683 maxillas
2907 1644 3107 1682 eorum
3140 1627 3199 1682 in
3230 1627 3460 1696 chamo,
3492 1650 3521 1677 »
3549 1627 3610 1683 id

1966 1717 2073 1783 est,
2104 1713 2164 1768 in
2206 1714 2417 1771 minori
2468 1716 2716 1787 penuria
2760 1716 2951 1772 victus
2996 1721 3055 1772 et
3100 1715 3371 1784 vestitus,
3403 1739 3430 1765 ‹‹
3466 1720 3525 1771 et
3551 1716 3612 1771 in

1966 1803 2153 1870 freno,
2186 1825 2214 1853 »
2245 1803 2303 1859 id
2334 1807 2443 1872 est,
2478 1802 2536 1858 in
2570 1803 2779 1875 majori
2824 1805 3070 1876 penuria
3112 1804 3321 1861 victus.
3354 1804 3614 1860 Chamus

1966 1895 2054 1948 est
2082 1891 2335 1965 ligatura
2365 1909 2482 1965 qua
2508 1892 2767 1965 ligantur
2805 1892 3027 1949 domita
3072 1892 3388 1949 animalia:
3415 1893 3613 1949 frenus

1967 1998 2083 2055 qua
2108 1981 2395 2037 indomita
2426 1998 2438 2037 :
2473 1980 2739 2038 maxillas
2770 1981 2898 2037 dico
2931 1998 3132 2038 eorum
3168 2004 3195 2031 ‹‹
3228 1982 3326 2054 qui
3361 1999 3477 2039 non
3506 1999 3613 2055 ap-

1966 2069 2297 2143 proximant
2328 2070 2401 2125 ad
2431 2073 2487 2126 te
2519 2093 2546 2119 ››
2578 2086 2680 2142 per
2711 2070 3160 2127 confessionem.

2038 2159 2145 2216 Per
2185 2158 2462 2216 chamum
2504 2163 2561 2215 et
2605 2160 2837 2216 frenum
2886 2160 3109 2235 corrige
3157 2177 3277 2233 eos,
3310 2164 3367 2217 et
3407 2164 3615 2234 praeter

1966 2251 2088 2305 haec
2118 2252 2258 2305 sunt
2289 2273 2317 2301 «
2351 2248 2539 2305 multa
2570 2249 2801 2323 ﬂagella
2831 2249 3171 2323 peccatoris,
3209 2272 3236 2299 »
3270 2249 3328 2306 id
3359 2254 3467 2320 est,
3491 2250 3616 2322 qui-

1965 2340 2078 2397 bus
2099 2339 2312 2396 debent
2332 2337 2539 2412 corrigi
2564 2344 2895 2412 peccatores
2921 2355 2934 2395 :
2960 2362 2987 2389 «
3013 2342 3314 2411 sperantes
3334 2344 3532 2397 autem
3553 2341 3615 2398 in

1966 2427 2213 2485 Domino
2245 2427 2646 2484 misericordia
2677 2427 3084 2496 circumdabit,
3108 2451 3136 2479 »
3162 2427 3301 2500 quia
3349 2429 3409 2484 in
3454 2428 3614 2487 nullo

1967 2519 2196 2575 deﬁciet
2225 2517 2309 2574 eis
2342 2517 2764 2574 misericordia.
2790 2518 2919 2574 Haec
2947 2518 3123 2574 verba
3144 2521 3284 2574 sunt
3304 2517 3520 2577 Christi
3541 2520 3612 2575 ad

1967 2608 2217 2675 Patrem,
2253 2623 2322 2662 ex
2350 2623 2466 2679 quo
2497 2606 2644 2662 dixit
2674 2607 2993 2680 confringe.

2039 2695 2439 2752 Misericordia
2458 2696 2849 2752 circumdabit
2866 2700 3189 2769 sperantes,
3206 2697 3335 2752 ideo
3355 2698 3619 2768 vos,jus-

1969 2785 2033 2854 ti,
2067 2786 2167 2857 qui
2199 2785 2259 2839 in
2290 2784 2537 2840 Domino
2568 2784 2837 2863 speratis,
2873 2808 2901 2833 «
2935 2783 3215 2839 laetemini
3247 2807 3275 2832 ››
3307 2783 3368 2839 in
3399 2789 3615 2854 mente,

1970 2896 1999 2924 ‹‹
2032 2876 2089 2930 et
2117 2872 2400 2930 exsultate
2425 2894 2452 2922 »
2473 2871 2534 2927 in
2569 2888 2829 2945 corpore,
2855 2894 2883 2922 «
2907 2874 2964 2927 et
2982 2871 3316 2945 gloriamini
3342 2895 3369 2922 ››
3385 2873 3513 2944 jam
3536 2888 3622 2930 se»

1970 2962 2096 3019 euri
2128 2963 2198 3018 de
2227 2960 2414 3035 gloria
2442 2984 2471 3012 «
2504 2977 2710 3018 omnes
2741 2961 2882 3017 recti
2913 2961 3105 3017 corde.
3142 2984 3170 3011 »

2433 3085 2505 3142 IN
2544 3085 2895 3143 PSALMUM
2932 3085 3149 3144 XXXII.

2251 3203 2507 3259 Trruws
2534 3218 2548 3257 :
2582 3203 2834 3259 Psalmus
2863 3202 3037 3258 David
3066 3204 3128 3258 in
3153 3201 3338 3273 ﬁnem.

2044 3342 2071 3371 «
2105 3317 2423 3386 Exsultate,
2450 3317 2621 3390 justi.
2648 3340 2675 3366 ››
2707 3315 2975 3373 Psalmus
3007 3317 3117 3373 iste
3149 3316 3417 3374 convenit
3437 3316 3619 3374 David

1971 3409 2288 3483 prophetas,
2311 3407 2413 3480 qui
2441 3410 2497 3463 ct
2516 3406 2612 3463 hic
2630 3405 2911 3479 loquitur,
2934 3409 2991 3463 et
3011 3407 3149 3463 facit
3173 3406 3528 3463 cantilenam
3551 3407 3621 3465 de

1971 3495 2142 3552 laude
2161 3496 2282 3564 Dei,
2300 3512 2425 3568 quae
2448 3494 2682 3568 mitigat
2702 3495 3053 3551 tentationes
3075 3493 3312 3561 diaboli,
3328 3495 3623 3551 slcutcan-

1971 3585 2155 3641 tilena
2164 3584 2344 3640 David
2368 3583 2600 3656 mitigat
2612 3582 2883 3655 spiritum
2898 3583 3113 3639 Saulis.
3130 3583 3373 3640 Materia
3383 3587 3473 3640 est
3492 3583 3624 3641 laus

1973 3674 2096 3732 Dei.
2111 3675 2254 3730 Eam
2276 3674 2360 3728 ita
2378 3676 2617 3728 tractat:
2634 3673 2907 3728 admonet
2928 3672 3000 3727 ad
3021 3670 3258 3727 laudem
3280 3671 3626 3745 Dei,ponen-

1975 3764 2048 3820 do
2080 3780 2290 3819 causas
2320 3776 2500 3834 quare
2521 3760 2840 3815 debeamus
2858 3760 3042 3814 Deum
3065 3758 3396 3813 laudare.In
3414 3773 3623 3813 secun-

1976 3852 2052 3908 da
2080 3855 2243 3925 parte
2268 3849 2524 3906 ostendit
2553 3846 2685 3903 illos
2717 3864 2845 3903 esse
2873 3848 3073 3903 beatos
3115 3844 3216 3918 qui
3262 3845 3449 3902 Deum
3497 3844 3624 3902 lau-

1975 3942 2278 3998 daverunt.
2296 3938 2544 3994 Intentio
2557 3940 2646 3992 est
2663 3936 2976 3991 admonere
2993 3937 3066 3991 ad
3083 3934 3319 3992 laudem
3337 3934 3624 4008 Dei,quod

1976 4033 2213 4087 notatur
2232 4028 2290 4083 in
2314 4026 2506 4100 prima
2526 4029 2711 4098 parte,
2726 4040 2889 4096 aqua
2910 4024 2993 4081 sic
3014 4024 3376 4082 exsultanter
3398 4024 3625 4098 incipit.

2045 4119 2161 4175 Vos
2192 4116 2357 4189 impii
2388 4131 2503 4171 non
2535 4113 2758 4170 debetis
2809 4112 3097 4171 exsultare
3129 4113 3188 4169 in
3220 4113 3489 4184 Domino,
3524 4114 3626 4171 sed

1975 4225 2077 4266 vos
2107 4230 2133 4257 ‹‹
2159 4204 2310 4278 justi
2336 4202 2623 4260 exsultate
2654 4202 2713 4257 in
2744 4202 2991 4259 Domino
3015 4225 3042 4252 ››
3063 4206 3121 4258 et
3140 4219 3256 4258 non
3288 4202 3349 4258 in
3381 4204 3628 4260 munda-

1976 4296 2091 4353 nis.
2126 4295 2278 4351 Bene
2308 4292 2457 4359 dico,
2484 4290 2634 4362 justi
2664 4290 2968 4360 exsultate,
3001 4291 3142 4363 quia
3167 4314 3196 4341 «
3230 4295 3420 4349 rectos
3440 4314 3468 4343 »
3493 4291 3626 4350 illos

1977 4384 2077 4459 qui
2108 4379 2523 4440 exsultaverint
2552 4402 2579 4430 «
2616 4380 2781 4435 decet
2806 4379 3084 4448 laudatio,
3112 4401 3141 4428 »
3174 4378 3400 4435 scilicet
3418 4385 3483 4436 ut
3503 4379 3627 4437 lau-

1976 4476 2117 4533 dent
2146 4473 2352 4529 Deum.
2385 4469 2548 4526 Unde
2592 4467 2805 4524 dicitur
2836 4485 2849 4524 :
2885 4492 2912 4519 ‹‹
2947 4468 3238 4524 Peccatori
3269 4467 3414 4523 dixit
3442 4468 3620 4540 Deus,

194 4563 505 4637 refugium
536 4579 760 4632 meum,
786 4585 815 4613 ››
838 4562 898 4619 id
932 4567 1039 4631 est,
1063 4562 1207 4619 facis
1238 4578 1331 4618 me
1360 4578 1632 4618 securum
1666 4586 1693 4613 ‹‹
1716 4581 1750 4620 a
1770 4563 1867 4619 tri-
1894 4580 1943 4647 Ι)
1975 4581 2153 4644 quare
2182 4566 2246 4618 tu
2277 4576 2515 4618 enarras
2555 4557 2820 4630 justitias
2851 4557 3056 4613 meas?
3084 4557 3254 4629 (Psal.
3277 4559 3453 4627 xux.)
3485 4580 3514 4607 »
3546 4559 3618 4614 Et

194 4652 516 4709 bulatione
532 4673 561 4704 »
586 4656 962 4724 peccatorum
984 4650 1408 4724 praeteritorum
1428 4675 1457 4701 ‹‹
1474 4668 1600 4724 qua:
1621 4652 1861 4708 circum-

195 4742 370 4797 dedit
396 4757 493 4797 me
515 4756 531 4796 :
558 4763 587 4790 ››
611 4745 671 4796 et
688 4739 1023 4809 tu,Domine
1044 4762 1072 4790 «
1100 4757 1237 4796 erue
1258 4740 1867 4796 meaacircumdanti-

192 4831 313 4887 bus
336 4847 502 4899 me,»
515 4829 575 4885 id
589 4829 1071 4897 est,daemonibus
1094 4833 1153 4885 et
1171 4828 1558 4900 praesentibus
1579 4830 1861 4902 peccatis:

192 4919 457 4989 tu,dico,
482 4940 513 4969 «
537 4916 850 4974 exsultatio
872 4934 1021 4987 mea,
1048 4940 1076 4967 »
1098 4917 1158 4973 id
1180 4922 1289 4985 est,
1305 4917 1374 4973 de
1397 4935 1511 4991 quo
1532 4918 1867 4985 exsulto,sc-

194 5025 393 5064 curus
422 5007 586 5080 quod
620 5005 734 5062 cito
762 5005 1175 5078 eripias.Ponit
1204 5005 1298 5061 hic
1329 5010 1596 5077 quartam
1616 5011 1863 5078 partem,

193 5097 440 5154 scilicet
468 5112 578 5169 per
603 5095 1220 5166 remissionem,quam
1254 5094 1393 5149 facit
1410 5093 1676 5152 Christus
1695 5112 1799 5151 con
1810 5098 1870 5150 ﬁ-

194 5183 887 5243 tentibus.Continuatio
910 5200 923 5240 :
950 5184 1104 5239 Bene
1135 5182 1264 5239 dico
1293 5186 1351 5238 te
1380 5200 1507 5238 esse
1556 5184 1868 5257 refugium,

192 5274 348 5347 quia
384 5276 452 5328 tu
482 5271 612 5344 ipse
650 5271 800 5328 dicis
831 5287 845 5327 :
882 5294 910 5322 «
943 5271 1103 5328 Dabo
1154 5271 1259 5326 tibi
1305 5270 1663 5328 intellectum
1698 5296 1725 5322 ››
1758 5291 1872 5345 quo

190 5361 554 5421 conﬁtearis
581 5364 822 5433 peccata
850 5364 972 5429 tua,
995 5363 1053 5416 et
1084 5383 1111 5411 «
1147 5360 1207 5415 in
1236 5359 1329 5415 via
1359 5376 1477 5432 qua
1505 5360 1807 5433 gradieris,
1843 5383 1871 5411 »

187 5454 252 5509 id
284 5450 488 5517 est,in
521 5449 696 5506 bonis
726 5449 1024 5522 operibus,
1056 5449 1272 5521 quibus
1304 5449 1376 5504 ad
1410 5446 1595 5504 Deum
1626 5448 1870 5519 incedis,

188 5566 221 5593 α
255 5543 579 5598 instruam
602 5542 661 5595 te
684 5554 699 5594 :
725 5560 755 5590 α
778 5539 991 5595 amodo
1012 5538 1086 5595 do
1118 5554 1282 5594 arma
1311 5537 1532 5610 quibus
1561 5536 1753 5609 possis
1774 5556 1876 5611 pu-

183 5647 419 5709 gnare,
453 5626 702 5698 scilicet,
723 5627 972 5687 virtutes
1000 5644 1013 5684 :
1039 5630 1097 5686 et
1118 5625 1259 5701 quia
1276 5626 1362 5686 sic
1380 5626 1725 5700 instructus,
1749 5628 1877 5690 sine

1969 4643 2110 4717 item
2143 4670 2157 4711 :
2195 4674 2223 4704 «
2249 4650 2377 4707 Non
2407 4652 2497 4705 est
2525 4645 2791 4719 speciosa
2836 4643 2964 4701 laus
3013 4644 3074 4700 in
3123 4662 3221 4702 ore
3269 4647 3614 4719 peccatoris.

1974 4746 2160 4819 (Eccli.
2192 4738 2311 4812 xv.)
2345 4760 2372 4788 »
2402 4735 2505 4793 Vel
2538 4735 2588 4791 si
2618 4734 2906 4790 habeatur
2933 4731 3306 4806 collaudatio,
3338 4752 3442 4809 per
3487 4753 3618 4794 eam

1975 4829 2348 4892 laudantium
2379 4824 2740 4881 unanimitas
2770 4821 3138 4895 intelligitur.

2048 4922 2147 4978 llic
2177 4916 2341 4991 ponit
2370 4918 2565 4986 partes
2595 4911 2971 4985 laudationis,
3005 4930 3183 4986 quam
3216 4916 3492 4972 admonet
3536 4917 3618 4971 fa-

1977 5028 2110 5069 cere
2140 5025 2247 5063 nos
2277 5004 2478 5061 dicens
2508 5018 2521 5057 :
2559 5001 2700 5073 quia
2729 5001 2895 5057 decet
2940 5007 3128 5058 rectos
3178 5003 3459 5076 laudatio,
3491 5005 3621 5061 ideo

1976 5117 2077 5156 vos
2108 5096 2247 5153 recti
2281 5119 2307 5145 ‹‹
2343 5090 2702 5150 confitemini
2735 5091 2981 5147 Domino
3012 5091 3071 5146 in
3104 5092 3346 5162 cithara,
3383 5115 3411 5143 ››
3433 5093 3619 5163 idest,

1979 5189 2213 5245 laudate
2242 5201 2377 5242 eum
2410 5183 2469 5238 in
2501 5198 2741 5255 corpore
2769 5184 2981 5250 vestro,
3006 5184 3063 5237 et
3085 5180 3143 5236 in
3166 5181 3513 5238 substantiis
3536 5181 3625 5238 in-

1980 5276 2312 5342 ferioribus,
2348 5272 2591 5341 scilicet,
2624 5272 2683 5327 in
2715 5269 3277 5342 eleemosynis,quod
3304 5287 3409 5343 per
3434 5271 3627 5329 citha-

1981 5382 2107 5421 ram
2119 5364 2248 5420 ideo
2265 5358 2819 5435 intelligimus,quia
2829 5357 3054 5413 cithara
3065 5358 3627 5420 estinstrumentum

1982 5454 2054 5511 ab
2088 5452 2348 5510 inferiori
2381 5454 2545 5524 parte
2575 5464 2871 5515 resonans,
2905 5450 2963 5502 et
2992 5463 3097 5503 nos
3128 5447 3201 5504 ab
3231 5448 3629 5520 inferioribus,

1981 5543 2043 5600 id
2073 5546 2184 5613 est,
2218 5542 2290 5598 ab
2323 5539 2456 5596 istis
2478 5534 2792 5592 mundanis
2813 5538 3157 5593 resonemus
3177 5538 3248 5595 ad
3271 5537 3507 5599 laudem
3527 5540 3633 5599 Dei

1986 5632 2134 5691 bene
2163 5627 2527 5705 disponendo
2558 5641 2626 5683 ea
2659 5640 2673 5681 :
2705 5627 2762 5681 et
2791 5640 2908 5683 non
2937 5627 3352 5689 tantummodo
3384 5630 3456 5689 ab
3484 5629 3631 5692 infe-
