4070 6180
425 273 542 346 303

812 273 1219 334 HAYMONIS
1255 273 1806 334 HALBERSTAT.
1842 268 2086 331 EPISC.
2123 267 2298 330 OPP.
2337 271 2564 332 PARS.
2601 271 2648 332 Ι.
2682 305 2758 314 -
2789 271 3195 332 COMMENT.
3229 267 3429 330 BlBL.

3719 270 3850 332 ωλι

426 405 562 461 riori
596 408 779 476 parte,
813 407 912 461 sed
947 428 974 454 «
1010 405 1239 478 psallite
1271 406 1376 475 illi,
1413 430 1439 456 »
1472 406 1526 460 id
1561 410 1668 475 est,
1701 406 1847 461 bene
1877 421 2071 476 opera—
2097 401 2155 471 Α
2185 401 2270 458 ita
2303 419 2315 458 :
2345 426 2372 453 «
2397 404 2622 460 Ponens
2655 405 2918 478 abyssos,
2949 428 2975 453 »
2997 404 3053 460 id
3076 407 3185 470 est,
3210 401 3670 476 profundissime
3690 405 3852 460 tene.

428 493 573 549 mini
605 515 632 543 «
667 495 726 549 in
759 495 1053 566 psalterio,
1093 519 1119 543 »
1154 495 1208 549 id
1237 500 1344 560 est,
1371 495 1429 549 in
1464 496 1711 567 spiritu:
1738 493 2079 568 psalterium

429 583 557 638 dico
581 606 609 633 «
634 583 833 638 decem
855 584 1227 651 chordarum,
1250 608 1274 631 »
1294 584 1348 638 id
1373 589 1479 653 est,
1500 585 1554 638 in
1574 583 1779 656 spiritu
1803 583 2083 656 implente

426 671 629 727 decem
661 677 947 744 praecepta
969 671 1135 745 legis.
1157 673 1260 727 Per
1282 672 1622 744 psalterium
1647 673 1969 744 accipimus
1993 689 2084 727 su-

427 758 712 831 perierem
753 758 1010 830 laudem,
1042 778 1170 831 qua:
1203 766 1292 815 est
1323 761 1379 815 in
1414 760 1647 832 spiritu,
1682 761 1821 832 quia
1868 759 2083 831 psalte-

427 847 581 904 rium
604 865 638 905 a
669 849 955 921 superiori
986 853 1152 920 parte
1182 849 1400 906 emittit
1423 867 1656 908 sonum.
1683 850 1784 904 Hic
1811 855 2086 906 notamus

429 937 1048 1009 contemplativamzet
1075 939 1171 993 ubi
1199 938 1735 1006 dicit,Conﬁtemini
1758 938 1813 992 in
1839 939 2081 1008 cithara,

430 1026 680 1084 activam
709 1026 912 1081 vitam.

501 1116 572 1170 Et
600 1132 716 1172 non
749 1115 941 1171 solum
965 1116 1021 1169 in
1047 1116 1271 1171 cithara
1293 1121 1352 1172 et
1372 1116 1777 1188 psalterio,sed
1803 1140 1828 1165 ‹‹
1856 1121 2087 1174 cantate

430 1203 483 1260 ei
513 1204 809 1259 canticum
857 1221 1093 1276 novum,
1122 1228 1147 1253 »
1172 1205 1229 1259 id
1263 1210 1371 1274 est,
1407 1206 1640 1262 laudate
1672 1207 1745 1261 de
1774 1206 2087 1262 transmis-

432 1293 595 1348 sione
619 1292 750 1348 Filii
781 1293 872 1348 sui
908 1293 965 1347 in
997 1295 1311 1360 mundum,
1348 1312 1474 1366 qua:
1524 1294 1655 1350 laus
1705 1295 1775 1350 de
1817 1295 2085 1350 incarna-

432 1379 590 1436 tione
611 1381 826 1437 dicitur
845 1400 1058 1437 novum
1084 1383 1400 1452 canticum,
1419 1385 1685 1454 quianon
1708 1385 1897 1440 fuerat
1919 1384 2087 1439 nobis

432 1470 820 1542 cognitum,et
850 1472 1024 1527 etiam
1055 1496 1081 1522 ‹‹
1116 1472 1344 1544 psallite
1366 1473 1416 1528 ei
1441 1474 1500 1528 in
1521 1474 1950 1541 vociferatione,
1981 1497 2007 1522 »
2031 1473 2088 1529 id

433 1563 543 1627 est,
575 1558 809 1616 laudate
839 1577 973 1616 eum
1005 1561 1086 1616 ita
1127 1562 1354 1616 intenta
1403 1562 1725 1630 devotione,
1757 1564 1912 1635 quod
1960 1578 2088 1618 eam

433 1647 706 1724 humana:
736 1665 904 1704 voces
935 1665 1051 1704 non
1082 1648 1311 1705 valeant
1333 1650 1618 1722 explicare
1644 1667 1657 1707 :
1681 1655 1738 1706 et
1756 1651 1896 1723 quia
1918 1650 2090 1706 multi

2189 493 2395 549 brosos
2432 517 2459 543 ‹‹
2483 495 2541 549 in
2563 495 2859 550 thesauris
2891 494 3038 567 suis,
3065 518 3092 543 »
3116 495 3173 550 id
3205 497 3312 560 est,
3346 496 3410 548 ut
3429 493 3546 548 sint
3567 509 3707 564 pars
3729 494 3849 550 the-

2192 599 2499 638 saurorum
2533 602 2798 651 suorum,
2824 588 2888 639 ut
2909 602 3011 656 per
3031 600 3130 639 eos
3154 581 3418 654 legitime
3445 587 3740 639 certantes
3760 600 3850 640 re-

2193 677 2482 727 muneret.
2508 673 2672 728 Sicut
2702 673 2858 728 enim
2891 671 3182 744 sapientia
3211 671 3346 726 data
3375 675 3465 726 est
3492 671 3718 728 sanctis
3748 673 3850 729 do-

2194 776 2335 814 num
2369 760 2491 826 Dei,
2526 761 2610 816 sic
2639 761 2816 817 etiam
2848 760 2985 817 mali
3020 761 3242 815 donum
3272 759 3374 814 Dei
3397 765 3694 815 suntcum
3716 778 3854 817 san-

2194 847 2303 904 ctis
2335 848 2405 903 ad
2437 850 2718 922 majorem
2751 866 3026 906 coronam
3059 849 3276 905 dantur
3303 865 3338 903 a
3365 849 3515 903 Deo:
3543 854 3610 904 ut
3639 849 3855 906 Decius

2193 936 2363 992 beato
2397 937 2711 994 Laurentio
2745 940 2918 995 datus
2943 937 3053 993 fuit
3075 937 3146 993 ad
3170 938 3450 1009 majorem
3475 939 3857 995 coronam.Et

2196 1025 2346 1093 ideo,
2374 1027 2514 1096 quia
2545 1027 2684 1082 talis
2715 1032 2802 1084 est
2833 1050 2861 1078 «
2896 1026 3090 1083 omnis
3122 1031 3277 1083 terra
3298 1048 3326 1077 »
3350 1029 3407 1082 et
3435 1026 3485 1082 si
3518 1044 3636 1083 non
3665 1032 3862 1100 potest

2195 1115 2456 1183 laudare,
2493 1116 2700 1173 saltem
2734 1141 2761 1166 ‹‹
2797 1116 3002 1172 timeat
3032 1115 3347 1171 Dominum
3373 1133 3386 1171 :
3416 1139 3443 1164 »
3475 1116 3577 1171 sed
3612 1116 3665 1170 si
3695 1133 3766 1172 ex
3797 1134 3864 1173 se

2197 1222 2312 1260 non
2344 1206 2522 1262 habet
2553 1207 2705 1277 quod
2737 1205 2959 1272 timeat,
2984 1228 3011 1255 «
3035 1205 3105 1260 ab
3128 1221 3193 1260 eo
3221 1227 3246 1253 »
3268 1204 3516 1260 Domino
3539 1228 3567 1254 «
3592 1221 3862 1264 commo-

2196 1298 2441 1350 veantur
2465 1318 2489 1343 ››
2520 1295 2648 1350 dico
2680 1311 2782 1367 per
2810 1293 3254 1366 inspirationem
3300 1293 3373 1348 ab
3422 1293 3534 1349 hoc
3581 1293 3854 1365 timeant,

2198 1388 2686 1440 commoveantur
2706 1383 2834 1438 dico
2865 1403 2892 1433 «
2915 1399 3119 1438 omnes
3150 1381 3553 1439 inhabitantes
3572 1383 3804 1439 orbem.
3831 1406 3862 1434 υ

2269 1473 2339 1528 Et
2370 1473 2480 1528 iste
2510 1473 2655 1529 bene
2687 1471 2898 1544 poterit
2927 1470 3470 1543 commovere,quia
3490 1471 3623 1544 ipse
3643 1472 3868 1536 creavit

2199 1560 2418 1631 omnia,
2443 1566 2501 1617 et
2529 1561 2638 1618 hoc
2669 1565 2758 1618 est
2788 1585 2816 1611 ‹‹
2849 1559 3129 1633 quoniam
3162 1560 3287 1633 ipse
3317 1560 3484 1628 dixit,
3505 1583 3532 1610 η
3560 1561 3620 1616 id
3643 1567 3861 1629 εει,νο-

2201 1646 2310 1705 luit
2333 1675 2357 1699 ‹‹
2386 1654 2442 1706 et
2463 1651 2616 1707 facta
2647 1655 2833 1707 sunt»
2859 1650 3141 1717 omnia,id
3176 1648 3564 1716 est,informis
3586 1649 3861 1719 materia,

433 1737 771 1808 compuneti
805 1737 885 1792 ita
915 1737 1099 1792 Deum
1151 1737 1416 1806 laudant,
1453 1743 1508 1794 et
1559 1743 1753 1794 tamen
1803 1744 2004 1812 postea
2028 1738 2087 1794 in
2122 1775 2172 1840 Β
2203 1743 2259 1794 et
2291 1739 2349 1794 in
2382 1739 2502 1806 haec
2535 1740 2783 1795 formata
2809 1739 3064 1803 redacta,
3097 1742 3155 1793 et
3187 1760 3213 1788 ‹‹
3244 1738 3369 1810 ipse
3394 1760 3423 1788 »
3447 1738 3614 1810 prius
3636 1762 3666 1790 α
3691 1755 3875 1795 ωειλ-ι

434 1828 672 1897 peccata
702 1824 999 1893 incidunt,
1035 1827 1235 1881 addit:
1262 1850 1287 1875 ‹‹
1315 1827 1482 1894 bene,
1509 1850 1534 1876 »
1566 1828 1624 1882 id
1656 1833 1766 1899 est,
1787 1828 1870 1885 ita
1901 1828 2095 1901 psalli-
2122 1824 2172 1846 "
2203 1828 2381 1895 davit,
2417 1851 2443 1876 »
2476 1829 2534 1883 id
2563 1833 2672 1895 est,
2703 1827 2887 1884 voluit
2917 1851 2943 1877 «
2979 1831 3036 1882 et
3067 1832 3260 1882 creata
3291 1831 3452 1895 sunt,
3488 1849 3516 1877 »
3549 1828 3609 1883 id
3640 1832 3754 1900 est,
3795 1829 3865 1885 de

432 1918 510 1983 te,
547 1918 614 1971 ut
643 1911 799 1970 ultra
826 1932 943 1970 non
977 1914 1170 1971 velitis
1203 1933 1317 1971 non
1348 1916 1614 1988 psallere.

507 2002 610 2058 Hic
641 2002 848 2075 incipit
878 2021 1088 2060 causas
1121 2007 1381 2073 reddere,
1417 2023 1598 2077 quare
1646 2007 1729 2062 sic
1779 2009 2094 2064 admoneat

436 2108 542 2146 nos
591 2090 832 2147 laudare
880 2093 1084 2149 Deum.
1139 2093 1564 2149 Continuatio:
1618 2119 1643 2144 «
1692 2095 1822 2150 Ideo
1867 2096 2091 2152 debetis

436 2179 621 2236 Deum
655 2179 894 2236 laudare
929 2204 954 2230 «
992 2183 1130 2254 quia
1163 2187 1384 2237 rectum
1416 2187 1505 2238 est
1535 2185 1797 2251 verbum,
1828 2208 1854 2232 »
1889 2185 1946 2238 id
1979 2189 2088 2256 est,

437 2274 791 2342 praeceptum
825 2294 850 2319 ‹‹
878 2270 1130 2326 Domini.
1164 2295 1189 2319 »
1213 2272 1367 2326 Nihil
1391 2273 1547 2327 enim
1573 2273 1686 2328 nisi
1709 2277 1930 2328 rectum
1954 2292 2094 2345 prae-

436 2358 589 2431 cepit
619 2381 647 2408 «
681 2364 738 2414 et
767 2360 966 2415 omnia
996 2378 1172 2432 opera
1213 2361 1342 2432 ejus
1379 2361 1436 2416 in
1470 2362 1604 2430 ﬁde,
1641 2384 1668 2410 »
1702 2362 1758 2416 id
1791 2367 1902 2430 est,
1936 2368 2094 2420 recta

435 2452 494 2504 et
519 2448 720 2505 fidelia
763 2452 922 2504 sunt.
955 2449 1057 2504 Vel
1090 2473 1116 2498 ‹‹
1150 2449 1208 2503 in
1243 2451 1355 2505 fide
1397 2455 1554 2517 sunt,
1596 2474 1616 2500 υ
1653 2451 1709 2506 id
1739 2456 1848 2519 est,
1879 2469 1946 2507 ex
1977 2453 2090 2509 ﬁde

435 2537 636 2593 haberi
668 2544 938 2610 possunt,
960 2539 1101 2611 quia
1123 2539 1266 2594 nulli
1291 2541 1356 2594 fit
1380 2540 1646 2596 remissio
1667 2540 1754 2596 vel
1777 2542 2086 2611 confessio,

438 2625 554 2682 nisi
588 2627 754 2698 prius
786 2627 845 2681 in
879 2628 1011 2683 fide.
1046 2627 1146 2682 Vel
1184 2650 1211 2678 ‹‹
1244 2629 1302 2682 in
1336 2629 1447 2684 fide
1480 2652 1507 2679 »
1542 2629 1679 2702 quia
1727 2647 2089 2703 quzecunque

435 2715 592 2771 Deus
620 2715 778 2786 facit,
815 2733 994 2773 causa
1025 2718 1438 2773 conﬁrmandae
1472 2719 1604 2774 fidei
1631 2719 1718 2775 vel
1744 2723 2087 2792 promOven-

435 2807 522 2862 da:
555 2806 711 2862 facit.

505 2896 638 2952 Ideo
670 2913 903 2968 quoque
933 2897 1266 2954 laudandus
1299 2902 1407 2970 est,
1433 2897 1571 2969 quia
1594 2922 1621 2948 «
1647 2899 1838 2972 diligit
1859 2899 2084 2956 miseri-

434 2985 694 3041 cordiam
728 2989 785 3039 et
807 2985 1101 3054 judicium
1129 3003 1141 3040 :
1174 3009 1194 3034 η
1230 2990 1288 3040 et
1312 3003 1427 3041 non
1460 2987 1589 3042 ideo
1621 2987 1761 3042 dicit
1791 2987 1930 3059 quin
1961 2988 2086 3059 ipse

433 3089 665 3145 quoque
687 3071 910 3144 diligat,
927 3074 1029 3128 sed
1053 3073 1191 3144 quia
1219 3073 1342 3144 ipse
1366 3073 1561 3145 potius
1581 3080 1855 3146 cperatur
1875 3092 2082 3131 secun-

2202 1934 2316 1972 non
2348 1934 2494 1985 esse,
2530 1917 2600 1971 ad
2633 1932 2760 1972 esse
2786 1919 3092 1987 venerunt,
3126 1915 3351 1972 scilicet
3380 1916 3538 1972 facta
3565 1921 3659 1972 est
3680 1917 3874 1973 infer-

2201 2004 2314 2060 mis
2336 2005 2707 2062 materia.Vel
2731 2005 2813 2060 ita
2835 2022 2846 2060 :
2873 2029 2901 2055 ‹‹
2928 2005 3056 2076 Ipse
3078 2005 3222 2060 dixit
3241 2010 3298 2061 et
3328 2006 3484 2060 facta
3503 2009 3708 2073 sunt,»
3733 2022 3872 2062 orn--

2202 2093 2299 2149 nia
2323 2117 2349 2143 ‹‹
2386 2093 2511 2165 ipse
2542 2093 2717 2149 etiam
2750 2093 3051 2150 mandavit
3084 2117 3111 2142 »
3145 2111 3248 2166 per
3278 2093 3540 2166 angelos,
3571 2099 3629 2150 et
3659 2095 3874 2150 omnia

2201 2205 2227 2231 «
2256 2187 2450 2238 creata
2461 2187 2658 2250 sunt,»
2677 2182 3046 2254 disposita,id
3059 2182 3490 2253 est,ordinatim
3507 2182 3867 2238 facta.Sicut

2199 2287 2302 2344 per
2323 2271 2597 2343 angelum
2621 2271 2872 2326 missum
2891 2269 3197 2343 Moysi,1ex
3211 2269 3672 2327 fuitordinataet
3687 2272 3864 2326 facta.

2271 2360 2556 2416 Dominus
2591 2361 2727 2416 fecit
2757 2359 2976 2430 omnia,
2999 2364 3056 2415 et
3084 2360 3209 2431 ipse
3243 2384 3269 2409 ‹‹
3303 2359 3572 2432 dissipat,
3607 2382 3637 2409 »
3666 2359 3728 2415 id
3751 2363 3866 2427 est,

2199 2450 2452 2505 destruit
2481 2474 2507 2499 ‹‹
2544 2449 2789 2505 consilia
2837 2449 3129 2522 gentium,
3168 2473 3195 2499 »
3227 2447 3468 2517 scilicet,
3502 2449 3574 2504 de
3622 2448 3876 2506 cultura

2197 2537 2512 2606 idolorum,
2550 2539 2784 2610 quando
2835 2539 2907 2593 ad
2958 2555 3020 2594 se
3072 2538 3356 2594 convertit
3401 2536 3652 2594 omnia:
3686 2561 3718 2588 «ε
3770 2555 3866 2596 re-

2197 2627 2406 2699 probat
2437 2631 2632 2683 autem
2666 2626 3053 2699 cogitationes
3083 2625 3454 2699 populorum,
3493 2649 3518 2674 n
3553 2626 3606 2681 id
3639 2627 3886 2694 est,Jn-.

2197 2718 2474 2784 denorum,
2508 2716 2609 2788 qui
2638 2716 2916 2772 dicuntur
2946 2716 3166 2789 populi,
3183 2721 3419 2790 propter
3435 2715 3626 2789 legem
3650 2716 3712 2772 in
3737 2734 3866 2790 qua

2193 2807 2382 2862 vivere
2404 2805 2716 2862 debebant.
2742 2805 3132 2878 Cogitationes
3153 2804 3278 2861 ista:
3300 2805 3538 2861 fuerunt
3560 2806 3632 2862 de
3647 2805 3782 2880 lege
3802 2811 3865 2864 et

2195 2895 2321 2952 loco
2353 2895 2675 2966 retinendo,
2709 2899 2766 2951 et
2797 2911 2932 2951 cum
2963 2894 3281 2951 Dominum
3311 2894 3371 2949 in
3402 2893 3674 2967 sepulcro
3708 2896 3856 2951 reti-

2195 3001 2330 3042 nere
2353 2988 2730 3057 putaverunt:
2755 2987 2812 3039 et
2837 3001 2954 3039 non
2976 2987 3208 3039 tantum
3231 2983 3494 3055 ipsorum
3517 2983 3854 3055 minorum,

2194 3074 2294 3130 sed
2327 3097 2354 3124 «
2388 3073 2566 3129 etiam
2599 3073 2870 3145 reprobat
2909 3071 3157 3129 consilia
3199 3071 3556 3146 principum,
3584 3095 3612 3122 »
3643 3073 3706 3128 id
3735 3079 3853 3143 est,

433 3160 577 3214 dum
609 3159 738 3214 hoc.
773 3159 1109 3214 Secundum
1142 3159 1605 3217 misericordiam
1639 3167 2081 3234 cperatur,cum
2112 3145 2172 3219 Ci
2195 3162 2637 3232 daemoniorum,
2672 3178 2896 3234 regum;
2931 3163 3171 3230 ducum,
3203 3166 3262 3218 et
3293 3145 3663 3234 pontiﬁcum.

433 3248 670 3317 peccata
700 3244 974 3312 remittit;
1001 3246 1326 3301 secundum
1344 3246 1660 3317 judicium,
1677 3266 1809 3304 cum
1834 3254 1891 3306 et
1914 3251 2082 3308 bonis

433 3337 491 3390 et
519 3331 691 3388 malis
724 3333 1050 3388 secundum
1079 3332 1419 3390 meritorum
1462 3335 1802 3407 qualitatem
1851 3339 2076 3409 tribuit,

434 3421 603 3495 quasi
633 3420 717 3478 sic
744 3420 1071 3478 diceretur:
1107 3421 1270 3478 Unde
1302 3422 1589 3482 habemus
1623 3427 1777 3498 quod
1801 3427 1925 3500 ipse
1948 3429 2078 3484 dili-

427 3515 528 3585 gat
540 3509 1042 3568 misericordiam?
1059 3512 1269 3568 Reddit
1289 3515 1694 3588 causam,quia
1707 3540 1733 3566 ‹‹
1751 3517 2078 3575 misericor-

428 3599 525 3658 dia
569 3599 804 3656 Domini
848 3600 1019 3673 plena
1065 3606 1155 3658 est
1204 3606 1379 3672 terra,
1420 3626 1447 3652 »
1479 3603 1536 3659 id
1576 3609 1682 3673 est,
1718 3605 1986 3664 homines
2016 3608 2076 3664 in

425 3693 580 3747 terra
600 3694 742 3748 tota.
777 3692 1045 3748 Ostendit
1072 3693 1364 3766 quomodo
1397 3691 1569 3765 plena
1601 3699 1690 3750 est
1718 3700 1872 3752 terra
1902 3697 2076 3753 mise-

423 3780 674 3838 ricordia
698 3781 1101 3854 Domini,quia
1121 3807 1147 3832 «
1174 3782 1327 3851 cmli,
1355 3807 1380 3831 »
1406 3783 1461 3838 id
1496 3785 1859 3856 est,apostoli
1884 3810 1910 3837 «
1939 3791 2079 3844 sunt

423 3870 641 3926 firmati
669 3871 844 3928 verbo
876 3871 996 3940 Dei,
1024 3895 1050 3922 »
1075 3871 1131 3927 id
1164 3877 1272 3941 est,
1308 3871 1366 3926 in
1401 3872 1666 3929 doctrina
1695 3875 1984 3943 instructi,
2019 3880 2078 3932 et

422 3958 685 4030 exemplo
733 3958 907 4011 Verbi
949 3959 1070 4028 Dei,
1107 3961 1162 4015 id
1194 3966 1301 4029 est,
1339 3962 1488 4030 Filii,
1516 3987 1542 4012 υ
1569 3967 1626 4018 et
1654 3965 1846 4020 omnis
1890 3964 2075 4022 virtus

422 4060 645 4112 eorum,
671 4066 699 4093 »
721 4044 780 4099 id
813 4049 1128 4112 est,omnia
1161 4051 1443 4106 miracula
1475 4069 1838 4125 quaecunque
1858 4053 1970 4126 ipsi
1994 4055 2073 4109 fc-

423 4136 628 4186 cerunt
651 4148 662 4187 :
686 4131 772 4186 vel
797 4133 1075 4190 fortitudo
1104 4153 1304 4192 eorum
1329 4144 1531 4194 contra
1554 4142 1964 4210 adversa,sunt
1984 4144 2078 4198 tir-

422 4223 630 4275 matau
657 4219 868 4292 spiritu
900 4222 1017 4277 oris
1049 4225 1200 4292 ejus,
1228 4247 1254 4273 »
1280 4225 1336 4280 id
1373 4227 1749 4299 est,Fi1ii,per
1778 4248 1952 4302 quem
1985 4231 2074 4288 lo-

423 4307 623 4380 quitur
643 4308 968 4378 Pater,Filii
992 4310 1119 4366 dico
1151 4313 1282 4382 ejus
1306 4313 1544 4381 Patri,et
1561 4315 1668 4370 .hic
1690 4322 1963 4375 notamus
1993 4325 2076 4376 to-

420 4400 544 4453 tam
557 4397 1068 4454 Trinitatem.ldeo
1084 4414 1314 4470 quoque
1329 4398 1660 4456 laudandus
1674 4404 1928 4475 est,quia
1947 4406 1962 4458 i
1970 4423 2073 4478 pse

2261 3250 2583 3306 Consilium
2615 3267 2816 3306 eorum
2849 3249 3203 3323 dissipatur:
3237 3273 3265 3300 ‹‹
3299 3250 3614 3307 consilium
3645 3255 3856 3308 autem

2189 3339 2462 3395 Domini»
2479 3341 2548 3394 de
2571 3339 2934 3412 reparatione
2953 3339 3200 3396 humani
3222 3340 3661 3412 generis,quam
3689 3340 3860 3398 Deus

2188 3429 2498 3485 occultavit
2524 3427 2747 3497 multis,
2773 3452 2800 3478 ‹‹
2826 3432 3024 3484 manet
3054 3429 3114 3484 in
3143 3433 3451 3496 aeternum,
3479 3451 3506 3478 »
3527 3428 3586 3484 id
3609 3429 3854 3499 est,im-

2188 3515 2469 3573 mutabile
2499 3521 2588 3574 est
2621 3533 2634 3572 :
2671 3539 2698 3567 «
2732 3521 2791 3573 et
2821 3516 3203 3590 cogitationes
3231 3518 3419 3588 ejus,»
3441 3517 3501 3572 id
3521 3517 3849 3590 est,dispo-

2187 3605 2429 3662 sitiones
2459 3607 2611 3678 ejus,
2644 3624 2773 3678 qua:
2805 3607 3084 3663 dicuntur
3105 3630 3130 3656 ‹‹
3157 3605 3349 3662 cordis
3373 3629 3400 3655 »
3425 3605 3566 3678 quia
3582 3607 3854 3663 rationao

2187 3695 2382 3751 biliter
2402 3697 2564 3752 facta:
2587 3695 3189 3763 sunt,extundentur«
3207 3695 3626 3767 ageneratione
3650 3713 3854 3768 usque

2186 3784 2246 3840 in
2279 3784 2453 3841 aliam
2485 3785 2920 3858 generationem
2945 3807 2972 3834 »
2995 3789 3053 3840 et
3082 3785 3297 3840 iterum
3319 3785 3379 3840 in
3403 3783 3581 3840 aliam
3602 3801 3853 3858 genera-

2185 3874 2426 3929 tionem.
2461 3873 2886 3946 Dispositiones
2916 3873 3018 3930 Dei
3051 3877 3209 3943 sunt,
3241 3874 3529 3946 quidquid
3581 3873 3642 3930 in
3675 3875 3847 3930 omni

2183 3967 2444 4034 tempore
2472 3967 2582 4018 est.

2255 4052 2358 4108 Hic
2390 4051 2594 4124 incipit
2643 4052 2902 4107 secunda
2950 4068 3102 4122 pars.
3140 4051 3514 4108 Continuatio
3548 4069 3560 4108 :
3595 4053 3669 4108 Et
3702 4053 3848 4125 quia

2183 4142 2308 4212 ipse
2337 4140 2622 4196 Dominus
2645 4143 2733 4196 est
2752 4138 2889 4196 talis
2911 4163 2938 4190 «
2964 4140 3135 4197 beata
3157 4163 3184 4190 »
3206 4147 3298 4197 est
3318 4141 3420 4196 illa
3442 4162 3470 4192 «
3491 4143 3870 4214 gens,cujus.

2181 4233 2270 4285 est
2299 4229 2602 4297 Dominus,
2631 4251 2657 4278 »
2682 4228 2741 4283 id
2771 4233 2878 4296 est,
2903 4245 3031 4301 quae
3061 4229 3198 4285 fecit
3228 4229 3543 4286 Dominum
3567 4247 3749 4286 suum
3772 4230 3846 4287 il-

2181 4317 2305 4373 lum
2331 4318 2431 4389 qui
2453 4323 2542 4374 est
2565 4342 2592 4369 ‹‹
2617 4319 2794 4389 ejus»
2818 4317 3139 4386 velit,nolit
3163 4335 3174 4374 :
3197 4343 3223 4368 ‹‹
3250 4319 3406 4376 Deus
3427 4320 3616 4390 ejus,»
3635 4318 3698 4374 id
3723 4324 3844 4390 est;

2180 4405 2506 4462 voluntarie
2541 4406 2850 4463 constituit
2880 4407 2993 4464 sibi
3026 4406 3194 4464 illum
3241 4409 3580 4477 Dominum,
3613 4409 3717 4481 qui
3751 4413 3848 4466 est

419 4490 509 4544 est
539 4509 568 4540 «
598 4503 960 4561 congregans
993 4505 1175 4560 aquas
1207 4489 1410 4555 maris,
1443 4511 1476 4552 2»
1508 4489 1564 4544 id
1599 4493 1706 4557 est,
1742 4494 2072 4552 mundanos
2101 4515 2148 4581 D
2181 4494 2466 4550 Dominus
2497 4496 2626 4566 ejus
2656 4496 3182 4570 potestate.lncipit
3210 4515 3556 4554 enumerare
3586 4499 3851 4556 beatitui-

419 4576 816 4648 homines,qui
852 4577 1138 4632 fluctuant
1172 4577 1324 4633 sicut
1355 4594 1517 4648 aqua:
1566 4579 1767 4647 maris,
1801 4584 2069 4652 ponendo

417 4680 516 4720 eos
545 4663 604 4718 in
637 4664 893 4720 Ecclesia
922 4689 949 4715 ‹‹
982 4667 1134 4722 sicut
1165 4667 1223 4721 in
1259 4671 1449 4721 utrem
1485 4690 1512 4716 »
1546 4668 1686 4739 quia
1716 4669 1867 4724 sicut
1903 4689 2068 4745 aqua:

418 4769 545 4826 quae
575 4755 714 4808 sunt
757 4751 816 4806 in
870 4757 994 4808 utre
1044 4759 1416 4810 coarctantur
1449 4774 1519 4811 ne
1551 4763 1776 4826 exeant,
1811 4759 1894 4814 sic
1916 4761 2068 4831 justi

417 4841 591 4916 positi
623 4840 681 4895 in
713 4841 989 4908 Ecclesia,
1020 4842 1225 4897 divinae
1250 4845 1474 4916 pagina:
1507 4846 1892 4905 instructione
1913 4867 2068 4907 coar-

415 4934 741 4999 ctantur,ut
763 4948 877 4985 non
907 4929 1019 4985 nisi
1041 4948 1106 4985 eo
1136 4933 1507 5002 permittente
1529 4935 1628 5006 qui
1651 4938 2068 5013 posuit,egredi

413 5021 780 5078 valeant.Per
812 5023 1004 5074 utrem
1037 5019 1135 5091 qui
1166 5020 1227 5074 fit
1258 5038 1324 5076 ex
1349 5022 1503 5077 corio
1530 5029 1746 5081 mortui
1773 5029 2065 5101 animalis,

413 5108 797 5184 intelligimus
821 5108 1161 5174 Ecclesium,
1181 5127 1306 5180 qua)
1322 5111 1587 5166 carnales
1610 5115 1920 5172 mortificat
1940 5137 2070 5174 con-

414 5199 807 5269 cupiscentias
833 5217 844 5254 :
871 5198 1016 5271 ipse,
1044 5199 1196 5270 dico,
1223 5225 1246 5247 ‹‹
1275 5217 1498 5271 ponens
1529 5201 1796 5272 abyssos,
1824 5227 1850 5251 »
1874 5205 1930 5260 id
1953 5213 2062 5277 est,

413 5287 733 5356 profundos
766 5289 822 5342 in
849 5307 1022 5344 sensu
1049 5313 1075 5339 ‹‹
1111 5289 1167 5344 in
1193 5289 1483 5346 thesauris
1502 5290 1685 5358 suis,»
1710 5291 1766 5346 id
1791 5296 2066 5364 est,dedit

411 5371 497 5428 eis
517 5379 740 5444 partem
773 5377 1181 5434 thesaurorum
1215 5379 1838 5447 suorum,confcrendo
1860 5400 1944 5439 eis
1967 5403 2060 5442 co-

408 5459 730 5533 gnitionem
782 5465 1078 5538 sapientiae
1129 5472 1186 5524 et
1235 5467 1488 5524 scientia:
1540 5486 1680 5542 suae,
1725 5469 1880 5526 sicut
1926 5473 2060 5531 fecit

408 5549 578 5616 beato
608 5551 805 5626 Paulo,
836 5555 935 5629 qui
967 5558 1235 5631 cognovit
1257 5575 1394 5616 eum
1417 5559 1693 5633 profundi
1715 5563 2056 5623 sensus.Vel

2179 4583 2366 4640 dines.
2400 4583 2551 4639 Bene
2581 4581 2730 4652 dico,
2763 4585 2918 4655 quod
2950 4585 3052 4642 illa
3078 4602 3222 4659 gens
3254 4592 3342 4642 est
3366 4587 3554 4656 beata,
3575 4588 3718 4660 quia
3746 4593 3848 4645 est

2178 4671 2430 4745 populus
2487 4671 2705 4730 electus
2755 4673 2814 4728 in
2863 4674 3266 4731 haereditatem
3317 4676 3439 4746 Dei,
3483 4681 3541 4732 et
3585 4676 3698 4732 hoc
3746 4682 3848 4734 est

2180 4787 2206 4814 ‹‹
2241 4762 2494 4835 pepulus
2527 4779 2704 4834 quem
2737 4761 2911 4834 elegit
2940 4764 2998 4818 in
3031 4763 3433 4822 bzereditatem
3467 4765 3601 4822 sibi.
3636 4788 3666 4814 »
3700 4766 3844 4824 Ideo

2178 4852 2350 4907 beata
2380 4851 2687 4908 haereditas
2718 4851 2837 4917 illa,
2865 4853 3005 4924 quia
3029 4853 3315 4911 Dominus
3335 4855 3543 4911 excolit
3568 4855 3848 4912 doctrina

2177 4945 2233 4996 et
2261 4939 2561 4996 intellectu
2606 4941 2936 4998 divinorum
2985 4943 3260 4999 fontium.
3295 4943 3482 5016 Elegit
3528 4943 3680 5011 dico,
3715 4961 3841 5000 non

2180 5029 2334 5102 quod
2365 5029 2463 5083 det
2491 5044 2619 5084 eam
2652 5031 3068 5102 possidendam
3101 5032 3220 5101 alii,
3256 5033 3357 5089 sed
3388 5033 3521 5089 sibi.

2250 5118 2427 5173 Beata
2455 5121 2545 5172 est
2574 5117 2786 5174 iterum
2819 5119 2919 5176 illa
2967 5138 3130 5194 gens,
3166 5121 3306 5194 quia
3331 5146 3360 5173 ‹‹
3389 5122 3677 5178 Dominus
3711 5139 3840 5179 res-

2175 5208 2332 5279 pexit
2365 5229 2392 5255 »
2426 5223 2574 5274 eam,
2610 5207 2667 5262 id
2699 5207 3094 5275 est,misertus
3125 5216 3212 5267 est
3232 5213 3361 5283 ejus
3383 5235 3407 5262 «
3435 5213 3506 5268 de
3526 5210 3693 5284 caelo,
3721 5235 3748 5262 »
3775 5212 3866 5269 id'

2173 5296 2650 5368 est,humanitate
2675 5296 2802 5352 Filii
2825 5298 2942 5354 sui.
2966 5300 3178 5373 Magna
3200 5301 3358 5356 enim
3381 5301 3482 5357 Dei
3505 5302 3846 5358 misericor-

2171 5386 2268 5442 dia
2298 5385 2429 5454 fuit,
2465 5387 2620 5458 quod
2651 5385 2906 5443 Verbum
2939 5406 3114 5445 suum
3162 5389 3454 5446 incarnari
3492 5407 3596 5463 pro
3629 5394 3844 5448 nostra

2169 5474 2304 5531 fecit
2333 5473 2821 5548 redemptione.In
2844 5499 2871 5527 ‹‹
2899 5479 3150 5550 respexit
3181 5501 3212 5529 »
3241 5477 3651 5552 intelligimus,
3670 5480 3840 5552 quod

2166 5563 2341 5622 homo
2362 5563 2532 5639 longe
2553 5567 2790 5639 propter
2809 5570 3116 5642 peccatum
3128 5586 3164 5627 a
3177 5569 3300 5627 Deo
3317 5572 3588 5630 remotus.
3601 5572 3756 5631 erat:
3771 5574 3852 5631 et
