4070 6180
226 376 338 459 ωδ

1406 393 1912 458 EXPLANATIO
1954 393 2034 458 IN
2078 394 2457 461 PSALMOS.

3476 366 3634 479 eos

224 534 537 607 postquam
565 527 826 586 Verbum
853 525 1145 585 incarnari
1174 524 1311 585 fecit
1343 550 1371 579 «
1399 528 1564 597 vidit,
1600 551 1627 579 ››
1667 527 1725 584 id
1758 533 1869 599 est,
1904 531 1960 597 Α
1990 531 2071 585 ita
2100 554 2129 581 ‹‹
2162 531 2263 587 ﬁat
2293 529 2691 589 misericordia
2716 534 2819 588 tua
2849 548 3025 605 super
3066 549 3191 590 nos.
3228 555 3257 583 «
3304 532 3548 607 Sperare
3578 532 3639 591 in

218 623 336 696 jam
378 619 552 692 quasi
598 636 666 675 ex
714 618 908 675 debito
957 617 1247 689 revelavit,
1278 618 1469 674 dando
1499 617 1650 674 vires
1683 642 1709 669 ‹‹
1739 617 1876 675 ﬁliis

224 709 556 775 hominum,
584 730 611 756 ››
642 707 701 763 id
730 711 838 776 est,
872 706 1269 763 rationalium.

288 800 370 857 De
398 798 548 854 caelo
578 821 607 848 «
630 796 885 870 respexit
913 797 985 853 de
1014 796 1346 853 habitaculo
1375 814 1504 865 suo,
1527 819 1555 846 »
1586 798 1643 853 id
1664 799 1771 866 est,
1806 797 1877 852 de

223 888 595 947 humanitate
621 885 750 943 Filii
789 886 977 956 sui,in
1008 903 1123 959 quo
1154 886 1280 959 ipse
1302 886 1584 941 habitavit
1606 903 1619 940 :
1639 885 1876 941 habita-

225 978 351 1036 culo
382 976 518 1032 dico
548 998 577 1026 «
610 979 955 1048 praeparato,
991 996 1019 1025 »
1050 974 1108 1030 id
1140 978 1251 1041 est,
1284 990 1498 1047 magno
1528 973 1771 1030 consilio
1821 976 1878 1029 et

225 1065 475 1141 sapienti
509 1064 582 1120 ad
613 1063 1024 1120 habitudinem
1046 1063 1279 1120 Domini
1302 1063 1568 1119 ordinato
1593 1062 1879 1135 :respexit

225 1178 251 1207 α
283 1171 465 1228 super
491 1169 700 1209 omnes
732 1153 833 1225 qui
864 1152 1135 1209 habitant
1162 1156 1400 1208 terram.
1438 1174 1466 1201 ››

290 1240 619 1300 Enumerat
647 1241 864 1297 iterum
894 1241 1308 1297 beatitudines.
1342 1240 1714 1298 Continuatio
1748 1257 1762 1296 :
1795 1257 1879 1296 re-

224 1327 411 1408 spexit
458 1331 562 1388 ille
590 1354 619 1382 ‹‹
653 1331 794 1404 quia
848 1330 974 1386 ﬁxit
1021 1330 1216 1401 corda,
1243 1352 1271 1379 ››
1296 1331 1353 1386 id
1403 1334 1513 1399 est,
1544 1328 1877 1387 intellectus

224 1448 251 1475 α
280 1439 490 1481 eorum
524 1445 555 1472 »
585 1421 697 1477 hoc
722 1421 915 1489 modo,
945 1418 1169 1476 scilicet
1199 1441 1227 1469 «
1262 1418 1588 1493 sigillatim,
1615 1440 1641 1468 ››
1673 1418 1732 1474 id
1764 1422 1873 1489 est,

224 1530 334 1571 non
346 1511 634 1569 omnibus
647 1510 920 1566 eumdem
934 1507 1294 1564 intellectum
1315 1508 1601 1577 dedit,sed
1625 1505 1876 1581 singulis

223 1600 526 1676 singulum
543 1617 557 1656 :
573 1624 601 1651 «
618 1599 722 1672 qui
747 1599 923 1654 etiam
936 1597 1209 1670 intelligit
1219 1597 1601 1670 omniaopera
1613 1612 1875 1663 eorum,»

224 1682 463 1759 scilicet,
478 1706 600 1762 quo
629 1684 931 1743 intellectu
965 1685 1183 1742 faciant
1211 1685 1496 1759 quidquid
1534 1683 1757 1741 faciunt
1784 1702 1796 1739 :
1821 1687 1879 1740 et

223 1781 340 1838 haec
371 1782 467 1836 est
496 1776 759 1834 maxima
778 1776 1101 1832 beatitudo.
1134 1775 1280 1831 Cum
1310 1775 1468 1831 enim
1515 1779 1746 1830 nostras
1787 1772 1877 1828 in-

224 1868 536 1927 ﬁrmitates
573 1865 870 1939 intelligit,
903 1865 1126 1921 confert
1154 1882 1263 1921 sua
1291 1864 1501 1921 solatia
1529 1863 1719 1919 nobis.

287 1957 417 2015 Non
449 1960 688 2013 tantum
720 1953 997 2028 praedicta
1025 1952 1148 2008 hinc
1178 1953 1317 2008 facit
1342 1952 1517 2022 Deus,
1552 1951 1653 2008 sed
1702 1951 1879 2006 etiam

225 2048 463 2120 adjuvat
481 2056 654 2119 reges
675 2045 733 2099 et
750 2043 1019 2116 gigantes
1033 2041 1063 2097 ?
1086 2042 1241 2114 quod
1262 2040 1545 2097 auxilium
1560 2058 1594 2097 a
1612 2041 1728 2096 Deo
1749 2041 1881 2096 vere

225 2134 627 2193 necessarium
657 2135 770 2200 est,
800 2131 940 2204 quia
965 2130 1093 2186 sine
1123 2146 1188 2186 eo
1219 2152 1247 2180 «
1279 2147 1395 2186 non
1427 2128 1687 2187 salvetur
1706 2145 1825 2197 rex,
1850 2150 1879 2178 ι»

222 2226 276 2282 id
305 2228 419 2293 est,
449 2222 554 2278 ille
584 2220 687 2295 qui
718 2221 867 2276 bene
897 2220 1046 2294 regit
1075 2235 1245 2275 suam
1276 2218 1699 2287 terrenitatem,
1723 2240 1751 2269 «
1777 2234 1882 2292 per

223 2315 473 2371 multam
488 2311 772 2367 virtutem
797 2331 824 2359 n
846 2325 1015 2365 suam
1038 2308 1280 2377 scilicet,
1294 2307 1429 2364 licet
1448 2308 1603 2364 Deus
1623 2306 1883 2364 dedisset

220 2405 328 2478 ipsi
351 2403 582 2460 multas
601 2401 879 2469 virtutes;
905 2423 931 2449 «
957 2404 1015 2456 et
1034 2399 1260 2473 gigas,»
1281 2399 1340 2455 id
1362 2402 1470 2467 est,
1485 2399 1587 2471 qui
1607 2398 1771 2455 fortis
1792 2402 1883 2454 est

226 2494 294 2549 ad
315 2489 713 2565 pugnandum
737 2491 941 2543 contra
960 2485 1232 2543 inimicos
1253 2486 1375 2555 Dei,
1395 2492 1452 2542 et
1470 2486 1633 2543 velox
1662 2486 1735 2542 ad
1757 2502 1884 2542 cur-

223 2581 475 2639 reddum
497 2595 607 2652 per
631 2577 789 2633 viam
819 2575 1202 2649 prepositam,
1235 2599 1263 2625 ‹‹
1297 2593 1414 2632 non
1453 2574 1775 2631 salvabitur
1821 2574 1880 2629 in

224 2668 613 2726 multitudine
628 2665 865 2721 virtutis
886 2682 1063 2732 suae,»
1088 2664 1147 2720 id
1168 2664 1666 2737 est,per}virtutem
1689 2680 1881 2733 suam,

218 2754 499 2833 quamvis
526 2756 745 2812 habeat
774 2753 1043 2822 multam,
1069 2752 1181 2809 nisi
1213 2753 1330 2809 Deo
1360 2753 1694 2825 adjuvante.

288 2870 320 2898 α
353 2848 562 2919 Equus
579 2844 817 2911 etiam,»
837 2841 893 2897 id
915 2840 1290 2910 est,humana
1310 2841 1713 2913 felicitas,quaa
1744 2841 1882 2896 sub-

226 2936 384 2992 levat
411 2933 740 3000 hominem,
766 2932 941 2988 sicuti
972 2945 1160 3002 equus
1208 2946 1517 2997 sessorem,
1540 2933 1630 2986 est
1658 2952 1685 2979 ‹‹
1711 2928 1887 2984 fallax

221 3024 291 3081 ad
340 3023 601 3080 salutem
635 3044 665 3071 ››
697 3036 876 3093 quam
914 3018 1143 3075 videtur
1179 3019 1519 3091 promittere
1552 3034 1565 3072 :
1602 3034 1706 3073 nec
1755 3016 1883 3073 dico

220 3113 381 3188 quod
401 3110 525 3169 haec
549 3104 799 3167 felicitas
818 3108 1225 3164 tantummodo
1248 3106 1326 3162 sit
1351 3122 1558 3179 parum
1581 3105 1883 3174 fallax,sed

223 3204 407 3260 etiam
437 3204 901 3274 quantacunque
922 3195 1107 3269 possit
1137 3211 1283 3263 esse,
1317 3194 1493 3251 fallax
1533 3198 1638 3263 est,
1673 3198 1730 3251 et
1777 3195 1886 3251 hoc

222 3298 312 3350 est
347 3307 364 3347 :
401 3314 427 3339 κ
450 3269 514 3345 in
543 3286 911 3344 abundantia
942 3289 1139 3340 autem
1177 3284 1414 3340 virtutis
1446 3301 1631 3351 suae,»
1663 3282 1723 3338 id
1772 3286 1879 3351 est,
1913 3269 1957 3335 C

222 3381 283 3436 in
311 3376 646 3436 abundanti
675 3373 891 3430 virtute
921 3373 1352 3442 divitiarum,id
1383 3376 1490 3440 est,
1525 3372 1583 3427 in
1619 3371 1883 3427 multitu-

226 3470 369 3526 dine
415 3466 760 3524 divitiarum
793 3487 821 3515 ‹‹
856 3481 970 3519 non
1016 3461 1339 3520 salvabitur
1367 3484 1395 3512 ››
1428 3461 1643 3534 aliquis
1696 3460 1885 3517 homi-

224 3574 374 3615 num
383 3600 396 3612 .

294 3648 430 3704 Haec
460 3645 744 3720 prmdicta
777 3644 1000 3699 salvare
1047 3645 1370 3713 nequeunt,
1403 3641 1504 3697 sed
1535 3663 1563 3690 ‹‹
1587 3656 1738 3708 ecce,
1778 3663 1804 3689 ››
1827 3638 1885 3695 id

223 3732 412 3804 est,in
442 3734 762 3792 manifesto
788 3732 1040 3787 habetur
1060 3729 1320 3797 salvatio,
1345 3728 1619 3786 scilicet»
1647 3728 1824 3800 oculi,
1860 3751 1888 3777 »

224 3820 285 3881 id
311 3821 844 3894 est,misericordia
864 3844 892 3870 ‹‹
917 3819 1172 3886 Domini,
1190 3841 1217 3868 »
1242 3823 1382 3875 sunt
1409 3841 1437 3869 «
1462 3835 1640 3890 super
1673 3817 1890 3873 timen-

224 3919 322 3971 tes
349 3928 506 3981 eum,
539 3916 603 3968 et
628 3911 690 3966 in
721 3911 808 3966 eis
837 3908 939 3983 qui
977 3912 1219 3981 sperant
1266 3924 1443 3980 super
1490 3906 1892 3963 misericordia

224 4004 383 4075 ejus.
407 4025 434 4051 υ
465 4002 627 4058 Deus
648 3998 819 4056 oculo
842 3997 1255 4054 misericordia;
1284 4001 1341 4053 et
1371 4012 1432 4052 se
1463 4000 1791 4052 metuentes
1834 3999 1892 4052 et

220 4090 286 4148 in
319 4095 628 4164 sperantes
657 4088 891 4161 aspicit.

298 4181 412 4247 Qui
441 4183 691 4253 sperant
721 4179 793 4234 ad
821 4177 954 4247 hoc,
984 4175 1210 4232 scilicet
1230 4198 1259 4225 «
1291 4178 1358 4230 ut
1390 4197 1418 4224 »
1448 4174 1573 4247 ipse
1608 4197 1635 4224 «
1669 4178 1835 4230 eruat
1862 4195 1890 4223 »

224 4281 334 4327 eos
353 4292 385 4320 κ
416 4284 453 4325 a
472 4272 666 4325 morte
691 4286 719 4316 »
743 4269 958 4323 aeterna
982 4288 1009 4316 ‹‹
1034 4268 1092 4321 et
1112 4263 1231 4320 alat
1254 4280 1354 4320 eos
1379 4286 1407 4313 »
1439 4263 1499 4318 in
1516 4262 1811 4335 justitia,«
1830 4261 1891 4317 in

223 4360 391 4415 fame
411 4382 439 4408 υ
462 4357 719 4423 scilicet,
752 4356 813 4411 in
854 4355 963 4411 hac
1000 4353 1213 4425 vita,in
1245 4370 1366 4425 qua
1388 4352 1684 4426 justitiam
1714 4352 1894 4408 esuri-

226 4463 393 4517 mus,
421 4447 514 4504 vel
543 4446 615 4503 ad
650 4446 762 4501 hoc
792 4442 1171 4500 continuatur
1199 4443 1354 4515 quod
1388 4441 1529 4497 dicit
1558 4464 1585 4491 «
1611 4440 1764 4497 oculi
1788 4441 1894 4497 Do-

225 4537 384 4594 mini
404 4552 583 4610 super
605 4535 872 4607 justos,»
903 4533 975 4589 ad
1006 4533 1117 4588 hoc
1142 4530 1383 4601 scilicet,
1420 4554 1448 4582 «
1480 4533 1545 4586 ut
1573 4530 1697 4603 ipse
1728 4533 1895 4586 cruat

224 4643 263 4683 a
290 4631 483 4682 morte
506 4624 743 4680 animas
774 4638 998 4678 eorum.
1036 4642 1063 4671 υ

296 4714 383 4771 Et
397 4711 883 4788 quandoquidem
906 4709 1191 4766 Dominus
1209 4709 1345 4765 talis
1366 4712 1475 4776 est,
1489 4707 1892 4779 scilicet,quod

224 4804 387 4861 bene
415 4802 557 4859 facit
581 4790 998 4857 accedentibus
1028 4798 1100 4854 ad
1142 4813 1299 4866 eum,
1332 4798 1461 4853 ideo
1492 4819 1517 4847 «
1549 4795 1746 4853 anima
1792 4812 1895 4850 no-

223 4897 383 4961 stra,
420 4914 451 4941 ››
481 4890 711 4948 scilicet
740 4887 1032 4962 prephetaa
1063 4892 1121 4943 et
1150 4886 1572 4953 consimilium,
1600 4908 1629 4935 «
1653 4884 1899 4942 suitinet

223 4981 582 5048 Dominum,
616 4977 900 5051 quoniam
934 4977 1119 5055 n‘ipse
1165 4975 1450 5032 Dominus
1495 4978 1584 5031 est
1605 4998 1632 5024 «
1666 4973 1899 5045 adjutor

224 5075 443 5126 noster
472 5092 501 5120 ››
523 5071 596 5126 ad
632 5069 779 5124 bene
810 5066 1171 5140 operandurn
1204 5087 1233 5114 ‹‹
1258 5068 1316 5120 et
1335 5067 1625 5137 protector
1648 5085 1675 5111 ››
1697 5065 1900 5118 contra

221 5158 355 5216 tcta
387 5152 883 5215 adversariorum.

301 5249 470 5304 Bene
489 5248 621 5304 dico
633 5247 793 5319 quod
813 5245 1086 5316 sustinet,
1111 5265 1141 5294 «
1164 5242 1303 5315 quia
1334 5263 1363 5292 »
1391 5256 1526 5297 cum
1555 5240 1758 5296 laetitia
1778 5256 1904 5296 sus-

216 5337 414 5405 tinet,
445 5342 501 5393 et
528 5336 642 5392 hoc
670 5339 762 5391 est
783 5357 813 5383 ‹‹
842 5333 903 5389 in
952 5349 1018 5389 eo
1056 5330 1367 5399 laetabitur,
1400 5352 1430 5379 »
1469 5328 1528 5384 id
1577 5332 1686 5398 est,
1721 5328 1894 5384 modo

212 5426 493 5493 latatur,
516 5429 573 5481 et
613 5422 1009 5497 perseverabit
1057 5421 1307 5477 laetando
1338 5442 1365 5469 «
1399 5435 1498 5474 cor
1539 5420 1828 5473 nostrum.
1863 5439 1891 5465 «

214 5517 292 5572 Et
329 5517 493 5570 bene
513 5515 646 5569 dico
667 5511 824 5585 quod
848 5511 1158 5582 lmtabitur,
1174 5508 1311 5580 quia
1325 5508 1451 5580 jam
1483 5530 1509 5555 ‹‹
1533 5505 1896 5577 speravimus

214 5606 291 5662 in
318 5603 579 5659 nomine
608 5602 742 5674 ejus
773 5604 996 5656 sancto.
1032 5622 1060 5649 ››

291 5692 385 5749 Et
408 5712 444 5740 α
467 5690 961 5764 quemadmodum
984 5685 1347 5761 speravimus
1365 5686 1423 5740 in
1446 5686 1570 5752 te,o
1600 5683 1844 5741 Domine
1867 5708 1895 5736 »

1986 619 2224 676 nomine
2244 620 2475 676 Domini
2508 625 2614 692 est,
2631 637 2699 677 ex
2719 622 2828 678 hoc
2853 622 3010 695 quod
3034 639 3246 679 nomen
3278 640 3454 679 suum
3487 625 3633 695 orat,

1987 708 2202 764 habere
2232 726 2393 781 spem
2416 711 2543 767 vitae
2570 716 2813 767 aeternae.

2433 819 2504 875 IN
2547 819 2895 875 PSALMUM
2934 819 3180 875 XXXIII.

1987 907 2241 964 Trruws
2278 924 2289 963 :
2323 909 2573 964 Psalmus
2602 909 2774 963 David
2804 926 2928 963 cum
2953 917 3188 965 mutaret
3216 909 3427 963 vultum
3471 924 3638 964 suum

2162 996 2347 1035 coram
2376 980 2699 1048 Abinwlech,
2732 987 2783 1035 et
2809 980 3021 1035 dimisit
3048 996 3192 1047 cum,
3224 988 3276 1035 et
3300 980 3457 1036 abiit.

2059 1091 2087 1119 «
2121 1068 2468 1124 Benedicam
2492 1068 2758 1124 Domino.
2788 1091 2815 1117 »
2847 1068 3084 1141 Legitur
3114 1070 3173 1123 in
3196 1068 3461 1138 historia,
3478 1070 3634 1142 quod

1990 1157 2165 1213 David
2189 1156 2339 1229 fugit
2359 1156 2825 1230 persecutionem
2847 1157 3018 1225 Salis,
3036 1161 3093 1212 et
3139 1157 3297 1213 venit
3333 1158 3403 1213 ad
3437 1175 3633 1232 regem

1984 1246 2179 1302 Achis.
2213 1245 2477 1319 Cumque
2508 1246 2850 1318 aliquandiu
2883 1247 2992 1302 sub
3024 1263 3090 1302 eo
3122 1245 3455 1318 militasset,
3477 1246 3633 1319 apud

1986 1351 2180 1408 regem
2214 1339 2524 1392 accusatus
2544 1339 2634 1392 est
2652 1340 2888 1409 propter
2907 1335 3464 1392 invidiam.Timcns
3498 1350 3634 1408 ergo

1987 1421 2256 1479 damnari
2287 1422 2467 1479 David
2500 1425 2572 1479 ab
2605 1424 2708 1494 eis,
2745 1424 3084 1496 areptitium
3115 1440 3177 1480 se
3227 1422 3549 1493 simulavit,
3579 1424 3638 1479 et

1985 1516 2222 1585 propter
2248 1529 2315 1567 ea
2341 1512 2568 1568 dimisit
2588 1530 2722 1568 eum
2742 1512 3080 1569 Abimelech
3106 1513 3195 1569 vel
3214 1511 3390 1569 Achis
3416 1529 3428 1569 :
3454 1511 3633 1569 unius

1986 1602 2143 1659 enim
2178 1602 2332 1677 regis
2364 1603 2604 1658 nomina
2634 1606 2792 1672 sunt,
2828 1604 2927 1659 sed
2960 1602 3135 1659 Achis
3166 1603 3470 1675 proprium
3503 1605 3628 1658 est:

1986 1696 2043 1749 et
2074 1692 2158 1749 sic
2187 1692 2367 1748 David
2400 1692 2675 1760 evasit,et
2704 1691 2867 1747 abiit.
2884 1690 3222 1747 Abimelech
3255 1695 3450 1746 autem
3482 1708 3636 1746 com-

1986 1798 2165 1838 mune
2197 1798 2409 1838 nomen
2440 1785 2564 1837 erat
2596 1780 2749 1853 regis
2778 1784 2944 1839 terra:
2995 1780 3172 1847 illius,
3190 1783 3247 1835 et
3293 1779 3469 1835 Achis
3501 1796 3635 1852 pro-

1909 1882 1957 1970 Β
1986 1870 2181 1943 prium
2247 1874 2303 1925 et
2331 1869 2460 1969 ideo
2477 1869 2641 1941 ponit
2669 1886 2883 1924 nomen
2906 1869 3014 1970 hoc
3034 1866 3393 1936 Abimelech,
3417 1867 3555 1941 quia
3572 1869 3639 1966 tet

1986 1959 2430 2015 convenientius
2460 1962 2567 2026 est,
2603 1959 2928 2013 secundum
2958 1957 3068 2013 hoc
3099 1957 3255 2029 quod
3294 1973 3451 2011 nunc
3493 1955 3634 2029 agit,

1990 2046 2800 2123 propterinterpretationem.
2817 2046 2953 2102 Post
2972 2045 3134 2101 illam
3154 2048 3351 2101 autem
3371 2044 3642 2100 mutatio-

1992 2153 2126 2193 nem
2157 2136 2338 2193 David
2387 2134 2681 2208 psalmum
2734 2136 2915 2191 istum
2964 2134 3297 2205 composuit
3332 2150 3345 2189 :
3380 2149 3486 2189 nec
3512 2132 3641 2189 ideo

1991 2226 2144 2299 quod
2177 2226 2249 2281 de
2280 2224 2382 2280 illa
2411 2224 2737 2280 mutatione
2766 2222 2985 2279 carnali
3016 2222 3366 2289 intenderet,
3399 2221 3500 2277 sed
3541 2237 3645 2293 per

1989 2314 2153 2371 illam
2186 2313 2551 2387 spiritualem
2576 2313 2961 2369 mutationem
2987 2309 3537 2368 intellexit.Titulus
3558 2308 3642 2366 sic

1989 2404 2320 2477 exponitur,
2345 2402 2757 2458 Psalmusliste
2789 2401 3061 2457 convenit
3095 2400 3275 2456 David
3324 2399 3640 2472 prophetae,

1990 2492 2228 2549 habitus
2261 2492 2332 2546 de
2362 2491 2661 2564 hoc,quod
2695 2514 2721 2540 ‹‹
2747 2489 3129 2546 commutavit
3147 2489 3377 2545 vultum
3399 2503 3640 2556 suum,»
3713 2506 3719 2517 ·

1990 2581 2051 2637 id
2084 2585 2190 2648 est,
2205 2580 2566 2636 voluntatem
2597 2578 2947 2634 suam.Cum
2983 2578 3139 2636 enim
3172 2578 3337 2650 prius
3363 2576 3422 2632 in
3446 2592 3645 2632 carna-

1991 2669 2149 2725 libus
2197 2667 2581 2724 observantiis
2627 2667 2928 2722 immorari
2977 2666 3279 2735 voluisset,
3310 2664 3645 2737 intelligens

1992 2762 2193 2831 postea
2215 2773 2315 2813 eas
2332 2756 2478 2812 nihil
2502 2755 2712 2825 valere,
2730 2757 2829 2811 sed
2861 2755 2921 2810 in
2945 2755 3066 2811 solo
3090 2755 3205 2809 Deo
3227 2753 3642 2809 confidendum

1993 2863 2140 2904 esse.
2179 2846 2337 2901 Licet
2365 2846 2521 2900 enim
2549 2845 2874 2900 secundum
2908 2843 3095 2917 legem
3118 2842 3342 2898 hostias
3374 2840 3643 2897 immola-

1993 2941 2101 3003 ret,
2137 2951 2250 2990 non
2280 2939 2476 2989 tamen
2510 2933 2568 2987 in
2600 2932 2718 2988 illis
2767 2932 3115 2999 confidebat,
3140 2930 3241 2987 sed
3281 2946 3384 3002 per
3429 2945 3526 2984 eas
3558 2945 3646 2984 sa-

1995 3023 2281 3082 criﬁcium
2295 3020 2565 3077 Ecclesiae
2588 3010 2968 3093 intelligebat.
2985 3018 3232 3075 Mutavit
3252 3018 3382 3074 dico
3407 3021 3644 3073 «coram

1992 3110 2349 3177 Abimelech,
2386 3132 2414 3160 »
2445 3110 2505 3165 id
2532 3113 2639 3177 est,
2673 3109 2911 3177 Jndzeis,
2944 3108 3045 3181 qui
3075 3106 3353 3163 dicuntur
3396 3122 3645 3180 regnum

1996 3201 2179 3276 patris
2214 3217 2227 3256 :
2263 3199 2365 3256 Dei
2397 3203 2594 3254 autem
2628 3198 2811 3271 patris
2842 3198 3108 3253 omnium
3139 3195 3327 3252 Judaei
3358 3199 3527 3252 erant
3557 3211 3646 3250 re-

1996 3290 2422 3365 gnum.Coram
2444 3288 2664 3344 Judazis
2700 3287 2844 3342 nihil
2875 3286 3067 3342 valere
3105 3285 3393 3342 sacriﬁcia
3431 3281 3648 3340 vitulo-

1995 3396 2149 3451 rum,
2165 3378 2267 3434 sed
2299 3376 2407 3434 soli
2446 3377 2562 3432 Deo
2594 3375 3049 3432 sacrificandum
3082 3391 3209 3431 esse
3256 3372 3646 3446 prophetavit,

1994 3485 2130 3524 cum
2160 3466 2306 3522 dixit
2329 3483 2342 3521 :
2369 3490 2394 3515 ‹‹
2422 3465 2546 3522 Non
2571 3464 2854 3536 accipiam
2881 3465 2951 3519 de
2971 3464 3144 3519 domo
3167 3467 3269 3518 tua
3286 3460 3520 3531 vitulos,
3552 3478 3645 3517 ne-

1996 3574 2109 3630 que
2123 3557 2193 3612 de
2205 3555 2481 3629 gregibus
2496 3552 2614 3609 tuis
2626 3553 2820 3609 hircos
2834 3553 3002 3621 (Psal.
3018 3552 3190 3621 κων.)
3206 3573 3232 3599 ››
3256 3574 3283 3600 ‹‹
3304 3551 3376 3606 Et
3395 3550 3642 3606 iterum:

1998 3644 2364 3702 Sacrificium
2399 3644 2514 3698 Deo
2547 3642 2791 3713 spiritus
2841 3639 3270 3695 contribulatus
3300 3639 3470 3711 (Psal.
3506 3641 3580 3708 ι).
3615 3661 3645 3689 ››

1996 3737 2067 3791 Et
2083 3735 2353 3789 iterum.«
2370 3731 2735 3788 Sacrificium
2758 3734 2813 3784 et
2829 3728 3179 3784 oblationem
3203 3726 3646 3795 noluisti,aurcs

2000 3827 2217 3889 autem,
2243 3825 2352 3877 etc.
2378 3842 2405 3869 »
2429 3819 2831 3888 (Psal.xxx1x.)
2852 3816 2917 3870 Et
2940 3816 3093 3870 sicut
3116 3813 3451 3869 Abimelech
3474 3829 3647 3885 repu-

1998 3912 2142 3969 tavit
2162 3909 2433 3966 eumdem
2459 3906 2636 3963 David
2660 3922 2789 3962 esse
2806 3905 3102 3971 insanum,
3123 3902 3206 3957 sic
3218 3901 3404 3957 Judaei
3424 3902 3652 3972 reputa-

1999 4002 2209 4056 verunt
2237 4012 2373 4053 eum
2403 3995 2700 4058 insanum,
2726 4009 2859 4047 cum
2891 3991 2949 4045 in
2986 3990 3135 4046 ritus
3167 4006 3306 4046 suos
3335 4006 3450 4045 non
3476 3989 3655 4045 conii-

2000 4089 2136 4144 dere
2180 4086 2594 4159 cognoverunt,
2627 4085 2684 4137 et
2727 4085 2866 4136 tunc
2913 4078 3274 4148 Abimelech,
3303 4078 3362 4133 in
3404 4084 3654 4152 regnum

2000 4175 2205 4249 patris,
2239 4172 2463 4229 scilicet
2502 4170 2710 4237 Judaei,
2746 4170 3099 4224 dimiserunt
3147 4183 3305 4235 eum,
3337 4171 3392 4223 et
3438 4165 3488 4223 si
3537 4182 3653 4223 non

2001 4262 2396 4337 corporaliter,
2430 4265 2626 4316 tamen
2659 4259 2956 4314 voluntate
2982 4275 2994 4313 :
3024 4262 3080 4313 et
3105 4258 3185 4312 ita
3207 4254 3389 4312 David
3407 4255 3571 4325 abiit,
3594 4255 3655 4312 id

2001 4359 2110 4423 est,
2146 4353 2216 4408 ad
2251 4350 2432 4407 alium
2460 4349 2658 4415 ritum,
2680 4348 2736 4403 id
2762 4351 2849 4403 est
2874 4347 3297 4417 Christianum,
3309 4345 3430 4417 jam
3462 4349 3654 4403 trans-

2002 4445 2087 4501 iit.
2122 4443 2316 4498 Potest
2345 4439 2522 4494 etiam
2552 4435 2824 4509 Christus
2856 4435 3014 4507 loqui
3048 4435 3107 4490 in
3159 4435 3268 4490 hoc
3316 4432 3563 4504 psalmo,
3599 4437 3657 4489 et

2003 4530 2305 4590 conveniet
2327 4526 2609 4600 expositio
2640 4524 2989 4591 tituli,sicut
3026 4520 3313 4579 historiali
3341 4520 3534 4588 David,
3569 4518 3655 4576 sic

1922 4630 1968 4695 Ι)
2000 4622 2264 4698 psalmus
2282 4617 2379 4674 isti
2402 4616 2668 4673 convenit
2690 4612 2964 4680 David,id
2990 4610 3505 4679 est,Christo,cum
3530 4616 3656 4665 mu-

2002 4696 2145 4767 tavit
2171 4705 2421 4770 vultum,
2452 4703 2509 4758 id
2544 4706 2653 4769 est,
2687 4699 3048 4756 voluntatem
3082 4714 3275 4768 suam,
3308 4713 3441 4753 cum
3489 4696 3654 4770 prius

2003 4799 2190 4871 legem
2211 4793 2490 4857 ostendit,
2505 4795 2707 4863 postea
2737 4789 2926 4863 legem
2948 4786 3094 4843 nihil
3123 4786 3443 4855 valere,sed
3464 4785 3656 4844 solum

2004 4902 2217 4958 corpus
2248 4898 2421 4938 suum
2452 4878 2804 4935 sumendum
2839 4893 2987 4947 esse,
3022 4893 3155 4933 cum
3199 4876 3449 4933 diceret:
3476 4898 3504 4925 «
3532 4873 3657 4930 Nisi

2007 4968 2494 5031 manducaveritis
2545 4984 2779 5023 carnem
2829 4966 2934 5021 ﬁlii
2985 4966 3261 5034 hominis,
3294 4969 3351 5020 et
3396 4961 3657 5019 biberitis

2007 5065 2135 5136 ejus
2193 5058 2564 5132 sanguinem,
2625 5073 2741 5112 non
2802 5056 3099 5111 habebitis
3167 5054 3315 5109 vitas
3371 5051 3429 5104 in
3495 5047 3659 5105 vobis

2009 5154 2184 5225 (Joan.
2216 5148 2319 5221 vi.)
2354 5169 2381 5197 ››
2415 5146 2661 5203 Mutavit
2691 5145 2822 5200 dico
2855 5160 3049 5200 coram
3082 5138 3438 5206 Abimelech,
3548 5140 3660 5207 est,

2009 5223 2205 5297 coram
2227 5236 2469 5305 Judmis,
2487 5238 2544 5290 et
2572 5235 2702 5290 ideo
2727 5234 3080 5288 dimiserunt
3100 5244 3232 5284 eum
3253 5223 3526 5292 Judaai,id
3549 5229 3656 5295 est,

2005 5326 2390 5401 spiritualiter
2419 5325 2789 5379 recesserunt
2820 5322 2892 5375 ab
2936 5335 3024 5385 eo,
3058 5321 3115 5372 et
3159 5315 3335 5370 etiam
3385 5313 3659 5387 discipuli

2004 5418 2275 5474 abierunt
2305 5417 2550 5481 retro,et
2582 5412 2665 5466 sic
2695 5408 2962 5465 Christus
2996 5404 3141 5460 abiit
3169 5404 3241 5459 ab
3277 5403 3362 5459 eis
3392 5408 3659 5460 remotus

2006 5525 2040 5563 a
2068 5506 2193 5581 lege
2215 5519 2436 5560 eorum.
2462 5498 2703 5555 Materia
2733 5499 2821 5551 est
2848 5494 3116 5549 Christus
3149 5495 3477 5550 secundum
3500 5495 3657 5551 hunc

2005 5612 2221 5653 novum
2246 5588 2653 5656 statum,hanc
2676 5586 2759 5640 sic
2786 5584 3125 5656 exsequitur
3148 5602 3159 5639 :
3186 5584 3245 5639 in
3281 5584 3472 5658 prima
3492 5589 3677 5659 parte,

2005 5685 2208 5742 laudat
2236 5682 2385 5736 hanc
2418 5675 2733 5731 novitatem
2767 5673 3063 5743 sacrificii,
3095 5679 3151 5731 et
3197 5674 3471 5732 admonet
3517 5690 3652 5730 con-
