4070 6180
425 355 545 419 307

807 352 1216 415 HAYMONIS
1260 349 1792 411 HALBERSTAT.
1838 347 2086 409 EPIST.
2132 347 2282 408 OPP
2323 349 2527 410 PARS
2573 350 2620 409 Ι.
2668 382 2746 392 —
2789 348 3194 410 COMMENT.
3241 349 3444 410 BIBL.

3717 349 3830 410 308

429 492 616 546 sortes
639 504 798 558 suos,
817 490 882 542 ut
903 485 1359 542 secumlaudent
1379 481 1796 538 Dominum.In
1819 482 2076 536 secunda
2102 479 2158 546 Α
2186 497 2342 548 eum,
2376 485 2431 536 et
2461 498 2529 538 ex
2560 483 2836 538 omnibus
2884 481 3362 539 tribulationibus
3411 482 3540 555 ejus
3596 481 3835 540 salvavit

429 584 594 652 parte
615 579 891 633 admonet
913 574 1112 630 fideles
1145 575 1213 628 ad
1249 572 1754 645 participationem
1789 571 2075 625 Dominici

431 667 791 738 corporis,ut
821 665 891 720 ad
927 664 1033 718 hoc
1060 681 1120 718 se
1152 663 1361 735 dignos
1413 666 1758 733 praeparent.
1796 661 1855 715 In
1907 661 2079 715 tertia

431 760 593 828 parte
625 754 900 809 admonet
926 753 1127 828 rudes,
1158 757 1223 807 ut
1255 753 1324 805 ad
1369 751 1519 804 hanc
1566 749 1879 804 novitatem
1925 766 2081 804 acce-

432 844 591 899 dant.
616 843 675 898 In
709 846 917 913 quarta
948 844 1108 912 parte
1141 840 1304 912 ponit
1343 856 1572 905 causas,
1599 856 1776 910 quare
1800 838 1882 892 sic
1917 856 2077 892 acce-

433 933 714 999 dendum,
736 929 979 994 scilicet,
995 931 1134 1001 quia
1161 931 1309 984 Deus
1332 929 1500 984 bonis
1531 929 1685 982 bona
1707 927 1996 994 retribuit,
2024 930 2081 982 et

433 1019 606 1077 malis
628 1019 802 1075 mala.
830 1021 971 1075 Item
994 1022 1192 1073 monet
1219 1035 1442 1083 omnes,
1477 1022 1541 1072 ut
1573 1018 1643 1071 ad
1677 1016 1826 1070 hanc
1860 1015 2079 1069 novita-

432 1114 550 1166 tem
578 1109 878 1175 accodant,
916 1113 972 1163 et
1003 1107 1107 1174 sic,
1143 1107 1262 1162 sive
1286 1105 1574 1171 Christus,
1605 1105 1724 1161 sive
1775 1105 2080 1178 propheta,

433 1216 468 1255 a
496 1198 666 1254 laude
697 1197 797 1253 Dei
831 1196 1175 1269 ingreditur,
1210 1195 1408 1250 dicens
1442 1211 1455 1249 :

505 1287 651 1352 Quia
670 1286 984 1358 aliquando
1006 1285 1271 1340 benedixi
1295 1284 1608 1341 Dominum
1634 1301 1736 1355 pro
1755 1281 2086 1355 temporali-

435 1376 568 1444 bus,
602 1376 774 1432 modo
807 1399 834 1425 ‹‹
869 1375 1234 1442 benedicam,
1272 1397 1299 1422 ››
1331 1373 1388 1429 id
1421 1377 1530 1439 est,
1562 1373 1811 1428 laudabo
1835 1397 1862 1423 ‹‹
1887 1372 2083 1428 Domi-

435 1481 600 1533 num,
626 1487 653 1513 ››
687 1482 800 1520 non
822 1467 1052 1519 tantum
1077 1480 1212 1518 cum
1235 1462 1470 1518 Judzeos
1503 1467 1806 1534 prosperat
1825 1462 1980 1518 sicut
2000 1479 2088 1517 so-

436 1553 769 1622 lebam,sed
794 1577 819 1602 ‹‹
847 1553 905 1607 in
929 1552 1089 1608 omni
1118 1557 1400 1623 tempore,
1423 1575 1450 1600 ››
1482 1555 1538 1606 et
1566 1551 1675 1606 hoc
1707 1550 1874 1606 bonis
1899 1551 2085 1623 operi-

436 1643 549 1698 bus
575 1642 929 1712 inhazrendo,
953 1647 1010 1696 et
1048 1641 1203 1696 sicut
1244 1640 1499 1696 laudabo
1530 1657 1662 1695 eum
1695 1640 1753 1694 in
1786 1639 2086 1712 operibus,

438 1732 522 1788 sic
544 1755 571 1782 «
595 1747 828 1802 semper
857 1730 986 1786 laus
1015 1732 1142 1801 ejus
1176 1730 1234 1784 in
1269 1746 1365 1785 ore
1398 1746 1547 1797 meo,
1579 1752 1606 1778 »
1638 1728 1694 1784 id
1719 1729 2085 1796 est,laudabo

2185 585 2319 625 eum
2356 595 2382 618 ››
2417 576 2478 626 ut
2501 589 2680 643 supra
2711 572 3038 644 expositum
3073 575 3182 627 est.

2260 661 2326 714 Et
2357 660 2507 714 sicut
2527 661 2810 715 Dominus
2844 660 3092 716 immisit
3113 660 3388 732 angelum
3407 663 3476 717 ad
3501 679 3595 717 me
3617 661 3840 719 salvan-

2188 748 2350 815 dum,
2377 749 2458 803 ita
2483 773 2510 797 ‹‹
2546 749 2815 805 imminet
2848 749 3122 822 angelum
3159 773 3184 798 ››
3218 749 3511 806 cmlestem
3544 752 3837 823 spiritum,

2186 837 2273 892 vel
2306 837 2598 910 angelum,
2625 839 2681 893 id
2714 844 2822 909 est,
2846 839 3166 905 Christum,
3190 838 3290 912 qui
3321 844 3409 895 est
3439 840 3686 913 angelus
3719 859 3841 896 ma-

2189 926 2286 998 gni
2309 927 2535 982 consilii
2565 945 2575 983 :
2601 928 2688 983 vel
2721 928 3019 999 angelum,
3044 929 3101 982 id
3126 933 3234 995 est,
3262 946 3674 1002 quemcunque
3706 948 3842 1003 pro-

2190 1015 2329 1069 bum
2353 1016 2540 1071 virum
2565 1041 2590 1065 «
2618 1016 2674 1072 in
2704 1017 2950 1072 circuitu
2983 1017 3323 1073 timentium
3347 1035 3502 1085 eum,
3530 1041 3558 1067 »
3577 1019 3636 1074 id
3659 1020 3842 1086 est,in

2190 1104 2348 1158 omni
2372 1109 2554 1175 parte,
2576 1105 2632 1160 id
2665 1105 2846 1172 est,in
2877 1105 3037 1160 omni
3069 1105 3417 1161 necessitate
3465 1106 3726 1162 defendit
3775 1108 3846 1162 ti-

2193 1197 2416 1248 mentes
2449 1210 2582 1249 cum
2618 1210 2630 1248 :
2666 1199 2722 1248 et
2748 1195 2871 1266 ipse
2901 1193 2988 1248 vel
3013 1193 3258 1268 angelus
3279 1194 3366 1249 vel
3397 1194 3681 1251 Dominus
3704 1196 3846 1252 mis-

2192 1298 2294 1338 sus
2326 1305 2353 1330 ‹‹
2379 1282 2584 1355 eripiet
2602 1300 2719 1338 eos.
2742 1306 2767 1332 ››
2789 1282 2994 1350 Vel,ut
3027 1283 3087 1338 in
3114 1283 3491 1355 frequentiori
3525 1283 3847 1353 invenitur,

2194 1394 2221 1419 ‹‹
2258 1371 2556 1437 immittet,
2575 1395 2602 1420 »
2627 1372 2684 1426 id
2715 1375 2822 1438 est,
2847 1370 3277 1426 immissionem
3311 1372 3447 1427 facit
3466 1373 3538 1427 ad
3565 1373 3852 1429 defensio-

2194 1475 2326 1513 nem
2361 1482 2386 1506 «
2425 1458 2667 1531 angelus
2700 1458 2952 1526 Domini,
2976 1464 3044 1515 ut
3074 1458 3361 1516 immissio
3386 1459 3576 1531 angeli
3609 1466 3850 1517 scutum

2193 1547 2270 1602 sit
2300 1570 2326 1596 ‹‹
2361 1547 2418 1601 in
2452 1547 2696 1602 circuitu
2746 1548 3085 1604 timentium
3126 1565 3282 1603 eum.
3319 1570 3346 1596 »
3380 1548 3539 1604 Hanc
3590 1547 3853 1606 litteram

2193 1636 2534 1707 comprobat
2577 1636 2689 1692 alia
2733 1636 3055 1705 translatio,
3091 1653 3216 1709 quae
3259 1636 3437 1692 habet
3471 1654 3484 1692 :
3521 1636 3856 1695 circumdat

2195 1725 2437 1797 angelus
2474 1725 2699 1780 Domini
2731 1726 2788 1780 in
2819 1743 2960 1799 gyro
2991 1726 3265 1782 timentes
3296 1743 3452 1782 eum.

437 1837 571 1877 eum
599 1837 754 1876 voce.
786 1819 887 1875 Vel
918 1819 1002 1875 sic
1040 1819 1345 1891 loquitur:
1381 1819 1487 1884 Qui
1539 1835 1770 1891 semper
1818 1818 2082 1874 benedixi
2116 1849 2164 1914 Β
2270 1813 2402 1870 Dico
2463 1815 2740 1884 accedite,
2787 1814 3229 1883 illuminamini,
3287 1820 3344 1871 et
3400 1818 3747 1874 accedentes
3805 1823 3860 1876 et

430 1909 768 1980 Dominum,
803 1909 1142 1966 benedicam
1174 1925 1306 1964 eum
1342 1909 1400 1963 in
1431 1908 1589 1963 omni
1624 1912 1904 1979 tempore.

502 1999 654 2055 Bene
675 1999 826 2068 dico,
842 1998 1093 2054 laudabo
1117 1997 1454 2063 Dominum,
1471 1996 1609 2068 quia
1631 2013 1733 2067 per
1751 1995 1860 2052 hoc
1879 1995 2082 2051 lauda-

427 2087 564 2143 bilis
586 2086 694 2143 erit
715 2087 914 2142 anima
939 2103 1069 2141 mea
1092 2103 1104 2140 :
1131 2091 1188 2140 et
1218 2085 1327 2140 hoc
1359 2088 1448 2140 est
1479 2102 1491 2139 :
1528 2108 1554 2133 ‹‹
1583 2084 1781 2138 anima
1807 2101 1935 2139 mea
1955 2084 2082 2139 lau-

427 2175 683 2241 dabitur,
719 2197 747 2222 ››
781 2174 838 2229 id
866 2179 972 2242 est,
987 2172 1302 2229 laudabilis
1324 2173 1626 2244 apparebit
1654 2172 1927 2228 habitans
1960 2196 1985 2222 ‹‹
2024 2173 2081 2226 in

429 2264 694 2331 Domino,
721 2286 748 2312 ››
781 2268 837 2319 et
865 2280 968 2336 per
987 2263 1096 2318 hoc
1113 2261 1370 2318 ostendit
1393 2261 1705 2316 Dominum
1725 2260 2080 2317 laudabilem

426 2353 614 2421 valde,
631 2369 766 2408 cum
798 2357 1033 2425 propter
1053 2367 1352 2406 accessum
1373 2350 1532 2405 illius
1551 2350 1749 2404 anima
1766 2348 2081 2406 laudabilis

429 2442 927 2515 comprobatur,et
945 2441 1101 2512 quod
1123 2457 1226 2510 ego
1249 2439 1378 2494 dico
1397 2462 1424 2487 ‹‹
1454 2439 1696 2493 audiant
1719 2440 2079 2507 mansueti,»

433 2531 491 2588 id
523 2535 630 2602 est,
655 2529 985 2603 intelligant
1014 2528 1269 2584 humiles
1303 2551 1329 2578 ‹‹
1363 2532 1419 2583 et
1452 2550 1477 2575 ››
1511 2527 1814 2584 audientes
1837 2552 1862 2577 ‹‹
1889 2528 2082 2584 laeten-

430 2625 529 2678 tur
561 2644 590 2670 ››
619 2619 858 2687 scilicet,
895 2618 1106 2674 de'hac
1137 2617 1410 2673 novitate.

493 2712 564 2768 Et
595 2707 1070 2782 quandoquidem
1104 2707 1301 2762 anima
1335 2723 1466 2762 mea
1485 2723 1588 2778 per
1610 2723 1744 2762 eum
1765 2705 2080 2763 laudabilis

426 2802 533 2865 est,
549 2813 686 2870 ergo
707 2812 808 2852 vos
839 2799 1139 2851 consortes
1172 2819 1197 2843 ‹‹
1235 2794 1605 2867 magniﬁcate
1631 2794 1944 2849 Dominum
1965 2813 2079 2850 me-

425 2904 584 2955 cum,
622 2910 649 2936 »
698 2885 757 2940 id
806 2890 914 2956 est,
949 2883 1333 2956 praedicemus
1379 2901 1514 2938 eum
1564 2883 1885 2956 gloriosum
1929 2883 2081 2940 inter

425 2976 644 3033 multas
666 2977 962 3049 gentes,et
992 2991 1108 3028 non
1131 2973 1322 3028 solum
1356 2972 1552 3045 ipsum
1589 2974 1898 3029 Dominum
1955 2991 2077 3028 ma-

423 3067 793 3141 gnificemus,
829 3063 928 3118 sed
976 3085 1002 3112 ‹‹
1037 3061 1358 3118 exaltemus
1391 3078 1602 3117 nomen
1637 3063 1785 3135 ejus.
1822 3085 1850 3111 »
1891 3062 2076 3118 Deum

425 3155 773 3219 exaltemus,
809 3167 943 3206 cum
973 3166 1108 3204 eum
1153 3149 1612 3220 omnipotentem
1663 3151 2074 3222 praedicamus,

423 3245 482 3299 et
513 3245 639 3295 tum
673 3254 886 3294 nomen
919 3239 1067 3308 ejus,
1089 3253 1224 3290 cum
1257 3219 1400 3290 illud
1420 3219 1728 3308 permulta
1752 3238 1877 3293 loca
1898 3219 2076 3294 eﬂ'un;
2107 3219 2149 3284 C

424 3328 642 3395 dimus,
677 3326 981 3380 tendentes
1014 3347 1042 3373 «
1075 3324 1132 3378 in
1169 3325 1225 3378 id
1259 3325 1478 3395 ipsum,
1506 3347 1533 3374 »
1565 3325 1622 3380 id
1653 3331 1762 3394 est,
1799 3327 1855 3380 in
1890 3328 2076 3382 unita-

422 3421 562 3483 tem,
597 3413 836 3481 scilicet,
872 3413 932 3467 in
963 3412 1165 3468 eodem
1196 3411 1427 3481 affectu,
1461 3414 1664 3468 eadem
1696 3414 2078 3470 immutabili-

426 3507 545 3561 tatc
581 3502 894 3560 Dominum
923 3517 1290 3557 veneremur.

499 3593 571 3649 Ut
600 3589 854 3666 populus
885 3591 1168 3648 invitatus
1211 3591 1283 3647 ad
1316 3589 1550 3646 laudem
1603 3592 1700 3647 Dei
1749 3592 2076 3663 festinaret,

423 3682 567 3740 dicit
596 3699 723 3756 quae
755 3681 909 3739 bona
951 3682 1061 3739 sibi
1109 3682 1244 3738 inde
1293 3681 1681 3754 provenerint.
1719 3706 1744 3731 ‹‹
1780 3684 2072 3756 Exquisivi

425 3773 766 3841 Dominum,
805 3795 831 3820 ››
865 3771 922 3828 id
954 3777 1060 3838 est,
1096 3777 1257 3828 extra
1287 3771 1484 3826 omnia
1514 3771 1772 3842 quaesivi,
1795 3773 2076 3843 postposi-

422 3863 500 3918 tis
531 3862 806 3919 omnibus
838 3861 1293 3934 temporalibus:
1326 3881 1352 3906 ‹‹
1381 3863 1440 3913 et
1463 3858 1589 3930 ipse
1611 3860 1902 3915 exaudivit
1923 3878 2074 3927 me,»

423 3951 481 4007 id
513 3951 728 4019 est,sui
747 3950 1136 4022 cognitionem
1161 3945 1305 4001 mihi
1327 3946 1600 4016 innotuit,
1627 3972 1653 3998 «
1679 3953 1734 4005 et
1749 3950 1962 4022 eripuit
1983 3967 2076 4008 me

423 4040 699 4096 omnibus
732 4035 1211 4092 tribulationibus
1239 4035 1408 4105 meis,
1433 4060 1460 4086 ››
1493 4037 1551 4094 id
1574 4038 1959 4107 est,liberavit
1981 4057 2073 4098 me

423 4144 457 4184 a
489 4125 865 4181 tribulatione
896 4128 1268 4195 peccatorum
1302 4131 1358 4180 et
1389 4127 1741 4184 daemonum.

493 4215 811 4285 Postquam
853 4212 1160 4268 admonuit
1213 4215 1284 4269 ad
1335 4218 1714 4284 cantandum,
1750 4235 1948 4274 secum
1999 4221 2070 4275 ad

421 4304 610 4376 ipsam
629 4302 1104 4360 communionem
1123 4303 1250 4358 novi
1265 4304 1532 4359 sacrificii
1548 4306 2075 4378 populoshortatur

420 4393 712 4449 accedere.
729 4390 1098 4448 Continuatio
1125 4407 1137 4444 :
1163 4391 1308 4457 Quia
1337 4391 1446 4447 hoc
1469 4393 1612 4448 mihi
1644 4394 1799 4462 fecit,
1821 4397 1949 4451 ideo
1972 4415 2072 4454 vos

420 4481 516 4537 alii
551 4506 578 4531 «
608 4481 864 4538 accedite
887 4481 960 4537 ad
991 4497 1126 4536 eum
1164 4503 1190 4528 »
1223 4496 1326 4552 per
1355 4481 1604 4552 gradum
1635 4482 1920 4540 virtutum
1955 4509 1981 4534 ‹‹
2018 4491 2074 4540 et

2196 1901 2512 1958 illuminati
2569 1928 2596 1953 ‹‹
2637 1908 2869 1976 gustate
2921 1927 2950 1954 ››
3007 1903 3293 1960 Dominici
3351 1905 3612 1978 corporis
3673 1908 3858 1963 refec-

2193 1992 2465 2047 ctionem.
2513 1993 2618 2058 Qui
2678 1993 2834 2048 enim
2895 2009 3010 2048 non
3071 1994 3353 2049 accedens
3421 2011 3524 2066 per
3580 1995 3854 2066 virtutes,

2191 2084 2248 2136 et
2295 2098 2409 2136 non
2459 2081 2850 2148 illuminatus,
2881 2086 3148 2155 gustaret
3195 2081 3684 2154 illud,judieium
3734 2086 3854 2142 sibi

2193 2171 2576 2226 manducaret
2608 2176 2664 2226 ot
2694 2171 2918 2226 biberet
2948 2175 3000 2239 (Ι
3026 2171 3148 2228 Cor.
3180 2172 3278 2244 xl).
3313 2195 3340 2220 ‹‹
3377 2171 3623 2228 Gustate
3646 2197 3675 2222 »
3723 2175 3858 2232 dico

2193 2281 2220 2307 ‹‹
2254 2263 2312 2313 et
2341 2259 2547 2327 videte,
2587 2283 2613 2309 ››
2647 2259 2702 2316 id
2736 2264 2843 2328 est,
2878 2260 3204 2333 intelligite,
3227 2261 3364 2333 quia
3393 2262 3680 2319 Dominus
3725 2263 3858 2336 ipse

2191 2345 2458 2403 Christus
2505 2353 2611 2416 est,
2638 2367 2812 2422 quem
2861 2367 2962 2405 vos
3013 2349 3288 2423 gustatis,
3323 2354 3383 2406 et
3412 2350 3537 2423 ipse
3583 2375 3610 2401 ‹‹
3649 2352 3859 2408 Ι)οωὶ-

2191 2453 2303 2490 nus
2335 2437 2529 2493 suavis
2560 2444 2668 2506 est,
2692 2461 2717 2487 ››
2751 2437 2890 2511 quia
2920 2444 3158 2512 peccata
3188 2439 3451 2507 dimittit,
3487 2440 3763 2497 homines
3802 2443 3862 2498 in

2190 2524 2403 2582 virtute
2451 2533 2774 2597 conservat,
2805 2533 2860 2583 et
2906 2529 3145 2584 tandem
3199 2529 3425 2584 confert
3469 2529 3651 2585 vitam
3697 2536 3865 2588 αξιοι·-

2190 2635 2326 2675 nam
2365 2635 2376 2674 :
2411 2621 2468 2672 et
2523 2617 2660 2689 quia
2718 2617 2851 2672 talis
2909 2623 2998 2672 est
3043 2641 3069 2666 «
3120 2619 3328 2674 beatus
3388 2622 3476 2674 est
3533 2619 3620 2675 vir
3652 2644 3682 2669 »
3729 2620 3861 2689 illo,

2190 2725 2306 2763 non
2357 2706 2458 2779 qui
2517 2706 2806 2779 legalibus
2865 2707 3108 2762 conﬁdit
3159 2707 3488 2776 sacriﬁciis,
3548 2709 3651 2764 sed
3687 2733 3714 2759 ‹‹
3752 2710 3863 2783 qui

2189 2801 2386 2869 sperat
2432 2796 2490 2850 in
2540 2813 2626 2851 eo.
2680 2819 2707 2845 ››
2755 2795 2900 2863 Quia
2950 2796 3174 2852 dixerat
3221 2797 3407 2853 Deum
3469 2815 3732 2867 suavem,
3783 2817 3862 2856 ne

2187 2887 2316 2958 ejus
2349 2885 2606 2941 suavitas
2657 2885 2897 2940 taedium
2941 2887 3262 2958 generaret,
3298 2886 3498 2941 subdit
3529 2903 3542 2943 :
3577 2889 3862 2959 quamvis

2187 2974 2264 3030 sit
2285 2974 2503 3043 suavis,
2539 2978 2737 3029 tamen
2769 2997 2797 3023 «
2830 2973 3030 3029 timete
3064 2995 3092 3022 »
3123 2990 3259 3030 eum
3295 2974 3663 3031 «Dominum
3697 3001 3725 3026 υ
3761 2979 3855 3034 of-

2185 3064 2418 3120 fendere
2449 3086 2476 3112 ‹‹
2503 3062 2724 3118 sanctis
2753 3063 2901 3134 ejus,
2930 3085 2956 3110 »
2991 3062 3049 3116 id
3076 3063 3546 3130 est,sanctificati
3579 3065 3652 3121 ab
3676 3064 3815 3139 ipso
3841 3083 3854 3121 :

2187 3169 2302 3208 non
2354 3152 2482 3207 dico
2536 3151 2814 3218 minores,
2851 3151 2950 3206 sed
3005 3154 3529 3223 quantumcunque
3581 3153 3713 3210 sitis
3759 3171 3860 3212 ex-

2185 3239 2325 3296 celsi
2359 3240 2550 3295 meriti
2583 3263 2611 3289 «
2645 3238 2924 3312 quoniam
2958 3257 3074 3295 non
3127 3243 3216 3294 est
3262 3239 3462 3312 inopia
3497 3242 3857 3301 timentibus

2186 3346 2342 3384 eum.
2379 3352 2406 3378 ››
2440 3329 2738 3394 Quomodo
2787 3328 2946 3384 enim
2998 3328 3328 3401 indigerent
3375 3328 3459 3384 illi
3510 3330 3610 3402 qui
3665 3332 3856 3389 Deum

2186 3417 2422 3486 habent,
2458 3417 2557 3489 qui
2587 3422 2678 3473 est
2707 3434 2879 3472 omne
2921 3416 3184 3472 bonum?
3214 3417 3373 3474 Licet
3417 3418 3524 3474 has
3573 3419 3856 3478 miserias

2186 3505 2536 3576 temporales
2569 3505 2920 3574 sustineant,
2955 3509 3151 3561 tamen
3184 3522 3298 3560 non
3331 3523 3433 3578 pro
3483 3507 3703 3580 inopia,
3737 3511 3850 3567 sed

2186 3610 2288 3665 pro
2322 3610 2555 3648 summa
2585 3593 2772 3665 gloria
2802 3594 2912 3649 sibi
2945 3611 3043 3651 eas
3075 3599 3364 3666 reputant.

2256 3681 2552 3738 Timentes
2584 3685 2764 3738 Deum
2797 3701 2909 3740 non
2945 3683 3231 3755 esuriant,
3256 3684 3356 3740 sed
3390 3708 3418 3734 «
3453 3685 3686 3756 divites,
3725 3710 3753 3736 »
3791 3689 3854 3745 id

2183 3776 2272 3826 est
2327 3775 2693 3828 terrenorum
2753 3778 3045 3829 amatores
3093 3798 3119 3823 «
3154 3779 3442 3846 eguerunt
3475 3798 3502 3825 ››
3548 3775 3851 3849 spirituali

2183 3859 2493 3916 refectione
2526 3861 2810 3917 Dominici
2841 3861 3100 3934 corporis
3135 3878 3146 3917 :
3178 3879 3282 3918 nec
3327 3867 3523 3918 tamen
3576 3865 3851 3938 neglexe-

2183 3955 2340 4017 runt,
2374 3950 2473 4006 sed
2507 3950 2703 4022 potius
2735 3950 2990 4006 multum
3022 3951 3502 4008 desideraverunt
3529 3970 3632 4026 per
3662 3961 3853 4012 natu-

2183 4055 2307 4093 ram
2333 4055 2344 4092 :
2379 4043 2435 4094 et
2465 4039 2574 4096 hoc
2606 4039 2884 4112 est,quod
2917 4039 3094 4095 dicit:
3118 4064 3142 4089 ‹‹
3169 4044 3226 4095 et
3255 4041 3590 4098 esurierunt
3613 4060 3627 4098 :
3653 4042 3850 4116 inqui-

2183 4132 2377 4184 rentes
2425 4132 2620 4183 autem
2647 4151 2674 4178 »
2705 4145 2818 4183 non
2881 4129 3312 4196 mundana,sed
3372 4130 3562 4186 solum
3589 4155 3616 4182 «
3652 4135 3849 4190 Domi-

2183 4232 2347 4288 num,
2381 4235 2496 4274 non
2529 4218 2872 4273 minuentur
2920 4216 3081 4272 omni
3135 4217 3284 4273 bono
3321 4241 3347 4267 »
3381 4218 3438 4274 id
3487 4225 3597 4289 est,
3624 4220 3850 4278 habent

2185 4307 2634 4379 Dominum,qui
2667 4311 2756 4362 est
2787 4322 2962 4362 omne
2994 4306 3214 4361 bonum
3239 4307 3365 4362 sine
3401 4307 3844 4380 imminutione,

2182 4401 2320 4473 quia
2349 4399 2433 4453 eis
2464 4395 2662 4451 omnia
2693 4395 3024 4450 necessaria
3055 4395 3334 4451 conferet.
3355 4396 3454 4451 Vel
3485 4396 3604 4452 ita:
3631 4399 3847 4458 divites

2180 4491 2464 4561 eguerunt
2495 4484 2831 4551 virtutibus,
2867 4489 2924 4539 et
2954 4484 3288 4540 esurierunt
3338 4485 3706 4544 Dominicam
3759 4507 3848 4546 re-

420 4569 837 4626 illuminamini
868 4594 894 4619 ››
919 4569 1126 4642 majori
1146 4568 1477 4642 cognitione
1509 4570 1625 4626 Dei.
1646 4572 1872 4638 Quanto
1913 4575 2068 4630 enim
2102 4585 2149 4648 D
2182 4577 2512 4632 rectionem.

419 4658 608 4729 magis
625 4659 838 4729 aliquis
865 4660 934 4714 ad
972 4660 1148 4715 Deum
1182 4657 1430 4725 accedit,
1447 4662 1607 4714 tanto
1630 4676 1764 4715 eum
1792 4663 1939 4716 Deus
1965 4681 2072 4719 sua

420 4745 832 4802 abundantiori
880 4747 1210 4817 cognitione
1262 4747 1596 4818 perfundit;
1629 4747 1715 4803 vel
1769 4748 2066 4807 illumina-

421 4833 567 4891 mini
601 4857 627 4883 »
657 4851 823 4889 sacra
853 4835 1231 4906 praeceptione
1267 4852 1278 4890 :
1313 4840 1370 4891 et
1395 4841 1705 4909 postquam
1753 4837 2068 4896 illuminati

418 4923 665 4992 fueritis,
701 4947 727 4972 ‹‹
764 4922 938 4978 facies
971 4929 1194 4991 vestrae,
1234 4947 1259 4972 ››
1293 4924 1350 4979 id
1383 4930 1491 4993 est,
1526 4925 1857 4984 intellectus
1896 4931 2069 4985 vestri

421 5039 448 5066 ‹‹
484 5031 599 5070 non
632 5013 1083 5069 confundantur.
1114 5035 1139 5059 ››
1162 5012 1248 5067 ΙΗὶ
1272 5012 1426 5068 enim
1451 5014 1550 5085 qui
1573 5032 1686 5070 non
1710 5015 2065 5090 intelligunt,

415 5104 770 5160 erubescunt
804 5119 814 5157 :
847 5101 1000 5157 sicut
1029 5099 1111 5154 illi
1146 5101 1244 5171 qui
1279 5101 1551 5156 abierunt
1585 5107 1733 5158 retro
1757 5106 2016 5162 dicentes
2053 5125 2064 5162 :

418 5214 447 5241 ε(
487 5194 675 5247 Durus
707 5195 797 5247 est
827 5190 920 5245 hic
953 5205 1143 5244 sermo
1168 5190 1341 5256 (Joan.
1377 5193 1478 5257 v1.)
1512 5212 1540 5237 ››

488 5281 625 5335 Dico
649 5279 924 5345 accedite,
942 5277 1384 5344 illuminamini,
1401 5278 1758 5336 cthabcbitis
1779 5283 2063 5341 auxilium

414 5366 603 5439 angeli
627 5366 856 5422 Domini
891 5367 1278 5422 custodientis
1303 5384 1403 5422 vos
1441 5384 1451 5421 :
1487 5371 1543 5421 et
1569 5366 1676 5421 hoc
1698 5373 1785 5424 est
1811 5387 1820 5424 :
1847 5372 2064 5428 Immit-

410 5456 483 5513 tit
513 5454 786 5528 angelum
819 5455 1102 5511 Dominus
1129 5473 1139 5511 :
1167 5459 1222 5511 ct
1243 5456 1313 5510 de
1344 5455 1452 5511 hoc
1487 5457 1730 5528 potestis
1761 5475 1888 5515 esse
1920 5465 2058 5517 certi

410 5543 671 5616 exemplo
694 5545 829 5612 mei,
850 5545 987 5617 quia
1011 5570 1034 5594 (ι
1067 5545 1175 5600 iste
1207 5563 1445 5616 pauper,
1485 5569 1510 5593 ››
1541 5545 1780 5615 scilicet,
1810 5549 1895 5603 vel
1930 5552 2056 5621 qui-

411 5633 550 5690 libet
572 5651 740 5690 verus
773 5652 996 5707 pauper
1025 5658 1048 5682 ‹‹
1073 5633 1360 5702 clamavit,
1382 5640 1437 5690 et
1465 5635 1745 5691 Dominus
1769 5639 2058 5694 exaudivit

2252 4665 2353 4722 Hic
2386 4663 2590 4736 incipit
2632 4661 2806 4718 tertia
2853 4679 3011 4734 pars,
3047 4663 3106 4717 in
3139 4680 3255 4734 qua
3309 4665 3484 4720 rudes
3535 4665 3840 4723 admonet.

2177 4753 2550 4811 Continuatio
2589 4769 2602 4807 :
2638 4751 2784 4817 Quia
2814 4750 3178 4822 inquirentes
3211 4752 3524 4808 Dominum
3555 4771 3674 4808 non
3721 4756 3841 4810 mi-

2180 4848 2434 4900 nuentur
2491 4841 2687 4914 aliquo
2746 4841 2916 4906 bono,
2951 4855 3086 4911 ergo
3143 4855 3245 4895 vos
3289 4864 3316 4889 «
3351 4840 3454 4895 filii
3484 4863 3513 4892 ››
3561 4842 3843 4899 derelicta

2180 4933 2478 5005 impietate
2515 4929 2787 4986 «venite»
2823 4928 2892 4982 ad
2925 4927 3199 4995 ﬁnem,et
3230 4927 3380 4984 hanc
3402 4929 3839 4988 institutionem

2181 5021 2445 5092 accipite,
2476 5023 2536 5073 et
2568 5041 2594 5069 «
2624 5019 2819 5073 audite
2851 5035 2963 5084 me,
2989 5040 3016 5067 »
3053 5015 3109 5072 id
3143 5021 3250 5086 est,
3279 5019 3606 5074 doctrinam
3641 5038 3841 5077 meam

2181 5108 2506 5180 intelligite,
2539 5112 2596 5162 et
2627 5125 2731 5180 ego
2769 5130 2795 5158 ‹‹
2829 5107 3044 5162 docebo
3072 5124 3172 5162 vos
3209 5106 3480 5164 timorem
3516 5111 3768 5179 Domini,
3801 5135 3834 5161 ››

2175 5199 2233 5253 id
2266 5202 2372 5264 est,
2393 5197 2684 5267 quomodo
2726 5195 3035 5251 Dominum
3069 5195 3278 5252 timore
3311 5197 3839 5268 debeatis.Rudes,

2174 5285 2442 5361 quamvis
2459 5290 2620 5340 extra
2640 5283 2984 5353 Ecclesium,
3006 5289 3201 5339 tamen
3248 5289 3492 5356 paterna
3524 5289 3838 5345 affectione

2173 5377 2324 5432 filios
2342 5375 2686 5442 vocat,sicut
2701 5371 2993 5427 Abraham
3013 5373 3339 5440 divitem,in
3355 5375 3409 5429 in
3423 5376 3582 5432 ferno
3599 5395 3838 5451 quoque

2171 5467 2427 5538 positum
2456 5463 2668 5536 legitur
2700 5460 3024 5533 appellasse
3056 5461 3267 5518 ﬁlium.

2245 5555 2464 5609 Docebo
2517 5553 2785 5607 timorem
2834 5550 3084 5617 Domini,
3129 5569 3195 5606 ex
3254 5570 3370 5626 qua
3429 5556 3698 5613 doctrina
3747 5558 3832 5613 vi-

2169 5649 2285 5699 tam
2339 5639 2671 5697 habebitis:
2708 5643 2762 5692 et
2815 5638 2921 5692 hoc
2981 5638 3079 5694 tali
3141 5641 3593 5714 interrogatione
3653 5645 3822 5712 dicit,
