4092 6178
306 341 426 407 309

1493 340 1993 407 EXPLANA'I‘IO
2035 343 2116 406 IN
2159 345 2415 411 PSALM
2425 348 2541 411 OS.

3564 304 3567 309 ’
3600 354 3721 422 310

306 493 484 554 quam
515 473 678 533 omni
704 476 1058 563 assequatur
1085 490 1353 532 assensu.
1387 474 1527 542 Quis
1576 474 1735 532 enim
1778 476 1956 533 homo
1983 476 2042 545 Α
2062 478 2245 551 justis
2273 482 2654 539 contrarium.
2688 481 3061 543 Continuatio
3094 503 3106 544 :
3141 487 3298 545 Mors
3349 491 3719 563 peccatorum

303 573 427 627 tam
476 567 680 622 fatuus
728 562 830 636 qui
876 566 979 619 aut
1026 562 1184 619 dicat
1217 579 1230 618 :
1263 563 1456 619 Vitam
1507 563 1663 633 nolo,
1696 568 1800 621 aut
1840 564 1966 623 dies

300 658 497 716 videre
545 656 734 711 bonos
781 670 899 708 non
947 652 1158 724 cupio?
1187 656 1243 707 et
1293 652 1404 709 hoc
1445 656 1579 709 est:
1613 676 1641 703 ‹‹
1675 654 1815 719 Quis
1875 657 1966 711 est

301 749 480 806 homo
511 744 615 818 qui
639 742 763 800 vult
790 742 1039 809 vitam,»
1071 757 1176 797 nec
1207 741 1337 797 dico
1368 743 1439 799 de
1467 742 1584 798 vita
1616 748 1746 800 acta
1766 743 1827 800 in
1859 743 1964 800 mi-

302 837 476 904 seria,
497 835 601 892 sed
632 832 769 906 quis
798 834 887 887 est
913 829 1012 885 ille
1040 852 1069 880 «
1104 829 1206 903 qui
1233 829 1426 904 diligit
1464 832 1659 888 videre
1696 832 1821 889 dies
1853 833 1960 889 bo-

302 943 431 994 nos,
457 947 487 974 »
519 923 579 979 id
608 926 719 990 est,
741 920 920 976 vitam
971 919 1528 992 aeternam,scilicet,
1553 920 1736 977 vitam
1768 924 1958 979 actam

301 1016 362 1073 in
393 1012 569 1070 bonis
598 1010 805 1067 diebus
823 1009 852 1065 ?
886 1030 915 1057 ››

374 1104 536 1174 Dico,
582 1100 801 1157 docebo
857 1097 1130 1154 timorem
1187 1098 1439 1164 Domini,
1499 1098 1657 1155 hunc
1714 1099 1954 1167 scilicet,

304 1218 332 1246 α
364 1192 612 1268 prohibe
655 1189 921 1263 linguam
969 1192 1136 1244 tuam
1172 1209 1199 1237 »
1249 1187 1472 1245 scilicet
1502 1212 1530 1240 «
1561 1205 1595 1245 a
1625 1189 1799 1259 malo,
1827 1211 1855 1241 »
1895 1191 1953 1247 id

302 1287 406 1351 est,
441 1298 516 1337 ne
543 1280 606 1335 in
627 1282 827 1352 aperto
859 1275 1015 1333 mala
1034 1275 1317 1349 loquaris,
1336 1293 1442 1333 nec
1475 1277 1650 1334 etiam
1694 1279 1851 1335 mala
1878 1279 1955 1336 lo.

302 1370 504 1446 quaris
530 1367 854 1424 intentione
884 1367 1057 1434 bona,
1073 1369 1130 1421 et
1154 1365 1264 1421 hoc
1286 1369 1396 1432 est,
1426 1388 1455 1417 «
1488 1370 1545 1422 et
1566 1366 1722 1424 labia
1751 1371 1856 1425 tua
1881 1385 1955 1426 ne

299 1461 623 1535 loquantur
652 1455 875 1513 dolum.
912 1478 941 1505 »

366 1575 396 1601 «
423 1548 650 1606 Diverte
680 1544 880 1615 etiam,
903 1543 961 1599 id
985 1546 1096 1611 est,
1118 1542 1349 1599 declina
1369 1565 1398 1593 ‹‹
1431 1560 1467 1599 a
1504 1544 1657 1600 male
1678 1567 1705 1595 η
1729 1562 1900 1619 opere
1934 1562 1947 1602 :

298 1644 354 1698 et
379 1638 522 1713 quia
550 1635 673 1691 hac
702 1650 818 1690 non
852 1632 1158 1693 sufﬁciunt
1187 1632 1352 1688 addit
1390 1655 1419 1683 «
1443 1636 1499 1688 et
1529 1634 1618 1689 fac
1648 1635 1891 1690 bonum.
1920 1656 1949 1685 »

296 1731 365 1787 Et
419 1725 562 1800 quia
613 1738 749 1779 caro
807 1738 1041 1793 semper
1083 1724 1373 1793 repugnat
1422 1720 1679 1793 spiritui,
1713 1726 1771 1778 et
1826 1722 1953 1778 vult

298 1823 363 1875 ut
408 1831 529 1872 non
583 1811 762 1868 faciat
815 1810 1058 1878 bonum,
1093 1809 1236 1865 dicit
1268 1826 1281 1865 :
1320 1832 1341 1859 α
1372 1809 1605 1882 inquire
1661 1826 1889 1884 pacem,
1919 1834 1947 1861 ››
1977 1847 2027 1913 Β

299 1922 429 1964 cum
454 1919 633 1961 carne
670 1899 892 1957 scilicet
917 1898 1168 1971 reprime
1197 1915 1325 1955 eam
1359 1916 1372 1954 :
1402 1903 1461 1954 et
1490 1899 1757 1971 quamvis
1797 1917 1948 1957 nun-

299 2011 474 2070 quam
494 1990 757 2049 invenire
784 1988 1155 2061 possis,quia
1176 2005 1407 2061 semper
1436 1992 1946 2061 repugnat,tamen

300 2099 529 2157 semper
594 2102 624 2131 «
676 2093 1027 2151 persequere
1081 2093 1233 2147 eam,
1296 2099 1324 2127 »
1378 2077 1439 2133 id
1515 2080 1623 2147 est,
1683 2077 1949 2151 opprime

300 2190 447 2232 eam.

364 2261 470 2318 Hic
500 2257 710 2332 incipit
738 2259 950 2330 quarta
988 2272 1149 2330 pars.
1197 2254 1355 2324 Dico,
1387 2255 1476 2311 fac
1526 2255 1767 2324 bonum,
1810 2255 1949 2328 quia

298 2376 326 2404 κ
356 2349 509 2409 oculi
537 2345 769 2405 Domini
802 2369 832 2396 n
863 2349 1003 2401 sunt
1033 2367 1061 2395 ‹‹
1095 2360 1274 2417 super
1293 2345 1492 2416 justos
1518 2366 1545 2393 ››
1567 2361 1671 2416 per
1716 2344 1946 2401 miseri-

301 2438 559 2497 cordiam
584 2455 599 2493 :
629 2439 687 2491 et
713 2434 763 2491 si
794 2434 907 2507 ipsi
954 2432 1177 2505 aliquid
1215 2435 1440 2504 petunt,
1464 2455 1493 2482 «
1528 2448 1699 2488 aures
1729 2434 1880 2506 ejus,
1917 2455 1945 2483 ››

297 2529 355 2585 id
375 2532 486 2595 est,
520 2522 832 2582 clementia
861 2526 920 2579 et
948 2521 1211 2595 potentia
1240 2522 1369 2593 ejus
1399 2524 1537 2576 sunt
1566 2525 1779 2594 paratae
1810 2545 1837 2573 «
1874 2524 1951 2579 ad

297 2632 499 2674 eorum
522 2629 724 2688 preces
756 2635 785 2662 «
817 2610 1233 2667 exaudiendas.

368 2704 653 2761 Dominus
684 2699 920 2758 exaudit
941 2700 1158 2772 justos,
1195 2698 1383 2754 malos
1433 2703 1629 2755 autem
1681 2699 1943 2769 damnat,

294 2798 351 2850 et
378 2794 489 2849 hoc
519 2795 611 2848 est
644 2807 658 2845 :
693 2813 721 2841 ‹‹
742 2788 954 2845 Vultus
981 2790 1178 2843 autem
1209 2786 1506 2857 Domini,»
1536 2787 1595 2842 id
1616 2792 1705 2842 est
1717 2787 1945 2844 vultuo-

293 2883 464 2950 sitas,
528 2878 750 2936 scilicet
799 2877 887 2933 ira
945 2875 1174 2932 Domini
1233 2878 1322 2932 est
1372 2898 1400 2926 ‹‹
1434 2892 1611 2947 super
1667 2875 1946 2932 facientes

291 2970 468 3038 mala,
503 2975 568 3025 ut
587 2967 795 3042 perdat
823 2966 895 3021 de
913 2969 1089 3033 terra,
1121 2986 1150 3014 »
1183 2963 1407 3020 scilicet
1455 2963 1796 3032 viventium,
1829 2981 1944 3021 non

291 3059 487 3117 solum
517 3073 637 3125 eos,
671 3058 774 3113 sed
812 3054 990 3111 etiam
1022 3076 1050 3102 «
1084 3052 1432 3109 memoriam
1472 3068 1696 3107 eorum.
1729 3074 1756 3101 ››
1781 3053 1945 3108 Tunc

295 3149 456 3207 enim
512 3144 764 3218 perditia
798 3144 909 3200 erit
963 3142 1249 3199 memoria
1304 3156 1528 3207 eorum,
1558 3157 1693 3196 cum
1743 3140 1943 3196 nullus

2072 570 2329 641 pessima
2384 576 2493 639 est,
2528 574 2810 630 «animas
2863 579 3059 631 autem
3117 593 3416 634 servorum
3476 595 3719 636 suorum

2072 660 2377 716 redimet»
2433 661 2492 716 id
2532 666 2639 733 est,
2673 665 3005 737 redemptos
3054 683 3157 737 per
3204 668 3553 740 sanguinem
3589 668 3718 726 Filii

2071 748 2321 805 deducet
2367 751 2439 806 ad
2470 750 2648 806 vitam
2676 755 2951 809 aiternam
2983 771 2994 809 :
3032 759 3089 809 et
3118 755 3294 811 vitam
3342 773 3544 811 eorum
3578 773 3720 829 pm-

2069 841 2297 893 sentem
2347 839 2537 908 faciet,
2573 842 2897 898 mundam:
2933 848 2991 898 et
3020 843 3129 900 hoc
3176 850 3267 901 est
3301 869 3321 895 «
3358 862 3474 901 non
3524 844 3715 903 delin-

2069 931 2251 1000 quent
2280 944 2486 985 omnes
2516 930 2616 1002 qui
2650 935 2888 1003 sperant
2916 931 2977 986 in
3009 949 3095 988 eo.
3131 955 3159 983 n

2529 1054 2601 1110 IN
2643 1055 2990 1111 PSALMUM
3029 1056 3265 1113 XXXIV.

2347 1170 2602 1225 Trruws
2636 1186 2649 1225 :
2682 1170 2747 1225 In
2774 1170 2938 1240 ﬁnem
2962 1171 3209 1242 psalmus
3230 1171 3421 1228 David.

2138 1306 2166 1336 (ι
2196 1284 2426 1354 Judica,
2460 1284 2725 1354 Domine,
2760 1289 3034 1343 nocentes
3078 1302 3193 1342 me.
3226 1308 3254 1337 η
3289 1285 3558 1343 Psalmus
3601 1287 3712 1345 iste

2061 1374 2331 1432 convenit
2359 1374 2563 1443 David,
2593 1374 2653 1430 id
2693 1377 2802 1442 est,
2827 1374 3076 1445 Christo,
3108 1374 3365 1449 dirigens
3413 1392 3521 1432 nos
3559 1374 3619 1430 in
3650 1376 3713 1431 fi-

2061 1481 2217 1521 nem.
2251 1462 2506 1519 Intendit
2543 1462 2700 1518 enim
2750 1480 2858 1519 nos
2904 1464 3217 1520 admonere
3248 1464 3319 1519 ad
3352 1463 3708 1536 passionem.

2060 1553 2304 1610 Materia
2330 1556 2420 1609 est
2449 1553 2645 1625 passio
2666 1556 2725 1608 et
2754 1555 3121 1611 resurrectio.
3146 1554 3287 1609 Eam
3319 1554 3408 1609 six
3444 1553 3710 1627 exsequi-

2057 1645 2155 1697 tur
2187 1658 2199 1695 ε
2226 1641 2287 1696 In
2322 1640 2513 1713 prima
2542 1644 2706 1711 parte
2751 1639 2917 1712 ponit
2964 1641 3309 1697 orationem.
3344 1642 3409 1698 In
3453 1643 3712 1698 secunda

2059 1733 2364 1786 enumerat
2393 1728 2727 1802 passionem
2760 1745 2894 1784 cum
2926 1729 3312 1785 exsultatione
3340 1731 3712 1788 resurrectio-

2058 1820 2170 1876 nis.
2206 1819 2266 1875 In
2300 1818 2490 1888 tertia,
2525 1818 2667 1889 quid
2698 1817 2800 1873 illa
2846 1817 3042 1889 passio
3090 1821 3147 1873 et
3193 1818 3541 1875 resurrectio
3582 1820 3707 1875 efﬁ-

2058 1908 2191 1977 ciat,
2226 1908 2379 1964 sicut
2421 1907 2481 1961 in
2528 1906 2757 1979 psalmo
2793 1923 2805 1962 :
2839 1906 3017 1976 Deus,
3050 1906 3203 1962 Deus
3247 1906 3469 1979 respice
3497 1907 3559 1963 in
3591 1925 3705 1977 me,

2057 1998 2395 2072 passionem
2425 2000 2749 2064 enumerat,
2785 1995 2869 2051 sic
2898 1995 2958 2050 in
2989 1996 3102 2052 isto
3137 2013 3149 2052 :
3183 1995 3284 2051 sed
3317 1996 3586 2068 quamvis
3635 1998 3707 2053 de

2056 2089 2261 2145 eodem
2294 2088 2470 2156 dicat,
2502 2089 2701 2142 tamen
2734 2101 2964 2158 semper
2994 2085 3064 2140 de
3094 2085 3297 2141 eadem
3328 2085 3573 2142 materia
3618 2085 3705 2142 di-

2054 2194 2222 2235 versa
2250 2176 2412 2233 dicit.

2126 2268 2192 2324 In
2222 2265 2481 2323 oratione
2507 2280 2685 2337 quam
2717 2263 3022 2336 praeponit,
3046 2266 3173 2320 orat
3202 2263 3313 2319 sibi
3342 2267 3400 2319 et
3428 2262 3706 2334 inimicis,

2055 2361 2179 2414 tam
2230 2353 2657 2421 convertendis,
2710 2369 2887 2425 quam
2946 2370 3062 2409 non
3121 2352 3557 2422 convertendis;
3590 2369 3707 2409 non

2056 2442 2476 2500 convertendos
2524 2441 2820 2496 daemones
2869 2439 3214 2511 accipimus,
3266 2443 3324 2495 et
3379 2438 3708 2497 obstinatos

2053 2530 2542 2602 Judzeos,quibus
2575 2528 2658 2584 sic
2686 2529 3079 2601 imprecetur:
3110 2551 3137 2579 ‹‹
3159 2528 3424 2598 Domine,
3444 2529 3705 2600 judice,»

2055 2622 2115 2677 id
2166 2624 2277 2689 est,
2311 2621 2529 2675 damna
2560 2640 2590 2669 «
2621 2621 2897 2675 nocentes
2924 2634 3040 2685 me,
3073 2639 3103 2669 ››
3136 2617 3196 2672 id
3246 2621 3356 2687 est,
3390 2617 3706 2690 daemones,

2053 2709 2142 2765 vel
2174 2707 2657 2764 inconvertendos
2697 2707 2932 2762 Judzeos
2964 2722 2977 2759 :
3011 2709 3068 2760 et
3108 2705 3269 2777 ipsos
3304 2728 3325 2758 ι
3363 2704 3711 2779 impugnan-

2056 2802 2165 2867 tes,
2219 2819 2246 2848 ‹‹
2278 2813 2393 2853 non
2434 2800 2631 2851 tamen
2673 2797 3075 2867 cxpugnantes
3109 2814 3137 2843 «
3166 2809 3279 2862 me,
3313 2813 3341 2844 »
3371 2796 3436 2849 tu
3470 2815 3499 2846 ‹‹
3529 2810 3707 2866 expu-

2054 2903 2190 2960 gna,
2225 2907 2254 2936 »
2286 2884 2345 2940 id
2391 2888 2481 2939 est
2533 2882 2790 2939 devince.
2823 2880 3154 2954 Expugnati
3198 2884 3366 2937 erant
3412 2881 3473 2937 in
3518 2897 3709 2937 resur-

2055 2974 2307 3031 rectione
2346 2971 2559 3029 Christi
2584 2988 2596 3025 :
2619 2969 2758 3041 quia
2786 2986 2902 3024 non
2944 2971 3261 3041 potuerunt
3289 2984 3425 3024 eum
3456 2966 3707 3025 retinere

2053 3064 2115 3119 in
2146 3061 2520 3130 morte,sicut
2548 3062 2900 3132 putaverunt
2932 3075 2943 3113 :
2977 3061 3034 3113 et
3063 3056 3157 3113 hic
3178 3058 3305 3129 jam
3338 3055 3451 3113 sibi
3500 3056 3707 3130 incipit

2055 3171 2086 3209 0
2092 3169 2219 3209 rare
2227 3193 2239 3207 .

289 3214 637 3297 sanctorum
665 3250 841 3306 super
870 3247 969 3289 eos
1002 3231 1202 3304 aliqua
1224 3231 1323 3304 pia
1343 3230 1571 3287 actione
1595 3230 1941 3287 movebitur.
1972 3214 2017 3283 C
2125 3244 2409 3315 Expugna
2432 3238 2583 3307 dico,
2614 3242 2670 3293 et
2708 3241 2774 3293 ut,
2821 3235 3012 3309 possis
3055 3250 3387 3308 expugnare
3393 3276 3408 3304 ,
3441 3254 3470 3286 α
3500 3246 3705 3307 αρρι-θ-

289 3327 457 3385 Unde
487 3323 635 3381 dixit
659 3322 953 3379 Abraham
987 3337 1002 3376 :
1036 3343 1066 3371 «
1100 3321 1257 3377 Inter
1292 3337 1400 3376 nos
1446 3322 1503 3376 et
1528 3336 1631 3376 vos
1662 3335 1946 3394 magnum

290 3416 472 3474 chaos
501 3414 802 3469 ﬁrmatum
824 3414 916 3466 est
945 3410 1095 3482 (Luc.
1127 3409 1244 3482 xv).
1280 3432 1317 3473 υ,

358 3502 531 3561 Oculi
557 3499 786 3558 Domini
818 3516 996 3571 super
1016 3499 1233 3570 justos.
1266 3497 1338 3553 Et
1370 3497 1440 3553 de
1472 3496 1582 3553 hoc
1628 3514 1949 3569 possumus

291 3610 420 3651 esse
446 3589 663 3657 securi,
684 3588 825 3662 quia
847 3586 1129 3644 Dominus
1153 3586 1447 3643 exaudivit
1467 3587 1690 3658 priores
1721 3591 1945 3659 patres;

293 3688 348 3740 et
376 3683 489 3739 hoc
520 3684 613 3736 est
645 3694 659 3733 :
693 3700 720 3727 «
748 3677 1148 3733 clamaverunt
1168 3675 1318 3747 justi
1351 3679 1411 3732 et
1459 3675 1741 3731 Dominus
1781 3693 1953 3732 exau-

293 3771 438 3833 divit
466 3786 589 3838 eos,
605 3771 665 3825 et
690 3781 763 3822 ex
784 3764 1059 3821 omnibus
1085 3762 1568 3821 tribulationibus
1593 3780 1795 3821 eorum
1814 3764 1953 3822 libe-

295 3858 439 3917 ravit
458 3875 583 3916 eos.
617 3879 647 3907 ››

364 3948 434 4004 Et
460 3946 619 4003 sicut
641 3944 909 4001 liberavit
927 3958 1046 4010 eos,
1063 3942 1149 3997 sic
1171 3964 1199 3991 ‹‹
1219 3944 1309 3997 est
1332 3962 1361 3991 »
1386 3941 1559 3997 modo
1581 3941 1813 4013 «juxta,
1834 3964 1861 3991 ››
1893 3942 1951 3997 id

300 4041 405 4105 est,
434 4034 732 4107 benignus
752 4031 848 4088 his
869 4031 970 4103 qui
991 4029 1271 4086 tribulato
1294 4034 1433 4085 sunt
1462 4030 1656 4099 corde,
1680 4052 1708 4079 »
1733 4030 1955 4087 scilicet

299 4122 752 4198 compunctione
780 4124 1192 4192 peccatorum:
1217 4122 1275 4174 et
1292 4118 1418 4191 ipse
1450 4141 1479 4168 «
1504 4117 1752 4174 salvabit
1768 4118 1957 4175 humi-

296 4213 380 4271 les
407 4211 648 4286 spiritu,
684 4233 713 4259 »
743 4209 802 4265 id
833 4213 943 4276 est,
974 4207 1107 4264 illos
1140 4206 1239 4279 qui
1272 4206 1420 4261 nihil
1453 4210 1726 4278 reputant
1770 4224 1840 4264 ex
1869 4225 1955 4279 se,

296 4304 397 4361 sed
428 4319 500 4359 ex
531 4300 661 4358 solo
696 4300 806 4355 Deo
839 4296 1056 4353 omnia.

368 4392 508 4449 Dico
536 4386 789 4447 salvabit
817 4402 936 4453 eos,
962 4385 1065 4441 sed
1113 4388 1310 4439 tamen
1356 4387 1665 4438 remanent
1695 4406 1722 4433 ‹‹
1759 4385 1956 4441 multas

294 4477 712 4537 tribulationes
727 4477 1029 4549 justorum
1055 4490 1068 4528 :
1098 4495 1125 4523 ››
1142 4473 1442 4544 justorum
1466 4472 1622 4527 enim
1654 4473 1957 4546 proprium

2056 3317 2246 3388 hende
2275 3345 2440 3386 arma
2467 3331 2524 3383 et
2548 3331 2804 3391 scutum,
2834 3346 2861 3376 »
2896 3324 2955 3379 id
2988 3327 3096 3395 est,
3129 3322 3229 3396 qui
3274 3326 3407 3379 ante
3456 3320 3705 3392 occulte,

2057 3421 2230 3478 modo
2251 3419 2546 3475 evidenter
2566 3431 2802 3487 operare
2824 3414 2883 3469 in
2905 3430 3000 3469 me
3021 3429 3204 3481 arma,
3230 3412 3447 3485 quibus
3486 3410 3709 3484 possim

2056 3510 2330 3565 inimicos
2351 3505 2651 3562 devincere
2686 3521 2698 3559 :
2734 3508 2791 3559 et
2821 3506 3077 3570 scutum,
3112 3519 3225 3574 quo
3266 3517 3359 3557 me
3404 3499 3704 3555 defendas.

2059 3600 2189 3655 Haec
2219 3599 2415 3652 autem
2450 3611 2615 3649 arma
2642 3597 2699 3648 et
2728 3596 2963 3647 scutum
3012 3594 3152 3646 sunt
3196 3588 3467 3644 voluntas
3496 3587 3618 3658 Dei,
3652 3591 3711 3644 et

2059 3692 2124 3744 tu
2154 3686 2255 3759 qui
2287 3683 2600 3756 aliquando
2625 3680 2841 3735 videris
2873 3680 3163 3746 sedisse,«
3195 3693 3440 3749 exsurge
3462 3698 3490 3726 η
3525 3674 3711 3731 mani-

2062 3778 2205 3833 feste
2240 3795 2269 3825 ‹‹
2298 3774 2357 3828 in
2391 3769 2750 3844 adjutorium
2782 3767 2949 3834 mihi,
2984 3788 3011 3815 »
3045 3765 3104 3820 id
3145 3770 3234 3821 est
3276 3766 3369 3833 ad,
3395 3779 3708 3836 coeperan-

2062 3866 2204 3921 dum
2237 3862 2403 3919 mihi.

2133 3954 2391 4024 Exsurge
2408 3948 2536 4004 dico
2559 3947 2629 4001 ad
2651 3944 3079 4016 cooperandum
3108 3941 3274 4007 mihi,
3289 3944 3346 3997 et
3374 3963 3402 3991 ι(
3424 3940 3712 4009 effunde,»

2064 4044 2120 4098 id
2153 4038 2513 4110 est,notiiica
2534 4035 2754 4089 mundo
2778 4056 2803 4083 ‹‹
2834 4033 3136 4098 frameam,
3166 4053 3195 4081 »
3229 4030 3284 4085 id
3320 4033 3430 4098 est,
3455 4028 3714 4084 animam

2064 4147 2279 4197 meam,
2328 4144 2445 4199 qua
2486 4130 2550 4179 tu
2588 4121 2888 4178 diabolum
2938 4119 3222 4188 devicisti,
3260 4140 3288 4170 ι(
3327 4122 3385 4175 et
3437 4116 3718 4174 concludo

2065 4217 2357 4283 inimicos,
2371 4231 2443 4270 ne
2475 4227 2688 4269 nomen
2720 4227 2923 4267 eorum
2956 4208 3238 4265 dilatetur
3270 4224 3283 4262 :
3318 4206 3476 4280 quod
3506 4206 3713 4275 facere,

2065 4308 2176 4367 erit
2210 4306 2546 4361 «adversus
2603 4318 2701 4357 eos
2747 4299 2845 4371 qui
2897 4315 2990 4353 me
3041 4299 3492 4370 persequuntur.
3520 4316 3549 4345 »
3600 4292 3717 4366 Ipsi

2067 4397 2223 4455 enim
2255 4410 2467 4451 nomen
2500 4406 2696 4445 meum
2719 4387 2921 4443 volunt
2952 4386 3318 4453 concludere,
3355 4388 3413 4440 et
3444 4399 3618 4440 suum
3637 4381 3719 4437 di-

2067 4488 2270 4543 latare.
2303 4482 2468 4549 Quod
2500 4497 2603 4552 per
2633 4476 2867 4550 singula
2886 4479 3089 4548 petant
3123 4475 3259 4529 «dic
3282 4473 3489 4528 animos
3513 4487 3653 4527 mea:
3686 4491 3714 4520 »

297 4574 363 4625 ut
386 4566 772 4635 tribulentur,
806 4568 864 4620 et
892 4586 920 4613 «
956 4564 1027 4618 de
1072 4562 1166 4617 his
1216 4560 1491 4616 omnibus
1536 4559 1811 4618 liberabit
1856 4580 1953 4619 eos

2069 4580 2121 4633 in
2152 4576 2282 4647 ipsa
2309 4568 2650 4642 impletione
2682 4565 2762 4622 rei
2796 4582 2809 4620 :
2849 4586 2877 4615 «
2897 4565 3015 4636 Ego
3039 4579 3171 4619 sum
3212 4560 3372 4618 salus
3414 4564 3512 4617 tua
3538 4580 3565 4609 »
3592 4575 3717 4615 om-

299 4655 586 4715 Dominus
620 4678 651 4705 ››
684 4670 819 4710 cum
853 4654 1027 4708 ducet
1056 4666 1155 4707 eos
1183 4649 1243 4704 in
1266 4664 1511 4721 regnum
1543 4666 1739 4705 suum.

367 4745 635 4803 Tandem
666 4739 942 4799 liberabit
968 4756 1067 4796 eos
1101 4739 1404 4807 Dominus,
1428 4740 1485 4793 et
1514 4737 1747 4794 interim
1770 4763 1797 4789 ‹‹
1833 4757 1959 4797 cus-

296 4834 448 4890 todit
475 4832 683 4889 omnia
730 4847 882 4898 ossa,
921 4851 949 4879 »
982 4828 1041 4884 id
1073 4831 1183 4895 est,
1217 4842 1421 4883 omnes
1465 4825 1708 4883 virtutes
1745 4832 1802 4884 et
1843 4829 1957 4885 for-

298 4921 590 4979 titudines
622 4942 653 4970 ‹‹
687 4935 915 4988 eorum,
949 4941 976 4967 ››
1011 4920 1068 4974 et
1097 4916 1253 4988 quod
1283 4913 1515 4970 nullum
1564 4915 1848 4972 damnum
1889 4920 1960 4976 de

297 5010 623 5067 virtutibus
654 5007 781 5063 suis
826 5007 985 5081 passi
1035 5010 1206 5073 sunt;
1237 5008 1295 5061 et
1323 5003 1432 5059 hoc
1465 5008 1592 5060 :est
1617 5028 1644 5055 ‹‹
1678 5022 1862 5061 unum
1893 5025 1960 5063 ex

299 5098 398 5155 his
426 5115 548 5155 non
598 5100 953 5165 conteretur,
991 5119 1018 5171 g»
1052 5095 1191 5168 quia
1219 5091 1501 5149 Dominus
1533 5110 1647 5149 non
1678 5093 1834 5151 sinet
1861 5113 1960 5154 eos

301 5187 575 5244 deficere.

375 5275 482 5331 Isti
512 5291 630 5331 non
664 5277 1060 5330 conterentur.
1096 5296 1123 5323 ‹‹
1158 5274 1314 5329 Mors
1346 5274 1543 5328 autem
1588 5277 1960 5344 peccatorum

299 5362 590 5438 pessima,
627 5384 656 5412 ››
688 5379 806 5435 qua
850 5361 1216 5429 imminente,
1251 5363 1583 5433 peccatores
1632 5361 1963 5421 damnatio-

300 5469 443 5509 nem
477 5457 757 5508 azternam
788 5452 1114 5518 incurrunt,
1129 5453 1186 5505 et
1212 5450 1390 5504 vitam
1420 5448 1827 5520 turpissimam
1861 5470 1873 5507 :
1907 5459 1965 5511 et

296 5542 419 5598 hoc
440 5546 551 5609 est,
586 5541 742 5613 quod
774 5564 802 5591 «
835 5541 935 5613 qui
989 5541 1241 5596 oderunt
1271 5538 1501 5609 justum
1539 5557 1566 5583 »
1600 5537 1820 5595 scilicet
1849 5540 1959 5614 ipsi

297 5633 647 5702 peccatores
680 5652 707 5678 «
740 5628 1139 5701 delinquont,»
1169 5626 1229 5682 id
1259 5630 1349 5682 est
1375 5624 1838 5697 peccabunt.Hic
1859 5648 1962 5704 pro

2066 4664 2327 4724 nimoda.

2138 4754 2243 4811 Hic
2302 4745 2509 4818 incipit
2567 4760 2731 4800 orare
2788 4743 2859 4798 de
2920 4740 3295 4797 conversione
3342 4737 3717 4796 inimicorum

2069 4860 2216 4917 quos
2247 4836 2590 4913 praeviderat
2620 4832 3060 4889 convertendos.
3093 4830 3339 4886 Eil‘unde
3385 4830 3667 4885 frameam
3702 4843 3715 4883 :

2071 4956 2099 4984 «
2131 4929 2454 5005 quaerentes
2485 4923 2743 4978 animam
2778 4920 3456 4990 meam,confundantur,
3476 4939 3503 4967 ››
3528 4917 3585 4970 id
3608 4918 3715 4983 est,

2067 5002 2322 5077 habeant
2350 5010 2813 5069 erubescentiam
2847 5011 2915 5066 de
2950 5011 3201 5082 peccatis
3233 5007 3376 5072 suis,
3409 5010 3466 5060 et
3508 5002 3719 5059 deinde

2071 5131 2099 5162 «
2125 5107 2519 5169 revercantur,
2558 5101 2614 5156 id
2647 5105 2757 5169 est,
2792 5101 3039 5155 timeant
3068 5116 3159 5155 me
3191 5103 3245 5153 et
3275 5097 3580 5151 honorent.

2139 5197 2211 5253 Et
2227 5211 2343 5251 non
2366 5191 2558 5249 solum
2581 5192 2908 5262 quaerentes
2929 5192 3094 5243 actus
3116 5186 3373 5241 animam
3396 5181 3719 5250 meam,sed

2072 5286 2248 5343 etiam
2271 5306 2298 5335 ‹‹
2334 5281 2659 5354 cogitantes
2714 5277 2857 5331 mihi
2910 5275 3086 5342 mala,
3122 5297 3147 5323 ››
3196 5272 3418 5338 scilicet
3475 5286 3720 5327 consen-

2069 5375 2283 5430 tientes
2315 5368 2685 5434 facientibus,
2722 5390 2747 5413 ‹‹
2782 5367 3120 5419 avertantur
3152 5385 3179 5411 »
3212 5380 3244 5418 a
3271 5361 3364 5417 via
3394 5379 3502 5417 sua
3544 5358 3722 5433 mala,

2070 5464 2154 5518 ita
2184 5466 2248 5517 ut
2278 5461 2399 5516 sint
2434 5480 2461 5508 α
2493 5459 2835 5519 retrorsum,
2871 5474 2898 5501 n
2936 5452 2990 5506 id
3027 5456 3133 5521 est,
3170 5456 3493 5524 sequantur
3520 5468 3614 5506 me
3667 5452 3727 5505 et

2073 5553 2157 5609 sic
2188 5549 2374 5606 aversi
2409 5571 2434 5595 ‹‹
2473 5542 2932 5610 confundantur,
2956 5565 2983 5591 »
3022 5541 3077 5596 id
3112 5545 3219 5610 est,
3254 5541 3603 5598 erubescant
3653 5538 3726 5594 de

2073 5638 2324 5713 peccatis
2383 5633 2505 5689 suis
2563 5629 2869 5703 prmteritis
2910 5650 2921 5687 :
2958 5649 3083 5704 qua:
3144 5631 3428 5688 memoria
3476 5629 3586 5685 erit
3639 5625 3724 5683 eis
