4070 6180
381 281 494 362 βυ

785 276 1192 339 HAYMONIS
1234 273 1771 336 HALBERSTAT.
1806 272 2252 371 EPISC.:OPP.
2285 272 2516 333 PARS.
2549 273 2596 331 Ι.
2629 306 2706 315 -
2737 271 3142 333 COMMENT.
3181 269 3383 331 BIBL.

3663 273 3786 334 812

378 412 648 469 custodia
674 411 981 467 virtutum.
1014 411 1083 464 Et
1113 408 1276 481 ponit
1306 425 1408 480 per
1456 407 1612 479 quod
1661 405 1889 480 possint
1936 423 2023 463 re-
2047 407 2105 474 Α
2135 405 2441 474 scilicet,et
2463 428 2490 454 «
2515 405 2793 478 quoniam
2810 403 3575 476 exprobraveruntanimam
3598 419 3786 466 meum

376 504 636 557 trorsum
667 499 867 567 averti,
889 498 1090 553 dicens
1115 512 1127 550 :
1155 519 1181 545 «
1205 496 1348 551 ﬁant
1378 499 1657 566 tanquam
1692 494 1881 566 pulvis
1900 500 2032 550 ante
2055 505 2062 511 ‘

377 590 584 646 faciem
613 588 786 646 venti.
826 610 853 637 ››
878 588 985 642 Per
1011 589 1252 642 ventum
1287 585 1473 640 sancti
1523 585 1776 657 Spiritus
1825 584 2035 657 impul-

376 679 603 738 sionem
634 675 978 748 accipimus,
1009 678 1066 730 et
1096 677 1223 730 orat
1253 674 1407 746 quod
1439 674 1592 728 sicut
1622 672 1815 745 pulvis
1859 677 2032 729 vento

377 764 662 840 materiali
697 783 730 819 a
761 765 915 821 terra
941 763 1205 836 erigitur,
1239 763 1323 818 ita
1354 763 1450 816 isti
1493 763 1715 834 Spiritu
1767 767 1967 817 sancto
2002 780 2036 817 a

377 854 624 911 terrenis
655 855 727 910 ad
758 870 1016 909 amorem
1042 851 1367 908 coelestium
1391 851 1687 907 eleventur
1721 869 1732 906 :
1771 856 1828 907 et
1851 852 1897 906 si
1922 851 2034 924 ipsi

378 961 495 1000 non
544 944 877 1000 assentiunt
934 941 1197 1014 Spiritui,
1251 940 1328 996 sit
1379 962 1407 990 «
1439 940 1682 1011 angelus
1740 940 2032 995 Domini»

379 1032 499 1089 sive
548 1032 738 1088 malus
791 1032 911 1088 sive
969 1030 1160 1086 bonus
1196 1051 1223 1080 ‹‹
1255 1032 1558 1085 coarctans
1606 1045 1723 1096 eos,
1753 1051 1778 1077 ››
1812 1029 1869 1082 id
1922 1032 2030 1096 est,

379 1137 652 1178 coercens
699 1121 771 1176 ad
821 1119 1278 1186 conversionem,
1308 1117 1427 1173 sive
1477 1133 1579 1189 per
1625 1133 1880 1188 poenam,
1916 1116 2034 1172 sive

379 1228 482 1288 per
527 1207 951 1275 inﬁrmitatem,
987 1207 1106 1262 sive
1145 1206 1406 1278 quolibet
1457 1205 1570 1261 alio
1602 1206 1794 1260 modo.
1830 1205 1893 1261 In
1924 1204 2034 1261 hoc

375 1315 548 1368 versu
582 1299 697 1354 duo
729 1313 943 1366 genera
971 1295 1347 1352 correctionis
1380 1298 1676 1364 notamus,
1709 1310 1893 1350 unum
1935 1311 2031 1350 vo-

376 1386 722 1456 luntarium,
759 1386 918 1442 aliud
952 1390 1244 1442 eoactum.

385 1471 387 1474 ’
453 1500 480 1527 ‹‹
514 1477 585 1532 Et
614 1477 716 1544 ﬁat
743 1476 838 1532 via
866 1475 1124 1542 illorum,
1143 1496 1170 1522 »
1203 1473 1261 1529 id
1290 1477 1397 1541 est,
1427 1473 1582 1529 mala
1611 1490 1787 1546 opera
1807 1489 2030 1541 eorum,

379 1583 506 1640 quas
537 1556 698 1639 prius
729 1566 811 1621 eis
843 1564 1038 1620 lucida
1066 1563 1438 1630 videbantur,
1472 1563 1782 1618 videantur
1817 1584 1843 1612 «
1873 1567 2034 1618 tene-

379 1655 516 1724 brae,
555 1678 580 1704 »
612 1655 669 1710 id
703 1659 810 1722 θεῖ,
842 1653 1174 1721 tenebrosa,
1211 1657 1276 1707 ut
1305 1651 1554 1707 ulterius
1588 1652 1838 1707 timeant
1886 1651 2036 1708 ince-

380 1745 514 1813 dere
539 1761 642 1816 per
664 1760 732 1799 ea
753 1743 905 1799 sicut
933 1758 1037 1815 per
1066 1741 1339 1798 tenebras
1365 1758 1376 1796 :
1407 1744 1462 1801 et
1484 1741 1686 1797 eadem
1719 1741 1776 1795 in
1809 1759 1925 1813 qua
1972 1757 2034 1797 se

379 1831 543 1906 prius
569 1824 818 1898 firmiter
838 1835 994 1887 stare
1015 1832 1301 1904 putabant
1322 1830 1424 1885 ﬁat
1443 1829 1526 1885 eis
1551 1853 1576 1880 ‹‹
1601 1829 1952 1898 lubricum,»
1976 1830 2032 1885 id

380 1917 486 1992 est,
503 1920 816 1990 lubricosa,
831 1923 896 1976 ut
924 1907 1574 1992 intelligant'neminem
1597 1918 1843 1973 ﬁrmiter
1861 1935 2034 1991 posse

378 2015 567 2078 stare:
597 2010 644 2066 si
669 2010 779 2066 hoc
801 2009 1008 2065 nolunt
1024 2024 1406 2081 cognoscere;
1444 2029 1471 2058 α
1490 2007 1733 2079 angelus
1746 2006 1979 2062 Domini
2003 2029 2030 2056 »

377 2097 455 2154 sit
477 2120 505 2149 ‹‹
536 2115 892 2170 persequens
922 2114 1020 2152 eos
1053 2119 1080 2145 »
1129 2112 1478 2168 quacunque
1521 2095 1895 2167 impulsione.
1930 2095 2032 2151 Hic

379 2204 610 2259 quoque
639 2190 919 2243 notantur
950 2187 1064 2253 duo
1096 2200 1310 2257 genera
1341 2185 1733 2241 correctionis.

450 2277 520 2332 Et
542 2299 570 2325 «
590 2275 866 2348 quoniam
887 2273 1320 2330 absconderunt
1343 2272 1487 2327 mihi
1512 2272 1814 2328 interitum
1839 2272 2029 2345 laquei

379 2388 409 2415 «
443 2364 557 2433 sui,
594 2386 622 2413 ››
653 2363 712 2418 id
754 2366 861 2431 est,
895 2361 1153 2418 occultos
1192 2361 1432 2433 laqueos
1485 2365 1832 2434 paraverunt
1862 2361 2026 2431 mihi,

379 2453 478 2526 qui
499 2452 745 2525 laqueus
766 2457 890 2508 erat
912 2468 1091 2507 causa
1113 2450 1383 2505 interitus
1409 2466 1422 2505 :
1449 2450 1880 2507 absconderunt
1901 2452 2029 2507 dico

381 2542 695 2615 «gratis,»
736 2541 794 2596 id
856 2545 964 2606 est,
997 2539 1123 2596 sine
1184 2539 1392 2595 merito
1452 2556 1578 2594 meo
1638 2544 1694 2594 et
1751 2540 2027 2612 quoniam

378 2653 406 2680 «
441 2630 936 2703 exprobraverunt
981 2626 1240 2683 animam
1295 2644 1487 2683 meam
1520 2650 1547 2678 «
1572 2627 1830 2684 dicentes
1864 2645 1877 2682 :
1911 2629 2030 2684 Dae-

377 2718 642 2776 monium
676 2717 857 2784 habes
897 2721 954 2773 et
1002 2715 1221 2772 similia
1253 2733 1266 2772 :
1300 2721 1356 2772 et
1386 2717 1494 2772 hoc
1525 2739 1553 2766 ‹‹
1588 2734 1961 2789 supervacue.
1999 2739 2026 2767 »

375 2808 440 2864 In
492 2807 602 2864 hoc
651 2807 890 2880 quidem
937 2823 1136 2874 vacuo,
1173 2806 1314 2878 quia
1363 2822 1478 2860 non
1521 2810 1644 2861 erat
1684 2807 1838 2878 quod
1873 2807 2026 2862 dice-

373 2897 518 2953 bant
547 2885 562 2952 ἐ
597 2895 656 2952 in
686 2896 795 2953 hoc
826 2913 1203 2969 supervacue,
1239 2895 1376 2969 quia
1408 2894 1691 2952 immunis
1722 2912 1756 2951 a
1793 2901 2027 2969 peccato

375 2985 557 3043 Filius
587 2987 688 3050 Dei
719 2990 862 3042 erat.
1534 2996 1536 2998 ’

443 3077 515 3131 Εῖ
545 3067 826 3147 queniam
869 3074 977 3129 hoc
1028 3076 1307 3140 fecerunt,
1341 3073 1578 3128 veniant
1625 3073 1708 3129 eis
1760 3090 1863 3145 pro
1912 3075 2029 3130 illis

2143 511 2518 567 supervacue,
2548 517 2573 542 »
2605 496 2670 548 ut
2699 510 2877 565 supra
2907 516 2934 542 ‹‹
2965 491 3159 548 veniat
3206 490 3291 546 illi
3324 514 3352 540 ››
3384 491 3600 565 populo
3649 516 3675 543 ‹‹
3697 493 3790 552 la-

2143 600 2353 656 queus,
2388 606 2414 631 »
2477 583 2534 637 id
2583 587 2692 652 est,
2738 584 2976 653 paretur
3031 580 3114 638 eis
3172 579 3400 636 occulta
3450 581 3789 651 destructio,

2143 695 2170 723 «
2207 689 2381 744 quem
2413 671 2663 744 ignorat,
2701 694 2726 719 ››
2761 671 2820 726 id
2854 675 2962 739 est,
2997 687 3174 745 quem
3206 671 3330 742 ipse
3381 669 3623 742 nesciat,
3643 670 3796 728 sicut

2144 760 2500 833 completum
2525 761 2693 816 estin
2717 760 2940 815 occulto
2967 760 3360 816 destructione
3385 777 3489 831 per
3509 759 3709 816 Titum
3739 767 3796 820 et

2141 850 2567 922 Vespasianum
2603 867 2615 905 :
2650 854 2708 905 et
2738 867 2855 906 non
2895 853 3128 905 tantum
3177 852 3436 922 paretur,
3467 849 3569 904 sed
3616 849 3793 910 etiam

2142 939 2318 995 habet
2347 938 2666 995 efﬁcaciam
2689 938 2747 992 in
2773 939 2858 994 eis
2883 956 2894 994 :
2920 943 2976 994 et
3004 938 3113 994 hoc
3135 941 3226 995 est
3255 961 3281 987 ‹‹
3307 938 3477 994 cadat
3501 961 3528 986 ››
3541 937 3795 1012 populus

2144 1051 2172 1078 «
2208 1029 2266 1083 in
2295 1028 2571 1101 laqueum
2604 1028 2800 1100 ipsum
2838 1050 2864 1076 »
2895 1032 2960 1083 ut
2981 1043 3162 1100 supra
3191 1016 3518 1101 expositum
3549 1032 3662 1088 est.
3693 1028 3796 1085 Vel

2142 1116 2298 1173 idem
2328 1122 2417 1173 est
2445 1117 2504 1172 in
2536 1116 2857 1190 laqueo,vel
2876 1118 3043 1173 cadat
3065 1116 3124 1172 in
3145 1115 3420 1189 laqueum
3447 1140 3472 1166 ‹‹
3499 1116 3561 1174 in
3593 1116 3744 1189 ipso,
3772 1141 3797 1167 »

2144 1206 2201 1262 id
2234 1211 2340 1275 est,
2368 1207 2496 1279 ipsa
2525 1205 2984 1276 machinatione;
3015 1229 3041 1256 ‹‹
3067 1211 3125 1262 θῖ
3146 1206 3336 1278 captio
3358 1223 3534 1279 quam
3559 1207 3801 1266 abscon-

2144 1297 2230 1353 dit
2263 1295 2662 1371 apprehendat
2691 1313 2846 1365 eum,
2875 1319 2902 1345 »
2926 1294 3147 1351 scilicet
3196 1294 3299 1351 illa
3342 1293 3430 1352 vis
3471 1312 3654 1374 quam
3688 1296 3799 1370 ipsi

2143 1389 2495 1458 paraverunt
2526 1385 2794 1456 Domino,
2830 1385 2908 1441 sit
2938 1401 3118 1441 causa
3147 1401 3326 1457 quare
3350 1383 3464 1460 ipsi
3485 1375 3800 1444 deStruan-

2141 1479 2239 1529 tur
2270 1474 2666 1547 corporaliter.

2215 1563 2318 1619 Hic
2341 1562 2547 1636 incipit
2570 1563 2828 1619 secunda
2843 1561 3127 1636 pars.Illis
3149 1562 3234 1618 ita
3253 1562 3477 1639 eveniet
3500 1579 3513 1618 :
3542 1585 3571 1629 ς(
3600 1563 3804 1622 anima

2144 1657 2340 1709 autem
2366 1671 2496 1709 mea
2517 1651 2909 1709 exsultabitin
2930 1651 3177 1708 Domino
3203 1674 3231 1701 »
3253 1655 3309 1707 et
3339 1651 3462 1708 hac
3485 1651 3801 1720 exsultatio

2145 1741 2256 1798 fuit
2285 1742 2344 1797 in
2378 1742 2648 1815 passione
2680 1759 2814 1815 spes
2843 1740 3285 1798 resurrectionis
3309 1757 3322 1796 :
3357 1763 3384 1790 ‹‹
3409 1744 3467 1798 θῖ
3489 1741 3803 1799 delectabi-

2144 1836 2240 1894 tur
2265 1855 2290 1880 »
2315 1831 2373 1886 in
2405 1831 2534 1904 ipsa
2564 1831 2986 1887 resurrectione
3013 1854 3039 1882 «
3065 1847 3243 1903 super
3269 1828 3514 1890 salutari
3545 1847 3724 1898 suo,»
3749 1831 3802 1906 id

2143 1925 2250 1991 est,
2285 1921 2356 1976 de
2394 1919 2732 1988 salvatione,
2769 1919 2857 1975 vel
2888 1919 3190 1975 divinitate
3221 1919 3334 1976 sibi
3364 1918 3552 1976 unita.

2212 2011 2281 2064 Et
2313 2013 2450 2065 tunc
2480 2033 2508 2060 «
2542 2009 2736 2065 dicent
2768 2031 2796 2058 »
2827 2009 2887 2064 in
2918 2025 2978 2068 re
3009 2009 3138 2082 ipsa
3168 2032 3196 2059 ‹‹
3229 2007 3427 2080 omnia
3452 2025 3591 2067 ossa
3610 2026 3803 2080 mea,»

2141 2098 2200 2153 id
2221 2097 2790 2167 est,omnesvirtutes
2803 2115 2943 2154 mea:
2959 2115 2972 2153 ε
2991 2119 3018 2147 ‹‹
3033 2097 3076 2153 0
3099 2096 3345 2153 Domine
3367 2119 3396 2146 »
3419 2097 3520 2169 qui
3544 2116 3610 2154 es
3630 2123 3660 2148 ‹‹
3689 2098 3804 2160 eri-

2141 2188 2308 2260 piens
2335 2211 2367 2236 »
2399 2205 2502 2260 per
2518 2189 2837 2259 quamdam
2857 2185 3196 2244 violentiam
3221 2209 3248 2236 ι(
3273 2186 3527 2258 inopem,
3551 2210 3580 2235 υ
3608 2187 3673 2243 id
3697 2193 3804 2256 est,

2139 2293 2326 2350 genus
2357 2277 2684 2332 humanum
2710 2299 2737 2328 (ι
2759 2277 2831 2332 de
2850 2293 3031 2334 manu
3050 2275 3357 2332 fortiorum
3381 2275 3509 2348 ejus
3529 2298 3558 2327 ››
3585 2274 3806 2350 inopis,

2140 2365 2198 2420 id
2244 2370 2350 2433 est,
2385 2366 2456 2420 de
2504 2383 2686 2422 manu
2735 2365 3039 2420 fortiorum
3084 2363 3451 2420 diabolorum
3487 2380 3500 2419 :
3535 2368 3595 2420 et
3622 2366 3808 2424 etiam

2139 2452 2390 2526 eripiens
2421 2477 2447 2502 ‹‹
2479 2470 2728 2526 egenum
2752 2457 2810 2508 et
2836 2469 3174 2526 pauperem,
3199 2475 3226 2502 »
3253 2451 3313 2508 id
3336 2452 3805 2524 est,humanum

2136 2559 2323 2614 genus
2358 2565 2384 2592 «
2422 2561 2456 2597 a
2489 2542 2902 2614 diripientibus
2935 2558 3093 2611 eum,
3129 2563 3157 2592 ››
3190 2541 3248 2598 id
3292 2546 3400 2611 est,
3433 2559 3469 2598 a
3499 2543 3801 2608 ministris

2139 2631 2503 2688 diabolorum
2531 2631 2632 2704 qui
2654 2648 2721 2687 ex
2742 2635 3029 2704 praecepto
3060 2630 3346 2687 diabolica
3373 2647 3560 2703 genus
3584 2631 3804 2690 huma-

2138 2737 2279 2775 num
2312 2721 2383 2776 ad
2435 2721 2662 2776 diversa
2703 2723 2942 2793 peccata
2989 2718 3294 2793 diripiunt,
3327 2742 3356 2769 ‹‹
3392 2719 3524 2797 quis
3580 2721 3805 2788 similis

2136 2809 2266 2866 tui?
2291 2832 2317 2858 »
2355 2810 2526 2881 Inops
2574 2807 2788 2864 dicitur
2834 2808 3165 2884 humanum
3222 2824 3430 2882 genus,
3465 2809 3803 2884 secundum

2137 2898 2247 2955 hoc
2278 2899 2433 2972 quod
2473 2902 2596 2954 erat
2645 2896 2922 2970 passibile
2951 2901 3008 2952 et
3038 2896 3280 2960 mortale
3329 2900 3386 2953 et
3435 2896 3494 2954 in
3525 2897 3796 2956 dominio

2139 2988 2352 3045 diaboli
2387 2992 2510 3043 erat
2533 3005 2546 3042 :
2571 3003 2818 3059 egenum
2841 2987 3166 3043 secundum
3188 2986 3298 3042 hoc
3319 2987 3476 3059 quod
3495 2985 3655 3043 sicut
3702 2987 3798 3045 ille

2138 3093 2356 3149 egenus
2387 3081 2493 3145 est,
2514 3076 2615 3148 qui
2645 3076 2862 3132 victum
2890 3093 3066 3132 suum
3083 3092 3219 3132 cum
3240 3075 3438 3132 labore
3464 3075 3798 3148 quaerit,sic

374 3163 546 3218 malis
601 3163 774 3229 bona,
808 3167 867 3216 et
913 3161 1022 3217 hoc
1068 3165 1157 3217 est
1187 3184 1213 3210 «
1248 3161 1460 3228 veniat,
1498 3183 1525 3208 »
1557 3161 1615 3215 id
1647 3166 1753 3230 est,
1787 3167 2024 3233 paretur
2133 3164 2329 3237 ipsum
2361 3182 2592 3238 quoque
2623 3164 2830 3238 quaerit
2858 3163 3117 3237 aliquam
3139 3165 3534 3237 cognitionem
3568 3165 3638 3222 de
3676 3165 3798 3233 Deo

376 3273 403 3300 ‹‹
433 3247 515 3304 illi
543 3271 570 3299 »
605 3249 819 3321 populo
851 3271 879 3298 ‹‹
914 3247 1182 3320 laqueus,
1221 3270 1248 3295 ››
1280 3247 1338 3300 id
1367 3247 1753 3314 est,doctrina
1779 3249 2026 3320 quailla—

375 3340 621 3407 queetur
651 3358 678 3386 «
715 3351 887 3408 quem
922 3335 1169 3407 ignorat,
1206 3357 1234 3382 ››
1266 3333 1323 3387 id
1353 3340 1460 3401 est,
1497 3335 1649 3389 sicut
1679 3335 1821 3389 mihi
1853 3336 2024 3408 igno-

375 3427 570 3479 ranter
600 3426 948 3497 paraverunt
981 3422 1280 3494 laqueum,
1315 3422 1398 3477 sic
1447 3421 1563 3476 illis
1612 3422 2021 3494 ignorantibus

373 3503 611 3586 paretur
635 3529 646 3568 :
673 3516 730 3568 et
759 3527 872 3565 non
906 3514 1139 3565 tantum
1164 3512 1402 3582 paretur
1431 3509 1694 3582 laqueus,
1720 3513 1818 3567 sed
1843 3514 2020 3571 etiam

372 3623 398 3650 ‹‹
426 3600 646 3655 cadat»
675 3597 927 3674 populus
959 3596 1052 3654 ille
1084 3598 1142 3652 in
1176 3597 1476 3670 laqueum,
1511 3599 1568 3653 id
1600 3605 1706 3669 est,
1742 3600 1868 3673 ipsa
1919 3604 2020 3658 do-

370 3690 558 3746 ctrina
587 3691 791 3747 efﬁcax
814 3689 889 3745 sit
920 3689 976 3744 in
1005 3687 1088 3746 eis
1123 3705 1134 3745 :
1170 3689 1250 3744 ita
1282 3688 1408 3744 dico
1440 3689 1499 3744 in
1543 3689 1840 3762 laqueum,
1862 3694 2019 3764 quod

371 3779 398 3830 ‹’‹
428 3780 490 3834 in
522 3780 802 3854 idipsum,
830 3802 857 3831 »
880 3779 936 3835 id
961 3776 1333 3850 est,laqueus
1356 3778 1464 3834 iste
1487 3778 1564 3834 sit
1585 3779 1792 3851 laqueo
1810 3780 2019 3837 similis

368 3886 543 3942 quem
574 3872 941 3943 paraverunt,
966 3871 1030 3922 ut
1059 3868 1211 3923 sicut
1241 3868 1449 3940 laqueo
1481 3884 1587 3924 suo
1637 3885 1729 3924 me
1776 3887 2018 3942 prorsus

368 3960 615 4032 retinere
637 3958 968 4024 voluerunt,
1001 3956 1082 4012 ita
1115 3957 1226 4012 ista
1258 3957 1466 4030 laqueo
1497 3957 1609 4013 isto
1635 3958 2014 4016 retineantur.

368 4046 427 4106 Si
477 4046 782 4112 habeatur,
817 4043 876 4099 in
931 4044 1139 4117 laqueo
1192 4046 1339 4118 ipso,
1372 4047 1528 4104 idem
1578 4047 1709 4104 erit.
1743 4048 1881 4105 Dico
1940 4048 2017 4105 1a-

365 4151 552 4211 queus
583 4133 982 4206 apprehendat
1010 4152 1130 4203 eos,
1161 4158 1187 4184 ‹‹
1222 4139 1281 4190 θῖ
1330 4137 1521 4208 captio
1565 4154 1744 4208 quam
1777 4139 2018 4195 abscon-

364 4217 468 4291 dit,
507 4245 534 4273 ››
565 4222 623 4278 id
656 4225 764 4291 est,
800 4239 959 4278 mors
1003 4240 1180 4296 quam
1232 4222 1463 4280 Christo
1513 4215 1735 4281 occulte
1785 4244 2016 4298 parave-

365 4316 503 4368 runt
535 4335 562 4361 ‹‹
600 4311 1003 4384 apprehendat
1049 4328 1172 4383 eos,
1205 4335 1232 4361 ››
1265 4312 1321 4367 id
1355 4317 1465 4381 est,
1492 4330 1671 4368 causa
1710 4315 1788 4369 sit
1835 4333 2016 4387 quare

362 4399 474 4480 ipsi
507 4401 833 4480 moriantur
857 4400 916 4457 in
957 4401 1211 4474 peccatis
1241 4400 1386 4457 suis.
1415 4401 1516 4456 Vel
1546 4403 1629 4457 sic
1660 4407 1850 4476 potest
1876 4403 2010 4478 legi,

361 4491 435 4580 ad
467 4491 726 4547 malum:
753 4490 855 4547 Isti
885 4494 1315 4558 convertantur,
1329 4489 1412 4545 illi
1443 4495 1642 4547 autem
1674 4516 1700 4542 ‹‹
1727 4493 1870 4546 ﬁant
1893 4497 2014 4548 tan-
2047 4520 2094 4585 θ’
2123 4513 2269 4551 ram.
2291 4496 2466 4551 Cibus
2497 4495 2654 4551 enim
2687 4511 2874 4560 meus,
2890 4512 3091 4550 eorum
3123 4495 3284 4566 salus
3316 4499 3372 4552 et
3418 4496 3588 4553 ﬁdes.
3616 4495 3786 4566 Unde

361 4597 538 4652 quam
570 4579 760 4652 pulvis
791 4585 924 4636 ante
955 4579 1163 4636 faciem
1189 4579 1364 4646 venti,
1395 4601 1420 4628 »
1455 4579 1511 4635 id
1544 4584 1651 4647 est,
1671 4586 2014 4637 moveantur
2091 4587 2093 4600 ⁵
2121 4583 2351 4639 locutus
2381 4583 2782 4650 Samaritanus,
2815 4583 2960 4639 dixit
2983 4583 3290 4657 discipulis
3338 4585 3684 4658 rogantibus
3719 4591 3787 4652 ut

360 4576 538 4652 quam
570 4579 760 4652 pulvis
791 4585 924 4636 ante
955 4579 1163 4636 faciem
1189 4579 1364 4646 venti,
1395 4601 1420 4628 »
1455 4579 1511 4635 id
1544 4584 1651 4647 est,
1671 4586 2014 4637 moveantur

359 4668 418 4723 in
454 4667 640 4742 primo
673 4668 790 4723 ictu
821 4669 1213 4724 tentationum
1249 4684 1262 4723 :
1289 4692 1315 4717 ‹‹
1350 4673 1407 4724 et
1437 4668 1681 4741 angelus
1703 4669 1957 4740 Domini,
1984 4694 2010 4720 ››

359 4743 417 4815 id
448 4760 554 4825 est,
579 4753 866 4824 diabolus,
902 4757 1002 4828 qui
1033 4757 1162 4812 ideo
1204 4756 1419 4812 dicitur
1468 4758 1711 4813 nuntius
1756 4759 2008 4825 Domini,

361 4829 498 4919 quia
527 4860 628 4917 per
650 4860 786 4899 eum
812 4845 1097 4900 Dominus
1123 4846 1270 4900 iram
1293 4845 1468 4901 infert
1491 4846 1664 4902 malis
1689 4847 1785 4918 sit,
1806 4870 1831 4895 ‹‹
1857 4864 2012 4902 coar-

361 4941 524 4991 ctans
553 4951 650 4990 eos
687 4957 712 4981 ››
735 4933 804 4988 ad
840 4933 1102 5005 graviora
1131 4933 1285 4989 mala
1317 4952 1330 4989 :
1368 4959 1393 4982 ‹‹
1430 4934 1531 4989 ﬁat
1563 4936 1718 4990 enim
1759 4936 1853 4990 via
1882 4935 2008 4991 illo-

359 5017 512 5094 rum,
550 5048 575 5073 ››
600 5025 657 5080 id
685 5028 794 5092 est,
829 5023 1122 5077 institutio
1155 5041 1357 5078 eorum
1391 5048 1417 5072 ‹‹
1454 5024 1724 5092 tenebrae,
1761 5049 1786 5074 ‹‹
1823 5030 1888 5079 ut
1909 5043 2010 5098 per

359 5130 486 5188 eam
510 5113 776 5170 excaecati
809 5115 952 5168 fiant
987 5130 1019 5168 a
1059 5113 1387 5186 cognitione
1409 5113 1762 5181 veritatis,et
1793 5116 1893 5169 ﬁat
1922 5115 2007 5171 eis

357 5195 450 5256 via
472 5203 731 5273 ipsorum
757 5227 782 5253 ‹‹
809 5203 1160 5273 lubricum,»
1181 5202 1238 5256 id
1261 5202 1758 5276 est,lubricosa,ut
1778 5221 2007 5276 semper

356 5288 425 5344 de
458 5291 596 5346 vitio
626 5290 685 5345 in
717 5292 922 5347 vitium
954 5293 1183 5361 cadant,
1208 5295 1264 5347 et
1290 5295 1524 5364 propter
1570 5291 1677 5346 hoc
1727 5292 1802 5346 sit
1834 5316 1859 5342 ‹‹
1896 5310 2005 5347 an-

354 5379 519 5452 gelus
578 5379 807 5434 Domini
840 5400 1200 5455 prosequens
1250 5400 1366 5449 eos,
1406 5405 1430 5429 »
1464 5381 1520 5436 id
1566 5386 1672 5448 est,
1707 5382 2001 5438 deducens

352 5483 449 5521 eos
482 5466 550 5520 de
581 5466 718 5522 vitio
749 5469 806 5522 in
831 5471 1037 5527 vitium
1061 5490 1247 5544 usque
1270 5473 1340 5527 ad
1372 5471 1692 5526 interitum.
1720 5470 1787 5524 Et
1808 5493 1834 5518 ‹‹
1864 5487 2002 5542 quo-

354 5555 510 5610 niam
543 5555 725 5625 gratis
758 5558 1189 5616 absconderunt
1222 5562 1364 5617 mihi
1398 5561 1721 5628 interitum,
1756 5584 1780 5607 ››
1807 5558 1998 5631 laquei

2133 3259 2191 3310 et
2216 3258 2413 3311 tamen
2444 3254 2634 3310 adhuc
2665 3256 2788 3312 erat
2813 3252 3210 3328 pauper,quia
3240 3253 3540 3324 modicum
3572 3254 3633 3310 in
3656 3257 3796 3328 ejus

2133 3343 2463 3415 cognitione
2492 3343 2850 3415 proﬁciebat.
3158 3394 3174 3402 -

2204 3431 2511 3488 Praemissa
2539 3431 3022 3500 exsultatione,de
3043 3431 3315 3508 passione
3335 3449 3578 3508 narrare
3593 3432 3790 3508 ingre-

2131 3520 2689 3578 ditur.Continuatio
2714 3537 2726 3576 :
2753 3520 3027 3586 Quamvis
3045 3519 3126 3576 ita
3142 3519 3394 3597 exsultet
3410 3521 3611 3578 anima
3630 3539 3793 3594 mea,

2130 3612 2328 3664 tamen
2351 3626 2466 3664 non
2491 3613 2861 3666 removentur
2889 3609 3158 3666 humanae
3183 3607 3452 3668 miserisa.
3478 3633 3505 3660 ‹‹
3527 3610 3794 3684 Surgen-

2129 3703 2216 3754 tcs
2247 3698 2433 3770 iniqui
2467 3701 2663 3765 testes,
2700 3720 2728 3748 ››
2769 3698 2870 3771 qui
2919 3697 3047 3754 ideo
3092 3696 3280 3772 iniqui
3311 3698 3609 3774 dicuntur,
3644 3700 3796 3778 quia,

2128 3785 2272 3842 alter
2316 3786 2686 3842 mendacium
2733 3785 2974 3842 alterius
3023 3785 3358 3842 testimonio
3418 3787 3792 3860 comprobat,

2127 3899 2155 3924 «
2181 3875 2540 3948 intsrrogant
2564 3891 2676 3944 me,
2697 3897 2723 3922 ››
2757 3875 2813 3929 id
2847 3876 3378 3943 est,accusationes
3401 3867 3794 3950 imponebant

2127 3963 2273 4020 mihi
2292 3981 2394 4037 per
2414 3963 2901 4036 interrogationes
2925 3986 2953 4012 «
2983 3981 3108 4037 quae
3141 3963 3546 4038 ignorabam,»
3580 3963 3641 4021 id
3673 3968 3790 4034 est,

2125 4070 2251 4127 quae
2284 4053 2435 4108 facta
2458 4052 2810 4111 nesciebam.
3717 4043 3720 4045 ’

2196 4141 2614 4198 Retribuebant
2645 4141 2823 4196 etiam
2866 4141 3012 4198 mihi
3046 4140 3202 4198 mala
3232 4159 3335 4216 pro
3387 4140 3556 4198 nobis
3588 4164 3617 4208 ᾳ
3652 4158 3790 4215 quae

2125 4231 2375 4285 feceram
2437 4230 2540 4298 eis,
2576 4228 2782 4302 supple
2839 4229 2897 4283 in
2958 4234 3166 4286 sancta
3221 4229 3510 4302 doctrina,
3555 4222 3791 4306 scilicet

2123 4319 2490 4375 sterilitatem
2522 4319 2728 4375 animae
2761 4335 2922 4374 mem.
2949 4341 2976 4367 »
3005 4318 3069 4372 In
3100 4318 3208 4374 hoc
3238 4319 3395 4375 enim
3413 4323 3540 4380 erat
3581 4320 3789 4386 nmina

2122 4424 2253 4464 mea
2282 4408 2517 4475 sterilis,
2552 4408 2704 4479 quod
2741 4406 3111 4480 incorporare
3141 4423 3241 4463 eos
3271 4406 3417 4464 mihi
3447 4424 3564 4484 non
3615 4412 3787 4488 pote-

2123 4513 2269 4551 ram.
2291 4496 2466 4551 Cibus
2497 4495 2654 4551 enim
2687 4511 2874 4560 meus,
2890 4512 3091 4550 eorum
3123 4495 3284 4566 salus
3316 4499 3372 4552 et
3418 4496 3588 4553 ﬁdes.
3616 4495 3786 4566 Unde

2122 4672 2538 4728 manducaret:
2573 4696 2599 4723 ‹‹
2628 4673 2745 4746 Ego
2769 4672 2964 4727 cibum
2987 4672 3174 4729 habeo
3206 4690 3380 4750 quem
3402 4690 3504 4740 vos
3535 4675 3783 4732 nescitis

2122 4761 2297 4834 (Joan.
2331 4764 2425 4832 IV).
2465 4785 2492 4811 »

2195 4850 2308 4920 Ipsi
2361 4851 2689 4906 retribuant
2731 4849 2876 4905 mihi
2931 4850 3104 4918 mala,
3137 4874 3166 4901 «
3199 4867 3306 4926 ego
3357 4855 3556 4918 autem
3590 4875 3621 4902 ››
3662 4870 3785 4910 non

2117 4937 2487 4993 vindicabam
2520 4954 2610 4992 me
2643 4940 2712 4994 de
2736 4939 2956 5005 eis,sed
2992 4963 3017 4988 ‹‹
3054 4940 3375 4998 induabam
3408 4957 3559 5008 me,»
3584 4941 3642 4996 id
3666 4945 3778 5011 est,

2117 5026 2520 5098 cOOperiebam
2546 5015 2910 5083 divinitatem
2933 5044 3125 5084 meam
3141 5052 3168 5079 «
3186 5028 3433 5098 cilicio,»
3457 5029 3516 5083 id
3539 5033 3784 5102 est,pu:-

2117 5114 2410 5172 nitentiali
2442 5116 2880 5172 veste.Carnem
2914 5135 3081 5173 suam
3112 5124 3279 5174 vocat
3310 5118 3784 5194 pmnitentialem,

2113 5203 2509 5276 vestem,quia
2541 5203 2600 5260 in
2618 5222 2685 5260 ea
2706 5222 2806 5278 pro
2831 5205 3084 5276 peccatis
3111 5206 3311 5279 populi
3343 5208 3632 5276 sustinuit
3663 5226 3777 5282 pa)-

2116 5309 2270 5348 nam.
2318 5291 2600 5364 Cooperta
2640 5297 2763 5348 erat
2813 5292 3107 5360 divinitas,
3140 5297 3376 5366 quando
3425 5314 3594 5352 suam
3657 5314 3779 5353 non

2113 5381 2456 5437 ostendebat
2478 5381 2818 5453 potentiam.
2844 5381 3150 5451 Induebar,
3175 5382 3325 5456 dico,
3352 5384 3544 5440 cilicio
3583 5409 3610 5435 (ι
3640 5401 3778 5441 cum

2112 5469 2194 5524 illi
2250 5469 2393 5524 mihi
2447 5469 2672 5526 molesti
2727 5473 3005 5538 essent,»
3051 5470 3106 5526 id
3157 5476 3264 5540 est,
3299 5473 3572 5544 quamvis
3624 5472 3776 5536 mihi

2110 5559 2336 5615 molesti
2352 5564 2706 5624 essent,cum
2731 5558 2826 5614 alii
2853 5558 3075 5615 soleant
3095 5562 3418 5631 potentiam
3433 5562 3770 5638 ostendere.
3853 5545 3865 5552 ’
