4070 6180
207 343 314 423 a3

1379 348 1878 411 EXPLANATIO
1920 347 2002 411 IN
2047 351 2424 416 PSALMOS.

3489 360 3607 425 314

266 480 335 568 Et
359 476 539 568 etiam
574 496 602 529 «
632 475 1020 568 humiliabam
1052 478 1310 535 animam
1343 497 1555 550 meam,
1597 504 1616 531 υ
1651 482 1709 537 id
1741 486 1850 550 est,
1878 484 1936 550 Α
1963 484 2160 557 inique
2181 486 2479 543 inferendo
2504 487 2658 545 mala
2680 506 2840 546 «non
2863 491 3392 565 supergaudeant,»
3417 495 3473 550 id
3499 501 3607 568 est,

205 566 528 639 afﬂigebam
551 564 811 622 animam
833 583 1046 635 meam,
1063 588 1086 620 υ
1101 568 1158 622 in
1170 569 1397 640 jejunio
1417 595 1439 622 υ
1463 570 1856 644 scilicet,quia-

202 671 395 714 eorum
429 654 619 711 salute
652 672 769 711 non
803 659 1063 727 poteram
1097 658 1368 726 reﬁci,vel
1399 659 1456 713 in
1480 661 1707 732 jejunio
1729 679 1849 718 cor-

200 743 398 819 porali,
432 747 490 799 et
518 745 693 800 etiam
735 745 974 800 orabam
1007 763 1111 816 pro
1140 746 1244 815 eis,
1279 752 1336 802 et
1367 747 1506 818 quia
1533 766 1649 804 non
1680 767 1848 823 repe-

201 838 395 893 rerunt
424 834 748 890 orationem
782 834 1102 903 meam,illa
1137 836 1366 892 «oratio
1399 855 1528 894 mea
1558 839 1616 893 in
1650 839 1846 896 sinum

200 940 391 979 meum
441 927 831 990 convertetur,
861 942 888 975 η
923 923 981 978 id
1032 929 1142 991 est,
1177 926 1322 981 mihi
1371 927 1480 981 erit
1510 927 1671 983 utilis
1706 945 1718 983 :
1754 947 1846 984 se-

199 1013 452 1070 cundum
487 1013 640 1085 quod
665 1013 791 1084 ipse
813 1013 1098 1069 Dominus
1123 1014 1181 1069 in
1209 1016 1520 1088 Evangelio
1543 1017 1688 1072 dixit
1718 1035 1849 1090 apo-

198 1103 358 1162 stolis
375 1119 427 1156 :u
443 1103 506 1158 In
522 1119 941 1175 quamcunque
953 1105 1194 1160 domum
1207 1104 1846 1179 intraveritis,primum

197 1191 366 1254 dicite
395 1207 410 1246 :
446 1190 564 1246 Pax
591 1190 732 1248 huic
763 1191 963 1248 domui
1000 1208 1012 1248 :
1047 1197 1104 1249 et
1135 1192 1184 1249 si
1210 1193 1290 1249 ibi
1320 1194 1497 1251 fuerit
1545 1195 1701 1252 ﬁlius
1746 1214 1846 1269 pa-

195 1277 289 1348 cis,
325 1277 658 1351 requiescet
715 1296 892 1352 super
921 1297 1057 1337 eum
1089 1298 1200 1354 pax
1227 1286 1421 1339 vestra
1455 1300 1465 1340 :
1501 1285 1592 1340 sin
1625 1288 1844 1357 autem,

195 1369 258 1426 ad
291 1383 393 1425 vos
429 1371 752 1431 revertetur
783 1368 985 1436 (Matth.
1019 1369 1094 1442 x),
1127 1391 1152 1424 υ
1194 1371 1252 1428 id
1284 1376 1392 1440 est,
1427 1374 1476 1428 si
1507 1379 1698 1430 vestra
1727 1391 1848 1431 ora-

195 1456 262 1512 tio
293 1472 416 1512 non
449 1456 639 1527 prosit
667 1456 776 1524 eis,
807 1457 972 1514 vobis
1004 1459 1214 1515 saltem
1246 1462 1523 1533 proderit.

254 1544 662 1601 Humiliabam
694 1549 751 1600 et
777 1566 803 1599 α
824 1547 908 1602 sic
941 1549 1376 1621 complaeebam
1409 1551 1595 1607 mihi»
1620 1552 1707 1609 vel
1729 1553 1846 1610 Deo

193 1633 337 1713 Patri
373 1651 389 1689 :
423 1633 512 1690 sic
543 1633 788 1702 scilicet,
823 1633 1092 1694 habendo
1120 1639 1404 1710 populum
1431 1639 1600 1696 illum
1629 1664 1648 1692 ι
1675 1643 1844 1714 quasi

191 1722 524 1798 proximum
557 1727 614 1779 et
641 1723 810 1795 quasi
842 1724 1080 1781 fratrem
1114 1749 1142 1776 »
1176 1728 1467 1784 carnalem
1503 1746 1516 1785 :
1545 1729 1682 1802 quia
1718 1736 1844 1786 tan-

193 1817 309 1871 tum
333 1811 661 1884 diligebam
678 1819 1131 1885 eum,quantum
1150 1816 1199 1872 si
1224 1816 1582 1875 fratermeus
1593 1819 1846 1876 carnalis

193 1905 370 1964 esset:
388 1904 447 1957 et
466 1917 603 1956 cum
625 1899 806 1957 nollet
828 1901 972 1958 mihi
1003 1904 1370 1976 acquiescere
1395 1906 1845 1976 ubumiliabar,»

185 1990 242 2048 id
271 1995 393 2056 est,
427 1988 733 2063 afﬂigebar
761 2007 865 2062 pro
898 1992 982 2047 eis
1014 1993 1098 2049 sic
1134 2016 1154 2043 ι
1191 1995 1362 2066 quasi
1390 2016 1418 2049 ι
1452 1995 1666 2069 aliquis
1698 2020 1727 2049 «
1759 1997 1848 2054 lu-

191 2095 328 2158 gens
359 2083 422 2150 et
451 2079 854 2151 contristatus,
873 2103 893 2130 ι
921 2079 1130 2154 lugens
1155 2082 1214 2138 in
1247 2100 1504 2158 corpore,
1540 2087 1848 2144 contrista-

195 2173 284 2232 tus
315 2169 384 2234 in
416 2167 640 2232 anima.

250 2259 376 2334 Ego
400 2257 487 2314 sic
507 2256 870 2316 humiliabar
897 2276 1002 2331 pro
1033 2261 1116 2317 eis
1169 2285 1190 2312 ι
1218 2267 1274 2319 et
1304 2263 1415 2335 ipsi
1446 2267 1644 2320 tamen
1669 2264 1849 2322 lzetati

187 2351 324 2426 sunt
385 2347 703 2406 adversum
762 2364 874 2416 me,
924 2353 980 2404 et
1026 2357 1420 2407 convenerunt
1449 2372 1476 2404 ι
1514 2353 1753 2421 scilicet,
1788 2354 1848 2410 in
1900 2413 1908 2421 _

187 2437 334 2508 hanc
366 2435 819 2511 voluntatem,et
846 2458 872 2492 ι
889 2444 1241 2513 congregata
1262 2445 1402 2497 sunt
1429 2459 1606 2514 super
1628 2460 1720 2500 mo
1747 2444 1849 2499 ﬂa-

186 2525 360 2600 gella,
403 2550 427 2579 ι
464 2525 524 2580 id
573 2528 686 2597 est,
739 2525 1151 2599 multiplicata,
1200 2534 1258 2586 et
1305 2548 1412 2602 ego
1467 2555 1487 2580 ε
1523 2532 1783 2604 ignoravi
1813 2552 1839 2585 ι)

188 2631 371 2687 quare
405 2613 515 2672 hoc
545 2614 818 2683 facerent,
852 2615 1010 2686 quia,
1043 2617 1284 2687 scilicet,
1319 2637 1435 2676 non
1469 2622 1785 2693 promerui.

254 2705 456 2776 Etiam
494 2723 522 2762 α
553 2709 695 2761 sunt
724 2704 992 2778 dissipati
1021 2726 1046 2758 ι
1083 2707 1345 2766 videntes
1375 2711 1503 2782 ejus
1543 2710 1846 2781 miracula,

187 2811 322 2851 cum
357 2793 628 2851 dicerent
653 2792 774 2862 alii,
808 2795 946 2866 quia
977 2796 1168 2854 bonus
1197 2801 1304 2866 est,
1338 2798 1436 2855 alii
1483 2803 1678 2856 autem
1709 2817 1847 2871 non,

190 2884 286 2940 sed
313 2881 554 2940 seducit
579 2882 945 2950 turbas,etin
965 2883 1236 2956 passione
1267 2887 1396 2959 ipsa
1427 2905 1562 2944 cum
1587 2887 1850 2944 viderent

188 2975 353 3044 terra
389 2971 689 3034 motus.Et
719 2973 986 3043 quamvis
1012 2978 1210 3030 essent
1235 2975 1321 3032 sic
1351 2975 1677 3048 dissipati,«
1698 2995 1849 3032 nun-

189 3077 369 3136 quam
411 3083 434 3109 ι
473 3063 673 3116 tamen
706 3065 844 3116 sunt
881 3083 902 3112 ι
937 3063 1327 3135 compuncti,»
1362 3065 1423 3120 in
1453 3082 1566 3136 quo
1599 3065 1850 3122 maxime

185 3165 390 3216 eorum
415 3148 682 3221 nequitia
710 3155 1088 3224 aggravetur:
1124 3154 1225 3209 sed
1256 3153 1450 3225 potius
1481 3159 1851 3211 tentaverunt

185 3239 674 3308 me,adducentes
699 3243 833 3295 ante
862 3256 956 3296 me
985 3240 1290 3297 mulierem
1321 3242 1648 3299 adulteram
1667 3245 1844 3312 (Joan.

183 3330 306 3397 v11!)
343 3344 359 3384 :
395 3326 646 3384 dicendo
675 3326 850 3383 etiam
886 3345 899 3383 :
941 3351 963 3377 ι
997 3329 1056 3385 Si
1105 3329 1264 3386 ﬁlius
1308 3332 1408 3388 Dei
1440 3350 1522 3400 es,
1547 3334 1844 3389 descende

185 3416 253 3489 de
308 3432 492 3472 cruce
549 3415 760 3486 (Matth.
815 3422 970 3488 xxvx)
1006 3437 1053 3486 n;
1090 3441 1117 3468 «
1150 3419 1658 3477 subsannaverunt
1690 3439 1782 3478 me
1813 3445 1840 3474 »

181 3521 314 3564 cum
347 3504 619 3577 aliquam
651 3505 1057 3568 inﬁrmitatem
1104 3508 1375 3564 humanae
1406 3514 1628 3566 naturae
1659 3511 1719 3566 in
1751 3529 1846 3568 me

181 3598 607 3668 cognoscerent
638 3611 651 3650 :
684 3599 741 3650 et
800 3613 915 3652 non
959 3597 1033 3652 ad
1064 3596 1289 3669 horam,
1325 3599 1424 3654 sed
1456 3621 1484 3650 «
1516 3600 1844 3656 subsanna-

182 3684 362 3752 tione,
403 3706 426 3732 ι
462 3683 523 3738 id
556 3687 663 3750 est,
699 3684 937 3741 assidue
971 3701 983 3738 :
1020 3690 1077 3741 et
1109 3704 1243 3742 cum
1294 3687 1442 3742 nihil
1489 3688 1550 3742 in
1581 3706 1673 3744 me
1704 3689 1843 3745 mali

180 3772 536 3841 invenirent,
576 3793 601 3834 ι
635 3772 1025 3829 frenduerunt
1059 3798 1080 3824 ι
1118 3774 1342 3832 scilicet
1398 3776 1628 3832 bestiali
1689 3794 1848 3834 more

187 3882 209 3918 ι
241 3878 428 3936 super
456 3878 556 3918 me
581 3861 876 3931 dentibus,
912 3886 934 3915 ι
970 3862 1030 3919 id
1064 3868 1173 3932 est,
1206 3865 1640 3922 corrosionibus
1698 3867 1843 3924 suis.

253 3951 380 4024 Ipsi
396 3951 484 4016 ita
502 3954 710 4010 contra
730 3967 821 4008 me
843 3951 1194 4021 faciunt,sed
1217 3958 1278 4010 tu
1301 3955 1538 4026 quidem
1569 3956 1846 4028 «quando

183 4040 468 4112 respicies
503 4064 534 4090 ››
566 4038 1043 4112 misericorditer,
1082 4046 1144 4097 ut
1182 4043 1253 4098 de
1299 4059 1503 4099 eorum
1565 4050 1848 4118 potestate

181 4145 280 4197 me
309 4128 579 4196 liberes?
625 4128 888 4202 Respice,
946 4130 1211 4198 Domine,
1268 4135 1326 4187 et
1384 4155 1411 4182 «
1445 4135 1687 4190 restitue
1717 4136 1848 4190 ani-

181 4234 348 4276 mam
380 4241 410 4268 »
435 4217 732 4276 redditam
765 4219 1015 4291 corpori,
1051 4225 1332 4276 remotam
1365 4245 1393 4271 «
1419 4239 1454 4277 a
1484 4221 1848 4296 malignitate

177 4321 414 4378 eorum,
450 4331 480 4370 υ
517 4307 576 4362 id
607 4311 718 4378 est,
751 4308 824 4366 ab
857 4308 1232 4365 inferioribus
1269 4311 1488 4367 Judaais
1519 4313 1846 4387 malignan-

180 4395 370 4464 tibus,
401 4401 459 4454 et
491 4418 520 4448 ι(
557 4396 792 4452 unicam
821 4413 1035 4466 meam,
1073 4421 1100 4446 ››
1132 4397 1190 4453 id
1223 4403 1330 4467 est,
1365 4400 1624 4457 animam
1656 4419 1847 4459 meam

177 4485 541 4558 ipsam,quzs
573 4486 752 4544 unica
779 4490 868 4542 est
898 4503 912 4541 :
946 4485 1085 4558 quia
1117 4486 1341 4543 nullam
1372 4493 1599 4560 partem
1632 4491 1843 4548 habet:

1957 573 2006 630 si
2027 575 2285 646 gaudent
2302 577 2371 631 ad
2394 581 2769 650 tempus,non
2800 581 3094 653 gaudeant
3123 599 3308 655 usque
3331 583 3390 639 in
3410 585 3606 642 ﬁnem:

1957 679 2061 718 nec
2105 663 2187 718 illi
2221 665 2373 737 «qui
2404 667 2652 722 oderunt
2681 685 2774 724 me
2803 668 3004 740 gratis,
3043 692 3069 718 »
3101 670 3160 725 id
3192 675 3298 739 est,
3335 672 3459 728 sine
3490 690 3612 730 me-

1957 750 2068 806 rito
2101 769 2228 807 meo
2262 771 2274 809 :
2311 778 2336 804 ‹‹
2365 759 2420 809 et
2449 761 2719 811 annuunt
2751 757 2956 826 oculis,
2993 782 3020 808 «
3057 758 3114 814 id
3145 763 3251 826 est,
3287 759 3432 817 alios
3463 766 3610 819 nutu

1957 840 2261 896 oculorum
2295 848 2610 914 provocant
2641 845 2712 900 ad
2748 846 3098 902 derisionem
3131 865 3344 905 meam.

2029 931 2154 985 Non
2198 933 2689 1004 supergaudeant,
2726 951 2829 989 nec
2888 936 3100 991 debent
3157 941 3612 1010 supergaudere,

1959 1041 1985 1068 ‹‹
2021 1019 2298 1090 quoniam
2323 1020 2466 1074 mihi
2501 1021 2740 1092 paciﬁce
2761 1021 3212 1094 loquebantur,»
3231 1029 3285 1080 et
3307 1025 3613 1099 loquentes

1958 1107 2197 1179 paciﬁce
2228 1130 2254 1157 «
2289 1109 2628 1181 cogitabant
2657 1110 2822 1166 dolos
2852 1133 2877 1159 »
2910 1111 2971 1165 in
3019 1113 3211 1180 corde,
3259 1117 3316 1169 et
3360 1113 3446 1169 illi
3494 1115 3611 1171 doli

1957 1213 2073 1252 non
2107 1201 2290 1264 erant,
2327 1201 2391 1252 ut
2421 1198 2688 1254 auferent
2709 1199 2852 1255 mihi
2885 1199 3188 1266 exteriora,
3223 1202 3325 1257 sed
3357 1225 3384 1251 «
3418 1202 3476 1256 in
3506 1203 3615 1261 ira-

1957 1285 2196 1353 cundia,
2229 1308 2256 1335 »
2289 1287 2510 1342 scilicet
2541 1288 2613 1343 ad
2644 1291 2894 1344 mortem
2948 1303 3139 1344 meam
3194 1289 3564 1347 intendentes
3597 1309 3612 1347 :

1957 1374 2322 1430 iracundiam
2355 1375 2484 1432 dico
2517 1398 2544 1425 ‹‹
2579 1380 2766 1445 terra),
2796 1400 2823 1426 »
2853 1394 2956 1449 pro
2989 1382 3144 1433 terra
3175 1377 3396 1435 scilicet
3424 1383 3482 1434 et
3512 1397 3618 1437 suo

1957 1479 2133 1535 regno
2165 1465 2487 1520 retinendo.
2525 1465 2836 1520 Timebant
2867 1465 3026 1521 enim
3058 1466 3301 1538 perdere
3330 1466 3526 1524 locum
3558 1472 3616 1525 et

1953 1557 2211 1626 gentem,
2246 1553 2360 1609 nisi
2393 1554 2694 1610 Christum
2727 1554 3078 1611 occiderent.

2026 1667 2052 1692 ‹‹
2070 1644 2140 1698 Et
2154 1643 2546 1698 dilataverunt
2567 1661 2744 1716 super
2758 1661 2849 1700 me
2866 1661 2930 1699 os
2945 1660 3120 1698 suum
3139 1666 3164 1692 »
3179 1660 3312 1700 cum
3326 1645 3614 1703 dicerent:

1953 1731 2259 1805 Cruciﬁge,
2287 1732 2560 1805 cruciﬁge
2591 1749 2726 1788 eum
2760 1733 2936 1804 (Joan.
2957 1735 3039 1801 x1)
3065 1750 3076 1788 :
3108 1754 3134 1780 ››
3168 1737 3224 1788 et
3255 1756 3282 1782 ‹‹
3318 1733 3612 1804 dixerunt,

1877 1855 1926 1919 Β
1955 1821 2112 1893 Euge
2159 1837 2324 1893 euge,
2360 1844 2387 1870 »
2420 1821 2479 1876 id
2537 1825 2647 1888 est,
2706 1822 2850 1877 bene
2901 1821 3068 1892 bene,
3103 1844 3130 1870 ‹‹
3163 1821 3435 1878 viderunt
3463 1823 3616 1879 oculi

1959 1911 2142 1967 nostri
2179 1933 2206 1960 »
2237 1911 2308 1965 de
2340 1910 2450 1965 isto
2483 1911 2638 1982 quod
2670 1910 3020 1983 optavimus.

2032 2001 2120 2055 Ita
2148 1998 2258 2071 ipsi
2294 1998 2438 2054 mihi
2473 1999 2754 2067 fecerunt,
2789 1999 2889 2054 sed
2919 2002 2982 2053 tu
3013 2020 3040 2047 ‹‹
3077 1998 3321 2054 Domine
3349 1999 3615 2070 vidisti,»

1959 2087 2018 2143 id
2049 2092 2158 2156 est,
2194 2086 2516 2160 cognovisti
2548 2103 2748 2142 eorum
2778 2086 3122 2158 nequitiam,
3158 2090 3214 2142 et
3243 2103 3436 2143 meam
3458 2088 3617 2145 inno-

1959 2177 2236 2244 centiam,
2261 2180 2318 2231 et
2337 2176 2432 2231 ido
2457 2192 2572 2230 «ne
2604 2175 2846 2244 sileas,»
2880 2175 2981 2232 sed
3003 2175 3198 2248 profer
3217 2175 3567 2232 sententiam
3600 2196 3614 2236 :

1959 2269 2016 2321 et
2043 2269 2109 2320 tu
2141 2289 2168 2314 α
2203 2264 2468 2333 Domine,
2517 2281 2590 2320 ne
2643 2264 2914 2320 discedas
2971 2281 3004 2320 a
3053 2281 3146 2320 me
3178 2287 3228 2319 ».
3261 2266 3537 2331 Quamvis
3568 2266 3617 2323 si

1959 2371 2202 2410 securus
2228 2355 2381 2426 quod
2408 2349 2562 2409 Deus
2585 2371 2700 2409 non
2735 2353 3000 2409 discedat
3029 2354 3102 2408 ab
3132 2371 3218 2422 eo,
3253 2357 3448 2409 tamen
3483 2354 3621 2428 quia

1960 2443 2105 2498 nihil
2130 2443 2240 2498 scit
2262 2461 2322 2498 se
2344 2443 2560 2498 habere
2585 2460 2652 2498 ex
2682 2443 3069 2510 humanitate,
3095 2447 3239 2511 orat,
3266 2447 3331 2498 ut
3361 2443 3458 2498 det
3487 2442 3617 2500 aliis

1959 2530 2287 2603 exemplum
2319 2531 2692 2602 orandi,quia
2723 2529 2871 2585 nihil
2903 2547 3147 2602 prorsus
3175 2529 3236 2586 in
3269 2548 3377 2587 sua
3407 2531 3616 2588 huma-

1960 2621 2141 2676 nitate
2173 2620 2463 2676 conﬁdere
2493 2620 2727 2675 debent.

2030 2709 2166 2764 Dico
2215 2725 2287 2763 ne
2336 2707 2622 2776 discedas,
2655 2709 2850 2780 potius
2883 2732 2910 2758 «
2940 2725 3250 2780 exsurgere
3290 2713 3348 2765 et
3376 2709 3613 2766 intende

1950 2797 2174 2870 judicio
2205 2814 2353 2865 meo,
2391 2818 2417 2847 »
2448 2798 2508 2852 id
2535 2802 2642 2865 est,
2676 2797 2981 2852 considera
3019 2797 3188 2869 quale
3210 2797 3504 2870 judicium
3535 2798 3613 2854 sit

1960 2889 2178 2961 factum
2209 2887 2282 2941 de
2301 2890 2487 2957 me,tu
2510 2886 2640 2940 dico
2675 2885 2774 2958 qui
2807 2903 2869 2940 es
2901 2909 2928 2935 «
2964 2887 3116 2941 Deus
3148 2887 3455 2941 meus».Et
3474 2885 3612 2958 quia

1958 2977 2008 3032 si
2043 2976 2234 3032 solum
2283 2974 2576 3046 judicium
2632 2973 2938 3047 aspiceret,
2972 2974 3212 3030 haberet
3253 2991 3388 3030 eum
3421 2974 3609 3030 furem

1959 3065 2097 3138 quia
2124 3065 2276 3120 inter
2304 3064 2461 3119 fures
2492 3064 2809 3120 damnatus
2841 3067 2953 3131 est,
2986 3063 3149 3118 addit
3182 3079 3195 3117 :
3231 3085 3257 3113 «
3291 3067 3350 3118 et
3378 3064 3611 3120 attende

1958 3170 2197 3209 causam
2232 3169 2482 3218 meam,»
2516 3152 2573 3207 id
2603 3156 2711 3222 est,
2747 3156 2927 3208 totam
2960 3151 3395 3225 placitationem
3427 3152 3614 3208 consi-

1877 3226 1920 3292 C
1959 3244 2116 3309 dera,
2137 3241 2379 3310 scilicet,
2399 3241 2552 3314 quod
2585 3258 2689 3314 ego
2722 3258 2955 3314 semper
2984 3258 3121 3314 erga
3150 3259 3248 3297 eos
3275 3241 3614 3298 innocenter

1952 3349 2047 3388 me
2075 3330 2278 3397 habui,
2307 3335 2371 3385 tu
2403 3331 2532 3385 dico
2560 3330 2660 3402 qui
2691 3347 2753 3385 es
2784 3353 2813 3380 «
2847 3331 3002 3386 Deus
3033 3347 3200 3386 meus
3233 3354 3282 3386 ››.

2026 3421 2265 3476 Intende
2286 3419 2343 3474 in
2369 3437 2606 3474 causam
2631 3437 2821 3475 meam
2840 3423 2895 3475 et
2914 3419 3154 3492 «judice
3171 3436 3264 3475 me
3285 3421 3611 3475 secundum

1945 3509 2240 3582 justitiam
2273 3509 2588 3575 tuam,»‘id
2621 3513 2729 3577 est,
2755 3509 3080 3564 secundum
3110 3508 3218 3563 hoc
3249 3509 3406 3580 quod
3437 3508 3614 3582 exigit

1947 3598 2184 3671 justitia
2215 3603 2334 3664 tua,
2371 3621 2399 3647 ‹‹
2437 3597 2680 3652 Domine
2741 3597 2896 3653 Deus
2953 3614 3142 3663 meus,
3175 3600 3231 3652 et
3259 3614 3375 3651 non
3408 3614 3612 3670 super-

1955 3689 2251 3761 gaudeant
2281 3685 2447 3753 mihi,
2486 3709 2513 3736 »
2546 3684 2769 3741 scilicet
2798 3709 2825 3736 ‹‹
2861 3703 2974 3740 non
3017 3685 3214 3739 dicant
3243 3683 3302 3738 in
3336 3685 3612 3739 cordibus

1957 3776 2101 3843 suis,
2134 3777 2293 3847 Euge
2343 3791 2489 3847 euge
2537 3774 2744 3829 animae
2794 3776 3005 3828 nostra)
3041 3794 3068 3821 »
3102 3773 3172 3827 de
3203 3772 3313 3826 hoc
3343 3773 3498 3843 quod
3531 3789 3614 3827 re-

1956 3865 2245 3920 tinuimus
2267 3868 2401 3919 eu‘m
2425 3863 2482 3917 in
2505 3867 2713 3928 morte,
2733 3878 2838 3916 nec
2869 3862 3069 3915 dicant
3099 3859 3159 3934 in
3191 3875 3295 3914 ore
3320 3882 3347 3909 ‹‹
3381 3861 3613 3915 devora-

1954 3954 2149 4009 vimus
2181 3969 2338 4018 eum,
2373 3975 2399 4001 »
2433 3952 2489 4005 id
2521 3956 2629 4018 est,
2663 3948 3060 4005 destruximus
3117 3964 3269 4003 cum.
3321 3947 3424 4003 Hic
3473 3965 3610 4022 quo-

1957 4058 2071 4114 que
2094 4058 2208 4096 non
2227 4040 2445 4095 dubius
2465 4040 2534 4095 de
2556 4055 2616 4094 se
2638 4037 2891 4106 orat,sed
2925 4037 3095 4093 nobis
3127 4035 3398 4110 proponit
3426 4053 3612 4092 exem-

1955 4130 2267 4203 plum.Hoc
2297 4146 2410 4183 non
2442 4127 2660 4196 dicant,
2683 4127 2783 4182 sed
2816 4127 3013 4199 potius
3042 4150 3068 4176 ‹‹
3105 4125 3204 4199 qui
3238 4125 3615 4200 gratulantur

1957 4220 2131 4276 malis
2179 4219 2345 4286 meis,
2397 4217 2573 4273 simul
2611 4240 2638 4266 »
2670 4234 2875 4274 omnes
2908 4239 2934 4266 «
2971 4218 3321 4274 erubescant
3368 4220 3425 4274 et
3464 4233 3613 4273 reve-

1956 4313 2216 4376 reantur,
2254 4331 2281 4357 »
2312 4307 2371 4362 id
2404 4312 2513 4378 est,
2546 4305 2790 4362 timeant
2819 4312 2875 4363 et
2905 4306 3192 4363 honorent
3224 4323 3339 4362 me.

2025 4399 2096 4454 Et
2125 4415 2242 4452 non
2272 4401 2502 4452 tantum
2535 4396 2635 4468 qui
2667 4395 3046 4452 consentiunt
3085 4395 3434 4450 facientibus
3466 4395 3612 4449 mihi

1957 4487 2240 4554 mala,sed
2273 4486 2450 4542 etiam
2475 4509 2503 4535 ‹‹
2529 4484 2628 4556 qui
2648 4485 2972 4557 loquuntur
3001 4483 3260 4555 maligna
3289 4499 3465 4554 super
3494 4498 3608 4550 me,

174 4573 268 4629 vel
303 4575 569 4640 unicam,
603 4574 663 4629 id
694 4578 804 4642 est,
837 4592 1072 4632 carnem
1113 4593 1327 4644 meam,
1362 4594 1490 4648 quea
1541 4579 1715 4635 unica
1761 4585 1850 4635 est
1877 4597 1924 4661 D
1956 4575 2279 4631 induantur
2307 4574 2648 4630 confusione
2679 4577 2736 4629 et
2766 4571 3101 4628 reverentia.
3136 4593 3165 4620 »

173 4660 478 4724 immunis
497 4668 784 4734 apeccato
815 4680 827 4718 :
863 4686 890 4714 ‹‹
916 4663 1216 4731 restitue,»
1248 4665 1338 4720 fac
1367 4665 1761 4724 immortalem
1792 4673 1849 4724 et

172 4749 907 4824 hnpassibilem,ereptam
941 4776 969 4803 «
1002 4769 1036 4808 a
1063 4752 1389 4826 leonibus,»
1421 4754 1480 4810 id
1511 4760 1600 4812 est
1629 4774 1662 4812 a
1683 4757 1848 4830 prin-

170 4839 420 4911 cipibus
450 4840 792 4897 Judteorum
823 4847 880 4898 et
909 4841 1061 4898 aliis.

247 4928 472 5003 Incipit
492 4928 665 4986 tertia
696 4930 918 5002 pars,in
947 4947 1064 5003 qua
1093 4933 1352 4988 ostendit
1381 4933 1520 5006 quid
1553 4935 1688 4990 boni
1720 4953 1845 4992 eve-

169 5017 307 5074 niat
337 5018 412 5074 de
443 5036 557 5076 sua
585 5019 858 5091 passione
889 5025 947 5075 et
977 5023 1419 5091 resurrectione,
1453 5023 1677 5080 scilicet
1717 5025 1847 5082 laus

167 5103 305 5172 Dei,
333 5105 640 5167 conversio
670 5105 1012 5178 impiorum,
1035 5108 1344 5164 exsultatio
1375 5111 1694 5180 justorum.
1731 5113 1844 5168 Re-

162 5193 374 5257 stitue.
408 5211 422 5248 :
450 5195 615 5260 Quod
674 5195 725 5251 si
782 5196 1010 5263 feceris,
1041 5219 1067 5246 ‹‹
1103 5197 1422 5253 conﬁtebor
1450 5198 1556 5253 tibi
1591 5223 1618 5249 »
1649 5200 1707 5255 id
1735 5205 1842 5269 est,

164 5279 446 5344 laudabo
476 5287 532 5338 te
563 5306 590 5332 «
616 5283 676 5338 in
708 5283 954 5340 ecclesia
982 5301 1196 5356 magna
1227 5307 1255 5334 »
1289 5288 1611 5342 secundum
1646 5307 1847 5346 nume-

160 5386 314 5428 rum
348 5387 364 5426 :
391 5371 530 5442 quia
558 5373 630 5428 de
659 5371 866 5428 multis
895 5372 1222 5442 conﬁcitur,
1248 5392 1352 5430 nec
1383 5379 1578 5431 tamen
1611 5394 1845 5451 congre-

153 5463 318 5530 gata
342 5459 421 5514 de
449 5460 765 5531 paleis,sed
801 5486 826 5510 ‹‹
854 5461 913 5516 in
946 5461 1158 5533 populo
1191 5463 1408 5535 gravi,»
1441 5465 1496 5520 id
1533 5468 1842 5535 est,stabili

155 5562 277 5620 per
310 5545 601 5608 virtutem
634 5573 660 5598 ‹‹
697 5549 948 5606 laudabo
978 5554 1034 5606 te
1066 5573 1113 5606 ››.

235 5635 386 5707 Ego
419 5635 668 5698 laudabo
704 5638 871 5704 te,illi
901 5643 1096 5695 autem
1127 5641 1226 5711 qui
1259 5644 1641 5700 adversantur
1673 5646 1839 5714 mihi,

2027 4665 2128 4720 Isti
2149 4664 2518 4733 erubescant,
2534 4663 2631 4718 sed
2651 4685 2677 4712 ‹‹
2695 4662 2796 4733 qui
2809 4661 3012 4716 volunt
3020 4658 3312 4732 justitiam
3324 4701 3336 4726 ,
3348 4680 3374 4707 »
3388 4657 3613 4714 scilicet

1954 4752 2195 4821 imitari,
2222 4776 2248 4802 ‹‹
2266 4751 2554 4808 exsultent
2569 4751 2669 4805 »in
2704 4767 2961 4822 corpore,
2987 4754 3044 4804 et
3063 4749 3122 4803 in
3154 4747 3395 4804 anima«
3420 4747 3614 4803 laeten-

1956 4847 2052 4898 tur
2084 4859 2096 4897 :
2132 4864 2159 4891 »
2188 4845 2246 4897 et
2274 4840 2358 4896 illi
2391 4863 2418 4890 «
2454 4841 2553 4911 qui
2580 4838 2844 4907 volunt,»
2875 4839 2936 4893 id
2965 4842 3072 4906 est,
3107 4837 3384 4910 diligunt,
3406 4839 3613 4908 petunt

1956 4955 1984 4982 «
2018 4947 2221 5004 pacem
2253 4929 2401 4985 servi
2433 4929 2621 5000 ejus,»
2645 4928 2702 4982 id
2735 4927 3012 4995 est,illam
3037 4943 3448 5006 pacem‘quam
3481 4939 3606 4994 ego,

1955 5021 2056 5093 qui
2078 5036 2209 5075 sum
2234 5034 2436 5073 servus
2460 5018 2608 5088 ejus,
2635 5016 2802 5088 posui
2828 5017 2982 5072 inter
3003 5017 3184 5072 Deum
3212 5018 3270 5098 et
3286 5012 3603 5091 hominem.

1955 5134 1982 5159 ‹‹
2008 5113 2064 5165 et
2087 5108 2287 5163 dicant
2307 5122 2571 5179 semper:
2598 5107 3005 5179 Magniﬁcetur
3025 5105 3310 5161 Dominus
3325 5123 3352 5148 »
3374 5097 3443 5154 de
3466 5116 3607 5172 pace

1952 5198 2056 5254 illa
2084 5199 2222 5252 data
2248 5196 2609 5252 hominibus.

2024 5286 2127 5342 Isti
2154 5286 2532 5357 magniﬁcent
2575 5284 2890 5340 Dominum
2915 5305 2942 5331 «
2966 5285 3022 5336 et
3044 5279 3246 5351 lingua
3267 5293 3398 5333 mea
3428 5277 3609 5333 medi-

1954 5376 2175 5433 tabitur
2206 5374 2501 5445 justitiam
2534 5377 2718 5440 tuam,
2759 5394 2784 5421 »
2816 5371 2872 5424 id
2906 5374 3016 5434 est,
3050 5366 3324 5422 meditate
3375 5384 3605 5422 annun-

1953 5465 2142 5533 tiabit,
2177 5462 2234 5519 et
2279 5481 2394 5518 non
2445 5465 2670 5516 tantum
2713 5458 3007 5531 justitiam
3061 5461 3243 5523 tuam,
3292 5455 3393 5511 sed
3427 5480 3450 5505 ‹‹
3486 5460 3608 5513 tota

1953 5555 2044 5611 die
2078 5577 2104 5602 »
2130 5552 2366 5624 justitia
2391 5548 2761 5604 annuntiabit
2792 5570 2818 5596 ‹‹
2852 5545 3086 5602 laudem
3119 5550 3304 5613 tuam,
3343 5567 3370 5595 ››
3402 5546 3458 5600 id
3494 5551 3602 5616 est,

1949 5650 2005 5700 te
2037 5639 2406 5704 laudabilem,
2436 5637 2587 5691 sicut
2637 5637 2706 5692 de
2755 5635 3046 5692 creatione
3078 5634 3205 5692 caeli
3237 5634 3508 5692 Christus
3543 5637 3600 5688 in
