  <div class='ocr_page' id='page_1' title='image "/cluster/home/n/w/nwhite01/storage/ocr_20150623/116/hvd.32044054759808/163.png"; bbox 0 0 4092 6178; ppageno 0'>
   <div class='ocr_carea' id='block_1_1' title="bbox 451 290 565 355">
    <p class='ocr_par' dir='ltr' id='par_1_1' title="bbox 451 290 565 355">
     <span class='ocr_line' id='line_1_1' title="bbox 451 290 565 355; baseline -0.009 0"><span class='ocrx_word' id='word_1_1' title='bbox 451 290 565 355; x_wconf 80' lang='grc'>315</span> 
     </span>
    </p>
   </div>
   <div class='ocr_carea' id='block_1_2' title="bbox 867 282 3428 354">
    <p class='ocr_par' dir='ltr' id='par_1_2' title="bbox 867 282 3428 354">
     <span class='ocr_line' id='line_1_2' title="bbox 867 282 3428 354; baseline -0.003 -2"><span class='ocrx_word' id='word_1_2' title='bbox 867 289 1276 354; x_wconf 85' lang='lat' dir='ltr'>HAYMONIS</span> <span class='ocrx_word' id='word_1_3' title='bbox 1309 288 1852 352; x_wconf 82' lang='lat' dir='ltr'>HALBERSTAT.</span> <span class='ocrx_word' id='word_1_4' title='bbox 1886 282 2130 348; x_wconf 87' lang='lat' dir='ltr'>EPISC.</span> <span class='ocrx_word' id='word_1_5' title='bbox 2164 284 2335 346; x_wconf 92' lang='lat' dir='ltr'>OPP.</span> <span class='ocrx_word' id='word_1_6' title='bbox 2369 283 2570 346; x_wconf 83' lang='lat' dir='ltr'><strong>PARS</strong></span> <span class='ocrx_word' id='word_1_7' title='bbox 2603 284 2652 347; x_wconf 92' lang='grc' dir='ltr'><strong>Ῑ.</strong></span> <span class='ocrx_word' id='word_1_8' title='bbox 2683 318 2761 328; x_wconf 92' lang='grc'><strong>-</strong></span> <span class='ocrx_word' id='word_1_9' title='bbox 2790 283 3197 347; x_wconf 89' lang='lat' dir='ltr'>COMMENT.</span> <span class='ocrx_word' id='word_1_10' title='bbox 3231 283 3428 346; x_wconf 88' lang='lat' dir='ltr'>BIBL.</span> 
     </span>
    </p>
   </div>
   <div class='ocr_carea' id='block_1_3' title="bbox 3732 285 3849 346">
    <p class='ocr_par' dir='ltr' id='par_1_3' title="bbox 3732 285 3849 346">
     <span class='ocr_line' id='line_1_3' title="bbox 3732 285 3849 346; baseline 0 0"><span class='ocrx_word' id='word_1_11' title='bbox 3732 285 3849 346; x_wconf 83' lang='grc'>316</span> 
     </span>
    </p>
   </div>
   <div class='ocr_carea' id='block_1_4' title="bbox 451 416 3860 501">
    <p class='ocr_par' dir='ltr' id='par_1_4' title="bbox 451 416 3860 501">
     <span class='ocr_line' id='line_1_4' title="bbox 451 416 3860 501; baseline -0.002 -18"><span class='ocrx_word' id='word_1_12' title='bbox 451 425 687 501; x_wconf 91' lang='lat' dir='ltr'>propria</span> <span class='ocrx_word' id='word_1_13' title='bbox 716 442 964 500; x_wconf 80' lang='lat' dir='ltr'>persona</span> <span class='ocrx_word' id='word_1_14' title='bbox 992 424 1226 480; x_wconf 88' lang='lat' dir='ltr'>laudem</span> <span class='ocrx_word' id='word_1_15' title='bbox 1272 423 1370 479; x_wconf 91' lang='lat' dir='ltr'>Dei</span> <span class='ocrx_word' id='word_1_16' title='bbox 1423 421 1813 492; x_wconf 87' lang='lat' dir='ltr'>annuntiavit,</span> <span class='ocrx_word' id='word_1_17' title='bbox 1844 425 1900 476; x_wconf 92' lang='lat' dir='ltr'>et</span> <span class='ocrx_word' id='word_1_18' title='bbox 1923 420 2096 476; x_wconf 90' lang='lat' dir='ltr'>etiam</span> <span class='ocrx_word' id='word_1_19' title='bbox 2129 419 2184 486; x_wconf 83' lang='grc' dir='ltr'><strong>Α</strong></span> <span class='ocrx_word' id='word_1_20' title='bbox 2281 419 2470 475; x_wconf 90' lang='lat' dir='ltr'>Verba</span> <span class='ocrx_word' id='word_1_21' title='bbox 2500 423 2639 476; x_wconf 90' lang='lat' dir='ltr'>sunt</span> <span class='ocrx_word' id='word_1_22' title='bbox 2686 417 2990 490; x_wconf 78' lang='lat' dir='ltr'>iniquitas,</span> <span class='ocrx_word' id='word_1_23' title='bbox 3024 422 3082 473; x_wconf 89' lang='lat' dir='ltr'>et</span> <span class='ocrx_word' id='word_1_24' title='bbox 3109 417 3287 473; x_wconf 91' lang='lat' dir='ltr'>etiam</span> <span class='ocrx_word' id='word_1_25' title='bbox 3317 417 3377 472; x_wconf 90' lang='lat' dir='ltr'>in</span> <span class='ocrx_word' id='word_1_26' title='bbox 3408 416 3742 491; x_wconf 82' lang='lat' dir='ltr'>cognitione</span> <span class='ocrx_word' id='word_1_27' title='bbox 3774 422 3860 475; x_wconf 79' lang='lat' dir='ltr'>est</span> 
     </span>
    </p>
   </div>
   <div class='ocr_carea' id='block_1_5' title="bbox 452 511 2100 589">
    <p class='ocr_par' dir='ltr' id='par_1_5' title="bbox 452 511 2100 589">
     <span class='ocr_line' id='line_1_5' title="bbox 452 511 2100 589; baseline -0.005 -18"><span class='ocrx_word' id='word_1_28' title='bbox 452 533 554 589; x_wconf 88' lang='lat' dir='ltr'>per</span> <span class='ocrx_word' id='word_1_29' title='bbox 575 516 681 570; x_wconf 93' lang='lat' dir='ltr'>hos</span> <span class='ocrx_word' id='word_1_30' title='bbox 704 516 895 582; x_wconf 89' lang='lat' dir='ltr'>hodie,</span> <span class='ocrx_word' id='word_1_31' title='bbox 923 532 1023 586; x_wconf 86' lang='lat' dir='ltr'>per</span> <span class='ocrx_word' id='word_1_32' title='bbox 1049 531 1197 585; x_wconf 91' lang='lat' dir='ltr'>quos</span> <span class='ocrx_word' id='word_1_33' title='bbox 1223 513 1503 584; x_wconf 79' lang='lat' dir='ltr'>loquitur,</span> <span class='ocrx_word' id='word_1_34' title='bbox 1539 512 1663 583; x_wconf 89' lang='lat' dir='ltr'>ipse</span> <span class='ocrx_word' id='word_1_35' title='bbox 1695 511 2100 566; x_wconf 88' lang='lat' dir='ltr'>annuntiatur.</span> 
     </span>
    </p>
   </div>
   <div class='ocr_carea' id='block_1_6' title="bbox 451 600 2102 674">
    <p class='ocr_par' dir='ltr' id='par_1_6' title="bbox 451 600 2102 674">
     <span class='ocr_line' id='line_1_6' title="bbox 451 600 2102 674; baseline -0.005 -14"><span class='ocrx_word' id='word_1_36' title='bbox 451 606 613 672; x_wconf 84' lang='lat' dir='ltr'>Quod</span> <span class='ocrx_word' id='word_1_37' title='bbox 635 604 774 659; x_wconf 91' lang='lat' dir='ltr'>dicit</span> <span class='ocrx_word' id='word_1_38' title='bbox 812 603 1074 674; x_wconf 78' lang='lat' dir='ltr'>linguam</span> <span class='ocrx_word' id='word_1_39' title='bbox 1108 602 1402 668; x_wconf 88' lang='lat' dir='ltr'>meditari,</span> <span class='ocrx_word' id='word_1_40' title='bbox 1439 603 1593 672; x_wconf 88' lang='lat' dir='ltr'>quod</span> <span class='ocrx_word' id='word_1_41' title='bbox 1627 600 1817 654; x_wconf 82' lang='lat' dir='ltr'>cordis</span> <span class='ocrx_word' id='word_1_42' title='bbox 1850 604 1936 653; x_wconf 86' lang='lat' dir='ltr'>est</span> <span class='ocrx_word' id='word_1_43' title='bbox 1967 615 2102 669; x_wconf 84' lang='lat' dir='ltr'>pro-</span> 
     </span>
    </p>
   </div>
   <div class='ocr_carea' id='block_1_7' title="bbox 449 688 2102 766">
    <p class='ocr_par' dir='ltr' id='par_1_7' title="bbox 449 688 2102 766">
     <span class='ocr_line' id='line_1_7' title="bbox 449 688 2102 766; baseline -0.003 -19"><span class='ocrx_word' id='word_1_44' title='bbox 449 694 641 766; x_wconf 83' lang='lat' dir='ltr'>prium</span> <span class='ocrx_word' id='word_1_45' title='bbox 674 693 879 759; x_wconf 83' lang='lat' dir='ltr'>facere,</span> <span class='ocrx_word' id='word_1_46' title='bbox 914 711 980 747; x_wconf 81' lang='lat' dir='ltr'>ex</span> <span class='ocrx_word' id='word_1_47' title='bbox 1014 691 1226 746; x_wconf 84' lang='lat' dir='ltr'>unione</span> <span class='ocrx_word' id='word_1_48' title='bbox 1268 691 1690 756; x_wconf 79' lang='lat' dir='ltr'>membrorum,</span> <span class='ocrx_word' id='word_1_49' title='bbox 1725 689 1879 760; x_wconf 88' lang='lat' dir='ltr'>quod</span> <span class='ocrx_word' id='word_1_50' title='bbox 1911 688 2102 742; x_wconf 86' lang='lat' dir='ltr'>cordis</span> 
     </span>
    </p>
   </div>
   <div class='ocr_carea' id='block_1_8' title="bbox 449 780 1120 854">
    <p class='ocr_par' dir='ltr' id='par_1_8' title="bbox 449 780 1120 854">
     <span class='ocr_line' id='line_1_8' title="bbox 449 780 1120 854; baseline -0.004 -17"><span class='ocrx_word' id='word_1_51' title='bbox 449 785 556 849; x_wconf 88' lang='lat' dir='ltr'>est,</span> <span class='ocrx_word' id='word_1_52' title='bbox 586 781 798 854; x_wconf 72' lang='lat' dir='ltr'>linguae</span> <span class='ocrx_word' id='word_1_53' title='bbox 832 780 1120 835; x_wconf 82' lang='lat' dir='ltr'>attribuit.</span> 
     </span>
    </p>
   </div>
   <div class='ocr_carea' id='block_1_9' title="bbox 915 869 1638 925">
    <p class='ocr_par' dir='ltr' id='par_1_9' title="bbox 915 869 1638 925">
     <span class='ocr_line' id='line_1_9' title="bbox 915 869 1638 925; baseline -0.001 -2"><span class='ocrx_word' id='word_1_54' title='bbox 915 871 983 924; x_wconf 89' lang='lat' dir='ltr'>IN</span> <span class='ocrx_word' id='word_1_55' title='bbox 1027 869 1373 925; x_wconf 79' lang='lat' dir='ltr'>PSALMUM</span> <span class='ocrx_word' id='word_1_56' title='bbox 1429 869 1638 923; x_wconf 84' lang='lat' dir='ltr'><strong>XXXV.</strong></span> 
     </span>
    </p>
   </div>
   <div class='ocr_carea' id='block_1_10' title="bbox 652 956 1896 1029">
    <p class='ocr_par' dir='ltr' id='par_1_10' title="bbox 652 956 1896 1029">
     <span class='ocr_line' id='line_1_10' title="bbox 652 956 1896 1029; baseline -0.004 -15"><span class='ocrx_word' id='word_1_57' title='bbox 652 961 928 1014; x_wconf 79' lang='lat' dir='ltr'>TITULUS.</span> <span class='ocrx_word' id='word_1_58' title='bbox 961 960 1022 1013; x_wconf 87' lang='lat' dir='ltr'>In</span> <span class='ocrx_word' id='word_1_59' title='bbox 1053 960 1219 1029; x_wconf 81' lang='lat' dir='ltr'>ﬁnem.</span> <span class='ocrx_word' id='word_1_60' title='bbox 1250 975 1401 1014; x_wconf 71' lang='lat' dir='ltr'>servo</span> <span class='ocrx_word' id='word_1_61' title='bbox 1453 959 1677 1013; x_wconf 80' lang='lat' dir='ltr'>Domini</span> <span class='ocrx_word' id='word_1_62' title='bbox 1707 956 1896 1011; x_wconf 76' lang='lat' dir='ltr'>David.</span> 
     </span>
    </p>
   </div>
   <div class='ocr_carea' id='block_1_11' title="bbox 521 1044 2104 1118">
    <p class='ocr_par' dir='ltr' id='par_1_11' title="bbox 521 1044 2104 1118">
     <span class='ocr_line' id='line_1_11' title="bbox 521 1044 2104 1118; baseline -0.004 -15"><span class='ocrx_word' id='word_1_63' title='bbox 521 1071 546 1099; x_wconf 91' lang='grc'><em>‹‹</em></span> <span class='ocrx_word' id='word_1_64' title='bbox 573 1048 725 1104; x_wconf 75' lang='lat' dir='ltr'>Dixit</span> <span class='ocrx_word' id='word_1_65' title='bbox 756 1049 1035 1118; x_wconf 86' lang='lat' dir='ltr'>injuslus.</span> <span class='ocrx_word' id='word_1_66' title='bbox 1075 1071 1099 1096; x_wconf 88' lang='grc'><strong>››</strong></span> <span class='ocrx_word' id='word_1_67' title='bbox 1137 1047 1405 1102; x_wconf 86' lang='lat' dir='ltr'>Psalmus</span> <span class='ocrx_word' id='word_1_68' title='bbox 1437 1047 1547 1102; x_wconf 87' lang='lat' dir='ltr'>iste</span> <span class='ocrx_word' id='word_1_69' title='bbox 1579 1045 1845 1102; x_wconf 90' lang='lat' dir='ltr'>convenit</span> <span class='ocrx_word' id='word_1_70' title='bbox 1874 1044 2104 1115; x_wconf 83' lang='lat' dir='ltr'>prOprie</span> 
     </span>
    </p>
   </div>
   <div class='ocr_carea' id='block_1_12' title="bbox 445 1133 2104 1210">
    <p class='ocr_par' dir='ltr' id='par_1_12' title="bbox 445 1133 2104 1210">
     <span class='ocr_line' id='line_1_12' title="bbox 445 1133 2104 1210; baseline -0.003 -18"><span class='ocrx_word' id='word_1_71' title='bbox 445 1137 739 1210; x_wconf 65' lang='lat' dir='ltr'>propheta:</span> <span class='ocrx_word' id='word_1_72' title='bbox 800 1136 978 1192; x_wconf 81' lang='lat' dir='ltr'>David</span> <span class='ocrx_word' id='word_1_73' title='bbox 1040 1153 1204 1191; x_wconf 88' lang='lat' dir='ltr'>servo</span> <span class='ocrx_word' id='word_1_74' title='bbox 1261 1135 1494 1190; x_wconf 89' lang='lat' dir='ltr'>Domini</span> <span class='ocrx_word' id='word_1_75' title='bbox 1531 1152 1544 1189; x_wconf 85' lang='lat'><strong>:</strong></span> <span class='ocrx_word' id='word_1_76' title='bbox 1593 1135 1691 1207; x_wconf 85' lang='lat' dir='ltr'>qui</span> <span class='ocrx_word' id='word_1_77' title='bbox 1727 1135 1869 1188; x_wconf 91' lang='lat' dir='ltr'>bene</span> <span class='ocrx_word' id='word_1_78' title='bbox 1904 1133 1961 1188; x_wconf 91' lang='lat' dir='ltr'>in</span> <span class='ocrx_word' id='word_1_79' title='bbox 1994 1133 2104 1188; x_wconf 93' lang='lat' dir='ltr'>hoc</span> 
     </span>
    </p>
   </div>
   <div class='ocr_carea' id='block_1_13' title="bbox 445 1221 2104 1300">
    <p class='ocr_par' dir='ltr' id='par_1_13' title="bbox 445 1221 2104 1300">
     <span class='ocr_line' id='line_1_13' title="bbox 445 1221 2104 1300; baseline -0.004 -18"><span class='ocrx_word' id='word_1_80' title='bbox 445 1225 672 1300; x_wconf 87' lang='lat' dir='ltr'>psalmo</span> <span class='ocrx_word' id='word_1_81' title='bbox 719 1225 1134 1297; x_wconf 82' lang='lat' dir='ltr'>comprobatur</span> <span class='ocrx_word' id='word_1_82' title='bbox 1191 1242 1392 1280; x_wconf 87' lang='lat' dir='ltr'>servus</span> <span class='ocrx_word' id='word_1_83' title='bbox 1451 1223 1702 1290; x_wconf 87' lang='lat' dir='ltr'>Domini,</span> <span class='ocrx_word' id='word_1_84' title='bbox 1738 1222 1875 1294; x_wconf 88' lang='lat' dir='ltr'>quia</span> <span class='ocrx_word' id='word_1_85' title='bbox 1906 1221 1964 1276; x_wconf 92' lang='lat' dir='ltr'>in</span> <span class='ocrx_word' id='word_1_86' title='bbox 1995 1222 2104 1276; x_wconf 90' lang='lat' dir='ltr'>hoc</span> 
     </span>
    </p>
   </div>
   <div class='ocr_carea' id='block_1_14' title="bbox 444 1314 2103 1389">
    <p class='ocr_par' dir='ltr' id='par_1_14' title="bbox 444 1314 2103 1389">
     <span class='ocr_line' id='line_1_14' title="bbox 444 1314 2103 1389; baseline -0.004 -18"><span class='ocrx_word' id='word_1_87' title='bbox 444 1315 672 1389; x_wconf 89' lang='lat' dir='ltr'>psalmo</span> <span class='ocrx_word' id='word_1_88' title='bbox 695 1314 952 1370; x_wconf 87' lang='lat' dir='ltr'>ostendit</span> <span class='ocrx_word' id='word_1_89' title='bbox 975 1318 1339 1386; x_wconf 88' lang='lat' dir='ltr'>peccatorem</span> <span class='ocrx_word' id='word_1_90' title='bbox 1363 1314 1560 1368; x_wconf 85' lang='lat' dir='ltr'>omnia</span> <span class='ocrx_word' id='word_1_91' title='bbox 1581 1317 1818 1384; x_wconf 85' lang='lat' dir='ltr'>peccata</span> <span class='ocrx_word' id='word_1_92' title='bbox 1849 1329 1956 1366; x_wconf 91' lang='lat' dir='ltr'>sua</span> <span class='ocrx_word' id='word_1_93' title='bbox 1989 1328 2103 1366; x_wconf 91' lang='lat' dir='ltr'>non</span> 
     </span>
    </p>
   </div>
   <div class='ocr_carea' id='block_1_15' title="bbox 443 1399 2105 1473">
    <p class='ocr_par' dir='ltr' id='par_1_15' title="bbox 443 1399 2105 1473">
     <span class='ocr_line' id='line_1_15' title="bbox 443 1399 2105 1473; baseline -0.003 -12"><span class='ocrx_word' id='word_1_94' title='bbox 443 1405 634 1473; x_wconf 91' lang='lat' dir='ltr'>aDeo,</span> <span class='ocrx_word' id='word_1_95' title='bbox 669 1406 770 1460; x_wconf 90' lang='lat' dir='ltr'>sed</span> <span class='ocrx_word' id='word_1_96' title='bbox 804 1421 871 1459; x_wconf 79' lang='lat' dir='ltr'>ex</span> <span class='ocrx_word' id='word_1_97' title='bbox 901 1422 962 1459; x_wconf 92' lang='lat' dir='ltr'>se</span> <span class='ocrx_word' id='word_1_98' title='bbox 993 1403 1198 1458; x_wconf 85' lang='lat' dir='ltr'>omnia</span> <span class='ocrx_word' id='word_1_99' title='bbox 1255 1403 1491 1457; x_wconf 89' lang='lat' dir='ltr'>habere.</span> <span class='ocrx_word' id='word_1_100' title='bbox 1525 1402 1762 1457; x_wconf 89' lang='lat' dir='ltr'>Justum</span> <span class='ocrx_word' id='word_1_101' title='bbox 1794 1417 1925 1455; x_wconf 90' lang='lat' dir='ltr'>vero</span> <span class='ocrx_word' id='word_1_102' title='bbox 1958 1399 2105 1456; x_wconf 89' lang='lat' dir='ltr'>nihil</span> 
     </span>
    </p>
   </div>
   <div class='ocr_carea' id='block_1_16' title="bbox 435 1473 2104 1567">
    <p class='ocr_par' dir='ltr' id='par_1_16' title="bbox 435 1473 2104 1567">
     <span class='ocr_line' id='line_1_16' title="bbox 435 1473 2104 1567; baseline -0.004 -17"><span class='ocrx_word' id='word_1_103' title='bbox 435 1493 702 1567; x_wconf 71' lang='lat' dir='ltr'>justitiaa,</span> <span class='ocrx_word' id='word_1_104' title='bbox 730 1493 843 1548; x_wconf 88' lang='lat' dir='ltr'>nisi</span> <span class='ocrx_word' id='word_1_105' title='bbox 875 1511 942 1548; x_wconf 82' lang='lat' dir='ltr'>ex</span> <span class='ocrx_word' id='word_1_106' title='bbox 975 1492 1159 1548; x_wconf 90' lang='lat' dir='ltr'>solius</span> <span class='ocrx_word' id='word_1_107' title='bbox 1191 1492 1291 1547; x_wconf 89' lang='lat' dir='ltr'>Dei</span> <span class='ocrx_word' id='word_1_108' title='bbox 1325 1491 1537 1564; x_wconf 86' lang='lat' dir='ltr'>pietate</span> <span class='ocrx_word' id='word_1_109' title='bbox 1570 1491 1802 1545; x_wconf 88' lang='lat' dir='ltr'>habere.</span> <span class='ocrx_word' id='word_1_110' title='bbox 1838 1473 2104 1545; x_wconf 79' lang='lat' dir='ltr'>Psalmus</span> 
     </span>
    </p>
   </div>
   <div class='ocr_carea' id='block_1_17' title="bbox 2158 507 3858 581">
    <p class='ocr_par' dir='ltr' id='par_1_17' title="bbox 2158 507 3858 581">
     <span class='ocr_line' id='line_1_17' title="bbox 2158 507 3858 581; baseline -0.001 -17"><span class='ocrx_word' id='word_1_111' title='bbox 2158 551 2162 556; x_wconf 83' lang='lat'>.</span> <span class='ocrx_word' id='word_1_112' title='bbox 2213 510 2599 581; x_wconf 77' lang='lat' dir='ltr'>iniquitaszet</span> <span class='ocrx_word' id='word_1_113' title='bbox 2620 509 2726 564; x_wconf 88' lang='lat' dir='ltr'>hoc</span> <span class='ocrx_word' id='word_1_114' title='bbox 2758 512 2846 563; x_wconf 90' lang='lat' dir='ltr'>est</span> <span class='ocrx_word' id='word_1_115' title='bbox 2879 529 2907 556; x_wconf 86' lang='lat'><strong>«</strong></span> <span class='ocrx_word' id='word_1_116' title='bbox 2939 507 3310 579; x_wconf 88' lang='lat' dir='ltr'>iniquitatem</span> <span class='ocrx_word' id='word_1_117' title='bbox 3343 507 3658 562; x_wconf 86' lang='lat' dir='ltr'>meditatus</span> <span class='ocrx_word' id='word_1_118' title='bbox 3693 507 3858 563; x_wconf 87' lang='lat' dir='ltr'>estin</span> 
     </span>
    </p>
   </div>
   <div class='ocr_carea' id='block_1_18' title="bbox 2214 594 3856 667">
    <p class='ocr_par' dir='ltr' id='par_1_18' title="bbox 2214 594 3856 667">
     <span class='ocr_line' id='line_1_18' title="bbox 2214 594 3856 667; baseline -0.003 -12"><span class='ocrx_word' id='word_1_119' title='bbox 2214 599 2391 655; x_wconf 86' lang='lat' dir='ltr'>cubili</span> <span class='ocrx_word' id='word_1_120' title='bbox 2419 616 2576 664; x_wconf 70' lang='lat' dir='ltr'>suo,»</span> <span class='ocrx_word' id='word_1_121' title='bbox 2605 597 2660 652; x_wconf 90' lang='lat' dir='ltr'>id</span> <span class='ocrx_word' id='word_1_122' title='bbox 2685 601 2793 661; x_wconf 87' lang='lat' dir='ltr'>est,</span> <span class='ocrx_word' id='word_1_123' title='bbox 2815 597 2873 650; x_wconf 91' lang='lat' dir='ltr'>in</span> <span class='ocrx_word' id='word_1_124' title='bbox 2899 597 3069 650; x_wconf 89' lang='lat' dir='ltr'>corde</span> <span class='ocrx_word' id='word_1_125' title='bbox 3090 597 3242 667; x_wconf 90' lang='lat' dir='ltr'>quod</span> <span class='ocrx_word' id='word_1_126' title='bbox 3267 594 3456 650; x_wconf 89' lang='lat' dir='ltr'>cubile</span> <span class='ocrx_word' id='word_1_127' title='bbox 3476 595 3604 650; x_wconf 90' lang='lat' dir='ltr'>ideo</span> <span class='ocrx_word' id='word_1_128' title='bbox 3627 595 3856 664; x_wconf 89' lang='lat' dir='ltr'>dicitur,</span> 
     </span>
    </p>
   </div>
   <div class='ocr_carea' id='block_1_19' title="bbox 2215 683 3862 761">
    <p class='ocr_par' dir='ltr' id='par_1_19' title="bbox 2215 683 3862 761">
     <span class='ocr_line' id='line_1_19' title="bbox 2215 683 3862 761; baseline -0.001 -18"><span class='ocrx_word' id='word_1_129' title='bbox 2215 689 2352 761; x_wconf 87' lang='lat' dir='ltr'>quia</span> <span class='ocrx_word' id='word_1_130' title='bbox 2386 688 2540 742; x_wconf 89' lang='lat' dir='ltr'>sicut</span> <span class='ocrx_word' id='word_1_131' title='bbox 2563 687 2619 740; x_wconf 94' lang='lat' dir='ltr'>in</span> <span class='ocrx_word' id='word_1_132' title='bbox 2643 685 2819 740; x_wconf 91' lang='lat' dir='ltr'>cubili</span> <span class='ocrx_word' id='word_1_133' title='bbox 2859 702 2963 740; x_wconf 94' lang='lat' dir='ltr'>suo</span> <span class='ocrx_word' id='word_1_134' title='bbox 2995 685 3229 756; x_wconf 83' lang='lat' dir='ltr'>aliquis,</span> <span class='ocrx_word' id='word_1_135' title='bbox 3264 683 3348 739; x_wconf 91' lang='lat' dir='ltr'>sic</span> <span class='ocrx_word' id='word_1_136' title='bbox 3377 683 3435 738; x_wconf 90' lang='lat' dir='ltr'>in</span> <span class='ocrx_word' id='word_1_137' title='bbox 3467 685 3638 739; x_wconf 90' lang='lat' dir='ltr'>corde</span> <span class='ocrx_word' id='word_1_138' title='bbox 3667 685 3862 741; x_wconf 83' lang='lat' dir='ltr'>anima</span> 
     </span>
    </p>
   </div>
   <div class='ocr_carea' id='block_1_20' title="bbox 2215 773 3860 848">
    <p class='ocr_par' dir='ltr' id='par_1_20' title="bbox 2215 773 3860 848">
     <span class='ocr_line' id='line_1_20' title="bbox 2215 773 3860 848; baseline -0.002 -15"><span class='ocrx_word' id='word_1_139' title='bbox 2215 777 2411 833; x_wconf 85' lang='lat' dir='ltr'>stultis</span> <span class='ocrx_word' id='word_1_140' title='bbox 2442 781 2726 848; x_wconf 87' lang='lat' dir='ltr'>occupata</span> <span class='ocrx_word' id='word_1_141' title='bbox 2769 774 3240 846; x_wconf 88' lang='lat' dir='ltr'>cogitationibus,</span> <span class='ocrx_word' id='word_1_142' title='bbox 3273 773 3584 844; x_wconf 88' lang='lat' dir='ltr'>requiescit</span> <span class='ocrx_word' id='word_1_143' title='bbox 3615 790 3627 828; x_wconf 93' lang='lat'><strong>:</strong></span> <span class='ocrx_word' id='word_1_144' title='bbox 3661 779 3717 828; x_wconf 89' lang='lat' dir='ltr'>et</span> <span class='ocrx_word' id='word_1_145' title='bbox 3749 791 3860 830; x_wconf 89' lang='lat' dir='ltr'>non</span> 
     </span>
    </p>
   </div>
   <div class='ocr_carea' id='block_1_21' title="bbox 2215 862 3855 936">
    <p class='ocr_par' dir='ltr' id='par_1_21' title="bbox 2215 862 3855 936">
     <span class='ocr_line' id='line_1_21' title="bbox 2215 862 3855 936; baseline -0.004 -14"><span class='ocrx_word' id='word_1_146' title='bbox 2215 872 2444 923; x_wconf 89' lang='lat' dir='ltr'>tantum</span> <span class='ocrx_word' id='word_1_147' title='bbox 2478 865 2797 920; x_wconf 83' lang='lat' dir='ltr'>meditatur</span> <span class='ocrx_word' id='word_1_148' title='bbox 2825 863 3218 936; x_wconf 88' lang='lat' dir='ltr'>iniquitatem,</span> <span class='ocrx_word' id='word_1_149' title='bbox 3253 863 3354 918; x_wconf 88' lang='lat' dir='ltr'>sed</span> <span class='ocrx_word' id='word_1_150' title='bbox 3385 862 3562 918; x_wconf 89' lang='lat' dir='ltr'>etiam</span> <span class='ocrx_word' id='word_1_151' title='bbox 3599 863 3855 919; x_wconf 65' lang='lat' dir='ltr'>«astitit»</span> 
     </span>
    </p>
   </div>
   <div class='ocr_carea' id='block_1_22' title="bbox 2215 952 3861 1012">
    <p class='ocr_par' dir='ltr' id='par_1_22' title="bbox 2215 952 3861 1012">
     <span class='ocr_line' id='line_1_22' title="bbox 2215 952 3861 1012; baseline -0.002 -1"><span class='ocrx_word' id='word_1_152' title='bbox 2215 956 2551 1012; x_wconf 87' lang='lat' dir='ltr'>diutissime</span> <span class='ocrx_word' id='word_1_153' title='bbox 2573 954 2939 1009; x_wconf 91' lang='lat' dir='ltr'>immorando</span> <span class='ocrx_word' id='word_1_154' title='bbox 2970 972 2990 1002; x_wconf 77' lang='grc' dir='ltr'><strong>α</strong></span> <span class='ocrx_word' id='word_1_155' title='bbox 3017 952 3174 1008; x_wconf 91' lang='lat' dir='ltr'>omni</span> <span class='ocrx_word' id='word_1_156' title='bbox 3205 952 3307 1008; x_wconf 66' lang='lat' dir='ltr'>viae</span> <span class='ocrx_word' id='word_1_157' title='bbox 3339 969 3454 1007; x_wconf 90' lang='lat' dir='ltr'>non</span> <span class='ocrx_word' id='word_1_158' title='bbox 3485 953 3861 1008; x_wconf 70' lang='lat' dir='ltr'>bonaanomni</span> 
     </span>
    </p>
   </div>
   <div class='ocr_carea' id='block_1_23' title="bbox 2215 1041 3859 1116">
    <p class='ocr_par' dir='ltr' id='par_1_23' title="bbox 2215 1041 3859 1116">
     <span class='ocr_line' id='line_1_23' title="bbox 2215 1041 3859 1116; baseline -0.002 -16"><span class='ocrx_word' id='word_1_159' title='bbox 2215 1044 2380 1100; x_wconf 64' lang='lat' dir='ltr'>mala:</span> <span class='ocrx_word' id='word_1_160' title='bbox 2413 1042 2756 1116; x_wconf 88' lang='lat' dir='ltr'>operationi,</span> <span class='ocrx_word' id='word_1_161' title='bbox 2791 1041 3034 1108; x_wconf 89' lang='lat' dir='ltr'>scilicet,</span> <span class='ocrx_word' id='word_1_162' title='bbox 3069 1057 3203 1096; x_wconf 91' lang='lat' dir='ltr'>cum</span> <span class='ocrx_word' id='word_1_163' title='bbox 3236 1041 3465 1096; x_wconf 84' lang='lat' dir='ltr'>furibus</span> <span class='ocrx_word' id='word_1_164' title='bbox 3496 1041 3722 1096; x_wconf 86' lang='lat' dir='ltr'>furatus</span> <span class='ocrx_word' id='word_1_165' title='bbox 3753 1043 3859 1110; x_wconf 92' lang='lat' dir='ltr'>est,</span> 
     </span>
    </p>
   </div>
   <div class='ocr_carea' id='block_1_24' title="bbox 2214 1130 3861 1196">
    <p class='ocr_par' dir='ltr' id='par_1_24' title="bbox 2214 1130 3861 1196">
     <span class='ocr_line' id='line_1_24' title="bbox 2214 1130 3861 1196; baseline -0.003 -5"><span class='ocrx_word' id='word_1_166' title='bbox 2214 1152 2348 1191; x_wconf 91' lang='lat' dir='ltr'>cum</span> <span class='ocrx_word' id='word_1_167' title='bbox 2378 1132 2621 1189; x_wconf 72' lang='lat' dir='ltr'>moechis</span> <span class='ocrx_word' id='word_1_168' title='bbox 2644 1131 2968 1186; x_wconf 83' lang='lat' dir='ltr'>moechatus</span> <span class='ocrx_word' id='word_1_169' title='bbox 2999 1135 3106 1196; x_wconf 89' lang='lat' dir='ltr'>est,</span> <span class='ocrx_word' id='word_1_170' title='bbox 3125 1130 3311 1186; x_wconf 85' lang='lat' dir='ltr'>etc.Et</span> <span class='ocrx_word' id='word_1_171' title='bbox 3341 1147 3475 1186; x_wconf 89' lang='lat' dir='ltr'>cum</span> <span class='ocrx_word' id='word_1_172' title='bbox 3506 1134 3720 1186; x_wconf 88' lang='lat' dir='ltr'>natura</span> <span class='ocrx_word' id='word_1_173' title='bbox 3748 1131 3861 1186; x_wconf 81' lang='lat' dir='ltr'>exi-</span> 
     </span>
    </p>
   </div>
   <div class='ocr_carea' id='block_1_25' title="bbox 2213 1218 3865 1297">
    <p class='ocr_par' dir='ltr' id='par_1_25' title="bbox 2213 1218 3865 1297">
     <span class='ocr_line' id='line_1_25' title="bbox 2213 1218 3865 1297; baseline -0.002 -18"><span class='ocrx_word' id='word_1_174' title='bbox 2213 1229 2395 1297; x_wconf 81' lang='lat' dir='ltr'>geret,</span> <span class='ocrx_word' id='word_1_175' title='bbox 2428 1226 2492 1278; x_wconf 92' lang='lat' dir='ltr'>ut</span> <span class='ocrx_word' id='word_1_176' title='bbox 2521 1221 2645 1294; x_wconf 89' lang='lat' dir='ltr'>ipse</span> <span class='ocrx_word' id='word_1_177' title='bbox 2675 1220 2735 1274; x_wconf 90' lang='lat' dir='ltr'>in</span> <span class='ocrx_word' id='word_1_178' title='bbox 2765 1236 2827 1274; x_wconf 92' lang='lat' dir='ltr'>se</span> <span class='ocrx_word' id='word_1_179' title='bbox 2859 1223 2915 1274; x_wconf 89' lang='lat' dir='ltr'>et</span> <span class='ocrx_word' id='word_1_180' title='bbox 2944 1220 3001 1273; x_wconf 90' lang='lat' dir='ltr'>in</span> <span class='ocrx_word' id='word_1_181' title='bbox 3033 1218 3164 1274; x_wconf 88' lang='lat' dir='ltr'>aliis</span> <span class='ocrx_word' id='word_1_182' title='bbox 3213 1218 3368 1274; x_wconf 89' lang='lat' dir='ltr'>mala</span> <span class='ocrx_word' id='word_1_183' title='bbox 3409 1218 3614 1288; x_wconf 86' lang='lat' dir='ltr'>odiret,</span> <span class='ocrx_word' id='word_1_184' title='bbox 3651 1241 3680 1270; x_wconf 88' lang='lat'><strong><em>«</em></strong></span> <span class='ocrx_word' id='word_1_185' title='bbox 3704 1219 3865 1276; x_wconf 90' lang='lat' dir='ltr'>mali-</span> 
     </span>
    </p>
   </div>
   <div class='ocr_carea' id='block_1_26' title="bbox 2215 1307 3865 1383">
    <p class='ocr_par' dir='ltr' id='par_1_26' title="bbox 2215 1307 3865 1383">
     <span class='ocr_line' id='line_1_26' title="bbox 2215 1307 3865 1383; baseline -0.002 -15"><span class='ocrx_word' id='word_1_186' title='bbox 2215 1313 2356 1368; x_wconf 87' lang='lat' dir='ltr'>tiam</span> <span class='ocrx_word' id='word_1_187' title='bbox 2375 1329 2490 1367; x_wconf 90' lang='lat' dir='ltr'>non</span> <span class='ocrx_word' id='word_1_188' title='bbox 2521 1309 2722 1378; x_wconf 90' lang='lat' dir='ltr'>odivit,</span> <span class='ocrx_word' id='word_1_189' title='bbox 2754 1331 2780 1358; x_wconf 85' lang='grc'><strong>››</strong></span> <span class='ocrx_word' id='word_1_190' title='bbox 2809 1314 2866 1364; x_wconf 88' lang='lat' dir='ltr'>et</span> <span class='ocrx_word' id='word_1_191' title='bbox 2885 1307 2979 1364; x_wconf 92' lang='lat' dir='ltr'>hic</span> <span class='ocrx_word' id='word_1_192' title='bbox 3011 1307 3170 1364; x_wconf 93' lang='lat' dir='ltr'>illius</span> <span class='ocrx_word' id='word_1_193' title='bbox 3201 1307 3462 1380; x_wconf 88' lang='lat' dir='ltr'>nequitia</span> <span class='ocrx_word' id='word_1_194' title='bbox 3491 1307 3744 1366; x_wconf 74' lang='lat' dir='ltr'>maxime</span> <span class='ocrx_word' id='word_1_195' title='bbox 3772 1325 3865 1383; x_wconf 86' lang='lat' dir='ltr'>ag-</span> 
     </span>
    </p>
   </div>
   <div class='ocr_carea' id='block_1_27' title="bbox 2212 1407 2506 1476">
    <p class='ocr_par' dir='ltr' id='par_1_27' title="bbox 2212 1407 2506 1476">
     <span class='ocr_line' id='line_1_27' title="bbox 2212 1407 2506 1476; baseline -0.01 -19"><span class='ocrx_word' id='word_1_196' title='bbox 2212 1407 2506 1476; x_wconf 85' lang='lat' dir='ltr'>gravatur.</span> 
     </span>
    </p>
   </div>
   <div class='ocr_carea' id='block_1_28' title="bbox 2285 1488 3867 1562">
    <p class='ocr_par' dir='ltr' id='par_1_28' title="bbox 2285 1488 3867 1562">
     <span class='ocr_line' id='line_1_28' title="bbox 2285 1488 3867 1562; baseline -0.001 -15"><span class='ocrx_word' id='word_1_197' title='bbox 2285 1492 2390 1547; x_wconf 89' lang='lat' dir='ltr'>Hic</span> <span class='ocrx_word' id='word_1_198' title='bbox 2439 1489 2645 1562; x_wconf 92' lang='lat' dir='ltr'>incipit</span> <span class='ocrx_word' id='word_1_199' title='bbox 2693 1489 2764 1544; x_wconf 92' lang='lat' dir='ltr'>de</span> <span class='ocrx_word' id='word_1_200' title='bbox 2819 1490 3084 1544; x_wconf 88' lang='lat' dir='ltr'>secunda</span> <span class='ocrx_word' id='word_1_201' title='bbox 3116 1493 3303 1560; x_wconf 88' lang='lat' dir='ltr'>parte.</span> <span class='ocrx_word' id='word_1_202' title='bbox 3339 1488 3716 1544; x_wconf 88' lang='lat' dir='ltr'>Continuatio</span> <span class='ocrx_word' id='word_1_203' title='bbox 3751 1507 3764 1544; x_wconf 90' lang='lat'><strong>:</strong></span> <span class='ocrx_word' id='word_1_204' title='bbox 3806 1490 3867 1546; x_wconf 84' lang='lat' dir='ltr'>In</span> 
     </span>
    </p>
   </div>
   <div class='ocr_carea' id='block_1_29' title="bbox 443 1577 3866 1655">
    <p class='ocr_par' dir='ltr' id='par_1_29' title="bbox 443 1577 3866 1655">
     <span class='ocr_line' id='line_1_29' title="bbox 443 1577 3866 1655; baseline -0.001 -17"><span class='ocrx_word' id='word_1_205' title='bbox 443 1583 574 1638; x_wconf 89' lang='lat' dir='ltr'>dico</span> <span class='ocrx_word' id='word_1_206' title='bbox 595 1582 855 1655; x_wconf 89' lang='lat' dir='ltr'>dirigens</span> <span class='ocrx_word' id='word_1_207' title='bbox 878 1583 934 1636; x_wconf 91' lang='lat' dir='ltr'>in</span> <span class='ocrx_word' id='word_1_208' title='bbox 969 1581 1230 1652; x_wconf 81' lang='lat' dir='ltr'>ﬁnem,id</span> <span class='ocrx_word' id='word_1_209' title='bbox 1255 1585 1364 1652; x_wconf 90' lang='lat' dir='ltr'>est,</span> <span class='ocrx_word' id='word_1_210' title='bbox 1393 1581 1712 1635; x_wconf 88' lang='lat' dir='ltr'>Christum.</span> <span class='ocrx_word' id='word_1_211' title='bbox 1739 1579 1984 1634; x_wconf 85' lang='lat' dir='ltr'>Materia</span> <span class='ocrx_word' id='word_1_212' title='bbox 2013 1583 2108 1634; x_wconf 90' lang='lat' dir='ltr'>est</span> <span class='ocrx_word' id='word_1_213' title='bbox 2205 1583 2409 1654; x_wconf 91' lang='lat' dir='ltr'>justus</span> <span class='ocrx_word' id='word_1_214' title='bbox 2433 1581 2608 1635; x_wconf 89' lang='lat' dir='ltr'>habet</span> <span class='ocrx_word' id='word_1_215' title='bbox 2629 1596 2697 1634; x_wconf 85' lang='lat' dir='ltr'>ex</span> <span class='ocrx_word' id='word_1_216' title='bbox 2717 1595 2778 1634; x_wconf 89' lang='lat' dir='ltr'>se</span> <span class='ocrx_word' id='word_1_217' title='bbox 2800 1595 2907 1633; x_wconf 89' lang='lat' dir='ltr'>sua</span> <span class='ocrx_word' id='word_1_218' title='bbox 2929 1583 3192 1650; x_wconf 90' lang='lat' dir='ltr'>peccata,</span> <span class='ocrx_word' id='word_1_219' title='bbox 3215 1579 3336 1645; x_wconf 90' lang='lat' dir='ltr'>sed,</span> <span class='ocrx_word' id='word_1_220' title='bbox 3358 1596 3390 1634; x_wconf 91' lang='grc' dir='ltr'>ο</span> <span class='ocrx_word' id='word_1_221' title='bbox 3416 1600 3443 1629; x_wconf 91' lang='grc'>‹‹</span> <span class='ocrx_word' id='word_1_222' title='bbox 3466 1577 3730 1647; x_wconf 88' lang='lat' dir='ltr'>Domine,</span> <span class='ocrx_word' id='word_1_223' title='bbox 3755 1579 3866 1635; x_wconf 87' lang='lat' dir='ltr'>mi-</span> 
     </span>
    </p>
   </div>
   <div class='ocr_carea' id='block_1_30' title="bbox 433 1667 2102 1744">
    <p class='ocr_par' dir='ltr' id='par_1_30' title="bbox 433 1667 2102 1744">
     <span class='ocr_line' id='line_1_30' title="bbox 433 1667 2102 1744; baseline -0.002 -17"><span class='ocrx_word' id='word_1_224' title='bbox 433 1672 720 1744; x_wconf 91' lang='lat' dir='ltr'>justus,et</span> <span class='ocrx_word' id='word_1_225' title='bbox 753 1671 1098 1727; x_wconf 86' lang='lat' dir='ltr'>secundario</span> <span class='ocrx_word' id='word_1_226' title='bbox 1132 1671 1370 1742; x_wconf 88' lang='lat' dir='ltr'>impius.</span> <span class='ocrx_word' id='word_1_227' title='bbox 1406 1670 1612 1724; x_wconf 87' lang='lat' dir='ltr'>Modus</span> <span class='ocrx_word' id='word_1_228' title='bbox 1641 1685 1774 1724; x_wconf 89' lang='lat' dir='ltr'>vero</span> <span class='ocrx_word' id='word_1_229' title='bbox 1806 1667 1943 1723; x_wconf 88' lang='lat' dir='ltr'>talis</span> <span class='ocrx_word' id='word_1_230' title='bbox 1974 1671 2102 1729; x_wconf 83' lang='lat' dir='ltr'>est:</span> 
     </span>
    </p>
   </div>
   <div class='ocr_carea' id='block_1_31' title="bbox 2215 1667 3867 1734">
    <p class='ocr_par' dir='ltr' id='par_1_31' title="bbox 2215 1667 3867 1734">
     <span class='ocr_line' id='line_1_31' title="bbox 2215 1667 3867 1734; baseline -0.002 -7"><span class='ocrx_word' id='word_1_231' title='bbox 2215 1670 2532 1727; x_wconf 87' lang='lat' dir='ltr'>scricordia</span> <span class='ocrx_word' id='word_1_232' title='bbox 2562 1674 2664 1724; x_wconf 89' lang='lat' dir='ltr'>tua</span> <span class='ocrx_word' id='word_1_233' title='bbox 2686 1673 2773 1723; x_wconf 90' lang='lat' dir='ltr'>est</span> <span class='ocrx_word' id='word_1_234' title='bbox 2798 1669 2856 1722; x_wconf 91' lang='lat' dir='ltr'>in</span> <span class='ocrx_word' id='word_1_235' title='bbox 2881 1669 3042 1734; x_wconf 66' lang='lat' dir='ltr'>caalo,</span> <span class='ocrx_word' id='word_1_236' title='bbox 3074 1691 3095 1716; x_wconf 76' lang='grc' dir='ltr'>ι</span> <span class='ocrx_word' id='word_1_237' title='bbox 3123 1667 3180 1722; x_wconf 93' lang='lat' dir='ltr'>id</span> <span class='ocrx_word' id='word_1_238' title='bbox 3202 1673 3310 1734; x_wconf 88' lang='lat' dir='ltr'>est,</span> <span class='ocrx_word' id='word_1_239' title='bbox 3337 1667 3739 1724; x_wconf 88' lang='lat' dir='ltr'>misericordia</span> <span class='ocrx_word' id='word_1_240' title='bbox 3765 1673 3867 1724; x_wconf 85' lang='lat' dir='ltr'>tua</span> 
     </span>
    </p>
   </div>
   <div class='ocr_carea' id='block_1_32' title="bbox 442 1756 3865 1858">
    <p class='ocr_par' dir='ltr' id='par_1_32' title="bbox 442 1756 3865 1858">
     <span class='ocr_line' id='line_1_32' title="bbox 442 1756 3865 1858; baseline -0.002 -41"><span class='ocrx_word' id='word_1_241' title='bbox 442 1761 506 1817; x_wconf 92' lang='lat' dir='ltr'>In</span> <span class='ocrx_word' id='word_1_242' title='bbox 530 1761 720 1834; x_wconf 90' lang='lat' dir='ltr'>prima</span> <span class='ocrx_word' id='word_1_243' title='bbox 752 1765 914 1832; x_wconf 86' lang='lat' dir='ltr'>parte</span> <span class='ocrx_word' id='word_1_244' title='bbox 946 1759 1181 1832; x_wconf 87' lang='lat' dir='ltr'>psalmi,</span> <span class='ocrx_word' id='word_1_245' title='bbox 1204 1758 1454 1832; x_wconf 89' lang='lat' dir='ltr'>impium</span> <span class='ocrx_word' id='word_1_246' title='bbox 1486 1774 1617 1812; x_wconf 91' lang='lat' dir='ltr'>cum</span> <span class='ocrx_word' id='word_1_247' title='bbox 1653 1775 1759 1812; x_wconf 89' lang='lat' dir='ltr'>sua</span> <span class='ocrx_word' id='word_1_248' title='bbox 1789 1757 2106 1812; x_wconf 88' lang='lat' dir='ltr'>accusatio-</span> <span class='ocrx_word' id='word_1_249' title='bbox 2134 1793 2180 1858; x_wconf 82' lang='lat' dir='ltr'><strong>B</strong></span> <span class='ocrx_word' id='word_1_250' title='bbox 2217 1761 2352 1817; x_wconf 80' lang='lat' dir='ltr'>facit</span> <span class='ocrx_word' id='word_1_251' title='bbox 2382 1759 2611 1831; x_wconf 85' lang='lat' dir='ltr'>aliquos</span> <span class='ocrx_word' id='word_1_252' title='bbox 2655 1775 2782 1814; x_wconf 87' lang='lat' dir='ltr'>esse</span> <span class='ocrx_word' id='word_1_253' title='bbox 2831 1756 3025 1824; x_wconf 76' lang='lat' dir='ltr'>ccslos,</span> <span class='ocrx_word' id='word_1_254' title='bbox 3053 1756 3109 1811; x_wconf 91' lang='lat' dir='ltr'>id</span> <span class='ocrx_word' id='word_1_255' title='bbox 3140 1761 3250 1824; x_wconf 87' lang='lat' dir='ltr'>est,</span> <span class='ocrx_word' id='word_1_256' title='bbox 3276 1757 3492 1828; x_wconf 86' lang='lat' dir='ltr'>justos,</span> <span class='ocrx_word' id='word_1_257' title='bbox 3525 1757 3664 1828; x_wconf 88' lang='lat' dir='ltr'>quia</span> <span class='ocrx_word' id='word_1_258' title='bbox 3692 1773 3865 1813; x_wconf 88' lang='lat' dir='ltr'>nemo</span> 
     </span>
    </p>
   </div>
   <div class='ocr_carea' id='block_1_33' title="bbox 442 1847 2099 1919">
    <p class='ocr_par' dir='ltr' id='par_1_33' title="bbox 442 1847 2099 1919">
     <span class='ocr_line' id='line_1_33' title="bbox 442 1847 2099 1919; baseline -0.003 -14"><span class='ocrx_word' id='word_1_259' title='bbox 442 1867 514 1906; x_wconf 87' lang='lat' dir='ltr'>ne</span> <span class='ocrx_word' id='word_1_260' title='bbox 545 1849 843 1905; x_wconf 88' lang='lat' dir='ltr'>describit.</span> <span class='ocrx_word' id='word_1_261' title='bbox 879 1852 1021 1904; x_wconf 89' lang='lat' dir='ltr'>Cum</span> <span class='ocrx_word' id='word_1_262' title='bbox 1055 1850 1212 1903; x_wconf 91' lang='lat' dir='ltr'>enim</span> <span class='ocrx_word' id='word_1_263' title='bbox 1247 1847 1468 1919; x_wconf 89' lang='lat' dir='ltr'>impius</span> <span class='ocrx_word' id='word_1_264' title='bbox 1515 1847 1732 1901; x_wconf 90' lang='lat' dir='ltr'>diceret</span> <span class='ocrx_word' id='word_1_265' title='bbox 1765 1862 1777 1900; x_wconf 92' lang='lat'>:</span> <span class='ocrx_word' id='word_1_266' title='bbox 1812 1847 1936 1901; x_wconf 85' lang='lat' dir='ltr'>Non</span> <span class='ocrx_word' id='word_1_267' title='bbox 1968 1863 2099 1916; x_wconf 87' lang='lat' dir='ltr'>pos-</span> 
     </span>
    </p>
   </div>
   <div class='ocr_carea' id='block_1_34' title="bbox 442 1935 2104 2008">
    <p class='ocr_par' dir='ltr' id='par_1_34' title="bbox 442 1935 2104 2008">
     <span class='ocr_line' id='line_1_34' title="bbox 442 1935 2104 2008; baseline -0.003 -13"><span class='ocrx_word' id='word_1_268' title='bbox 442 1956 576 1996; x_wconf 87' lang='lat' dir='ltr'>sum</span> <span class='ocrx_word' id='word_1_269' title='bbox 609 1956 701 1994; x_wconf 90' lang='lat' dir='ltr'>me</span> <span class='ocrx_word' id='word_1_270' title='bbox 733 1939 1048 2007; x_wconf 88' lang='lat' dir='ltr'>abstinere,</span> <span class='ocrx_word' id='word_1_271' title='bbox 1083 1937 1223 2008; x_wconf 91' lang='lat' dir='ltr'>quia</span> <span class='ocrx_word' id='word_1_272' title='bbox 1272 1938 1357 1992; x_wconf 91' lang='lat' dir='ltr'>sic</span> <span class='ocrx_word' id='word_1_273' title='bbox 1405 1954 1537 1991; x_wconf 91' lang='lat' dir='ltr'>sum</span> <span class='ocrx_word' id='word_1_274' title='bbox 1568 1939 1817 2003; x_wconf 89' lang='lat' dir='ltr'>creatus,</span> <span class='ocrx_word' id='word_1_275' title='bbox 1851 1935 1986 1991; x_wconf 90' lang='lat' dir='ltr'>talis</span> <span class='ocrx_word' id='word_1_276' title='bbox 2015 1937 2104 1990; x_wconf 87' lang='lat' dir='ltr'>est</span> 
     </span>
    </p>
   </div>
   <div class='ocr_carea' id='block_1_35' title="bbox 443 2024 2101 2094">
    <p class='ocr_par' dir='ltr' id='par_1_35' title="bbox 443 2024 2101 2094">
     <span class='ocr_line' id='line_1_35' title="bbox 443 2024 2101 2094; baseline -0.003 -11"><span class='ocrx_word' id='word_1_277' title='bbox 443 2045 574 2083; x_wconf 90' lang='lat' dir='ltr'>mea</span> <span class='ocrx_word' id='word_1_278' title='bbox 609 2031 838 2094; x_wconf 89' lang='lat' dir='ltr'>natura,</span> <span class='ocrx_word' id='word_1_279' title='bbox 863 2025 1121 2081; x_wconf 88' lang='lat' dir='ltr'>ostendit</span> <span class='ocrx_word' id='word_1_280' title='bbox 1171 2041 1306 2078; x_wconf 90' lang='lat' dir='ltr'>eum</span> <span class='ocrx_word' id='word_1_281' title='bbox 1359 2024 1504 2080; x_wconf 84' lang='lat' dir='ltr'>falso</span> <span class='ocrx_word' id='word_1_282' title='bbox 1555 2024 1716 2094; x_wconf 91' lang='lat' dir='ltr'>queri</span> <span class='ocrx_word' id='word_1_283' title='bbox 1759 2025 1830 2078; x_wconf 89' lang='lat' dir='ltr'>de</span> <span class='ocrx_word' id='word_1_284' title='bbox 1862 2042 1969 2079; x_wconf 91' lang='lat' dir='ltr'>sua</span> <span class='ocrx_word' id='word_1_285' title='bbox 1997 2041 2101 2079; x_wconf 90' lang='lat' dir='ltr'>na-</span> 
     </span>
    </p>
   </div>
   <div class='ocr_carea' id='block_1_36' title="bbox 441 2115 2099 2188">
    <p class='ocr_par' dir='ltr' id='par_1_36' title="bbox 441 2115 2099 2188">
     <span class='ocr_line' id='line_1_36' title="bbox 441 2115 2099 2188; baseline -0.002 -15"><span class='ocrx_word' id='word_1_286' title='bbox 441 2122 594 2187; x_wconf 89' lang='lat' dir='ltr'>tura,</span> <span class='ocrx_word' id='word_1_287' title='bbox 628 2121 685 2172; x_wconf 89' lang='lat' dir='ltr'>et</span> <span class='ocrx_word' id='word_1_288' title='bbox 714 2116 1148 2188; x_wconf 87' lang='lat' dir='ltr'>corruptionem</span> <span class='ocrx_word' id='word_1_289' title='bbox 1201 2133 1316 2172; x_wconf 92' lang='lat' dir='ltr'>non</span> <span class='ocrx_word' id='word_1_290' title='bbox 1348 2134 1381 2170; x_wconf 88' lang='lat' dir='ltr'>a</span> <span class='ocrx_word' id='word_1_291' title='bbox 1413 2133 1521 2170; x_wconf 90' lang='lat' dir='ltr'>sua</span> <span class='ocrx_word' id='word_1_292' title='bbox 1566 2115 1878 2183; x_wconf 88' lang='lat' dir='ltr'>creatione,</span> <span class='ocrx_word' id='word_1_293' title='bbox 1911 2119 1968 2170; x_wconf 91' lang='lat' dir='ltr'>et</span> <span class='ocrx_word' id='word_1_294' title='bbox 1998 2132 2099 2170; x_wconf 90' lang='lat' dir='ltr'>na-</span> 
     </span>
    </p>
   </div>
   <div class='ocr_carea' id='block_1_37' title="bbox 444 2203 2101 2276">
    <p class='ocr_par' dir='ltr' id='par_1_37' title="bbox 444 2203 2101 2276">
     <span class='ocr_line' id='line_1_37' title="bbox 444 2203 2101 2276; baseline -0.003 -13"><span class='ocrx_word' id='word_1_295' title='bbox 444 2211 598 2274; x_wconf 85' lang='lat' dir='ltr'>tura,</span> <span class='ocrx_word' id='word_1_296' title='bbox 633 2206 734 2261; x_wconf 88' lang='lat' dir='ltr'>sed</span> <span class='ocrx_word' id='word_1_297' title='bbox 761 2223 794 2261; x_wconf 90' lang='lat' dir='ltr'>a</span> <span class='ocrx_word' id='word_1_298' title='bbox 815 2223 923 2260; x_wconf 90' lang='lat' dir='ltr'>sua</span> <span class='ocrx_word' id='word_1_299' title='bbox 951 2203 1250 2260; x_wconf 89' lang='lat' dir='ltr'>voluntate</span> <span class='ocrx_word' id='word_1_300' title='bbox 1283 2204 1517 2259; x_wconf 90' lang='lat' dir='ltr'>habere.</span> <span class='ocrx_word' id='word_1_301' title='bbox 1555 2204 1616 2258; x_wconf 93' lang='lat' dir='ltr'>In</span> <span class='ocrx_word' id='word_1_302' title='bbox 1649 2203 1908 2259; x_wconf 88' lang='lat' dir='ltr'>secunda</span> <span class='ocrx_word' id='word_1_303' title='bbox 1937 2208 2101 2276; x_wconf 87' lang='lat' dir='ltr'>parte</span> 
     </span>
    </p>
   </div>
   <div class='ocr_carea' id='block_1_38' title="bbox 444 2291 2101 2365">
    <p class='ocr_par' dir='ltr' id='par_1_38' title="bbox 444 2291 2101 2365">
     <span class='ocr_line' id='line_1_38' title="bbox 444 2291 2101 2365; baseline -0.001 -16"><span class='ocrx_word' id='word_1_304' title='bbox 444 2294 722 2350; x_wconf 90' lang='lat' dir='ltr'>describit</span> <span class='ocrx_word' id='word_1_305' title='bbox 743 2295 978 2365; x_wconf 90' lang='lat' dir='ltr'>justum</span> <span class='ocrx_word' id='word_1_306' title='bbox 1011 2310 1128 2348; x_wconf 91' lang='lat' dir='ltr'>non</span> <span class='ocrx_word' id='word_1_307' title='bbox 1152 2310 1286 2348; x_wconf 89' lang='lat' dir='ltr'>cum</span> <span class='ocrx_word' id='word_1_308' title='bbox 1311 2310 1418 2348; x_wconf 88' lang='lat' dir='ltr'>sua</span> <span class='ocrx_word' id='word_1_309' title='bbox 1448 2292 1748 2360; x_wconf 89' lang='lat' dir='ltr'>laude,sed</span> <span class='ocrx_word' id='word_1_310' title='bbox 1773 2309 1907 2348; x_wconf 91' lang='lat' dir='ltr'>cum</span> <span class='ocrx_word' id='word_1_311' title='bbox 1927 2291 2101 2348; x_wconf 89' lang='lat' dir='ltr'>laude</span> 
     </span>
    </p>
   </div>
   <div class='ocr_carea' id='block_1_39' title="bbox 442 2381 2103 2450">
    <p class='ocr_par' dir='ltr' id='par_1_39' title="bbox 442 2381 2103 2450">
     <span class='ocr_line' id='line_1_39' title="bbox 442 2381 2103 2450; baseline -0.003 -9"><span class='ocrx_word' id='word_1_312' title='bbox 442 2384 566 2441; x_wconf 92' lang='lat' dir='ltr'>Dei.</span> <span class='ocrx_word' id='word_1_313' title='bbox 597 2383 807 2439; x_wconf 88' lang='lat' dir='ltr'>Justus</span> <span class='ocrx_word' id='word_1_314' title='bbox 838 2382 994 2438; x_wconf 90' lang='lat' dir='ltr'>enim</span> <span class='ocrx_word' id='word_1_315' title='bbox 1029 2381 1177 2436; x_wconf 90' lang='lat' dir='ltr'>nihil</span> <span class='ocrx_word' id='word_1_316' title='bbox 1208 2382 1342 2436; x_wconf 92' lang='lat' dir='ltr'>boni</span> <span class='ocrx_word' id='word_1_317' title='bbox 1376 2399 1445 2436; x_wconf 83' lang='lat' dir='ltr'>ex</span> <span class='ocrx_word' id='word_1_318' title='bbox 1475 2399 1558 2450; x_wconf 91' lang='lat' dir='ltr'>se,</span> <span class='ocrx_word' id='word_1_319' title='bbox 1592 2381 1690 2436; x_wconf 92' lang='lat' dir='ltr'>sed</span> <span class='ocrx_word' id='word_1_320' title='bbox 1723 2381 1920 2436; x_wconf 90' lang='lat' dir='ltr'>omnia</span> <span class='ocrx_word' id='word_1_321' title='bbox 1949 2383 2103 2436; x_wconf 88' lang='lat' dir='ltr'>bona</span> 
     </span>
    </p>
   </div>
   <div class='ocr_carea' id='block_1_40' title="bbox 444 2470 2098 2529">
    <p class='ocr_par' dir='ltr' id='par_1_40' title="bbox 444 2470 2098 2529">
     <span class='ocr_line' id='line_1_40' title="bbox 444 2470 2098 2529; baseline -0.003 0"><span class='ocrx_word' id='word_1_322' title='bbox 444 2489 513 2529; x_wconf 82' lang='lat' dir='ltr'>ex</span> <span class='ocrx_word' id='word_1_323' title='bbox 535 2472 657 2528; x_wconf 92' lang='lat' dir='ltr'>solo</span> <span class='ocrx_word' id='word_1_324' title='bbox 679 2473 794 2527; x_wconf 91' lang='lat' dir='ltr'>Deo</span> <span class='ocrx_word' id='word_1_325' title='bbox 826 2471 922 2526; x_wconf 91' lang='lat' dir='ltr'>hic</span> <span class='ocrx_word' id='word_1_326' title='bbox 953 2471 1284 2526; x_wconf 88' lang='lat' dir='ltr'>ostenditur</span> <span class='ocrx_word' id='word_1_327' title='bbox 1309 2471 1588 2526; x_wconf 89' lang='lat' dir='ltr'>obtinere.</span> <span class='ocrx_word' id='word_1_328' title='bbox 1619 2470 1873 2524; x_wconf 83' lang='lat' dir='ltr'>lntendit</span> <span class='ocrx_word' id='word_1_329' title='bbox 1903 2474 2098 2524; x_wconf 90' lang='lat' dir='ltr'>autem</span> 
     </span>
    </p>
   </div>
   <div class='ocr_carea' id='block_1_41' title="bbox 450 2558 2101 2628">
    <p class='ocr_par' dir='ltr' id='par_1_41' title="bbox 450 2558 2101 2628">
     <span class='ocr_line' id='line_1_41' title="bbox 450 2558 2101 2628; baseline -0.002 -10"><span class='ocrx_word' id='word_1_330' title='bbox 450 2579 556 2618; x_wconf 88' lang='lat' dir='ltr'>nos</span> <span class='ocrx_word' id='word_1_331' title='bbox 577 2563 910 2628; x_wconf 90' lang='lat' dir='ltr'>admonere,</span> <span class='ocrx_word' id='word_1_332' title='bbox 937 2565 1002 2615; x_wconf 93' lang='lat' dir='ltr'>ut</span> <span class='ocrx_word' id='word_1_333' title='bbox 1023 2559 1162 2615; x_wconf 88' lang='lat' dir='ltr'>vitia</span> <span class='ocrx_word' id='word_1_334' title='bbox 1193 2575 1260 2615; x_wconf 81' lang='lat' dir='ltr'>ex</span> <span class='ocrx_word' id='word_1_335' title='bbox 1293 2559 1462 2615; x_wconf 91' lang='lat' dir='ltr'>nobis</span> <span class='ocrx_word' id='word_1_336' title='bbox 1493 2576 1639 2627; x_wconf 92' lang='lat' dir='ltr'>esse,</span> <span class='ocrx_word' id='word_1_337' title='bbox 1665 2558 1819 2615; x_wconf 88' lang='lat' dir='ltr'>bona</span> <span class='ocrx_word' id='word_1_338' title='bbox 1848 2562 2043 2614; x_wconf 89' lang='lat' dir='ltr'>autem</span> <span class='ocrx_word' id='word_1_339' title='bbox 2067 2576 2101 2614; x_wconf 93' lang='lat' dir='ltr'>a</span> 
     </span>
    </p>
   </div>
   <div class='ocr_carea' id='block_1_42' title="bbox 447 2647 1042 2721">
    <p class='ocr_par' dir='ltr' id='par_1_42' title="bbox 447 2647 1042 2721">
     <span class='ocr_line' id='line_1_42' title="bbox 447 2647 1042 2721; baseline -0.007 -17"><span class='ocrx_word' id='word_1_340' title='bbox 447 2647 563 2704; x_wconf 90' lang='lat' dir='ltr'>Deo</span> <span class='ocrx_word' id='word_1_341' title='bbox 596 2663 1042 2721; x_wconf 86' lang='lat' dir='ltr'>cognoscamus.</span> 
     </span>
    </p>
   </div>
   <div class='ocr_carea' id='block_1_43' title="bbox 515 2735 2101 2808">
    <p class='ocr_par' dir='ltr' id='par_1_43' title="bbox 515 2735 2101 2808">
     <span class='ocr_line' id='line_1_43' title="bbox 515 2735 2101 2808; baseline -0.001 -16"><span class='ocrx_word' id='word_1_342' title='bbox 515 2737 702 2792; x_wconf 88' lang='lat' dir='ltr'>Nolite</span> <span class='ocrx_word' id='word_1_343' title='bbox 756 2754 858 2792; x_wconf 92' lang='lat' dir='ltr'>vos</span> <span class='ocrx_word' id='word_1_344' title='bbox 917 2752 1192 2792; x_wconf 88' lang='lat' dir='ltr'>excusare</span> <span class='ocrx_word' id='word_1_345' title='bbox 1249 2737 1318 2792; x_wconf 91' lang='lat' dir='ltr'>de</span> <span class='ocrx_word' id='word_1_346' title='bbox 1377 2735 1629 2808; x_wconf 88' lang='lat' dir='ltr'>peccatis</span> <span class='ocrx_word' id='word_1_347' title='bbox 1685 2736 1918 2805; x_wconf 88' lang='lat' dir='ltr'>vestris,</span> <span class='ocrx_word' id='word_1_348' title='bbox 1962 2735 2101 2808; x_wconf 88' lang='lat' dir='ltr'>quia</span> 
     </span>
    </p>
   </div>
   <div class='ocr_carea' id='block_1_44' title="bbox 448 2824 2100 2898">
    <p class='ocr_par' dir='ltr' id='par_1_44' title="bbox 448 2824 2100 2898">
     <span class='ocr_line' id='line_1_44' title="bbox 448 2824 2100 2898; baseline 0.002 -21"><span class='ocrx_word' id='word_1_349' title='bbox 448 2847 477 2877; x_wconf 86' lang='lat'><strong>«</strong></span> <span class='ocrx_word' id='word_1_350' title='bbox 510 2825 677 2894; x_wconf 81' lang='lat' dir='ltr'>dixit,</span> <span class='ocrx_word' id='word_1_351' title='bbox 711 2848 732 2878; x_wconf 79' lang='grc' dir='ltr'><strong><em>ι</em></strong></span> <span class='ocrx_word' id='word_1_352' title='bbox 772 2824 830 2880; x_wconf 94' lang='lat' dir='ltr'>id</span> <span class='ocrx_word' id='word_1_353' title='bbox 858 2829 948 2880; x_wconf 89' lang='lat' dir='ltr'>est</span> <span class='ocrx_word' id='word_1_354' title='bbox 996 2825 1334 2880; x_wconf 88' lang='lat' dir='ltr'>deliberavit</span> <span class='ocrx_word' id='word_1_355' title='bbox 1376 2826 1616 2898; x_wconf 90' lang='lat' dir='ltr'>quidam</span> <span class='ocrx_word' id='word_1_356' title='bbox 1653 2849 1674 2875; x_wconf 75' lang='grc' dir='ltr'><strong>ε</strong></span> <span class='ocrx_word' id='word_1_357' title='bbox 1709 2830 1772 2882; x_wconf 91' lang='lat' dir='ltr'>ut</span> <span class='ocrx_word' id='word_1_358' title='bbox 1797 2825 2100 2897; x_wconf 88' lang='lat' dir='ltr'>delinquat</span> 
     </span>
    </p>
   </div>
   <div class='ocr_carea' id='block_1_45' title="bbox 447 2913 2100 2986">
    <p class='ocr_par' dir='ltr' id='par_1_45' title="bbox 447 2913 2100 2986">
     <span class='ocr_line' id='line_1_45' title="bbox 447 2913 2100 2986; baseline -0.001 -16"><span class='ocrx_word' id='word_1_359' title='bbox 447 2914 506 2970; x_wconf 89' lang='lat' dir='ltr'>in</span> <span class='ocrx_word' id='word_1_360' title='bbox 541 2914 879 2986; x_wconf 87' lang='lat' dir='ltr'>semetipso,</span> <span class='ocrx_word' id='word_1_361' title='bbox 914 2935 941 2964; x_wconf 84' lang='lat'>»</span> <span class='ocrx_word' id='word_1_362' title='bbox 977 2913 1032 2969; x_wconf 91' lang='lat' dir='ltr'>id</span> <span class='ocrx_word' id='word_1_363' title='bbox 1068 2919 1176 2983; x_wconf 90' lang='lat' dir='ltr'>est,</span> <span class='ocrx_word' id='word_1_364' title='bbox 1213 2931 1328 2969; x_wconf 93' lang='lat' dir='ltr'>non</span> <span class='ocrx_word' id='word_1_365' title='bbox 1361 2931 1428 2970; x_wconf 81' lang='lat' dir='ltr'>ex</span> <span class='ocrx_word' id='word_1_366' title='bbox 1459 2932 1566 2970; x_wconf 90' lang='lat' dir='ltr'>sua</span> <span class='ocrx_word' id='word_1_367' title='bbox 1620 2920 1849 2982; x_wconf 90' lang='lat' dir='ltr'>natura,</span> <span class='ocrx_word' id='word_1_368' title='bbox 1885 2932 1999 2969; x_wconf 91' lang='lat' dir='ltr'>non</span> <span class='ocrx_word' id='word_1_369' title='bbox 2032 2931 2100 2969; x_wconf 87' lang='lat' dir='ltr'>ex</span> 
     </span>
    </p>
   </div>
   <div class='ocr_carea' id='block_1_46' title="bbox 447 3002 2096 3074">
    <p class='ocr_par' dir='ltr' id='par_1_46' title="bbox 447 3002 2096 3074">
     <span class='ocr_line' id='line_1_46' title="bbox 447 3002 2096 3074; baseline -0.001 -15"><span class='ocrx_word' id='word_1_370' title='bbox 447 3003 763 3070; x_wconf 86' lang='lat' dir='ltr'>coactione,</span> <span class='ocrx_word' id='word_1_371' title='bbox 789 3003 890 3058; x_wconf 87' lang='lat' dir='ltr'>sed</span> <span class='ocrx_word' id='word_1_372' title='bbox 914 3018 982 3058; x_wconf 82' lang='lat' dir='ltr'>ex</span> <span class='ocrx_word' id='word_1_373' title='bbox 1003 3020 1112 3058; x_wconf 89' lang='lat' dir='ltr'>sua</span> <span class='ocrx_word' id='word_1_374' title='bbox 1139 3003 1436 3059; x_wconf 87' lang='lat' dir='ltr'>voluntate</span> <span class='ocrx_word' id='word_1_375' title='bbox 1458 3003 1566 3058; x_wconf 92' lang='lat' dir='ltr'>hoc</span> <span class='ocrx_word' id='word_1_376' title='bbox 1597 3003 1750 3074; x_wconf 85' lang='lat' dir='ltr'>fecit,</span> <span class='ocrx_word' id='word_1_377' title='bbox 1788 3020 1891 3058; x_wconf 90' lang='lat' dir='ltr'>nec</span> <span class='ocrx_word' id='word_1_378' title='bbox 1923 3002 2096 3058; x_wconf 90' lang='lat' dir='ltr'>etiam</span> 
     </span>
    </p>
   </div>
   <div class='ocr_carea' id='block_1_47' title="bbox 447 3090 2096 3162">
    <p class='ocr_par' dir='ltr' id='par_1_47' title="bbox 447 3090 2096 3162">
     <span class='ocr_line' id='line_1_47' title="bbox 447 3090 2096 3162; baseline -0.001 -16"><span class='ocrx_word' id='word_1_379' title='bbox 447 3090 1152 3162; x_wconf 87' lang='lat' dir='ltr'>attenditDeumjudicem</span> <span class='ocrx_word' id='word_1_380' title='bbox 1167 3091 1430 3146; x_wconf 80' lang='lat' dir='ltr'>futurum</span> <span class='ocrx_word' id='word_1_381' title='bbox 1447 3091 1760 3162; x_wconf 91' lang='lat' dir='ltr'>unicuique</span> <span class='ocrx_word' id='word_1_382' title='bbox 1773 3092 2096 3146; x_wconf 89' lang='lat' dir='ltr'>secundum</span> 
     </span>
    </p>
   </div>
   <div class='ocr_carea' id='block_1_48' title="bbox 2211 1845 3864 1922">
    <p class='ocr_par' dir='ltr' id='par_1_48' title="bbox 2211 1845 3864 1922">
     <span class='ocr_line' id='line_1_48' title="bbox 2211 1845 3864 1922; baseline -0.002 -17"><span class='ocrx_word' id='word_1_383' title='bbox 2211 1867 2314 1922; x_wconf 89' lang='lat' dir='ltr'>per</span> <span class='ocrx_word' id='word_1_384' title='bbox 2334 1867 2414 1916; x_wconf 92' lang='lat' dir='ltr'>se,</span> <span class='ocrx_word' id='word_1_385' title='bbox 2432 1849 2531 1903; x_wconf 91' lang='lat' dir='ltr'>sed</span> <span class='ocrx_word' id='word_1_386' title='bbox 2556 1863 2760 1903; x_wconf 92' lang='lat' dir='ltr'>omnes</span> <span class='ocrx_word' id='word_1_387' title='bbox 2783 1863 2885 1919; x_wconf 91' lang='lat' dir='ltr'>per</span> <span class='ocrx_word' id='word_1_388' title='bbox 2905 1850 2962 1902; x_wconf 88' lang='lat' dir='ltr'>te</span> <span class='ocrx_word' id='word_1_389' title='bbox 2980 1846 3200 1902; x_wconf 89' lang='lat' dir='ltr'>habent</span> <span class='ocrx_word' id='word_1_390' title='bbox 3223 1845 3540 1916; x_wconf 87' lang='lat' dir='ltr'>justitiam,</span> <span class='ocrx_word' id='word_1_391' title='bbox 3570 1849 3669 1901; x_wconf 71' lang='lat' dir='ltr'>«et</span> <span class='ocrx_word' id='word_1_392' title='bbox 3688 1845 3864 1902; x_wconf 87' lang='lat' dir='ltr'>etiam</span> 
     </span>
    </p>
   </div>
   <div class='ocr_carea' id='block_1_49' title="bbox 2208 1933 3869 2007">
    <p class='ocr_par' dir='ltr' id='par_1_49' title="bbox 2208 1933 3869 2007">
     <span class='ocr_line' id='line_1_49' title="bbox 2208 1933 3869 2007; baseline -0.001 -15"><span class='ocrx_word' id='word_1_393' title='bbox 2208 1939 2422 1995; x_wconf 89' lang='lat' dir='ltr'>veritas</span> <span class='ocrx_word' id='word_1_394' title='bbox 2466 1943 2588 2003; x_wconf 88' lang='lat' dir='ltr'>tua,</span> <span class='ocrx_word' id='word_1_395' title='bbox 2619 1959 2646 1987; x_wconf 83' lang='lat'><strong><em>»</em></strong></span> <span class='ocrx_word' id='word_1_396' title='bbox 2682 1936 2739 1990; x_wconf 91' lang='lat' dir='ltr'>id</span> <span class='ocrx_word' id='word_1_397' title='bbox 2771 1939 2878 2002; x_wconf 90' lang='lat' dir='ltr'>est,</span> <span class='ocrx_word' id='word_1_398' title='bbox 2913 1934 3167 2007; x_wconf 89' lang='lat' dir='ltr'>cognitio</span> <span class='ocrx_word' id='word_1_399' title='bbox 3198 1933 3464 1990; x_wconf 87' lang='lat' dir='ltr'>veritatis</span> <span class='ocrx_word' id='word_1_400' title='bbox 3493 1935 3869 2006; x_wconf 87' lang='lat' dir='ltr'>protenditur</span> 
     </span>
    </p>
   </div>
   <div class='ocr_carea' id='block_1_50' title="bbox 2216 2022 3866 2100">
    <p class='ocr_par' dir='ltr' id='par_1_50' title="bbox 2216 2022 3866 2100">
     <span class='ocr_line' id='line_1_50' title="bbox 2216 2022 3866 2100; baseline -0.003 -17"><span class='ocrx_word' id='word_1_401' title='bbox 2216 2050 2237 2078; x_wconf 76' lang='grc' dir='ltr'>ι</span> <span class='ocrx_word' id='word_1_402' title='bbox 2273 2043 2460 2100; x_wconf 90' lang='lat' dir='ltr'>usque</span> <span class='ocrx_word' id='word_1_403' title='bbox 2491 2027 2562 2081; x_wconf 90' lang='lat' dir='ltr'>ad</span> <span class='ocrx_word' id='word_1_404' title='bbox 2595 2026 2800 2092; x_wconf 90' lang='lat' dir='ltr'>nubes,</span> <span class='ocrx_word' id='word_1_405' title='bbox 2835 2047 2856 2073; x_wconf 79' lang='grc' dir='ltr'>ι</span> <span class='ocrx_word' id='word_1_406' title='bbox 2893 2023 2950 2079; x_wconf 94' lang='lat' dir='ltr'>id</span> <span class='ocrx_word' id='word_1_407' title='bbox 2983 2028 3094 2089; x_wconf 90' lang='lat' dir='ltr'>est,</span> <span class='ocrx_word' id='word_1_408' title='bbox 3123 2027 3358 2079; x_wconf 90' lang='lat' dir='ltr'>sanctos</span> <span class='ocrx_word' id='word_1_409' title='bbox 3389 2022 3683 2096; x_wconf 88' lang='lat' dir='ltr'>apostolos</span> <span class='ocrx_word' id='word_1_410' title='bbox 3717 2040 3731 2079; x_wconf 90' lang='lat'><strong>:</strong></span> <span class='ocrx_word' id='word_1_411' title='bbox 3763 2023 3866 2096; x_wconf 88' lang='lat' dir='ltr'>qui</span> 
     </span>
    </p>
   </div>
   <div class='ocr_carea' id='block_1_51' title="bbox 2209 2112 3867 2185">
    <p class='ocr_par' dir='ltr' id='par_1_51' title="bbox 2209 2112 3867 2185">
     <span class='ocr_line' id='line_1_51' title="bbox 2209 2112 3867 2185; baseline -0.001 -13"><span class='ocrx_word' id='word_1_412' title='bbox 2209 2117 2337 2172; x_wconf 92' lang='lat' dir='ltr'>ideo</span> <span class='ocrx_word' id='word_1_413' title='bbox 2352 2117 2536 2172; x_wconf 90' lang='lat' dir='ltr'>nubes</span> <span class='ocrx_word' id='word_1_414' title='bbox 2558 2113 3142 2185; x_wconf 90' lang='lat' dir='ltr'>dicuntur,quoniam</span> <span class='ocrx_word' id='word_1_415' title='bbox 3167 2112 3381 2185; x_wconf 91' lang='lat' dir='ltr'>pluunt</span> <span class='ocrx_word' id='word_1_416' title='bbox 3403 2129 3590 2169; x_wconf 88' lang='lat' dir='ltr'>rorem</span> <span class='ocrx_word' id='word_1_417' title='bbox 3613 2112 3867 2170; x_wconf 70' lang='lat' dir='ltr'>caelestis</span> 
     </span>
    </p>
   </div>
   <div class='ocr_carea' id='block_1_52' title="bbox 2209 2202 3870 2280">
    <p class='ocr_par' dir='ltr' id='par_1_52' title="bbox 2209 2202 3870 2280">
     <span class='ocr_line' id='line_1_52' title="bbox 2209 2202 3870 2280; baseline -0.001 -18"><span class='ocrx_word' id='word_1_418' title='bbox 2209 2206 2407 2280; x_wconf 75' lang='lat' dir='ltr'>gratia:</span> <span class='ocrx_word' id='word_1_419' title='bbox 2440 2203 2733 2272; x_wconf 83' lang='lat' dir='ltr'>fidelibus,</span> <span class='ocrx_word' id='word_1_420' title='bbox 2765 2220 2834 2258; x_wconf 82' lang='lat' dir='ltr'>ex</span> <span class='ocrx_word' id='word_1_421' title='bbox 2863 2202 2980 2258; x_wconf 91' lang='lat' dir='ltr'>illis</span> <span class='ocrx_word' id='word_1_422' title='bbox 3028 2203 3289 2259; x_wconf 89' lang='lat' dir='ltr'>nubibus</span> <span class='ocrx_word' id='word_1_423' title='bbox 3333 2202 3491 2258; x_wconf 89' lang='lat' dir='ltr'>venit</span> <span class='ocrx_word' id='word_1_424' title='bbox 3520 2203 3591 2259; x_wconf 91' lang='lat' dir='ltr'>ad</span> <span class='ocrx_word' id='word_1_425' title='bbox 3625 2219 3735 2260; x_wconf 89' lang='lat' dir='ltr'>nos</span> <span class='ocrx_word' id='word_1_426' title='bbox 3763 2202 3870 2260; x_wconf 83' lang='lat' dir='ltr'>illa</span> 
     </span>
    </p>
   </div>
   <div class='ocr_carea' id='block_1_53' title="bbox 2209 2291 3872 2368">
    <p class='ocr_par' dir='ltr' id='par_1_53' title="bbox 2209 2291 3872 2368">
     <span class='ocr_line' id='line_1_53' title="bbox 2209 2291 3872 2368; baseline -0.001 -17"><span class='ocrx_word' id='word_1_427' title='bbox 2209 2295 2462 2368; x_wconf 87' lang='lat' dir='ltr'>cognitio</span> <span class='ocrx_word' id='word_1_428' title='bbox 2498 2293 2784 2349; x_wconf 89' lang='lat' dir='ltr'>veritatis.</span> <span class='ocrx_word' id='word_1_429' title='bbox 2820 2291 3218 2349; x_wconf 85' lang='lat' dir='ltr'>Misericordia</span> <span class='ocrx_word' id='word_1_430' title='bbox 3267 2307 3335 2347; x_wconf 87' lang='lat' dir='ltr'>ex</span> <span class='ocrx_word' id='word_1_431' title='bbox 3381 2292 3521 2361; x_wconf 88' lang='lat' dir='ltr'>Deo,</span> <span class='ocrx_word' id='word_1_432' title='bbox 3551 2292 3770 2348; x_wconf 86' lang='lat' dir='ltr'>veritas</span> <span class='ocrx_word' id='word_1_433' title='bbox 3800 2309 3872 2349; x_wconf 80' lang='lat' dir='ltr'>ex</span> 
     </span>
    </p>
   </div>
   <div class='ocr_carea' id='block_1_54' title="bbox 2208 2381 3865 2456">
    <p class='ocr_par' dir='ltr' id='par_1_54' title="bbox 2208 2381 3865 2456">
     <span class='ocr_line' id='line_1_54' title="bbox 2208 2381 3865 2456; baseline -0.002 -15"><span class='ocrx_word' id='word_1_434' title='bbox 2208 2385 2346 2453; x_wconf 90' lang='lat' dir='ltr'>Deo,</span> <span class='ocrx_word' id='word_1_435' title='bbox 2364 2383 2598 2456; x_wconf 90' lang='lat' dir='ltr'>justitia</span> <span class='ocrx_word' id='word_1_436' title='bbox 2617 2382 2792 2437; x_wconf 88' lang='lat' dir='ltr'>etiam</span> <span class='ocrx_word' id='word_1_437' title='bbox 2812 2399 2880 2438; x_wconf 88' lang='lat' dir='ltr'>ex</span> <span class='ocrx_word' id='word_1_438' title='bbox 2897 2382 3012 2437; x_wconf 90' lang='lat' dir='ltr'>Deo</span> <span class='ocrx_word' id='word_1_439' title='bbox 3029 2398 3042 2436; x_wconf 87' lang='lat'><strong>:</strong></span> <span class='ocrx_word' id='word_1_440' title='bbox 3059 2386 3116 2437; x_wconf 90' lang='lat' dir='ltr'>et</span> <span class='ocrx_word' id='word_1_441' title='bbox 3133 2382 3241 2437; x_wconf 92' lang='lat' dir='ltr'>hoc</span> <span class='ocrx_word' id='word_1_442' title='bbox 3258 2386 3366 2450; x_wconf 90' lang='lat' dir='ltr'>est,</span> <span class='ocrx_word' id='word_1_443' title='bbox 3402 2404 3423 2432; x_wconf 74' lang='grc' dir='ltr'><strong><em>α</em></strong></span> <span class='ocrx_word' id='word_1_444' title='bbox 3436 2381 3672 2452; x_wconf 88' lang='lat' dir='ltr'>justitia</span> <span class='ocrx_word' id='word_1_445' title='bbox 3701 2387 3865 2454; x_wconf 64' lang='lat' dir='ltr'>tua,»</span> 
     </span>
    </p>
   </div>
   <div class='ocr_carea' id='block_1_55' title="bbox 2208 2470 3872 2544">
    <p class='ocr_par' dir='ltr' id='par_1_55' title="bbox 2208 2470 3872 2544">
     <span class='ocr_line' id='line_1_55' title="bbox 2208 2470 3872 2544; baseline -0.001 -15"><span class='ocrx_word' id='word_1_446' title='bbox 2208 2475 2264 2529; x_wconf 92' lang='lat' dir='ltr'>id</span> <span class='ocrx_word' id='word_1_447' title='bbox 2285 2480 2391 2539; x_wconf 91' lang='lat' dir='ltr'>est,</span> <span class='ocrx_word' id='word_1_448' title='bbox 2408 2473 2555 2544; x_wconf 89' lang='lat' dir='ltr'>justi</span> <span class='ocrx_word' id='word_1_449' title='bbox 2579 2475 2719 2526; x_wconf 92' lang='lat' dir='ltr'>sunt</span> <span class='ocrx_word' id='word_1_450' title='bbox 2744 2493 2764 2522; x_wconf 75' lang='grc' dir='ltr'>ι</span> <span class='ocrx_word' id='word_1_451' title='bbox 2792 2475 3022 2527; x_wconf 90' lang='lat' dir='ltr'>montes</span> <span class='ocrx_word' id='word_1_452' title='bbox 3046 2470 3202 2538; x_wconf 82' lang='lat' dir='ltr'>Dei,»</span> <span class='ocrx_word' id='word_1_453' title='bbox 3229 2470 3287 2525; x_wconf 92' lang='lat' dir='ltr'>id</span> <span class='ocrx_word' id='word_1_454' title='bbox 3311 2475 3417 2539; x_wconf 91' lang='lat' dir='ltr'>est,</span> <span class='ocrx_word' id='word_1_455' title='bbox 3441 2471 3872 2543; x_wconf 83' lang='lat' dir='ltr'>comparabiles</span> 
     </span>
    </p>
   </div>
   <div class='ocr_carea' id='block_1_56' title="bbox 2209 2558 3868 2628">
    <p class='ocr_par' dir='ltr' id='par_1_56' title="bbox 2209 2558 3868 2628">
     <span class='ocr_line' id='line_1_56' title="bbox 2209 2558 3868 2628; baseline -0.001 -10"><span class='ocrx_word' id='word_1_456' title='bbox 2209 2561 2681 2618; x_wconf 86' lang='lat' dir='ltr'>montibus.Nam</span> <span class='ocrx_word' id='word_1_457' title='bbox 2703 2559 2855 2615; x_wconf 91' lang='lat' dir='ltr'>sicut</span> <span class='ocrx_word' id='word_1_458' title='bbox 2884 2558 2942 2613; x_wconf 93' lang='lat' dir='ltr'>in</span> <span class='ocrx_word' id='word_1_459' title='bbox 2967 2558 3268 2615; x_wconf 90' lang='lat' dir='ltr'>montibus</span> <span class='ocrx_word' id='word_1_460' title='bbox 3299 2558 3384 2614; x_wconf 89' lang='lat' dir='ltr'>sol</span> <span class='ocrx_word' id='word_1_461' title='bbox 3416 2575 3587 2614; x_wconf 90' lang='lat' dir='ltr'>mane</span> <span class='ocrx_word' id='word_1_462' title='bbox 3619 2559 3868 2628; x_wconf 85' lang='lat' dir='ltr'>relucet,</span> 
     </span>
    </p>
   </div>
   <div class='ocr_carea' id='block_1_57' title="bbox 2208 2647 3870 2720">
    <p class='ocr_par' dir='ltr' id='par_1_57' title="bbox 2208 2647 3870 2720">
     <span class='ocr_line' id='line_1_57' title="bbox 2208 2647 3870 2720; baseline -0.002 -13"><span class='ocrx_word' id='word_1_463' title='bbox 2208 2656 2264 2708; x_wconf 89' lang='lat' dir='ltr'>et</span> <span class='ocrx_word' id='word_1_464' title='bbox 2283 2651 2418 2706; x_wconf 90' lang='lat' dir='ltr'>inde</span> <span class='ocrx_word' id='word_1_465' title='bbox 2451 2648 2751 2705; x_wconf 89' lang='lat' dir='ltr'>descendit</span> <span class='ocrx_word' id='word_1_466' title='bbox 2779 2648 2838 2703; x_wconf 91' lang='lat' dir='ltr'>in</span> <span class='ocrx_word' id='word_1_467' title='bbox 2869 2647 3070 2715; x_wconf 90' lang='lat' dir='ltr'>valles,</span> <span class='ocrx_word' id='word_1_468' title='bbox 3105 2648 3188 2703; x_wconf 91' lang='lat' dir='ltr'>sic</span> <span class='ocrx_word' id='word_1_469' title='bbox 3219 2647 3472 2720; x_wconf 91' lang='lat' dir='ltr'>cognitio</span> <span class='ocrx_word' id='word_1_470' title='bbox 3499 2647 3601 2703; x_wconf 91' lang='lat' dir='ltr'>Dei</span> <span class='ocrx_word' id='word_1_471' title='bbox 3634 2648 3694 2703; x_wconf 90' lang='lat' dir='ltr'>in</span> <span class='ocrx_word' id='word_1_472' title='bbox 3718 2647 3870 2720; x_wconf 84' lang='lat' dir='ltr'>ipsis</span> 
     </span>
    </p>
   </div>
   <div class='ocr_carea' id='block_1_58' title="bbox 2207 2735 3871 2812">
    <p class='ocr_par' dir='ltr' id='par_1_58' title="bbox 2207 2735 3871 2812">
     <span class='ocr_line' id='line_1_58' title="bbox 2207 2735 3871 2812; baseline -0.003 -15"><span class='ocrx_word' id='word_1_473' title='bbox 2207 2738 2486 2812; x_wconf 87' lang='lat' dir='ltr'>apostolis</span> <span class='ocrx_word' id='word_1_474' title='bbox 2518 2737 2750 2801; x_wconf 84' lang='lat' dir='ltr'>reluxit,</span> <span class='ocrx_word' id='word_1_475' title='bbox 2786 2741 2843 2792; x_wconf 90' lang='lat' dir='ltr'>et</span> <span class='ocrx_word' id='word_1_476' title='bbox 2873 2754 2941 2792; x_wconf 84' lang='lat' dir='ltr'>ex</span> <span class='ocrx_word' id='word_1_477' title='bbox 2970 2737 3107 2792; x_wconf 89' lang='lat' dir='ltr'>inde</span> <span class='ocrx_word' id='word_1_478' title='bbox 3138 2737 3210 2792; x_wconf 89' lang='lat' dir='ltr'>ad</span> <span class='ocrx_word' id='word_1_479' title='bbox 3257 2736 3403 2792; x_wconf 90' lang='lat' dir='ltr'>alios</span> <span class='ocrx_word' id='word_1_480' title='bbox 3447 2735 3716 2792; x_wconf 89' lang='lat' dir='ltr'>homines</span> <span class='ocrx_word' id='word_1_481' title='bbox 3766 2752 3871 2809; x_wconf 90' lang='lat' dir='ltr'>per</span> 
     </span>
    </p>
   </div>
   <div class='ocr_carea' id='block_1_59' title="bbox 2207 2825 3870 2899">
    <p class='ocr_par' dir='ltr' id='par_1_59' title="bbox 2207 2825 3870 2899">
     <span class='ocr_line' id='line_1_59' title="bbox 2207 2825 3870 2899; baseline -0.004 -13"><span class='ocrx_word' id='word_1_482' title='bbox 2207 2829 2442 2886; x_wconf 89' lang='lat' dir='ltr'>eosdem</span> <span class='ocrx_word' id='word_1_483' title='bbox 2472 2825 2768 2899; x_wconf 89' lang='lat' dir='ltr'>apostolos</span> <span class='ocrx_word' id='word_1_484' title='bbox 2797 2825 3119 2892; x_wconf 88' lang='lat' dir='ltr'>descendit,</span> <span class='ocrx_word' id='word_1_485' title='bbox 3137 2829 3193 2880; x_wconf 90' lang='lat' dir='ltr'>et</span> <span class='ocrx_word' id='word_1_486' title='bbox 3223 2841 3296 2880; x_wconf 89' lang='lat' dir='ltr'>ne</span> <span class='ocrx_word' id='word_1_487' title='bbox 3327 2842 3429 2897; x_wconf 88' lang='lat' dir='ltr'>per</span> <span class='ocrx_word' id='word_1_488' title='bbox 3458 2829 3690 2881; x_wconf 89' lang='lat' dir='ltr'>montes</span> <span class='ocrx_word' id='word_1_489' title='bbox 3721 2825 3870 2882; x_wconf 86' lang='lat' dir='ltr'>acci-</span> 
     </span>
    </p>
   </div>
   <div class='ocr_carea' id='block_1_60' title="bbox 2208 2913 3865 2990">
    <p class='ocr_par' dir='ltr' id='par_1_60' title="bbox 2208 2913 3865 2990">
     <span class='ocr_line' id='line_1_60' title="bbox 2208 2913 3865 2990; baseline -0.003 -17"><span class='ocrx_word' id='word_1_490' title='bbox 2208 2917 2441 2990; x_wconf 90' lang='lat' dir='ltr'>piamus</span> <span class='ocrx_word' id='word_1_491' title='bbox 2487 2915 2668 2970; x_wconf 89' lang='lat' dir='ltr'>elatos</span> <span class='ocrx_word' id='word_1_492' title='bbox 2717 2913 2896 2985; x_wconf 87' lang='lat' dir='ltr'>hujus</span> <span class='ocrx_word' id='word_1_493' title='bbox 2945 2913 3167 2981; x_wconf 64' lang='lat' dir='ltr'>saeculi,</span> <span class='ocrx_word' id='word_1_494' title='bbox 3217 2913 3378 2968; x_wconf 89' lang='lat' dir='ltr'>addit</span> <span class='ocrx_word' id='word_1_495' title='bbox 3413 2933 3439 2966; x_wconf 77' lang='grc' dir='ltr'>α</span> <span class='ocrx_word' id='word_1_496' title='bbox 3470 2913 3590 2969; x_wconf 92' lang='lat' dir='ltr'>Dei.</span> <span class='ocrx_word' id='word_1_497' title='bbox 3627 2935 3654 2964; x_wconf 81' lang='lat'><strong>»</strong></span> <span class='ocrx_word' id='word_1_498' title='bbox 3688 2915 3765 2969; x_wconf 82' lang='lat' dir='ltr'>Et</span> <span class='ocrx_word' id='word_1_499' title='bbox 3796 2931 3865 2969; x_wconf 88' lang='lat' dir='ltr'>ne</span> 
     </span>
    </p>
   </div>
   <div class='ocr_carea' id='block_1_61' title="bbox 2208 3000 3865 3079">
    <p class='ocr_par' dir='ltr' id='par_1_61' title="bbox 2208 3000 3865 3079">
     <span class='ocr_line' id='line_1_61' title="bbox 2208 3000 3865 3079; baseline -0.002 -17"><span class='ocrx_word' id='word_1_500' title='bbox 2208 3005 2423 3079; x_wconf 88' lang='lat' dir='ltr'>aliquis</span> <span class='ocrx_word' id='word_1_501' title='bbox 2454 3005 2689 3071; x_wconf 89' lang='lat' dir='ltr'>diceret,</span> <span class='ocrx_word' id='word_1_502' title='bbox 2726 3020 2905 3075; x_wconf 90' lang='lat' dir='ltr'>quare</span> <span class='ocrx_word' id='word_1_503' title='bbox 2933 3002 3041 3058; x_wconf 92' lang='lat' dir='ltr'>hos</span> <span class='ocrx_word' id='word_1_504' title='bbox 3075 3001 3271 3074; x_wconf 90' lang='lat' dir='ltr'>potius</span> <span class='ocrx_word' id='word_1_505' title='bbox 3313 3000 3511 3074; x_wconf 89' lang='lat' dir='ltr'>elegit,</span> <span class='ocrx_word' id='word_1_506' title='bbox 3538 3005 3596 3057; x_wconf 89' lang='lat' dir='ltr'>et</span> <span class='ocrx_word' id='word_1_507' title='bbox 3626 3001 3737 3058; x_wconf 91' lang='lat' dir='ltr'>hos</span> <span class='ocrx_word' id='word_1_508' title='bbox 3774 3019 3865 3058; x_wconf 87' lang='lat' dir='ltr'>re-</span> 
     </span>
    </p>
   </div>
   <div class='ocr_carea' id='block_1_62' title="bbox 2210 3089 3864 3168">
    <p class='ocr_par' dir='ltr' id='par_1_62' title="bbox 2210 3089 3864 3168">
     <span class='ocr_line' id='line_1_62' title="bbox 2210 3089 3864 3168; baseline -0.001 -18"><span class='ocrx_word' id='word_1_509' title='bbox 2210 3092 2730 3168; x_wconf 88' lang='lat' dir='ltr'>probavit,subdit:</span> <span class='ocrx_word' id='word_1_510' title='bbox 2757 3091 3015 3164; x_wconf 87' lang='lat' dir='ltr'>«judicia</span> <span class='ocrx_word' id='word_1_511' title='bbox 3043 3095 3144 3146; x_wconf 88' lang='lat' dir='ltr'>tua</span> <span class='ocrx_word' id='word_1_512' title='bbox 3174 3092 3420 3164; x_wconf 85' lang='lat' dir='ltr'>abyssus</span> <span class='ocrx_word' id='word_1_513' title='bbox 3448 3089 3654 3156; x_wconf 89' lang='lat' dir='ltr'>multa,</span> <span class='ocrx_word' id='word_1_514' title='bbox 3667 3090 3729 3146; x_wconf 91' lang='lat' dir='ltr'>id</span> <span class='ocrx_word' id='word_1_515' title='bbox 3753 3095 3864 3158; x_wconf 88' lang='lat' dir='ltr'>est,</span> 
     </span>
    </p>
   </div>
   <div class='ocr_carea' id='block_1_63' title="bbox 448 3159 3871 3254">
    <p class='ocr_par' dir='ltr' id='par_1_63' title="bbox 448 3159 3871 3254">
     <span class='ocr_line' id='line_1_63' title="bbox 448 3159 3871 3254; baseline 0.001 -22"><span class='ocrx_word' id='word_1_516' title='bbox 448 3178 676 3249; x_wconf 91' lang='lat' dir='ltr'>merita,</span> <span class='ocrx_word' id='word_1_517' title='bbox 707 3183 765 3233; x_wconf 91' lang='lat' dir='ltr'>et</span> <span class='ocrx_word' id='word_1_518' title='bbox 795 3159 910 3233; x_wconf 77' lang='lat' dir='ltr'>hoc</span> <span class='ocrx_word' id='word_1_519' title='bbox 936 3182 1024 3233; x_wconf 91' lang='lat' dir='ltr'>est</span> <span class='ocrx_word' id='word_1_520' title='bbox 1059 3202 1079 3226; x_wconf 79' lang='grc' dir='ltr'>ιι</span> <span class='ocrx_word' id='word_1_521' title='bbox 1119 3178 1293 3233; x_wconf 89' lang='lat' dir='ltr'>timor</span> <span class='ocrx_word' id='word_1_522' title='bbox 1322 3179 1421 3234; x_wconf 90' lang='lat' dir='ltr'>Dei</span> <span class='ocrx_word' id='word_1_523' title='bbox 1451 3199 1476 3230; x_wconf 75' lang='grc' dir='ltr'>ιι</span> <span class='ocrx_word' id='word_1_524' title='bbox 1517 3180 1615 3251; x_wconf 89' lang='lat' dir='ltr'>qui</span> <span class='ocrx_word' id='word_1_525' title='bbox 1649 3159 1924 3236; x_wconf 78' lang='lat' dir='ltr'>omnibus</span> <span class='ocrx_word' id='word_1_526' title='bbox 1954 3197 2096 3251; x_wconf 70' lang='lat' dir='ltr'>praz-</span> <span class='ocrx_word' id='word_1_527' title='bbox 2129 3159 2171 3228; x_wconf 57' lang='grc' dir='ltr'>(ἶ</span> <span class='ocrx_word' id='word_1_528' title='bbox 2211 3159 2384 3240; x_wconf 66' lang='lat' dir='ltr'>tanta:</span> <span class='ocrx_word' id='word_1_529' title='bbox 2417 3159 2851 3254; x_wconf 80' lang='lat' dir='ltr'>profunditatis,</span> <span class='ocrx_word' id='word_1_530' title='bbox 2885 3180 3038 3252; x_wconf 90' lang='lat' dir='ltr'>quod</span> <span class='ocrx_word' id='word_1_531' title='bbox 3069 3196 3197 3235; x_wconf 89' lang='lat' dir='ltr'>eam</span> <span class='ocrx_word' id='word_1_532' title='bbox 3229 3159 3402 3235; x_wconf 76' lang='lat' dir='ltr'>nemo</span> <span class='ocrx_word' id='word_1_533' title='bbox 3434 3181 3628 3251; x_wconf 86' lang='lat' dir='ltr'>potest</span> <span class='ocrx_word' id='word_1_534' title='bbox 3657 3195 3871 3252; x_wconf 86' lang='lat' dir='ltr'>cogno-</span> 
     </span>
    </p>
   </div>
   <div class='ocr_carea' id='block_1_64' title="bbox 448 3264 2099 3340">
    <p class='ocr_par' dir='ltr' id='par_1_64' title="bbox 448 3264 2099 3340">
     <span class='ocr_line' id='line_1_64' title="bbox 448 3264 2099 3340; baseline 0.002 -20"><span class='ocrx_word' id='word_1_535' title='bbox 448 3264 674 3337; x_wconf 89' lang='lat' dir='ltr'>positus</span> <span class='ocrx_word' id='word_1_536' title='bbox 705 3270 815 3332; x_wconf 88' lang='lat' dir='ltr'>est,</span> <span class='ocrx_word' id='word_1_537' title='bbox 855 3289 875 3315; x_wconf 77' lang='grc' dir='ltr'>ι</span> <span class='ocrx_word' id='word_1_538' title='bbox 913 3283 1028 3320; x_wconf 92' lang='lat' dir='ltr'>non</span> <span class='ocrx_word' id='word_1_539' title='bbox 1061 3270 1149 3320; x_wconf 89' lang='lat' dir='ltr'>est</span> <span class='ocrx_word' id='word_1_540' title='bbox 1181 3271 1316 3322; x_wconf 91' lang='lat' dir='ltr'>ante</span> <span class='ocrx_word' id='word_1_541' title='bbox 1347 3267 1546 3323; x_wconf 91' lang='lat' dir='ltr'>oculos</span> <span class='ocrx_word' id='word_1_542' title='bbox 1578 3269 1726 3340; x_wconf 83' lang='lat' dir='ltr'>ejus,</span> <span class='ocrx_word' id='word_1_543' title='bbox 1752 3293 1772 3317; x_wconf 85' lang='grc'><strong>»</strong></span> <span class='ocrx_word' id='word_1_544' title='bbox 1809 3269 1865 3323; x_wconf 90' lang='lat' dir='ltr'>id</span> <span class='ocrx_word' id='word_1_545' title='bbox 1898 3274 2006 3336; x_wconf 88' lang='lat' dir='ltr'>est,</span> <span class='ocrx_word' id='word_1_546' title='bbox 2039 3269 2099 3324; x_wconf 89' lang='lat' dir='ltr'>in</span> 
     </span>
    </p>
   </div>
   <div class='ocr_carea' id='block_1_65' title="bbox 449 3353 2099 3429">
    <p class='ocr_par' dir='ltr' id='par_1_65' title="bbox 449 3353 2099 3429">
     <span class='ocr_line' id='line_1_65' title="bbox 449 3353 2099 3429; baseline 0.003 -21"><span class='ocrx_word' id='word_1_547' title='bbox 449 3371 558 3409; x_wconf 91' lang='lat' dir='ltr'>sua</span> <span class='ocrx_word' id='word_1_548' title='bbox 581 3353 1049 3410; x_wconf 88' lang='lat' dir='ltr'>consideratione</span> <span class='ocrx_word' id='word_1_549' title='bbox 1072 3354 1232 3410; x_wconf 92' lang='lat' dir='ltr'>utvel</span> <span class='ocrx_word' id='word_1_550' title='bbox 1257 3355 1390 3411; x_wconf 91' lang='lat' dir='ltr'>inde</span> <span class='ocrx_word' id='word_1_551' title='bbox 1411 3357 1713 3429; x_wconf 90' lang='lat' dir='ltr'>cogitet.In</span> <span class='ocrx_word' id='word_1_552' title='bbox 1728 3357 1836 3413; x_wconf 86' lang='lat' dir='ltr'>hoc</span> <span class='ocrx_word' id='word_1_553' title='bbox 1851 3358 2099 3414; x_wconf 78' lang='lat' dir='ltr'>maxime</span> 
     </span>
    </p>
   </div>
   <div class='ocr_carea' id='block_1_66' title="bbox 449 3442 2102 3518">
    <p class='ocr_par' dir='ltr' id='par_1_66' title="bbox 449 3442 2102 3518">
     <span class='ocr_line' id='line_1_66' title="bbox 449 3442 2102 3518; baseline 0.004 -21"><span class='ocrx_word' id='word_1_554' title='bbox 449 3447 688 3497; x_wconf 89' lang='lat' dir='ltr'>notatur</span> <span class='ocrx_word' id='word_1_555' title='bbox 707 3442 971 3514; x_wconf 89' lang='lat' dir='ltr'>nequitia</span> <span class='ocrx_word' id='word_1_556' title='bbox 993 3442 1371 3515; x_wconf 90' lang='lat' dir='ltr'>ipsius,quod</span> <span class='ocrx_word' id='word_1_557' title='bbox 1397 3463 1463 3500; x_wconf 87' lang='lat' dir='ltr'>ex</span> <span class='ocrx_word' id='word_1_558' title='bbox 1493 3446 1788 3503; x_wconf 88' lang='lat' dir='ltr'>voluntate</span> <span class='ocrx_word' id='word_1_559' title='bbox 1820 3451 2102 3518; x_wconf 89' lang='lat' dir='ltr'>peccat,et</span> 
     </span>
    </p>
   </div>
   <div class='ocr_carea' id='block_1_67' title="bbox 449 3531 1832 3604">
    <p class='ocr_par' dir='ltr' id='par_1_67' title="bbox 449 3531 1832 3604">
     <span class='ocr_line' id='line_1_67' title="bbox 449 3531 1832 3604; baseline 0.003 -18"><span class='ocrx_word' id='word_1_560' title='bbox 449 3531 783 3586; x_wconf 88' lang='lat' dir='ltr'>nullatenus</span> <span class='ocrx_word' id='word_1_561' title='bbox 813 3531 1023 3586; x_wconf 88' lang='lat' dir='ltr'>timore</span> <span class='ocrx_word' id='word_1_562' title='bbox 1052 3532 1228 3586; x_wconf 83' lang='lat' dir='ltr'>futuri</span> <span class='ocrx_word' id='word_1_563' title='bbox 1249 3533 1459 3604; x_wconf 91' lang='lat' dir='ltr'>judicii</span> <span class='ocrx_word' id='word_1_564' title='bbox 1493 3535 1832 3590; x_wconf 84' lang='lat' dir='ltr'>refrenatur.</span> 
     </span>
    </p>
   </div>
   <div class='ocr_carea' id='block_1_68' title="bbox 521 3619 2101 3692">
    <p class='ocr_par' dir='ltr' id='par_1_68' title="bbox 521 3619 2101 3692">
     <span class='ocr_line' id='line_1_68' title="bbox 521 3619 2101 3692; baseline 0.004 -18"><span class='ocrx_word' id='word_1_565' title='bbox 521 3620 671 3675; x_wconf 90' lang='lat' dir='ltr'>Bene</span> <span class='ocrx_word' id='word_1_566' title='bbox 701 3619 828 3675; x_wconf 93' lang='lat' dir='ltr'>dico</span> <span class='ocrx_word' id='word_1_567' title='bbox 878 3621 1031 3692; x_wconf 89' lang='lat' dir='ltr'>quod</span> <span class='ocrx_word' id='word_1_568' title='bbox 1081 3621 1258 3677; x_wconf 88' lang='lat' dir='ltr'>timor</span> <span class='ocrx_word' id='word_1_569' title='bbox 1308 3622 1407 3678; x_wconf 92' lang='lat' dir='ltr'>Dei</span> <span class='ocrx_word' id='word_1_570' title='bbox 1460 3641 1574 3678; x_wconf 92' lang='lat' dir='ltr'>non</span> <span class='ocrx_word' id='word_1_571' title='bbox 1620 3629 1708 3680; x_wconf 88' lang='lat' dir='ltr'>est</span> <span class='ocrx_word' id='word_1_572' title='bbox 1737 3630 1872 3681; x_wconf 89' lang='lat' dir='ltr'>ante</span> <span class='ocrx_word' id='word_1_573' title='bbox 1901 3624 2101 3680; x_wconf 91' lang='lat' dir='ltr'>oculos</span> 
     </span>
    </p>
   </div>
   <div class='ocr_carea' id='block_1_69' title="bbox 448 3708 2104 3784">
    <p class='ocr_par' dir='ltr' id='par_1_69' title="bbox 448 3708 2104 3784">
     <span class='ocr_line' id='line_1_69' title="bbox 448 3708 2104 3784; baseline 0.004 -21"><span class='ocrx_word' id='word_1_574' title='bbox 448 3708 598 3781; x_wconf 89' lang='lat' dir='ltr'>ejus,</span> <span class='ocrx_word' id='word_1_575' title='bbox 645 3730 666 3757; x_wconf 73' lang='grc' dir='ltr'><strong>ε</strong></span> <span class='ocrx_word' id='word_1_576' title='bbox 690 3709 970 3782; x_wconf 85' lang='lat' dir='ltr'>quoniam</span> <span class='ocrx_word' id='word_1_577' title='bbox 1007 3734 1027 3762; x_wconf 76' lang='grc' dir='ltr'><strong><em>ι</em></strong></span> <span class='ocrx_word' id='word_1_578' title='bbox 1064 3710 1189 3782; x_wconf 91' lang='lat' dir='ltr'>ipse</span> <span class='ocrx_word' id='word_1_579' title='bbox 1224 3733 1251 3762; x_wconf 87' lang='lat'><strong>«</strong></span> <span class='ocrx_word' id='word_1_580' title='bbox 1285 3711 1482 3768; x_wconf 90' lang='lat' dir='ltr'>dolose</span> <span class='ocrx_word' id='word_1_581' title='bbox 1507 3713 1626 3784; x_wconf 87' lang='lat' dir='ltr'>egit</span> <span class='ocrx_word' id='word_1_582' title='bbox 1661 3737 1681 3763; x_wconf 75' lang='grc' dir='ltr'><strong><em>ιι</em></strong></span> <span class='ocrx_word' id='word_1_583' title='bbox 1719 3731 1852 3768; x_wconf 91' lang='lat' dir='ltr'>cum</span> <span class='ocrx_word' id='word_1_584' title='bbox 1887 3715 2104 3769; x_wconf 90' lang='lat' dir='ltr'>diceret</span> 
     </span>
    </p>
   </div>
   <div class='ocr_carea' id='block_1_70' title="bbox 449 3799 2103 3868">
    <p class='ocr_par' dir='ltr' id='par_1_70' title="bbox 449 3799 2103 3868">
     <span class='ocr_line' id='line_1_70' title="bbox 449 3799 2103 3868; baseline 0.002 -14"><span class='ocrx_word' id='word_1_585' title='bbox 449 3815 511 3854; x_wconf 90' lang='lat' dir='ltr'>se</span> <span class='ocrx_word' id='word_1_586' title='bbox 533 3815 649 3854; x_wconf 92' lang='lat' dir='ltr'>non</span> <span class='ocrx_word' id='word_1_587' title='bbox 673 3816 740 3854; x_wconf 81' lang='lat' dir='ltr'>ex</span> <span class='ocrx_word' id='word_1_588' title='bbox 762 3816 870 3854; x_wconf 89' lang='lat' dir='ltr'>sua</span> <span class='ocrx_word' id='word_1_589' title='bbox 903 3799 1214 3868; x_wconf 85' lang='lat' dir='ltr'>voluntate,</span> <span class='ocrx_word' id='word_1_590' title='bbox 1249 3802 1350 3856; x_wconf 90' lang='lat' dir='ltr'>sed</span> <span class='ocrx_word' id='word_1_591' title='bbox 1374 3819 1443 3857; x_wconf 82' lang='lat' dir='ltr'>ex</span> <span class='ocrx_word' id='word_1_592' title='bbox 1476 3819 1584 3857; x_wconf 90' lang='lat' dir='ltr'>sua</span> <span class='ocrx_word' id='word_1_593' title='bbox 1613 3806 1823 3858; x_wconf 90' lang='lat' dir='ltr'>natura</span> <span class='ocrx_word' id='word_1_594' title='bbox 1853 3808 1908 3858; x_wconf 90' lang='lat' dir='ltr'>et</span> <span class='ocrx_word' id='word_1_595' title='bbox 1937 3820 2103 3858; x_wconf 89' lang='lat' dir='ltr'>crea-</span> 
     </span>
    </p>
   </div>
   <div class='ocr_carea' id='block_1_71' title="bbox 448 3887 2103 3962">
    <p class='ocr_par' dir='ltr' id='par_1_71' title="bbox 448 3887 2103 3962">
     <span class='ocr_line' id='line_1_71' title="bbox 448 3887 2103 3962; baseline 0.002 -20"><span class='ocrx_word' id='word_1_596' title='bbox 448 3887 626 3955; x_wconf 87' lang='lat' dir='ltr'>tione,</span> <span class='ocrx_word' id='word_1_597' title='bbox 662 3905 730 3942; x_wconf 87' lang='lat' dir='ltr'>ex</span> <span class='ocrx_word' id='word_1_598' title='bbox 760 3889 1105 3945; x_wconf 88' lang='lat' dir='ltr'>necessitate</span> <span class='ocrx_word' id='word_1_599' title='bbox 1142 3906 1401 3961; x_wconf 85' lang='lat' dir='ltr'>peccare,</span> <span class='ocrx_word' id='word_1_600' title='bbox 1439 3891 1595 3962; x_wconf 91' lang='lat' dir='ltr'>quod</span> <span class='ocrx_word' id='word_1_601' title='bbox 1645 3890 1883 3962; x_wconf 90' lang='lat' dir='ltr'>quidem</span> <span class='ocrx_word' id='word_1_602' title='bbox 1933 3891 2103 3946; x_wconf 92' lang='lat' dir='ltr'>dolus</span> 
     </span>
    </p>
   </div>
   <div class='ocr_carea' id='block_1_72' title="bbox 452 3976 2103 4048">
    <p class='ocr_par' dir='ltr' id='par_1_72' title="bbox 452 3976 2103 4048">
     <span class='ocr_line' id='line_1_72' title="bbox 452 3976 2103 4048; baseline 0.002 -17"><span class='ocrx_word' id='word_1_603' title='bbox 452 3976 740 4046; x_wconf 88' lang='lat' dir='ltr'>erat,quia</span> <span class='ocrx_word' id='word_1_604' title='bbox 770 3976 906 4032; x_wconf 89' lang='lat' dir='ltr'>licet</span> <span class='ocrx_word' id='word_1_605' title='bbox 937 3977 1046 4032; x_wconf 92' lang='lat' dir='ltr'>hoc</span> <span class='ocrx_word' id='word_1_606' title='bbox 1077 3978 1314 4048; x_wconf 90' lang='lat' dir='ltr'>diceret,</span> <span class='ocrx_word' id='word_1_607' title='bbox 1347 3984 1544 4034; x_wconf 88' lang='lat' dir='ltr'>tamen</span> <span class='ocrx_word' id='word_1_608' title='bbox 1575 3979 1635 4034; x_wconf 91' lang='lat' dir='ltr'>in</span> <span class='ocrx_word' id='word_1_609' title='bbox 1667 3998 1774 4035; x_wconf 89' lang='lat' dir='ltr'>sua</span> <span class='ocrx_word' id='word_1_610' title='bbox 1804 3979 2103 4036; x_wconf 84' lang='lat' dir='ltr'>conscien-</span> 
     </span>
    </p>
   </div>
   <div class='ocr_carea' id='block_1_73' title="bbox 449 4064 2102 4137">
    <p class='ocr_par' dir='ltr' id='par_1_73' title="bbox 449 4064 2102 4137">
     <span class='ocr_line' id='line_1_73' title="bbox 449 4064 2102 4137; baseline 0.004 -19"><span class='ocrx_word' id='word_1_611' title='bbox 449 4064 532 4126; x_wconf 81' lang='lat' dir='ltr'>tia</span> <span class='ocrx_word' id='word_1_612' title='bbox 560 4081 628 4118; x_wconf 82' lang='lat' dir='ltr'>ex</span> <span class='ocrx_word' id='word_1_613' title='bbox 659 4081 719 4120; x_wconf 90' lang='lat' dir='ltr'>se</span> <span class='ocrx_word' id='word_1_614' title='bbox 750 4064 876 4136; x_wconf 91' lang='lat' dir='ltr'>ipso</span> <span class='ocrx_word' id='word_1_615' title='bbox 907 4071 1210 4137; x_wconf 91' lang='lat' dir='ltr'>peccatum</span> <span class='ocrx_word' id='word_1_616' title='bbox 1243 4085 1369 4123; x_wconf 88' lang='lat' dir='ltr'>esse</span> <span class='ocrx_word' id='word_1_617' title='bbox 1401 4069 1706 4136; x_wconf 89' lang='lat' dir='ltr'>sciebat,et</span> <span class='ocrx_word' id='word_1_618' title='bbox 1733 4070 1842 4125; x_wconf 90' lang='lat' dir='ltr'>hoc</span> <span class='ocrx_word' id='word_1_619' title='bbox 1874 4074 2102 4125; x_wconf 89' lang='lat' dir='ltr'>tantum</span> 
     </span>
    </p>
   </div>
   <div class='ocr_carea' id='block_1_74' title="bbox 451 4153 2104 4229">
    <p class='ocr_par' dir='ltr' id='par_1_74' title="bbox 451 4153 2104 4229">
     <span class='ocr_line' id='line_1_74' title="bbox 451 4153 2104 4229; baseline 0.002 -21"><span class='ocrx_word' id='word_1_620' title='bbox 451 4153 511 4208; x_wconf 89' lang='lat' dir='ltr'>in</span> <span class='ocrx_word' id='word_1_621' title='bbox 535 4159 849 4225; x_wconf 88' lang='lat' dir='ltr'>conspectu</span> <span class='ocrx_word' id='word_1_622' title='bbox 884 4153 1359 4227; x_wconf 88' lang='lat' dir='ltr'>hominum,quia</span> <span class='ocrx_word' id='word_1_623' title='bbox 1377 4157 1645 4212; x_wconf 89' lang='lat' dir='ltr'>homines</span> <span class='ocrx_word' id='word_1_624' title='bbox 1668 4159 1953 4229; x_wconf 86' lang='lat' dir='ltr'>putabant</span> <span class='ocrx_word' id='word_1_625' title='bbox 1970 4176 2104 4213; x_wconf 92' lang='lat' dir='ltr'>eum</span> 
     </span>
    </p>
   </div>
   <div class='ocr_carea' id='block_1_75' title="bbox 451 4242 2107 4316">
    <p class='ocr_par' dir='ltr' id='par_1_75' title="bbox 451 4242 2107 4316">
     <span class='ocr_line' id='line_1_75' title="bbox 451 4242 2107 4316; baseline 0.002 -18"><span class='ocrx_word' id='word_1_626' title='bbox 451 4259 654 4298; x_wconf 89' lang='lat' dir='ltr'>verum</span> <span class='ocrx_word' id='word_1_627' title='bbox 680 4242 999 4309; x_wconf 88' lang='lat' dir='ltr'>dicere,sed</span> <span class='ocrx_word' id='word_1_628' title='bbox 1025 4243 1081 4297; x_wconf 91' lang='lat' dir='ltr'>in</span> <span class='ocrx_word' id='word_1_629' title='bbox 1107 4251 1421 4316; x_wconf 87' lang='lat' dir='ltr'>conspectu</span> <span class='ocrx_word' id='word_1_630' title='bbox 1447 4245 1545 4299; x_wconf 88' lang='lat' dir='ltr'>Dei</span> <span class='ocrx_word' id='word_1_631' title='bbox 1582 4246 1875 4300; x_wconf 90' lang='lat' dir='ltr'>intantum</span> <span class='ocrx_word' id='word_1_632' title='bbox 1909 4247 2107 4302; x_wconf 90' lang='lat' dir='ltr'>dolose</span> 
     </span>
    </p>
   </div>
   <div class='ocr_carea' id='block_1_76' title="bbox 452 4329 2109 4404">
    <p class='ocr_par' dir='ltr' id='par_1_76' title="bbox 452 4329 2109 4404">
     <span class='ocr_line' id='line_1_76' title="bbox 452 4329 2109 4404; baseline 0.002 -19"><span class='ocrx_word' id='word_1_633' title='bbox 452 4329 570 4404; x_wconf 89' lang='lat' dir='ltr'>egit</span> <span class='ocrx_word' id='word_1_634' title='bbox 597 4353 616 4379; x_wconf 78' lang='grc' dir='ltr'><strong><em>α</em></strong></span> <span class='ocrx_word' id='word_1_635' title='bbox 646 4334 710 4385; x_wconf 91' lang='lat' dir='ltr'>ut</span> <span class='ocrx_word' id='word_1_636' title='bbox 736 4330 1016 4403; x_wconf 89' lang='lat' dir='ltr'>iniquitas</span> <span class='ocrx_word' id='word_1_637' title='bbox 1043 4333 1170 4402; x_wconf 88' lang='lat' dir='ltr'>ejus</span> <span class='ocrx_word' id='word_1_638' title='bbox 1190 4352 1216 4385; x_wconf 70' lang='grc' dir='ltr'><strong>η</strong></span> <span class='ocrx_word' id='word_1_639' title='bbox 1245 4333 1316 4388; x_wconf 91' lang='lat' dir='ltr'>ab</span> <span class='ocrx_word' id='word_1_640' title='bbox 1349 4333 1475 4403; x_wconf 89' lang='lat' dir='ltr'>ipso</span> <span class='ocrx_word' id='word_1_641' title='bbox 1503 4335 1706 4389; x_wconf 91' lang='lat' dir='ltr'>eodem</span> <span class='ocrx_word' id='word_1_642' title='bbox 1736 4357 1755 4383; x_wconf 83' lang='lat'>«</span> <span class='ocrx_word' id='word_1_643' title='bbox 1779 4334 2109 4390; x_wconf 87' lang='lat' dir='ltr'>inveniatur</span> 
     </span>
    </p>
   </div>
   <div class='ocr_carea' id='block_1_77' title="bbox 452 4420 2103 4494">
    <p class='ocr_par' dir='ltr' id='par_1_77' title="bbox 452 4420 2103 4494">
     <span class='ocr_line' id='line_1_77' title="bbox 452 4420 2103 4494; baseline -0.002 -18"><span class='ocrx_word' id='word_1_644' title='bbox 452 4421 525 4476; x_wconf 92' lang='lat' dir='ltr'>ad</span> <span class='ocrx_word' id='word_1_645' title='bbox 540 4443 566 4470; x_wconf 81' lang='lat' dir='ltr'>n</span> <span class='ocrx_word' id='word_1_646' title='bbox 588 4420 687 4476; x_wconf 89' lang='lat' dir='ltr'>Dei</span> <span class='ocrx_word' id='word_1_647' title='bbox 719 4425 774 4476; x_wconf 90' lang='lat' dir='ltr'>et</span> <span class='ocrx_word' id='word_1_648' title='bbox 805 4421 1112 4476; x_wconf 89' lang='lat' dir='ltr'>hominum</span> <span class='ocrx_word' id='word_1_649' title='bbox 1139 4423 1439 4493; x_wconf 90' lang='lat' dir='ltr'>justorum</span> <span class='ocrx_word' id='word_1_650' title='bbox 1469 4422 1759 4494; x_wconf 89' lang='lat' dir='ltr'>pertinere</span> <span class='ocrx_word' id='word_1_651' title='bbox 1797 4423 2103 4478; x_wconf 78' lang='lat' dir='ltr'>«odium.»</span> 
     </span>
    </p>
   </div>
   <div class='ocr_carea' id='block_1_78' title="bbox 526 4511 2105 4584">
    <p class='ocr_par' dir='ltr' id='par_1_78' title="bbox 526 4511 2105 4584">
     <span class='ocr_line' id='line_1_78' title="bbox 526 4511 2105 4584; baseline 0 -18"><span class='ocrx_word' id='word_1_652' title='bbox 526 4511 902 4582; x_wconf 85' lang='lat' dir='ltr'>lniquitatem</span> <span class='ocrx_word' id='word_1_653' title='bbox 926 4529 1029 4584; x_wconf 90' lang='lat' dir='ltr'>per</span> <span class='ocrx_word' id='word_1_654' title='bbox 1049 4516 1243 4584; x_wconf 90' lang='lat' dir='ltr'>partes</span> <span class='ocrx_word' id='word_1_655' title='bbox 1265 4511 1622 4583; x_wconf 81' lang='lat' dir='ltr'>exsequitur,</span> <span class='ocrx_word' id='word_1_656' title='bbox 1635 4515 1691 4568; x_wconf 90' lang='lat' dir='ltr'>et</span> <span class='ocrx_word' id='word_1_657' title='bbox 1710 4513 1967 4568; x_wconf 90' lang='lat' dir='ltr'>ostendit</span> <span class='ocrx_word' id='word_1_658' title='bbox 1997 4513 2105 4567; x_wconf 92' lang='lat' dir='ltr'>ini-</span> 
     </span>
    </p>
   </div>
   <div class='ocr_carea' id='block_1_79' title="bbox 453 4599 2109 4673">
    <p class='ocr_par' dir='ltr' id='par_1_79' title="bbox 453 4599 2109 4673">
     <span class='ocr_line' id='line_1_79' title="bbox 453 4599 2109 4673; baseline 0.001 -19"><span class='ocrx_word' id='word_1_659' title='bbox 453 4599 739 4672; x_wconf 89' lang='lat' dir='ltr'>quitatem</span> <span class='ocrx_word' id='word_1_660' title='bbox 790 4602 918 4672; x_wconf 86' lang='lat' dir='ltr'>ejus</span> <span class='ocrx_word' id='word_1_661' title='bbox 968 4607 1026 4656; x_wconf 90' lang='lat' dir='ltr'>et</span> <span class='ocrx_word' id='word_1_662' title='bbox 1074 4602 1133 4656; x_wconf 92' lang='lat' dir='ltr'>in</span> <span class='ocrx_word' id='word_1_663' title='bbox 1183 4601 1533 4673; x_wconf 87' lang='lat' dir='ltr'>cogitatione</span> <span class='ocrx_word' id='word_1_664' title='bbox 1563 4606 1620 4656; x_wconf 92' lang='lat' dir='ltr'>et</span> <span class='ocrx_word' id='word_1_665' title='bbox 1649 4601 1708 4656; x_wconf 92' lang='lat' dir='ltr'>in</span> <span class='ocrx_word' id='word_1_666' title='bbox 1740 4601 1929 4658; x_wconf 88' lang='lat' dir='ltr'>verbis</span> <span class='ocrx_word' id='word_1_667' title='bbox 1962 4607 2020 4658; x_wconf 92' lang='lat' dir='ltr'>et</span> <span class='ocrx_word' id='word_1_668' title='bbox 2051 4602 2109 4656; x_wconf 93' lang='lat' dir='ltr'>in</span> 
     </span>
    </p>
   </div>
   <div class='ocr_carea' id='block_1_80' title="bbox 455 4688 2109 4762">
    <p class='ocr_par' dir='ltr' id='par_1_80' title="bbox 455 4688 2109 4762">
     <span class='ocr_line' id='line_1_80' title="bbox 455 4688 2109 4762; baseline 0.001 -20"><span class='ocrx_word' id='word_1_669' title='bbox 455 4693 608 4742; x_wconf 89' lang='lat' dir='ltr'>actu.</span> <span class='ocrx_word' id='word_1_670' title='bbox 631 4688 1002 4745; x_wconf 87' lang='lat' dir='ltr'>Continuatio</span> <span class='ocrx_word' id='word_1_671' title='bbox 1021 4707 1032 4745; x_wconf 89' lang='lat'>:</span> <span class='ocrx_word' id='word_1_672' title='bbox 1050 4691 1202 4745; x_wconf 89' lang='lat' dir='ltr'>Bene</span> <span class='ocrx_word' id='word_1_673' title='bbox 1221 4689 1348 4744; x_wconf 90' lang='lat' dir='ltr'>dico</span> <span class='ocrx_word' id='word_1_674' title='bbox 1367 4689 1648 4762; x_wconf 90' lang='lat' dir='ltr'>iniquitas</span> <span class='ocrx_word' id='word_1_675' title='bbox 1664 4691 1813 4762; x_wconf 89' lang='lat' dir='ltr'>ejus,</span> <span class='ocrx_word' id='word_1_676' title='bbox 1833 4691 2109 4762; x_wconf 88' lang='lat' dir='ltr'>quoniam</span> 
     </span>
    </p>
   </div>
   <div class='ocr_carea' id='block_1_81' title="bbox 463 4777 2111 4852">
    <p class='ocr_par' dir='ltr' id='par_1_81' title="bbox 463 4777 2111 4852">
     <span class='ocr_line' id='line_1_81' title="bbox 463 4777 2111 4852; baseline 0.002 -21"><span class='ocrx_word' id='word_1_677' title='bbox 463 4777 678 4833; x_wconf 69' lang='lat' dir='ltr'>«verba</span> <span class='ocrx_word' id='word_1_678' title='bbox 708 4777 825 4833; x_wconf 93' lang='lat' dir='ltr'>oris</span> <span class='ocrx_word' id='word_1_679' title='bbox 856 4778 985 4849; x_wconf 90' lang='lat' dir='ltr'>ejus</span> <span class='ocrx_word' id='word_1_680' title='bbox 1017 4778 1302 4850; x_wconf 90' lang='lat' dir='ltr'>iniquitas</span> <span class='ocrx_word' id='word_1_681' title='bbox 1332 4783 1388 4834; x_wconf 87' lang='lat' dir='ltr'>et</span> <span class='ocrx_word' id='word_1_682' title='bbox 1423 4777 1630 4834; x_wconf 64' lang='lat' dir='ltr'>dolus:</span> <span class='ocrx_word' id='word_1_683' title='bbox 1652 4779 2111 4852; x_wconf 80' lang='lat' dir='ltr'>naturaziniqui-</span> 
     </span>
    </p>
   </div>
   <div class='ocr_carea' id='block_1_82' title="bbox 456 4865 2110 4939">
    <p class='ocr_par' dir='ltr' id='par_1_82' title="bbox 456 4865 2110 4939">
     <span class='ocr_line' id='line_1_82' title="bbox 456 4865 2110 4939; baseline 0.002 -18"><span class='ocrx_word' id='word_1_684' title='bbox 456 4865 634 4934; x_wconf 90' lang='lat' dir='ltr'>tas,id</span> <span class='ocrx_word' id='word_1_685' title='bbox 658 4865 1151 4939; x_wconf 73' lang='lat' dir='ltr'>est,blasphemiae</span> <span class='ocrx_word' id='word_1_686' title='bbox 1183 4870 1387 4922; x_wconf 88' lang='lat' dir='ltr'>contra</span> <span class='ocrx_word' id='word_1_687' title='bbox 1417 4867 1622 4936; x_wconf 88' lang='lat' dir='ltr'>Deum,</span> <span class='ocrx_word' id='word_1_688' title='bbox 1655 4871 1712 4923; x_wconf 91' lang='lat' dir='ltr'>et</span> <span class='ocrx_word' id='word_1_689' title='bbox 1731 4867 1901 4924; x_wconf 91' lang='lat' dir='ltr'>dolus</span> <span class='ocrx_word' id='word_1_690' title='bbox 1931 4874 2020 4924; x_wconf 91' lang='lat' dir='ltr'>est</span> <span class='ocrx_word' id='word_1_691' title='bbox 2051 4869 2110 4924; x_wconf 90' lang='lat' dir='ltr'>in</span> 
     </span>
    </p>
   </div>
   <div class='ocr_carea' id='block_1_83' title="bbox 458 4955 2108 5028">
    <p class='ocr_par' dir='ltr' id='par_1_83' title="bbox 458 4955 2108 5028">
     <span class='ocr_line' id='line_1_83' title="bbox 458 4955 2108 5028; baseline 0.001 -18"><span class='ocrx_word' id='word_1_692' title='bbox 458 4955 814 5028; x_wconf 82' lang='lat' dir='ltr'>proximum,</span> <span class='ocrx_word' id='word_1_693' title='bbox 847 4956 986 5028; x_wconf 89' lang='lat' dir='ltr'>quia</span> <span class='ocrx_word' id='word_1_694' title='bbox 1006 4956 1182 5012; x_wconf 91' lang='lat' dir='ltr'>etiam</span> <span class='ocrx_word' id='word_1_695' title='bbox 1210 4955 1259 5012; x_wconf 91' lang='lat' dir='ltr'>si</span> <span class='ocrx_word' id='word_1_696' title='bbox 1281 4956 1434 5012; x_wconf 90' lang='lat' dir='ltr'>bona</span> <span class='ocrx_word' id='word_1_697' title='bbox 1454 4957 1629 5024; x_wconf 89' lang='lat' dir='ltr'>dicat,</span> <span class='ocrx_word' id='word_1_698' title='bbox 1654 4961 1850 5011; x_wconf 86' lang='lat' dir='ltr'>tamen</span> <span class='ocrx_word' id='word_1_699' title='bbox 1881 4956 1988 5012; x_wconf 91' lang='lat' dir='ltr'>hoc</span> <span class='ocrx_word' id='word_1_700' title='bbox 2019 4975 2108 5012; x_wconf 83' lang='lat' dir='ltr'>se-</span> 
     </span>
    </p>
   </div>
   <div class='ocr_carea' id='block_1_84' title="bbox 459 5044 2108 5118">
    <p class='ocr_par' dir='ltr' id='par_1_84' title="bbox 459 5044 2108 5118">
     <span class='ocr_line' id='line_1_84' title="bbox 459 5044 2108 5118; baseline 0 -18"><span class='ocrx_word' id='word_1_701' title='bbox 459 5045 724 5100; x_wconf 90' lang='lat' dir='ltr'>ductoria</span> <span class='ocrx_word' id='word_1_702' title='bbox 743 5044 1065 5101; x_wconf 86' lang='lat' dir='ltr'>intentione</span> <span class='ocrx_word' id='word_1_703' title='bbox 1088 5045 1224 5101; x_wconf 85' lang='lat' dir='ltr'>facit</span> <span class='ocrx_word' id='word_1_704' title='bbox 1250 5062 1262 5100; x_wconf 89' lang='lat'>:</span> <span class='ocrx_word' id='word_1_705' title='bbox 1291 5050 1436 5100; x_wconf 89' lang='lat' dir='ltr'>etne</span> <span class='ocrx_word' id='word_1_706' title='bbox 1460 5044 1555 5100; x_wconf 90' lang='lat' dir='ltr'>ille</span> <span class='ocrx_word' id='word_1_707' title='bbox 1585 5061 1688 5117; x_wconf 90' lang='lat' dir='ltr'>per</span> <span class='ocrx_word' id='word_1_708' title='bbox 1716 5045 2108 5118; x_wconf 86' lang='lat' dir='ltr'>ignorantiam</span> 
     </span>
    </p>
   </div>
   <div class='ocr_carea' id='block_1_85' title="bbox 459 5133 2106 5202">
    <p class='ocr_par' dir='ltr' id='par_1_85' title="bbox 459 5133 2106 5202">
     <span class='ocr_line' id='line_1_85' title="bbox 459 5133 2106 5202; baseline 0 -14"><span class='ocrx_word' id='word_1_709' title='bbox 459 5149 521 5188; x_wconf 89' lang='lat' dir='ltr'>se</span> <span class='ocrx_word' id='word_1_710' title='bbox 550 5138 868 5202; x_wconf 88' lang='lat' dir='ltr'>excusaret,</span> <span class='ocrx_word' id='word_1_711' title='bbox 903 5135 1155 5190; x_wconf 90' lang='lat' dir='ltr'>ostendit</span> <span class='ocrx_word' id='word_1_712' title='bbox 1186 5151 1319 5189; x_wconf 90' lang='lat' dir='ltr'>eum</span> <span class='ocrx_word' id='word_1_713' title='bbox 1351 5133 1825 5201; x_wconf 80' lang='lat' dir='ltr'>inexcusabilem,</span> <span class='ocrx_word' id='word_1_714' title='bbox 1856 5150 1990 5188; x_wconf 90' lang='lat' dir='ltr'>cum</span> <span class='ocrx_word' id='word_1_715' title='bbox 2022 5134 2106 5188; x_wconf 91' lang='lat' dir='ltr'>di-</span> 
     </span>
    </p>
   </div>
   <div class='ocr_carea' id='block_1_86' title="bbox 462 5221 2106 5295">
    <p class='ocr_par' dir='ltr' id='par_1_86' title="bbox 462 5221 2106 5295">
     <span class='ocr_line' id='line_1_86' title="bbox 462 5221 2106 5295; baseline -0.001 -17"><span class='ocrx_word' id='word_1_716' title='bbox 462 5221 559 5288; x_wconf 87' lang='lat' dir='ltr'>cit,</span> <span class='ocrx_word' id='word_1_717' title='bbox 593 5221 816 5277; x_wconf 74' lang='lat' dir='ltr'>«noluit</span> <span class='ocrx_word' id='word_1_718' title='bbox 839 5223 1159 5295; x_wconf 86' lang='lat' dir='ltr'>intelligere</span> <span class='ocrx_word' id='word_1_719' title='bbox 1181 5238 1316 5276; x_wconf 91' lang='lat' dir='ltr'>cum</span> <span class='ocrx_word' id='word_1_720' title='bbox 1340 5221 1485 5276; x_wconf 88' lang='lat' dir='ltr'>bene</span> <span class='ocrx_word' id='word_1_721' title='bbox 1508 5226 1702 5294; x_wconf 90' lang='lat' dir='ltr'>ageret</span> <span class='ocrx_word' id='word_1_722' title='bbox 1726 5244 1747 5273; x_wconf 72' lang='grc' dir='ltr'><strong><em>ι</em></strong></span> <span class='ocrx_word' id='word_1_723' title='bbox 1775 5221 1860 5277; x_wconf 91' lang='lat' dir='ltr'>vel</span> <span class='ocrx_word' id='word_1_724' title='bbox 1892 5221 1950 5275; x_wconf 92' lang='lat' dir='ltr'>in</span> <span class='ocrx_word' id='word_1_725' title='bbox 1981 5239 2106 5277; x_wconf 89' lang='lat' dir='ltr'>ver-</span> 
     </span>
    </p>
   </div>
   <div class='ocr_carea' id='block_1_87' title="bbox 463 5309 2106 5368">
    <p class='ocr_par' dir='ltr' id='par_1_87' title="bbox 463 5309 2106 5368">
     <span class='ocr_line' id='line_1_87' title="bbox 463 5309 2106 5368; baseline 0 -4"><span class='ocrx_word' id='word_1_726' title='bbox 463 5309 554 5364; x_wconf 86' lang='lat' dir='ltr'>bis</span> <span class='ocrx_word' id='word_1_727' title='bbox 579 5309 664 5363; x_wconf 89' lang='lat' dir='ltr'>vel</span> <span class='ocrx_word' id='word_1_728' title='bbox 697 5309 757 5364; x_wconf 91' lang='lat' dir='ltr'>in</span> <span class='ocrx_word' id='word_1_729' title='bbox 788 5311 975 5367; x_wconf 82' lang='lat' dir='ltr'>factis.</span> <span class='ocrx_word' id='word_1_730' title='bbox 1010 5312 1258 5368; x_wconf 89' lang='lat' dir='ltr'>Dederat</span> <span class='ocrx_word' id='word_1_731' title='bbox 1300 5309 1456 5364; x_wconf 90' lang='lat' dir='ltr'>enim</span> <span class='ocrx_word' id='word_1_732' title='bbox 1488 5311 1640 5366; x_wconf 90' lang='lat' dir='ltr'>Deus</span> <span class='ocrx_word' id='word_1_733' title='bbox 1672 5309 1895 5365; x_wconf 89' lang='lat' dir='ltr'>homini</span> <span class='ocrx_word' id='word_1_734' title='bbox 1930 5309 2106 5364; x_wconf 90' lang='lat' dir='ltr'>ratio-</span> 
     </span>
    </p>
   </div>
   <div class='ocr_carea' id='block_1_88' title="bbox 467 5397 2112 5471">
    <p class='ocr_par' dir='ltr' id='par_1_88' title="bbox 467 5397 2112 5471">
     <span class='ocr_line' id='line_1_88' title="bbox 467 5397 2112 5471; baseline 0 -19"><span class='ocrx_word' id='word_1_735' title='bbox 467 5413 741 5468; x_wconf 90' lang='lat' dir='ltr'>nem,qua</span> <span class='ocrx_word' id='word_1_736' title='bbox 772 5399 1054 5471; x_wconf 87' lang='lat' dir='ltr'>quidquid</span> <span class='ocrx_word' id='word_1_737' title='bbox 1086 5399 1193 5454; x_wconf 92' lang='lat' dir='ltr'>sibi</span> <span class='ocrx_word' id='word_1_738' title='bbox 1223 5402 1376 5454; x_wconf 90' lang='lat' dir='ltr'>esset</span> <span class='ocrx_word' id='word_1_739' title='bbox 1407 5399 1697 5470; x_wconf 88' lang='lat' dir='ltr'>agendum</span> <span class='ocrx_word' id='word_1_740' title='bbox 1727 5403 1923 5469; x_wconf 87' lang='lat' dir='ltr'>posset</span> <span class='ocrx_word' id='word_1_741' title='bbox 1947 5397 2112 5452; x_wconf 91' lang='lat' dir='ltr'>intel-</span> 
     </span>
    </p>
   </div>
   <div class='ocr_carea' id='block_1_89' title="bbox 464 5485 2110 5560">
    <p class='ocr_par' dir='ltr' id='par_1_89' title="bbox 464 5485 2110 5560">
     <span class='ocr_line' id='line_1_89' title="bbox 464 5485 2110 5560; baseline 0.002 -21"><span class='ocrx_word' id='word_1_742' title='bbox 464 5485 641 5555; x_wconf 84' lang='lat' dir='ltr'>ligere</span> <span class='ocrx_word' id='word_1_743' title='bbox 671 5503 682 5540; x_wconf 93' lang='lat'>:</span> <span class='ocrx_word' id='word_1_744' title='bbox 716 5492 771 5542; x_wconf 90' lang='lat' dir='ltr'>et</span> <span class='ocrx_word' id='word_1_745' title='bbox 803 5487 1051 5543; x_wconf 90' lang='lat' dir='ltr'>liberum</span> <span class='ocrx_word' id='word_1_746' title='bbox 1081 5489 1388 5543; x_wconf 84' lang='lat' dir='ltr'>arbitrium</span> <span class='ocrx_word' id='word_1_747' title='bbox 1420 5489 1892 5560; x_wconf 86' lang='lat' dir='ltr'>restituerat,quo</span> <span class='ocrx_word' id='word_1_748' title='bbox 1916 5492 2110 5560; x_wconf 87' lang='lat' dir='ltr'>posset</span> 
     </span>
    </p>
   </div>
   <div class='ocr_carea' id='block_1_90' title="bbox 465 5574 1221 5648">
    <p class='ocr_par' dir='ltr' id='par_1_90' title="bbox 465 5574 1221 5648">
     <span class='ocr_line' id='line_1_90' title="bbox 465 5574 1221 5648; baseline 0.003 -18"><span class='ocrx_word' id='word_1_749' title='bbox 465 5574 670 5630; x_wconf 71' lang='lat' dir='ltr'>divinae</span> <span class='ocrx_word' id='word_1_750' title='bbox 702 5576 898 5648; x_wconf 68' lang='lat' dir='ltr'>gratiae</span> <span class='ocrx_word' id='word_1_751' title='bbox 921 5577 1221 5632; x_wconf 88' lang='lat' dir='ltr'>assentire.</span> 
     </span>
    </p>
   </div>
   <div class='ocr_carea' id='block_1_91' title="bbox 2209 3288 2390 3328">
    <p class='ocr_par' dir='ltr' id='par_1_91' title="bbox 2209 3288 2390 3328">
     <span class='ocr_line' id='line_1_91' title="bbox 2209 3288 2390 3328; baseline -0.017 0"><span class='ocrx_word' id='word_1_752' title='bbox 2209 3288 2390 3328; x_wconf 88' lang='lat' dir='ltr'>scere.</span> 
     </span>
    </p>
   </div>
   <div class='ocr_carea' id='block_1_92' title="bbox 2279 3355 3870 3431">
    <p class='ocr_par' dir='ltr' id='par_1_92' title="bbox 2279 3355 3870 3431">
     <span class='ocr_line' id='line_1_92' title="bbox 2279 3355 3870 3431; baseline -0.001 -17"><span class='ocrx_word' id='word_1_753' title='bbox 2279 3361 2426 3415; x_wconf 85' lang='lat' dir='ltr'>Vere</span> <span class='ocrx_word' id='word_1_754' title='bbox 2467 3359 2694 3431; x_wconf 89' lang='lat' dir='ltr'>judicia</span> <span class='ocrx_word' id='word_1_755' title='bbox 2734 3363 2839 3414; x_wconf 88' lang='lat' dir='ltr'>tua</span> <span class='ocrx_word' id='word_1_756' title='bbox 2887 3358 3134 3430; x_wconf 83' lang='lat' dir='ltr'>abyssus</span> <span class='ocrx_word' id='word_1_757' title='bbox 3173 3356 3378 3425; x_wconf 89' lang='lat' dir='ltr'>multa,</span> <span class='ocrx_word' id='word_1_758' title='bbox 3411 3355 3550 3428; x_wconf 90' lang='lat' dir='ltr'>quia</span> <span class='ocrx_word' id='word_1_759' title='bbox 3579 3359 3644 3412; x_wconf 88' lang='lat' dir='ltr'>tu</span> <span class='ocrx_word' id='word_1_760' title='bbox 3675 3355 3870 3412; x_wconf 83' lang='lat' dir='ltr'>salva-</span> 
     </span>
    </p>
   </div>
   <div class='ocr_carea' id='block_1_93' title="bbox 2210 3443 3873 3520">
    <p class='ocr_par' dir='ltr' id='par_1_93' title="bbox 2210 3443 3873 3520">
     <span class='ocr_line' id='line_1_93' title="bbox 2210 3443 3873 3520; baseline -0.003 -15"><span class='ocrx_word' id='word_1_761' title='bbox 2210 3450 2300 3506; x_wconf 89' lang='lat' dir='ltr'>bis</span> <span class='ocrx_word' id='word_1_762' title='bbox 2331 3452 2608 3520; x_wconf 90' lang='lat' dir='ltr'>utrosque</span> <span class='ocrx_word' id='word_1_763' title='bbox 2657 3453 2715 3503; x_wconf 89' lang='lat' dir='ltr'>et</span> <span class='ocrx_word' id='word_1_764' title='bbox 2764 3445 3078 3502; x_wconf 86' lang='lat' dir='ltr'>rationales</span> <span class='ocrx_word' id='word_1_765' title='bbox 3127 3450 3185 3501; x_wconf 90' lang='lat' dir='ltr'>et</span> <span class='ocrx_word' id='word_1_766' title='bbox 3216 3443 3583 3502; x_wconf 89' lang='lat' dir='ltr'>irrationales</span> <span class='ocrx_word' id='word_1_767' title='bbox 3617 3461 3629 3498; x_wconf 93' lang='lat'>:</span> <span class='ocrx_word' id='word_1_768' title='bbox 3667 3449 3726 3500; x_wconf 89' lang='lat' dir='ltr'>et</span> <span class='ocrx_word' id='word_1_769' title='bbox 3757 3444 3873 3500; x_wconf 90' lang='lat' dir='ltr'>hoc</span> 
     </span>
    </p>
   </div>
   <div class='ocr_carea' id='block_1_94' title="bbox 2209 3531 3873 3605">
    <p class='ocr_par' dir='ltr' id='par_1_94' title="bbox 2209 3531 3873 3605">
     <span class='ocr_line' id='line_1_94' title="bbox 2209 3531 3873 3605; baseline -0.004 -11"><span class='ocrx_word' id='word_1_770' title='bbox 2209 3543 2316 3605; x_wconf 90' lang='lat' dir='ltr'>est,</span> <span class='ocrx_word' id='word_1_771' title='bbox 2351 3555 2383 3593; x_wconf 91' lang='grc' dir='ltr'>ο</span> <span class='ocrx_word' id='word_1_772' title='bbox 2422 3561 2441 3584; x_wconf 77' lang='grc' dir='ltr'><em>α</em></span> <span class='ocrx_word' id='word_1_773' title='bbox 2478 3536 2745 3603; x_wconf 89' lang='lat' dir='ltr'>Domine,</span> <span class='ocrx_word' id='word_1_774' title='bbox 2776 3555 2802 3587; x_wconf 72' lang='grc' dir='ltr'>π</span> <span class='ocrx_word' id='word_1_775' title='bbox 2836 3539 2899 3590; x_wconf 91' lang='lat' dir='ltr'>tu</span> <span class='ocrx_word' id='word_1_776' title='bbox 2937 3556 2963 3587; x_wconf 83' lang='lat'><strong>«</strong></span> <span class='ocrx_word' id='word_1_777' title='bbox 2995 3533 3248 3590; x_wconf 91' lang='lat' dir='ltr'>salvabis</span> <span class='ocrx_word' id='word_1_778' title='bbox 3283 3558 3304 3586; x_wconf 79' lang='grc' dir='ltr'><strong><em>ι</em></strong></span> <span class='ocrx_word' id='word_1_779' title='bbox 3343 3531 3635 3605; x_wconf 89' lang='lat' dir='ltr'>spirituali</span> <span class='ocrx_word' id='word_1_780' title='bbox 3677 3532 3873 3588; x_wconf 85' lang='lat' dir='ltr'>salva-</span> 
     </span>
    </p>
   </div>
   <div class='ocr_carea' id='block_1_95' title="bbox 2211 3622 3868 3694">
    <p class='ocr_par' dir='ltr' id='par_1_95' title="bbox 2211 3622 3868 3694">
     <span class='ocr_line' id='line_1_95' title="bbox 2211 3622 3868 3694; baseline -0.004 -12"><span class='ocrx_word' id='word_1_781' title='bbox 2211 3629 2386 3694; x_wconf 89' lang='lat' dir='ltr'>tione,</span> <span class='ocrx_word' id='word_1_782' title='bbox 2426 3648 2452 3679; x_wconf 80' lang='grc' dir='ltr'><strong>α</strong></span> <span class='ocrx_word' id='word_1_783' title='bbox 2482 3625 2805 3692; x_wconf 68' lang='lat' dir='ltr'>homines,»</span> <span class='ocrx_word' id='word_1_784' title='bbox 2843 3625 2899 3680; x_wconf 92' lang='lat' dir='ltr'>id</span> <span class='ocrx_word' id='word_1_785' title='bbox 2931 3628 3021 3680; x_wconf 88' lang='lat' dir='ltr'>est</span> <span class='ocrx_word' id='word_1_786' title='bbox 3051 3622 3384 3690; x_wconf 90' lang='lat' dir='ltr'>rationales,</span> <span class='ocrx_word' id='word_1_787' title='bbox 3427 3623 3868 3694; x_wconf 71' lang='lat' dir='ltr'>«etjumentan</span> 
     </span>
    </p>
   </div>
   <div class='ocr_carea' id='block_1_96' title="bbox 2213 3709 3873 3781">
    <p class='ocr_par' dir='ltr' id='par_1_96' title="bbox 2213 3709 3873 3781">
     <span class='ocr_line' id='line_1_96' title="bbox 2213 3709 3873 3781; baseline -0.004 -9"><span class='ocrx_word' id='word_1_788' title='bbox 2213 3717 2269 3772; x_wconf 93' lang='lat' dir='ltr'>id</span> <span class='ocrx_word' id='word_1_789' title='bbox 2290 3720 2379 3772; x_wconf 90' lang='lat' dir='ltr'>est</span> <span class='ocrx_word' id='word_1_790' title='bbox 2411 3713 2796 3781; x_wconf 87' lang='lat' dir='ltr'>irrationales,</span> <span class='ocrx_word' id='word_1_791' title='bbox 2834 3712 3052 3768; x_wconf 82' lang='lat' dir='ltr'>faciens</span> <span class='ocrx_word' id='word_1_792' title='bbox 3083 3728 3180 3767; x_wconf 91' lang='lat' dir='ltr'>eos</span> <span class='ocrx_word' id='word_1_793' title='bbox 3213 3709 3546 3778; x_wconf 88' lang='lat' dir='ltr'>rationales,</span> <span class='ocrx_word' id='word_1_794' title='bbox 3581 3709 3760 3766; x_wconf 89' lang='lat' dir='ltr'>sicuti</span> <span class='ocrx_word' id='word_1_795' title='bbox 3792 3710 3873 3766; x_wconf 80' lang='lat' dir='ltr'>fe-</span> 
     </span>
    </p>
   </div>
   <div class='ocr_carea' id='block_1_97' title="bbox 2211 3798 3873 3872">
    <p class='ocr_par' dir='ltr' id='par_1_97' title="bbox 2211 3798 3873 3872">
     <span class='ocr_line' id='line_1_97' title="bbox 2211 3798 3873 3872; baseline -0.004 -12"><span class='ocrx_word' id='word_1_796' title='bbox 2211 3805 2341 3861; x_wconf 89' lang='lat' dir='ltr'>cisti</span> <span class='ocrx_word' id='word_1_797' title='bbox 2376 3803 2620 3860; x_wconf 90' lang='lat' dir='ltr'>Paulum</span> <span class='ocrx_word' id='word_1_798' title='bbox 2647 3819 2659 3857; x_wconf 93' lang='lat'>:</span> <span class='ocrx_word' id='word_1_799' title='bbox 2687 3801 2774 3856; x_wconf 86' lang='lat' dir='ltr'>vel</span> <span class='ocrx_word' id='word_1_800' title='bbox 2798 3801 3052 3857; x_wconf 90' lang='lat' dir='ltr'>salvabis</span> <span class='ocrx_word' id='word_1_801' title='bbox 3084 3799 3367 3872; x_wconf 87' lang='lat' dir='ltr'>corporali</span> <span class='ocrx_word' id='word_1_802' title='bbox 3399 3798 3873 3869; x_wconf 88' lang='lat' dir='ltr'>salvatione,mi-</span> 
     </span>
    </p>
   </div>
   <div class='ocr_carea' id='block_1_98' title="bbox 2212 3886 3874 3960">
    <p class='ocr_par' dir='ltr' id='par_1_98' title="bbox 2212 3886 3874 3960">
     <span class='ocr_line' id='line_1_98' title="bbox 2212 3886 3874 3960; baseline -0.004 -12"><span class='ocrx_word' id='word_1_803' title='bbox 2212 3893 2516 3949; x_wconf 88' lang='lat' dir='ltr'>nistrando</span> <span class='ocrx_word' id='word_1_804' title='bbox 2556 3893 2640 3947; x_wconf 89' lang='lat' dir='ltr'>eis</span> <span class='ocrx_word' id='word_1_805' title='bbox 2670 3889 3001 3946; x_wconf 88' lang='lat' dir='ltr'>necessaria</span> <span class='ocrx_word' id='word_1_806' title='bbox 3031 3889 3210 3960; x_wconf 92' lang='lat' dir='ltr'>hujus</span> <span class='ocrx_word' id='word_1_807' title='bbox 3239 3889 3389 3955; x_wconf 69' lang='lat' dir='ltr'>vitae,</span> <span class='ocrx_word' id='word_1_808' title='bbox 3423 3892 3480 3944; x_wconf 90' lang='lat' dir='ltr'>et</span> <span class='ocrx_word' id='word_1_809' title='bbox 3509 3887 3688 3943; x_wconf 90' lang='lat' dir='ltr'>etiam</span> <span class='ocrx_word' id='word_1_810' title='bbox 3721 3886 3874 3942; x_wconf 89' lang='lat' dir='ltr'>mul-</span> 
     </span>
    </p>
   </div>
   <div class='ocr_carea' id='block_1_99' title="bbox 2212 3976 3869 4050">
    <p class='ocr_par' dir='ltr' id='par_1_99' title="bbox 2212 3976 3869 4050">
     <span class='ocr_line' id='line_1_99' title="bbox 2212 3976 3869 4050; baseline -0.007 -12"><span class='ocrx_word' id='word_1_811' title='bbox 2212 3982 2289 4038; x_wconf 91' lang='lat' dir='ltr'>tis</span> <span class='ocrx_word' id='word_1_812' title='bbox 2311 3981 2441 4037; x_wconf 87' lang='lat' dir='ltr'>aliis</span> <span class='ocrx_word' id='word_1_813' title='bbox 2464 3981 2654 4036; x_wconf 88' lang='lat' dir='ltr'>modis</span> <span class='ocrx_word' id='word_1_814' title='bbox 2679 4001 2707 4030; x_wconf 87' lang='grc'>‹‹</span> <span class='ocrx_word' id='word_1_815' title='bbox 2730 3976 3137 4050; x_wconf 87' lang='lat' dir='ltr'>multiplicasti</span> <span class='ocrx_word' id='word_1_816' title='bbox 3168 3976 3627 4033; x_wconf 90' lang='lat' dir='ltr'>misericordiam</span> <span class='ocrx_word' id='word_1_817' title='bbox 3653 3979 3822 4031; x_wconf 87' lang='lat' dir='ltr'>tuam</span> <span class='ocrx_word' id='word_1_818' title='bbox 3848 3998 3869 4025; x_wconf 81' lang='grc' dir='ltr'>ι</span> 
     </span>
    </p>
   </div>
   <div class='ocr_carea' id='block_1_100' title="bbox 2213 4065 3874 4139">
    <p class='ocr_par' dir='ltr' id='par_1_100' title="bbox 2213 4065 3874 4139">
     <span class='ocr_line' id='line_1_100' title="bbox 2213 4065 3874 4139; baseline -0.005 -12"><span class='ocrx_word' id='word_1_819' title='bbox 2213 4071 2323 4126; x_wconf 91' lang='lat' dir='ltr'>hoc</span> <span class='ocrx_word' id='word_1_820' title='bbox 2355 4071 2638 4136; x_wconf 89' lang='lat' dir='ltr'>faciendo,</span> <span class='ocrx_word' id='word_1_821' title='bbox 2680 4089 2705 4120; x_wconf 75' lang='grc' dir='ltr'>(ι</span> <span class='ocrx_word' id='word_1_822' title='bbox 2740 4067 3306 4139; x_wconf 61' lang='lat' dir='ltr'>quemadmodum,»</span> <span class='ocrx_word' id='word_1_823' title='bbox 3345 4065 3403 4120; x_wconf 92' lang='lat' dir='ltr'>id</span> <span class='ocrx_word' id='word_1_824' title='bbox 3435 4069 3543 4131; x_wconf 89' lang='lat' dir='ltr'>est,</span> <span class='ocrx_word' id='word_1_825' title='bbox 3578 4069 3874 4136; x_wconf 89' lang='lat' dir='ltr'>quantum</span> 
     </span>
    </p>
   </div>
   <div class='ocr_carea' id='block_1_101' title="bbox 2214 4151 3877 4231">
    <p class='ocr_par' dir='ltr' id='par_1_101' title="bbox 2214 4151 3877 4231">
     <span class='ocr_line' id='line_1_101' title="bbox 2214 4151 3877 4231; baseline -0.005 -16"><span class='ocrx_word' id='word_1_826' title='bbox 2214 4157 2615 4231; x_wconf 90' lang='lat' dir='ltr'>multiplicasti</span> <span class='ocrx_word' id='word_1_827' title='bbox 2649 4155 3111 4211; x_wconf 88' lang='lat' dir='ltr'>misericordiam</span> <span class='ocrx_word' id='word_1_828' title='bbox 3141 4157 3329 4209; x_wconf 90' lang='lat' dir='ltr'>tuam.</span> <span class='ocrx_word' id='word_1_829' title='bbox 3363 4153 3681 4210; x_wconf 90' lang='lat' dir='ltr'>Sciendum</span> <span class='ocrx_word' id='word_1_830' title='bbox 3713 4151 3877 4224; x_wconf 90' lang='lat' dir='ltr'>quod</span> 
     </span>
    </p>
   </div>
   <div class='ocr_carea' id='block_1_102' title="bbox 2213 4241 3878 4316">
    <p class='ocr_par' dir='ltr' id='par_1_102' title="bbox 2213 4241 3878 4316">
     <span class='ocr_line' id='line_1_102' title="bbox 2213 4241 3878 4316; baseline -0.005 -12"><span class='ocrx_word' id='word_1_831' title='bbox 2213 4249 2349 4304; x_wconf 90' lang='lat' dir='ltr'>licet</span> <span class='ocrx_word' id='word_1_832' title='bbox 2396 4247 2574 4302; x_wconf 83' lang='lat' dir='ltr'>David</span> <span class='ocrx_word' id='word_1_833' title='bbox 2625 4249 2681 4300; x_wconf 91' lang='lat' dir='ltr'>et</span> <span class='ocrx_word' id='word_1_834' title='bbox 2726 4242 3040 4316; x_wconf 87' lang='lat' dir='ltr'>Apostolus</span> <span class='ocrx_word' id='word_1_835' title='bbox 3089 4241 3309 4314; x_wconf 89' lang='lat' dir='ltr'>aliquid</span> <span class='ocrx_word' id='word_1_836' title='bbox 3361 4241 3775 4314; x_wconf 85' lang='lat' dir='ltr'>cognovissent</span> <span class='ocrx_word' id='word_1_837' title='bbox 3804 4241 3878 4296; x_wconf 85' lang='lat' dir='ltr'>de</span> 
     </span>
    </p>
   </div>
   <div class='ocr_carea' id='block_1_103' title="bbox 2217 4329 3881 4405">
    <p class='ocr_par' dir='ltr' id='par_1_103' title="bbox 2217 4329 3881 4405">
     <span class='ocr_line' id='line_1_103' title="bbox 2217 4329 3881 4405; baseline -0.004 -14"><span class='ocrx_word' id='word_1_838' title='bbox 2217 4336 2460 4392; x_wconf 89' lang='lat' dir='ltr'>consilio</span> <span class='ocrx_word' id='word_1_839' title='bbox 2492 4334 2614 4404; x_wconf 91' lang='lat' dir='ltr'>Dei,</span> <span class='ocrx_word' id='word_1_840' title='bbox 2649 4349 2828 4405; x_wconf 86' lang='lat' dir='ltr'>quare</span> <span class='ocrx_word' id='word_1_841' title='bbox 2859 4332 3146 4403; x_wconf 90' lang='lat' dir='ltr'>quosdam</span> <span class='ocrx_word' id='word_1_842' title='bbox 3178 4329 3435 4402; x_wconf 90' lang='lat' dir='ltr'>eligeret,</span> <span class='ocrx_word' id='word_1_843' title='bbox 3467 4329 3759 4401; x_wconf 89' lang='lat' dir='ltr'>quosdam</span> <span class='ocrx_word' id='word_1_844' title='bbox 3797 4345 3881 4384; x_wconf 85' lang='lat' dir='ltr'>re-</span> 
     </span>
    </p>
   </div>
   <div class='ocr_carea' id='block_1_104' title="bbox 2217 4417 3879 4497">
    <p class='ocr_par' dir='ltr' id='par_1_104' title="bbox 2217 4417 3879 4497">
     <span class='ocr_line' id='line_1_104' title="bbox 2217 4417 3879 4497; baseline -0.004 -17"><span class='ocrx_word' id='word_1_845' title='bbox 2217 4426 2508 4497; x_wconf 88' lang='lat' dir='ltr'>probaret,</span> <span class='ocrx_word' id='word_1_846' title='bbox 2543 4427 2740 4477; x_wconf 90' lang='lat' dir='ltr'>tamen</span> <span class='ocrx_word' id='word_1_847' title='bbox 2772 4418 3089 4475; x_wconf 85' lang='lat' dir='ltr'>noluerunt</span> <span class='ocrx_word' id='word_1_848' title='bbox 3145 4418 3387 4490; x_wconf 86' lang='lat' dir='ltr'>aperire,</span> <span class='ocrx_word' id='word_1_849' title='bbox 3422 4417 3561 4490; x_wconf 91' lang='lat' dir='ltr'>quia</span> <span class='ocrx_word' id='word_1_850' title='bbox 3590 4433 3879 4490; x_wconf 84' lang='lat' dir='ltr'>cognove-</span> 
     </span>
    </p>
   </div>
   <div class='ocr_carea' id='block_1_105' title="bbox 2140 4507 3738 4598">
    <p class='ocr_par' dir='ltr' id='par_1_105' title="bbox 2140 4507 3738 4598">
     <span class='ocr_line' id='line_1_105' title="bbox 2140 4507 3738 4598; baseline -0.005 -29"><span class='ocrx_word' id='word_1_851' title='bbox 2140 4532 2186 4598; x_wconf 84' lang='lat' dir='ltr'><strong>D</strong></span> <span class='ocrx_word' id='word_1_852' title='bbox 2220 4517 2358 4568; x_wconf 87' lang='lat' dir='ltr'>runt</span> <span class='ocrx_word' id='word_1_853' title='bbox 2386 4513 2538 4583; x_wconf 87' lang='lat' dir='ltr'>quod</span> <span class='ocrx_word' id='word_1_854' title='bbox 2573 4511 2683 4566; x_wconf 89' lang='lat' dir='ltr'>hoc</span> <span class='ocrx_word' id='word_1_855' title='bbox 2715 4509 2911 4582; x_wconf 90' lang='lat' dir='ltr'>potius</span> <span class='ocrx_word' id='word_1_856' title='bbox 2943 4512 3176 4564; x_wconf 88' lang='lat' dir='ltr'>noceret</span> <span class='ocrx_word' id='word_1_857' title='bbox 3205 4524 3381 4579; x_wconf 90' lang='lat' dir='ltr'>quam</span> <span class='ocrx_word' id='word_1_858' title='bbox 3415 4507 3738 4598; x_wconf 80' lang='lat' dir='ltr'>prodesset.</span> 
     </span>
    </p>
   </div>
   <div class='ocr_carea' id='block_1_106' title="bbox 2292 4593 3884 4668">
    <p class='ocr_par' dir='ltr' id='par_1_106' title="bbox 2292 4593 3884 4668">
     <span class='ocr_line' id='line_1_106' title="bbox 2292 4593 3884 4668; baseline -0.006 -11"><span class='ocrx_word' id='word_1_859' title='bbox 2292 4604 2379 4658; x_wconf 89' lang='lat' dir='ltr'>Tu</span> <span class='ocrx_word' id='word_1_860' title='bbox 2411 4599 2662 4656; x_wconf 89' lang='lat' dir='ltr'>salvabis</span> <span class='ocrx_word' id='word_1_861' title='bbox 2691 4597 2961 4654; x_wconf 90' lang='lat' dir='ltr'>homines</span> <span class='ocrx_word' id='word_1_862' title='bbox 2991 4602 3048 4653; x_wconf 90' lang='lat' dir='ltr'>et</span> <span class='ocrx_word' id='word_1_863' title='bbox 3070 4599 3361 4668; x_wconf 90' lang='lat' dir='ltr'>jumenta,</span> <span class='ocrx_word' id='word_1_864' title='bbox 3394 4595 3495 4651; x_wconf 89' lang='lat' dir='ltr'>sed</span> <span class='ocrx_word' id='word_1_865' title='bbox 3526 4593 3611 4650; x_wconf 89' lang='lat' dir='ltr'>illi</span> <span class='ocrx_word' id='word_1_866' title='bbox 3643 4593 3884 4650; x_wconf 86' lang='lat' dir='ltr'>irratio-</span> 
     </span>
    </p>
   </div>
   <div class='ocr_carea' id='block_1_107' title="bbox 2222 4684 3889 4757">
    <p class='ocr_par' dir='ltr' id='par_1_107' title="bbox 2222 4684 3889 4757">
     <span class='ocr_line' id='line_1_107' title="bbox 2222 4684 3889 4757; baseline -0.007 -9"><span class='ocrx_word' id='word_1_867' title='bbox 2222 4691 2386 4749; x_wconf 88' lang='lat' dir='ltr'>nales</span> <span class='ocrx_word' id='word_1_868' title='bbox 2416 4689 2568 4745; x_wconf 89' lang='lat' dir='ltr'>male</span> <span class='ocrx_word' id='word_1_869' title='bbox 2594 4691 2844 4744; x_wconf 91' lang='lat' dir='ltr'>utuntur</span> <span class='ocrx_word' id='word_1_870' title='bbox 2871 4685 3190 4742; x_wconf 87' lang='lat' dir='ltr'>salvatione</span> <span class='ocrx_word' id='word_1_871' title='bbox 3220 4690 3320 4741; x_wconf 86' lang='lat' dir='ltr'>tua</span> <span class='ocrx_word' id='word_1_872' title='bbox 3341 4684 3613 4757; x_wconf 87' lang='lat' dir='ltr'>quianon</span> <span class='ocrx_word' id='word_1_873' title='bbox 3636 4685 3889 4756; x_wconf 85' lang='lat' dir='ltr'>sperant</span> 
     </span>
    </p>
   </div>
   <div class='ocr_carea' id='block_1_108' title="bbox 2221 4770 3890 4844">
    <p class='ocr_par' dir='ltr' id='par_1_108' title="bbox 2221 4770 3890 4844">
     <span class='ocr_line' id='line_1_108' title="bbox 2221 4770 3890 4844; baseline -0.007 -8"><span class='ocrx_word' id='word_1_874' title='bbox 2221 4782 2277 4836; x_wconf 92' lang='lat' dir='ltr'>in</span> <span class='ocrx_word' id='word_1_875' title='bbox 2311 4787 2366 4836; x_wconf 85' lang='lat' dir='ltr'>te</span> <span class='ocrx_word' id='word_1_876' title='bbox 2403 4797 2413 4835; x_wconf 92' lang='lat'><strong>:</strong></span> <span class='ocrx_word' id='word_1_877' title='bbox 2456 4803 2476 4829; x_wconf 78' lang='grc' dir='ltr'><strong>α</strong></span> <span class='ocrx_word' id='word_1_878' title='bbox 2513 4777 2617 4833; x_wconf 84' lang='lat' dir='ltr'>ﬁlii</span> <span class='ocrx_word' id='word_1_879' title='bbox 2669 4780 2864 4832; x_wconf 89' lang='lat' dir='ltr'>autem</span> <span class='ocrx_word' id='word_1_880' title='bbox 2915 4774 3304 4844; x_wconf 79' lang='lat' dir='ltr'>hominum,»</span> <span class='ocrx_word' id='word_1_881' title='bbox 3355 4773 3412 4828; x_wconf 91' lang='lat' dir='ltr'>id</span> <span class='ocrx_word' id='word_1_882' title='bbox 3463 4777 3573 4840; x_wconf 88' lang='lat' dir='ltr'>est,</span> <span class='ocrx_word' id='word_1_883' title='bbox 3625 4770 3890 4826; x_wconf 86' lang='lat' dir='ltr'>rationa-</span> 
     </span>
    </p>
   </div>
   <div class='ocr_carea' id='block_1_109' title="bbox 2218 4859 3890 4939">
    <p class='ocr_par' dir='ltr' id='par_1_109' title="bbox 2218 4859 3890 4939">
     <span class='ocr_line' id='line_1_109' title="bbox 2218 4859 3890 4939; baseline -0.007 -13"><span class='ocrx_word' id='word_1_884' title='bbox 2218 4869 2326 4939; x_wconf 91' lang='lat' dir='ltr'>les,</span> <span class='ocrx_word' id='word_1_885' title='bbox 2363 4892 2383 4917; x_wconf 77' lang='grc' dir='ltr'><strong><em>α</em></strong></span> <span class='ocrx_word' id='word_1_886' title='bbox 2411 4866 2732 4939; x_wconf 88' lang='lat' dir='ltr'>sperabunt</span> <span class='ocrx_word' id='word_1_887' title='bbox 2764 4864 2823 4918; x_wconf 91' lang='lat' dir='ltr'>in</span> <span class='ocrx_word' id='word_1_888' title='bbox 2855 4863 3110 4936; x_wconf 87' lang='lat' dir='ltr'>tegmine</span> <span class='ocrx_word' id='word_1_889' title='bbox 3156 4863 3382 4918; x_wconf 90' lang='lat' dir='ltr'>alarum</span> <span class='ocrx_word' id='word_1_890' title='bbox 3415 4866 3711 4927; x_wconf 60' lang='lat' dir='ltr'>tuarum,»</span> <span class='ocrx_word' id='word_1_891' title='bbox 3737 4859 3890 4931; x_wconf 87' lang='lat' dir='ltr'>quia</span> 
     </span>
    </p>
   </div>
   <div class='ocr_carea' id='block_1_110' title="bbox 2220 4946 3893 5026">
    <p class='ocr_par' dir='ltr' id='par_1_110' title="bbox 2220 4946 3893 5026">
     <span class='ocr_line' id='line_1_110' title="bbox 2220 4946 3893 5026; baseline -0.007 -13"><span class='ocrx_word' id='word_1_892' title='bbox 2220 4958 2375 5013; x_wconf 91' lang='lat' dir='ltr'>sicut</span> <span class='ocrx_word' id='word_1_893' title='bbox 2419 4953 2562 5026; x_wconf 90' lang='lat' dir='ltr'>pulli</span> <span class='ocrx_word' id='word_1_894' title='bbox 2612 4969 2727 5008; x_wconf 92' lang='lat' dir='ltr'>non</span> <span class='ocrx_word' id='word_1_895' title='bbox 2776 4956 3025 5024; x_wconf 89' lang='lat' dir='ltr'>possunt</span> <span class='ocrx_word' id='word_1_896' title='bbox 3072 4950 3300 5018; x_wconf 89' lang='lat' dir='ltr'>nutriti,</span> <span class='ocrx_word' id='word_1_897' title='bbox 3331 4949 3443 5005; x_wconf 92' lang='lat' dir='ltr'>nisi</span> <span class='ocrx_word' id='word_1_898' title='bbox 3475 4948 3586 5004; x_wconf 90' lang='lat' dir='ltr'>sub</span> <span class='ocrx_word' id='word_1_899' title='bbox 3617 4946 3729 5002; x_wconf 90' lang='lat' dir='ltr'>alis</span> <span class='ocrx_word' id='word_1_900' title='bbox 3760 4962 3893 5002; x_wconf 87' lang='lat' dir='ltr'>ma-</span> 
     </span>
    </p>
   </div>
   <div class='ocr_carea' id='block_1_111' title="bbox 2219 5037 3894 5113">
    <p class='ocr_par' dir='ltr' id='par_1_111' title="bbox 2219 5037 3894 5113">
     <span class='ocr_line' id='line_1_111' title="bbox 2219 5037 3894 5113; baseline -0.007 -13"><span class='ocrx_word' id='word_1_901' title='bbox 2219 5045 2348 5113; x_wconf 88' lang='lat' dir='ltr'>tris,</span> <span class='ocrx_word' id='word_1_902' title='bbox 2392 5043 2474 5098; x_wconf 87' lang='lat' dir='ltr'>sic</span> <span class='ocrx_word' id='word_1_903' title='bbox 2508 5041 2842 5113; x_wconf 91' lang='lat' dir='ltr'>intelligunt</span> <span class='ocrx_word' id='word_1_904' title='bbox 2873 5057 2934 5096; x_wconf 90' lang='lat' dir='ltr'>se</span> <span class='ocrx_word' id='word_1_905' title='bbox 2964 5056 3078 5094; x_wconf 88' lang='lat' dir='ltr'>non</span> <span class='ocrx_word' id='word_1_906' title='bbox 3111 5055 3283 5111; x_wconf 89' lang='lat' dir='ltr'>posse</span> <span class='ocrx_word' id='word_1_907' title='bbox 3323 5037 3644 5094; x_wconf 89' lang='lat' dir='ltr'>subsistere</span> <span class='ocrx_word' id='word_1_908' title='bbox 3675 5038 3894 5091; x_wconf 88' lang='lat' dir='ltr'>contra</span> 
     </span>
    </p>
   </div>
   <div class='ocr_carea' id='block_1_112' title="bbox 2219 5123 3894 5201">
    <p class='ocr_par' dir='ltr' id='par_1_112' title="bbox 2219 5123 3894 5201">
     <span class='ocr_line' id='line_1_112' title="bbox 2219 5123 3894 5201; baseline -0.007 -11"><span class='ocrx_word' id='word_1_909' title='bbox 2219 5139 2422 5190; x_wconf 68' lang='lat' dir='ltr'>aestum</span> <span class='ocrx_word' id='word_1_910' title='bbox 2463 5130 2699 5199; x_wconf 91' lang='lat' dir='ltr'>diaboli,</span> <span class='ocrx_word' id='word_1_911' title='bbox 2734 5129 2845 5184; x_wconf 90' lang='lat' dir='ltr'>nisi</span> <span class='ocrx_word' id='word_1_912' title='bbox 2872 5128 3116 5201; x_wconf 87' lang='lat' dir='ltr'>protecti</span> <span class='ocrx_word' id='word_1_913' title='bbox 3146 5127 3274 5194; x_wconf 91' lang='lat' dir='ltr'>alis,</span> <span class='ocrx_word' id='word_1_914' title='bbox 3311 5128 3369 5182; x_wconf 90' lang='lat' dir='ltr'>id</span> <span class='ocrx_word' id='word_1_915' title='bbox 3403 5130 3514 5193; x_wconf 90' lang='lat' dir='ltr'>est,</span> <span class='ocrx_word' id='word_1_916' title='bbox 3548 5123 3894 5180; x_wconf 82' lang='lat' dir='ltr'>misericor-</span> 
     </span>
    </p>
   </div>
   <div class='ocr_carea' id='block_1_113' title="bbox 2217 5214 3898 5276">
    <p class='ocr_par' dir='ltr' id='par_1_113' title="bbox 2217 5214 3898 5276">
     <span class='ocr_line' id='line_1_113' title="bbox 2217 5214 3898 5276; baseline -0.005 0"><span class='ocrx_word' id='word_1_917' title='bbox 2217 5223 2314 5276; x_wconf 90' lang='lat' dir='ltr'>dia</span> <span class='ocrx_word' id='word_1_918' title='bbox 2362 5225 2419 5276; x_wconf 89' lang='lat' dir='ltr'>et</span> <span class='ocrx_word' id='word_1_919' title='bbox 2464 5220 2703 5275; x_wconf 89' lang='lat' dir='ltr'>veritate</span> <span class='ocrx_word' id='word_1_920' title='bbox 2744 5218 2865 5273; x_wconf 92' lang='lat' dir='ltr'>Dei.</span> <span class='ocrx_word' id='word_1_921' title='bbox 2898 5217 3001 5272; x_wconf 90' lang='lat' dir='ltr'>Vel</span> <span class='ocrx_word' id='word_1_922' title='bbox 3051 5217 3132 5272; x_wconf 89' lang='lat' dir='ltr'>ita</span> <span class='ocrx_word' id='word_1_923' title='bbox 3165 5233 3178 5271; x_wconf 87' lang='lat'><strong>:</strong></span> <span class='ocrx_word' id='word_1_924' title='bbox 3216 5221 3278 5272; x_wconf 91' lang='lat' dir='ltr'>tu</span> <span class='ocrx_word' id='word_1_925' title='bbox 3310 5214 3562 5272; x_wconf 89' lang='lat' dir='ltr'>salvabis</span> <span class='ocrx_word' id='word_1_926' title='bbox 3602 5215 3796 5269; x_wconf 87' lang='lat' dir='ltr'>bonos</span> <span class='ocrx_word' id='word_1_927' title='bbox 3834 5215 3898 5267; x_wconf 80' lang='lat' dir='ltr'>et</span> 
     </span>
    </p>
   </div>
   <div class='ocr_carea' id='block_1_114' title="bbox 2217 5300 3901 5379">
    <p class='ocr_par' dir='ltr' id='par_1_114' title="bbox 2217 5300 3901 5379">
     <span class='ocr_line' id='line_1_114' title="bbox 2217 5300 3901 5379; baseline -0.007 -13"><span class='ocrx_word' id='word_1_928' title='bbox 2217 5309 2530 5366; x_wconf 87' lang='lat' dir='ltr'>rationales</span> <span class='ocrx_word' id='word_1_929' title='bbox 2562 5305 2850 5379; x_wconf 88' lang='lat' dir='ltr'>spirituali</span> <span class='ocrx_word' id='word_1_930' title='bbox 2883 5305 3285 5372; x_wconf 86' lang='lat' dir='ltr'>salvatione,et</span> <span class='ocrx_word' id='word_1_931' title='bbox 3316 5304 3427 5376; x_wconf 90' lang='lat' dir='ltr'>ipsi</span> <span class='ocrx_word' id='word_1_932' title='bbox 3460 5319 3572 5357; x_wconf 90' lang='lat' dir='ltr'>non</span> <span class='ocrx_word' id='word_1_933' title='bbox 3601 5304 3778 5357; x_wconf 87' lang='lat' dir='ltr'>erunt</span> <span class='ocrx_word' id='word_1_934' title='bbox 3805 5300 3901 5355; x_wconf 85' lang='lat' dir='ltr'>in-</span> 
     </span>
    </p>
   </div>
   <div class='ocr_carea' id='block_1_115' title="bbox 2217 5393 3812 5472">
    <p class='ocr_par' dir='ltr' id='par_1_115' title="bbox 2217 5393 3812 5472">
     <span class='ocr_line' id='line_1_115' title="bbox 2217 5393 3812 5472; baseline -0.008 -18"><span class='ocrx_word' id='word_1_935' title='bbox 2217 5399 2387 5472; x_wconf 87' lang='lat' dir='ltr'>grati,</span> <span class='ocrx_word' id='word_1_936' title='bbox 2424 5399 2523 5453; x_wconf 88' lang='lat' dir='ltr'>sed</span> <span class='ocrx_word' id='word_1_937' title='bbox 2557 5395 2876 5469; x_wconf 88' lang='lat' dir='ltr'>sperabunt</span> <span class='ocrx_word' id='word_1_938' title='bbox 2904 5395 2962 5448; x_wconf 91' lang='lat' dir='ltr'>in</span> <span class='ocrx_word' id='word_1_939' title='bbox 2994 5393 3250 5466; x_wconf 87' lang='lat' dir='ltr'>tegmine</span> <span class='ocrx_word' id='word_1_940' title='bbox 3283 5393 3508 5448; x_wconf 90' lang='lat' dir='ltr'>alarum</span> <span class='ocrx_word' id='word_1_941' title='bbox 3541 5395 3812 5445; x_wconf 89' lang='lat' dir='ltr'>tuarum.</span> 
     </span>
    </p>
   </div>
   <div class='ocr_carea' id='block_1_116' title="bbox 2291 5483 3896 5558">
    <p class='ocr_par' dir='ltr' id='par_1_116' title="bbox 2291 5483 3896 5558">
     <span class='ocr_line' id='line_1_116' title="bbox 2291 5483 3896 5558; baseline -0.007 -16"><span class='ocrx_word' id='word_1_942' title='bbox 2291 5489 2403 5558; x_wconf 89' lang='lat' dir='ltr'>Ipsi</span> <span class='ocrx_word' id='word_1_943' title='bbox 2431 5486 2750 5558; x_wconf 85' lang='lat' dir='ltr'>sperabunt</span> <span class='ocrx_word' id='word_1_944' title='bbox 2780 5484 2836 5537; x_wconf 92' lang='lat' dir='ltr'>in</span> <span class='ocrx_word' id='word_1_945' title='bbox 2871 5489 2948 5550; x_wconf 90' lang='lat' dir='ltr'>te,</span> <span class='ocrx_word' id='word_1_946' title='bbox 2974 5500 3077 5538; x_wconf 88' lang='lat' dir='ltr'>nec</span> <span class='ocrx_word' id='word_1_947' title='bbox 3112 5483 3542 5538; x_wconf 87' lang='lat' dir='ltr'>fraudabuntur</span> <span class='ocrx_word' id='word_1_948' title='bbox 3563 5497 3596 5534; x_wconf 90' lang='lat' dir='ltr'>a</span> <span class='ocrx_word' id='word_1_949' title='bbox 3617 5494 3728 5534; x_wconf 91' lang='lat' dir='ltr'>sua</span> <span class='ocrx_word' id='word_1_950' title='bbox 3747 5492 3896 5547; x_wconf 81' lang='lat' dir='ltr'>spe,</span> 
     </span>
    </p>
   </div>
   <div class='ocr_carea' id='block_1_117' title="bbox 2219 5569 3890 5647">
    <p class='ocr_par' dir='ltr' id='par_1_117' title="bbox 2219 5569 3890 5647">
     <span class='ocr_line' id='line_1_117' title="bbox 2219 5569 3890 5647; baseline -0.005 -18"><span class='ocrx_word' id='word_1_951' title='bbox 2219 5575 2495 5647; x_wconf 89' lang='lat' dir='ltr'>quoniam</span> <span class='ocrx_word' id='word_1_952' title='bbox 2534 5573 3026 5628; x_wconf 77' lang='lat' dir='ltr'>«inebriabuntur</span> <span class='ocrx_word' id='word_1_953' title='bbox 3059 5571 3130 5628; x_wconf 87' lang='lat' dir='ltr'>ab</span> <span class='ocrx_word' id='word_1_954' title='bbox 3165 5572 3426 5626; x_wconf 88' lang='lat' dir='ltr'>ubertate</span> <span class='ocrx_word' id='word_1_955' title='bbox 3453 5569 3666 5623; x_wconf 89' lang='lat' dir='ltr'>domus</span> <span class='ocrx_word' id='word_1_956' title='bbox 3697 5570 3890 5634; x_wconf 58' lang='lat' dir='ltr'>tuae,»</span> 
     </span>
    </p>
   </div>
  </div>
