4070 6180
220 385 336 446 317

1399 384 1902 448 EXPLANATIO
1945 384 2024 447 IN
2068 388 2216 450 PSA
2228 387 2452 450 LMOS.

3521 399 3638 459 318

221 518 276 575 id
309 521 400 574 est
422 515 834 590 spiritualibus
865 515 1056 587 donis,
1087 516 1303 602 quibus
1343 517 1605 573 abundat
1658 519 1870 576 domus
1898 520 1951 586 Α
1985 521 2221 576 natione
2271 521 2585 596 malorum,
2639 541 2740 597 per
2792 525 2950 598 quod
2991 527 3248 598 justum,
3300 544 3371 585 ne
3417 527 3639 604 malum

223 613 342 675 tua,
376 607 437 662 id
470 611 560 663 est
591 606 870 663 Ecclesia.
898 599 1353 661 Inebriabuntur
1373 606 1514 661 dicit
1550 624 1652 678 per
1673 607 1882 676 simile,

221 697 359 770 quia
389 696 546 751 sicut
575 696 790 768 aliquis
823 695 1146 750 inebriatus
1180 694 1408 750 solutus
1433 700 1522 749 est
1549 696 1779 764 acuris,
1803 697 1887 752 sic

209 786 412 858 justus
445 803 551 858 per
581 785 836 856 Spiritus
870 785 1056 839 sancti
1095 784 1518 839 habitationem
1551 803 1772 841 vacuus
1795 793 1884 843 est

219 876 290 931 ab
322 875 589 946 appetitu
623 880 1016 942 terrenorum,
1051 878 1107 928 et
1145 874 1324 929 etiam
1357 897 1384 922 ‹‹
1418 874 1646 945 potabis
1699 892 1816 943 eos,
1855 897 1881 924 ››

220 964 432 1037 spiritu
467 964 792 1036 sapientiae,
825 964 918 1019 cui
951 980 1121 1018 nemo
1153 963 1337 1035 possit
1368 963 1656 1031 resistere,
1685 968 1741 1018 et
1772 964 1881 1020 hoc

219 1060 308 1112 est
338 1055 499 1125 quod
531 1054 678 1109 dicit
709 1077 737 1103 «
770 1057 1046 1123 torrente,
1083 1075 1112 1101 »
1145 1075 1172 1103 «
1205 1052 1414 1125 spiritu
1451 1052 1579 1107 dico
1625 1053 1712 1109 vel
1764 1058 1880 1108 tor-

219 1145 386 1198 rente
415 1141 740 1214 voluptatis
769 1145 902 1208 tum,
939 1163 966 1190 »
1000 1141 1057 1195 id
1090 1145 1180 1196 est
1210 1140 1434 1214 gratiae,
1470 1141 1608 1212 quia
1650 1142 1878 1213 gratui-

221 1236 280 1288 to
325 1231 435 1288 das
480 1230 651 1286 illum
702 1229 1064 1286 hominibus.
1099 1228 1202 1285 Vel
1255 1251 1283 1279 «
1317 1229 1634 1285 voluntatis
1683 1235 1818 1298 tum,
1850 1253 1878 1280 ››

219 1319 280 1377 in
330 1337 448 1392 qua
497 1319 755 1376 maxime
797 1318 1126 1387 delectaris,
1163 1317 1442 1390 quoniam
1476 1319 1728 1374 multum
1759 1324 1876 1375 tor-

219 1426 358 1466 rens
389 1408 497 1464 tibi
531 1409 742 1482 placet.

287 1497 432 1554 Dico
465 1521 494 1547 ‹‹
528 1499 762 1569 potabis
791 1513 909 1566 eos,
947 1519 974 1546 ››
1006 1500 1064 1552 et
1101 1497 1245 1552 bene
1277 1496 1495 1568 poteris
1527 1521 1554 1546 ‹‹
1590 1497 1871 1569 quoniam

216 1588 374 1660 apud
420 1591 481 1642 te
529 1591 622 1643 est
670 1587 798 1642 fons
843 1586 993 1653 vitm,
1032 1608 1059 1635 »
1091 1587 1148 1641 id
1180 1590 1270 1641 est
1300 1585 1462 1658 origo
1492 1587 1672 1642 totius
1703 1587 1864 1658 boni,

217 1700 245 1728 κ
278 1681 337 1732 et
384 1675 446 1732 in
497 1675 722 1731 lumine
770 1679 870 1730 tuo
903 1697 932 1724 »
963 1674 1022 1731 id
1069 1679 1176 1744 est,
1224 1674 1471 1745 Christo,
1523 1674 1767 1746 scilicet,
1803 1675 1861 1731 in

214 1765 553 1838 cognitione
582 1764 691 1835 tui,
715 1766 885 1836 juxta
923 1763 1066 1819 illud
1101 1780 1115 1819 :
1153 1785 1180 1812 »
1209 1763 1316 1831 Qui
1362 1764 1518 1819 videt
1566 1782 1680 1836 me,
1710 1765 1868 1820 videt

214 1860 274 1914 et
305 1857 540 1912 Patrem
572 1854 748 1926 (Joan.
778 1854 915 1926 xxv),
953 1875 981 1903 ››
1014 1857 1070 1908 et
1099 1869 1236 1908 cum
1273 1853 1601 1909 videbimus
1648 1853 1870 1923 lumen,
1905 1893 1954 1957 B

214 1946 276 2002 id
307 1949 402 2002 est
434 1945 690 2010 Patrem,
722 1947 780 1999 et
805 1943 1090 2016 Spiritum
1125 1947 1419 1998 sanctum.

287 2037 360 2091 Et
391 2038 458 2089 ut
489 2033 789 2106 possimus
818 2032 1011 2088 videre
1042 2031 1241 2087 lumen
1267 2030 1434 2102 illud,
1454 2054 1482 2081 ‹‹
1515 2033 1825 2103 przetende,
1849 2055 1876 2082 »

216 2141 336 2180 non
371 2122 492 2178 illis
527 2122 628 2194 qui
659 2121 862 2177 volunt
891 2125 947 2176 te
978 2120 1149 2187 scire,
1181 2121 1281 2175 sed
1315 2144 1342 2169 «
1377 2120 1712 2176 sitientibus
1746 2126 1876 2188 te,»

214 2213 277 2268 id
323 2216 418 2268 est
466 2209 841 2267 credentibus
887 2211 946 2265 in
988 2213 1062 2277 te,
1097 2211 1154 2263 et
1201 2209 1494 2281 praetende
1526 2210 1876 2281 «justitiam

214 2301 313 2357 his
344 2301 449 2373 qui
483 2304 640 2356 recto
672 2303 812 2354 sunt
843 2299 1034 2354 corde.
1066 2319 1094 2346 »

288 2391 363 2446 Et
396 2393 463 2444 ut
493 2388 718 2461 possim
762 2387 1060 2460 pervenire
1110 2387 1181 2442 ad
1231 2385 1429 2441 lumen
1481 2386 1646 2454 illud,
1683 2410 1711 2437 «
1761 2405 1877 2442 non

212 2479 416 2536 veniat
448 2478 596 2533 mihi
647 2494 750 2550 pes
781 2476 1085 2549 superbize,
1125 2498 1151 2524 »
1186 2476 1242 2531 id
1274 2481 1363 2531 est
1391 2475 1618 2531 affectio
1669 2493 1878 2548 super-

214 2568 350 2625 biae.
407 2568 516 2624 Per
564 2567 900 2639 superbiam
948 2581 1119 2621 omne
1177 2570 1480 2637 peccatum
1530 2565 1873 2638 accipimus,

214 2658 362 2731 quia
390 2657 449 2712 in
482 2656 642 2712 omni
675 2659 911 2728 peccato
961 2654 1237 2727 superbia
1266 2658 1374 2722 est,
1407 2653 1466 2708 id
1497 2659 1584 2710 est
1617 2660 1876 2711 contem-

213 2752 363 2820 ptus
396 2745 521 2802 Dei.
552 2745 659 2800 Pes
691 2743 1070 2818 singulariter
1109 2749 1166 2800 et
1195 2761 1309 2799 non
1359 2743 1666 2815 pluraliter
1715 2744 1874 2814 dicit,

215 2836 364 2909 quia
397 2834 500 2907 qui
533 2838 654 2889 stat
684 2834 742 2888 in
773 2833 1067 2906 superbia,
1104 2850 1406 2905 nunquam
1447 2837 1566 2889 stat
1612 2834 1874 2904 ﬁrmiter,

214 2926 322 2981 sed
377 2941 616 2996 semper
661 2927 751 2979 est
798 2940 1019 2995 pronus
1057 2923 1128 2978 ad
1178 2922 1432 2991 ruinam,
1467 2922 1622 2979 sicut
1652 2922 1749 2978 ille
1779 2923 1878 2995 qui

218 3017 344 3070 stat
397 3029 518 3070 uno
569 3012 734 3084 pede.
770 3012 940 3067 Modo
990 3011 1173 3067 oravit
1219 3013 1373 3084 quod
1408 3029 1522 3066 non
1556 3011 1750 3066 veniat
1780 3029 1877 3067 su-

220 3102 453 3176 perbia,
490 3101 551 3156 id
583 3105 672 3156 est
700 3101 941 3157 effectus
991 3100 1208 3172 peccati
1258 3117 1326 3156 ex
1356 3117 1436 3168 se,
1471 3116 1628 3154 nunc
1657 3103 1783 3154 orat
1814 3103 1880 3154 ut

217 3191 470 3248 alterius
503 3189 802 3264 suggestio
835 3205 970 3246 eum
1000 3191 1068 3245 ad
1104 3190 1462 3262 peccandum
1496 3205 1610 3244 non
1632 3192 1878 3256 moveat,

1994 609 2130 665 velit
2161 611 2398 678 imitari,
2435 613 2705 668 deterret.
2742 614 2988 670 Intentio
3017 621 3128 683 est,
3160 634 3263 688 per
3291 617 3412 674 haec
3443 619 3641 675 omnia

1995 699 2293 772 simplices
2322 701 2630 773 consolari,
2665 707 2729 758 ut
2761 703 3096 760 nullatenus
3145 710 3381 779 propter
3429 708 3637 780 impio-

1994 804 2125 842 rum
2157 789 2477 860 nequitiam
2509 791 2597 846 vel
2630 792 2905 864 injuriam
2935 800 3299 851 moveantur.

2061 876 2252 931 Veluti
2304 878 2351 933 si
2401 879 2558 934 dicat
2608 881 2888 952 propheta
2933 883 3020 938 vel
3061 884 3263 954 justus
3295 884 3390 940 ille
3423 886 3522 957 qui
3554 885 3636 941 lo-

1991 965 2194 1036 quitur
2228 983 2239 1020 :
2277 967 2476 1021 Frater
2507 967 2756 1040 simplex
2790 993 2817 1018 ‹‹
2850 969 2967 1024 noli
2999 972 3282 1027 aemulari.
3320 995 3347 1022 »
3386 974 3640 1030 jEmula-

1990 1052 2037 1107 ri
2069 1053 2284 1108 dicitur
2315 1055 2532 1110 moveri
2582 1073 2719 1128 erga
2767 1057 3045 1129 aliquem,
3089 1059 3205 1116 sive
3257 1062 3326 1116 ad
3376 1061 3636 1119 dilectio-

1990 1158 2144 1210 nem,
2179 1143 2298 1198 sive
2329 1144 2400 1198 ad
2435 1143 2920 1201 invidiam.Unde
2950 1148 3261 1218 Apostolus
3288 1165 3299 1204 :
3327 1173 3355 1199 «
3378 1151 3640 1208 Emulor

1988 1230 2144 1286 enim
2175 1248 2276 1287 vos
2310 1232 2408 1288 Dei
2443 1233 2810 1289 simulatione
2843 1235 2916 1307 (II
2948 1237 3191 1305 (0r.x1).
3226 1260 3253 1286 ››
3285 1240 3354 1293 Et
3383 1240 3454 1294 de
3485 1245 3640 1295 utro-

1988 1335 2100 1392 que
2122 1319 2216 1376 hic
2239 1320 2486 1393 simplex
2507 1322 2875 1390 admonetur,
2901 1327 2965 1378 ut
2988 1339 3175 1396 neque
3197 1324 3460 1382 imitetur
3480 1328 3642 1383 mali-

1985 1412 2256 1482 gnantes,
2299 1409 2585 1466 imitando
2637 1428 2839 1467 eorum
2891 1411 3201 1482 malitiam,
3253 1430 3442 1486 neque
3487 1415 3639 1471 invi-

1985 1499 2175 1554 dendo
2206 1498 2309 1554 eis.
2333 1498 2460 1553 Noli
2493 1498 2754 1554 aemulari
2786 1499 2914 1556 dico
2947 1524 2975 1550 «
3009 1501 3068 1554 in
3101 1501 3637 1575 malignantibus,»

1984 1587 2041 1642 id
2092 1591 2201 1654 est,
2254 1585 2312 1640 in
2363 1585 2831 1642 consideratione
2879 1587 3356 1662 malignantium,
3401 1592 3458 1648 id
3520 1599 3630 1663 est,

1984 1674 2424 1744 malevolorum,
2461 1679 2524 1730 ut
2553 1673 2638 1730 vel
2669 1675 2939 1743 imiteris,
2973 1675 3062 1731 vel
3096 1677 3362 1749 invidias,
3390 1704 3417 1731 «
3453 1699 3640 1754 neque

1981 1764 2280 1834 zelaveris,
2318 1787 2344 1812 »
2378 1763 2434 1819 id
2467 1769 2555 1819 est
2586 1765 2956 1837 persequaris
2990 1787 3018 1814 ‹‹
3053 1765 3328 1823 facientes
3362 1767 3638 1840 iniquita-

1983 1857 2120 1910 tem.
2141 1876 2167 1902 ››
2202 1855 2265 1910 In
2297 1852 2484 1908 zelare
2517 1854 2837 1925 quamdam
2868 1857 3146 1910 notamus
3169 1857 3452 1928 majorem
3475 1859 3639 1914 aflec-

1986 1942 2230 2011 tionem,
2263 1959 2442 2014 quam
2478 1941 2760 1998 aemulari.

2059 2031 2226 2088 Ponit
2258 2049 2497 2088 causam
2533 2049 2714 2104 quare
2735 2033 2939 2104 justus
2972 2033 3218 2106 simplex
3268 2053 3383 2091 non
3432 2037 3639 2095 debeat

1985 2137 2125 2194 erga
2156 2120 2344 2176 malos
2375 2120 2598 2176 invidia
2625 2121 2842 2177 moveri
2878 2146 2905 2172 «
2939 2123 3219 2195 quoniam
3249 2129 3527 2197 tanquam
3556 2127 3637 2182 fe-

1987 2227 2129 2265 num
2181 2212 2423 2277 arescet,
2478 2232 2506 2258 ››
2554 2227 2743 2282 neque
2794 2209 2903 2266 hoc
2953 2211 3270 2284 differetur,
3322 2215 3422 2270 sed
3474 2237 3502 2264 ‹‹
3542 2231 3638 2270 ve-

1987 2297 2209 2366 lociter,
2241 2322 2268 2348 ››
2315 2299 2434 2355 ﬁet.
2488 2300 2639 2355 Feno
2689 2316 3102 2372 comparamus
3151 2305 3416 2373 potentes
3458 2303 3638 2376 hujus

1986 2387 2204 2457 saeculi,
2240 2387 2377 2461 quia
2409 2387 2562 2443 sicut
2592 2389 2790 2443 fenum
2823 2389 3067 2444 floribus
3122 2395 3396 2446 ornatum
3448 2396 3504 2447 et
3550 2393 3640 2447 vi-

1987 2477 2110 2533 ride
2139 2477 2252 2532 cito
2285 2477 2516 2543 arescit,
2550 2478 2633 2532 sic
2657 2477 2756 2532 isti
2798 2477 3015 2546 ornati,
3051 2483 3106 2533 et
3133 2479 3389 2535 viventes
3421 2479 3478 2534 in
3510 2479 3638 2553 glo-

1987 2566 2074 2622 ria
2102 2566 2282 2638 hujus
2315 2566 2510 2622 sceculi
2544 2567 2657 2622 cito
2689 2565 2988 2636 deficiunt,
3027 2590 3053 2617 ‹‹
3089 2571 3144 2622 et
3193 2568 3306 2624 cito
3339 2569 3634 2637 decidunt,

1987 2655 2487 2726 quemadmodum
2520 2653 2679 2709 olera
2729 2654 3064 2722 herbarum,
3105 2677 3131 2703 »
3165 2655 3220 2710 id
3251 2660 3358 2724 est,
3393 2657 3548 2714 olera
3579 2657 3634 2713 in

1986 2741 2152 2798 horto
2208 2760 2322 2798 non
2375 2744 2520 2798 bene
2569 2742 2748 2813 culto,
2782 2744 2882 2798 sed
2934 2743 3172 2817 agresti,
3193 2735 3422 2816 'quibus
3472 2746 3637 2819 plebs

1987 2831 2226 2887 inferior
2272 2836 2665 2904 comparatur,
2700 2850 2826 2905 quae
2875 2836 2931 2888 et
2980 2833 3030 2888 si
3079 2832 3225 2888 viret
3269 2833 3403 2904 cito,
3439 2840 3634 2890 tamen

1989 2920 2204 2976 deficit.

2058 3009 2128 3064 Et
2150 3007 2287 3081 quia
2315 3007 2426 3065 cito
2459 3008 2737 3064 deficiunt
2767 3009 2910 3077 hazc,
2945 3009 3072 3065 ideo
3123 3013 3210 3078 tu,
3245 3011 3396 3067 bone
3433 3011 3627 3080 homo,

1989 3121 2018 3148 ‹‹
2050 3115 2240 3170 spera,
2276 3121 2303 3146 »
2339 3115 2452 3153 non
2485 3097 2543 3152 in
2576 3098 2669 3153 his
2701 3098 3107 3170 praesentibus,
3148 3100 3249 3154 sed
3284 3123 3310 3149 ‹‹
3344 3099 3404 3154 in
3436 3101 3631 3156 Domi-

1988 3205 2147 3256 no,»
2199 3210 2225 3237 «
2279 3191 2336 3243 et
2379 3189 2468 3243 fac
2517 3187 2854 3259 bonitatem,
2893 3210 2919 3236 ››
2970 3188 3026 3243 id
3080 3192 3186 3255 est,
3237 3188 3408 3260 plura
3457 3190 3630 3246 bona.

219 3281 448 3348 dicens,
483 3303 512 3330 «
546 3283 606 3335 et
633 3296 864 3350 manus,
893 3301 920 3329 ››
953 3279 1012 3334 id
1047 3284 1135 3334 est
1165 3279 1466 3352 persuasio
1500 3300 1528 3327 ‹‹
1561 3278 1880 3350 peccatoris
1911 3259 1953 3325 (ἶ
1990 3277 2226 3332 Bonitas
2258 3277 2415 3332 enim
2448 3293 2562 3332 non
2593 3277 2663 3332 de
2693 3294 2831 3348 uno,
2853 3277 2954 3331 sed
2987 3277 3058 3332 de
3089 3277 3359 3350 pluribus
3387 3277 3630 3347 dicitur;

219 3387 336 3425 non
370 3371 610 3424 moveat
639 3384 752 3436 me,
792 3390 819 3417 »
853 3385 887 3422 a
914 3368 1066 3424 bono
1099 3367 1416 3440 proposito.

286 3459 434 3514 Dico
471 3481 500 3507 ‹‹
535 3474 653 3513 non
683 3456 879 3512 veniat
909 3474 1011 3530 pes
1061 3456 1368 3529 superbiae,
1407 3479 1433 3506 »
1468 3456 1607 3528 quia
1638 3479 1665 3506 ‹‹
1710 3456 1810 3525 ibi,
1849 3480 1876 3506 ››

215 3546 274 3603 id
309 3549 403 3602 est
427 3546 492 3601 in
523 3546 669 3618 pede
700 3546 987 3617 superbia:
1019 3568 1046 3595 ‹‹
1081 3545 1416 3601 ceciderunt
1435 3544 1534 3617 qui
1565 3549 1880 3616 operantur

216 3635 625 3708 iniquitatem,
661 3658 690 3685 »
740 3639 799 3690 et
845 3634 980 3691 inde
1010 3657 1039 3683 «
1071 3633 1296 3706 expulsi
1346 3638 1503 3703 sunt,
1541 3657 1567 3682 »
1616 3653 1650 3689 a
1699 3652 1876 3707 regno

213 3725 340 3796 Dei,
376 3728 436 3781 et
470 3725 678 3798 postea
706 3747 735 3774 «
771 3741 886 3780 non
917 3726 1233 3796 potuerunt
1263 3727 1441 3794 stare,
1475 3746 1502 3772 ››
1538 3724 1594 3778 id
1624 3728 1713 3779 est
1750 3741 1878 3796 reg-

215 3830 362 3869 num
394 3812 502 3878 Dei
534 3811 782 3869 ulterius
813 3813 1094 3870 obtinere.

681 3937 753 3993 IN
794 3937 1142 3994 PSALMUM
1182 3936 1420 3992 XXXVI.

511 4054 791 4109 Trruws.
824 4057 891 4108 In
920 4054 1086 4126 ﬁnem
1113 4053 1367 4108 Psalmus
1396 4051 1587 4107 David.

289 4193 317 4221 «
349 4168 485 4226 Noli
519 4167 801 4224 aemulari.
842 4191 868 4218 »
899 4167 1167 4224 Psalmus
1217 4170 1326 4223 iste
1374 4168 1643 4224 convenit
1690 4169 1870 4225 David

211 4259 516 4332 propheta
541 4257 632 4313 vel
669 4256 910 4313 cuilibet
943 4259 1126 4329 justo,
1165 4258 1424 4330 dirigens
1471 4257 1532 4312 in
1583 4259 1781 4329 ﬁnem,
1812 4257 1868 4314 id

209 4352 322 4415 est,
357 4348 418 4402 in
473 4346 796 4415 Christum,
849 4346 1001 4402 sicut
1047 4350 1105 4401 et
1148 4345 1337 4402 caeteri
1387 4345 1620 4418 psalmi.
1653 4345 1871 4404 Videns

207 4436 507 4509 propheta
532 4434 621 4491 vel
651 4434 896 4506 quilibet
919 4437 1140 4506 justus,
1174 4435 1274 4507 qui
1313 4435 1410 4490 hic
1440 4433 1719 4506 loquitur,
1755 4436 1871 4491 im-

207 4523 372 4596 prios
402 4523 767 4597 prosperari,
797 4529 854 4580 et
873 4525 1070 4596 justos
1101 4523 1428 4579 conculcari
1461 4523 1533 4578 ab
1565 4523 1783 4596 impiis,
1815 4529 1872 4581 et

207 4615 368 4686 quod
400 4613 649 4686 quidam
682 4612 977 4684 simplices
1017 4613 1168 4684 justi
1220 4613 1548 4667 inviderent
1597 4615 1867 4685 potentiae
1897 4632 1944 4697 D
1977 4615 2033 4667 et
2063 4610 2156 4665 his
2189 4609 2472 4676 revelatis,
2509 4632 2536 4659 «
2569 4626 2738 4681 spera
2769 4609 2827 4663 in
2861 4625 2948 4677 eo,
2983 4630 3012 4697 τ>
3047 4631 3072 4697 ξ(

203 4701 474 4769 illorum,
509 4706 569 4757 et
614 4700 826 4756 vellent
873 4701 1074 4757 ulcisci
1124 4701 1371 4773 injurias
1421 4702 1491 4757 ab
1523 4701 1606 4758 eis
1648 4702 1864 4772 illatas,

204 4789 538 4863 aliquando
570 4790 749 4845 etiam
777 4789 991 4846 vellent
1019 4791 1346 4847 conformes
1394 4790 1518 4846 fieri
1568 4792 1674 4862 eis,
1707 4793 1871 4864 ponit

203 4886 417 4936 contra
466 4879 621 4935 hanc
663 4878 1112 4936 saluberrimam
1163 4880 1511 4951 doctrinam,
1543 4896 1718 4952 quam
1748 4883 1866 4937 Au-

201 4969 492 5043 gustinus
540 4967 997 5026 saluberrimum
1049 4973 1253 5042 potum
1301 4969 1584 5024 nominat.
1630 4970 1870 5025 Materia

199 5063 300 5114 est
314 5059 541 5130 justus,
564 5061 621 5115 et
640 5075 671 5114 e
693 5058 982 5114 contrario
1006 5058 1248 5131 impius,
1275 5058 1624 5114 secundario
1645 5063 1864 5116 tamen.

197 5147 424 5204 Modus
455 5151 548 5204 est
579 5147 736 5216 talis,
770 5149 926 5219 quod
967 5164 1094 5203 eam
1148 5149 1454 5202 materiam
1503 5147 1586 5204 sic
1641 5149 1864 5204 dividit.

196 5235 269 5292 In
305 5236 519 5308 primis
551 5235 675 5308 agit
703 5238 774 5291 de
795 5237 960 5307 justo
992 5255 1004 5293 :
1039 5237 1405 5292 admonendo
1437 5253 1571 5291 eum
1622 5254 1694 5292 ne
1741 5255 1865 5293 mo-

191 5329 417 5380 veatur
459 5323 685 5380 invidia
732 5341 870 5397 erga
919 5323 1191 5396 impium,
1243 5323 1332 5380 vel
1380 5324 1728 5392 imitatione,
1777 5324 1865 5379 vel

187 5412 314 5483 ira,
353 5412 414 5468 in
461 5413 923 5470 intermiscendo
970 5413 1237 5485 quaedam
1290 5414 1359 5468 de
1411 5413 1611 5485 impio.
1660 5415 1726 5468 In
1776 5430 1863 5469 se-

187 5502 410 5557 cunda
437 5508 602 5574 parte
635 5502 962 5574 ponitquid
995 5501 1213 5574 impius
1244 5518 1382 5575 erga
1403 5502 1634 5572 justum
1667 5502 1858 5573 faciat,

185 5591 586 5648 admonendo
613 5591 812 5664 ipsum
847 5595 909 5646 ut
939 5591 1226 5662 patienter
1251 5591 1558 5646 sustineat.
1590 5591 1655 5646 In
1693 5593 1863 5648 tertia

183 5683 379 5752 parte
409 5679 573 5750 ponit
597 5681 832 5752 praemia
846 5681 1166 5751 justi,cum
1200 5679 1595 5736 admonitione
1625 5685 1680 5736 et
1703 5683 1859 5738 dam-

1989 3389 2017 3415 «
2051 3371 2108 3421 et
2139 3388 2165 3414 ››
2198 3364 2281 3421 sic
2327 3389 2355 3415 «
2390 3365 2656 3420 inhabita
2706 3369 2945 3434 terram,
2984 3388 3010 3413 »
3045 3365 3100 3421 id
3153 3370 3241 3422 est
3289 3366 3631 3436 Ecclesiam,

1988 3478 2016 3505 ‹‹
2050 3457 2107 3510 et
2149 3455 2407 3526 pasceris
2459 3453 2516 3508 in
2569 3453 2788 3510 divitiis
2835 3455 2984 3526 ejus,
3022 3478 3048 3504 »
3077 3454 3135 3510 id
3187 3459 3295 3523 est,
3331 3455 3632 3525 reficieris,

1987 3543 2206 3600 sanctis
2238 3543 2556 3615 Scripturis
2585 3547 2642 3598 et
2664 3543 2868 3598 multis
2900 3543 3304 3614 spiritualibus
3334 3545 3524 3600 donis.

2057 3635 2126 3688 Et
2157 3633 2360 3689 multis
2392 3657 2418 3682 «
2453 3632 2737 3688 delectare
2769 3631 2826 3687 in
2859 3633 3128 3701 Domino,
3163 3656 3190 3682 ››
3223 3633 3392 3706 quasi
3434 3651 3494 3689 re
3525 3632 3632 3688 tibi

1977 3723 2103 3794 jam
2137 3721 2350 3794 lepida.
2391 3722 2521 3777 Ilaec
2553 3721 2708 3776 enim
2739 3722 3103 3777 consuetudo
3150 3726 3259 3787 est,
3295 3726 3357 3776 ut
3401 3722 3450 3777 si
3498 3722 3630 3792 quis

1985 3811 2224 3866 accedat
2253 3811 2326 3866 ad
2357 3810 2696 3876 Dominum,
2728 3809 2788 3863 in
2820 3809 3026 3879 primis
3075 3808 3243 3880 quasi
3276 3809 3491 3864 durum
3543 3826 3628 3864 re-

1983 3903 2166 3971 putet,
2210 3903 2522 3971 postquam
2565 3914 2700 3953 vero
2750 3897 3136 3965 consueverit,
3169 3897 3227 3950 in
3269 3914 3335 3952 eo
3377 3896 3630 3952 maxime

1983 3987 2302 4043 delectetur
2329 4005 2342 4055 ;
2377 3987 2664 4042 delectare
2696 3985 2845 4055 dico,
2880 4008 2907 4035 ‹‹
2943 3989 3000 4041 et
3029 3985 3154 4058 ipse
3184 3986 3347 4042 dabit
3388 3985 3496 4041 tibi
3529 4003 3627 4058 pe-

1981 4077 2216 4132 titiones
2245 4076 2437 4132 cordis
2469 4075 2576 4144 tui,
2614 4098 2641 4123 ››
2671 4092 2786 4130 non
2819 4075 3014 4131 carnis
3045 4076 3148 4131 sed
3181 4074 3536 4147 spirituales.

2052 4166 2120 4220 Et
2167 4164 2307 4237 quia
2351 4163 2533 4236 aliqui
2579 4163 2876 4237 simplices
2927 4168 3169 4236 possent
3218 4164 3455 4220 dicere:
3504 4164 3630 4219 Non

1981 4271 2222 4327 possum
2276 4253 2552 4310 delectari
2611 4252 2698 4308 vel
2759 4269 2993 4324 sperare
3047 4253 3106 4308 in
3165 4255 3430 4322 Domino,
3492 4254 3632 4326 quia

1980 4343 2170 4399 multa
2201 4343 2387 4398 habeo
2420 4346 2678 4414 peccata,
2713 4346 2916 4399 contra
2947 4342 3056 4398 hoc
3085 4342 3319 4399 salubre
3360 4344 3461 4397 dat
3492 4359 3629 4397 con-

1979 4432 2179 4489 silium
2216 4450 2227 4487 :
2265 4457 2293 4482 ‹‹
2341 4431 2549 4487 Revela
2578 4432 2824 4486 Domino
2858 4431 3010 4487 viam
3042 4435 3229 4498 tuam,
3266 4453 3293 4479 ››
3335 4447 3436 4501 per
3486 4447 3628 4484 con-

1979 4521 2290 4578 fessionem
2323 4521 2580 4589 tuam,id
2613 4525 2700 4575 est
2731 4519 2888 4575 mala
2909 4536 3082 4590 opera
3105 4536 3206 4590 per
3227 4535 3354 4589 quae
3374 4516 3621 4585 incedis,

3109 4611 3166 4661 et
3195 4605 3340 4677 ipse,
3377 4628 3404 4653 ››
3429 4604 3621 4660 Ι)οωί-

1976 4717 2088 4755 nus
2121 4723 2148 4749 ‹‹
2185 4697 2670 4770 facietjustitiam
2696 4702 2859 4752 tuam
2896 4719 2923 4746 »
2956 4695 3058 4751 tibi
3091 4694 3315 4751 scilicet
3363 4718 3389 4744 «
3441 4697 3498 4749 et
3521 4694 3620 4765 ju-

1979 4789 2201 4844 dicium
2232 4791 2420 4856 tuum,
2457 4810 2484 4836 »
2517 4787 2573 4841 id
2607 4791 2696 4842 est
2722 4786 3134 4842 discretionem
3165 4784 3328 4840 dabit
3358 4783 3490 4853 tibi,
3509 4801 3626 4855 qua

1977 4878 2238 4934 seceinas
2269 4878 2488 4932 bonum
2521 4894 2555 4931 a
2586 4876 2763 4932 malo.

2048 4967 2118 5022 Et
2150 4983 2221 5021 ne
2251 4967 2470 5021 diceret
2501 4965 2735 5038 aliquis,
2773 4965 2932 5021 Licet
2962 4965 3213 5020 habeam
3258 4963 3390 5030 hoc,
3423 4965 3622 5016 tamen

1978 5072 2210 5127 semper
2236 5055 2367 5110 vilis
2399 5055 2905 5123 ero,commendat
2935 5053 3056 5109 hmc
3086 5054 3257 5119 dona,
3278 5075 3304 5100 «
3337 5048 3621 5105 Dominus

1960 5130 2267 5218 justitiam
2300 5145 2492 5212 faciet,
2528 5167 2554 5193 ››
2586 5149 2642 5199 et
2671 5143 2834 5198 illam
2869 5167 2895 5193 «
2931 5145 3156 5207 educet,
3204 5163 3231 5187 »
3263 5139 3332 5193 de
3364 5137 3620 5194 tenebris

1975 5234 2155 5306 hujus
2195 5234 2346 5302 vitaz,
2399 5233 2458 5288 in
2510 5251 2627 5304 qua
2687 5233 2935 5288 obscura
2991 5235 3048 5285 et
3101 5227 3234 5283 vilis
3291 5229 3619 5298 reputatur,

1979 5347 2007 5374 ‹‹
2041 5324 2208 5396 quasi
2239 5323 2464 5390 lumen,
2500 5345 2527 5372 ››
2555 5323 2613 5376 id
2661 5324 2749 5376 est
2798 5318 2966 5374 faciet
3015 5316 3291 5372 omnibus
3337 5314 3614 5385 lucidam,

1975 5429 2110 5469 cum
2142 5413 2336 5468 dicent
2362 5410 2500 5466 mali
2533 5410 2590 5464 in
2615 5407 2837 5481 judicio
2870 5423 2882 5461 :
2921 5430 2947 5457 ‹‹
2980 5407 3096 5462 Nos
3129 5405 3415 5462 insensati
3439 5404 3618 5460 vitam

1973 5502 2206 5557 illorum
2265 5500 2701 5555 zestimabamus
2759 5496 3073 5566 insaniam,
3133 5511 3264 5551 ecce
3325 5495 3616 5568 quomodo

1971 5589 2291 5662 computati
2325 5591 2462 5642 sunt
2491 5585 2642 5639 inter
2675 5584 2823 5639 filios
2855 5585 2954 5640 Dei
2991 5585 3136 5659 (δίῳ.
3169 5585 3248 5656 v),
3273 5608 3299 5632 »
3334 5609 3360 5634 ‹‹
3392 5583 3616 5655 etjudi-

1970 5681 2125 5735 cium
2159 5681 2328 5732 tuum
2360 5675 2566 5731 educet
2599 5678 2877 5746 tanquam
2910 5675 3239 5744 meridiem,
3275 5697 3300 5722 υ
3331 5674 3388 5730 id
3437 5676 3525 5728 est
3555 5672 3613 5726 in
