4092 6178
401 363 518 430 319

811 365 1218 430 HAYMONIS
1248 366 1792 428 HALBERSTAT.
1824 360 2066 426 EPISG.
2099 363 2273 426 OPP.
2304 363 2532 426 PARS.
2566 363 2614 425 l.
2648 397 2725 408 —
2755 361 3160 426 COMMENT.
3193 361 3388 424 BlBL.

3684 361 3800 426 320

401 500 660 557 maxima
683 501 999 556 constituet
1027 499 1307 566 claritate,
1345 504 1410 555 ut
1449 499 1725 555 omnibus
1775 502 2043 570 apertum
2075 497 2130 566 Α
2160 497 2371 553 ridebit
2400 513 2556 553 eum.
2594 520 2622 547 ››
2656 498 2806 553 Bene
2838 497 2966 553 dico
2998 496 3263 552 irridebit
3293 512 3427 552 eum
3460 518 3488 546 ‹‹
3522 496 3798 567 quoniam

401 590 501 658 sit,
534 591 680 657 dico,
716 590 901 646 revela
931 589 1082 644 viam
1133 594 1319 655 tuam,
1355 595 1410 644 et
1444 607 1614 662 spera
1667 589 1722 642 in
1776 589 2045 656 Domino,

402 683 461 736 et
513 677 762 750 acceptis
810 677 980 733 donis
1027 678 1097 732 ab
1143 695 1230 743 eo,
1283 695 1514 750 semper
1547 702 1573 728 ‹‹
1609 679 1882 733 subditus
1923 683 2047 732 esto

401 766 667 834 Domino,
707 788 732 814 »
765 766 820 820 id
855 771 944 821 est
975 767 1257 837 famulare
1285 767 1334 821 ei
1367 790 1393 815 ‹‹
1429 771 1484 820 et
1517 784 1616 821 ora
1648 784 1804 822 eum.
1843 789 1868 814 ››

470 857 540 910 Et
572 872 643 910 ne
675 854 922 927 simplex
954 856 1292 910 admonitus
1327 855 1408 909 sic
1443 855 1657 910 diceret
1689 873 1700 910 :
1735 857 1878 910 Ecce
1929 855 2048 910 sive

401 943 817 1015 malignentur,
850 944 968 998 sive
1001 943 1154 998 mala
1186 944 1401 999 faciant
1433 945 1573 998 dum
1602 944 1784 1016 justis
1811 961 1923 998 non
1944 963 2046 999 no-

400 1037 585 1099 ceant,
622 1049 736 1086 non
762 1035 1035 1088 movebor
1065 1049 1202 1105 erga
1244 1050 1362 1099 eos,
1399 1035 1497 1088 sed
1531 1034 1578 1087 si
1613 1039 2044 1105 prosperentur,

399 1138 514 1177 non
548 1120 717 1176 nobis
750 1121 905 1176 mala
935 1122 1208 1187 inferant,
1244 1121 1383 1193 quin
1437 1139 1776 1177 moveamur
1823 1139 2050 1178 cessare

398 1227 514 1266 non
546 1227 863 1283 possumus
898 1226 909 1265 :
941 1214 1146 1265 contra
1175 1211 1330 1282 quod
1365 1211 1647 1282 propheta
1695 1211 1832 1265 item
1886 1211 2050 1283 ponit

397 1299 694 1356 salubrem
745 1298 1226 1354 admonitionem.
1282 1300 1466 1355 Dico:
1519 1322 1546 1348 «
1600 1299 1874 1354 subditus
1924 1304 2047 1356 esto

398 1387 665 1456 Domino,
701 1392 757 1443 et
789 1387 836 1442 si
877 1388 1095 1460 impius
1125 1392 1520 1460 prosperatur,
1555 1387 1672 1443 noli
1700 1387 1982 1456 mmulari,
2020 1411 2048 1437 »

399 1493 590 1548 neque
620 1476 927 1547 imitando,
971 1493 1161 1549 neque
1193 1476 1501 1531 invidendo
1535 1500 1560 1525 «
1599 1477 1656 1530 in
1690 1494 1776 1545 eo,
1815 1499 1841 1524 ››
1873 1477 1930 1532 id
1963 1481 2051 1531 est

399 1564 460 1620 in
493 1565 957 1621 consideratione
989 1565 1168 1634 illius,
1205 1590 1229 1615 ‹‹
1276 1565 1377 1638 qui
1423 1570 1798 1638 prosperatur
1848 1567 1908 1621 in
1956 1566 2051 1622 via

398 1670 524 1722 sua,
563 1676 589 1703 ››
623 1654 678 1708 id
714 1658 802 1710 est
834 1653 988 1708 mala
1019 1654 1374 1724 operatione,
1409 1670 1534 1725 quae
1568 1654 1784 1709 incedit
1833 1655 1904 1710 ad
1954 1655 2048 1709 in-

398 1742 638 1798 teritum
673 1759 686 1798 :
721 1747 778 1798 et
807 1766 835 1793 ‹‹
879 1742 938 1796 in
983 1742 1220 1798 homine
1253 1743 1496 1799 faciente
1548 1743 1888 1814 injustitias,
1928 1767 1955 1794 ››
1989 1745 2047 1799 id

400 1835 490 1887 est
520 1832 809 1888 bonorum
843 1831 1299 1903 persecutiones.

469 1921 550 1975 Ne
598 1920 888 1976 aemuleris
940 1921 1089 1988 dico,
1144 1926 1199 1975 et
1249 1921 1296 1976 si
1329 1921 1386 1976 in
1421 1921 1614 1994 aliquo
1649 1924 1820 1978 modo
1851 1928 2046 1978 motus

396 2023 480 2075 es,
507 2008 771 2064 dimitte:
806 2014 864 2064 et
894 2010 1001 2064 hoc
1031 2013 1120 2064 est
1149 2033 1176 2060 ‹‹
1204 2010 1406 2066 desine
1432 2011 1503 2066 ab
1538 2011 1644 2077 ira,
1681 2033 1707 2060 ››
1741 2016 1796 2066 et
1814 2011 2047 2085 silongo

397 2097 529 2154 odio
559 2101 755 2152 motus
786 2113 867 2164 es,
892 2097 1092 2153 desine
1124 2114 1137 2153 :
1173 2103 1231 2154 et
1261 2099 1368 2154 hoc
1399 2103 1487 2154 est
1518 2123 1544 2148 ‹‹
1579 2100 1922 2172 derelinque
1953 2102 2049 2155 fu-

398 2202 610 2254 rorem,
647 2208 676 2234 »
708 2190 762 2242 et
811 2186 859 2242 si
911 2186 1226 2259 aliquando
1276 2189 1464 2243 furere
1503 2187 1766 2260 voluisti,
1800 2189 2042 2244 desine:

397 2274 508 2332 hoc
539 2279 628 2330 est
656 2299 684 2326 ‹‹
718 2273 837 2332 noli
869 2275 928 2330 in
962 2276 1246 2345 aemulari,
1277 2281 1342 2332 ut
1371 2277 1732 2349 maligneris.
1769 2301 1797 2327 ››

467 2365 537 2420 Et
563 2364 692 2420 ideo
717 2365 846 2420 dico
879 2363 995 2421 noli
1029 2365 1360 2438 malignari,
1388 2389 1414 2415 ‹‹
1451 2365 1729 2437 quoniam
1763 2367 1863 2438 qui
1887 2366 2049 2422 mali-

397 2457 674 2527 gnantur,
707 2454 1273 2521 exterminabuntur,
1313 2478 1340 2503 ››
1373 2454 1428 2510 id
1463 2459 1550 2510 est
1581 2459 1638 2509 et
1669 2455 1954 2523 malevoli,
1990 2460 2048 2510 et

396 2543 554 2599 mala
601 2543 902 2608 facientes,
938 2543 1179 2610 scilicet,
1209 2547 1371 2598 extra
1414 2543 1730 2599 terminum
1781 2562 2045 2616 supernae

393 2631 721 2688 Jerusalem
777 2631 1101 2703 ejicientur.
1137 2654 1165 2680 ‹‹
1201 2633 1570 2688 Sustinentes
1615 2637 1812 2688 autem
1844 2634 2046 2689 Domi-

396 2739 559 2790 num,
595 2743 623 2771 »
648 2723 704 2778 id
736 2726 826 2778 est
857 2737 991 2776 cum
1023 2720 1470 2792 longanimitate
1505 2721 1659 2777 mala
1707 2722 1887 2795 hujus
1918 2725 2046 2778 vitze

397 2809 731 2878 tolerantes,
766 2810 1083 2866 Dominum
1134 2815 1630 2867 remuneratorem
1681 2814 2046 2868 attendentes

396 2921 424 2949 ‹‹
458 2899 569 2972 ipsi
611 2899 1042 2955 haereditabunt
1093 2904 1329 2968 terram,
1369 2923 1394 2949 ››
1431 2900 1490 2954 id
1536 2905 1643 2972 est,
1679 2901 2046 2958 baereditario

387 2989 524 3060 jure
555 2988 848 3044 cmlestem
881 2989 1268 3060 possidebunt
1300 2989 1572 3062 patriam.

466 3077 605 3132 Dico
637 3077 1063 3132 haereditabunt
1094 3078 1364 3148 patriam.
1383 3079 1452 3133 Et
1473 3095 1544 3133 nc
1568 3077 1782 3150 aliquis
1799 3079 2041 3134 diceret:

395 3165 538 3229 Quis
568 3169 689 3219 tam
721 3164 821 3219 diu
863 3165 1073 3236 poterit
1105 3165 1434 3220 sustinere?
1463 3166 1640 3221 dicit:
1688 3190 1714 3215 ‹‹
1760 3170 1816 3221 et
1854 3167 2046 3222 adhuc

392 3251 696 3324 pusillum,
733 3274 759 3300 ››
794 3251 1111 3323 quasi,non
1144 3253 1382 3307 delicias
1413 3254 1779 3322 sustinendo,
1805 3259 2038 3326 tempus

390 3339 547 3396 enim
569 3340 740 3396 breve
770 3343 879 3408 est,
914 3341 1132 3395 nedum
1163 3341 1282 3396 vita
1311 3341 1588 3397 hominis.
1632 3343 1768 3398 Dico
1812 3345 2039 3400 sustine

390 3428 676 3501 pusillum
708 3451 736 3478 «
771 3432 828 3484 et
858 3446 972 3484 non
1005 3428 1115 3484 erit
1145 3434 1432 3501 peccator,
1471 3453 1498 3480 ››
1532 3448 1646 3485 non
1697 3434 1852 3504 quod
1905 3450 2036 3504 pec-

391 3517 605 3574 catoris
634 3517 968 3573 substantia
997 3522 1217 3590 pereat,
1249 3519 1351 3574 sed
1386 3535 1501 3574 non
1531 3519 1659 3587 erit,
1695 3521 1753 3576 id
1787 3526 1894 3591 est,
1916 3539 2040 3594 pec-

391 3623 522 3663 care
553 3625 667 3662 non
699 3606 911 3679 poterit
943 3623 956 3661 :
991 3611 1048 3662 et
1077 3607 1430 3662 concedatur
1462 3609 1618 3680 quod
1649 3614 1789 3666 tunc
1819 3634 1846 3659 «
1883 3629 2036 3682 quae-

391 3713 488 3752 ras
532 3695 725 3751 locum
776 3696 924 3768 ejus,
959 3720 984 3745 ››
1020 3696 1078 3751 id
1123 3701 1230 3761 est,
1266 3714 1338 3751 an
1389 3697 1584 3770 aliquo
1616 3700 1789 3754 modo
1837 3699 1891 3754 in
1927 3700 2040 3757 alia

388 3787 509 3843 vita
538 3791 804 3859 peccator
833 3786 910 3843 sit
960 3786 1329 3842 necessarius
1360 3811 1386 3836 ‹‹
1421 3791 1479 3842 et
1527 3805 1641 3842 non
1694 3788 1972 3844 invenies.
2011 3811 2039 3838 »

391 3876 455 3932 In
485 3877 594 3932 hac
624 3877 744 3932 vita
772 3877 1180 3932 tantummodo
1212 3879 1482 3948 peccator
1529 3880 1618 3931 est
1649 3878 2038 3946 necessarius,

390 3963 450 4024 in
481 3982 600 4036 qua
624 3982 726 4038 per
755 3981 891 4020 eum
915 3964 1065 4036 justi
1097 3965 1527 4020 examinantur.

462 4052 695 4108 Dixerat
727 4051 865 4123 quia
885 4053 1247 4108 sustinentes
1274 4054 1590 4108 Dominum
1612 4054 2042 4110 haereditabunt

392 4144 637 4195 terram:
672 4156 828 4194 nunc
853 4139 1207 4195 determinat
1237 4143 1528 4212 quomodo
1549 4143 2043 4209 sustinentes,sci-

391 4227 527 4283 licet
541 4244 656 4282 non
679 4226 779 4300 qui
804 4226 968 4280 inviti
991 4232 1049 4280 et
1076 4234 1534 4298 murmurantes,
1552 4231 1653 4285 sed
1677 4231 1774 4301 qui
1799 4231 1858 4284 in
1882 4249 2042 4286 man-

392 4315 703 4372 suetudine
734 4318 790 4370 et
821 4313 1219 4385 simplicitate.
1253 4317 1336 4370 Ad
1366 4316 1474 4370 hoc
1505 4317 1882 4373 continuatur
1913 4336 1926 4373 :
1964 4319 2042 4374 lo-

391 4420 527 4466 cum
552 4403 872 4476 peccatoris
905 4419 1020 4458 non
1051 4402 1310 4458 invenies
1341 4403 1398 4457 in
1417 4403 1722 4459 aliavita.«
1750 4406 2039 4462 Mansueti

391 4497 589 4549 autem
618 4492 752 4548 vita.
792 4515 819 4542 ››
853 4515 881 4542 ‹‹
917 4491 1205 4548 Mansueti
1237 4496 1436 4547 autem
1467 4492 1897 4549 hiereditabunt
1918 4500 2041 4551 ter-

2077 1870 2125 1936 B

2161 587 2439 660 prospicit
2471 589 2627 659 quod
2657 586 2848 642 veniet
2877 586 3002 642 dies
3034 586 3181 656 ejus,
3220 609 3245 632 ››
3281 585 3334 639 id
3368 583 3796 656 est,judicium.

2155 677 2454 733 Judicium
2489 676 2752 731 nominat
2784 675 3115 746 diem,quia
3145 673 3224 729 ibi
3257 677 3428 730 erunt
3457 674 3654 730 omnia
3685 691 3784 729 ma

2157 767 2370 821 nifesta
2401 766 2565 837 quasi
2601 765 2658 820 in
2693 765 2807 820 die.

2229 855 2432 910 Merito
2466 854 2729 910 irridebit
2758 871 2856 909 eos
2887 853 3171 910 Dominus
3221 853 3496 925 quoniam
3531 877 3557 903 ‹‹
3596 869 3804 926 pecca-

2157 948 2311 999 tores
2342 943 2624 1016 gladinm,
2666 966 2691 991 »
2726 941 2782 997 id
2816 948 2905 997 est
2934 941 3090 996 mala
3121 958 3294 1012 opera
3333 959 3440 997 sua
3467 966 3494 991 «
3528 942 3804 1014 evagina—

2155 1038 2385 1104 verunt,
2424 1056 2449 1081 ››
2482 1033 2707 1089 scilicet
2738 1033 2808 1087 de
2841 1031 3295 1103 cogitationibus
3342 1032 3489 1100 suis,
3524 1031 3623 1086 ubi
3671 1032 3805 1087 abs-

2159 1122 2392 1177 condita
2442 1125 2628 1188 erant,
2661 1121 2720 1175 in
2770 1119 3148 1176 manifestum
3199 1120 3610 1176 deduxerunt:
3655 1120 3809 1174 sicut

2158 1209 2374 1282 aliquis
2415 1211 2674 1282 gladium
2707 1227 2881 1265 suum
2921 1209 3212 1282 evaginat,
3244 1213 3302 1264 et
3346 1208 3521 1264 etiam
3553 1231 3580 1258 «
3614 1207 3808 1264 inten-

2159 1299 2371 1354 derunt
2419 1315 2621 1355 arcum
2672 1315 2925 1366 suum,»
2959 1298 3014 1352 id
3067 1302 3155 1353 est
3197 1296 3362 1354 dolos
3394 1313 3552 1365 suos,
3587 1297 3809 1369 quibus

2158 1388 2382 1444 occulte
2413 1387 2718 1444 vulnerent
2747 1387 2900 1443 sicut
2932 1385 3144 1458 aliquis
3172 1386 3396 1442 occulte
3428 1403 3566 1442 arcu
3599 1385 3758 1441 ferit.

2227 1477 2311 1532 Ad
2345 1476 2454 1532 hoc
2484 1477 2866 1532 intenderunt
2893 1491 3094 1531 arcum
3118 1498 3144 1524 ‹‹
3180 1479 3247 1530 ut
3281 1474 3576 1547 decipiant
3598 1491 3812 1547 paupe-

2158 1582 2304 1632 rem,
2338 1588 2363 1614 »
2397 1565 2454 1620 id
2489 1569 2578 1621 est
2609 1565 2961 1637 simplicem,
2988 1564 3089 1636 qui
3137 1564 3396 1620 nondum
3431 1564 3574 1620 satis
3618 1565 3812 1635 perfe-

2159 1656 2236 1711 cit
2268 1655 2326 1710 in
2360 1653 2691 1726 cognitione
2722 1654 2821 1709 Dei
2859 1677 2879 1703 α
2918 1658 2974 1709 et
3003 1653 3259 1724 inopem,
3294 1676 3321 1701 »
3352 1653 3625 1709 eumdem
3649 1653 3811 1709 acci-

2157 1760 2248 1816 pe,
2285 1745 2382 1816 qui
2416 1743 2584 1816 inops
2618 1743 2853 1809 dicitur,
2887 1742 3027 1814 quia
3065 1740 3364 1814 passibilis
3413 1745 3470 1797 et
3513 1742 3810 1815 mortalis,

2158 1839 2216 1888 et
2246 1832 2449 1888 multis
2480 1848 2797 1904 oppressus
2831 1831 3085 1886 miseriis
3117 1831 3294 1901 hujus
3328 1830 3555 1898 mundi,
3590 1831 3662 1886 ad
3696 1831 3812 1888 hoc

2157 1923 2500 1994 evaginatur
2529 1921 2792 1994 gladium
2826 1944 2853 1971 «
2889 1925 2953 1976 ut
2986 1919 3282 1976 trucidant
3311 1923 3498 1976 rectos
3547 1921 3744 1976 corde.
3783 1943 3812 1971 π

2228 2011 2342 2083 Ipsi
2374 2011 2827 2083 evaginaverunt
2855 2009 3118 2082 gladium
3169 2014 3227 2065 et
3257 2032 3284 2058 «
3319 2008 3551 2081 gladius
3598 2025 3810 2066 eorum

2157 2097 2334 2152 intret
2363 2097 2421 2152 in
2453 2098 2628 2152 corda
2659 2096 2945 2168 ipsorum,
2988 2118 3016 2146 η
3070 2097 3127 2152 id
3177 2100 3285 2166 est,
3337 2097 3479 2152 dum
3527 2097 3815 2155 occidunt

2156 2193 2409 2257 sanctos,
2445 2188 2788 2244 occidantur
2817 2194 2875 2244 et
2905 2187 3019 2260 ipsi
3052 2187 3301 2243 interius
3333 2211 3362 2238 «
3397 2191 3454 2244 et
3497 2203 3672 2244 arcus
3711 2205 3814 2244 eo-

2155 2294 2287 2332 rum
2319 2277 2740 2348 confringatur,
2779 2299 2806 2325 »
2838 2275 2895 2330 id
2927 2280 3016 2331 est
3045 2275 3217 2331 dolus
3246 2277 3376 2347 ejus
3405 2276 3675 2332 inefﬁcax
3699 2277 3813 2333 ha-

2155 2367 2379 2432 beatur,
2411 2383 2482 2421 ne
2513 2367 2695 2421 bonos
2729 2363 2956 2438 possint
2987 2365 3271 2438 decipere,
3307 2369 3365 2420 et
3413 2365 3525 2421 sibi
3577 2365 3816 2422 confor-

2155 2473 2282 2512 mes
2303 2456 2553 2510 efﬁcere.

2228 2547 2355 2600 Haec
2386 2543 2584 2599 omnia
2614 2543 2786 2598 faciet
2815 2542 2919 2597 tibi
2955 2542 3194 2615 impius,
3230 2547 3288 2598 et
3323 2543 3500 2598 etiam
3551 2559 3687 2598 cum
3743 2548 3812 2599 tu

2154 2633 2268 2688 eris
2301 2648 2542 2705 pauper,
2577 2630 2673 2686 ille
2705 2631 3164 2704 prosperabitur,
3199 2632 3300 2687 sed
3351 2636 3416 2686 tu
3463 2632 3664 2687 omnia
3692 2649 3810 2703 pa-

2155 2721 2364 2778 tienter
2410 2719 2609 2775 omnia
2658 2719 2904 2786 sustine,
2960 2719 3101 2791 quia
3151 2743 3178 2770 «
3229 2719 3442 2776 melius
3503 2719 3812 2777 modicum

2147 2813 2330 2884 justo,
2367 2832 2395 2858 ››
2426 2809 2482 2864 id
2515 2813 2626 2876 est,
2657 2826 2783 2876 sua,
2822 2809 3130 2865 modicitas
3182 2814 3240 2865 et
3287 2813 3602 2882 paupertas
3635 2833 3663 2859 α
3698 2827 3813 2866 su-

2156 2918 2257 2973 per
2285 2899 2520 2954 divitias
2553 2903 2924 2970 peccatorum
2957 2898 3196 2954 multas.
3236 2921 3264 2948 ››

2225 2991 2293 3044 Et
2323 2989 2467 3044 bene
2514 2986 2664 3054 dico,
2701 2986 2915 3043 melius
2965 2992 3054 3044 est
3083 3009 3112 3037 «
3145 2987 3424 3060 quoniam
3471 2987 3738 3056 brachia,
3780 3009 3808 3037 »

2154 3079 2210 3133 id
2243 3083 2351 3149 est,
2379 3076 2753 3132 fortitudines
2786 3081 2843 3132 et
2868 3080 3186 3148 potestates
3217 3100 3246 3128 «
3281 3081 3649 3149 peccatorum
3671 3093 3812 3134 con-

2154 3170 2376 3233 rentur,
2413 3188 2438 3212 n
2469 3165 2525 3219 id
2559 3169 2646 3220 est
2676 3165 3072 3230 destruentur,
3098 3169 3156 3220 et
3186 3164 3419 3221 inutilia
3449 3164 3690 3221 omnino
3723 3165 3813 3220 in-

2149 3255 2490 3310 venientur:
2526 3276 2550 3301 ‹‹
2579 3254 2777 3323 justos
2826 3258 3043 3323 autem,
3081 3276 3109 3302 »
3141 3252 3409 3326 quamvis
3453 3254 3718 3310 modicos
3752 3260 3816 3311 et

2147 3359 2433 3416 pauperes
2466 3365 2493 3391 ‹‹
2528 3343 2838 3398 conﬁrmat
2867 3342 3176 3411 Dominus,
3211 3365 3239 3392 ››
3271 3341 3331 3398 in
3381 3343 3533 3398 bono
3578 3359 3799 3415 propo-

2147 3433 2279 3500 sito,
2313 3436 2375 3486 et'
2403 3447 2505 3502 spe
2536 3431 2743 3486 futurae
2775 3431 3176 3488 beatitudinis.

2216 3523 2286 3576 Et
2316 3520 2462 3574 bene
2491 3518 2618 3574 dico
2649 3520 2959 3576 confirmat
2979 3523 3176 3592 justos
3208 3537 3220 3576 :
3257 3519 3405 3578 falsa
3434 3536 3691 3593 namque
3714 3537 3818 3578 eo-

2148 3627 2279 3664 rum
2310 3607 2598 3664 sententia
2627 3612 2734 3677 est,
2765 3610 2862 3680 qui
2897 3614 3108 3681 putant
3146 3610 3460 3666 Dominum
3508 3627 3625 3666 non
3657 3628 3809 3684 cog-

2148 3715 2387 3753 noscere
2420 3697 2539 3753 haec
2570 3713 2698 3769 qua:
2729 3704 2989 3770 aguntur
3021 3699 3078 3753 in
3127 3699 3236 3755 hac
3283 3700 3425 3768 vita,
3454 3699 3594 3771 quia
3626 3723 3654 3750 α
3689 3701 3812 3755 Do-

2149 3786 2346 3842 minus
2398 3787 2556 3842 novit
2604 3786 2731 3842 dies
2776 3787 3312 3856 immaculatorum,
3366 3811 3394 3838 n
3425 3811 3454 3839 «
3487 3792 3566 3856 et,
3611 3809 3640 3838 »
3676 3789 3812 3860 ipse

2148 3875 2432 3930 Dominus
2465 3899 2492 3924 «
2525 3875 2634 3929 erit
2686 3874 2996 3931 haereditas
3044 3893 3268 3946 eorum,
3305 3900 3331 3926 ››
3377 3877 3434 3932 id
3482 3877 3812 3949 est,justo-

2148 3981 2279 4019 rum
2313 3987 2340 4012 «
2373 3963 2433 4017 in
2483 3967 2786 4030 aeternum,
2825 3987 2852 4013 »
2890 3965 3170 4020 Dominus
3221 3964 3437 4020 dicitur
3491 3964 3811 4021 haereditas

2140 4054 2462 4124 justorum,
2497 4052 2640 4122 quia
2671 4051 2823 4107 sicut
2852 4053 3165 4109 hazreditas
3197 4054 3384 4126 pascit
3413 4058 3471 4109 et
3502 4059 3806 4111 sustentat

2149 4158 2568 4214 possessorem,
2603 4140 2687 4196 sic
2717 4141 2998 4198 Dominus
3028 4143 3088 4198 in
3119 4143 3227 4199 has
3257 4144 3376 4200 vita
3406 4143 3550 4212 sui,
3585 4148 3645 4200 et
3673 4148 3810 4200 tan-

2149 4232 2283 4287 dem
2313 4230 2372 4285 in
2407 4229 2521 4286 alia
2548 4230 2668 4286 vita
2699 4231 3039 4288 omnimodo
3070 4232 3180 4290 erit
3212 4233 3467 4289 refectio.

2219 4321 2288 4375 Et
2317 4320 2447 4376 ideo
2480 4343 2507 4368 «
2544 4336 2660 4376 non
2693 4320 3152 4390 confundantur,
3185 4344 3212 4372 η
3245 4322 3369 4378 imo
3397 4321 3674 4379 voluntas
3703 4339 3814 4378 eoa

2149 4426 2281 4464 rum
2310 4407 2655 4480 implebitur
2686 4431 2712 4457 «
2747 4407 2807 4462 in
2840 4413 3101 4482 tempore
3135 4409 3312 4480 male,
3346 4434 3374 4460 n
3406 4411 3466 4466 id
3494 4415 3604 4479 est,
3627 4410 3692 4466 in
3711 4411 3814 4467 die

2141 4497 2374 4569 judicii,
2409 4497 2566 4569 quod
2598 4496 2820 4552 malum
2855 4497 2966 4553 erit
2995 4498 3220 4572 impiis,
3252 4499 3354 4571 qui
3385 4504 3532 4556 tunc
3555 4500 3812 4556 damna-

392 4599 518 4643 ram
555 4605 581 4630 »
612 4579 952 4648 viventium,
986 4604 1012 4630 ‹‹
1047 4579 1129 4635 ibi
1161 4579 1610 4636 delectabuntur
1657 4580 1716 4636 in
1768 4583 2040 4640 multitu-
2069 4610 2117 4674 Β
2150 4587 2370 4642 buntur
2397 4584 2458 4640 in
2489 4588 2705 4640 aeterna
2734 4586 3135 4656 damnatione,
3169 4593 3310 4644 tunc
3331 4589 3484 4660 justi
3515 4597 3638 4645 non
3664 4606 3816 4645 cond

393 4669 532 4725 dine
561 4670 741 4741 pacis.
780 4693 806 4719 ››
844 4670 927 4725 Ibi
961 4669 1022 4724 in
1053 4673 1333 4725 internum
1365 4668 1640 4742 viventes,
1676 4689 1780 4727 nec
1829 4691 1862 4728 a
1910 4673 2040 4729 dia—

394 4756 548 4822 bolo,
564 4773 750 4829 neque
781 4776 816 4814 a
840 4775 1012 4815 carne
1043 4775 1151 4814 sua
1181 4758 1374 4830 aliquo
1409 4761 1580 4815 modo
1613 4761 2044 4835 impugnabun-

392 4850 506 4914 tur,
542 4862 646 4900 nec
677 4845 875 4919 aliqua
919 4847 1152 4919 penitus
1185 4847 1592 4920 inquietudine
1623 4853 2037 4910 turbabuntur.

464 4935 545 4992 De
577 4935 838 4990 secunda
866 4940 1031 5008 parte
1065 4935 1292 5008 incipit,
1326 4939 1619 4994 mansueti
1665 4940 2040 4998 delectabun-

393 5027 490 5079 tur
520 5023 578 5078 in
612 5040 774 5095 pace,
799 5024 900 5080 sed
931 5023 1163 5079 interim
1196 5025 1254 5079 in
1290 5025 1397 5081 hac
1426 5027 1545 5081 vita
1576 5051 1601 5077 ‹‹
1638 5031 2045 5101 peccatorjus-

397 5114 524 5167 tum
550 5113 901 5182 observabit,
936 5136 963 5163 »
995 5113 1305 5186 diligenter
1333 5115 1510 5170 vitam
1546 5116 1733 5188 ipsius
1765 5119 2042 5190 inquiret,

396 5201 702 5257 attendens
735 5202 784 5257 si
835 5203 894 5258 in
940 5201 1134 5274 aliquo
1188 5202 1239 5258 ci
1297 5221 1502 5259 nocere
1535 5205 1762 5276 possit:
1799 5213 1857 5263 et
1908 5225 2042 5263 cum

396 5286 542 5343 nihil
589 5291 775 5360 possit
823 5297 1026 5347 contra
1071 5308 1206 5347 eum
1257 5292 1502 5359 ratione,
1557 5295 1726 5363 quasi
1778 5295 2038 5352 bestialis

396 5396 425 5423 «
459 5376 731 5431 stridebit
761 5396 936 5451 super
965 5396 1100 5434 eum
1133 5379 1408 5435 dentibus
1441 5380 1589 5447 suis,
1625 5404 1650 5428 ››
1680 5382 1736 5436 id
1771 5388 1879 5454 est,
1914 5383 2038 5437 livi-

397 5462 489 5517 dis
519 5466 952 5521 corrosienibus
981 5472 1037 5521 et
1067 5469 1547 5523 detractionibus.

469 5552 564 5605 Sic
594 5553 859 5609 stridebit
879 5559 1147 5626 peccator
1167 5559 1618 5626 superjustum;
1644 5561 1708 5612 tu
1732 5561 2043 5627 autem,vir

398 5640 568 5707 bone,
588 5657 658 5695 ne
681 5657 869 5714 cures,
902 5643 1002 5698 sed
1028 5643 1224 5698 dcride
1250 5659 1382 5698 eum
1409 5645 1544 5716 quia
1577 5670 1602 5693 ‹‹
1641 5646 1922 5704 Dominus
1965 5649 2040 5705 ir-

2151 4676 2490 4741 fundentur,
2523 4677 2580 4729 et
2608 4673 2667 4728 in
2700 4673 2810 4730 hac
2838 4675 2955 4730 vita
2986 4675 3155 4748 plene
3201 4695 3234 4732 a
3274 4682 3388 4734 Deo
3437 4677 3812 4746 reﬁciuntur,

2150 4766 2305 4838 quod
2337 4769 2426 4820 est.
2455 4787 2483 4813 «
2519 4763 2726 4820 diebus
2758 4764 2953 4833 famis,
2984 4787 3012 4814 »
3044 4767 3100 4822 id
3134 4771 3242 4834 est,
3278 4767 3336 4821 in
3367 4766 3485 4822 vita
3532 4767 3644 4822 hac
3689 4784 3816 4840 qua

2149 4852 2620 4910 esuriuntsancti
2646 4857 2703 4908 et
2724 4852 2938 4908 sitiunt
2953 4855 3250 4926 justitiam
3276 4876 3303 4906 ‹‹
3327 4855 3762 4912 saturabautur
3779 4878 3821 4904 »-

2151 4940 2558 5014 spiritualibus
2592 4940 2762 5009 cibis,
2795 4957 2826 4997 e
2856 4941 3147 4998 contrario
3181 4944 3279 4999 ﬁet
3306 4943 3818 5016 peccatoribus,“

2151 5032 2261 5086 hoc
2292 5031 2400 5084 sub
2437 5029 2778 5102 probatione
2805 5031 2998 5102 ponit;
3023 5031 3106 5088 sic
3129 5033 3280 5104 justi
3312 5050 3426 5090 non
3449 5033 3816 5089 confunden-

2149 5123 2247 5174 tur
2276 5120 2332 5173 in
2367 5122 2630 5189 tempore
2651 5117 2982 5191 malo,quia
3013 5121 3118 5177 soli
3152 5126 3490 5193 peccatores
3506 5120 3814 5194 peribunt.

2223 5209 2388 5263 Tunc
2418 5206 2658 5278 quidem
2689 5212 3020 5278 peccatores
3064 5210 3360 5282 peribunt.
3399 5211 3462 5267 In
3510 5210 3619 5266 hac
3668 5228 3816 5267 vero

2146 5297 2265 5352 vita
2295 5320 2320 5345 ‹‹
2357 5295 2579 5350 inimici
2619 5296 2914 5362 Domini,»
2932 5297 2988 5352 id
3013 5299 3248 5370 est,ipsi
3269 5304 3646 5370 peccatores«
3670 5317 3817 5356 mox

2148 5391 2213 5440 ut
2261 5384 2651 5452 honorificati,
2691 5407 2716 5431 ››
2765 5384 2822 5440 id
2875 5391 2984 5453 est,
3020 5387 3202 5442 habiti
3233 5388 3292 5441 in
3325 5388 3648 5444 reverentia
3682 5411 3716 5438 «
3747 5393 3817 5444 et:

2148 5474 2378 5529 exaltati
2415 5473 2648 5527 fuerint.
2689 5495 2714 5521 ››
2750 5490 2850 5544 per
2879 5475 3168 5546 potentias
3203 5481 3258 5530 et
3289 5476 3604 5547 dignitates
3637 5502 3660 5525 ει
3703 5479 3812 5533 dc-

2149 5563 2431 5630 ficientes,
2466 5584 2493 5609 »
2530 5562 2788 5633 assidue,
2823 5567 2880 5618 ct
2909 5563 3017 5620 hoc
3048 5569 3138 5620 est
3168 5588 3195 5613 «
3231 5565 3566 5621 deﬁcientt»
3590 5565 3814 5637 paula-

2150 5652 2258 5706 tim
2289 5651 2446 5706 enim
2472 5649 3036 5714 deiiciunt,labendo
3059 5652 3319 5722 quotidie
3341 5653 3399 5708 in
3424 5653 3694 5725 graviora
3709 5652 3816 5708 da—
