4048 6180
402 344 518 407 32Ἶ

820 344 1232 407 HAYMONIS
1266 339 1807 407 HALBERSTAT.
1840 339 2084 402 EPISC.
2118 340 2289 405 OPP.
2323 341 2526 404 PARS
2557 343 2605 405 Ι.
2638 372 2715 388 -ο-
2747 344 3158 407 COMMENT.
3189 345 3386 407 BIBL.

3693 321 3814 409 ﬁ.

472 477 658 534 Amici
683 477 794 532 mei
820 477 1056 532 fuerunt
1077 480 1278 530 contra
1309 479 1488 541 me,et
1516 476 1614 546 qui
1640 492 1754 531 non
1789 475 2050 530 fecerunt
2076 473 2134 541 Α
2232 475 2349 547 Ego
2371 480 2456 531 tot
2477 476 2631 532 mala
2664 477 2926 533 sustineo
2956 478 3108 549 quod
3141 476 3315 533 etiam
3347 475 3586 548 morior,
3616 479 3675 533 et
3703 477 3816 535 hoc

405 565 548 620 mihi
581 566 987 633 mala,nullum
1023 565 1281 619 fecerunt
1311 564 1587 619 solatium
1615 583 1627 619 :
1662 565 1770 620 hoc
1798 568 1903 632 est,
1939 588 1965 612 ‹‹
1999 569 2057 646 et

404 655 501 725 qui
527 655 695 726 juxta
723 670 816 708 me
846 656 1030 720 erant,
1063 671 1089 703 η
1128 652 1187 707 id
1218 657 1306 708 est
1336 653 1634 724 conjuncti
1682 653 1824 708 mihi
1856 651 2055 724 aliqua

402 741 745 813 cognatione
773 740 862 795 vel
895 741 1156 795 amicitia
1191 741 1305 797 «de
1326 741 1497 813 longe
1528 741 1948 810 steterunt,»id
1966 745 2056 796 est

400 834 768 885 recesserunt
795 847 829 884 a
850 846 942 884 me
964 829 1194 884 nullum
1226 830 1479 886 ferentes
1507 830 1893 898 solatitum,et
1912 835 2052 885 tunc

398 917 544 972 mihi
598 917 682 973 sic
734 917 1031 986 derelicto,
1080 918 1186 987 illi,
1222 941 1250 968 ‹‹
1285 919 1385 991 qui
1417 920 1752 991 quaerebant
1792 919 2048 974 animam

398 1021 589 1062 meam
624 1029 651 1055 ››
684 1005 903 1074 tollere,
937 1007 994 1062 id
1023 1010 1112 1062 est
1155 1009 1448 1063 daemones
1479 1011 1536 1064 et
1563 1007 1818 1062 ministri
1847 1023 2048 1063 eorum

401 1095 576 1150 «vim
621 1094 932 1165 faciebant,
970 1117 997 1145 ››
1031 1096 1089 1150 id
1144 1100 1233 1153 est
1281 1096 1591 1153 manifesta
1639 1096 1794 1152 mala
1841 1096 2050 1152 infere-

396 1183 560 1240 bant.

468 1275 538 1329 Et
572 1291 688 1330 non
724 1278 957 1330 tantum
989 1275 1147 1330 mala
1176 1273 1521 1343 inferebant,
1557 1277 1656 1331 sed
1687 1275 1864 1332 etiam
1896 1274 2052 1330 mala

397 1363 674 1420 dicebant
731 1365 1040 1421 manifeste
1097 1371 1152 1421 et
1211 1365 1436 1421 occulte
1469 1383 1480 1421 :
1514 1369 1571 1421 et
1600 1366 1708 1421 hoc
1740 1369 1847 1433 est,
1892 1386 1918 1419 α
1948 1364 2048 1436 qui

397 1452 774 1524 inquirebant
828 1453 974 1509 mihi
1031 1455 1205 1521 mala,
1251 1454 1426 1511 locuti
1481 1459 1622 1510 sunt
1676 1454 1984 1522 vanitates,
2018 1475 2046 1503 »

399 1541 462 1596 id
491 1547 601 1610 est,
636 1543 950 1598 manifesta
981 1543 1287 1600 mendacia
1318 1560 1330 1598 :
1368 1548 1434 1599 ut
1463 1561 1597 1599 cum
1629 1544 1890 1600 dicerent
1927 1543 2049 1600 haec

398 1631 704 1686 mundana
756 1631 1023 1687 sufficere
1052 1633 1122 1687 ad
1157 1631 1602 1704 beatitudinem,
1637 1636 1693 1688 et
1722 1632 1957 1700 similia,
1992 1636 2050 1688 et

399 1735 514 1774 non
548 1721 779 1774 tantum
842 1720 1150 1776 manifeste
1199 1721 1474 1776 dicebant
1531 1721 1705 1789 mala,
1740 1721 1840 1777 sed
1871 1721 2050 1777 etiam-

402 1826 425 1855 α
459 1810 582 1864 tota
601 1807 694 1863 die
715 1808 1151 1865 meditabantur
1171 1810 1354 1878 dolos,
1383 1833 1410 1860 »
1431 1810 1489 1865 id
1512 1815 1618 1878 est,
1653 1811 1702 1866 si
1733 1809 2048 1883 aliquando

395 1893 670 1950 dicebant
699 1895 870 1966 bona,
891 1913 1007 1953 non
1039 1899 1210 1967 bona,
1232 1900 1332 1956 sed
1365 1900 1695 1956 seductoria
1723 1899 2044 1957 intentione

395 1983 690 2040 dicebant.

468 2096 494 2121 «ι
520 2073 637 2144 Ego
659 2077 855 2128 autem
878 2091 993 2129 non
1016 2075 1387 2143 audiebam,»
1410 2076 1466 2130 id
1491 2081 1598 2145 est,
1625 2094 1740 2132 non
1772 2079 2045 2133 movebar

395 2159 467 2214 de
489 2175 691 2214 eorum
715 2160 1042 2216 maledictis
1067 2179 1079 2216 :
1104 2179 1208 2235 ego
1232 2163 1360 2219 dico
1381 2165 1439 2218 in
1463 2165 1571 2220 hoc
1593 2165 1846 2222 existens
1870 2191 1896 2216 «
1921 2170 2045 2221 tan-

395 2264 572 2320 quam
632 2250 870 2317 surdus,
903 2272 931 2298 »
963 2249 1020 2304 id
1078 2257 1185 2320 est,
1221 2252 1374 2307 sicut
1431 2255 1647 2309 surdus
1695 2273 1808 2310 non
1867 2256 2045 2311 habet

395 2337 650 2408 aliquem
681 2342 876 2392 actum
910 2338 1258 2406 auditus,sic
1289 2357 1394 2396 nec
1425 2360 1529 2415 ego
1559 2343 1814 2416 aliquem
1847 2351 2040 2403 actum

395 2425 700 2481 motionis:
727 2431 784 2481 et
799 2444 958 2482 eram
981 2445 1118 2500 erga
1137 2429 1550 2488 maledicentes
1571 2456 1598 2483 ‹‹
1615 2433 1765 2489 sicut
1785 2441 2038 2504 mutus,-

395 2517 453 2570 et
473 2514 612 2586 quia
643 2519 844 2570 mutus
875 2517 983 2572 etsi
1017 2535 1132 2572 non
1164 2535 1437 2591 expressa
1465 2527 1823 2591 voce,tamen
1847 2526 2043 2598 aliquo

393 2602 622 2675 mugitu
652 2605 741 2661 vel
775 2605 990 2661 indicio
1019 2605 1214 2678 aliquo
1247 2608 1394 2664 iram
1439 2627 1606 2666 suam
1652 2614 1945 2685 exprimit,
1979 2621 2044 2672 ut

394 2707 563 2748 suam
613 2694 952 2750 manifestet
997 2697 1410 2766 constantiam,
1444 2699 1586 2754 dicit
1616 2723 1642 2751 ‹‹
1677 2707 1732 2758 et
1761 2721 1874 2758 non
1909 2722 2043 2776 ape-

395 2780 549 2838 riens
581 2798 646 2837 os
675 2800 920 2852 suum,»
954 2783 1011 2840 id
1042 2789 1132 2841 est
1160 2785 1319 2842 nullo
1351 2789 1523 2844 modo
1556 2793 1913 2863 respondens
1939 2794 2044 2850 im-

391 2872 860 2943 properantibus.
1594 2871 1598 2876 ⁷

460 2960 531 3014 Et
559 2977 676 3016 non
708 2964 938 3016 tantum
989 2979 1105 3018 non
1160 2962 1447 3020 habebam
1498 2971 1691 3023 actum
1743 2972 2040 3042 audiendi,

394 3048 494 3103 sed
546 3066 650 3104 nec
701 3051 1046 3122 potentiam,
1080 3056 1136 3107 et
1165 3052 1275 3108 hoc
1305 3057 1413 3122 est,
1449 3079 1475 3104 ‹‹
1512 3056 1699 3113 factus
1727 3077 1857 3114 sum
1892 3062 2046 3118 sicut

391 3136 566 3191 homo
598 3154 712 3190 non
757 3138 1022 3206 audiens,
1060 3162 1086 3188 ››
1121 3140 1177 3193 id
1229 3145 1319 3196 est
1369 3159 1482 3196 non
1537 3151 1742 3214 potens
1791 3149 2038 3207 audire:

2161 567 2422 636 estquod
2459 565 2618 632 dicit,
2650 566 2909 620 «inimici
2933 572 3129 622 autem
3159 567 3272 623 mei
3301 567 3574 633 vivunt,»
3610 567 3670 622 id
3704 571 3814 636 est,

2161 653 2500 709 existimant
2529 653 2707 709 vitam
2739 671 2865 711 esse
2897 655 2956 710 in
2988 654 3084 710 his
3115 655 3451 721 mundanis,
3488 678 3508 705 ι
3532 659 3591 711 et
3612 657 3820 711 conﬁr-

2162 741 2302 796 mati
2326 746 2466 797 sunt
2497 759 2673 814 super
2701 759 2814 810 me,
2847 763 2873 795 ι)
2912 741 3132 798 scilicet
3189 743 3260 798 ad
3317 743 3619 800 inferenda
3668 744 3818 800 mihi

2161 829 2345 886 mala:
2378 834 2474 886 cet
2506 830 2878 903 multiplicati
2911 836 3097 886 sunt»
3131 835 3188 887 et
3218 848 3461 888 numero
3493 836 3550 889 et
3577 833 3818 906 gravius

2161 920 2421 975 nocendo
2459 939 2485 972 (ι
2515 919 2613 991 qui
2646 921 2894 976 oderunt
2923 937 3017 976 me
3048 919 3265 993 inique.
3298 943 3326 972 »

2231 1009 2301 1063 Et
2340 1025 2456 1064 non
2505 1013 2734 1064 tantum
2765 1007 3095 1065 inferebant
3120 1008 3266 1065 mihi
3297 1010 3470 1079 mala,
3503 1012 3602 1067 sed
3636 1011 3816 1068 etiam

2165 1116 2193 1150 ι
2222 1097 2605 1153 detrahebant
2634 1097 2777 1152 mihi
2799 1118 2827 1148 η
2861 1096 2946 1152 illi
2983 1120 3011 1148 ‹‹
3042 1098 3144 1170 qui
3177 1097 3500 1154 retribuant
3531 1099 3689 1156 mala
3710 1117 3816 1174 pro

2158 1186 2347 1255 bonis,
2386 1210 2406 1236 ι
2444 1190 2502 1241 et
2532 1186 2640 1242 hoc
2671 1190 2860 1242 totum
2900 1187 3190 1243 faciebant
3238 1187 3401 1244 nulla
3446 1187 3560 1246 alia
3609 1206 3815 1262 causa,

2158 1274 2271 1329 nisi
2307 1297 2334 1325 «
2365 1274 2642 1346 quoniam
2670 1275 2956 1346 sequebar
2984 1275 3327 1333 bonitatem.
3364 1295 3392 1326 ι’

2230 1363 2333 1419 Hic
2363 1363 2528 1436 ponit
2583 1363 3050 1420 exsultationem.
3085 1364 3454 1422 Continuatio
3489 1383 3502 1422 :
3536 1367 3658 1442 Ego
3689 1369 3816 1425 haec

2157 1453 2357 1509 omnia
2387 1453 2594 1524 patior,
2614 1457 2670 1508 et
2693 1457 2777 1520 tu,
2806 1453 3115 1522 «Domine,
3140 1454 3293 1510 Deus
3329 1471 3516 1526 meus,
3546 1478 3574 1506 »
3600 1449 3835 1516 salutis”:

2157 1558 2298 1598 mea
2329 1543 2513 1610 dator,
2540 1541 2598 1596 id
2638 1546 2744 1609 est,
2785 1541 2883 1614 qui
2914 1543 3042 1614 jam
3073 1543 3360 1600 exaudisti
3393 1559 3492 1602 me
3513 1569 3534 1596 ι
3561 1558 3635 1602 ne
3657 1548 3819 1604 dere-

2156 1630 2390 1703 linquas
2422 1646 2534 1689 mc.
2579 1654 2605 1679 ››
2638 1631 2694 1685 id
2727 1635 2835 1699 est,
2885 1649 2956 1687 ne
3004 1633 3310 1704 permittas
3359 1647 3451 1689 me
3501 1635 3708 1691 cadere
3753 1637 3816 1692 in

2157 1719 2459 1776 criminale
2481 1719 3102 1792 pcccatum.Permittit
3122 1719 3276 1776 enim
3311 1726 3460 1778 Deus
3483 1725 3689 1780 cadere
3712 1724 3819 1781 ali-

2127 1838 2130 1876 ξ
2157 1809 2391 1880 quando
2415 1825 2552 1864 suos
2576 1809 2646 1863 ad
2670 1809 3087 1866 correctionem
3111 1810 3415 1881 majorem,
3438 1815 3502 1867 ut
3533 1811 3773 1869 Petrum
3798 1833 3814 1884 ;

2153 1896 2277 1954 etsi
2301 1897 2615 1969 aliquando
2641 1895 3034 1970 derelinquas,
3067 1917 3094 1951 α
3113 1915 3186 1954 ne
3207 1898 3556 1956 discesseris
3583 1917 3626 1957 a'
3648 1915 3812 1972 me,n'

2151 1986 2209 2043 id
2236 1991 2343 2055 est,
2375 2006 2402 2038 ι)
2448 2002 2520 2042 ne
2550 1986 2856 2059 permittas
2906 2003 3000 2042 me
3046 2001 3423 2059 perseverare
3453 1989 3515 2044 in
3546 1995 3814 2071 peccato,

2153 2077 2255 2131 sed
2287 2098 2314 2125 «
2346 2075 2584 2130 intende
2617 2075 2676 2129 in
2709 2074 3089 2146 adjutorium,
3125 2093 3342 2146 meum,
3379 2097 3407 2126 ››
3439 2077 3499 2133 id
3530 2082 3638 2148 est,
3674 2080 3815 2136 date

2151 2163 2467 2236 intentum,
2500 2167 2564 2219 ut
2595 2181 2687 2219 me
2718 2164 2957 2236 adjuves
2987 2163 3065 2219 ad
3090 2164 3238 2221 bene
3268 2157 3654 2239 operandam.

2581 2289 2653 2344 IN
2695 2289 3043 2344 PSALMUM
3082 2289 3375 2348 XXXVIII.

2238 2407 2512 2461 Trruws.
2546 2407 2611 2460 In
2637 2407 2802 2476 ﬁnem
2831 2407 3106 2461 canticum
3133 2406 3305 2462 David
3329 2425 3430 2480 pro
3460 2407 3721 2468 Idithum.

2225 2547 2251 2570 ‹‹
2287 2522 2410 2577 Dixi
2445 2539 2456 2578 :
2489 2522 2851 2577 Custodiam.
2872 2545 2892 2572 ι
2930 2521 3142 2578 Volens
3172 2523 3388 2578 Esd'ras
3419 2525 3704 2581 honorem
3734 2528 3824 2582 fa-'

2153 2629 2282 2667 cere
2306 2611 2586 2681 Idithum,
2612 2610 2712 2682 qui
2735 2609 2845 2664 fuit
2885 2627 3038 2666 unus
3064 2611 3134 2667 de
3165 2616 3417 2684 quatuor
3436 2616 3807 2688 praeceptori-

2153 2701 2446 2770 bus,'cum
2479 2716 2673 2756 arcam
2698 2699 2928 2754 Domini
2949 2701 3019 2755 de
3041 2700 3173 2774 Sylo
3197 2703 3561 2771 reducerent,
3588 2705 3664 2760 ad
3689 2722 3806 2761 me-

2153 2789 2399 2845 moriam
2432 2788 2617 2861 ipsius
2649 2788 2814 2862 ponit
2835 2806 3047 2845 nomen
3073 2791 3199 2861 ejus
3224 2790 3282 2846 in
3306 2791 3494 2863 ipsius
3515 2791 3732 2864 psalmi
3751 2795 3808 2851 in

2152 2879 2565 2935 titulationem.
2602 2877 2762 2934 Licet
2793 2882 2990 2933 autem
3017 2878 3076 2933 in
3111 2878 3465 2951 quibusdam
3498 2879 3822 2955 scripturis

2151 2968 2541 3036 inveniamus,
2576 2967 2732 3022 hunc
2763 2965 3059 3039 psalmum
3093 2968 3228 3023 fecit
3259 2969 3538 3038 Idithum,
3566 2973 3624 3025 et
3653 2971 3809 3029 hunc

2151 3058 2724 3125 Emam,etc.,tamen
2743 3053 3189 3128 intelligendum
3213 3059 3300 3112 est
3322 3074 3355 3112 a
3386 3058 3567 3114 David
3603 3065 3820 3117 omnes

2110 3204 2116 3218 ξ
2153 3147 2335 3202 factos
2373 3161 2520 3200 esse.
2549 3144 2613 3199 [li
2647 3149 2842 3200 autem
2874 3143 3081 3200 fecisse
3112 3144 3407 3215 dicuntur,
3441 3148 3584 3218 quia
3614 3165 3812 3205 recen-

390 3228 449 3278 et
470 3240 604 3278 cum
627 3225 900 3296 superius
921 3225 1220 3298 dixisset,«
1244 3229 1395 3284 sicut
1417 3236 1616 3288 mutus
1636 3251 1752 3289 non
1775 3239 2041 3309 aperiens
2072 3215 2114 3282 (ἶ
2152 3239 2414 3304 suerunt,
2448 3239 2504 3288 et
2533 3249 2646 3288 non
2697 3237 2928 3288 tantum
2978 3237 3213 3315 propter
3250 3234 3379 3303 hoc,
3415 3236 3516 3292 sed
3552 3239 3810 3296 maxime

390 3327 456 3366 os
478 3327 712 3379 suum,»
735 3329 808 3368 ne
831 3313 1071 3370 inferret
1094 3315 1328 3387 aliquis,
1353 3318 1481 3374 idco
1514 3326 1714 3377 mutus
1745 3329 2042 3399 eras,quia

389 3415 504 3454 non
528 3399 786 3456 habebas
808 3403 964 3458 unde
983 3407 1518 3475 responderes,ideo
1551 3411 1768 3480 subdit,
1789 3434 1814 3467 α
1836 3420 1892 3471 et
1922 3435 2037 3473 non

388 3489 611 3546 habens
661 3490 720 3545 in
771 3508 868 3548 ore
925 3509 1030 3548 suo
1083 3495 1522 3568 redargutiones
1552 3523 1579 3549 »
1611 3507 1811 3558 contra
1840 3522 2038 3577 perse-

389 3583 654 3651 quentes,
675 3580 732 3636 id
765 3585 871 3648 est,
893 3585 1160 3654 quamvis
1190 3584 1463 3642 haberem
1499 3590 1652 3644 unde
1684 3608 1915 3662 possem
1949 3611 2036 3650 re-

383 3667 760 3740 prehendere,
795 3674 992 3726 tamen
1025 3673 1106 3728 fui
1140 3675 1305 3746 quasi
1339 3693 1455 3732 non
1487 3677 1730 3736 habens.

454 3756 557 3813 Hic
590 3757 797 3832 incipit
831 3761 900 3816 de
940 3762 1110 3818 tertia
1159 3769 1342 3835 parte.
1377 3765 1746 3825 Continuatio
1780 3786 1793 3825 :
1829 3771 1912 3827 Ita
1941 3773 2037 3827 tri-

381 3845 678 3916 bulor,sed
701 3853 898 3905 tamen
923 3851 1149 3923 speravi
1182 3852 1240 3907 in
1272 3857 1346 3910 te.
1372 3855 1441 3910 Et
1461 3878 1488 3906 ‹‹
1511 3851 1787 3928 quoniam
1810 3860 2035 3931 speravi

376 3933 438 3990 in
460 3939 518 3990 te
541 3959 566 3984 ››
592 3937 720 3994 ideo
751 3957 773 3986 α
797 3943 880 4006 tu,
907 3940 1172 4009 Domine,
1199 3943 1352 3998 Deus
1385 3948 1853 4016 meus,exaudies
1882 3967 2030 4006 me.»

447 4023 737 4079 Exaudies
767 4029 826 4080 et
857 4027 1035 4084 debes
1066 4031 1342 4088 exaudire
1381 4054 1407 4087 α
1429 4035 1568 4106 quia
1591 4058 1612 4088 ι
1650 4053 1755 4110 ego
1791 4061 1811 4088 ι
1839 4040 1976 4109 dixi,
2005 4062 2026 4092 ιι

377 4109 436 4162 id
476 4113 585 4176 est,
620 4110 932 4167 deliberavi
961 4137 988 4164 «
1025 4133 1096 4171 ne
1145 4119 1368 4175 inimici
1417 4125 1553 4192 mei,
1588 4150 1614 4175 »
1651 4109 1707 4182 id
1758 4132 1868 4196 est,
1903 4121 2032 4185 dia-i

375 4194 583 4252 holi'et
613 4213 817 4252 eorum
868 4201 1146 4276 ministri,
1183 4212 1241 4261 et
1271 4208 1320 4263 si
1365 4213 1538 4266 modo
1570 4216 1827 4285 gaudent
1856 4194 2034 4290 super

375 4299 470 4338 me
501 4306 530 4334 ‹‹
563 4287 932 4357 nequando,»
965 4290 1024 4344 id
1056 4298 1164 4358 est,
1193 4294 1250 4348 in
1279 4295 1393 4352 ﬁne
1422 4321 1451 4348 «
1485 4303 1778 4372 gaudeant
1807 4321 1912 4375 pro
1929 4287 2031 4362 ine

373 4371 655 4444 devicto,»
687 4379 744 4430 et
767 4391 966 4431 revera
994 4379 1332 4450 gauderent,
1369 4371 1508 4455 quia
1539 4410 1566 4436 «
1601 4388 1741 4444 dum
1773 4371 2030 4449 commo-

371 4465 582 4517 ventur
610 4463 788 4535 pedes
819 4464 993 4534 mei,»
1027 4465 1085 4521 id
1117 4472 1225 4534 est,
1258 4470 1399 4526 dum
1459 4473 1677 4530 fuerint
1727 4481 2025 4551 commoti,

372 4572 401 4600 «
424 4548 605 4608 locuti
629 4556 769 4609 sunt
789 4570 1004 4627 magna
1040 4573 1218 4628 super
1238 4575 1352 4629 me,
1389 4583 1414 4609 ››
1448 4561 1505 4616 id
1537 4567 1643 4632 est,
1680 4570 1881 4622 contra
1911 4548 2024 4640 me,

371 4639 512 4710 quia
541 4641 612 4696 de
642 4658 774 4697 mea
802 4643 1143 4700 inﬁrmitate
1172 4649 1520 4719 gaudebant.

441 4728 513 4782 Et
533 4727 663 4784 ideo
685 4732 1128 4806 exaudies,quia
1149 4734 1420 4807 licetjam
1453 4741 1639 4797 multa
1670 4742 1824 4799 mala
1845 4748 2022 4803 susti-

368 4816 490 4886 nui,
525 4819 722 4872 tamen
755 4820 941 4875 multo
974 4822 1144 4892 plura
1185 4831 1424 4896 paratus
1457 4846 1586 4885 sum
1623 4833 1932 4904 sustinere,
1966 4842 2023 4893 et

367 4903 476 4961 hoc
511 4910 618 4975 est,
647 4930 672 4956 ‹‹
701 4908 979 4978 quoniam
1010 4927 1114 4982 ego
1151 4913 1208 4966 in
1243 4914 1471 4987 ﬂagella
1502 4942 1529 4967 »
1562 4903 2020 4983 sustinendaire

367 5016 396 5044 «
423 5000 664 5066 paratus
695 5013 827 5051 sum
857 5019 883 5046 »
913 5014 1016 5068 pro
1039 5015 1235 5057 amore
1264 5006 1385 5070 tuo,
1411 5010 1466 5060 et
1491 5024 1722 5081 semper
1749 5020 2016 5082 peccato-

363 5100 495 5140 rum
528 5085 871 5142 memoriam
895 5087 1167 5157 habeo,et
1197 5091 1306 5148 hoc
1337 5094 1535 5163 dicit,«
1562 5103 1619 5153 et
1651 5101 1818 5156 dolor
1849 5121 2014 5161 meus

363 5171 423 5226 in
456 5180 770 5249 conspectu
797 5195 926 5235 meo
983 5196 1234 5253 semper,
1271 5205 1298 5230 η
1331 5182 1388 5238 id
1419 5189 1526 5254 est,
1561 5192 2012 5258 praecedentium

361 5268 734 5330 peccatorum
766 5269 1110 5326 memoriam
1143 5288 1375 5344 semper
1403 5273 1588 5332 habeo
1618 5276 1678 5333 in
1711 5281 1901 5337 corde.

435 5349 566 5408 Ideo
593 5371 824 5426 quoque
847 5359 1121 5416 exaudies
1149 5384 1176 5411 «
1201 5363 1478 5433 quoniam
1501 5367 1922 5437 annuntiabo,»
1953 5372 2010 5428 id

361 5440 468 5530 est,
484 5442 804 5500 confitebor
823 5470 849 5496 ‹‹
872 5447 1240 5520 iniquitatem
1265 5468 1457 5509 meam
1486 5477 1513 5505 ››
1537 5479 1565 5506 ‹‹
1589 5459 1645 5512 et
1661 5457 1948 5530 cogitabo,
1984 5484 2011 5510 υ

360 5524 418 5580 id
449 5530 558 5596 est,
590 5529 876 5590 sollicitus
907 5552 1002 5592 ero
1036 5562 1064 5588 ‹‹
1095 5557 1199 5611 pro
1248 5547 1485 5613 peccato
1526 5562 1654 5602 meo
1686 5524 2010 5608 nfacien'do

359 5632 535 5694 opera
561 5633 667 5694 per
693 5635 821 5694 quae
852 5624 1008 5684 mihi:
1027 5633 1333 5702 peccatum
1362 5632 1669 5697 relaxetur.

2148 3321 2864 3394 ideo,quiainterpretatio
2897 3322 3076 3393 hujus
3106 3323 3691 3396 nominis,ldithum,
3728 3328 3812 3402 ip-

2148 3413 2274 3468 sius
2296 3410 2507 3485 psalmi
2534 3411 2947 3483 proprietatem
2979 3412 3520 3469 ostendit.Idithum
3545 3429 3808 3490 namque

2145 3499 2481 3557 transiliens
2502 3500 3107 3571 interpretatur,ethic
3127 3502 3196 3556 de
3217 3502 3582 3560 transiliente
3605 3507 3832 3564 omnia”

2146 3589 2490 3661 temporalia
2502 3588 2716 3662 agitur.
2737 3589 2900 3644 Hunc
2917 3588 3211 3662 psalmum
3234 3590 3361 3646 ideo
3386 3592 3684 3650 canticum
3705 3613 3808 3652 no-

2146 3679 2352 3746 minat,
2388 3677 2526 3750 quia
2557 3677 2650 3733 hic
2673 3679 2992 3750 quamdam
3024 3678 3472 3737 exsultationem
3505 3685 3803 3758 proponit,

2145 3767 2388 3835 scilicet,
2424 3769 2602 3822 finem
2657 3772 2945 3834 nostrum,
2978 3767 3036 3823 id
3068 3771 3176 3837 est,
3211 3769 3531 3837 Christum,
3565 3778 3626 3828 et
3671 3773 3807 3831 licet

2143 3856 2239 3912 hic
2262 3857 2529 3928 quaedam
2552 3855 2744 3910 tristia
2775 3860 3398 3928 proponantur,tamen
3421 3859 3555 3932 ipsa
3573 3860 3710 3918 lazta
3725 3879 3807 3918 re-

2142 3949 2428 4019 putantur
2449 3961 2550 4016 spe
2573 3945 2709 4000 finis
2726 3944 3149 4004 illius.Titu1us
3171 3947 3256 4003 sic
3277 3949 3589 4020 exponitur
3613 3967 3626 4006 :
3662 3952 3804 4007 Can-

2141 4036 2325 4091 ticum
2354 4033 2514 4090 istud
2537 4034 2804 4089 convenit
2820 4034 2998 4090 David
3022 4035 3316 4108 prophetae
3336 4037 3698 4096 transilienti
3715 4040 3800 4097 vel

2141 4124 2353 4196 cuique
2382 4122 2737 4179 transillenti
2768 4123 3036 4178 habitum
3059 4141 3162 4196 pro
3197 4124 3475 4196 Idithum,
3500 4128 3559 4184 id
3593 4134 3704 4200 est,
3729 4131 3800 4187 ad

2139 4213 2422 4269 honorem
2468 4211 2747 4282 Idithum,
2784 4211 2842 4267 id
2875 4217 2982 4282 est,
3018 4213 3421 4272 transilientis.
3459 4217 3607 4272 Cum
3639 4219 3798 4275 enim

2138 4301 2396 4358 ostendit
2427 4300 2603 4357 talem
2637 4317 2763 4358 esse
2793 4301 3242 4373 transilientem,
3267 4308 3350 4374 ut,
3375 4303 3596 4362 relictis
3617 4317 3800 4364 mun-

2138 4391 2326 4460 danis,
2361 4392 2432 4446 ad
2465 4391 2721 4448 cmlestia
2751 4389 2942 4460 saliat,
2978 4409 3261 4465 magnum
3309 4394 3592 4452 honorem
3633 4397 3794 4453 exhi-

2137 4479 2270 4548 bet;
2307 4478 2598 4534 canticum
2651 4480 2801 4549 dico,
2851 4481 3108 4553 dirigens
3157 4481 3218 4538 in
3263 4484 3462 4557 ﬁnem,
3495 4485 3554 4541 id
3585 4492 3697 4555 cst,
3731 4487 3790 4542 in

2055 4567 2457 4653 DChristum.
2489 4568 2732 4624 Materia
2758 4574 2848 4625 est
2877 4571 3237 4639 transiliens,
3265 4572 3323 4628 id
3354 4578 3463 4643 est,
3494 4575 3790 4646 perfectus

2132 4655 2249 4726 ille,
2283 4656 2383 4728 qui
2417 4656 2575 4712 omni
2609 4659 3043 4719 mundanorum
3091 4661 3388 4734 voluptate
3437 4665 3786 4736 postposita,

2133 4745 2274 4801 solis
2314 4744 2648 4804 cmlestibus
2697 4749 2906 4819 inhiat,
2950 4756 3007 4808 et
3054 4752 3230 4809 etiam
3278 4752 3436 4824 talis,
3490 4753 3591 4826 qui
3645 4756 3788 4811 adeo

2129 4837 2423 4907 perfectus
2455 4842 2562 4905 est,
2597 4841 2661 4894 ut
2689 4838 2866 4894 etiam
2923 4841 3191 4913 linguam
3251 4860 3422 4898 suam
3471 4860 3505 4898 a
3549 4849 3785 4915 peccato

2130 4926 2368 4980 omnino
2416 4925 2701 4994 cohibeat,
2735 4927 2887 4984 hanc
2936 4947 3039 5001 per
3069 4937 3264 5002 partes
3295 4931 3377 4986 ita
3407 4932 3690 5004 disponit.
3723 4933 3784 4989 In

2127 5014 2318 5085 prima
2349 5015 2607 5068 ostendit
2639 5015 2733 5070 ille
2764 5018 3103 5075 transiliens
3135 5037 3195 5076 sc
3223 5025 3413 5077 tacere
3443 5023 3693 5090 mundo,
3727 5023 3781 5078 id

2126 5107 2234 5168 est,
2259 5102 2618 5172 hominibus,
2645 5109 2701 5160 et
2720 5106 2880 5179 loqui
2903 5109 3038 5164 Deo.
3067 5111 3127 5164 In
3151 5112 3411 5166 secunda
3431 5116 3598 5183 parte
3629 5128 3784 5167 com-

2122 5195 2290 5264 parat
2318 5191 2439 5248 hwc
2471 5195 2772 5251 mundana
2801 5214 2934 5252 cum
2959 5197 3640 5268 coelestibus,ostendens
3659 5199 3779 5257 haec

2122 5298 2248 5337 esse
2305 5299 2474 5354 vana,
2508 5282 2609 5339 illa
2667 5289 3010 5357 appetenda.
3048 5289 3108 5345 In
3163 5289 3338 5346 tertia
3392 5295 3558 5362 parte
3613 5292 3780 5364 ponit

2122 5373 2463 5441 orationem,
2499 5377 2562 5429 ut
2594 5392 2626 5429 a
2658 5375 2828 5432 malis
2866 5377 3166 5448 liberetur,
3201 5384 3260 5436 et
3289 5380 3548 5437 coelestia
3590 5381 3778 5438 valeat

2121 5461 2400 5517 obtinere.
2419 5463 2665 5520 Intentio
2683 5469 2771 5521 est
2774 5466 2971 5537 justos
2985 5469 3317 5542 admonere,
3334 5471 3774 5528 utamundanis

2119 5550 2482 5624 postpositis,
2516 5553 2588 5608 ad
2621 5553 2880 5611 coelestia
2908 5560 3233 5616 transeant.

2188 5638 2468 5713 Vosjusti
2485 5641 2668 5701 nolite
2697 5644 2819 5703 haec
2851 5649 3153 5707 mundana
3181 5653 3473 5726 appetere,
3495 5635 3602 5711 sed
3633 5651 3781 5710 con?
