4048 6180
163 396 175 402 -
228 348 345 409 329

1413 348 1912 435 ΕΧΡΕΑΝᾼΤΙΟ
1956 352 2035 414 ΙΝ
2078 356 2221 417 PSA
2234 358 2463 420 LMOS.

3527 352 3647 429 830

223 479 480 571 sidente
526 482 776 571 m'egqui
807 505 835 534 α
858 478 1081 571 dixi,»
1115 480 1172 539 id
1220 488 1330 556 est,
1364 484 1673 541 deliberavi
1727 483 1881 557 apud
1913 482 1968 553 Α
1998 478 2166 557 desit,
2192 514 2218 538 ‹‹
2245 492 2490 562 posuisti
2514 492 2639 549 dies
2662 508 2822 551 meos
2848 495 3274 554 mensurabiles
3299 519 3325 546 ››
3349 497 3408 553 in
3431 497 3647 571 quibus

224 584 319 625 me
339 569 567 642 ipsum,
580 593 608 620 ‹‹
629 569 969 627 Custodiam
991 570 1114 628 vias
1137 588 1299 628 meas
1325 595 1351 621 η
1375 573 1591 644 quibus
1614 574 1792 629 debeo
1814 574 1882 628 ad

221 655 409 715 Deum
443 659 739 727 accedere,
776 676 892 716 non
934 661 1060 732 jam
1093 660 1222 717 dico
1273 662 1618 718 abstinendo
1647 680 1682 718 a
1710 663 1881 731 furto,

221 744 307 802 vel
337 762 374 802 a
400 744 650 817 talibus,
675 763 803 821 quas
833 748 1031 805 omnia
1055 750 1181 821 jam
1211 750 1430 807 removi
1462 768 1497 807 a
1527 764 1640 818 me,
1667 752 1767 807 sed
1799 752 1884 807 sic

222 834 557 893 custodiam
581 858 611 888 ‹‹
633 840 700 892 ut
738 858 766 887 ι)
784 836 913 909 jam
944 837 1221 911 deinceps
1242 860 1269 888 ‹‹
1303 855 1420 895 non
1452 838 1791 912 delinquam
1823 837 1882 896 in

220 923 429 998 lingua
452 940 609 983 mea.
632 947 661 976 ››
1578 940 1583 945 κ

289 1013 363 1069 Et
392 1016 462 1069 ut
490 1030 609 1070 non
632 1013 975 1087 delinquam
995 1038 1024 1065 ‹‹
1049 1016 1216 1088 posui
1240 1016 1325 1073 ori
1358 1033 1488 1074 meo
1510 1018 1836 1074 custodiam
1853 1040 1880 1067 »

220 1102 363 1158 tunc
393 1123 425 1153 cr
457 1118 598 1158 cum
627 1103 977 1159 consisteret
1006 1107 1278 1177 peccator
1308 1106 1616 1162 adversum
1649 1122 1800 1175 me,»
1823 1106 1880 1161 id

221 1190 447 1265 est,qui
467 1190 702 1249 volebat
730 1192 803 1249 ad
838 1192 1151 1250 maledicta
1180 1211 1510 1267 provocem,
1544 1200 1602 1252 et
1632 1195 1714 1251 sic
1746 1211 1880 1252 cum

219 1280 576 1338 consisteret
624 1286 895 1355 peccator
923 1283 1235 1340 adversum
1268 1301 1381 1353 me,
1414 1284 1583 1357 posui
1620 1285 1705 1341 ori
1751 1300 1880 1342 meo

217 1369 585 1438 custodiam;
619 1371 724 1427 sed
757 1368 898 1443 quia
934 1372 1129 1429 omnis
1159 1373 1333 1440 actio,
1366 1390 1494 1446 qua:
1532 1373 1600 1430 tit
1639 1389 1708 1430 ex
1736 1374 1880 1431 deli-

218 1458 545 1529 heratione,
579 1458 648 1515 ﬁt
694 1459 925 1529 certior,
966 1460 1291 1534 praemittit,
1340 1462 1456 1519 dixi
1492 1479 1505 1519 :
1541 1463 1880 1520 Custodiam

216 1549 379 1605 enim
434 1549 512 1605 ab
571 1548 732 1605 omni
802 1548 980 1606 malo.
1041 1550 1310 1607 Custodit
1374 1552 1691 1624 rationem,
1752 1568 1880 1625 qum

217 1637 412 1694 bonus
432 1636 664 1709 janitor
699 1636 917 1695 emittit
944 1637 1289 1710 emittenda,
1322 1639 1536 1697 retinet
1564 1658 1679 1697 non
1708 1641 1878 1698 emit-

216 1726 419 1783 tende.

286 1838 318 1867 «ς
339 1814 517 1873 Poeni
533 1815 923 1885 custodiam,»
938 1815 1162 1875 scilicet
1174 1841 1200 1869 ‹‹
1221 1819 1489 1875 obmutui
1511 1842 1539 1870 ››
1550 1825 1610 1876 et
1629 1819 1738 1877 hoc
1761 1836 1876 1877 non
1907 1848 1935 1885 .-

214 1920 285 1963 αι
304 1903 415 1973 ira,
437 1904 543 1961 sed
576 1920 645 1961 ex
674 1904 1029 1978 humilitate,
1053 1911 1112 1963 et
1140 1906 1249 1964 hoc
1271 1912 1361 1964 est
1384 1932 1410 1959 (ι
1440 1914 1499 1965 et
1528 1908 1875 1965 humiliatus

215 2009 357 2069 sum
387 2016 421 2045 η
447 1994 647 2051 mente
674 1993 918 2055 scilicet.
950 1993 1021 2051 Et
1050 2012 1166 2052 non
1197 2000 1427 2053 tantum
1457 1998 1725 2054 obmutui
1756 2014 1874 2055 non

213 2082 471 2140 dicendo
510 2080 687 2151 mala,
719 2083 822 2139 sed
870 2083 1047 2139 etiam
1095 2086 1253 2141 tacui
1302 2087 1476 2155 bona,
1506 2091 1564 2144 et
1608 2087 1717 2143 hoc
1764 2090 1873 2159 est,

212 2195 247 2225 «ι
268 2176 332 2229 et
359 2171 502 2229 situi
525 2188 562 2228 a
579 2171 809 2228 bonis.»
830 2172 998 2229 Juste
1025 2177 1181 2230 tacet
1208 2174 1319 2232 iste
1343 2176 1533 2232 bonus
1553 2175 1670 2232 illis
1701 2175 1879 2233 obsti-

210 2260 394 2333 natis,
416 2277 569 2333 quos
588 2261 751 2318 videt
775 2265 1011 2335 paratos
1041 2263 1115 2319 ad
1142 2262 1607 2321 conculcaudum
1632 2266 1874 2321 verbum

212 2351 341 2410 Dei.
378 2348 670 2407 Dominus
729 2351 888 2407 enim
938 2351 1079 2408 dicit
1135 2352 1197 2408 in
1247 2353 1558 2427 Evangelio
1589 2370 1656 2409 :«
1688 2353 1877 2410 Nolite

214 2442 509 2498 unctum
531 2439 669 2496 dare
699 2439 965 2509 canibus,
990 2456 1179 2514 neque
1210 2442 1558 2516 margaritas
1585 2447 1722 2499 ante
1750 2460 1875 2515 por.
1900 2460 1923 2477 κ

210 2544 316 2587 cos
353 2544 636 2602 spargere
656 2527 859 2597 (fault.
881 2528 1002 2603 vn).
1020 2548 1049 2581 κ
1072 2529 1242 2601 Silui,
1265 2530 1414 2601 dico,
1439 2548 1474 2589 a
1497 2532 1686 2601 bonis,
1706 2556 1733 2584 (ι
1758 2537 1816 2589 et
1848 2554 1877 2582 κ

216 2633 288 2675 cx
317 2618 435 2675 hoc
466 2640 497 2668 «ι
523 2624 834 2675 renovatus
881 2623 971 2676 est
1018 2619 1183 2679 dolor
1228 2636 1417 2677 meus.
1445 2644 1472 2670 ››
1493 2621 1690 2678 Doluit
1718 2622 1876 2677 enim

215 2707 327 2766 istc
368 2708 579 2780 justus
625 2708 804 2780 super
832 2712 1214 2782 peccatorem,
1246 2726 1381 2765 cum
1428 2726 1563 2766 eum
1611 2715 1880 2783 peccator

218 2800 572 2871 provocaret
598 2796 674 2852 ad
694 2796 867 2853 iram.
889 2796 1056 2853 Nunc
1073 2812 1206 2854 vero
1229 2803 1538 2857 renovatur
1558 2799 1724 2856 dolor
1743 2798 1876 2869 iste,

216 2902 357 2943 cum
389 2901 498 2943 eos
535 2884 624 2942 ita
652 2885 977 2943 obstinatos
1007 2892 1339 2959 cognoscat,
1364 2892 1430 2944 ut
1457 2889 1541 2945 eis
1569 2889 1744 2945 etiam
1776 2889 1878 2945 bo-

224 2991 372 3033 num
401 2991 528 3032 non
558 2975 770 3031 audeat
798 2975 1133 3047 praedicare.
1277 2976 1283 2983 ”

293 3064 624 3137 Postquam
656 3064 914 3120 ostendit
941 3080 1004 3120 se
1040 3069 1231 3121 tacere
1262 3068 1502 3138 mundo,
1531 3067 1789 3123 ostendit
1818 3082 1880 3123 se

1993 577 2212 643 vivo,id
2240 584 2347 650 est,
2371 597 2485 636 non
2517 585 2782 652 aeternos,
2808 582 2909 638 sed
2941 583 3274 639 defectivos.
3293 584 3457 642 Alius
3489 586 3645 643 enim

1990 668 2111 722 tros
2141 667 2265 723 dies
2295 669 2383 724 vel
2427 686 2632 738 annos,
2668 670 2818 727 alius
2850 675 3111 741 centum,
3141 672 3293 728 alius
3345 674 3648 748 sexaginta

1990 748 2186 823 habet,
2201 760 2259 812 et
2279 758 2529 831 quisque
2553 775 2688 815 cum
2706 764 2862 817 certa
2884 776 3179 832 mensura,
3191 784 3218 812 ‹‹
3241 756 3299 817 et
3314 762 3647 820 substantia

1991 859 2140 913 mea,
2168 866 2195 895 ι)
2225 845 2464 914 scilicet,
2491 864 2607 903 non
2652 849 2945 905 renovatio
2978 865 3155 921 quam
3186 848 3322 905 fecit
3352 848 3640 920 Christus,

1991 933 2093 988 sed
2122 938 2289 990 vetus
2320 934 2575 992 essentia
2605 937 3023 1009 corruptibilis,
3048 954 3224 1010 quam
3253 937 3542 995 traximus
3571 938 3643 996 ab

1987 1021 2195 1091 Adam,
2219 1027 2307 1079 est
2330 1045 2358 1075 ‹‹
2387 1027 2669 1098 tanquam
2695 1025 2945 1081 nihilum
2970 1031 3103 1083 ante
3121 1031 3196 1095 te,
3227 1048 3247 1076 ιι
3274 1043 3391 1084 non
3421 1027 3550 1085 dico
3580 1028 3642 1084 in

1989 1114 2307 1183 conspectu
2332 1111 2666 1181 hominum,
2698 1114 2799 1186 qui
2831 1113 3213 1187 magniﬁcant
3238 1114 3537 1172 hominem
3569 1116 3643 1172 ad

1989 1199 2487 1272 comparationem
2535 1200 2882 1269 bestiarum,
2917 1203 3018 1258 sed
3055 1223 3083 1252 «
3117 1207 3250 1259 ante
3278 1206 3355 1272 te,
3379 1224 3408 1255 ι»
3443 1203 3500 1259 id
3531 1208 3640 1274 est,

1986 1287 2048 1343 in
2082 1288 2393 1359 praesentia
2423 1293 2543 1346 tua.
2568 1290 2703 1347 Dies
2738 1290 2895 1346 enim
2927 1290 3009 1348 ita
3049 1295 3188 1349 sunt
3215 1290 3469 1365 fragiles,
3502 1293 3641 1349 sub-

1988 1376 2208 1432 stantia
2236 1377 2320 1433 sic
2351 1377 2613 1451 indigna.

2061 1466 2172 1521 Sed
2204 1469 2401 1522 tamen
2431 1467 2699 1539 quamvis
2726 1466 2835 1525 hoc
2878 1485 2995 1524 non
3036 1469 3361 1525 attenderet
3393 1491 3422 1520 «
3450 1469 3643 1529 omnis

1984 1554 2220 1622 homo,»
2247 1560 2797 1630 quantumcumque
2827 1554 2905 1613 sit
2927 1559 3189 1630 justus,«
3209 1558 3466 1628 vivens,»
3491 1558 3644 1616 futu-

1984 1660 2118 1699 rum
2143 1648 2233 1700 est
2254 1644 2410 1701 enim
2435 1644 2770 1718 aliquando,
2796 1647 3031 1719 quando
3061 1646 3336 1704 subditus
3360 1663 3475 1704 non
3508 1645 3640 1717 erit;

1985 1737 2076 1789 est
2096 1756 2124 1784 ‹‹
2145 1733 2418 1789 universa
2438 1734 2722 1806 vanitas,»
2746 1734 2805 1790 id
2829 1740 2937 1804 cst,
2953 1736 3226 1792 subditus
3249 1738 3337 1793 est
3354 1733 3639 1793 universis

1984 1822 2248 1890 vanitati,
2283 1822 2524 1892 scilicet,
2561 1821 2653 1879 his
2685 1824 3025 1880 mundanis.
3052 1823 3210 1880 Licet
3240 1823 3396 1880 enim
3436 1824 3639 1896 justus

1984 1910 2369 1984 spiritualitcr
2401 1927 2514 1967 non
2538 1911 2815 1984 subjiciat
2844 1928 2905 1969 se
2937 1912 3028 1969 his
3059 1912 3396 1983 mundanis,
3429 1912 3637 1970 secun-

1986 2000 2127 2055 dum
2142 2016 2353 2073 corpus
2371 2004 2567 2056 tamen
2588 2000 2914 2057 necessario
2935 2001 3065 2073 subj
3076 2000 3463 2076 acct.0portet
3477 1992 3636 2059 enim

1985 2089 2240 2162 cogitare
2261 2089 2332 2145 de
2352 2089 2508 2145 victu
2536 2093 2593 2145 et
2619 2089 2854 2145 vestitu.
2872 2089 3038 2146 Unde
3067 2088 3284 2147 Paulus
3309 2105 3362 2146 τα
3380 2088 3638 2146 Vanitati

1986 2181 2254 2234 creatura
2285 2178 2552 2251 subjecta
2593 2181 2683 2234 est
2731 2194 2848 2234 non
2895 2177 3095 2235 volens
3116 2178 3290 2252 (Rom.
3311 2175 3456 2252 vm).
3481 2200 3510 2229 »
3532 2177 3639 2236 Hic

1985 2264 2193 2337 incipit
2218 2266 2476 2321 secunda
2505 2282 2661 2338 pars.
2683 2264 3053 2322 Continuatio
3076 2280 3090 2321 ε
3117 2264 3321 2323 Omnis
3350 2264 3527 2323 homo
3548 2268 3640 2324 est

1985 2353 2261 2416 subditus
2284 2353 2544 2423 vanitati,
2568 2358 2806 2427 propter
2832 2353 2942 2411 hoc
2974 2355 3182 2411 debere
3210 2354 3440 2411 cesSare
3459 2371 3494 2410 a
3512 2364 3640 2429 pec-

1985 2446 2134 2500 cato.
2159 2441 2516 2515 Diapsalma.
2543 2442 3006 2498 «Verumtamen
3046 2441 3367 2515 pertransit
3396 2440 3573 2498 homo
3604 2464 3636 2493 η

1987 2533 2059 2589 de
2080 2536 2315 2605 peccato
2335 2530 2394 2586 in
2416 2536 2743 2604 peccatum,
2764 2530 2847 2587 ita
2870 2535 2933 2587 ut
2954 2547 3069 2587 non
3089 2533 3319 2587 tantum
3341 2529 3421 2587 sit
3441 2530 3638 2587 subdi-

1985 2626 2085 2677 tus
2100 2620 2364 2689 vanitati,
2388 2620 2489 2677 sed
2520 2620 2698 2676 etiam
2722 2620 2793 2675 de
2814 2624 3052 2692 peccato
3081 2618 3141 2675 in
3173 2622 3475 2692 peccatum
3505 2634 3637 2691 per—

1986 2714 2267 2778 transeat,
2291 2725 2629 2781 quanquam
2669 2708 2879 2765 existat
2911 2704 2938 2759 ί(
2968 2708 3027 2763 in
3073 2708 3329 2781 imagine
3358 2729 3387 2759 »
3421 2707 3542 2778 Dei,
3576 2707 3635 2764 id

1986 2803 2098 2868 est,
2133 2800 2211 2855 sit
2260 2797 2473 2855 similis
2501 2796 2552 2853 ei
2591 2815 2695 2870 per
2740 2796 3046 2853 rationem.
3079 2796 3241 2853 Hanc
3285 2795 3638 2852 sententiam

1987 2886 2330 2960 comprobat
2360 2885 2475 2943 alia
2510 2885 2839 2955 translatio,
2872 2902 2999 2959 qua:
3038 2884 3216 2941 habet
3246 2900 3261 2939 :
3295 2900 3636 2957 quanquam

1988 2978 2048 3033 in
2071 2975 2327 3049 imagine
2348 2974 2450 3030 Dei
2470 2972 2731 3030 ambulet
2749 2973 2945 3043 homo,
2958 2976 3155 3029 tamen
3171 2982 3316 3029 vane
3333 2972 3642 3029 conturba-

1988 3069 2107 3122 tur.
2130 3063 2268 3120 Dico
2289 3062 2607 3136 pertransit
2625 3062 2821 3131 homo,
2836 3066 2893 3118 et
2914 3078 3029 3118 non
3043 3065 3273 3118 tantum
3297 3059 3633 3135 pertransit,

220 3152 383 3227 loqui
406 3152 1119 3211 Deo.Continuatio:Istis
1140 3156 1481 3225 tacui,sed«
1505 3173 1604 3212 cor
1623 3166 1878 3224 meum,»
1922 3222 1933 3227 ι
1990 3153 2093 3211 sed
2121 3152 2297 3209 etiam
2331 3174 2358 3202 ‹‹
2390 3152 2776 3208 conturbatur
2806 3172 2833 3200 »
2865 3149 3067 3206 multis
3106 3150 3489 3227 passionibus
3511 3148 3637 3205 ani-

220 3241 276 3298 id
293 3222 425 3309 est,
448 3242 680 3299 atl'ectio
710 3259 841 3298 mea
873 3265 902 3294 «
939 3243 1232 3300 concaluit
1261 3222 1416 3300 intra
1446 3260 1539 3301 me
1564 3268 1592 3295 ››
1624 3244 1757 3318 igne
1787 3244 1881 3301 di—
1912 3222 1955 3295 C
1993 3242 2094 3312 mi,
2118 3241 2362 3310 scilicet,
2378 3240 2976 3313 gaudio,dolore,spe,
2993 3240 3295 3310 timore,et
3318 3238 3635 3309 similibus,

219 3330 519 3399 lectionis,
542 3335 601 3387 et
628 3349 745 3388 non
777 3335 1009 3389 tantum
1038 3332 1350 3402 concaluit,
1376 3335 1477 3390 sed
1509 3333 1685 3390 etiam
1716 3335 1882 3392 ardet

220 3420 320 3491 ibi,
354 3425 416 3477 et
447 3420 562 3476 hoc
593 3424 684 3477 est
717 3438 730 3477 :
756 3444 784 3471 ‹‹
816 3423 874 3476 et
898 3420 962 3476 in
992 3422 1372 3478 meditatione
1401 3439 1531 3479 mea
1562 3424 1883 3481 exardescit

218 3509 395 3583 ignis,
421 3532 454 3561 »
474 3509 535 3565 id
569 3514 679 3581 est,
703 3510 955 3566 meditor
992 3511 1287 3567 exardenti
1330 3512 1658 3569 dilectione.
1684 3514 1743 3569 Si
1776 3512 1878 3569 ba-

217 3599 414 3670 betur,
436 3599 798 3668 exardescct,
822 3615 925 3671 per
953 3598 1097 3656 illud
1130 3601 1392 3657 futurum
1416 3587 1714 3658 notabitur
1744 3620 1877 3675 pcr-

217 3689 577 3747 severantia.

289 3777 459 3852 Ignis
500 3777 826 3834 exardescit
874 3777 934 3834 in
984 3794 1114 3835 mea
1158 3778 1554 3848 meditatione,
1589 3786 1646 3837 et
1677 3781 1749 3836 ab
1780 3779 1881 3836 illa

217 3889 247 3918 «ι
278 3866 524 3924 locutus
554 3884 689 3924 sum
720 3865 781 3922 in
812 3866 1014 3941 lingua
1047 3884 1196 3937 mea,
1225 3891 1253 3918 ››
1282 3867 1341 3924 id
1375 3873 1484 3937 est,
1519 3871 1879 3927 annuntians

219 3972 289 4012 ea
303 3960 439 4030 qua:
456 3957 671 4013 ardens
688 3956 992 4013 meditatio
1010 3956 1390 4023 ministrabit,
1404 3956 1547 4013 illud
1567 3958 1790 4014 scilicet
1804 3958 1883 4015 lo-

218 4050 400 4102 cutus
421 4062 615 4114 sum,«
634 4045 899 4114 Domine,
920 4050 1121 4102 notum
1145 4046 1234 4101 fac
1256 4046 1400 4102 mihi
1423 4049 1598 4102 finem
1623 4064 1879 4116 meum,»

218 4133 278 4191 id
329 4140 448 4204 est,
481 4135 558 4191 da
602 4134 750 4191 mihi
798 4152 996 4191 veram
1041 4135 1432 4209 cognitionem
1466 4136 1537 4193 de
1590 4136 1732 4193 Filio
1781 4141 1881 4194 tuo

216 4221 482 4294 Christo,
506 4226 573 4280 ut
601 4222 930 4298 intelligam
956 4240 1092 4280 eum
1117 4229 1651 4282 consummatorem
1682 4242 1879 4283 meum

213 4311 318 4385 qui
348 4327 454 4369 me
482 4310 758 4381 redimat,
790 4316 848 4369 et
876 4312 1378 4370 immortalitatem
1410 4313 1556 4369 mihi
1589 4314 1878 4371 restituat.

284 4402 361 4459 Et
393 4424 423 4453 «
456 4405 668 4459 notum
698 4402 790 4459 fac
819 4401 966 4458 mihi
1006 4418 1319 4460 numerum
1350 4404 1577 4460 dierum
1605 4427 1632 4453 ››
1664 4404 1880 4477 quibus

209 4489 342 4549 viro
367 4514 401 4542 α
426 4490 566 4565 quis
595 4495 742 4561 est,»
764 4490 825 4547 id
857 4496 966 4564 est,
990 4490 1183 4565 qualis
1213 4497 1324 4561 est,
1347 4491 1587 4554 scilicet.
1614 4498 1679 4549 ut
1712 4493 1881 4550 intel-

1989 3336 2046 3388 et
2074 3331 2187 3387 hoc
2217 3353 2245 3382 ‹‹
2273 3331 2557 3399 frustra,»
2585 3327 2725 3402 quia
2767 3346 2971 3386 omnes
3008 3328 3130 3386 ista:
3169 3327 3639 3403 perturbationes

1989 3420 2229 3477 inutiles
2262 3424 2421 3476 sunt.

2060 3511 2163 3567 Hic
2193 3509 2358 3583 eligit
2388 3509 2685 3582 quoddam
2706 3526 2893 3584 genus
2921 3510 3217 3579 vitiorum,
3240 3510 3298 3566 in
3331 3526 3443 3582 quo
3477 3511 3640 3565 estet

1988 3600 2475 3674 pertransitus,et
2498 3600 2884 3669 conturbatio,
2911 3600 3154 3669 scilicet,
3169 3600 3493 3656 avaritiam.
3518 3599 3625 3654 Per

1988 3689 2199 3747 transit
2228 3690 2383 3745 enim
2415 3689 2590 3745 homo
2612 3694 2669 3743 et
2700 3690 3102 3757 conturbatur,
3124 3689 3262 3760 quia
3284 3712 3311 3737 «
3345 3688 3637 3743 thesauri-

1989 3785 2082 3836 zat
2107 3804 2132 3829 n
2155 3780 2211 3834 in
2236 3797 2349 3852 quo
2373 3794 2623 3850 magnus
2648 3777 2934 3834 transitus
2959 3796 2971 3833 :
2999 3777 3137 3849 quia
3157 3775 3410 3831 declinat
3437 3776 3496 3829 in
3528 3775 3639 3831 hoc

1990 3869 2164 3925 homo
2198 3868 2269 3924 ad
2303 3866 2626 3935 avaritiam,
2660 3870 2717 3922 et
2746 3866 2804 3922 in
2850 3883 2915 3923 eo
2963 3866 3118 3937 quod
3167 3864 3542 3937 perturbatur
3571 3863 3639 3918 εἰς

1990 3974 2150 4013 more
2182 3973 2253 4012 ne
2284 3956 2489 4030 perdat
2515 3954 2605 4011 vel
2633 3955 2934 4011 minuatur
2967 3971 2980 4010 :
3017 3953 3373 4011 thesaurizat
3401 3957 3458 4010 et
3482 3950 3636 4008 stul-

1988 4052 2086 4103 tus
2107 4051 2195 4102 est
2219 4063 2230 4102 :
2260 4045 2399 4119 quia
2416 4068 2443 4094 ‹‹
2469 4046 2698 4118 ignorat
2718 4042 2809 4099 cui
2832 4043 3209 4117 congregabit
3227 4059 3296 4099 ea
3314 4062 3341 4093 »
3359 4059 3486 4115 qua:
3509 4057 3640 4097 con-

1990 4134 2267 4210 gregavit.
2300 4135 2462 4207 Saepe
2500 4136 2658 4190 entm
2708 4131 2969 4205 possidet
3014 4132 3310 4200 inimicus,
3337 4147 3465 4204 quae
3496 4146 3636 4188 con-

1990 4224 2250 4298 gregavit
2276 4240 2504 4280 avarus.
3477 4288 3486 4297 υ

2061 4312 2310 4370 Ostensa
2326 4309 2604 4385 qualitate
2620 4311 3083 4385 prmsentisvitaa,
3102 4309 3637 4384 ponitoppositum,

1991 4402 2232 4472 scilicet,
2249 4401 2389 4475 quid
2414 4400 2491 4457 sit
2510 4401 2784 4458 omnibus
2806 4397 3598 4475 appetendum.Continuatio
3620 4412 3647 4453 τ’

1991 4494 2087 4552 Sic
2107 4493 2493 4550 conturbatur
2511 4492 2743 4561 homo,«
2767 4496 2824 4548 et
2854 4506 3065 4560 nunc,»
3090 4489 3148 4544 id
3179 4492 3290 4557 est,
3312 4482 3421 4543 hoc
3442 4484 3640 4542 consi-

210 4577 400 4652 ﬁgam
431 4583 754 4654 praesentes
778 4580 905 4637 dies
926 4580 1239 4637 defectivos
1269 4598 1419 4650 esse,
1444 4585 1501 4638 et
1522 4582 1607 4638 sic
1637 4586 1882 4640 aeternos
1911 4599 1959 4667 D
1992 4585 2191 4641 derato
2217 4605 2243 4634 «
2268 4600 2394 4656 quae
2423 4586 2512 4638 est
2542 4580 2893 4654 exspectatio
2925 4578 3134 4635 mea?»
3160 4569 3505 4667 idest,qu
3534 4574 3641 4667 de:

210 4667 544 4740 inquiram.
568 4667 673 4726 Vel
706 4669 790 4726 ita
818 4685 834 4725 :
861 4692 890 4721 α
914 4670 1132 4726 Notum
1164 4670 1254 4726 fac
1284 4687 1659 4740 numerum,»
1680 4671 1739 4728 id
1770 4677 1877 4744 est,

208 4755 600 4826 inﬁnitatem,
622 4758 684 4814 id
705 4758 1217 4829 est,a’3ternitatem
1246 4784 1272 4809 ‹‹
1304 4760 1531 4815 dierum
1554 4777 1881 4830 meorum,»

210 4845 467 4919 scilicet,
481 4846 702 4920 quibus
725 4847 917 4903 vivam
938 4847 997 4902 in
1034 4847 1151 4904 alia
1169 4848 1306 4914 vita,
1330 4847 1390 4903 id
1422 4852 1529 4917 est,
1557 4849 1645 4905 fac
1667 4866 1760 4905 me
1793 4850 1881 4904 in-

207 4934 500 5008 telligere,
536 4935 782 5005 scilicet,
814 4936 970 5009 quod
1009 4935 1160 5009 justi
1193 4935 1253 4992 in
1301 4936 1416 4993 alia
1462 4939 1580 5001 vita
1628 4938 1883 4995 habeant

209 5025 634 5081 aeternitatem;
661 5025 801 5081 Dico
822 5029 1028 5081 notum
1055 5025 1165 5095 fac,
1190 5026 1455 5096 Domine,
1490 5027 1667 5083 ﬁnem
1693 5032 1750 5083 et
1781 5047 1884 5083 nu-

205 5128 473 5182 merum,
506 5117 592 5182 ut,
616 5113 748 5171 istis
796 5113 1070 5188 cognitis,
1096 5137 1125 5165 «
1169 5115 1352 5170 sciam
1396 5138 1425 5165 ››
1468 5121 1524 5172 et
1555 5117 1881 5191 intelligam

205 5201 356 5275 quid
384 5201 542 5259 desit
572 5203 780 5273 mihi,»
802 5204 861 5260 id
884 5207 992 5272 est,
1012 5203 1708 5279 Christum.Cognoscens
1730 5206 1887 5264 enim

194 5290 421 5362 justus
445 5290 747 5349 Christum
776 5308 906 5350 esse
928 5294 1106 5350 ﬁnem
1139 5293 1325 5350 nostri
1356 5293 1595 5365 laboris,
1617 5301 1675 5352 et
1695 5315 1886 5354 remu-

202 5383 553 5437 neratorem
586 5381 647 5437 in
665 5381 892 5454 judicio
926 5383 1250 5439 secundum
1273 5384 1481 5440 merita
1503 5385 1886 5459 uniuscujus-

201 5485 347 5541 que,
368 5468 490 5525 scit
508 5470 581 5526 ad
602 5487 739 5528 eum
765 5472 1192 5544 festinandum,
1208 5490 1312 5531 nec
1334 5474 1394 5529 in
1417 5474 1547 5531 istis
1567 5476 1885 5533 mundanis

196 5556 475 5616 ulterius
509 5575 639 5618 esse
668 5561 1107 5619 conﬁdendum.

272 5646 445 5710 Dico
472 5648 616 5725 quid
643 5649 821 5721 desit,
842 5651 986 5726 quia
1011 5664 1143 5711 vere
1173 5653 1355 5726 deest,
1377 5657 1436 5713 et
1467 5677 1495 5708 «
1530 5670 1662 5715 ecce
1688 5679 1717 5709 »
1740 5656 1881 5733 quid

548 5774 818 5844 ΡΑι-ιωι.
864 5777 1066 5846 GKVI.

1990 4674 2096 4730 beo
2156 4670 2525 4745 exspectare?
2572 4672 2658 4725 An
2715 4670 2836 4725 haec
2895 4665 3237 4723 mundana?
3267 4666 3355 4721 An
3413 4661 3645 4721 Deum?

1994 4779 2247 4818 «nonne
2296 4759 2628 4816 Dominus?
2670 4782 2696 4809 ››
2739 4758 2903 4814 Certe
2948 4756 3235 4813 Dominus
3284 4752 3640 4828 exspectatio

1992 4867 2208 4907 meum
2249 4854 2305 4905 et
2353 4848 2685 4905 substantia
2733 4865 2937 4916 mea,»
2966 4846 3023 4902 id
3073 4850 3181 4914 est,
3226 4844 3452 4919 puritas
3497 4858 3641 4898 mea;

1992 4938 2357 4996 conscientize
2388 4943 2672 4993 renovatae
2703 4954 2806 5010 per
2835 4937 3133 4993 Christum
3159 4956 3187 4985 ‹‹
3219 4938 3308 4990 est
3338 4933 3493 5005 apud
3521 4936 3643 5000 te,»

1990 5029 2048 5084 id
2081 5032 2191 5094 est,
2215 5027 2393 5100 digna
2416 5029 2479 5082 ut
2500 5044 2628 5082 eam
2661 5027 2969 5100 approbas.
2991 5024 3158 5080 Nulla
3192 5024 3347 5079 enim
3371 5021 3641 5076 substan-

1991 5119 2093 5187 tia,
2118 5115 2229 5173 nisi
2253 5134 2379 5189 quae
2403 5115 2475 5171 sit
2498 5119 2771 5171 renovata
2794 5132 2895 5188 per
2914 5113 3233 5183 Christum,
3259 5110 3438 5182 digna
3457 5112 3547 5164 est
3576 5107 3639 5166 in

1997 5212 2100 5263 tua
2131 5206 2464 5280 praesentari
2496 5204 2822 5277 praisentia.

2069 5294 2552 5367 Quandoquidem
2575 5310 2705 5349 mea
2739 5289 3067 5348 substantia
3088 5287 3241 5361 apud
3263 5290 3319 5343 te
3349 5290 3458 5357 est,
3484 5302 3641 5360 ergo,

1997 5385 2259 5452 Domine,
2277 5407 2304 5433 «
2328 5400 2464 5439 erue
2488 5400 2579 5438 me
2604 5383 2673 5436 ab
2698 5380 2971 5436 omnibus
2992 5376 3405 5450 iniquitatibus
3427 5375 3645 5447 meis,»

1996 5492 2067 5531 ne
2096 5474 2235 5547 ipse:
2267 5472 2412 5528 mihi
2443 5471 2670 5526 valeant
2720 5466 3009 5524 dominari
3039 5484 3052 5523 :
3087 5473 3145 5525 et
3193 5466 3369 5524 debes
3420 5482 3643 5537 eruerc,

1994 5563 2134 5638 quia
2190 5568 2255 5619 tu
2281 5585 2309 5612 «
2343 5558 2554 5616 dedisti
2612 5552 2706 5614 m'e
2756 5556 3139 5630 opprobrium
3196 5555 3550 5633 insipienti»
3585 5556 3645 5613 in

1992 5668 2169 5731 quem
2200 5649 2482 5725 insipiens
2504 5647 2729 5724 jaceret
2759 5647 3093 5724 opprobria.

3247 5775 3318 5839 11
