4092 6178
399 289 507 354 331

823 285 1229 350 HAYMONIS
1263 281 1800 346 HALBERSTAT.
1836 280 2078 342 EPlSC.
2113 279 2284 342 OPP.
2319 280 2520 340 PARS
2551 278 2599 339 Ι.
2629 315 2705 322 -
2731 277 3136 340 COMMENT.
3170 277 3363 338 BlBL.

3678 276 3791 334 332

470 422 540 476 Et
569 436 674 494 ego
703 438 772 477 ea
809 420 955 475 bene
997 417 1272 486 sustinui,
1307 421 1366 473 et
1391 417 1502 472 hoc
1533 418 1656 471 est:
1683 438 1708 464 ‹‹
1739 412 2038 482 Obmutui,
2071 415 2124 482 Α
2155 413 2260 468 beo
2279 416 2495 469 certam
2514 413 2878 468 mansionem
2901 408 3078 466 ibivel
3098 410 3315 476 sedem,
3337 408 3434 464 sed
3455 407 3647 464 adhuc
3667 425 3795 464 sum

399 513 457 566 et
487 526 602 565 non
651 509 849 583 aperui
880 526 946 564 os
988 524 1184 563 meum
1219 531 1245 556 ››
1282 512 1347 562 ut
1377 507 1434 561 in
1487 505 1599 561 alio
1648 503 1894 576 psalmo,
1931 520 2046 558 non

401 599 623 672 aperui,
657 614 762 654 nec
792 597 966 652 istam
1009 596 1409 668 paenitentiam
1462 612 1528 649 ex
1575 610 1669 649 me
1715 591 1915 662 habui,
1950 591 2050 647 sed

402 687 679 758 quoniam
713 711 740 735 ι‹
775 690 836 740 tu
884 686 1071 741 fecisti
1109 708 1135 733 »
1169 686 1226 740 in
1261 701 1353 739 me
1400 684 1553 740 hanc
1601 682 1966 755 patientiam,
1998 683 2055 734 et

401 776 540 848 quia
566 774 958 850 sustinui/sic,
985 775 1114 830 ideo
1146 779 1228 843 tu,
1255 773 1518 841 Domine,
1543 788 1742 827 amove
1770 789 1803 826 a
1825 787 1916 825 me
1938 785 2053 824 non

400 868 630 920 tantum
654 863 1132 936 iniquitates,sed
1156 863 1332 919 etiam
1356 879 1558 934 pmnas
1581 860 2056 933 iniquitatum,et

401 954 511 1010 hoc
533 957 679 1023 est,«
699 970 899 1009 amove
918 970 951 1008 a
975 968 1066 1007 me
1090 951 1291 1023 plagas
1316 957 1507 1021 tuas,»
1524 953 1712 1023 potest
1727 949 1900 1004 etiam
1920 962 2054 1002 cum

402 1042 513 1098 hoc
536 1043 688 1114 quod
713 1059 892 1113 supra
922 1041 1174 1113 legimus
1199 1040 1550 1108 continuari,
1573 1039 1676 1105 sic,
1693 1038 1967 1110 quoniam
1992 1039 2054 1090 tu

404 1130 612 1200 fecisti,
627 1132 755 1203 jam
779 1146 980 1186 amove
1004 1147 1036 1184 a
1060 1145 1154 1185 me
1182 1129 1382 1202 plagas
1405 1127 1556 1196 illas,
1583 1129 1881 1199 quoniam,
1908 1131 2016 1182 etc.

476 1219 615 1275 Dico
645 1235 868 1289 amove,
901 1222 957 1274 et
1005 1235 1152 1290 opus
1201 1221 1289 1273 est
1341 1221 1405 1272 ut
1456 1233 1745 1281 amoveas,
1779 1216 2056 1288 quoniam

410 1330 437 1359 «
471 1324 575 1380 ego
608 1307 811 1375 defeci,
837 1330 863 1356 ››
890 1308 946 1361 id
979 1313 1086 1374 est,
1122 1324 1235 1362 non
1271 1306 1429 1378 potui
1463 1308 1750 1362 sustinere
1784 1329 1809 1354 α
1840 1323 1873 1359 a
1906 1305 2058 1360 forti-

405 1396 611 1452 tudine
643 1412 856 1452 manus
888 1399 1020 1464 tum,
1051 1420 1075 1444 υ
1111 1395 1166 1450 id
1209 1401 1318 1466 est,
1355 1395 1486 1450 forti
1523 1394 1777 1450 vindicta
1817 1399 1914 1450 tua
1936 1419 1961 1443 ‹‹
1997 1395 2056 1449 in

407 1484 926 1558 increpationibus,
956 1508 982 1532 ››
1018 1489 1180 1540 notat
1209 1485 1391 1540 Deum
1422 1484 1738 1538 vindictam
1771 1500 1937 1537 suam
1970 1483 2057 1538 fa-

409 1590 536 1630 cere
557 1574 628 1630 ad
660 1573 788 1638 hoc,
816 1578 879 1627 ut
910 1573 1171 1629 retrahat
1200 1573 1500 1628 hominem
1527 1591 1560 1627 a
1582 1576 1834 1643 peccato.
1862 1572 2058 1626 Conti-

410 1663 609 1720 nuatio
636 1679 647 1716 :
673 1663 832 1730 Dico,
868 1661 1069 1734 plagas
1113 1668 1246 1717 tuas
1278 1666 1334 1717 et
1365 1663 1566 1717 fortem
1602 1678 1844 1716 manum
1896 1664 2058 1715 tuam

409 1770 526 1809 non
549 1768 778 1821 accuso,
801 1752 901 1807 sed
923 1752 1203 1807 conﬁteor
1224 1769 1316 1806 me
1340 1751 1950 1822 habereiniquitatem
1972 1767 1984 1804 :
2005 1754 2060 1804 et
2088 1787 2136 1852 Β

412 1863 441 1892 ι(
466 1845 701 1914 propter
732 1839 1100 1911 iniquitatem
1125 1840 1457 1912 corripuisti
1486 1863 1510 1888 ››
1538 1857 1629 1895 me
1655 1839 2003 1894 «hominem
2030 1860 2056 1885 ››

405 1929 732 2002 disciplinis
755 1928 1013 1985 tuis.Hic
1047 1933 1282 1984 notatur
1303 1928 1619 2000 judicium,
1643 1934 1701 1984 et
1732 1927 2057 1983 misericor-

403 2018 502 2074 dia
521 2018 643 2074 Dei.
671 2019 732 2073 ln
766 2017 876 2073 hoc
901 2017 1215 2089 judicium,
1236 2020 1389 2090 quod
1422 2022 1658 2090 propter
1689 2016 2057 2088 iniquitatem

405 2105 682 2179 ﬂagellat,
705 2110 762 2162 et
805 2105 864 2160 in
919 2105 1027 2161 hoc
1076 2106 1498 2175 misericordia,
1524 2107 1676 2178 quod
1710 2105 2060 2176 corrcptorie

407 2193 576 2267 quasi
609 2197 774 2266 pater
803 2192 1077 2266 ﬂagellat,
1113 2198 1178 2250 ut
1217 2196 1288 2251 ad
1318 2194 1472 2251 viam
1505 2193 1767 2251 veritatis
1798 2194 2057 2250 reducat.

473 2281 839 2356 Corripuisti,
872 2286 930 2339 et
967 2282 1026 2338 in
1067 2287 1299 2339 tantum
1332 2283 1485 2356 quod
1511 2307 1536 2333 «
1566 2279 1769 2339 fecisti
1800 2281 2059 2338 animam

405 2370 536 2445 ejus
565 2371 864 2428 tabescere
902 2371 1057 2428 sicut
1092 2389 1388 2428 araneam.
1411 2395 1439 2421 »
1461 2372 1624 2428 Sicut
1662 2371 1818 2427 enim
1849 2387 2062 2426 aranea

408 2461 481 2519 ad
503 2459 712 2518 inutile
733 2476 883 2533 opus
906 2460 1260 2529 faciendum,
1274 2460 1550 2516 interiora
1568 2477 1675 2516 sua
1691 2459 1960 2528 extrahit,
1976 2459 2060 2515 sic

407 2553 676 2624 peccator
690 2549 899 2606 anima:
916 2566 1034 2605 sua:
1051 2549 1110 2605 in
1129 2549 1390 2622 appetitu
1410 2550 1842 2605 mundanorum
1858 2566 2060 2604 consu-

410 2639 540 2710 mit,
562 2657 689 2714 quzs
715 2639 797 2696 ita
824 2656 975 2696 vana
995 2644 1156 2711 sunt,
1181 2644 1247 2695 ut
1267 2640 1514 2696 virtutes
1535 2638 1716 2695 animi
1745 2638 1890 2695 nihil
1916 2639 1974 2694 in
1996 2655 2062 2694 eo

407 2733 740 2803 operentur.
765 2728 884 2785 Hoc
905 2728 1080 2784 etiam
1106 2728 1245 2784 facit
1274 2728 1428 2785 Deus
1460 2728 1531 2784 ad
1557 2724 1979 2796 correctiones,
2000 2730 2065 2782 ut

401 2835 536 2876 cum
571 2817 745 2874 homo
767 2833 829 2874 se
851 2817 1024 2873 vilem
1048 2817 1134 2872 sic
1158 2818 1511 2891 cognoverit,
1536 2817 1748 2873 saltem
1773 2820 2068 2874 converto.

409 2913 525 2978 tur,
552 2912 610 2965 et
629 2907 766 2964 licet
786 2907 868 2963 ita
887 2906 1121 2964 deﬁciat
1140 2907 1198 2962 in
1223 2907 1351 2963 istis
1374 2907 1709 2980 inutilibus,
1729 2931 1754 2957 «
1780 2911 2066 2964 verumta-

405 3015 542 3054 men
564 2997 759 3054 omnis
779 2995 956 3052 homo
983 3019 1010 3045 »
1035 2996 1287 3052 carnalis
1309 2996 1530 3052 scilicet
1551 3020 1578 3047 ‹‹
1604 2997 2009 3062 conturbatur,
2034 3016 2061 3044 »

404 3085 464 3141 id
496 3089 607 3153 est,
630 3083 834 3155 multis
865 3085 1241 3157 passionibus
1264 3085 1534 3141 afﬁcitur.
1561 3085 1757 3140 Potest
1782 3083 1956 3140 etiam
1982 3083 2066 3139 sic

2163 525 2190 552 «
2219 502 2628 575 peregrinus,»
2647 501 2891 557 tendens
2939 501 3009 556 ad
3058 498 3221 554 illam
3260 515 3574 570 supernam
3612 498 3803 553 civita-

2159 593 2297 660 tem,
2316 614 2341 641 ‹‹
2367 590 2521 647 sicut
2550 607 2754 646 omnes
2786 593 2979 661 patres
3009 587 3192 657 mei,»
3215 587 3457 655 scilicet,
3489 587 3802 658 Abraham,

2162 679 2342 748 Isaac,
2365 680 2566 749 Jacob,
2589 685 2647 736 et
2679 678 2776 735 alii
2798 678 2899 751 qui
2927 682 2991 733 ut
3017 693 3079 733 se
3109 676 3446 749 peregrinos
3471 675 3530 731 in
3561 675 3672 732 hac
3693 674 3809 731 vita

2163 768 2580 842 signiﬁcarent.
2614 773 2670 825 et
2701 769 2773 824 ad
2805 767 2967 822 illam
3011 765 3299 822 civitatem
3320 782 3516 821 veram
3550 766 3807 834 tendere,

2163 875 2280 913 non
2312 858 2575 915 fecerunt
2596 858 2707 914 sibi
2734 858 2792 913 in
2815 857 2923 913 hac
2943 857 3061 913 vita
3081 857 3306 924 domos,
3330 855 3431 912 sed
3464 854 3522 910 in
3546 854 3811 910 tentoriis

2164 948 2372 1003 morati
2405 953 2566 1015 sunt,
2599 952 2744 1003 teste
2772 945 3065 1018 Apostolo.

2235 1037 2306 1091 Et
2337 1037 2475 1108 quia
2503 1036 2583 1091 ita
2613 1052 2745 1092 sum
2777 1035 2932 1107 apud
2964 1039 3040 1102 te,
3070 1033 3196 1089 ideo
3225 1057 3252 1082 ε(
3288 1033 3518 1088 remitte
3547 1036 3744 1100 sestus,
3786 1056 3812 1082 η

2163 1124 2222 1180 id
2253 1130 2362 1194 est,
2393 1125 2652 1181 fomitem
2685 1124 2905 1198 peccati
2938 1148 2964 1173 ‹‹
3000 1127 3066 1179 ut
3115 1123 3421 1196 refrigerer
3465 1121 3813 1196 priusquam

2167 1215 2369 1271 abeam
2398 1238 2424 1263 ››
2447 1216 2517 1271 ab
2550 1216 2655 1271 hac
2678 1215 2816 1270 vita.
2841 1213 3067 1269 Etenim
3089 1212 3138 1268 si
3163 1211 3592 1283 irrefrigeratus
3617 1211 3816 1269 abiero

2166 1302 2306 1375 quin
2339 1305 2763 1359 mortiﬁcentur
2794 1303 2851 1359 in
2881 1320 2974 1358 me
2994 1302 3398 1374 suggestiones
3429 1301 3615 1369 malae,
3640 1324 3666 1351 ‹‹
3697 1317 3818 1358 am-

2165 1392 2320 1464 plius
2353 1411 2465 1448 non
2497 1411 2614 1461 ero,
2643 1417 2670 1441 ››
2694 1393 2751 1448 id
2783 1396 2890 1461 est,
2918 1409 3032 1448 non
3061 1391 3284 1447 habebo
3303 1407 3502 1446 verum
3537 1406 3686 1458 esse,
3712 1391 3815 1447 sed

2166 1481 2360 1553 potius
2395 1482 2699 1538 tormentis
2731 1482 2976 1552 affligar.

2616 1572 2690 1626 ΙΝ
2741 1569 3087 1627 PSALMUM
3127 1567 3361 1625 XXXIX.

2451 1659 2724 1715 Trrows.
2761 1660 2824 1715 In
2851 1661 3016 1731 ﬁnem
3057 1658 3310 1714 Psalmus
3339 1657 3530 1730 David.

2240 1771 2265 1797 ‹‹
2293 1748 2649 1820 Exspectans
2671 1748 2994 1821 exspectavi
3017 1747 3392 1803 Dominum.»
3418 1745 3688 1804 Psalmus
3714 1748 3827 1803 iste

2168 1836 2437 1892 convenit
2467 1836 2559 1908 ipe
2590 1837 2793 1905 David,
2819 1837 2875 1892 id
2927 1841 3016 1892 est
3053 1835 3305 1905 Christo,
3326 1852 3441 1890 non
3493 1839 3727 1891 tantum
3761 1836 3823 1890 in

2169 1924 2401 1997 propria
2431 1942 2698 1996 persona,
2726 1927 2825 1982 sed
2851 1926 3030 1981 etiam
3063 1925 3123 1980 in
3149 1941 3400 1996 persona
3430 1925 3694 1997 priorum
3726 1942 3827 1998 pa-

2169 2019 2346 2083 trum,
2369 2019 2426 2069 et
2457 2015 2514 2069 in
2549 2032 2798 2086 persona
2827 2014 3016 2087 ipsius
3037 2013 3272 2082 Christi,
3297 2018 3353 2070 et
3379 2013 3438 2068 in
3459 2031 3714 2086 persona
3733 2031 3830 2070 se-

2169 2103 2477 2173 quentium
2499 2103 2796 2159 Christum
2831 2120 3021 2176 usque
3051 2104 3122 2159 ad
3157 2102 3540 2158 novissimum
3560 2103 3827 2174 justum.

2171 2192 2412 2248 Materia
2432 2195 2520 2248 est
2541 2192 2834 2262 Christus,
2852 2193 3178 2249 secundum
3204 2192 3314 2248 hoc
3336 2192 3488 2265 quod
3510 2191 3636 2265 ipse
3661 2191 3836 2266 ponit

2169 2280 2446 2338 omnibus
2474 2281 2763 2354 legalibus
2793 2282 3178 2338 observantiis
3207 2282 3469 2352 modum,
3495 2285 3553 2338 et
3585 2281 3834 2339 inutiles

2170 2371 2383 2437 reddit,
2413 2375 2469 2427 et
2499 2371 2556 2426 in
2579 2389 2642 2427 se
2661 2371 2831 2428 nobis
2855 2370 3270 2444 perfectionem
3300 2371 3682 2444 proponit,de
3704 2388 3830 2443 qua

2171 2459 2254 2514 sic
2285 2461 2407 2533 agit
2440 2477 2452 2514 :
2490 2460 2553 2516 In
2585 2461 2774 2532 prima
2803 2465 2968 2534 parte
3009 2459 3175 2534 ponit
3204 2459 3609 2516 testimonium
3640 2459 3832 2532 hujus

2172 2548 2468 2616 novitatis,
2496 2549 2738 2617 scilicet,
2764 2554 2957 2623 patres
2986 2548 3209 2622 primos
3257 2549 3408 2605 hanc
3454 2554 3834 2622 exspectasse

2171 2642 2229 2694 et
2265 2638 2668 2695 annuntiasse.
2722 2640 2785 2695 In
2839 2639 3096 2696 secunda
3143 2642 3304 2711 parte
3351 2637 3576 2695 inducit
3625 2639 3834 2711 ipsum

2172 2727 2470 2783 Christum
2502 2727 2715 2800 legalia
2745 2728 3165 2797 destruentem,
3190 2731 3249 2782 et
3286 2745 3457 2784 suam
3497 2728 3834 2785 innovatio-

2174 2833 2306 2873 nem
2325 2818 2791 2872 conﬁrmantem.
2808 2818 2869 2873 In
2889 2816 3098 2872 ultima
3120 2821 3286 2890 parte
3301 2817 3527 2873 inducit
3543 2834 3838 2889 sequaces

2171 2906 2407 2975 Christi,
2444 2907 2500 2962 id
2545 2910 2635 2962 est
2687 2907 3126 2963 annuntiantes.
3171 2906 3427 2963 Intendit
3473 2907 3837 2979 persuadere

2173 2994 2381 3068 legalia
2413 2994 2681 3051 instituta
2701 2995 2829 3066 jam
2857 2994 3067 3067 gabere
3095 2994 3295 3064 ﬁnem,
3321 2999 3378 3050 et
3396 3011 3501 3067 per
3523 2992 3835 3050 Christum

2173 3084 2246 3139 ad
2278 3084 2462 3139 Deum
2495 3084 2930 3140 ascendendum
2961 3101 3108 3140 esse.

403 3173 520 3245 legi
552 3172 613 3227 in
642 3156 886 3227 bonum.
909 3172 1283 3228 Continuatio
1310 3190 1322 3227 :
1348 3172 1692 3244 Corripuisti
1716 3171 2053 3228 hominem:
2089 3156 2133 3223 C
2235 3171 2357 3228 Vox
2387 3172 2647 3244 priorum
2693 3173 3012 3244 justorum,
3047 3189 3112 3228 ac
3146 3173 3195 3228 si
3236 3171 3317 3228 ita
3357 3172 3616 3228 dicerent
3646 3188 3660 3226 :
3697 3171 3836 3228 Noli

402 3265 462 3317 et
491 3260 573 3316 ita
593 3258 948 3332 corripuisti,
973 3264 1040 3315 ut
1064 3277 1124 3316 se
1149 3260 1382 3332 penitus
1411 3261 1632 3316 mundo
1656 3261 2056 3331 mortiﬁcaret,

400 3349 556 3407 sicut
574 3364 790 3404 aranea
812 3365 874 3405 se
897 3347 1210 3405 mortiﬁcat
1231 3348 1288 3403 in
1311 3367 1418 3406 suo
1442 3366 1699 3421 corpore,
1721 3353 1778 3404 et
1800 3349 1908 3405 hoc
1930 3354 2018 3405 est
2041 3366 2056 3405 :

401 3461 430 3490 «ι
465 3437 784 3507 tabescere,
812 3460 840 3487 »
865 3437 923 3493 id
951 3440 1059 3506 est,
1085 3437 1350 3510 deﬁcere,
1379 3437 1438 3492 in
1470 3438 1578 3506 ira,
1604 3438 1758 3510 quod
1783 3439 1908 3510 jam
1941 3456 2057 3494 non

402 3528 789 3585 irasceretur:
815 3530 872 3584 et
901 3526 961 3581 in
993 3526 1489 3600 concupiscentia,
1517 3527 1670 3598 quod
1704 3526 1848 3582 nihil
1881 3544 2059 3600 cupe-

404 3621 512 3686 ret,
535 3614 684 3672 nulli
711 3615 1015 3685 invideret,
1041 3620 1097 3672 et
1126 3632 1366 3689 prorsus
1400 3616 1618 3671 mundo
1658 3632 1718 3672 se
1759 3620 2060 3673 mortuum

405 3705 691 3762 redderet.
724 3704 963 3778 Pinguis
1012 3705 1169 3761 enim
1220 3706 1417 3760 anima
1449 3722 1575 3777 quae
1608 3705 1695 3760 ira
1741 3709 1798 3761 et
1843 3705 2060 3762 talibus

406 3795 578 3870 plena
607 3798 716 3865 est,
754 3795 1051 3852 tabescere
1092 3795 1327 3864 dicitur,
1355 3795 1507 3852 sicut
1555 3812 1786 3865 aranea,
1811 3813 1937 3869 qua:
1969 3812 2059 3854 se-

405 3884 598 3958 ipsam
643 3883 976 3940 mortiﬁcat.
1010 3884 1218 3941 Justus
1262 3883 1346 3940 sic
1392 3884 1639 3941 tabescit
1686 3885 1745 3940 in
1797 3886 2059 3958 appetitu

407 3971 789 4040 coalestium,«
813 3977 1217 4029 verumtamen
1239 3972 1432 4030 omnis
1457 3973 1632 4030 homo
1656 3996 1684 4022 ››
1702 3973 1975 4043 carnalis,
2001 3974 2059 4030 in

407 4059 672 4132 appetitu
712 4059 1170 4130 mundanorum,
1196 4079 1311 4117 non
1354 4062 1674 4134 respiciens
1716 4064 1972 4135 justum,
2005 4067 2062 4119 et

406 4147 518 4205 hoc
549 4170 577 4198 «
609 4162 754 4204 vane
779 4169 806 4197 »
831 4152 920 4204 est
940 4149 1096 4219 quod
1122 4172 1149 4198 ‹‹
1175 4151 1623 4206 conturbantur.
1651 4175 1678 4200 η

475 4236 586 4294 Alii
617 4237 1063 4306 conturbantur,
1090 4242 1148 4295 et
1179 4255 1284 4311 ego
1327 4256 1441 4296 non
1487 4243 1803 4298 conturbor
1833 4259 1936 4314 pro
1968 4243 2060 4299 his

407 4323 746 4398 mundanis,
768 4328 826 4381 et
848 4324 975 4382 ideo
997 4329 1084 4397 tu,
1099 4350 1126 4376 ‹‹
1153 4325 1417 4397 Domine,
1447 4351 1473 4376 »
1497 4328 1835 4400 Diapsalma
1859 4347 1870 4385 :
1897 4355 1923 4380 ‹‹
1960 4347 2058 4387 ex-

406 4414 544 4475 audi
575 4413 898 4473 orationem
947 4429 1165 4487 meam,
1192 4439 1218 4464 ››
1241 4414 1465 4472 scilicet
1497 4433 1509 4471 :
1544 4422 1610 4473 ut
1659 4418 1834 4474 ﬁnem
1885 4436 2060 4491 quem

2169 3278 2403 3332 sperare
2435 3261 2494 3316 in
2529 3260 2819 3334 legalibus
2842 3262 3150 3330 institutis,
3177 3263 3278 3318 sed
3315 3265 3586 3334 exspecta
3625 3262 3835 3317 Domi--

2169 3367 2334 3419 num,
2359 3350 2512 3406 sicut
2540 3367 2644 3423 ego
2676 3367 2979 3422 nunquam
3011 3351 3312 3408 conﬁdens
3355 3351 3415 3406 in
3454 3351 3585 3406 istis
3625 3351 3838 3408 obser-

2166 3439 2380 3495 vantiis
2403 3464 2430 3489 ‹‹
2464 3439 2790 3512 exspectavi
2823 3440 3206 3496 Dominum.»
3246 3441 3317 3496 Et
3346 3457 3460 3496 non
3497 3440 3627 3496 dico
3665 3441 3837 3512 quod

2168 3531 2596 3600 exspectassem
2622 3527 2959 3601 aliquando,
2983 3530 3083 3586 sed
3110 3553 3138 3580 «
3163 3534 3509 3602 exspectans
3532 3552 3560 3578 ››
3583 3530 3840 3587 assidua

2168 3617 2615 3689 exspectatione,
2641 3623 2697 3674 et
2737 3636 2852 3673 non
2895 3618 3006 3674 fuit
3053 3635 3224 3674 cassa
3269 3619 3622 3690 exspectatio
3671 3635 3838 3689 mea,

2169 3706 2309 3779 quia
2340 3707 2624 3763 Dominus
2647 3731 2672 3757 «
2703 3706 2959 3764 intendit
2989 3707 3154 3780 mihi,
3184 3730 3210 3756 ››
3233 3707 3292 3762 id
3315 3712 3424 3777 est,
3450 3707 3750 3764 intentum
3774 3725 3842 3765 se

2171 3796 2317 3852 mihi
2351 3797 2621 3869 prwbuit.

2241 3886 2310 3941 Et
2341 3903 2457 3942 non
2488 3890 2717 3941 tantum
2758 3889 2994 3958 propter
3035 3886 3524 3958 exspectationem
3556 3885 3706 3942 mihi
3742 3886 3838 3944 in-

2169 3975 2376 4043 tendit,
2401 3976 2503 4031 sed
2529 3975 2705 4031 etiam
2729 4000 2756 4025 «
2781 3975 3132 4032 exaudivit.»
3155 3976 3225 4031 Et
3244 3976 3536 4048 quomodo
3561 3977 3843 4033 exaudis-

2171 4069 2261 4122 set
2291 4063 2597 4137 subjungit
2623 4063 2826 4120 dicens
2859 4081 2912 4120 :«
2933 4069 2992 4121 et
3019 4064 3220 4121 eduxit
3249 4082 3342 4121 me
3387 4065 3457 4121 de
3495 4064 3627 4120 lacu
3655 4066 3840 4122 mise-

2170 4153 2326 4224 rias,»
2359 4153 2417 4208 id
2449 4157 2556 4220 est,
2583 4153 2804 4209 mundo
2837 4154 2970 4222 isto,
2993 4153 3053 4209 in
3087 4171 3202 4226 quo
3233 4153 3606 4211 continentur
3626 4154 3841 4211 multas

2171 4243 2442 4313 miseriae,
2468 4242 2526 4297 id
2555 4246 2662 4311 est,
2689 4246 2945 4314 peccata,
2971 4259 3099 4314 qua:
3131 4242 3353 4299 faciunt
3382 4241 3629 4298 miseros
3659 4248 3723 4299 et
3752 4242 3845 4299 lu-

2171 4332 2448 4390 tulentos.
2483 4331 2645 4388 Unde
2675 4331 2898 4400 subdit,
2920 4354 2947 4381 «
2981 4335 3039 4387 et
3069 4331 3139 4388 de
3169 4331 3291 4388 luto
3324 4331 3538 4387 faecis.»
3565 4331 3845 4387 Fuerunt

2171 4422 2326 4478 enim
2351 4422 2500 4493 justi
2532 4420 2616 4476 illi
2648 4438 2751 4494 per
2770 4419 3067 4477 Christum
3090 4438 3124 4476 a
3145 4425 3380 4493 peccato
3402 4420 3588 4488 liberi,
3616 4437 3845 4493 quam-

406 4506 539 4576 peto
571 4501 716 4562 mihi
749 4503 1014 4562 notiﬁces
1039 4520 1088 4560 :«
1115 4509 1172 4561 et
1200 4505 1672 4578 deprecationem
1701 4530 1727 4556 »
1771 4508 2065 4581 utiniqui-
2095 4525 2144 4591 ι)
2172 4510 2260 4566 vis
2307 4527 2420 4566 non
2471 4514 2668 4566 essent
2711 4525 2953 4580 prorsus
3001 4508 3190 4564 deleta
3231 4507 3539 4581 originalia
3587 4513 3846 4580 peccata

406 4595 586 4648 tatem
618 4595 676 4649 et
694 4591 928 4666 plagam
955 4610 989 4647 a
1009 4610 1101 4649 me
1133 4611 1452 4664 removeas,
1479 4613 1625 4668 quas
1656 4613 1860 4668 precor
1883 4615 2066 4653 remo-

407 4681 552 4751 veri,
574 4698 701 4754 quae.
749 4681 933 4737 oratio
965 4687 1020 4738 et
1051 4683 1377 4756 deprecatio
1408 4685 1598 4758 dignae
1649 4690 1789 4741 sunt
1837 4688 2072 4742 exaudi-

410 4769 588 4840 tione,
614 4769 752 4842 quia
771 4787 907 4827 cum
937 4771 1212 4845 lacrymis
1233 4777 1391 4842 sunt,
1416 4779 1472 4829 et
1504 4773 1611 4830 hoc
1635 4781 1724 4831 est
1747 4794 1798 4830 ;‹‹
1826 4776 2067 4833 auribus

411 4859 660 4933 praecipe
687 4858 979 4932 lacrymas
1010 4877 1191 4916 meas.
1217 4884 1248 4924 ρ)

480 4949 702 5006 Exaudi
725 4949 854 5006 dico
881 4948 1289 5020 orationem,et
1308 4950 1542 5007 interim
1568 4953 1750 5009 donec
1775 4954 2066 5027 compleas

413 5063 442 5090 α
476 5057 548 5096 ne
579 5037 775 5110 sileas,
798 5037 858 5094 id
881 5043 1030 5109 est,»
1057 5056 1128 5094 ne
1150 5039 1466 5097 subtrahas
1489 5040 1630 5095 mihi
1664 5044 1934 5115 gratiam,
1962 5045 2062 5101 sed

411 5129 697 5200 responde
717 5127 862 5183 mihi
885 5128 1234 5184 conferendo
1255 5127 1503 5201 gratiam
1526 5128 1586 5184 in
1613 5129 1721 5188 hac
1742 5131 1877 5202 vita,
1901 5139 1957 5188 et
1973 5134 2066 5189 de-

409 5216 512 5272 bes
536 5218 906 5290 respondere,
923 5242 949 5268 ‹‹
973 5216 1251 5290 quoniam
1273 5233 1378 5290 ego
1400 5235 1533 5273 sum
1559 5221 1714 5292 apud
1741 5224 1853 5290 te,»
1873 5221 1928 5277 id
1951 5227 2060 5292 est,

407 5304 480 5376 de
500 5305 722 5361 familia
741 5311 842 5362 tua
863 5310 1089 5375 sum,et
1111 5306 1366 5362 maxime
1389 5313 1622 5380 propter
1643 5309 1771 5378 hoc,
1798 5311 1935 5381 quia
1957 5328 2062 5383 ego

405 5409 539 5448 sum
571 5417 598 5444 «
633 5395 876 5468 advena,
903 5417 930 5444 »
953 5394 1195 5463 scilicet,
1223 5395 1293 5450 de
1325 5395 1556 5452 civitate
1593 5396 1806 5454 diaboli
1849 5399 1906 5453 in
1948 5417 2064 5471 qua
2103 5408 2106 5410 ’

405 5483 581 5538 natus
613 5499 745 5538 sum
778 5500 882 5556 per
929 5488 1233 5556 peccatum
1263 5477 1419 5552 Adae,
1450 5485 1770 5542 translatus
1801 5505 1934 5544 sum
1987 5490 2061 5545 ad

401 5574 567 5634 tuam
595 5570 886 5630 civitatem
918 5588 1021 5650 per
1049 5573 1298 5650 gratiam
1325 5573 1556 5646 Christi,
1583 5579 1639 5631 et
1670 5576 1931 5638 nondum
1963 5577 2063 5642 ha-

2176 4600 2357 4656 donec
2387 4598 2600 4654 Christi
2637 4597 2879 4670 sanguis
2910 4598 3324 4653 effunderetur.

2249 4689 2315 4744 Et
2347 4704 2460 4744 non
2495 4685 2686 4743 solum
2719 4684 2872 4742 mala
2902 4687 3165 4754 removit,
3197 4687 3297 4743 sed
3331 4688 3484 4744 bona
3511 4687 3694 4754 dedit,
3722 4687 3846 4743 hoc

2175 4782 2264 4833 est
2297 4794 2344 4833 ;‹‹
2369 4778 2438 4832 Et
2469 4776 2673 4832 statuit
2702 4793 2881 4846 supra
2910 4781 3157 4847 petram,
3185 4798 3212 4824 »
3233 4775 3292 4832 id
3323 4780 3429 4845 est,
3456 4793 3634 4848 super
3663 4775 3846 4832 Chri-

2175 4870 2390 4934 stum,«
2417 4865 2592 4937 pedes
2617 4881 2837 4932 meos,»
2856 4863 2911 4919 id
2935 4868 3042 4936 est,
3059 4864 3390 4921 affectiones
3413 4881 3572 4921 meas
3597 4881 3608 4919 :
3637 4869 3705 4920 ut
3728 4867 3847 4938 qui

2174 4955 2337 5028 prius
2387 4954 2588 5010 incerti
2639 4969 2894 5017 eramus,
2930 4952 2988 5007 in
3029 4969 3145 5025 quo
3195 4953 3366 5009 nobis
3409 4953 3850 5011 conﬁdendum

2173 5049 2345 5112 esset,
2370 5044 2497 5116 jam
2529 5041 2825 5099 Christum
2857 5045 3080 5098 certum
3131 5041 3579 5099 fundamentum
3612 5048 3848 5098 nostrae

2174 5133 2308 5188 ﬁdei
2341 5131 2684 5187 habeamus.
2705 5131 2774 5186 Et
2802 5133 3059 5187 statutus
3091 5131 3340 5202 pedibus
3366 5155 3392 5182 ‹‹
3428 5129 3638 5187 direxit
3665 5147 3851 5203 gres-

2174 5239 2278 5278 sus
2309 5237 2490 5291 meos,
2517 5243 2545 5270 »
2568 5220 2626 5275 id
2657 5224 2767 5288 est,
2798 5237 2975 5292 opera
3005 5237 3136 5276 mea
3169 5219 3302 5277 fecit
3332 5220 3572 5278 directa.

2245 5335 2272 5362 ‹‹
2305 5311 2374 5367 Et
2423 5309 2672 5365 immisit
2705 5308 2763 5364 in
2794 5325 2893 5365 eos
2941 5326 3138 5366 meum
3185 5310 3484 5366 canticum
3532 5326 3787 5379 novum,
3818 5335 3850 5361 »ι

2174 5401 2231 5456 id
2264 5406 2372 5468 est,
2398 5399 2534 5456 iecit
2563 5415 2656 5455 me
2677 5399 3029 5455 annuntiare
3051 5399 3514 5456 incarnationem
3541 5397 3669 5454 Filii
3695 5401 3801 5454 sui
3833 5418 3850 5457 :

2171 5491 2326 5562 quod
2360 5513 2386 5538 ‹‹
2421 5505 2660 5544 carmen
2695 5510 2722 5536 »
2762 5492 2851 5546 cst
2895 5488 3191 5544 canticum
3238 5488 3324 5545 vel
3376 5489 3657 5560 hymnus,
3713 5506 3854 5547 non

2170 5577 2317 5650 Jovi,
2345 5576 2433 5634 vel
2468 5576 2644 5637 alicui
2676 5576 2879 5636 ﬁctitio
2911 5577 3038 5650 deo,
3063 5578 3163 5636 sed
3187 5601 3214 5632 ς(
3241 5577 3357 5637 Deo
3387 5580 3645 5636 nostro.»
