4048 6180
218 380 330 444 337

1404 383 1895 448 EXPLANATIO
1939 385 2016 448 IN
2059 387 2438 450 PSALMOS.

3503 389 3622 454 338

215 512 444 588 primus
475 511 656 570 homo
687 512 941 586 perstitit
971 511 1030 570 in
1061 514 1411 585 obedientia,
1443 517 1675 589 praefuit
1719 516 1864 574 ratio
1892 535 1948 602 Α
1981 519 2246 588 tendens,
2281 521 2340 576 in
2374 538 2488 594 quo
2517 527 2642 578 erat
2671 539 2804 579 cum
2837 522 3029 579 adhuc
3062 539 3292 581 mecum
3319 539 3625 582 conserva-

215 602 594 669 aui'malitati,
617 603 696 659 ita
715 603 870 676 quod
902 602 1031 676 ipsa
1046 603 1381 660 animalitas
1398 607 1721 663 secundum
1745 607 1871 662 nul-

211 693 336 752 lum
364 709 614 749 sensum
645 692 903 765 corporis
934 694 1276 749 movebatur
1297 695 1369 750 ad
1392 694 1650 768 aliquam
1671 695 1872 770 volup-

210 788 391 842 tatem
423 782 642 850 carnis,
663 782 722 837 in
745 799 862 854 qua
891 782 976 838 sic
1005 783 1268 854 subjecta
1298 784 1509 839 rationi
1533 785 1870 857 quiescebat

211 871 358 929 ratio
390 888 529 927 cum
562 871 785 927 laetitia.
811 871 1126 944 Postquam
1157 889 1290 928 vero
1314 874 1384 929 ab
1403 873 1735 930 obedientia
1757 875 1870 931 dis-

210 962 408 1028 cessit,
428 961 622 1016 factus
634 964 723 1016 est
742 960 928 1016 lectus
948 959 1511 1017 doloris.Sciendum
1535 964 1689 1035 quod
1713 963 1868 1020 Deus

211 1053 282 1109 ad
313 1051 427 1106 hoc
460 1050 824 1122 superiorem
855 1050 972 1105 vim
995 1051 1458 1117 animai,scilicet
1479 1052 1763 1108 rationem
1788 1053 1869 1108 in-

211 1144 420 1207 seruit,
455 1143 522 1194 ut
551 1138 729 1194 homo
760 1155 863 1210 per
892 1155 1020 1194 eam
1054 1139 1238 1194 Deum
1261 1145 1719 1207 eontuerctur,et
1741 1141 1869 1213 ipsa

211 1230 417 1286 eadem
451 1227 601 1283 ratio
623 1243 855 1299 semper
875 1243 1121 1299 praeesse
1145 1228 1313 1283 debet
1335 1228 1869 1296 animalitati,sicut

209 1318 298 1374 vir
328 1315 588 1372 mulieri.
619 1314 1016 1371 Animalitatis
1042 1315 1300 1371 ofﬁcium
1333 1321 1440 1383 est,
1476 1317 1596 1372 haec
1637 1321 1867 1374 terrena

209 1405 520 1465 commode
551 1404 880 1476 disponere,
914 1409 972 1459 et
1001 1421 1234 1476 semper
1264 1405 1433 1460 debet
1479 1423 1607 1461 esse
1656 1406 1866 1462 rationi

209 1495 270 1554 iu
299 1494 692 1567 adjutorium,
725 1497 783 1548 et
812 1494 1076 1565 subjecta
1104 1493 1271 1565 quasi
1303 1494 1446 1560 viro,
1471 1499 1526 1550 et
1547 1495 1617 1549 ab
1641 1495 1864 1567 signiﬁ-
1896 1536 1905 1545 .

209 1583 432 1642 caudas
462 1581 572 1638 has
603 1581 753 1637 duas
797 1581 1087 1653 potentias
1116 1583 1347 1651 animae,
1381 1600 1633 1655 quarum
1685 1583 1866 1641 altera

209 1675 507 1746 praeesset,
532 1669 717 1727 altera
747 1671 1032 1738 subesset,
1049 1671 1261 1726 creavit
1279 1671 1432 1728 Deus
1454 1672 1782 1728 masculum
1807 1677 1865 1729 et

209 1760 522 1828 feminam,
555 1776 808 1831 quorum
838 1759 1168 1815 masculum
1202 1766 1496 1832 praeesset,
1524 1762 1866 1834 signiﬁcans

207 1850 502 1908 rationem
536 1866 550 1904 :
584 1847 804 1904 femina
835 1848 1121 1916 subesset,
1155 1849 1494 1922 signiﬁcans
1525 1850 1861 1906 animalita-

209 1945 352 2002 tem.
378 1939 533 1998 Bene
565 1936 696 1992 dico
726 1935 941 1992 lectum
965 1936 1202 2005 doloris,
1227 1937 1368 2010 quia
1389 1959 1417 1987 α
1443 1938 1499 1993 in
1524 1939 1866 1996 inﬁrmitate

207 2029 366 2100 ejus,
389 2049 419 2077 »
455 2026 515 2082 id
546 2029 656 2093 est,
680 2025 741 2080 in
770 2029 1028 2097 peccato,
1052 2026 1208 2097 quod
1242 2025 1469 2098 primus
1492 2026 1627 2083 fecit
1655 2044 1756 2100 per
1778 2028 1865 2083 in-

206 2114 607 2174 obedientiam
634 2135 662 2165 ‹‹
684 2113 926 2169 versasti
958 2117 1208 2170 stratum
1239 2115 1390 2186 ejus,
1415 2137 1442 2164 ››
1475 2113 1535 2169 id
1565 2121 1674 2184 est,
1704 2115 1866 2172 illam

205 2202 816 2274 sens‘ualitatem,quaa
839 2202 1004 2274 prius
1027 2208 1152 2258 erat
1179 2204 1447 2269 strata,id
1469 2209 1577 2272 est,
1602 2206 1868 2277 subjecta

205 2293 444 2361 rationi,
461 2290 799 2349 convertisti
820 2291 1080 2364 ita,quod
1104 2291 1234 2364 ipsa
1255 2293 1427 2348 modo
1447 2293 1586 2348 velit
1607 2293 1868 2349 domina-

207 2384 278 2450 ri,
301 2387 363 2440 et
392 2397 597 2439 secum
627 2397 757 2437 eam
788 2380 1015 2436 trahere
1033 2380 1094 2436 in
1115 2379 1446 2453 voluptates
1465 2381 1659 2438 carnis
1683 2399 1695 2436 :
1717 2386 1866 2438 stra-

207 2477 336 2530 tum
369 2470 503 2526 dico
533 2473 831 2527 versatum
864 2486 980 2524 non
1012 2469 1339 2524 secundum
1383 2487 1566 2524 unum
1599 2486 1865 2540 sensum,

205 2562 310 2618 sed
347 2585 370 2610 ι
408 2559 772 2627 universum,
797 2580 824 2608 n
848 2558 907 2613 id
938 2562 1046 2626 est,
1081 2558 1406 2613 secundum
1430 2575 1635 2614 omnes
1657 2576 1868 2614 sensus

207 2649 497 2723 corporis.
531 2649 712 2704 Ilomo
744 2647 901 2704 enim
933 2648 1104 2702 modo
1141 2651 1406 2702 movetur
1437 2648 1508 2703 ad
1540 2647 1867 2720 voluptates

209 2740 434 2807 carnis,
471 2737 798 2794 secundum
832 2753 1035 2792 omnes
1065 2753 1295 2792 sensus.

279 2830 371 2886 Tu
406 2825 653 2884 versasti
683 2829 939 2882 stratum
970 2827 1119 2898 ejus,
1146 2826 1245 2880 sed
1279 2829 1480 2881 contra
1509 2825 1618 2881 hoc
1639 2842 1745 2897 ego
1767 2843 1890 2896 oro

207 2936 314 2992 pro
346 2934 417 2973 eo
454 2933 468 2973 :
505 2919 561 2973 et
589 2914 700 2971 hoc
728 2918 852 2970 est:
880 2931 1036 2987 «ego
1068 2913 1186 2970 dixi
1211 2936 1240 2966 »
1274 2915 1446 2970 corde
1476 2919 1530 2969 et
1552 2931 1684 2970 ore:
1713 2938 1740 2965 «
1763 2915 1869 2970 Do-

208 3007 391 3073 mine,
427 3004 706 3060 miserere
738 3003 873 3075 mei,
907 3026 934 3053 ››
969 3003 1026 3058 id
1057 3007 1165 3071 est,
1202 3019 1466 3058 meorum
1500 3002 1617 3059 :ita
1647 3003 1869 3059 scilicet

207 3096 477 3153 animam
528 3103 741 3160 meam,
775 3114 802 3144 ››
834 3091 892 3146 id
934 3096 1042 3160 est,
1072 3109 1359 3159 meorum,
1391 3113 1420 3142 ι(
1451 3091 1591 3164 quia
1635 3093 1866 3166 peccavi

209 3184 337 3253 tibi,
373 3206 402 3234 »
437 3183 500 3240 id
529 3186 639 3250 est,
674 3181 746 3237 ad
779 3185 946 3236 tuum
978 3180 1282 3249 honorem,
1314 3180 1456 3253 quia
1483 3185 1547 3236 tu
1579 3179 1742 3236 solus
1770 3179 1867 3236 ille

1982 613 2159 676 retur,
2195 608 2438 677 scilicet,
2474 614 2534 664 ut
2567 610 2636 667 de
2667 627 2758 667 me
2791 610 2947 667 mala
2987 611 3146 667 omni
3180 612 3375 669 studio
3424 611 3626 686 loque-

1979 705 2160 754 retur.

2053 787 2157 842 Per
2178 787 2408 857 singula
2431 789 2570 860 quid
2593 787 2942 844 curramus?
2971 812 2996 840 «
3022 789 3236 846 Omnes
3264 789 3489 845 inimici
3511 789 3626 846 mei

1977 877 2385 944 susurrabant,
2417 901 2437 924 »
2473 877 2532 931 id
2561 882 2670 945 est,
2702 877 2926 933 occulte
2975 877 3437 934 consiliabantur
3469 899 3498 929 «
3525 877 3628 934 ad-

1976 982 2212 1020 versum
2246 981 2358 1032 me,
2393 988 2420 1015 ››
2457 965 2511 1020 id
2543 970 2650 1033 est,
2677 966 2916 1021 adversa
2938 971 2994 1021 et
3015 966 3216 1022 nociva
3236 966 3402 1022 mihi.
3427 967 3626 1039 Neque

1977 1053 2273 1109 consiliari
2303 1054 2445 1109 satis
2476 1059 2600 1110 erat
2630 1055 2736 1122 eis,
2771 1054 2871 1110 sed
2906 1054 3079 1110 etiam
3109 1076 3137 1105 ‹‹
3166 1055 3501 1128 cogitabant
3531 1055 3629 1111 ad-

1975 1158 2207 1198 versum
2257 1159 2351 1197 me
2403 1142 2576 1210 mala,
2616 1166 2635 1190 ιι
2673 1142 2730 1197 id
2761 1147 2870 1209 est,
2903 1143 3311 1215 unusquisque
3360 1145 3514 1215 apud
3565 1160 3626 1201 se

1977 1231 2204 1286 curiose
2238 1231 2524 1286 tractabat
2556 1231 2696 1303 quid
2741 1247 3002 1302 unquam
3053 1230 3285 1303 gravius
3331 1235 3389 1286 et
3437 1233 3626 1303 magis

1977 1319 2244 1375 nocivum
2264 1324 2460 1392 posset
2480 1321 2805 1392 excogitare
2822 1319 2879 1375 in
2908 1336 3000 1375 me
3025 1337 3036 1374 :
3064 1337 3189 1391 quae
3214 1319 3370 1375 mala
3391 1319 3629 1376 fuerunt

1979 1430 2007 1459 «
2039 1409 2204 1476 mihi,
2244 1431 2263 1457 υ
2303 1409 2359 1463 id
2391 1414 2498 1476 est,
2533 1410 2603 1464 ad
2638 1425 2835 1464 meum
2867 1407 3145 1464 honorem
3179 1413 3234 1464 et
3255 1409 3327 1464 ad
3361 1423 3625 1465 meorum

1976 1497 2210 1552 redacta
2235 1501 2374 1552 sunt
2406 1496 2738 1554 utilitatem.

2046 1586 2168 1641 Non
2187 1590 2415 1640 tantum
2429 1586 3435 1658 susurraverunt,cogitaverunt,sed
3449 1586 3626 1644 etiam

1977 1697 2004 1724 «
2036 1675 2277 1730 verbum
2303 1674 2570 1746 iniquum
2593 1674 3340 1730 constitueruntadversum
3354 1691 3502 1742 me,»
3520 1675 3627 1730 sci-

1973 1763 2129 1831 licet,
2162 1764 2513 1820 sententiam
2548 1762 2755 1819 mortis
2783 1762 3053 1818 stabilem
3074 1763 3429 1818 induxerunt
3448 1779 3626 1835 super

1975 1869 2067 1908 me
2094 1868 2105 1907 :
2133 1857 2190 1908 at
2215 1853 2368 1924 quod
2401 1851 2651 1924 Caiphas
2674 1850 2896 1906 inscius
2915 1849 3272 1923 prophetans
3293 1850 3580 1922 judicavit
3603 1867 3626 1913 :_

1979 1964 2006 1992 ‹‹
2037 1941 2277 2013 Expedit
2308 1945 2371 1996 ut
2393 1957 2548 1996 unus
2580 1939 2753 1995 homo
2779 1940 3081 2007 moriatur,
3098 1955 3169 1995 ne
3190 1943 3314 1996 tota
3333 1955 3478 2012 gens
3500 1955 3624 2012 perv

1975 2034 2069 2085 eat
2100 2031 2274 2098 (Joan.
2308 2029 2408 2101 x1).
2442 2053 2469 2078 »ι

2048 2118 2163 2190 Ipsi
2192 2135 2284 2174 me
2316 2119 2400 2174 sic
2421 2117 2858 2189 judicaverunt,
2887 2140 2914 2166 ιι
2947 2117 3047 2172 sed
3080 2115 3182 2188 qui
3213 2117 3431 2172 dormit
3458 2137 3486 2168 ι)
3521 2115 3630 2188 qni

1976 2207 2167 2262 tradet
2194 2207 2451 2262 animam
2485 2223 2653 2261 suam
2687 2205 2882 2273 morti,
2906 2204 3128 2261 scilicet
3148 2221 3466 2278 ego,quam
3490 2221 3625 2278 pos-—

1977 2297 2054 2352 sit
2111 2297 2189 2352 ita
2247 2295 2447 2351 leviter
2504 2296 2820 2362 dimittere,
2863 2294 3017 2350 sicut
3063 2294 3362 2350 dormiens
3411 2292 3630 2366 aliquis

1976 2401 2278 2453 somnum,
2311 2406 2338 2435 «
2370 2384 2637 2457 nunquid
2673 2400 2786 2439 non
2815 2383 3069 2454 adjiciet,
3096 2406 3123 2433 ››
3150 2384 3207 2438 id
3230 2383 3628 2456 est,adjungot

1977 2491 2094 2528 sua}
2119 2473 2292 2528 morti
2319 2495 2346 2524 ‹‹
2371 2477 2435 2528 ut
2455 2473 2761 2545 resurgat?
2784 2494 2811 2521 η
2836 2471 2942 2538 Qui
2965 2473 3034 2527 de
3057 2471 3251 2544 seipso
3272 2470 3414 2528 dicit
3437 2488 3448 2528 :
3476 2494 3503 2522 «
3527 2471 3627 2530 P0-

1976 2566 2249 2617 testatem
2282 2561 2467 2617 habeo
2498 2561 2754 2634 ponendi
2785 2561 3042 2616 animam
3075 2577 3289 2630 meam,
3323 2565 3382 2617 et
3409 2560 3622 2618 iterum

1978 2651 2278 2722 suscipere
2307 2668 2436 2707 eam
2486 2651 2664 2719 (Joan.
2697 2653 2754 2719 x)
2786 2672 2813 2700 »
2852 2650 2956 2705 Per
3003 2666 3134 2705 eam
3181 2648 3625 2708 resurrectionis

1977 2757 2098 2796 sua:
2129 2740 2525 2810 securitatem,
2557 2755 2757 2794 eorum
2791 2737 3104 2794 stultitiam
3127 2738 3522 2810 reprehendit.

2048 2829 2118 2884 Et
2138 2829 2284 2884 bene
2306 2827 2527 2882 inimici
2554 2827 2666 2882 mei
2689 2831 3041 2900 putaverunt
3062 2841 3155 2882 me
3169 2826 3458 2898 judicare.
3485 2848 3513 2877 ‹ι
3536 2827 3626 2883 Et-

1976 2917 2132 2973 enim
2155 2917 2352 2987 homo,
2378 2938 2405 2965 ››
2431 2917 2488 2971 id
2511 2915 2656 2984 est,J
2663 2916 2810 2970 udas
2831 2938 2857 2963 ‹‹
2883 2914 3044 2986 pacis
3067 2929 3230 2983 meas,
3250 2913 3348 2970 uid
3369 2918 3622 2982 est,cum

1977 3023 2092 3080 quo
2123 3022 2228 3079 ego
2254 3005 2542 3061 habebam
2573 3020 2776 3077 pacem
2809 3003 2945 3059 licet
2965 3020 3078 3059 non
3101 3003 3226 3075 ipse
3246 3017 3544 3071 mecum,«
3561 3001 3620 3062 in

1976 3112 2092 3168 quo
2110 3093 2392 3166 speravi,»
2407 3110 2640 3165 sperare
2653 3093 2826 3149 debui
2840 3093 3165 3148 secundum
3186 3091 3394 3149 merita
3414 3107 3540 3164 qua:
3559 3090 3624 3148 iu

1974 3201 2108 3239 eum
2128 3183 2254 3254 feci,
2269 3205 2297 3232 «
2313 3183 2414 3255 qui
2433 3183 2642 3238 edebat
2662 3198 2844 3254 panes
2864 3197 3024 3237 meos
3048 3203 3076 3230 ››
3097 3178 3511 3238 materialiter:
3534 3178 3623 3238 vel
3649 3217 3656 3224 ι

211 3273 506 3339 medicus,
539 3270 641 3343 qui
674 3269 834 3327 solus
865 3269 1099 3325 laudem
1127 3274 1292 3340 potos
1323 3269 1537 3325 habere
1567 3270 1638 3324 de
1656 3286 1862 3342 pecca-
1892 3270 1946 3337 (Ξ-
1977 3295 2004 3322 ‹‹
2040 3290 2242 3345 panes,
2278 3295 2306 3321 ››
2339 3272 2396 3327 id
2427 3275 2535 3337 est,
2568 3270 2911 3326 refectiones
2941 3267 3264 3341 spiritualis
3294 3267 3570 3326 doctrina;
3605 3281 3620 3323 :

208 3368 408 3420 torum
442 3359 769 3427 curatione,
803 3376 872 3414 ex
903 3375 1120 3430 magna
1149 3358 1452 3414 affectione
1483 3375 1658 3430 quam
1693 3358 1870 3414 habet

209 3451 486 3510 Christus
517 3465 656 3521 erga
697 3465 856 3517 suos,
890 3447 1134 3504 ascribit
1182 3445 1292 3502 sibi
1340 3452 1578 3520 peccata
1623 3464 1866 3503 suorum

211 3557 344 3598 cum
377 3538 494 3595 hoc
523 3537 685 3593 dicit.

277 3627 504 3700 Incipit
531 3627 604 3682 de
633 3624 893 3682 secunda
922 3627 1105 3697 parte,
1140 3624 1364 3680 scilicet
1405 3625 1662 3680 ostendit
1702 3625 1866 3680 Chri-

213 3723 374 3776 stum
407 3713 620 3772 multis
651 3713 842 3770 modis
872 3712 1240 3785 injuriatum,
1257 3717 1494 3785 propter
1515 3713 1669 3786 quod
1691 3732 1724 3770 a
1745 3713 1871 3785 qui-

213 3807 473 3868 busdam
506 3801 850 3876 simpliciter
871 3806 1178 3875 reputatus
1198 3807 1287 3858 est
1307 3802 1592 3858 homo.Ad
1615 3801 1725 3858 hoc
1734 3804 1872 3874 jun-

215 3897 410 3970 gitur:
435 3895 558 3966 Ego
602 3891 687 3948 sic
735 3909 836 3948 oro
885 3908 989 3963 pro
1038 3890 1205 3958 meis,
1239 3891 1339 3945 sed
1375 3912 1403 3941 «
1433 3889 1658 3946 inimici
1691 3891 1802 3947 mei
1835 3913 1864 3942 ››

218 4002 332 4042 non
356 3986 633 4042 curantes
654 3981 765 4037 hoc
790 4003 818 4031 ‹‹
840 3981 1110 4036 dixerunt
1131 3979 1285 4035 mala
1307 3979 1450 4034 mihi
1472 4002 1499 4030 ››
1526 3985 1591 4035 ut
1615 3997 1626 4035 :
1652 3981 1872 4036 Dremo-

220 4073 384 4129 nium
444 4071 651 4139 habes,
686 4075 744 4126 et
791 4069 1028 4124 similia.
1077 4069 1234 4124 Inter
1289 4073 1496 4124 caetera
1548 4069 1866 4125 dicebant:

224 4185 250 4214 α
279 4161 528 4230 Quando
559 4158 844 4215 morietur
870 4180 899 4209 »
930 4157 1105 4212 homo
1138 4157 1248 4213 iste
1281 4179 1308 4207 ‹‹
1329 4161 1386 4212 et
1414 4157 1628 4229 peribit
1659 4175 1869 4212 nomen

222 4253 348 4324 ejus
363 4251 392 4306 ?
419 4274 447 4301 η
483 4249 542 4304 id
574 4253 683 4316 est,
712 4247 1047 4303 destruetur
1073 4247 1232 4301 fama
1249 4247 1378 4317 ejus
1394 4247 1422 4301 ‘I

293 4340 419 4396 Non
453 4342 689 4394 tantum
722 4335 945 4390 inimici
976 4334 1273 4391 manifesti
1305 4334 1461 4390 mala
1483 4334 1875 4406 loquebantur

225 4427 394 4494 mihi,
437 4426 543 4483 sed
594 4423 772 4481 etiam
823 4423 1175 4479 simulatorii
1224 4422 1441 4478 amici:
1477 4428 1533 4478 et
1579 4424 1686 4479 hoc
1733 4423 1875 4479 dicit

228 4540 258 4566 α
285 4521 342 4573 et
371 4515 421 4574 si
452 4513 896 4588 ingrediebatur
924 4534 953 4564 »ι
983 4512 1199 4584 aliquis
1238 4512 1297 4567 in
1337 4513 1718 4579 consortium,
1757 4536 1784 4563 «
1812 4517 1876 4568 ut

221 4606 464 4673 videret,
499 4627 528 4655 »
556 4602 616 4659 id
667 4606 778 4672 est,
823 4600 1169 4674 exploraret,
1223 4601 1272 4655 si
1320 4600 1380 4656 in
1431 4600 1629 4673 aliquo
1680 4607 1877 4673 posset
1904 4637 1951 4709 Β

224 4695 506 4768 derogare
535 4691 703 4760 mihi,
731 4713 760 4742 ‹‹
782 4707 930 4746 vana
958 4689 1308 4762 loquebatur
1329 4711 1358 4740 »
1380 4689 1536 4744 velut
1557 4689 1653 4745 ille
1675 4689 1774 4763 qui
1798 4689 1876 4746 lo-

225 4783 520 4856 quebatur
542 4799 556 4838 :
587 4804 613 4833 u
635 4781 695 4837 Si
717 4780 813 4836 hic
835 4778 1117 4852 prepheta
1137 4782 1311 4847 esset,
1332 4778 1506 4833 sciret
1525 4779 1729 4851 utique
1750 4797 1875 4852 quae

225 4877 288 4928 et
311 4871 506 4945 qualis
536 4873 692 4926 esset
721 4867 933 4924 mulier
961 4883 1090 4939 qua:
1120 4866 1309 4940 tangit
1337 4883 1471 4922 eum
1503 4869 1654 4936 (Luc.
1686 4872 1811 4938 vu).
1846 4891 1873 4919 »

225 4961 366 5018 Dico
395 4977 548 5018 vana
591 4957 958 5030 loquebatur,
986 4962 1043 5012 et
1073 4956 1210 5012 inde
1244 4977 1272 5006 «
1302 4972 1402 5011 cor
1429 4957 1577 5028 ejus,
1614 4979 1640 5007 n
1677 4958 1733 5012 id
1767 4963 1875 5027 est,

224 5057 481 5122 nequam
531 5047 804 5104 voluntas
849 5047 978 5118 ejus
1013 5069 1034 5095 π
1070 5045 1460 5118 congregabat
1508 5045 1878 5118 iniquitatem

226 5137 363 5194 sibi.
396 5161 426 5188 »
459 5137 760 5194 Accedens
789 5135 944 5191 enim
978 5134 1050 5190 ad
1101 5149 1234 5189 eum
1284 5149 1352 5188 ex
1399 5149 1514 5205 quo
1562 5134 1878 5191 benevolus

223 5225 435 5284 melior
465 5226 818 5296 efﬁceretur,
849 5223 959 5279 iste
990 5223 1153 5295 pejor
1180 5222 1422 5277 effectus
1453 5226 1540 5278 est
1578 5223 1716 5295 quia
1746 5242 1877 5296 pra-

221 5332 312 5375 va
341 5314 661 5370 voluntatis
692 5328 829 5385 erga
856 5311 1154 5369 Christum
1178 5310 1306 5379 fuit,
1331 5313 1722 5383 congregabat
1742 5313 1875 5383 sibi,

222 5404 294 5460 id
324 5408 431 5476 est,
464 5403 538 5459 ad
571 5403 858 5457 damnum
888 5417 1085 5457 suum.

303 5490 749 5564 lngrediebatur
777 5490 848 5545 ad
883 5506 976 5544 me
1006 5489 1333 5560 explorator
1361 5492 1418 5542 ct
1447 5504 1674 5543 mecum
1715 5489 1880 5545 habi-

217 5587 364 5639 tans
386 5580 737 5653 loquebatur
755 5596 920 5647 vana,
937 5581 993 5633 et
1014 5578 1170 5632 idem
1199 5599 1226 5627 «
1246 5578 1654 5648 egrediebatur
1676 5578 1830 5634 foras
1852 5600 1880 5629 »

217 5673 396 5729 extra
422 5667 787 5728 consortium
819 5683 1038 5738 meum,
1066 5689 1092 5716 «
1117 5665 1462 5737 loquebatur
1485 5666 1541 5721 in
1573 5665 1831 5739 idipsum
1853 5691 1880 5717 ››

1977 3384 2005 3412 ‹‹
2041 3359 2452 3435 magniﬁcavit,
2481 3384 2507 3408 ››
2533 3360 2588 3415 id
2613 3363 2720 3427 est,
2748 3359 3120 3432 magniﬁcam
3141 3357 3279 3414 fecit
3297 3380 3323 3407 ‹‹
3350 3355 3626 3429 supplan-

1977 3451 2278 3520 tationem,
2317 3472 2342 3498 ››
2371 3449 2429 3504 id
2462 3453 2570 3515 est,
2605 3447 3026 3520 deceptionem,
3064 3447 3255 3502 dando
3278 3444 3424 3503 mihi
3454 3461 3624 3502 oscu—

1977 3539 2099 3595 lum
2124 3537 2653 3611 proditionis,quod
2678 3537 2854 3592 etiam
2875 3535 3248 3590 inimicorum
3272 3532 3468 3592 nullus
3491 3533 3629 3595 fecit

1978 3652 2005 3678 «
2042 3626 2461 3700 magniﬁcavit,
2493 3626 2642 3694 dico,
2678 3642 2852 3696 super
2883 3641 2996 3690 me,
3033 3648 3058 3672 n
3091 3624 3279 3692 idest,
3313 3623 3385 3679 ad
3430 3639 3632 3685 meam.

1979 3716 2435 3789 depressionem.

2049 3805 2262 3876 Incipit
2292 3805 2363 3859 de
2392 3803 2565 3858 tertia
2594 3806 2776 3874 parte,
2810 3801 3032 3856 scilicet
3061 3799 3221 3855 illam
3251 3799 3624 3872 gloriﬁcatio-

1979 3910 2134 3960 nem,
2170 3909 2272 3964 per
2301 3909 2477 3964 quam
2505 3890 2772 3946 Christus
2801 3889 2934 3962 plus
2964 3905 3141 3960 quam
3171 3887 3372 3957 homo,
3403 3886 3627 3945 scilicet

1980 3984 2154 4048 Deus,
2185 3980 2588 4036 indubitanter
2617 3977 2887 4050 cognosci
2930 3975 3118 4050 possit
3149 3993 3162 4033 :
3195 3977 3269 4033 ad
3297 3975 3408 4032 hoc
3439 3974 3623 4033 conti,-

1981 4076 2232 4126 nuatnr:
2260 4069 2376 4141 Ipsi
2409 4085 2500 4123 me
2530 4067 2917 4138 itajudicant,
2951 4090 2978 4115 «
3012 4070 3077 4120 tu
3104 4071 3325 4133 autem,
3356 4064 3624 4133 Domine,

1981 4159 2256 4215 miserere
2304 4157 2417 4213 mei
2452 4180 2478 4205 ››
2529 4161 2586 4212 et
2633 4155 2966 4212 miserando
3007 4179 3036 4206 «
3070 4154 3355 4212 resuscita
3401 4169 3515 4223 me,
3567 4157 3628 4210 et

1981 4249 2216 4304 tandem
2249 4247 2569 4302 retribuam
2602 4245 2687 4301 eis
2723 4269 2749 4293 ››
2783 4245 2892 4300 hoc
2923 4245 3078 4317 quod
3113 4243 3257 4299 mihi
3305 4244 3588 4300 fecerunt.

2053 4338 2123 4392 Et
2153 4355 2283 4392 vere
2307 4335 2644 4406 suscitabis,
2678 4359 2704 4384 «
2743 4335 3023 4407 quoniam
3069 4332 3305 4389 voluisti
3357 4349 3470 4401 me,
3509 4355 3536 4381 ››
3568 4332 3633 4388 id

1983 4431 2091 4494 est,
2127 4441 2358 4498 semper
2389 4424 2492 4480 tibi
2526 4425 2669 4479 bene
2696 4422 2920 4496 placui:
2946 4427 3004 4478 et
3025 4447 3050 4470 ‹‹
3078 4421 3136 4475 in
3168 4420 3276 4476 hoc
3301 4443 3327 4469 ››
3350 4421 3503 4492 quod
3535 4436 3629 4476 mo

1983 4515 2212 4572 voluisti
2246 4538 2275 4562 «
2309 4512 2570 4587 cognovi,
2598 4511 2876 4584 quoniam
2900 4528 3015 4567 non
3046 4507 3324 4583 gaudebit
3351 4505 3638 4563 inimicus.

1985 4628 2010 4654 ‹‹
2047 4621 2214 4659 meus
2259 4620 2436 4675 super
2485 4618 2598 4669 me,
2635 4625 2662 4650 ››
2696 4602 2752 4656 id
2804 4605 2917 4668 est,
2948 4617 3062 4655 non
3113 4595 3388 4654 retinebit
3435 4611 3527 4650 me
3565 4593 3627 4651 in

1985 4697 2188 4759 morte,
2224 4691 2375 4763 quod
2409 4691 2456 4744 si
2493 4695 2706 4763 posset,
2741 4705 2917 4761 super
2947 4705 3040 4744 me
3070 4689 3243 4743 esset.

2058 4781 2338 4837 Inimicus
2371 4796 2483 4833 non
2516 4778 2811 4850 gaudebit,
2836 4793 2941 4849 ego
2975 4781 3170 4832 autem
3202 4772 3635 4848 gaudebo,quia

1987 4893 2014 4920 ‹‹
2050 4867 2360 4942 suscepisti
2392 4883 2484 4922 me
2510 4893 2530 4918 ι
2559 4868 2628 4922 ad
2664 4866 3162 4922 immortalitatem
3184 4868 3242 4921 et
3263 4860 3633 4936 impassibili-

1987 4962 2164 5014 tatem
2190 4981 2217 5006 «
2243 4959 2479 5029 propter
2499 4955 2980 5024 innocentiam,et
3000 4952 3360 5010 confirmasti
3382 4967 3494 5017 me,
3520 4971 3548 4998 ››
3570 4948 3631 5003 id

1988 5052 2098 5114 est,
2133 5045 2216 5102 sic
2245 5043 2562 5112 collocasti,
2592 5046 2747 5116 quod
2779 5043 2921 5099 nihil
2967 5043 3240 5114 deinceps
3271 5039 3414 5095 mihi
3445 5035 3634 5109 possit

1991 5151 2195 5192 nocere
2218 5159 2242 5182 α
2271 5133 2329 5188 in
2353 5137 2668 5205 conspectu
2705 5139 2862 5199 tuo,»
2888 5133 2945 5185 id
2969 5131 3141 5202 est,in
3165 5125 3472 5201 prasentia
3489 5128 3632 5183 tua:

1988 5241 2104 5279 non
2135 5223 2212 5278 ibi
2245 5223 2316 5278 ad
2349 5222 2554 5277 horam
2609 5236 2952 5277 mansurum
2986 5219 3085 5273 sed
3111 5235 3144 5272 ,ι
3173 5216 3232 5270 in
3263 5219 3566 5270 aeternum.
3605 5237 3632 5263 ››

2058 5312 2127 5368 Et
2157 5311 2296 5384 quia
2326 5328 2418 5366 me
2451 5313 2534 5367 ita
2565 5309 2854 5376 exaltavit,
2890 5308 3015 5362 ideo
3048 5306 3122 5361 sit
3153 5329 3178 5354 ‹‹
3213 5302 3578 5372 benedictus,
3605 5325 3634 5354 ››

1990 5402 2047 5457 id
2073 5405 2185 5468 est,
2215 5400 2513 5467 laudatus,
2539 5404 2595 5454 et
2618 5396 2750 5451 talis
2781 5394 3049 5467 cognitus
3072 5391 3262 5465 qualis
3283 5394 3371 5446 est
3391 5413 3420 5439 «
3445 5389 3639 5447 Domi-

1992 5509 2102 5548 nus
2136 5488 2333 5553 Israel,
2373 5513 2398 5537 ››
2429 5488 2484 5543 id
2517 5491 2626 5552 est,
2662 5484 2758 5540 ille
2809 5483 2909 5555 qui
2960 5481 3295 5537 dominatur
3344 5478 3547 5548 Israel,
3579 5479 3637 5536 id

1991 5585 2097 5648 est,
2131 5576 2463 5632 videntibus
2514 5576 2695 5629 Deum
2745 5577 2800 5627 et
2836 5595 2861 5620 ‹‹
2895 5571 3069 5642 Deus,
3105 5593 3131 5620 ››
3164 5571 3222 5624 id
3268 5573 3380 5640 est,
3414 5574 3642 5625 creator

1995 5691 2020 5715 α
2059 5663 2233 5723 Israel
2262 5687 2286 5711 ››
2320 5680 2446 5732 qua}
2479 5659 2805 5716 benedictio
2837 5658 3080 5731 incipiat
3103 5682 3128 5709 ‹‹
3155 5675 3189 5714 a
3213 5658 3422 5716 saeculo
3454 5681 3480 5709 ››
3503 5659 3638 5725 isto,
