4048 6180
443 357 562 418 339

851 341 1264 408 IlAYMONIS
1309 337 1850 399 HALBERSTAT.
1883 325 2126 397 EPISC'.
2156 333 2328 395 OPP.
2361 323 2566 393 PARS
2595 331 2644 392 Ι.
2679 365 2756 374 -
2784 329 3196 393 COMMENT.
3225 331 3412 410 BIBL,

3681 343 3777 404 340

443 497 504 550 et
531 514 559 542 α
592 488 654 545 in
683 482 965 545 saeculum
999 502 1027 530 υ
1049 473 1486 535 consecutivum
1508 471 1688 544 hujus
1709 468 1905 526 seaculi
1929 469 2090 525 deve-
2118 466 2178 535 Α.
2203 465 2386 533 sitire,
2420 481 2489 520 ex
2518 463 2793 538 lacrymis
2843 463 3219 521 refectionem
3251 466 3480 541 habere,
3507 496 3535 524 ‹‹
3563 493 3677 534 sum
3700 499 3776 539 re-

444 582 570 640 niat
600 602 629 630 «
661 578 785 644 ﬂat,
817 573 923 629 ﬁat
953 587 966 626 :
1004 592 1030 620 »
1061 567 1158 624 hic
1199 565 1450 622 habetur
1493 561 1554 618 in
1604 559 1862 627 Hebraeo,
1897 573 2088 623 amen,

445 688 638 730 amen.

943 751 1018 810 IN
1057 745 1405 806 PSALMUM
1443 743 1584 800 XLI.

515 856 791 912 Trruws.
823 849 888 904 In
915 845 1080 918 finem
1101 837 1402 896 intellectus
1439 833 1574 906 ﬁliis
1624 831 1794 888 Chore
1840 829 2094 884 Psalmus

1173 925 1367 985 David.

519 1062 549 1092 ‹‹
582 1026 1089 1106 Quemadmodum
1119 1019 1432 1106 desiderat.
1471 1037 1497 1063 ››
1527 1011 1808 1106 I’salmus
1841 1009 1951 1066 iste

449 1099 1174 1189 diciturintcllcctus,quia
1183 1105 1439 1164 ostendit
1450 1100 1913 1174 nobisquiddam
1929 1099 2097 1189 valde

451 1185 922 1286 intelligendum,
955 1199 1177 1258 scilicet
1205 1196 1264 1250 in
1300 1191 1555 1286 homine
1585 1189 1733 1244 duas
1781 1185 2092 1286 potentias,

449 1275 700 1382 quarum
713 1297 916 1356 fortior
925 1287 1264 1382 debiliorem
1281 1275 1938 1382 confortet,proponti‘t‘u.r
1957 1275 2095 1330 ﬁliis

449 1363 734 1460 éhore,ad
759 1383 1074 1444 dicendum
1101 1375 1191 1433 vel
1218 1367 1662 1436 cantandum,id
1695 1363 1949 1434 est,filiis
1971 1381 2098 1460 crp-

449 1486 559 1553 cis,
586 1453 828 1544 scilicet,
863 1469 1083 1529 sanctis
1113 1460 1468 1535 martyribus
1499 1471 1888 1553 quorqm-vonx
1916 1457 2005 1509 est

447 1541 559 1632 hoc
589 1541 823 1626 Psalmo
843 1581 857 1618 ς
881 1560 1026 1634 ipsis
1054 1558 1183 1613 dico
1210 1568 1314 1626 per
1341 1551 1451 1606 hoc
1481 1546 1720 1602 directis
1749 1544 1808 1600 in
1831 1541 2094 1634 finem,id

448 1666 557 1730 est,
592 1660 653 1715 in
684 1633 1004 1714 Christum.
1028 1643 1272 1704 Materia
1300 1643 1390 1697 est
1409 1640 1634 1737 justus,
1658 1633 1985 1737 secundpm
2008 1636 2096 1720 ut.

446 2019 748 2076 timere.In
779 1989 1037 2066 secunda
1065 2005 1227 2077 parte
1256 2014 1358 2070 per
1388 1995 1548 2051 illam
1571 1993 1690 2048 vim
1710 1989 2093 2077 superiorem,

451 2075 876 2163 animalitatem
897 2075 1377 2158 confortare,quze
1389 2083 1504 2139 cito
1525 2081 1799 2136 turbatur
1820 2075 2100 2132 turbatio-

449 2195 626 2252 nibus
654 2189 836 2260 hujus
862 2175 1270 2240 vitaalntentio
1300 2169 1726 2260 est,debiliorcs
1747 2165 2094 2260 confortare,

448 2301 522 2340 ne
552 2252 894 2336 moveantur
922 2267 1250 2328 secundum
1283 2259 1726 2322 animalitatem,
1756 2255 1857 2312 sed
1901 2252 2098 2326 potius

447 2387 555 2446 per
582 2383 753 2426 suam
785 2362 1074 2420 rationem
1093 2353 1420 2412 confortent
1441 2345 2097 2446 animalitatem,propo-

448 2431 599 2517 nunt
627 2457 805 2514 etiam
827 2449 978 2524 justi
1010 2445 1112 2518 qui
1143 2443 1467 2515 loquuntur
1496 2453 1558 2492 se
1587 2433 1903 2524 aliquando
1943 2431 2095 2524 ceci-

451 2550 644 2615 disse;
679 2560 752 2601 ne
781 2519 1094 2613 desperent
1123 2529 1454 2594 debiliores,
1479 2525 1528 2581 si
1551 2528 1607 2580 ct
1636 2522 1747 2615 ipsi
1781 2519 2096 2615 aliquando

451 2608 789 2702 ceciderint,
819 2634 877 2686 et
891 2608 1196 2698 incipiunt
1224 2617 1531 2676 ostendere
1561 2613 1745 2686 prius,
1771 2609 1926 2683 quod
1950 2608 2096 2664 ratio

457 2745 568 2784 sua
594 2725 779 2781 Deum
811 2717 1122 2780 desideret,
1157 2710 1278 2767 sic:

488 2842 494 2847 -
523 2817 567 2873 Ο
599 2815 752 2870 Deus
783 2833 810 2859 ‹‹
845 2809 930 2864 ita
959 2802 1255 2860 desiderat
1283 2797 1482 2854 anima
1513 2809 1663 2858 mea,
1683 2813 1708 2840 ››
1729 2789 1787 2845 id
1810 2793 1918 2857 est,
1935 2807 2100 2862 supe-

451 2907 572 2962 rior
595 2903 684 2958 vis
733 2897 940 2956 anima:
973 2917 1000 2945 ‹‹
1033 2891 1107 2948 ad
1138 2893 1192 2946 te
1226 2912 1252 2938 ››
1285 2884 1624 2942 habendum
1655 2904 1681 2930 ‹‹
1717 2878 2096 2952 quemadmo-

453 2997 619 3061 dum,
655 3015 682 3041 υ
715 2990 772 3046 id
805 2990 917 3054 est,
946 2999 1125 3056 quam
1158 2980 1430 3035 ardenter
1459 2997 1488 3024 «
1521 2971 1814 3028 desiderat
1843 2983 2097 3061 cervus»

453 3057 786 3157 pertingere
833 3089 1022 3145 usque
1051 3093 1080 3120 «
1118 3069 1191 3157 ad
1239 3067 1432 3121 fontes
1463 3075 1789 3157 aquarum.
1827 3079 1853 3106 »
1879 3057 2100 3111 Natura

2201 554 2478 610 cordatus
2511 577 2536 601 ››
2569 553 2668 626 qui
2699 553 2865 626 prius
2894 551 3208 626 aliquando
3233 556 3438 616 oblitus
3466 561 3780 628 fueram.Ubi

2201 646 2365 699 notat
2393 659 2455 698 se
2478 643 2726 698 oblitum
2757 643 3005 698 istorum
3035 643 3216 701 fuisse
3241 663 3342 718 per
3366 665 3529 708 suum
3561 653 3778 730 lapsum,

2201 731 2354 788 tollit
2382 749 2417 788 a
2446 731 2828 788 debilioribus
2858 732 3336 805 desperationem,
3355 737 3441 794 vel
3469 745 3779 819 recordatus,

2201 821 2258 878 id
2291 826 2403 890 est,
2430 823 2491 878 in
2537 822 2828 894 frequenti
2875 821 3057 879 habui
3105 824 3445 896 cogitatione
3474 853 3501 878 «
3531 835 3584 887 et
3609 835 3782 895 deinde

2201 912 2380 968 eﬂ'udi
2411 911 2668 968 animam
2720 928 2935 984 meam,
2971 934 3000 961 »
3028 913 3087 968 id
3116 917 3222 982 est,
3253 917 3476 972 extendi
3519 937 3685 994 usque
3725 928 3785 984 ad

2201 999 2576 1056 inimicorum
2601 1001 2994 1070 dilectionem,
3009 1001 3295 1059 itatamen
3316 1006 3466 1076 quod
3483 1005 3602 1080 ipsa
3623 1012 3786 1070 anima

2204 1107 2336 1146 mea
2380 1095 2536 1146 esset
2558 1113 2586 1140 ‹‹
2620 1090 2679 1144 in
2713 1107 2826 1158 me,
2853 1113 2882 1140 »
2910 1089 2968 1146 id
3000 1095 3109 1159 est,
3134 1091 3194 1147 in
3243 1109 3370 1149 mea
3415 1099 3695 1168 potestate,
3718 1102 3786 1159 sic

2203 1183 2480 1236 contenta
2513 1195 2642 1234 meo
2674 1177 2954 1251 dominio,
2986 1180 3143 1252 quod
3194 1179 3462 1240 inimicus
3507 1203 3658 1243 meus
3694 1206 3787 1246 non

2203 1273 2402 1343 posset
2429 1286 2558 1325 eam
2592 1269 2884 1341 surripere
2907 1285 2920 1323 :
2946 1274 3004 1324 et
3025 1269 3154 1328 ideo
3175 1269 3260 1327 sic
3280 1273 3480 1351 etl'udi,
3505 1297 3531 1324 «
3552 1277 3788 1348 quoniam

2203 1359 2466 1415 transibo
2496 1375 2683 1430 usque
2713 1360 2784 1414 ad
2815 1359 3058 1415 domum
3105 1361 3228 1430 Dei,
3267 1383 3293 1410 ››
3322 1361 3378 1417 id
3408 1367 3510 1436 est,
3541 1366 3789 1424 ccelestem

2203 1447 2565 1504 Hierusalem
2588 1471 2615 1497 «
2639 1447 2900 1504 transibo
2922 1447 2982 1504 in
3008 1447 3201 1505 locum
3225 1451 3591 1523 tabernaculi,
3608 1455 3789 1526 nidest,

2203 1537 2262 1593 in
2280 1537 2611 1606 ecclesiam,
2627 1555 2754 1610 qum
2773 1535 2988 1592 dicitur
3003 1536 3188 1610 locus,
3203 1539 3343 1612 quia
3362 1546 3516 1598 extra
3533 1543 3792 1601 ecclesiam

2203 1625 2366 1682 nulla
2395 1625 2704 1698 certitudo,
2729 1626 2828 1681 sed
2859 1625 2960 1698 qui
2992 1627 3166 1684 modo
3197 1633 3337 1684 sunt
3355 1629 3413 1686 in
3433 1631 3794 1706 ecclesia,quo-

2205 1716 2520 1772 dammodo
2549 1719 2765 1770 certam
2797 1715 3062 1772 obtinent
3081 1716 3387 1775 ﬁdem.Vel
3410 1719 3467 1776 in
3485 1720 3796 1796 locum,quia

2076 1853 2094 1875 ,
2125 1852 2170 1880 η
2204 1822 2436 1877 semper
2466 1805 3060 1876 promoveturjustus
3091 1805 3152 1860 in
3184 1805 3452 1864 altiorem
3471 1809 3692 1880 gradum
3710 1811 3798 1866 vir-

2205 1899 2398 1950 tutum
2427 1912 2439 1950 :
2463 1892 2826 1949 tabernaculi
2849 1893 2977 1950 dico
3001 1917 3030 1943 «
3052 1895 3440 1965 admirabilis,
3457 1897 3551 1954 nid
3564 1899 3796 1973 est,digni

2207 1983 2592 2039 admiratione
2625 1999 2638 2037 :
2672 1987 2737 2038 ut
2765 1981 3112 2038 admirabile
3141 1984 3277 2053 fuit,
3307 1987 3459 2059 quod
3501 1988 3798 2045 Laurentius

2204 2077 2430 2130 tantam
2462 2071 2796 2144 passionem
2826 2071 3132 2128 sustinuit.

2278 2162 2565 2220 Transibo
2595 2161 2724 2217 dico
2757 2161 2829 2216 ad
2861 2161 3105 2219 domum
3136 2163 3240 2219 Dei
3277 2188 3306 2214 ‹‹
3340 2163 3398 2222 in
3419 2182 3549 2222 voce
3583 2165 3798 2223 exsulta.

2205 2253 2384 2310 tionis
2415 2256 2471 2308 et
2500 2249 2905 2307 confessionis.
2932 2273 2960 2300 ››
2985 2251 3046 2307 Id
3069 2256 3160 2308 est
3189 2253 3248 2307 in
3285 2269 3377 2310 me
3423 2254 3734 2312 exsultando
3755 2259 3802 2312 et

2205 2342 2391 2398 Deum
2421 2341 2717 2397 laudando
2741 2357 2754 2395 :
2780 2339 3165 2397 confessionis
3197 2342 3331 2399 dico
3362 2365 3390 2393 ‹‹
3415 2361 3584 2400 sonus
3601 2343 3802 2417 epulan-

2205 2433 2356 2488 tis.»
2392 2431 2452 2487 Id
2503 2434 2612 2497 est,
2647 2429 2747 2501 qui
2795 2428 2942 2484 mihi
2989 2433 3078 2486 est
3124 2432 3296 2487 tanta
3341 2432 3586 2502 refectio,
3623 2435 3804 2506 quanta

2207 2519 2438 2576 refectio
2469 2517 2762 2575 cantilena
2782 2522 2873 2574 est
2893 2517 3295 2592 epulantibus.
3329 2520 3594 2589 Sonus,id
3608 2525 3686 2578 est
3701 2520 3802 2577 dul-

2207 2610 2292 2666 cis
2322 2607 2636 2675 cantilena,
2669 2611 2728 2663 ot
2753 2611 2844 2662 est
2875 2623 3058 2664 sonus
3089 2607 3187 2664 hic
3214 2609 3459 2681 genitivi
3489 2625 3648 2668 casus
3666 2608 3803 2683 quasi

2207 2697 2457 2756 sonitus.
2489 2696 2593 2753 Vel
2623 2695 2884 2752 transibo
2916 2695 2974 2750 in
3005 2697 3252 2753 domum
3274 2698 3610 2768 Dei,ductus
3629 2699 3682 2755 in
3697 2715 3806 2754 voce

2205 2785 2612 2844 exsultationis
2641 2789 2699 2842 et
2727 2784 3132 2854 confessionis,
3154 2786 3210 2842 id
3243 2791 3363 2855 est,
3385 2787 3446 2845 in
3463 2805 3592 2846 voce
3618 2785 3810 2861 angelo-

2208 2893 2340 2932 rum
2369 2875 2792 2932 exsultantium
2823 2879 2880 2931 et
2909 2873 3281 2932 laudantium
3347 2877 3549 2948 Doum,
3581 2895 3692 2952 qua:
3729 2893 3812 2932 vox

2209 2967 2320 3022 fuit
2351 2963 2497 3020 mihi
2525 2981 2706 3020 sonus
2733 2963 3048 3038 epulantis.

2280 3053 2490 3126 Incipit
2517 3055 2588 3109 de
2637 3053 2896 3110 secunda
2943 3057 3126 3126 parte,
3159 3053 3394 3112 scilicet
3438 3056 3810 3114 animalitatem

453 3141 605 3227 cervi
635 3141 744 3232 est,
776 3168 843 3219 ut
870 3141 1011 3217 ﬂatu
1043 3155 1276 3212 uarium
1307 3150 1566 3208 attrahat
1593 3148 1654 3203 in
1686 3162 1898 3217 corpus
1923 3161 2098 3200 suum
2134 3217 2173 3232 Α
2209 3161 2380 3200 suam
2402 3141 3812 3219 coufortare.Continuatio:Quandoquidcmtrans-

449 3217 648 3313 vivum
679 3217 1032 3323 serpentem,
1063 3247 1376 3316 postquam
1409 3242 1607 3294 autem
1627 3251 1918 3290 venenum
1939 3233 2101 3290 intus
2131 3217 2174 3284 Ο
2211 3232 2308 3289 ibo
2339 3232 2400 3287 in
2430 3249 2566 3288 voce
2595 3230 3020 3299 exsultationis,
3045 3247 3182 3304 ergo
3202 3235 3286 3300 tu,
3315 3257 3352 3284 ‹‹
3377 3217 3569 3291 anima
3587 3252 3748 3303 mea,»
3765 3233 3810 3288 id

452 3340 798 3410 exardescit,
830 3337 996 3392 ardet
1022 3333 1141 3398 siti,
1175 3335 1233 3386 et
1260 3325 1442 3384 currit
1469 3326 1543 3381 ad
1575 3325 1796 3380 fontem
1818 3323 2099 3390 vivum,et

453 3433 590 3489 inde
620 3428 892 3492 refectus,
925 3419 1164 3496 deponit
1192 3433 1412 3473 cornua
1442 3419 1500 3470 et
1526 3413 1697 3486 pilos,
1721 3417 1777 3468 et
1798 3413 2094 3484 rcjuvene-

451 3521 566 3580 seit
589 3537 602 3577 :
627 3521 710 3575 ita
739 3512 926 3574 sancti
956 3509 1169 3568 imbuti
1199 3521 1420 3562 veneno
1453 3500 1690 3569 diaboli,
1714 3499 1938 3557 scilicet
1964 3517 2095 3572 pec-

449 3610 618 3680 catis,
649 3608 895 3664 currunt
923 3601 992 3658 ad
1027 3600 1212 3656 Deum
1244 3593 1610 3668 pwnitcntcs,
1642 3608 1746 3663 per
1791 3605 1964 3662 quem
1995 3590 2093 3645 de-

449 3700 678 3772 ponunt
705 3707 939 3750 omnem
971 3688 1344 3745 vetustatem.

495 3787 657 3844 .Dico
679 3782 832 3857 quod
855 3780 1056 3837 anima
1078 3773 1372 3832 desiderat
1393 3768 1780 3840 modo,etjam
1802 3766 1976 3857 etiam
2001 3767 2096 3822 de-

446 3855 805 3941 sideravit,et
822 3870 934 3926 hoc
962 3872 1082 3924 est:
1106 3890 1132 3915 α
1159 3861 1352 3930 Sitivit
1379 3859 1577 3916 anima
1608 3872 1738 3912 mea
1758 3856 1830 3912 ad
1849 3855 2037 3912 Deum
2060 3878 2088 3904 ‹‹

446 3964 784 4020 habendum
806 3977 820 4013 :
843 3959 1028 4014 Deum
1051 3955 1180 4011 dico
1203 3977 1230 4004 «
1255 3953 1498 4018 fontem,
1519 3970 1545 3997 ››
1569 3946 1708 4019 quia
1727 3946 1850 4018 ipse
1875 3950 1964 4002 est
1983 3945 2094 4001 ori-

447 4066 520 4124 go
550 4049 734 4105 totius
763 4046 922 4102 boni.
947 4046 1186 4099 Fentem
1216 4041 1344 4096 dico
1369 4063 1394 4088 ‹‹
1419 4039 1636 4108 vivum,
1664 4059 1692 4086 ››
1715 4035 1852 4108 quia
1878 4035 2004 4108 ipse
2031 4033 2090 4089 in

447 4142 729 4192 internum
779 4133 938 4199 vivit,
970 4136 1029 4186 et
1075 4130 1174 4200 qui
1224 4144 1360 4184 eum
1410 4131 1669 4199 gustant,
1705 4125 1844 4180 facit
1885 4141 1985 4180 eos
2030 4124 2089 4179 in

445 4229 728 4281 aeternum
755 4220 965 4275 vivere.
997 4217 1102 4270 Vel
1130 4217 1314 4272 Deum
1340 4215 1580 4281 fontem,
1609 4213 1748 4284 quia
1777 4214 1902 4284 ipse
1929 4213 2090 4269 solus

445 4315 641 4387 potest
669 4325 774 4366 nos
805 4307 1026 4378 eripere
1047 4304 1118 4359 de
1140 4305 1423 4373 potestate
1442 4300 1659 4356 diaboli
1686 4317 1698 4353 :
1725 4324 1752 4349 ‹‹
1777 4307 1836 4354 et
1856 4303 2090 4370 quando

441 4401 672 4458 veniam
703 4401 836 4454 ante
867 4393 1072 4450 faciem
1106 4389 1247 4447 Dei?
1282 4411 1308 4438 ››
1341 4389 1398 4443 id
1428 4392 1536 4455 est,
1570 4389 1629 4442 in
1661 4388 1971 4458 praesentia
2001 4389 2086 4460 ip-

441 4489 591 4557 sius,
615 4493 680 4544 ut
697 4499 1047 4559 cognoscam
1075 4497 1210 4536 eum
1233 4480 1406 4550 prout
1425 4479 1531 4531 est.
1554 4475 1716 4531 Unde
1735 4474 2046 4546 Apostolus
2071 4495 2083 4532 :

441 4602 474 4630 ‹‹
500 4579 668 4634 Nunc
694 4576 962 4632 videmus
992 4571 1052 4626 in
1083 4569 1414 4640 aenigmate,
1443 4568 1582 4620 tunc
1612 4567 1808 4620 autem
1838 4564 1982 4620 facie
2013 4566 2085 4624 ad
2117 4584 2164 4648 ι)

439 4665 648 4724 faciem
673 4665 722 4733 (I
737 4665 858 4720 Cor.
872 4663 998 4730 xm)
1024 4677 1038 4716 :
1065 4682 1092 4708 ››
1115 4663 1174 4714 et
1187 4663 1328 4714 tunc
1346 4654 1580 4727 ego,qui
1603 4653 1662 4708 in
1686 4652 1794 4708 hac
1814 4653 1930 4708 vita
1951 4652 2080 4708 nul-

439 4753 556 4812 lius
584 4753 754 4825 pretii
785 4745 1354 4824 appareo,apparebo
1386 4742 1577 4816 qualis
1607 4741 1888 4798 sim.Dico
1909 4764 1935 4791 α
1959 4742 2086 4798 siti-

2207 3323 2315 3386 εδει,
2349 3317 2683 3374 animalitas
2715 3318 2844 3374 mea
2871 3319 2915 3366 ‹‹’
2933 3334 3110 3389 quare
3141 3317 3336 3376 tristis
3369 3323 3475 3378 es?
3498 3345 3524 3372 ››
3553 3325 3606 3378 et
3631 3345 3657 3371 «
3685 3336 3762 3376 me
3787 3341 3809 3368 η

2207 3406 2571 3479 superiorem
2621 3406 2737 3461 vim
2770 3428 2798 3456 «
2834 3423 3016 3478 quare
3063 3407 3433 3467 conturbas?
3466 3433 3492 3460 υ
3523 3413 3690 3478 Quam
3728 3407 3810 3464 ali-

2207 3497 2440 3570 quando
2471 3495 2576 3551 tibi
2605 3495 2823 3552 dolenti
2855 3495 2998 3552 facis
3027 3495 3362 3554 condolere.

2275 3585 2403 3642 Noli
2435 3601 2563 3642 esse
2604 3583 2810 3652 tristis,
2845 3583 2946 3640 sed
2972 3605 3003 3634 u
3036 3601 3207 3656 spera
3249 3583 3310 3640 in
3367 3587 3482 3645 Deo
3515 3611 3541 3638 »
3572 3591 3626 3644 et
3665 3587 3812 3643 debes

2205 3677 2413 3746 facere,
2439 3697 2466 3724 ‹‹
2501 3673 2779 3746 quoniam
2816 3696 2843 3722 »
2875 3689 2980 3745 ego
3011 3673 3317 3731 confessus
3341 3698 3374 3726 «
3398 3676 3584 3734 adhuc
3611 3675 3812 3732 conﬁte-

2203 3765 2310 3820 bor
2338 3763 2442 3831 illi,
2469 3784 2496 3813 ››
2531 3763 2640 3818 hoc
2671 3761 2912 3832 scilicet,
2931 3765 3016 3832 tu,
3041 3763 3138 3834 qui
3175 3779 3237 3819 es
3263 3785 3291 3814 ‹‹
3313 3764 3621 3835 salutare,»
3647 3764 3700 3820 id
3724 3760 3810 3834 esi,

2159 3867 2166 3878 '
2204 3852 2468 3910 Salvator
2491 3869 2678 3914 meus.
2713 3849 3008 3924 particeps
3037 3851 3228 3908 factus
3249 3873 3278 3902 «
3311 3855 3431 3910 mei
3481 3853 3685 3926 vultus,
3717 3875 3741 3902 ››
3765 3851 3810 3906 id

2202 3948 2310 4010 est,
2345 3959 2486 3996 meae
2517 3939 2922 4008 humanitatis,
2954 3939 3179 3997 scilicet
3209 3941 3388 4000 homo
3420 3960 3481 4000 es
3511 3968 3536 3995 ‹‹
3561 3947 3615 4000 et
3632 3943 3809 4013 Deus,»

2201 4031 2260 4087 id
2291 4034 2400 4098 est,
2433 4029 2668 4085 Greater
2696 4051 2722 4078 «
2759 4045 2945 4083 meus.
2980 4049 3008 4078 ››

2271 4121 2341 4176 Et
2371 4119 2499 4175 ideo
2531 4117 2709 4173 debes
2748 4133 3004 4188 sperare,
3037 4117 3177 4189 quia
3225 4122 3384 4191 quod
3417 4145 3444 4170 ‹‹
3479 4121 3665 4178 anima
3707 4135 3814 4175 mea

2201 4209 2433 4266 turbata
2464 4211 2552 4263 cst
2581 4228 2608 4256 η
2643 4229 2670 4255 ‹‹
2706 4206 2777 4261 ad
2812 4206 3125 4277 mcipsum,
3159 4228 3187 4258 »
3221 4207 3280 4262 id
3312 4213 3425 4282 est,
3461 4228 3575 4266 non
3611 4207 3814 4266 aliunde

2199 4298 2433 4352 turbata
2462 4300 2550 4352 est
2584 4295 2780 4350 anima
2827 4311 2976 4362 mea,
3012 4294 3125 4352 nisi
3155 4313 3225 4351 ex
3253 4313 3348 4352 me
3384 4315 3396 4354 :
3433 4303 3490 4356 et
3521 4298 3626 4354 hoc
3651 4294 3813 4352 mani-

2199 4386 2344 4442 feste
2375 4384 2518 4440 dicit
2547 4381 2661 4439 alia
2691 4381 3015 4451 translatio,
3049 4400 3175 4456 qua:
3208 4385 3420 4444 habet:
3457 4406 3491 4444 a
3513 4386 3817 4460 meipso;ct

2199 4474 2338 4546 quia
2367 4489 2434 4528 ex
2461 4487 2553 4526 me
2583 4472 2818 4526 turbata
2846 4476 2955 4542 est,
2980 4495 3010 4522 «
3031 4478 3340 4546 propterea
3363 4499 3392 4526 υ
3415 4494 3448 4534 o
3481 4476 3632 4532 Deus
3660 4499 3686 4523 ‹‹
3715 4489 3813 4528 mc-

2199 4579 2327 4616 mor
2355 4576 2452 4614 cro
2485 4559 2570 4614 tui
2603 4581 2624 4607 ιι
2661 4558 2763 4630 qui
2811 4577 3019 4617 sanare
3071 4565 3235 4634 potes
3270 4586 3298 4615 «
3329 4565 3400 4620 de
3433 4569 3590 4621 terra
3631 4560 3816 4621 Jorda-

2193 4649 2310 4719 nis,
2337 4671 2363 4700 »
2398 4649 2455 4704 id
2487 4651 2594 4716 cst,
2628 4649 2701 4704 dc
2731 4664 2824 4704 me
2853 4651 3178 4706 secundum
3209 4651 3318 4708 hoc
3350 4655 3509 4726 quod
3542 4658 3690 4710 terra
3715 4651 3814 4706 fac-

2195 4744 2295 4797 tus
2327 4755 2480 4808 sum,
2507 4736 2856 4794 fructiﬁcata
2883 4754 2988 4810 per
3008 4739 3510 4811 baptismum.Per
3527 4740 3816 4800 Jordanem

436 4845 522 4902 vit
548 4841 748 4900 anima
777 4856 928 4905 mea,
953 4859 982 4888 ››
1005 4841 1062 4893 et
1090 4837 1232 4891 dum
1260 4831 1506 4898 sitirem,
1534 4831 1715 4887 habui
1747 4829 2086 4888 refectioncs
2193 4828 2517 4900 accipimus
2543 4825 2930 4899 baptismum,
2963 4825 3104 4899 quia
3133 4827 3192 4883 in
3237 4845 3303 4886 eo
3352 4831 3466 4886 fuit
3513 4829 3816 4904 baptizatus

436 4933 584 5007 quas
614 4929 898 4988 fundebat
925 4923 1262 4983 animalitas
1292 4919 1510 4976 afﬂicta
1531 4919 1788 4976 miseriis
1808 4918 1988 4990 hujus
2009 4919 2062 4975 Vi

435 5025 546 5079 tae:
574 5025 633 5078 et
663 5019 773 5076 hoc
799 5021 889 5074 est
909 5039 938 5066 ‹‹
959 5014 1228 5086 lacryma:
1251 5025 1412 5079 mere,
1439 5032 1468 5058 ››
1489 5008 1546 5064 id
1568 5013 1676 5075 est,
1701 5025 1843 5064 more
1866 5007 2084 5065 anima-

436 5108 620 5167 litatis
641 5134 670 5162 «
693 5109 932 5166 fuerunt
952 5102 1097 5160 mihi
1114 5125 1140 5151 υ
1153 5098 1476 5157 secundum
1499 5097 1783 5152 rationem
1797 5121 1824 5146 ‹‹
1841 5113 2080 5169 panes,»

436 5197 496 5253 id
526 5203 636 5265 est,
669 5197 1013 5254 refectiones
1035 5216 1064 5243 «
1087 5191 1180 5248 die
1211 5205 1277 5245 ac
1311 5191 1500 5248 nocte.
1521 5209 1548 5235 ››
1573 5185 1629 5240 id
1661 5189 1766 5242 est.
1803 5186 2038 5242 assidue
2063 5205 2074 5243 :

435 5282 704 5358 lacrymze
734 5285 862 5342 dico
891 5301 959 5340 ex
988 5282 1097 5337 hoc
1143 5277 1354 5335 habite
1386 5299 1413 5326 «
1447 5276 1610 5342 dum,
1648 5297 1676 5324 ››
1707 5273 1765 5329 id
1797 5279 1905 5341 est,
1939 5275 2079 5345 quia

439 5394 462 5420 ι
497 5373 714 5429 dicitur
743 5373 912 5437 mihi,
945 5371 1051 5427 Ubi
1082 5377 1170 5426 est
1199 5369 1352 5424 Deus
1404 5363 1582 5420 tuus?
1616 5387 1642 5410 ››
1676 5363 1890 5417 Putant
1921 5364 2076 5418 enim

433 5459 572 5515 mali
595 5460 792 5530 justos
823 5461 1005 5515 Deum
1038 5477 1154 5514 non
1186 5457 1420 5526 habere,
1451 5455 1592 5509 dum
1625 5452 1707 5508 sic
1753 5451 1949 5507 vident
1977 5469 2076 5507 eos

433 5546 912 5602 tribulationibus
944 5547 1230 5604 subditos.

499 5659 532 5688 ι(
563 5635 693 5692 Haec
708 5656 736 5683 »
753 5633 1169 5707 quasipraedicta
1183 5638 1343 5701 sunt,
1357 5630 1578 5688 scilicet
1601 5631 1860 5688 animum
1881 5645 2072 5684 meam

2192 4917 2480 4984 Christus,
2513 4933 2582 4972 ex
2611 4932 2726 4988 quo
2759 4914 2928 4972 nobis
2956 4917 3242 4988 processit
3287 4919 3618 4993 baptismus
3651 4935 3664 4974 :
3696 4910 3819 4989 quia

2193 5005 2524 5078 baptismus
2554 5003 2813 5076 irrigans
2841 5021 2948 5060 nos
2978 5009 3035 5061 et
3063 5003 3266 5063 lavans
3295 5007 3698 5080 peccata,facit
3726 5019 3816 5060 nos
3851 5012 3856 5016 '

2190 5100 2405 5152 terram
2437 5091 2815 5148 fructiferam.
2850 5094 2919 5148 Et
2947 5093 3086 5165 quia
3109 5094 3386 5154 Jordanis
3415 5098 3728 5154 descensus
3749 5092 3819 5147 in-

2185 5185 2560 5255 terpretatur,
2593 5181 2653 5237 in
2687 5181 2796 5238 hoc
2825 5185 3100 5240 notamus
3123 5183 3550 5258 humilitatem,
3570 5200 3740 5258 quam
3765 5181 3816 5236 in

2187 5271 2478 5344 baptismo
2490 5271 2945 5339 habemus,dum
2959 5288 3237 5345 pompam
3264 5273 3478 5330 diaboli
3505 5275 3585 5346 rej
3597 5273 3816 5328 icimus:

2185 5367 2242 5417 et
2267 5379 2362 5416 ero
2396 5377 2619 5416 memor
2641 5360 2726 5415 tui
2755 5360 2825 5414 de
2859 5363 3012 5416 terra
3041 5385 3066 5410 ‹‹
3103 5361 3484 5434 Hermoniim,
3515 5387 3544 5412 υ
3567 5363 3625 5417 id
3647 5359 3818 5427 est,dc

2186 5450 2432 5521 meipso,
2455 5450 2779 5506 secundum
2811 5447 2920 5504 hoc
2943 5451 3098 5520 quod
3130 5468 3264 5506 sum
3298 5469 3580 5524 separans
3604 5448 3818 5517 a-mc,et

2185 5537 2685 5595 anathematizans
2705 5553 2908 5594 omnes
2930 5542 3120 5596 sectas
3141 5539 3814 5597 hmreticorumJlermon

2185 5643 2438 5696 namque
2459 5625 2544 5682 vcl
2567 5625 3465 5698 Hermoniim,anatbcmatizatio
3485 5627 3818 5699 interpreta-
