4048 6180
204 345 312 413 3H

1387 347 1484 408 EX
1494 343 1884 407 PLANATIO
1925 341 2007 407 IN
2049 344 2434 412 PSALMOS.

3491 354 3610 419 342

205 488 321 552 tur,
355 481 585 540 scilicet
618 505 646 533 α
678 499 714 538 0
740 483 938 538 11101110
971 479 1223 552 modice,
1255 503 1286 532 ιι
1317 480 1376 536 id
1407 485 1514 549 est,
1547 498 1580 536 a
1612 480 1855 554 meipso,
1885 475 1942 544 Α
1972 478 2028 534 id
2059 482 2166 548 est,
2201 479 2341 552 quia
2373 503 2400 532 «
2431 481 2638 537 dicunt
2668 479 2811 537 mihi
2859 498 2962 554 per
3003 460 3268 557 singulos
3317 485 3461 555 dies,
3503 486 3612 544 Ubi

205 575 304 648 qui
335 574 532 629 factus
564 588 699 628 sum
736 588 907 628 mons
939 570 1268 627 secundum
1317 570 1697 626 eminentiam
1742 569 1857 625 vir-

203 668 422 731 tutum,
439 662 543 718 sed
579 666 777 717 tamen
799 659 1032 716 modico
1064 661 1388 716 secundum
1407 659 1854 715 humanitatem.

202 755 457 812 Hermon
493 750 734 823 quidam
765 767 938 806 mons
990 754 1079 804 est
1129 766 1338 822 parum
1377 749 1604 806 distans
1649 767 1682 804 a
1729 748 1856 804 Jor-

200 845 371 900 dane.

268 933 343 988 Et
373 934 686 1004 propterea
715 928 891 984 etiam
919 944 1149 984 memor
1179 944 1276 983 cro
1307 928 1412 994 tui,
1445 928 1586 999 quia
1601 930 1657 982 et
1677 927 1735 981 in
1757 926 1860 982 Ve-

200 1020 308 1076 teri
342 1024 403 1076 et
432 1018 495 1076 in
544 1019 701 1074 Novo
752 1018 1129 1073 Testamento
1182 1015 1546 1089 promittitur
1590 1015 1857 1072 liberatio

202 1108 586 1182 sperantibus
607 1105 669 1161 in
693 1105 960 1171 Domino,
980 1105 1166 1161 ethoc
1203 1104 1374 1160 dicit:
1403 1126 1430 1155 «
1453 1106 1735 1177 Abyssus,
1751 1126 1778 1155 »
1799 1104 1857 1159 id

203 1203 310 1266 est,
333 1198 566 1254 Novum
589 1195 710 1251 sive
726 1193 909 1250 Vetus
930 1195 1370 1250 Testamentum
1397 1216 1424 1244 «
1449 1195 1678 1250 invocat
1698 1195 1858 1266 abys-

203 1304 362 1355 sum,
401 1309 422 1334 n
461 1285 519 1340 id
552 1288 644 1340 est
672 1281 831 1339 aliud
864 1283 1330 1338 Testamentum.
1364 1284 1586 1338 Novum
1631 1283 1861 1338 invocat

203 1377 411 1446 Vetus,
429 1372 604 1446 quasi
627 1371 1033 1428 testimonium
1047 1372 1160 1428 sui.
1174 1372 1354 1427 Vetus
1369 1371 1855 1435 invocatNovum,

207 1467 277 1524 ad
312 1462 735 1535 complendum
757 1477 826 1516 ea
853 1477 980 1532 qua:
1005 1460 1424 1532 promittentur
1454 1460 1512 1514 in
1534 1459 1861 1515 Veteri.Per

208 1554 494 1626 abyssum
528 1549 658 1606 ideo
688 1549 1135 1604 Testamentum
1167 1547 1575 1621 intelligimus,
1610 1547 1747 1620 quia
1780 1547 1858 1602 81-

208 1645 305 1698 0111
337 1640 594 1712 abyssus
618 1641 707 1693 est
738 1653 952 1708 magna
992 1636 1380 1709 profunditas,
1415 1637 1498 1692 ita
1547 1637 1604 1691 in
1654 1638 1858 1692 Testa-

206 1727 424 1786 mentis
455 1731 546 1783 est
570 1742 786 1798 magna
812 1725 1184 1797 profunditas
1214 1725 1516 1798 sapientiae
1557 1730 1613 1780 et
1661 1725 1857 1797 cogni-

1966 571 2055 624 est
2089 569 2238 625 Deus
2271 570 2447 626 tuus?
2478 592 2505 620 ι»

2037 657 2347 714 Concludit
2395 676 2461 715 ex
2511 660 2784 716 omnibus
2834 661 3162 734 praepositis
3217 664 3433 732 causis,
3468 682 3534 721 ac
3565 665 3611 724 si

1969 745 2049 800 ita
2079 746 2298 803 diceret
2332 764 2342 801 :
2382 771 2408 797 «
2437 749 2580 814 Quia
2628 767 2696 805 ex
2732 751 2843 805 Deo
2875 750 3233 822 baptismum
3264 751 3469 821 habeo,
3505 755 3614 810 1111-

1969 836 2343 892 sericordiam
2378 841 2529 910 apud
2566 855 2658 894 me
2689 839 3036 908 orationem,
3070 844 3128 895 et
3157 839 3272 896 alia
3299 858 3427 913 qua:
3458 842 3617 900 dicta

1970 929 2109 982 sunt
2142 942 2154 979 :
2191 926 2319 982 ideo
2365 931 2426 982 tu
2461 949 2488 976 «
2523 927 2722 983 anima
2762 945 2912 995 mea,
2945 950 2974 978 »
3011 928 3067 983 id
3113 932 3221 996 est,
3253 929 3610 1001 animalitas,

1970 1032 2086 1070 non
2118 1016 2296 1071 debes
2327 1015 2686 1082 contristari,
2711 1021 2769 1072 et
2803 1037 2829 1066 α
2863 1033 3042 1088 quare
3087 1017 3274 1075 tristis
3303 1035 3384 1088 es,
3419 1021 3618 1077 anima

1971 1121 2101 1160 mea
2118 1104 2146 1159 ‘I
2170 1109 2232 1160 ut
2261 1122 2461 1177 supra.

2457 1194 2527 1250 IN
2571 1194 2918 1250 PSALMUM
2959 1195 3124 1251 XLII.

2254 1285 2532 1338 Ti'ruws.
2577 1284 2639 1338 In
2667 1284 2831 1353 ﬁnem
2859 1283 3110 1339 Psalmus
3139 1285 3328 1340 David.
3426 1341 3438 1347 -

2045 1393 2071 1419 ‹‹
2104 1371 2316 1427 Judica
2348 1389 2459 1439 me,
2495 1373 2669 1426 Deus.
2706 1394 2732 1420 η
2769 1371 3039 1429 Psalmus
3069 1374 3181 1429 iste
3209 1375 3480 1430 convenit
3513 1377 3617 1431 Da-

1969 1461 2064 1514 vid
2097 1462 2154 1515 id
2187 1466 2294 1527 est,
2330 1460 2503 1516 alicui
2537 1462 2694 1528 justo
2727 1461 2942 1517 afﬂicto
2975 1463 3230 1519 miseriis
3260 1464 3438 1537 hujus
3465 1464 3617 1536 vitae,

1971 1549 2233 1620 dirigens
2265 1566 2370 1604 nos
2403 1550 2460 1604 in
2495 1550 2692 1604 finem.
2729 1549 2973 1606 Materia
3003 1555 3092 1607 est
3137 1557 3359 1625 martyr
3404 1553 3620 1626 aliquis

1972 1639 2226 1694 afﬂictus
2259 1637 2461 1692 multis
2507 1637 2697 1705 malis,
2729 1639 2800 1694 de
2855 1655 2969 1710 qua
3015 1639 3094 1695 ita
3143 1641 3282 1714 agit.
3317 1643 3380 1698 In
3429 1643 3619 1715 prima

1971 1732 2134 1799 parte
2166 1727 2247 1782 ita
2277 1726 2528 1782 afﬂictus
2553 1727 2775 1798 justus,
2811 1727 2955 1799 petit
2984 1731 3220 1785 tandem
3253 1731 3510 1802 separari
3543 1733 3616 1788 ab

203 1818 383 1876 tionis
405 1816 510 1872 Dei
543 1831 559 1870 :
593 1819 650 1871 et
681 1813 957 1913 quaelibet
981 1813 1229 1886 abyssus
1261 1814 1518 1913 ostendit
1565 1813 1858 1868 liberatio-
1889 1848 1937 1913 Β
1971 1815 2190 1888 impiis.
2225 1815 2286 1870 In
2315 1815 2569 1870 secunda
2602 1819 2764 1887 parte
2794 1833 2856 1871 se
2883 1816 3137 1873 affirmat
3167 1819 3523 1875 intraturum
3554 1820 3614 1875 in

202 1924 336 1964 nem
367 1921 596 1972 eorum,
613 1903 713 1976 qui
740 1919 1027 1959 memores
1049 1908 1191 1958 sunt
1211 1902 1464 1959 Domini.
1482 1903 1643 1969 Quod
1659 1906 1856 1957 autem

201 1998 453 2070 abyssus
501 1993 588 2050 sic
639 1993 873 2048 invocat
924 1993 1203 2065 abyssum
1257 1992 1667 2065 cognoscimus
1721 2014 1746 2040 ‹‹
1799 1990 1858 2045 111

201 2102 341 2142 voce
375 2086 808 2140 cataractarum
839 2085 1096 2148 tuarum,
1131 2103 1159 2130 n
1197 2081 1254 2135 id
1289 2081 1473 2147 cst,in
1505 2078 1860 2152 praedicatio-

204 2192 277 2231 ne
308 2172 737 2246 prophetarum
770 2173 825 2224 et
855 2168 1606 2241 apostelorum,Cataractze
1631 2167 1860 2240 proprie

205 2265 490 2321 dicuntur
517 2260 921 2332 aqumductus.
955 2257 1013 2313 id
1044 2261 1152 2325 est,
1188 2257 1352 2314 locus
1392 2257 1546 2312 unde
1595 2256 1777 2311 currit
1805 2261 1863 2312 et

205 2350 419 2410 ebullit
469 2366 668 2422 aqua:
713 2348 796 2403 ita
846 2347 1032 2402 sancti
1082 2346 1328 2420 apostoli
1377 2351 1433 2402 et
1479 2345 1793 2418 prophetae,
1827 2362 1861 2400 a

209 2442 434 2516 quibus
468 2439 638 2496 nobis
667 2437 874 2494 deﬂuit
895 2455 1027 2493 vera
1058 2436 1344 2492 doctrina.

279 2532 431 2588 Item
463 2544 691 2584 memor
732 2543 828 2582 ere
860 2526 966 2595 tui,
999 2530 1236 2598 propter
1273 2525 1402 2592 hoc,
1436 2525 1572 2597 quia
1607 2545 1634 2572 υ
1665 2523 1864 2578 omnia

214 2619 452 2687 excelsa
479 2621 603 2684 tua,
643 2639 664 2664 ι
700 2616 756 2670 id
787 2619 894 2681 est,
935 2614 1230 2688 graviores
1278 2631 1482 2686 pmnae,
1513 2611 1691 2668 veluti
1737 2612 1865 2684 ipsa

205 2726 394 2776 mors,
428 2711 489 2763 et
520 2707 736 2762 ﬂuctus
766 2704 874 2769 tui,
908 2725 935 2752 »
968 2704 1026 2758 id
1057 2707 1146 2758 est
1177 2702 1420 2758 leviores
1449 2720 1652 2774 poena},
1685 2700 1861 2756 veluti

205 2800 422 2865 fames,
455 2799 512 2851 et
540 2792 759 2850 similia
792 2815 818 2844 ‹‹
857 2793 1215 2848 transierunt
1246 2809 1422 2863 super
1453 2808 1566 2856 me,
1600 2812 1627 2840 »
1662 2791 1718 2845 id
1752 2793 1859 2856 est,

205 2887 344 2942 licet
377 2901 472 2940 me
504 2880 969 2955 submergantin
990 2881 1099 2936 hac
1122 2881 1258 2949 vita,
1285 2885 1481 2936 tamen
1513 2880 1863 2952 quandoque

203 2973 572 3031 transibunt.
991 3016 1006 3030 .

279 3061 498 3120 Positis
526 3059 722 3115 causis
770 3075 952 3131 quare
1001 3059 1208 3114 debeat
1258 3075 1483 3113 memor
1520 3074 1667 3126 esse,
1702 3057 1866 3129 ponit

208 3169 423 3209 causas
450 3167 556 3222 per
577 3165 724 3220 quas
748 3146 952 3220 possit.
969 3146 1340 3202 Continuatio
1362 3164 1373 3202 :
1396 3147 1527 3201 Ideo
1545 3147 1721 3201 etiam
1742 3163 1862 3200 me-

1968 1904 2347 1959 s‘ecretarium
2396 1903 2518 1959 Dei.
2575 1905 2637 1959 In
2687 1905 2859 1960 tertia
2917 1911 3078 1978 parte
3127 1907 3395 1964 hortatur
3443 1926 3613 1965 suam

1968 1991 2417 2059 animalitatem,
2452 1997 2516 2048 ut
2547 1997 2740 2065 speret
2771 1993 2828 2047 in
2860 1995 3126 2051 Domino.
3162 1997 3612 2063 Intenditenim

1968 2083 2294 2137 confortare
2324 2098 2491 2136 suam
2517 2081 2937 2138 animalitatem
2969 2088 3025 2139 et
3053 2083 3294 2141 debiles.

2041 2170 2160 2225 Vox
2189 2171 2464 2242 martyris
2495 2170 2774 2225 dicentis:
2803 2194 2823 2219 α
2848 2171 3056 2227 Judica
3077 2173 3422 2230 me.Deus.»
3442 2175 3620 2240 Et,ne

1973 2259 2395 2331 intelligeretur
2426 2258 2660 2330 penitus
2683 2259 2938 2331 judicari
2967 2260 3133 2328 velle,
3169 2262 3252 2317 ita
3279 2263 3435 2334 quod
3467 2263 3620 2318 Deus

1970 2348 2235 2403 intendat
2265 2365 2392 2419 qua:
2425 2349 2546 2402 sint
2577 2347 2636 2402 in
2667 2365 2733 2403 eo
2783 2348 2955 2417 bona,
2989 2353 3045 2404 et
3076 2367 3202 2422 quas
3254 2351 3427 2420 mala,
3463 2352 3618 2424 quod

1970 2438 2210 2508 quidem
2243 2437 2302 2491 in
2335 2436 2495 2491 omni
2520 2437 2683 2508 justo
2715 2442 2871 2493 esset
2901 2439 3252 2511 arrogantia,
3279 2439 3408 2495 ideo
3439 2440 3624 2496 deter-

1972 2526 2159 2581 minat
2191 2526 2486 2598 quomodo
2517 2530 2674 2598 petat
2695 2524 2974 2598 judicari,
3007 2527 3250 2594 scilicet,
3290 2551 3310 2578 ι
3357 2529 3622 2584 discerne

1971 2631 2211 2670 causam
2244 2630 2436 2670 meam
2469 2615 2539 2670 de
2569 2619 2740 2686 gente
2772 2631 2887 2670 non
2925 2621 3148 2684 sancta,
3184 2639 3212 2668 η
3248 2616 3304 2673 id
3337 2622 3446 2686 est,
3481 2635 3624 2674 con-

1971 2704 2163 2759 sidcra
2187 2708 2371 2758 totam
2403 2703 2584 2758 vitam
2617 2717 2809 2758 meam
2841 2703 3154 2760 discretam
3201 2710 3258 2761 et
3288 2711 3618 2779 separatam

1972 2810 2007 2849 a
2052 2791 2168 2848 vita
2216 2793 2406 2863 gentis
2457 2808 2571 2846 non
2621 2795 2946 2860 80110110,οι
2995 2793 3230 2849 tandem
3264 2811 3472 2867 separa
3502 2813 3616 2865 me,

1973 2883 2130 2953 quod
2164 2885 2254 2936 est
2284 2904 2310 2930 ‹‹
2345 2897 2501 2946 erue,
2535 2901 2561 2930 »
2592 2880 2746 2951 quod
2791 2881 3053 2935 futurum
3104 2885 3193 2936 est
3239 2882 3299 2937 in
3341 2883 3566 2956 judicio
3601 2900 3614 2938 :

1975 2994 2002 3023 «
2035 2972 2105 3026 ab
2151 2970 2388 3024 homine
2437 2967 2657 3039 iniquo,
2693 2991 2719 3018 ››
2757 2968 2813 3023 id
2865 2973 2974 3036 est,
3009 2970 3316 3027 manifeste
3368 2971 3613 3028 faciente

1973 3061 2146 3125 111010,
2185 3081 2212 3108 ‹‹
2244 3063 2303 3113 01
2333 3057 2554 3125 (101080,
2588 3080 2614 3106 ››
2651 3057 2707 3112 id
2738 3063 2846 3126 est,
2880 3058 3103 3114 occulte
3132 3065 3395 3116 nocente.

2044 3151 2112 3204 Et
2156 3148 2331 3203 debes
2379 3164 2601 3215 eruere,
2638 3147 2835 3217 «quia
2877 3151 2940 3201 tu
2992 3164 3074 3214 es,
3110 3148 3286 3218 Deus,
3337 3137 3618 3205 fortitudo

212 3259 340 3298 mor
361 3238 642 3310 ero,quia
676 3261 697 3287 (ι
734 3237 1020 3292 Dominus
1041 3235 1356 3302 mandavit,
1389 3256 1416 3284 »
1449 3235 1506 3290 id
1530 3235 1864 3306 cst,promi-
1893 3216 1951 3283 Ο·
1977 3255 2125 3304 11100,
2159 3259 2186 3286 ››
2219 3236 2275 3289 id
2308 3241 2418 3302 est,
2445 3235 2680 3290 Crcater
2710 3252 2896 3304 meus,
2930 3239 2987 3290 et
3016 3252 3194 3292 causa
3242 3216 3425 3294 totius
3475 3254 3618 3293 mea)

213 3332 290 3387 sit
321 3353 348 3381 «
383 3326 854 3384 misericordiam
887 3341 1056 3380 suam
1088 3324 1146 3378 in
1180 3324 1294 3388 die,
1329 3347 1353 3373 ι)
1391 3325 1446 3378 id
1499 3329 1607 3389 est,
1641 3323 1698 3377 in
1732 3341 1864 3394 pro-

215 3419 536 3493 spcritate:
575 3437 602 3465 ‹‹
635 3419 692 3471 01
721 3419 912 3482 110010,
950 3436 969 3460 n
1007 3412 1064 3467 id
1097 3417 1202 3479 est,
1240 3413 1616 3468 adversitate:
1643 3430 1754 3467 non
1778 3413 1864 3466 di-

216 3524 341 3564 cam
375 3502 751 3576 simpliciter,
768 3501 868 3557 sed
906 3522 934 3550 «
965 3500 1261 3555 canticum
1295 3500 1487 3571 ejus,»
1525 3501 1579 3555 id
1605 3504 1712 3567 est,
1738 3505 1866 3555 tan-

216 3600 334 3652 tam
366 3598 426 3650 et
458 3599 582 3647 tam
615 3589 986 3645 manifestam
1018 3587 1501 3654 misericordiam,
1535 3605 1662 3658 quae
1702 3587 1870 3642 nobis

216 3685 442 3740 confert
505 3695 780 3751 magnam
852 3674 1319 3732 exsultationem.
1377 3676 1503 3732 Alia
1569 3677 1870 3732 translatio

215 3773 394 3829 habet
426 3788 441 3826 :
477 3775 535 3826 et
567 3771 735 3824 nocte
766 3763 1160 3822 manifestavit
1185 3782 1314 3820 eam
1351 3764 1833 3820 misericordiam.

287 3860 462 3917 Ponit
513 3857 654 3913 item
704 3872 945 3912 causam
992 3871 1093 3927 per
1144 3870 1323 3925 quam
1373 3854 1558 3926 possit
1594 3871 1723 3909 esse
1756 3872 1875 3909 mc-

221 3967 369 4006 mor.
404 3949 564 4004 Deus
597 3947 698 4001 dat
729 3943 872 4000 mihi
906 3942 1390 4010 misericordiam,
1425 3947 1480 3996 et
1516 3963 1541 3989 «
1575 3942 1756 3997 oratio
1790 3947 1880 3998 est

218 4039 371 4112 apud
407 4054 526 4103 me,
561 4057 588 4086 1)
619 4035 677 4090 id
723 4037 833 4099 est,
869 4032 1055 4086 habeo
1088 4032 1241 4102 apud
1297 4047 1390 4085 me
1443 4031 1729 4106 rationem
1781 4047 1882 4102 per

223 4143 404 4200 quam
435 4124 539 4181 Dei
574 4121 793 4196 possim
828 4137 955 4176 esse
978 4135 1202 4174 memor
1234 4135 1246 4172 :
1282 4118 1465 4174 oratio
1497 4117 1623 4172 dico
1657 4140 1683 4168 ‹‹
1715 4119 1828 4174 Deo
1852 4141 1878 4168 ››

228 4217 446 4282 debita,
483 4214 540 4268 id
573 4216 681 4278 est,
716 4211 788 4266 ad
821 4209 1102 4265 honorem
1152 4208 1253 4263 Dei
1288 4224 1300 4262 :
1355 4207 1470 4262 Deo
1516 4207 1644 4262 dico
1697 4207 1885 4262 datori

233 4328 265 4357 α
290 4304 420 4360 vitae
444 4320 589 4359 mea:
626 4318 637 4355 :
674 4323 701 4350 »
735 4316 852 4370 qua
881 4297 1142 4354 oratione
1172 4313 1278 4369 ego
1313 4318 1341 4347 «
1372 4295 1564 4350 dicam
1597 4295 1732 4362 Dee,
1752 4296 1888 4350 Sus-

229 4397 434 4466 ceptor
466 4408 636 4446 meus
667 4406 752 4457 es,
787 4412 814 4437 »
851 4387 906 4441 id
941 4389 1050 4456 est,
1084 4402 1177 4440 me
1230 4384 1529 4438 infirmum
1577 4383 1889 4455 suscepisti

235 4483 310 4538 ad
341 4478 789 4553 protegendum.

1975 3325 2356 3390 fortitudinis,
2393 3329 2450 3379 et
2481 3324 2606 3378 ideo
2638 3347 2663 3371 ‹‹
2699 3339 2878 3395 quare
2912 3341 3003 3380 me
3033 3325 3322 3397 repulisti,
3358 3349 3384 3374 ››
3414 3326 3471 3380 id
3509 3329 3620 3395 est,

1977 3432 2156 3487 quare
2179 3413 2469 3485 permittis
2502 3429 2592 3467 1110
2627 3413 2704 3468 110
2734 3413 3022 3478 tribulari,
3057 3416 3211 3485 quod
3263 3415 3459 3470 videar
3506 3433 3540 3470 a
3568 3418 3626 3470 te

1979 3503 2299 3575 repulsus?
2336 3525 2360 3551 ‹‹
2396 3503 2465 3556 Ε1
2514 3519 2688 3573 quare
2741 3503 2927 3558 tristis
2979 3503 3203 3570 incede,
3238 3504 3379 3559 dum
3420 3503 3630 3576 affligit

1982 3611 2074 3648 1110
2105 3592 2378 3647 inimicus
2400 3592 2426 3644 ?
2461 3613 2485 3640 ››
2521 3597 2584 3645 111
2613 3609 2809 3662 supra.

2055 3681 2181 3736 Noli
2215 3679 2626 3750 repellere,sed
2661 3680 2858 3749 potius
2884 3702 2908 3727 ‹‹
2942 3680 3143 3752 emitte
3175 3678 3366 3733 lucem
3400 3701 3426 3728 »
3452 3680 3632 3750 adju-

1985 3770 2229 3834 dicium,
2263 3792 2287 3815 ‹‹
2325 3772 2380 3822 01
2405 3766 2703 3822 veritatem
2735 3772 2916 3834 tuam,
2956 3790 2974 3815 ιο
3015 3767 3070 3820 id
3112 3771 3220 3833 est,
3265 3765 3495 3834 Filium,
3530 3768 3629 3839 qui

1988 3859 2204 3913 dicitur
2233 3857 2331 3910 lux
2364 3854 2499 3926 quia
2528 3871 2632 3909 nos
2665 3854 2986 3908 illuminat:
3011 3852 3400 3926 veritas,quia
3430 3853 3489 3908 in
3506 3871 3631 3909 om-

1989 3948 2164 4004 nibus
2195 3961 2387 4011 verus,
2415 3948 2471 3998 et
2504 3966 2531 3993 «
2564 3943 2702 4014 quia
2732 3943 2890 4014 ipsae,
2921 3966 2946 3990 ››
2974 3943 3030 3997 id
3064 3947 3170 4010 est,
3196 3942 3294 3998 lux
3321 3946 3378 3998 et
3397 3943 3631 4013 veritas,

1992 4052 2082 4091 me
2112 4035 2478 4088 deduxerunt
2515 4054 2540 4079 ››
2565 4033 2692 4102 jam
2721 4032 2791 4086 de
2841 4031 3063 4087 familia
3107 4031 3323 4088 diaboli
3358 4053 3385 4082 «
3426 4035 3484 4087 et
3530 4033 3636 4088 ad-

1992 4125 2287 4179 duxerunt
2316 4137 2408 4175 me
2439 4121 2496 4174 in
2533 4125 2790 4175 montem
2824 4124 3095 4175 sanctum
3119 4125 3310 4192 tuum,
3334 4145 3360 4170 »
3380 4122 3560 4190 idest,
3576 4124 3644 4178 ut

1995 4227 2184 4268 essem
2216 4227 2387 4265 mons
2409 4212 2646 4265 sanctus
2665 4209 2786 4264 Dei.
2805 4213 2889 4277 Et,
2910 4226 2981 4264 ne
3003 4209 3468 4283 intelligeremus
3483 4211 3643 4266 hunc

1989 4301 2220 4372 justum
2245 4299 2371 4369 jam
2403 4298 2660 4370 positum
2693 4299 2750 4352 in
2781 4298 3114 4365 securitate,
3148 4299 3308 4354 addit
3340 4323 3368 4349 «
3400 4300 3531 4356 etin
3553 4303 3646 4355 ta-

2000 4387 2316 4443 bernacula
2346 4391 2464 4454 tua,
2491 4410 2510 4434 n
2549 4388 2605 4441 id
2637 4387 2820 4455 cst,in
2853 4386 3095 4442 ecclesia
3117 4405 3232 4463 qua
3252 4387 3355 4441 tibi
3377 4387 3644 4442 militem.

2075 4476 2284 4548 Incipit
2314 4476 2383 4530 de
2415 4476 2672 4530 secunda
2703 4480 2863 4546 parte
2897 4493 2909 4529 ε
2944 4475 3073 4530 Jam
3107 4491 3238 4528 sum
3281 4474 3648 4530 introductus

313 4566 802 4639 Quandoquidem
833 4581 925 4620 me
959 4561 1292 4634 suscepisti,
1330 4583 1358 4612 «
1390 4578 1568 4633 quare
1589 4578 1726 4633 ergo
1757 4560 1897 4617 obli-
1929 4585 1972 4648 ί)
2005 4568 2062 4621 111
2095 4563 2491 4632 tabernacula,
2518 4569 2574 4618 et
2603 4581 2704 4636 per
2732 4564 2840 4618 hoc
2867 4563 3100 4618 tandem
3132 4585 3159 4611 «
3195 4561 3446 4617 introibo
3478 4563 3552 4618 ad
3575 4563 3653 4618 al-

241 4664 342 4714 tus
362 4675 426 4713 es
457 4655 618 4711 mei?
651 4678 678 4706 ››
713 4658 770 4710 01
800 4652 1081 4726 supponit
1109 4667 1370 4717 causam,
1406 4667 1584 4721 quare
1617 4650 1772 4704 Deus
1803 4649 1895 4704 sui

238 4747 514 4803 videatur
543 4743 787 4812 oblitus,
821 4759 954 4797 cum
989 4739 1131 4796 dicit
1164 4756 1176 4793 :
1214 4759 1241 4788 «
1275 4739 1345 4793 Et
1384 4754 1563 4808 quare
1595 4739 1902 4793 contrista-

242 4839 347 4898 tus
380 4834 586 4890 incedo
612 4833 640 4886 ?
671 4856 699 4882 »
736 4831 892 4887 Licet
923 4827 1306 4885 contristatus
1335 4825 1431 4894 sit,
1485 4830 1678 4880 tamen
1729 4844 1790 4880 se
1829 4826 1901 4881 ad

243 4925 435 4982 Deum
466 4921 828 4978 incessanter
859 4919 1126 4974 incedere
1157 4916 1300 4971 dicit
1341 4915 1448 4969 iste
1484 4914 1686 4984 justus
1722 4932 1732 4968 ε
1776 4915 1902 4969 ideo

244 5012 499 5068 dicendo
531 5007 914 5066 contristatus
950 5030 976 5058 «
1009 5007 1174 5071 dum,
1207 5027 1236 5055 ιι
1270 5004 1327 5058 id
1375 5009 1484 5069 est,
1518 5004 1658 5074 quia
1691 5027 1717 5053 ‹‹
1751 5003 1902 5058 afﬂi-

244 5102 342 5176 git
369 5117 462 5156 me
491 5098 795 5154 inimicus.
831 5121 858 5149 n

330 5189 442 5244 Nec
471 5191 706 5244 tantum
740 5186 950 5259 afﬂigit
983 5202 1074 5240 me
1107 5182 1264 5239 mala
1295 5181 1580 5248 faciendo,
1605 5182 1704 5237 sed
1727 5183 1904 5238 etiam

247 5277 759 5349 exprobrando,et
787 5275 894 5330 hoe
924 5277 1043 5330 est:
1082 5295 1109 5322 «
1141 5273 1280 5326 dum
1314 5268 1764 5342 confringantur
1779 5288 1915 5326 0880

249 5382 414 5430 mea,
468 5388 494 5413 η
548 5364 606 5419 id
659 5369 767 5429 est,
822 5364 964 5418 dum
1013 5362 1098 5417 sic
1147 5358 1398 5432 graviter
1438 5357 1706 5425 tribulor,
1759 5360 1913 5431 quod

247 5454 719 5526 confringuntur
748 5469 882 5508 ossa
916 5467 1071 5515 meu,
1107 5450 1164 5504 id
1197 5453 1305 5514 est,
1339 5447 1546 5501 robora
1564 5463 1712 5517 mea,
1736 5452 1792 5503 et
1813 5467 1911 5520 pa-

249 5543 471 5600 tientia
488 5560 639 5608 mea,
653 5546 939 5613 quantum
954 5541 1023 5596 ad
1039 5538 1371 5610 opinionem
1390 5552 1709 5602 nieorum,«
1725 5535 1913 5592 inimi-

253 5634 316 5689 ci
354 5633 464 5688 mei
487 5632 588 5704 qui
610 5630 896 5686 tribulant
921 5627 1532 5699 me,exprobraverunt
1552 5623 1912 5694 mihidum,»

2005 4662 2128 4712 tare
2159 4654 2278 4721 Dei,
2317 4677 2344 4702 ››
2376 4652 2599 4708 scilicet
2630 4675 2656 4700 «
2691 4653 2761 4707 ad
2794 4652 2999 4718 Deum,
3032 4673 3060 4701 ››
3095 4652 3153 4706 id
3185 4656 3296 4721 est,
3329 4651 3650 4720 Christum,

2010 4742 2255 4808 scilicet,
2273 4764 2300 4791 «
2334 4740 2433 4813 qui
2463 4741 2715 4795 laetificat
2736 4741 3104 4811 juventutem
3143 4756 3356 4812 meam,
3391 4763 3418 4791 »
3454 4741 3511 4796 id
3545 4743 3652 4808 est,

2003 4833 2382 4904 juvenescere
2413 4830 2583 4884 faciet
2607 4830 2973 4898 juventutem
3023 4830 3214 4885 dando
3246 4830 3654 4886 immortalita-

2014 4925 2129 4975 tem
2179 4924 2236 4974 et
2277 4917 2829 4989 impassibilitatem.
2862 4918 3088 4973 Dicitur
3135 4917 3404 4974 Christus
3453 4917 3654 4982 altare,

2015 5009 2153 5080 quia
2183 5023 2285 5079 per
2315 5023 2449 5062 eum
2478 5006 2809 5062 offerrimus
2839 5007 3132 5062 orationes
3155 5011 3383 5062 nostras
3413 5006 3546 5060 Deo.

2087 5097 2156 5151 Et
2185 5096 2326 5167 quia
2356 5094 2627 5164 introibo,
2656 5097 2781 5166 jam
2819 5117 2845 5143 «
2887 5095 3205 5150 confitebor
3233 5092 3359 5159 tibi,
3396 5115 3422 5142 n
3458 5092 3514 5146 id
3547 5096 3659 5164 est,

2016 5184 2268 5240 laudabo
2300 5191 2353 5240 te
2385 5185 2443 5239 in
2488 5185 2597 5239 hac
2644 5185 2761 5238 vita
2807 5207 2832 5231 ‹‹
2889 5183 2947 5237 111
2982 5183 3238 5254 cythara,
3276 5204 3302 5228 »ι
3354 5179 3413 5235 id
3462 5184 3570 5250 est,
3602 5178 3662 5235 in

2025 5273 2474 5329 mortihcatiene
2523 5273 2716 5328 carnis
2751 5290 2762 5326 :
2813 5271 2918 5326 tibi
2967 5271 3116 5340 dico,
3162 5293 3190 5320 ‹‹
3226 5271 3375 5325 Deus
3407 5285 3597 5324 meus.
3632 5292 3660 5320 »

2025 5363 2127 5419 Hic
2162 5363 2366 5435 incipit
2391 5363 2462 5417 de
2493 5361 2666 5416 tertia
2698 5364 2880 5432 parte.
2915 5359 3000 5413 Ad
3048 5357 3156 5414 hoc
3198 5359 3495 5430 jungitur,
3529 5358 3668 5430 quia

2023 5469 2129 5524 ego
2160 5450 2412 5506 introibo
2445 5449 2516 5504 ad
2547 5449 2726 5503 altare
2762 5446 2877 5502 Dei.
2916 5469 2942 5496 «
2985 5449 3174 5513 Quare
3210 5471 3236 5496 »
3270 5464 3376 5521 ego
3412 5470 3439 5498 ‹‹
3471 5446 3671 5503 01111110

2025 5559 2176 5609 mea,
2210 5565 2235 5589 ››
2268 5539 2454 5604 idest,
2491 5536 2824 5592 animalitas
2860 5555 2988 5592 mea
3016 5562 3040 5585 ‹‹
3078 5537 3262 5593 tristis
3293 5538 3395 5593 es?
3423 5561 3446 5587 ο)
3480 5542 3536 5592 01
3558 5536 3673 5592 alia
3735 5597 3738 5599 Α

2025 5636 2090 5686 111
2120 5630 2177 5684 111
2210 5629 2322 5684 0110
2354 5627 2600 5700 psalmo.
