4092 6178
433 331 553 410 343

913 484 986 540 IN
1011 482 1372 542 .PSALMUM
1412 482 1602 539 XLIII.

433 573 707 671 Trruws.
742 612 804 668 In
832 611 997 682 ﬁnem
1025 609 1096 668 ad
1144 609 1478 682 intellectum
1524 609 1660 680 ﬁliis
1711 607 1883 667 Chore
1931 605 2083 680 psal-

1083 699 1207 738 mus
1235 681 1429 738 David.

505 835 534 863 «
568 811 721 868 Deus
753 810 994 866 auribus
1025 809 1260 865 nostris.
1301 831 1329 860 ››
1361 807 1631 866 Psalmus
1663 806 1771 864 iste
1803 805 2088 880 praeponi-

434 905 534 958 tur
558 899 694 956 filiis
725 899 932 966 Chore,
963 899 1020 956 id
1049 903 1158 972 est,
1191 897 1564 966 Christianis,
1597 897 1667 953 ad
1721 895 2084 952 intellectum

439 991 796 1058 habendum,
813 989 1036 1046 scilicet
1065 995 1128 1046 ut
1153 988 1484 1063 intelligant
1505 1006 1608 1063 per
1626 987 1972 1062 temporalia
1990 989 2088 1043 bo-

441 1101 517 1139 na
546 1083 683 1138 data
712 1080 951 1153 antiquo
973 1080 1204 1153 populo.
1239 1080 1568 1154 signiﬁcata
1598 1095 1727 1135 esse
1757 1077 2088 1150 spiritualia

439 1175 614 1243 bona,
629 1189 756 1245 qua:
779 1171 904 1242 jam
937 1171 1151 1226 dantur
1169 1169 1496 1226 Christiano
1530 1167 1838 1242 populo,et
1857 1166 2086 1240 plenius

403 1273 413 1277 '
442 1263 742 1320 dabuntur
761 1259 821 1315 in
845 1261 1039 1316 futuro
1065 1259 1202 1315 ﬁliis
1224 1259 1428 1330 Chore,
1445 1259 1682 1314 directis
1699 1256 1759 1312 in
1782 1257 1956 1312 finem
1986 1273 2089 1330 per

439 1353 599 1410 hunc
629 1349 1012 1407 intellectum.
1033 1349 1276 1405 Materia
1296 1352 1434 1406 sunt
1459 1353 1764 1422 martyres,
1779 1347 1877 1420 qui
1909 1346 2086 1403 etiam

439 1441 782 1516 loquuntur.
817 1439 1060 1495 Modus:
1083 1439 1146 1494 In
1177 1438 1369 1512 prima
1397 1442 1560 1512 parte
1590 1437 1758 1510 ponit
1779 1437 1934 1493 bona
1957 1452 2086 1509 quae

439 1531 578 1588 facit
606 1535 759 1586 Deus
802 1528 941 1584 huic
981 1527 1216 1601 populo,
1253 1543 1386 1583 cum
1419 1526 1854 1600 comparatione
1883 1541 2087 1582 eorum

441 1639 568 1696 quae
598 1619 734 1676 fecit
763 1618 940 1692 priori
973 1617 1187 1691 populo
1221 1635 1234 1673 :
1269 1618 1583 1674 ostendens
1611 1617 1734 1672 hmo
1765 1633 1894 1673 esse
1919 1620 2088 1672 aeter-

443 1729 542 1780 na,
573 1726 708 1768 cum
739 1707 844 1764 illa
872 1707 1126 1765 fuissent
1153 1705 1517 1780 temporalia.
1541 1707 1607 1763 In
1640 1706 1898 1762 secunda
1926 1710 2090 1778 parte

442 1799 610 1876 ponit
637 1796 796 1903 mala
825 1813 954 1898 quas
985 1795 1238 1903 sustinet
1267 1795 1328 1903 i‘n
1358 1795 1468 1852 hac
1496 1795 1646 1903 vita,‘
1669 1793 2090 1898 quamvis.sint
2115 1835 2166 1903 B

443 1890 504 1946 in
534 1889 732 1946 futuro
763 1885 1021 1944 habituri
1055 1885 1244 1942 multa
1281 1885 1453 1941 bona.
1487 1885 1647 1952 Quod
1701 1889 1896 1940 autem
1936 1884 2088 1956 justi

442 1979 503 2036 in
531 1979 641 2036 hac
670 1977 790 2033 vita
814 1975 1121 2049 patiuntur
1149 1973 1496 2048 temporalia
1523 1973 1697 2042 mala,
1731 1979 1935 2032 contra
1977 1974 2088 2032 hoc

441 2073 552 2140 est,
585 2067 740 2140 quod
772 2065 995 2138 priores
1017 2064 1164 2136 justi
1198 2063 1398 2136 populi
1427 2062 1828 2120 liberabantur
1876 2081 1910 2120 a
1955 2080 2088 2120 cor-

443 2156 744 2232 poralibus
775 2153 966 2211 malis.
995 2155 1060 2211 In
1090 2154 1262 2210 tertia
1288 2157 1450 2226 parte
1479 2157 1607 2209 orat
1634 2152 1868 2209 liberari
1901 2171 1934 2209 a
1963 2169 2088 2209 ma-

442 2248 516 2308 lis
545 2247 726 2320 hujus
755 2245 906 2302 vitae.
939 2242 1190 2300 Intentio
1221 2246 1312 2298 est
1340 2241 1582 2298 invitare
1614 2243 1686 2299 ad
1721 2241 2085 2314 patientiam.

512 2337 636 2395 Vox
684 2337 1009 2408 martyrum
1066 2331 1499 2389 ostendentium
1559 2348 1685 2404 qua:
1745 2331 1896 2387 bona
1952 2330 2090 2388 fecit

445 2431 598 2487 Deus
627 2422 886 2497 antiquis
933 2419 1219 2495 patribus,
1253 2437 1388 2476 cum
1437 2417 1640 2476 dicunt
1673 2437 1684 2476 :
1720 2444 1748 2471 ‹‹
1779 2419 1935 2476 Deus
1981 2437 2090 2478 nos

447 2515 802 2582 audivimus,
852 2533 882 2563 ››
927 2514 987 2568 et
1029 2527 1144 2566 non
1195 2508 1322 2566 sine
1351 2508 1760 2582 intelligentia,
1791 2511 1890 2567 sed
1923 2533 1952 2560 ‹‹
1984 2527 2088 2567 au-

447 2605 612 2664 ribus
643 2601 882 2668 nostris,
921 2624 948 2651 n
981 2600 1040 2656 id
1078 2603 1186 2672 est,
1219 2617 1355 2657 cum
1404 2597 1808 2673 intelligentia,
1841 2617 1969 2672 quae
1999 2603 2094 2658 est

445 2693 686 2752 interior
727 2689 865 2760 oris,
897 2694 955 2747 et
998 2688 1108 2746 hoc
1153 2705 1269 2744 non
1321 2705 1354 2745 a
1400 2687 1758 2761 quicunque,
1791 2689 1892 2746 sed
1923 2713 1950 2740 ‹‹
1985 2706 2088 2762 pa-

447 2789 567 2844 tres
597 2781 802 2853 nostri,
837 2803 866 2831 »
897 2779 954 2836 id
989 2782 1098 2850 est,
1121 2777 1461 2851 patriarchae
1494 2781 1550 2834 et
1577 2777 1892 2850 prophetas,
1923 2801 1952 2830 «
1985 2795 2089 2835 an-

446 2872 862 2930 nuntiaverunt
890 2867 1061 2925 nobis
1097 2890 1124 2917 ››
1153 2884 1269 2924 non
1300 2865 1470 2940 quasi
1502 2866 1794 2936 fictitium,
1828 2867 1930 2924 sed
1963 2883 2090 2942 rem

443 2979 662 3023 veram.

519 3075 548 3102 α
579 3051 701 3106 Hoc
731 3045 1227 3104 annuntiaverunt
1264 3067 1292 3094 »
1346 3061 1495 3118 cpus
1541 3045 1698 3116 quod
1726 3047 2000 3118 operatus
2028 3061 2093 3104 es

446 3142 510 3198 in
541 3137 750 3196 diebus
773 3151 978 3192 eorum
1008 3133 1067 3190 in
1099 3133 1306 3191 diebus
1336 3132 1616 3206 antiquis,
1648 3132 1732 3189 ita
1774 3131 2039 3206 legemus
2073 3149 2087 3190 :

861 332 1271 394 HAYMONIS
1308 330 1844 399 HALBEBSTAT.
1873 327 2124 391 EPISE.’
2149 327 2322 391 OPP.
2353 326 2554 389 PARS
2585 327 2635 390 Ι.
2671 359 2746 372 -—
2773 321 3178 398 COMMENT.
3212 322 3410 385 BIBL.

2107 458 2168 530 Α
2195 459 2424 534 fugaret
2449 459 2668 528 decem,
2693 481 2722 512 «
2753 463 2812 516 et
2841 419 3218 526 illuminatio,
3235 477 3266 510 η
3297 455 3358 512 id
3385 457 3496 524 est,
3519 452 3828 513 consilium

3713 319 3832 383 ³η

2195 567 2342 622 quos
2373 548 2504 605 illos
2535 547 2935 617 illuminabas,
2965 551 3029 603 ut
3056 546 3292 620 quando
3321 561 3424 618 per
3469 543 3720 602 insidias
3745 560 3834 602 eo-

2195 655 2326 696 rum
2358 637 2586 710 aliquos
2620 637 2922 694 devincere
2953 635 3208 692 faciebas
3241 653 3254 692 :
3303 651 3431 708 quas
3479 633 3832 692 illuminatio

2195 731 2319 784 erat
2345 752 2372 778 «
2405 727 2603 784 vultus
2633 727 2741 796 tui,
2780 749 2808 778 »
2837 727 2897 783 id
2945 729 3054 795 est,
3087 725 3409 797 procedens
3453 741 3523 780 ex
3567 723 3696 780 sola
3737 740 3834 780 vo-

2194 816 2421 872 luntate
2468 820 2571 872 tua
2617 833 2688 872 ne
2741 815 2898 889 quod
2935 815 3044 872 hoc
3072 813 3306 871 volebas
3334 817 3571 886 propter
3599 813 3836 885 aliquod

2197 907 2472 963 meritum
2505 923 2728 976 eorum,
2763 906 2864 962 sed
2911 921 3093 978 agens
3140 903 3226 960 ita
3267 927 3295 953 α
3327 903 3605 975 quoniam
3652 902 3716 958 in
3755 902 3838 961 eis

2197 995 2601 1068 complacuisti
2641 1018 2666 1044 n
2700 995 2831 1062 tibi,
2860 994 2950 1050 vel
2982 993 3098 1050 Deo
3129 992 3305 1049 Patri.

2267 1087 2337 1141 Et
2385 1085 2525 1158 quia
2571 1107 2599 1134 ‹‹
2631 1089 2696 1140 tu
2745 1085 2870 1156 ipse
2902 1107 2931 1134 »
2980 1083 3088 1139 hoc
3139 1082 3324 1139 fecisti
3375 1081 3478 1152 eis,
3524 1105 3552 1132 «
3585 1099 3649 1139 es
3683 1103 3712 1131 »
3743 1098 3842 1140 rex

2197 1191 2363 1231 meus
2393 1179 2450 1231 et
2481 1174 2635 1230 Deus
2681 1190 2867 1241 meus,
2901 1197 2929 1224 ‹‹
2963 1175 3028 1229 tu
3077 1171 3221 1245 ipse,
3255 1171 3406 1242 dico,
3439 1171 3538 1245 qui
3594 1173 3842 1230 mandas

2197 1265 2416 1322 salutes
2445 1264 2648 1332 Jacob,
2681 1286 2708 1313 ››
2733 1264 2790 1320 id
2823 1269 2930 1334 est,
2961 1263 3130 1320 nobis
3167 1261 3576 1331 luctatoribus,
3611 1263 3711 1336 qui
3742 1278 3846 1336 per

2195 1353 2376 1410 Jacob
2407 1353 2830 1426 signiﬁcamur.
2862 1352 2965 1410 Vel
2996 1352 3197 1422 Jacob,
3231 1352 3290 1408 id
3321 1354 3432 1422 est,
3461 1351 3708 1410 Judaico
3741 1369 3842 1426 po-

2197 1442 2354 1516 pulo,
2387 1443 2486 1516 qui
2519 1447 2756 1500 vocatus
2785 1442 2898 1499 fuit
2923 1443 3126 1500 Jacob.

2269 1532 2358 1586 Tu
2388 1547 2451 1588 es
2498 1546 2598 1587 rex
2629 1547 2816 1598 meus,
2852 1534 2911 1586 et
2940 1547 3123 1586 cornu
3169 1533 3464 1596 nostrum,
3507 1551 3537 1581 α
3587 1533 3652 1587 et
3696 1529 3758 1586 iu
3791 1533 3849 1588 te

2197 1635 2380 1676 cornu
2413 1641 2440 1669 ››
2469 1623 2690 1690 nostro,
2718 1618 2780 1676 id
2813 1623 2922 1688 est,
2955 1618 3294 1676 defensione
3313 1623 3517 1676 nostra
3545 1642 3576 1670 α
3607 1619 3852 1683 rentib-

2197 1708 2416 1777 bimus,
2453 1732 2481 1760 »
2512 1708 2572 1765 id
2593 1713 2700 1778 est,
2733 1708 3112 1782 projiciemus
3140 1711 3202 1766 et
3217 1708 3624 1782 dispergemus
3655 1708 3853 1765 inimi-

2197 1815 2297 1856 cos
2323 1797 2554 1855 nostros
2586 1820 2614 1848 »
2643 1801 2766 1854 tam
2795 1797 3062 1855 carnales
3090 1814 3271 1871 quam
3301 1795 3656 1872 spirituales,
3688 1799 3850 1871 quod

2194 1887 2460 1944 futurum
2490 1889 2580 1944 est
2605 1885 2667 1942 in
2689 1886 2939 1960 judicio,
2971 1887 3074 1944 ubi
3106 1887 3248 1944 boni
3283 1904 3318 1944 a
3347 1885 3520 1944 malis
3565 1903 3852 1962 separan-

2195 1980 2314 2032 tur.
2347 1977 2454 2033 Per
2483 1992 2666 2032 cornu
2702 1975 2832 2032 ideo
2882 1975 3208 2050 accipimus
3254 1975 3673 2046 defensionem,
3705 1976 3854 2051 quia

2195 2063 2474 2122 cornibus
2521 2065 2843 2122 defendunt
2883 2082 2946 2122 se
2994 2065 3275 2122 animalia
3305 2083 3319 2122 :
3351 2070 3408 2123 et
3445 2065 3752 2137 ventilant,
3786 2067 3850 2124 id

2196 2158 2305 2222 est,
2339 2159 2614 2226 separant
2641 2171 2676 2210 a
2702 2170 2766 2210 se
2795 2152 3097 2220 animalia,
3131 2177 3162 2204 ‹‹
3193 2158 3252 2210 et
3291 2153 3354 2210 in
3399 2153 3638 2214 nomine
3678 2159 3786 2213 tuo
3821 2177 3852 2206 ιο

2197 2241 2337 2315 quia
2365 2241 2460 2298 hic
2489 2241 2778 2299 habemus
2809 2258 3022 2300 nomen
3054 2247 3247 2310 tuum,
3279 2241 3502 2303 scilicet
3531 2241 3856 2301 Christiani

2195 2347 2406 2387 sumus
2437 2347 2450 2387 :
2506 2354 2536 2381 κ
2569 2348 2918 2405 spernemus
2951 2355 2981 2382 υ
3029 2331 3168 2388 item
3215 2332 3278 2389 in
3319 2333 3548 2406 judicio
3587 2357 3619 2384 α
3650 2333 3858 2391 insur-

2196 2425 2398 2493 gentes
2431 2442 2458 2468 ››
2493 2419 2551 2476 in
2581 2420 2820 2477 hacvita
2840 2421 2944 2476 «in
2957 2438 3086 2478 nos.
3105 2423 3433 2495 nEccejam
3458 2421 3518 2479 in
3539 2422 3652 2480 hoc
3672 2439 3854 2482 versu

2196 2509 2453 2566 ostendit
2473 2527 2580 2566 nos
2601 2509 2906 2568 habituros
2923 2513 3138 2568 aeterna
3157 2511 3330 2580 bona,
3359 2527 3486 2585 qua
3503 2511 3676 2586 longe
3709 2515 3858 2570 sunt

2197 2597 2442 2674 meliora
2453 2603 2568 2656 tem
2577 2598 3034 2674 poralibus,qua3
3045 2599 3381 2658 habuerunt
3390 2600 3855 2676 antiguipatres.

2267 2687 2337 2743 Et
2360 2687 2507 2744 bene
2535 2687 2687 2760 dico,
2720 2689 2874 2762 quod
2905 2689 2966 2744 in
3000 2692 3057 2746 te
3085 2687 3500 2746 ventilabimus
3527 2693 3591 2746 et
3614 2706 3859 2764 sperno-

2199 2793 2334 2833 mus
2363 2776 2654 2842 inimicos.
2689 2777 2830 2850 quia
2860 2793 2964 2852 per
2993 2795 3102 2836 nos
3131 2795 3437 2852 nunquam
3487 2775 3601 2836 hoc
3628 2779 3856 2853 poteri-

2198 2882 2334 2922 mus
2367 2881 2380 2922 :
2415 2869 2474 2922 et
2502 2864 2612 2922 hoc
2641 2865 2785 2922 dicit
2809 2889 2839 2918 «
2866 2883 2983 2924 non
3016 2865 3174 2923 enim
3197 2865 3260 2923 in
3292 2883 3432 2924 arcu
3479 2883 3610 2926 meo
3640 2885 3852 2942 spera-

2199 2954 2272 3012 bo
2306 2976 2334 3004 »
2365 2954 2426 3009 in
2457 2954 2667 3011 minori
2689 2955 3029 3012 fortitudine
3058 2972 3206 3024 mea,
3222 2979 3250 3006 «
3270 2959 3327 3014 et
3346 2955 3580 3030 gladius
3601 2973 3800 3029 meus,
3820 2979 3850 3009 ιι

2198 3043 2257 3100 id
2287 3047 2400 3112 est,
2430 3044 2621 3116 major
2643 3043 2735 3100 vis
2763 3060 2898 3100 mea
2924 3067 2953 3094 «
2988 3061 3104 3102 non
3135 3043 3381 3102 salvabit
3410 3061 3524 3102 me.
3562 3069 3590 3096 ››

2269 3133 2340 3188 Et
2364 3149 2498 3189 vere
2527 3150 2642 3189 non
2673 3131 2926 3190 salvabit
2953 3149 3048 3190 me
3076 3131 3312 3207 gladius
3338 3134 3424 3192 vel
3457 3151 3628 3194 arcus
3650 3152 3852 3208 meus,

449 3229 650 3285 Patres
679 3223 860 3283 nostri
895 3221 1390 3282 annuntiaverunt
1418 3221 1587 3279 nobis
1605 3238 1753 3294 opus
1783 3223 1938 3295 quod
1960 3240 2091 3296 ope-
2117 3207 2162 3276 (Σ
2200 3220 2340 3294 quia
2367 3225 2430 3278 tu
2463 3220 2624 3279 solus
2653 3221 2850 3296 potius
2877 3221 3152 3291 salvebis,
3172 3227 3232 3278 et
3258 3223 3368 3279 hoc
3389 3223 3533 3280 dicit
3553 3248 3580 3276 «ι
3605 3207 3855 3282 salvasti

452 3317 616 3372 ratus
643 3328 707 3369 es
735 3311 794 3368 in
826 3309 1034 3366 diebus
1068 3325 1270 3366 eorum
1303 3325 1316 3365 :
1347 3309 1500 3367 sicut
1529 3309 1587 3366 in
1635 3309 1940 3368 oductione
1991 3327 2094 3385 per

451 3418 614 3460 mare
639 3399 928 3470 Rubrum,
962 3401 1021 3455 et
1049 3396 1164 3456 alia
1193 3397 1630 3472 hujusmodi,et
1657 3398 1836 3456 etiam
1867 3416 1936 3456 ea
1963 3417 2094 3472 qua:

449 3489 642 3550 fecisti
669 3487 731 3545 in
757 3485 963 3545 diebus
995 3486 1273 3560 antiquis,
1307 3492 1372 3545 ut
1418 3488 1490 3545 de
1539 3488 1830 3546 creatione
1879 3489 2006 3546 θα)Ιὶ
2037 3492 2096 3546 et

449 3584 635 3649 terrea,
669 3582 728 3635 et
756 3593 826 3634 ea
855 3593 982 3650 quis
1002 3575 1187 3633 fecisti
1215 3575 1378 3648 Abel,
1409 3577 1550 3650 Noe,
1579 3581 1689 3634 etc.

516 3667 636 3726 Hoc
665 3683 836 3740 opus,
869 3664 1113 3737 scilicet,
1149 3687 1178 3716 «
1211 3681 1424 3724 manus
1456 3669 1578 3737 tua,
1614 3689 1641 3716 ››
1671 3666 1730 3723 id
1763 3669 1871 3736 est,
1895 3683 2090 3740 cpera-

446 3757 529 3816 tio
559 3759 664 3814 tua
691 3779 719 3806 ‹‹
750 3757 954 3829 gentes
1000 3752 1368 3828 disperdidit,
1413 3778 1440 3805 »
1490 3756 1562 3812 de
1610 3755 1730 3812 illis
1775 3755 1916 3812 dicit
1962 3773 2094 3828 quas

446 3845 612 3920 prius
639 3843 990 3900 habitabant
1015 3842 1076 3900 in
1096 3847 1252 3900 terra
1268 3842 1698 3915 promissionis,
1713 3868 1740 3893 ‹‹
1760 3849 1818 3900 et
1838 3843 2093 3916 plantas-

445 3935 510 4003 ti,
546 3957 575 3985 η
607 3933 665 3990 id
689 3937 803 4003 est,
835 3932 1082 3987 ﬁrmiter
1111 3931 1388 3988 stabilisti
1421 3932 1480 3989 in
1511 3937 1667 3989 terra
1695 3932 1927 3989 illarum
1951 3951 2090 4007 gen-

446 4023 596 4080 tium
627 4044 656 4072 «
689 4037 810 4091 eos,
836 4043 862 4068 ››
886 4020 942 4074 id
967 4024 1078 4090 est,
1110 4023 1307 4092 patres
1339 4025 1570 4078 nostros
1595 4037 1608 4076 :
1633 4025 1689 4078 et
1718 4039 1790 4078 ue
1821 4025 2092 4094 putaren-

444 4112 542 4166 tur
570 4107 680 4181 illze
709 4111 916 4181 gentes
946 4105 1188 4176 debiles,
1223 4107 1439 4180 quibus
1479 4108 1592 4166 cito
1638 4112 1792 4166 terra
1823 4128 1930 4167 sua
1977 4128 2086 4167 au-

2201 3310 2357 3366 enim
2389 3327 2496 3367 nos
2529 3310 2600 3366 de
2631 3310 3035 3383 aﬂligentibus
3056 3327 3166 3368 nos
3201 3335 3229 3362 ››
3259 3311 3320 3366 in
3345 3311 3458 3370 hac
3483 3313 3621 3384 vita,
3649 3317 3708 3370 et
3731 3331 3854 3372 non

2200 3402 2432 3455 tantum
2475 3398 2805 3473 afﬂigentes
2835 3416 2962 3468 nos,
3005 3401 3106 3456 sed
3139 3423 3169 3451 κ
3201 3399 3376 3458 etiam
3425 3402 3690 3459 odientes
3743 3419 3858 3462 nos

2201 3487 2537 3556 confudisti,
2574 3510 2602 3538 ››
2633 3487 2692 3544 id
2723 3493 2830 3557 est,
2863 3489 3206 3560 confundes,
3226 3491 3462 3564 quando
3482 3489 3714 3548 dicetur
3726 3491 3854 3550 eis:

2205 3575 2490 3632 Discedite
2517 3593 2552 3632 a
2580 3575 3100 3649 me,maledicti,in
3121 3577 3318 3651 ignem
3331 3576 3860 3637 cateruam}th

2199 3665 2296 3721 hic
2323 3681 2528 3721 versus
2558 3663 2672 3738 legi
2704 3665 2774 3722 de
2802 3665 2898 3723 his
2915 3683 3042 3740 quae
3070 3666 3210 3723 facit
3227 3667 3383 3724 Deus
3399 3665 3852 3738 ﬂdelibussuis,

2199 3754 2260 3810 in
2281 3753 2392 3810 hac
2405 3753 2544 3826 vita,
2566 3757 2634 3809 ut
2645 3753 2730 3809 sic
2749 3756 3142 3811 continuatur.
3162 3755 3362 3812 Securi
3386 3771 3704 3829 possumus
3717 3747 3866 3816 esse"

2200 3843 2354 3916 quod
2386 3841 2445 3896 in
2476 3845 2534 3898 te
2560 3841 3002 3910 ventilabimus,
3021 3857 3366 3916 spernemus
3391 3835 3685 3916 inimicos,
3706 3845 3857 3918 quia

2199 3936 2262 3986 tu
2286 3931 2415 4003 jam
2447 3929 2682 3986 salvasti
2715 3946 2824 3986 nos
2849 3931 2922 3986 de
2950 3931 3371 4006 affligentibus,
3389 3948 3462 3988 ne
3481 3948 3589 3989 nos
3603 3937 3862 4006 possent

2198 4037 2233 4076 a
2262 4019 2414 4075 bono
2445 4018 2757 4088 retrahere,
2772 4023 2830 4075 et
2849 4018 3112 4076 odientes
3141 4036 3249 4077 nos
3277 4019 3615 4090 conﬁndisti,
3643 4037 3718 4078 ex
3737 4021 3857 4081 hoc

2194 4108 2354 4182 quod
2385 4125 2500 4164 non
2531 4111 2849 4181 potuerunt
2879 4108 3243 4166 conformare
3283 4125 3390 4166 nos
3417 4109 3552 4168 sibi.
3583 4109 3656 4166 Et
3702 4113 3858 4184 quia

445 4193 949 4268 ferretur,psubdit
979 4211 992 4250 :
1028 4218 1056 4245 ‹‹
1097 4194 1368 4253 Afﬂixisti
1417 4196 1663 4270 populos
1698 4221 1724 4246 η
1775 4199 1832 4254 in
1880 4199 2088 4272 primis
2197 4196 2436 4253 salvasti
2465 4196 2738 4270 nos,ideo
2767 4220 2794 4246 ιι
2828 4195 3204 4254 laudabimur
3231 4219 3259 4247 ι»
3281 4213 3397 4254 non
3428 4200 3664 4254 tantum
3691 4200 3858 4257 abo-

445 4309 471 4334 ‹‹
505 4290 564 4344 et
594 4307 621 4336 η
653 4283 862 4342 deinde
880 4282 1083 4345 multis
1100 4284 1290 4340 modis
1307 4284 1556 4342 afﬂictos
1575 4308 1602 4335 «
1622 4285 1892 4358 expulisti
1915 4304 2034 4344 eos.
2057 4309 2085 4340 η
2197 4285 2424 4354 nis,sed
2455 4285 2629 4342 etiam
2661 4302 2695 4342 α
2714 4284 2909 4358 malis,
2927 4288 2994 4340 ut
3023 4301 3158 4341 cum
3188 4285 3424 4346 dicent:
3450 4309 3480 4336 cc
3503 4285 3621 4344 Nos
3644 4286 3858 4346 insen-

515 4375 586 4431 Et
615 4390 688 4444 ne
715 4372 900 4431 Judaei
935 4372 1044 4430 hoc
1076 4390 1196 4429 sum
1228 4374 1577 4446 deputarent
1606 4374 1904 4446 probitati,
1947 4375 2089 4432 dicit
2195 4373 2308 4430 sati
2337 4373 2513 4429 vitam
2544 4372 2780 4429 illorum
2809 4374 3165 4446 putabamus
3197 4373 3511 4443 insaniam,
3545 4389 3676 4432 ecce
3695 4391 3859 4449 quo-

443 4463 553 4521 hoc
601 4481 716 4532 non
765 4480 836 4519 ex
885 4461 1050 4536 ipsis,
1085 4461 1185 4520 sed
1219 4477 1286 4517 ex
1319 4461 1445 4534 ipso
1475 4461 1592 4520 Deo
1641 4462 1752 4519 sibi
1803 4463 2082 4521 evenisse.
2196 4463 2368 4518 modo
2417 4461 2570 4517 inter
2619 4461 2767 4518 filios
2811 4461 2912 4517 Dei
2952 4463 3277 4535 computati
3307 4465 3452 4520 sunt
3495 4463 3647 4536 (Sep.
3679 4465 3787 4536 v):
3824 4486 3859 4515 ιο

443 4551 817 4644 Continuatio
837 4567 860 4644 ἐ
895 4552 1047 4644 Betis
1077 4550 1228 4644 dico,
1262 4549 1417 4644 quod
1449 4553 1534 4620 tu,
1580 4551 1751 4644 Deus,
1782 4550 2084 4644 plantasti,
2115 4578 2163 4644 Β
2195 4567 2324 4644 quae
2353 4549 2485 4606 laus
2515 4551 2628 4644 erit
2646 4549 2776 4644 rcc-in
2805 4547 3026 4644 Demus
3039 4551 3098 4606 id
3127 4555 3238 4644 est,
3271 4551 3344 4608 ad
3375 4551 3659 4644 honorem
3687 4551 3800 4610 D’ui
3836 4568 3854 4610 :

443 4663 473 4710 ς(
497 4658 614 4712 non
644 4639 801 4696 enim
833 4638 946 4711 ipsi
980 4637 1368 4710 possederunt
1394 4640 1612 4695 terram
1647 4638 1805 4696 illam
1853 4639 1910 4696 in
1942 4657 2086 4714 gau-

441 4727 560 4800 dio,
597 4749 624 4778 »
653 4727 710 4786 id
741 4729 850 4798 est,
884 4742 987 4799 per
1015 4742 1181 4782 arma
1209 4743 1318 4784 sua
1343 4729 1401 4783 et
1431 4726 1583 4785 vires
1612 4744 1772 4802 suas,
1805 4753 1832 4780 ‹‹
1869 4735 1926 4786 et
1951 4731 2085 4788 bra-

440 4803 640 4872 obium
691 4831 915 4882 eorum,
951 4836 980 4864 »
1029 4813 1088 4870 id
1137 4817 1246 4884 est,
1281 4814 1560 4874 fortitudo
1607 4821 1664 4874 et
1701 4818 1960 4891 potentia
1989 4837 2084 4876 eo-

439 4919 596 4976 rum,
629 4925 658 4954 «
693 4919 809 4960 non
833 4901 1078 4959 salvavit
1105 4918 1226 4972 eos,
1262 4925 1290 4954 »
1322 4907 1381 4960 et
1426 4903 1478 4961 si
1524 4905 1750 4978 seipsos
1792 4923 1910 4963 non
1949 4924 2083 4980 pos-

438 4996 574 5050 sent
600 4991 824 5050 salvare
855 4991 929 5048 ab
977 4990 1094 5048 illis
1140 4993 1437 5066 gentibus,
1472 4997 1612 5050 tunc
1659 4993 1845 5052 multo
1885 4997 2084 5054 minus

437 5080 498 5138 in
529 5079 724 5156 gladio
749 5097 858 5139 suo
887 5081 1276 5155 possederunt
1303 5098 1504 5156 earum
1543 5083 1808 5156 gentium
1841 5088 2080 5142 terram.

438 5168 546 5226 Per
591 5169 854 5244 gladium
903 5170 1226 5226 humanam
1276 5171 1573 5244 virtutem,
1626 5188 1729 5244 per
1775 5173 2082 5230 brachium

436 5258 761 5330 potentiam
789 5257 1175 5334 intelligimus
1210 5275 1223 5314 :

509 5345 820 5404 Brachium
854 5365 968 5406 non
999 5348 1244 5405 sulvavit
1272 5366 1392 5417 eos,
1426 5373 1454 5398 ‹‹
1489 5349 1587 5406 sed
1633 5349 1869 5406 dextera
1898 5354 2022 5417 tua,
2051 5373 2080 5403 »

435 5431 494 5486 id
524 5435 632 5502 est,
665 5435 926 5508 prosperi
957 5442 1200 5494 eventus
1229 5453 1378 5510 quos
1409 5439 1472 5493 tu
1505 5437 1686 5494 dabas
1717 5437 1822 5507 eis,
1850 5443 1915 5494 ut
1944 5456 2078 5494 cum

435 5519 520 5575 eis
547 5521 1047 5581 eircumeuntibus
1092 5525 1426 5582 ceciderunt
1475 5527 1628 5582 muri
1673 5526 1924 5594 Jericho,
1961 5551 1986 5576 ‹‹
2021 5531 2080 5584 et

435 5607 762 5678 brachium,
784 5634 809 5659 υ
826 5611 880 5667 id
895 5617 977 5668 est
983 5612 1287 5682 ,fortitudo
1301 5617 1428 5670 tua:
1445 5619 1510 5672 ut
1525 5630 1657 5670 cum
1675 5613 2078 5686 unusquisque

2197 4643 2255 4696 et
2282 4655 2390 4696 nos
2420 4661 2449 4689 «
2483 4637 2895 4696 conﬁtebimur
2921 4637 3051 4706 tibi,
3086 4661 3116 4688 »
3145 4639 3208 4695 id
3249 4643 3358 4710 est,
3393 4639 3706 4696 laudamus
3737 4645 3803 4698 te
3837 4656 3854 4700 :

2195 4751 2224 4778 ‹‹
2257 4732 2314 4784 et
2367 4727 2427 4784 in
2477 4727 2715 4784 nomine
2760 4731 2884 4799 tuo,
2917 4750 2945 4777 ιι
2975 4727 3035 4782 id
3083 4733 3193 4797 est,
3227 4728 3367 4802 quia
3413 4727 3511 4784 hic
3554 4727 3856 4786 habemus

2192 4833 2406 4874 nomen
2431 4822 2603 4874 tuum
2633 4841 2660 4867 «
2692 4815 2753 4873 in
2777 4815 3080 4886 saaculum,
3115 4838 3144 4867 ››
3171 4817 3230 4872 id
3262 4821 3371 4885 est,
3405 4816 3467 4873 in
3496 4820 3819 4876 aeternum.
3844 4845 3850 4854 ο

2265 4907 2476 4980 Incipit
2503 4907 2573 4962 de
2603 4905 2861 4962 secunda
2889 4909 3076 4978 parte.
3110 4905 3374 4962 Tandem
3404 4914 3521 4962 nos'
3561 4904 3855 4980 salvabis,

2192 5019 2220 5045 ‹‹
2253 5011 2410 5050 nunc
2440 4997 2637 5050 autem
2673 5016 2701 5043 »
2731 4993 2790 5049 in
2824 4993 2933 5050 hac
2960 4993 3081 5050 vita
3110 5017 3140 5046 «
3163 4993 3454 5068 repulisti,
3487 5017 3516 5044 κ
3547 4993 3610 5050 id
3635 4998 3748 5062 est,
3767 4995 3861 5054 ita

2190 5082 2510 5157 permisisti
2541 5082 2746 5156 afﬂigi,
2788 5083 2943 5156 quod
2993 5087 3341 5156 putammur
3386 5099 3422 5139 a
3465 5087 3524 5140 te
3568 5077 3806 5156 repulsi
3821 5098 3858 5144 -ε

2189 5195 2218 5223 κ
2251 5175 2308 5228 et
2337 5171 2653 5228 confudisti
2681 5187 2792 5228 nos
2807 5195 2835 5221 »
2855 5187 2970 5228 non
3003 5173 3161 5245 quod
3181 5172 3241 5232 in
3263 5171 3622 5229 conscientia
3642 5178 3864 5232 nostra

2189 5260 2591 5317 eonfusionem
2618 5263 2676 5316 et
2703 5260 3170 5318 erubescentiam
3186 5261 3648 5334 pateremur,sed
3665 5277 3865 5334 quan-

2186 5352 2314 5405 tum
2345 5349 2418 5404 ad
2448 5347 2648 5406 oculos
2678 5349 3008 5422 hominum,
3023 5349 3124 5423 qui
3154 5353 3367 5423 putant.
3387 5367 3496 5406 nos
3525 5349 3864 5408 confusib'ii-

2186 5437 2300 5495 les:
2335 5443 2394 5494 et
2420 5439 2694 5510 deinceps
2725 5461 2754 5488 «
2788 5455 2904 5496 non
2936 5439 3272 5513 egredieris,
3312 5461 3341 5488 »
3362 5439 3421 5494 id
3453 5442 3562 5508 est,
3579 5455 3693 5494 non
3713 5440 3865 5497 mitL

2188 5531 2276 5582 tes
2307 5527 2614 5583 manifeste
2643 5527 2918 5599 angelum
2935 5531 3103 5584 tuum
3123 5543 3384 5600 pugnare
3402 5527 3712 5583 nobiscum
3727 5551 3762 5577 ‹‹
3785 5528 3857 5584 in

2184 5615 2520 5685 virtutibus,
2548 5639 2574 5663 υ
2609 5615 2664 5671 id
2697 5620 2804 5683 est,
2830 5615 2888 5671 in
2919 5615 3270 5675 exercitibus
3303 5639 3330 5665 ‹‹
3363 5615 3586 5674 nostris
3616 5638 3644 5665 ››
3677 5615 3852 5674 sicut
