4092 6178
242 347 361 410 ειδ

1425 346 1921 411 EXPLANATIO
1964 349 2040 410 IN
2085 349 2467 413 PSALMOS.

3529 348 3647 417 316

239 480 431 540 fecisti
452 481 722 555 patribus
741 478 1091 555 nostris,pro
1112 480 1329 556 quibus
1346 483 1655 541 manifeste
1675 500 1893 558 pugna-

2023 474 2506 541 semitas‘nostras
2540 507 2568 535 ››
2598 483 2816 558 quibus
2865 484 2937 541 ad
2986 487 3043 542 te
3079 485 3411 544 incedimus
3438 509 3469 539 «
3499 504 3535 546 a
3559 487 3654 546 via

245 572 389 629 bant
414 568 631 645 angeli.

312 661 439 716 Non
460 663 697 715 tantum
718 658 1113 732 repulisti,sed
1138 660 1313 716 etiam
1328 662 1614 733 quosdam
1629 667 1897 719 nostrum

240 771 276 802 -α
297 749 558 805 avertisti
580 769 609 797 »
639 765 675 803 a
702 749 853 804 bono
885 749 1473 821 proposito,faciendo
1503 773 1522 800 α
1550 768 1657 808 nos
1680 756 1899 808 retror-

242 855 375 895 sum
427 841 562 911 post
607 836 877 893 inimicos
928 841 1180 905 nostros,
1219 861 1239 887 υ
1275 838 1336 893 id
1369 843 1480 906 est,
1514 844 1577 894 ut
1628 857 1897 912 sequere-

238 945 379 984 mur
429 926 707 982 inimicos
756 930 1007 995 nostros,
1041 930 1100 981 et
1131 931 1270 982 tunc
1305 949 1333 977 α
1360 926 1460 1000 qui
1492 928 1739 983 oderunt
1770 945 1895 996 nos,

242 1016 599 1089 diripiebant
631 1014 764 1083 sibi,
799 1036 827 1065 »
862 1014 917 1070 id
949 1021 1057 1083 est,
1112 1015 1169 1070 in
1222 1020 1448 1088 partem
1500 1034 1669 1072 suam
1720 1017 1898 1089 rapie-

236 1106 386 1162 bant
416 1121 549 1173 nos,
579 1108 638 1159 et
666 1104 775 1159 hoc
803 1108 893 1159 est
922 1103 1242 1159 maximum
1277 1108 1634 1161 tormentum
1669 1110 1899 1162 sancto-

238 1211 397 1260 rum,
430 1193 669 1266 quando
694 1193 892 1247 vident
923 1209 1062 1247 suos
1094 1191 1176 1248 ita
1206 1193 1471 1249 devocari
1505 1211 1538 1249 a
1569 1195 1701 1249 ﬁde.

310 1283 610 1350 Quosdam
639 1280 919 1352 avertisti,
959 1304 986 1331 ‹‹
1006 1298 1113 1338 nos
1139 1305 1166 1333 »
1188 1286 1383 1338 autem
1417 1283 1514 1354 qui
1549 1283 1900 1352 restitimus,
1953 1329 1956 1332 .

239 1392 269 1422 α
293 1370 511 1428 dedisti
547 1362 833 1443 tanquam
864 1386 997 1425 oves
1029 1387 1295 1426 escarum
1318 1394 1348 1421 »
1373 1389 1500 1443 quae
1523 1390 1638 1428 non
1661 1372 1898 1441 fructui,

239 1461 340 1517 sed
364 1459 478 1517 soli
505 1459 787 1516 occisioni
819 1459 1111 1532 deputatae
1146 1464 1366 1532 sunt,et
1397 1461 1457 1516 in
1486 1462 1762 1535 gentibus
1791 1462 1904 1519 dis-

236 1548 476 1624 persisti
507 1564 618 1605 nos
652 1568 681 1598 «ί
710 1548 947 1621 quando
996 1549 1179 1622 fugati
1228 1566 1438 1607 sumus
1477 1551 1549 1607 de
1581 1552 1812 1608 civitate
1840 1551 1902 1608 in

232 1638 560 1705 civitatem,
586 1658 615 1686 »
636 1635 695 1691 id
717 1639 826 1704 est,
850 1636 1149 1692 tradidisti
1171 1636 1230 1692 in
1261 1653 1473 1693 manus
1499 1638 1901 1708 inimicorum,

236 1728 304 1782 ut
329 1723 570 1796 aliquos
592 1722 700 1778 tibi
732 1723 792 1778 in
823 1722 1304 1780 tribulationibus
1331 1726 1722 1798 acquirerent.

310 1834 341 1863 κ
359 1811 697 1869 Vendidisti
720 1811 1003 1886 populum
1024 1816 1252 1883 tuum,»
1274 1812 1332 1870 id
1355 1818 1757 1889 est,martyres
1769 1820 1903 1872 tuos

242 1922 271 1953 ι
300 1902 434 1958 sine
463 1901 653 1976 pretio
683 1923 713 1952 »
748 1901 965 1975 aliquo,
1001 1902 1142 1975 quia
1189 1901 1505 1975 aliquando
1556 1921 1670 1960 non
1714 1905 1903 1962 ullum

235 1991 544 2049 hominem
577 1990 637 2046 in
669 1994 857 2048 morte
900 1994 1236 2047 sanctorum
1288 1990 1550 2049 lucratus
1583 2010 1596 2048 :
1632 1994 1766 2050 et-si
1798 1994 1903 2050 ali-

238 2080 486 2155 quando
530 2078 763 2154 aliquos
810 2078 1074 2135 lucratus
1104 2097 1190 2149 es,
1223 2080 1394 2154 pauci
1425 2081 1678 2151 fuerunt,
1708 2088 1766 2139 et
1795 2083 1906 2139 hoc

240 2171 422 2227 dicit:
467 2190 499 2220 ιι
520 2173 580 2226 et
609 2186 725 2225 non
763 2169 872 2226 fuit
901 2168 1219 2225 multitudo
1253 2170 1311 2224 in
1344 2171 1904 2229 commutationibus

238 2276 473 2328 eorum,
506 2281 534 2309 ιι
566 2257 626 2314 id
657 2262 767 2327 est,
800 2259 1037 2331 quando
1097 2259 1252 2315 Deus
1311 2261 1412 2316 dat
1469 2278 1629 2329 suos,
1681 2267 1748 2318 ut
1794 2262 1906 2319 ali-

236 2365 393 2422 quos
421 2346 713 2420 acquirat.
747 2346 999 2403 Posuisti
1029 2347 1209 2403 etiam
1242 2365 1349 2403 nos
1379 2350 1755 2421 opprobrium
1790 2368 1906 2407 non

237 2435 559 2505 extraneis,
594 2434 693 2508 qui
745 2453 875 2491 raro
922 2434 1120 2491 vident
1160 2454 1287 2502 nos,
1322 2438 1423 2494 sed
1456 2460 1483 2487 «
1517 2439 1733 2495 nostris
1763 2439 1906 2494 vici—

238 2526 336 2582 nis
362 2546 394 2575 ι»
431 2524 535 2597 qui
568 2540 720 2597 saepe
753 2525 1113 2597 objecerunt,
1147 2528 1206 2580 et
1233 2525 1343 2580 hoc
1392 2527 1770 2599 opprobrium
1806 2546 1910 2600 per

238 2618 446 2688 partes
470 2613 829 2686 exsequitur,
854 2613 1056 2670 dicens
1081 2631 1093 2670 :
1120 2638 1146 2663 ‹‹
1165 2614 1695 2672 Subsannationem
1722 2621 1780 2672 et
1810 2616 1907 2673 de-

236 2704 437 2760 risum
469 2702 565 2758 bis
596 2703 696 2776 qui
724 2702 783 2758 in
814 2702 1063 2760 circuitu
1094 2706 1292 2760 nostro
1323 2708 1484 2759 sunt.
1520 2728 1546 2755 ››
1578 2706 1911 2762 Subsanna-

242 2793 326 2849 tio
362 2793 437 2848 ﬁt
466 2808 573 2866 per
602 2809 838 2860 nasum,
872 2791 1087 2848 derisio
1118 2809 1221 2865 per
1244 2792 1468 2849 hiatum
1501 2794 1640 2851 oris.

313 2881 579 2938 Posuisti
603 2881 788 2937 nosin
811 2880 1257 2937 similitudinem
1283 2883 1817 2957 gentibus,scilicet
1845 2889 1914 2942 ut

242 2971 315 3027 ad
339 2974 618 3027 nostram
649 2969 1103 3026 similitudinem
1135 2970 1551 3027 maledicerent
1579 2972 1708 3029 aliis
1739 2978 1797 3030 et
1827 2974 1912 3029 sic

245 3059 727 3118 dicemntzTalis
761 3059 1093 3117 maledictio
1124 3061 1231 3116 tibi
1268 3061 1364 3131 sit,
1388 3060 1582 3134 qualis
1604 3066 1693 3118 est
1722 3062 1910 3134 Petro,

242 3152 332 3208 vel
358 3150 569 3221 Paulo,
592 3150 681 3206 vel
714 3151 1047 3207 Laurentio.
1071 3150 1174 3206 Vel
1203 3152 1454 3224 posuisti
1485 3170 1592 3210 nos
1621 3152 1680 3208 in
1711 3153 1915 3210 simili-

2006 577 2129 640 tua,
2166 596 2191 623 ››
2222 572 2279 629 id
2311 577 2418 644 est,
2453 591 2486 629 a
2529 573 2833 648 praeceptis
2861 573 2998 631 tuis.
3033 576 3275 648 Semper
3319 577 3475 633 enim
3526 594 3656 652 opc~

2006 662 2118 717 rati
2141 678 2348 717 sumus
2379 664 2699 718 secundum
2733 668 3018 736 praecepta
3041 664 3297 731 tua.,Vel
3331 666 3478 733 sine,
3514 685 3651 737 non,

2009 750 2090 805 ita
2114 749 2350 822 legitur,
2374 751 2700 820 declinasti,
2726 751 2781 806 id
2813 755 2923 821 est,
2942 752 3233 809 declinare
3262 754 3451 811 fecisti
3480 757 3655 812 semi~

2006 842 2097 893 tas
2140 844 2374 894 nostras
2405 857 2438 895 a
2466 840 2558 895 via
2603 845 2723 908 tua,
2756 845 2822 896 ut
2869 858 3068 915 supra,
3099 841 3187 898 vel
3241 842 3325 900 sic
3375 860 3607 917 quoque
3637 862 3651 902 :

2009 950 2037 976 ‹‹
2071 928 2311 984 semitas
2344 932 2632 996 nostras,»
2666 930 2723 983 id
2754 934 2862 995 est,
2896 947 3071 1003 opera
3100 948 3227 1003 quae
3257 949 3325 987 ex
3354 933 3523 990 nobis
3550 934 3655 990 ha-

2008 1016 2236 1083 bemus,
2272 1016 2373 1089 qui
2406 1018 2730 1073 secundum
2764 1034 2869 1073 nos
2901 1018 3045 1073 nihil
3075 1020 3211 1075 boni
3244 1021 3427 1078 facere
3458 1039 3659 1095 possu-

2009 1104 2303 1173 mus,illas
2325 1105 2563 1162 semitas
2599 1129 2625 1156 υ
2645 1106 3007 1178 declinasti,»
3039 1107 3099 1163 id
3130 1112 3237 1176 est,
3256 1109 3572 1167 declinatas
3601 1115 3661 1167 et

2009 1192 2267 1249 diversas
2300 1193 2608 1249 ostendisti
2642 1218 2669 1245 (ι
2706 1213 2740 1250 a
2765 1196 2857 1251 via
2888 1200 3039 1263 tua,»
3076 1195 3134 1252 id
3167 1198 3353 1265 est,ab
3385 1199 3660 1270 operibus

2010 1281 2147 1348 tuis,
2184 1280 2282 1353 qui
2316 1299 2621 1354 nunquam
2654 1282 2767 1337 nisi
2800 1284 2954 1338 bona
2982 1283 3145 1340 facis.

2081 1370 2349 1427 Diversas
2401 1371 2709 1428 ostendisti
2761 1372 2905 1442 vias,
2941 1395 2968 1421 ‹‹
3004 1373 3283 1445 quoniam
3328 1390 3433 1429 nos
3462 1374 3663 1430 humi-

2008 1457 2186 1528 liasti,
2225 1480 2252 1508 ››
2314 1460 2369 1515 id
2426 1464 2535 1532 est,
2596 1461 2876 1530 afﬂixisti,
2935 1461 2995 1517 in
3067 1480 3181 1535 quo
3256 1464 3664 1537 cognoscimus

2009 1547 2419 1621 unusquisque
2449 1566 2510 1605 se
2542 1550 2827 1606 miserum
2857 1555 2915 1606 et
2936 1567 2997 1607 se
3027 1550 3174 1607 nihil
3204 1552 3343 1608 boni
3374 1569 3444 1608 ex
3471 1568 3536 1610 se
3564 1553 3665 1610 ha-

2010 1635 2167 1692 bere.
2198 1638 2284 1693 Ad
2318 1636 2493 1693 aliam
2543 1639 2899 1696 sententiam
2945 1640 3322 1697 continuatur
3348 1639 3431 1697 ita
3460 1656 3476 1698 :
3513 1642 3667 1699 Bene

2010 1726 2163 1794 dico,
2198 1727 2353 1799 quod
2387 1726 2628 1783 semitas
2661 1732 2893 1785 nostras
2923 1745 3039 1784 non
3071 1728 3261 1786 fecisti
3292 1728 3543 1799 deviare,
3575 1730 3666 1787 vel

2012 1814 2198 1871 fecisti
2221 1815 2473 1888 pendere
2499 1833 2532 1872 a
2550 1815 2643 1872 via
2666 1820 2820 1884 tua,«
2842 1815 3118 1890 quoniam
3142 1834 3249 1873 nos
3279 1817 3661 1889 humiliasti,»

2011 1903 2070 1959 id
2097 1907 2204 1972 est,
2236 1903 2490 1959 humiles
2541 1904 2869 1973 ostendisti,
2903 1922 3030 1977 quae
3069 1904 3401 1963 humiliatio
3432 1912 3522 1965 est
3551 1931 3581 1960 «
3604 1908 3665 1985 in

2010 1991 2138 2048 loco
2172 1992 2531 2061 afflictionis,
2568 2015 2588 2042 ιι
2626 1993 2683 2048 id
2726 1997 2833 2063 est,
2867 1993 2927 2048 in
2972 1993 3081 2050 hac
3127 1994 3266 2063 vita,
3307 1999 3440 2069 post
3486 2013 3667 2069 quam

2014 2068 2214 2137 nullus
2262 2080 2426 2137 locus
2476 2081 2872 2150 correctionis,
2901 2085 2958 2139 et
2989 2082 3132 2139 adeo
3165 2100 3274 2139 nos
3315 2068 3668 2155 humiliasti,

2015 2169 2167 2242 quod
2205 2191 2233 2221 ‹‹
2265 2171 2476 2225 umbra
2506 2171 2733 2237 mortis,
2759 2193 2787 2220 ››
2818 2171 2874 2227 id
2906 2175 3015 2239 est,
3048 2171 3177 2244 ipsa
3207 2189 3365 2230 mors
3395 2196 3423 2223 «
3457 2189 3669 2247 coope-

2015 2258 2134 2313 ruit
2165 2275 2290 2327 nos,
2320 2282 2345 2307 ››
2378 2260 2435 2314 id
2469 2261 2577 2329 est,
2612 2259 2787 2316 occisi
2818 2277 3047 2317 sumus.
3076 2260 3181 2316 Vel
3213 2284 3241 2310 «
3272 2260 3484 2318 umbra
3513 2279 3669 2319 mor-

2014 2346 2150 2415 tis,»
2179 2346 2237 2402 id
2271 2351 2380 2413 est,
2403 2348 2677 2416 haeretici,
2703 2349 2861 2422 quia,
2883 2349 2932 2404 si
2955 2366 3129 2422 quem
3161 2349 3220 2405 in
3251 2367 3463 2425 corpus
3492 2367 3668 2411 suum

2008 2436 2240 2503 dicunt,
2276 2436 2477 2491 statim
2507 2436 2604 2492 ille
2632 2455 2666 2491 a
2694 2455 2829 2493 vera
2857 2437 2974 2493 vita
3003 2439 3283 2512 privatur.

2091 2524 2223 2579 Ideo
2256 2541 2371 2580 non
2403 2542 2612 2581 sumus
2643 2525 2807 2581 obliti
2839 2530 2916 2594 te,
2950 2527 3087 2599 quia
3119 2527 3341 2585 scimus
3370 2531 3523 2603 quod
3556 2553 3583 2581 «
3618 2529 3668 2587 si

2010 2611 2184 2667 obliti
2259 2630 2469 2669 sumus
2545 2631 2779 2683 nomen,
2816 2638 2843 2664 »
2895 2615 2953 2671 id
3005 2621 3113 2683 est,
3161 2617 3668 2677 honorificentiam

2019 2723 2047 2750 ‹‹
2072 2701 2171 2756 Dei
2196 2702 2437 2772 nostri,»
2458 2706 2517 2758 et
2548 2702 2597 2759 si
2618 2704 2727 2759 hoc
2751 2704 2987 2777 gravius
3008 2705 3276 2775 facimus,
3302 2707 3544 2778 scilicet,
3564 2732 3592 2759 ‹‹
3616 2708 3666 2765 si

2017 2791 2406 2863 expaudimus
2456 2809 2669 2848 manus
2716 2797 2947 2849 nostras
2976 2816 3003 2842 »
3033 2798 3091 2850 et
3133 2793 3438 2851 interiores
3485 2800 3543 2852 et
3570 2814 3666 2853 ex-

2018 2877 2261 2935 teriores
2290 2903 2315 2929 «
2339 2880 2411 2935 ad
2471 2881 2656 2937 Deum
2714 2881 2993 2949 alienum,
3024 2903 3053 2932 »
3088 2881 3147 2936 id
3195 2886 3303 2952 est,
3338 2884 3439 2956 qui
3475 2901 3668 2957 neque

2021 2985 2127 3024 nos
2173 2968 2408 3038 ereavit,
2441 2986 2629 3042 neque
2677 2971 2898 3027 bonum
2946 2965 3081 3026 fecit
3126 2970 3316 3034 nobis.
3349 2971 3572 3028 scilicet
3614 2973 3701 3030 si-

2008 3057 2155 3113 ‘facti
2203 3074 2414 3115 sumus
2460 3057 2776 3116 idololatraa
2808 3083 2835 3111 «
2865 3059 3020 3115 Deus
3066 3059 3323 3132 requiret
3368 3060 3502 3117 ista.
3539 3084 3568 3112 »
3597 3063 3670 3120 Et
3710 3047 3721 3057 ’

2014 3146 2162 3218 quia
2190 3145 2406 3218 aliquis
2439 3146 2755 3204 diceret:Si
2777 3165 2991 3204 manus
3016 3149 3446 3220 expandis,hoc
3474 3150 3669 3223 requi-

247 3241 524 3297 tudinem
557 3238 792 3310 Christi,
819 3243 885 3295 ut
912 3240 1066 3295 sicut
1094 3239 1363 3296 Christus
1392 3242 1705 3314 opprobria
1730 3243 1911 3299 susti-
1940 3229 1982 3297 C
2023 3235 2273 3307 ret,quia
2294 3235 2403 3290 hoc
2424 3236 2572 3292 bene
2592 3237 2765 3304 videt,
2790 3237 2892 3292 sed
2915 3237 2963 3292 si
2986 3236 3207 3293 Oblitus
3223 3254 3306 3310 08,
3329 3255 3446 3294 non
3474 3239 3669 3313 requi-

244 3330 400 3400 nuit,
436 3330 526 3386 sic
556 3333 614 3386 et
640 3346 768 3399 nos,
801 3330 999 3385 statim
1048 3330 1213 3403 ponit
1259 3347 1446 3385 unum
1485 3331 1557 3387 de
1585 3333 1914 3405 opprobriis

246 3436 377 3492 quae
407 3417 701 3475 sustinuit
729 3417 1033 3475 Christus:
1060 3441 1088 3469 «
1111 3418 1566 3476 commotionem
1611 3422 1819 3495 capitis
1852 3423 1913 3478 in

245 3507 510 3582 populis,
552 3507 669 3564 »ἰὰ
728 3511 838 3575 est,
881 3525 1059 3580 super
1115 3525 1263 3581 quos
1324 3509 1524 3581 populi
1585 3510 1915 3567 deridentes

245 3600 568 3653 moverunt
615 3596 807 3670 capita
855 3614 982 3666 sua,
1016 3596 1169 3652 sicut
1211 3615 1390 3670 supra
1428 3597 1653 3655 dictum
1687 3603 1793 3669 est,
1827 3600 1913 3656 di-

236 3690 450 3743 centes
473 3703 493 3742 :
516 3684 717 3742 «Vah!
738 3687 838 3759 qui
862 3687 1115 3743 destruis
1144 3685 1433 3760 templum
1458 3688 1560 3744 Dei
1584 3688 1767 3763 (Marc.
1800 3707 1874 3746 xv
1898 3707 1913 3760 ;

243 3773 435 3832 lauit.
467 3775 674 3843 xxvu),
707 3777 817 3829 etc.
849 3794 877 3823 ι)

316 3861 472 3929 Quid
508 3860 752 3935 singula
782 3878 1123 3918 enumerem
1144 3863 1173 3918 ?
1203 3887 1232 3914 ‹‹
1263 3868 1385 3921 tota
1413 3864 1526 3933 die,
1565 3888 1592 3913 ››
1625 3865 1682 3920 id
1714 3870 1916 3935 est,as-

235 3951 421 4008 sidne
471 3973 503 4001 α
537 3950 893 4007 verecundia
939 3968 1088 4019 mea,
1120 3973 1150 4002 »
1201 3952 1424 4010 scilicet
1469 3953 1915 4027 opprobriorum

244 4054 525 4097 meorum
564 4061 592 4089 κ
610 4043 703 4095 est
731 4043 933 4096 contra
963 4057 1077 4096 me.
1100 4063 1128 4090 »
1158 4041 1372 4098 Contra
1400 4043 1560 4112 dicit,
1595 4043 1755 4116 quia,
1780 4060 1915 4100 cum

244 4134 552 4204 martyres
583 4129 1007 4185 conﬁterentur
1036 4146 1098 4186 se
1126 4146 1254 4187 esse
1274 4130 1806 4205 justos,nunquam
1828 4132 1921 4189 de-

245 4218 460 4276 herent
478 4218 833 4290 huiusmodi
862 4218 1175 4291 opprobria
1196 4219 1505 4288 sustinere,
1528 4224 1585 4276 et
1615 4225 1680 4276 ut
1710 4237 1916 4295 aggra-

242 4312 340 4363 vet
373 4305 824 4375 verecundiam,
850 4307 991 4363 dicit
1021 4324 1034 4362 :
1087 4331 1114 4357 ‹‹
1143 4307 1417 4364 Confusio
1450 4308 1614 4365 faciei
1648 4326 1789 4365 mem
1823 4326 1915 4366 co-

241 4395 487 4469 operuit-
514 4413 634 4451 me.
674 4418 701 4444 ι)
731 4395 1014 4451 Naturam
1048 4395 1209 4451 illam
1242 4397 1614 4471 tangit,quod
1646 4415 1781 4454 cum
1812 4398 1916 4455 ho-

246 4499 346 4541 mo
369 4484 608 4565 patitur
629 4483 887 4556 aliquam
907 4485 1752 4565 erubescentiam,sanguinem
1776 4486 1917 4543 inte-

2020 3328 2127 3391 ret,
2163 3324 2303 3395 quia
2348 3323 2492 3380 illud
2542 3324 2792 3397 ignorat,
2845 3325 3053 3397 probat
3101 3326 3256 3399 quod
3304 3326 3480 3383 etiam
3529 3326 3673 3384 obli~

2018 3411 2246 3468 vionem
2278 3414 2551 3487 requiret,
2578 3431 2714 3471 cum
2745 3412 2905 3486 dicit,
2939 3437 2966 3464 ‹‹
3001 3413 3127 3487 ipse
3156 3415 3313 3471 enim
3343 3416 3503 3473 novit
3531 3417 3666 3473 abs-

2021 3501 2255 3558 condita
2285 3504 2499 3560 cordis.
2534 3527 2562 3554 ››

2095 3590 2197 3646 ilic
2214 3591 2419 3664 incipit
2440 3595 2509 3648 de
2531 3595 2704 3650 tertia
2725 3598 2889 3666 parte
2914 3611 2927 3650 :
2964 3597 3081 3649 Nos
3112 3610 3229 3650 non
3260 3593 3669 3668 expendimus,

2022 3683 2080 3734 et
2107 3679 2258 3746 ideo,
2290 3684 2375 3749 tu,
2407 3681 2671 3750 Domine,
2703 3699 2970 3756 exsurge,
3000 3686 3059 3738 et
3085 3682 3389 3754 praemittit
3429 3700 3671 3740 causam

2023 3786 2204 3842 quare
2233 3770 2441 3825 debeat
2460 3785 2789 3842 exsurgere,
2810 3772 3130 3844 «quoniam
3162 3775 3401 3843 propter
3428 3775 3485 3828 te
3513 3787 3671 3828 mor-

2021 3858 2318 3915 tiﬁcamur
2372 3862 2496 3914 tota
2546 3857 2640 3915 die
2672 3880 2701 3908 ››
2728 3862 2786 3915 et
2831 3859 3147 3927 intantum,
3211 3859 3366 3932 quod
3399 3882 3428 3910 ‹‹
3460 3877 3671 3918 sumus

2022 3947 2291 4003 aestimati
2341 3952 2407 4003 ut
2451 3963 2586 4004 oves
2623 3945 2951 4015 occisionis,
2987 3969 3015 3996 ››
3045 3945 3288 4016 scilicet,
3321 3952 3389 4003 ut
3422 3948 3670 4006 nullate-

2024 4052 2138 4091 nus
2168 4039 2573 4107 reputaremur
2602 4035 2817 4103 idonei,
2845 4034 2959 4091 nisi
2990 4035 3064 4091 ad
3093 4036 3446 4093 occisionem
3470 4055 3484 4106 ;
3518 4038 3666 4108 ideo,

2024 4124 2367 4192 Domine,ad
2400 4142 2506 4181 nos
2533 4125 2867 4181 liberandos
2898 4146 2926 4175 «
2959 4141 3225 4199 exsurge,
3259 4132 3439 4199 quare
3469 4126 3674 4183 obdor-

2024 4206 2228 4269 mis?»
2251 4213 2594 4270 Obdormire
2638 4214 2855 4270 dicitur
2901 4214 3076 4283 Deus,
3111 4231 3247 4270 cum
3293 4215 3387 4273 sui
3416 4232 3533 4272 non
3557 4216 3672 4273 cito

2024 4300 2313 4358 liberantu
2324 4318 2482 4370 r,nec
2502 4306 2697 4358 tamen
2719 4303 3087 4371 deﬁciunt,et
3117 4319 3296 4376 quare
3325 4302 3625 4362 obdormis
3643 4304 3673 4361 ‘I

2026 4390 2537 4464 interrogationem
2561 4390 3039 4464 ponit,quialicet
3059 4408 3296 4448 causam
3310 4391 3670 4465 ignoremus,

2025 4486 2221 4537 tamen
2256 4479 2477 4553 ‘aliqua
2530 4496 2709 4536 causa
2754 4486 2845 4536 est
2893 4497 3072 4553 quare
3122 4480 3278 4536 Deus
3326 4480 3437 4535 hoc
3475 4481 3670 4538 faciat.

244 4572 470 4631 ﬁerem
488 4622 493 4629 ,
513 4564 737 4641 animo,
769 4576 835 4628 ut
863 4589 926 4629 se
956 4573 1270 4647 cooperiat,
1302 4574 1485 4630 mittit
1512 4575 1583 4630 ad
1613 4577 1915 4633 exteriora.
1948 4600 1995 4665 Β
2028 4593 2054 4619 ‹‹
2089 4569 2658 4665 Exsurge,Domine.:
2686 4574 2788 4665 »et
2807 4569 2943 4665 licet
2962 4569 3136 4626 modo
3157 4567 3385 4665 aliquos
3402 4567 3671 4665 repellas,

242 4662 537 4719 Confusio
569 4660 704 4718 dico
731 4660 895 4718 illata
923 4684 952 4712 ‹‹
985 4680 1019 4718 a
1047 4679 1185 4719 voce
1232 4662 1639 4735 exprobrantis
1669 4669 1726 4720 et
1757 4663 1917 4721 oblo-

243 4751 497 4823 quentis
532 4773 562 4801 »
613 4750 915 4807 veritatem
976 4774 1003 4801 «
1040 4769 1074 4807 a
1130 4751 1277 4807 facie
1334 4751 1581 4828 inimici,
1616 4776 1644 4802 »
1699 4752 1922 4811 scilicet

239 4839 413 4895 mala
439 4839 750 4896 voluntate
784 4860 810 4889 «ι
840 4843 899 4895 et
926 4840 1330 4913 persequentis
1364 4863 1391 4891 »
1420 4841 1545 4914 ipso
1578 4846 1731 4897 actu.

317 4950 350 4977 οι
380 4929 518 4983 Hec
541 4925 745 4983 omnia
772 4934 1060 4984 venerunt
1081 4945 1261 5002 super
1280 4946 1446 4999 nos,»
1468 4928 1689 4987 scilicet
1719 4934 1784 4986 ut
1812 4947 1921 4988 nos

240 5017 724 5089 opprimerent,«
740 5033 849 5073 nec
869 5020 1067 5074 tamen
1092 5017 1256 5075 obliti
1288 5034 1496 5075 sumus
1514 5023 1628 5087 te,»
1652 5020 1752 5076 sed
1774 5037 1922 5076 sem-

240 5121 354 5177 per
385 5103 719 5161 habuimus
762 5108 820 5161 te
865 5105 925 5161 in
964 5107 1093 5180 jugi
1139 5107 1423 5164 memoria
1455 5125 1469 5164 :
1505 5132 1532 5158 «
1564 5109 1710 5165 etin
1740 5113 1920 5166 testa-

238 5198 462 5250 mento
478 5196 649 5261 tuo,»
664 5192 723 5248 id
741 5194 915 5263 est,in
933 5194 1060 5270 lege
1078 5199 1182 5251 tua
1205 5219 1233 5247 «
1259 5212 1375 5253 non
1404 5196 1632 5270 egimus
1662 5197 1916 5271 inique,»

240 5282 353 5337 sed
386 5298 635 5355 semper
663 5284 990 5339 secundum
1020 5288 1306 5361 praecepta
1324 5288 1429 5340 tua
1447 5285 1766 5343 habuimus
1788 5303 1916 5365 nos,

238 5374 300 5428 et
320 5371 390 5428 in
426 5370 542 5426 hoc
571 5387 745 5427 versu
776 5388 992 5451 magna
1021 5374 1205 5430 virtus
1237 5378 1559 5447 martyrum
1591 5380 1844 5431 notatur.

311 5460 481 5517 Cum
504 5458 637 5516 haec
685 5461 885 5517 omnia
920 5461 1076 5518 mala
1102 5463 1366 5519 venirent
1395 5481 1572 5536 super
1601 5481 1728 5534 nos,
1760 5488 1787 5515 ‹‹
1822 5482 1920 5521 cor

234 5553 533 5606 nostrum
567 5566 683 5605 non
737 5551 981 5615 recessit
1008 5556 1183 5617 retro,
1215 5574 1242 5600 ιι
1274 5550 1330 5606 id
1365 5557 1474 5620 est,
1508 5570 1623 5608 non
1654 5553 1919 5626 despera-

231 5639 345 5705 vit,
386 5661 421 5687 ει
458 5642 520 5692 et
578 5654 695 5693 non
754 5639 1078 5708 declinasti,
1132 5640 1188 5694 id
1246 5643 1351 5707 est,
1400 5640 1690 5697 declinare
1731 5642 1916 5698 fecisti

2030 4682 2057 4709 «
2093 4675 2209 4713 non
2241 4661 2437 4713 tamen
2468 4656 2716 4730 repellas
2747 4657 2807 4712 in
2837 4650 3141 4725 aeternum,
3175 4680 3203 4707 »ι
3234 4657 3336 4713 sed
3367 4656 3469 4730 qui
3499 4657 3674 4714 modo

2026 4746 2302 4802 videntur
2320 4745 2830 4818 ejecti,aliquando
2861 4746 3038 4802 reduc
3056 4745 3129 4803 ad
3149 4746 3455 4803 ecclesiam
3484 4750 3672 4804 tuam.

2101 4860 2127 4886 ‹‹
2152 4836 2235 4893 Ne
2257 4834 2503 4908 repellas
2524 4835 2676 4902 dico,
2699 4840 2757 4892 et
2779 4853 2850 4892 ne
2872 4840 3098 4892 avertas
3118 4835 3325 4893 faciem
3344 4839 3528 4904 tuam,
3556 4858 3584 4885 ››
3614 4835 3674 4891 id

2028 4929 2135 4995 est,
2164 4924 2555 4998 cognitionem
2610 4928 2777 4981 tuam
2827 4926 2898 4981 ab
2946 4924 3064 4981 illis
3111 4924 3211 4999 qui
3251 4925 3424 4981 modo
3454 4922 3674 4994 repulsi

2029 5018 2252 5083 sunt,et
2274 5037 2303 5064 «
2323 5030 2503 5086 quare
2523 5014 2731 5071 faciem
2754 5018 2915 5071 tuam
2939 5014 3190 5072 avertis?
3215 5037 3241 5064 ››
3258 5013 3329 5069 Et
3348 5012 3442 5068 hic
3461 5011 3672 5067 iterum

2028 5103 2242 5171 innuit,
2276 5103 2430 5179 quod
2459 5101 2596 5159 licet
2624 5120 2864 5160 causam
2889 5105 3245 5177 ignoremus,
3270 5105 3464 5157 tamen
3497 5116 3676 5157 causa

2028 5198 2118 5250 est
2166 5209 2348 5266 quare
2395 5193 2549 5250 Deus
2581 5198 2818 5262 avertat,
2851 5198 2906 5250 et
2936 5207 3116 5265 quare
3145 5213 3173 5241 «
3208 5188 3567 5245 Oblivisceris
3591 5189 3677 5245 in-

2027 5283 2170 5355 opiae
2193 5285 2404 5340 nostra:
2435 5286 2491 5338 et
2518 5282 2917 5339 tribulationis
2947 5285 3157 5336 nostris
3175 5278 3203 5334 ?
3226 5300 3254 5327 »
3279 5277 3398 5334 Hoc
3428 5277 3677 5334 refertur

2028 5372 2098 5428 ad
2121 5372 2465 5444 eos,quibus
2495 5370 2786 5427 obdormit
2806 5370 2980 5437 Deus,
3007 5385 3113 5424 nec
3144 5371 3338 5424 tamen
3370 5366 3671 5436 deficiunt,

2028 5478 2278 5535 quorum
2318 5459 2524 5532 inopia:
2568 5457 2829 5515 oblivisci
2868 5457 3102 5527 dicitur,
3132 5457 3367 5530 quando
3399 5474 3514 5513 non
3545 5473 3676 5513 con-

2027 5552 2202 5607 fortat
2223 5548 2476 5604 rationes
2505 5564 2839 5616 eorum,nec
2869 5549 2967 5603 dat
2988 5546 3198 5603 solatia
3228 5547 3297 5602 ad
3331 5546 3674 5621 patientiam

2024 5636 2439 5703 tribulationis,
2468 5635 2699 5706 quando
2731 5654 2834 5693 nec
2867 5636 3121 5709 mitigat,
3154 5653 3258 5693 nec
3289 5640 3564 5695 removet.
