4092 6178
425 269 541 339 347

785 233 1204 335 ἨΑγΜοΝΙέ
1251 275 1786 338 HALBERSTAT.
1835 275 2080 340 EPISC.
2127 275 2298 339 OPP.
2342 275 2547 340 mas
2591 276 2638 338 ι.
2685 311 2763 324 -
2805 277 3209 342 COMMENT.
3255 279 3453 343 BIBL.

3701 279 3820 344 348

493 413 578 473 Ne
598 409 1781 485 obliviscarisinopiaeettribulationis,sed
1803 426 2067 484 exsurge,
2099 411 2151 477 Α
2183 407 2368 466 honor
2387 411 2447 466 in
2465 410 2580 469 hoc
2609 411 2836 486 psalmo
2857 411 3305 488 tractaturgquia
3329 431 3434 488 per
3461 417 3658 489 partes
3677 413 3825 471 mul-

425 510 484 563 et
504 503 774 578 proponit
794 518 1032 559 causam
1055 518 1235 574 quare
1255 501 1464 556 debeat
1485 515 1955 572 cxsurgere,cum
1989 499 2073 554 di-

424 596 557 663 cit,«
574 611 750 667 quam
775 591 1085 648 humiliata
1116 594 1205 646 est
1230 590 1428 646 anima
1460 593 1660 646 nostra
1690 589 1748 644 in
1782 589 2073 660 pulvere,»

423 685 480 740 id
504 687 613 750 est,
645 682 704 738 in
738 679 1199 738 consideratione
1247 679 1510 735 defectus
1546 678 1789 734 humani
1821 677 2070 750 generis,

423 774 593 845 cujus
641 771 902 827 defectus
952 769 1188 842 signum
1220 773 1309 824 est
1337 767 1549 840 pulvis,
1583 785 1756 840 quem
1788 767 2074 839 pmnitens

424 879 600 935 super
619 863 796 934 caput
815 875 988 915 suum
1023 857 1496 929 accipit,propter
1515 857 1624 913 hoc
1656 856 1865 913 merito
1896 855 2073 910 debes

419 952 814 1027 exsurgere,et
833 963 1069 1004 necesse
1090 950 1178 1001 est
1200 951 1266 1001 ut
1285 963 1423 1002 exsu
1433 963 1622 1019 rgas,«
1636 945 1916 1018 quoniam
1932 959 2072 998 ven-

418 1050 509 1103 ter
538 1047 756 1109 noster,
794 1063 822 1090 »
855 1039 912 1095 id
961 1043 1070 1106 est,
1126 1037 1440 1094 carnalitas
1489 1040 1707 1103 nostra,
1762 1039 1851 1090 est
1882 1058 1908 1082 ‹‹
1939 1047 2075 1090 con‘

419 1134 744 1210 glutinatus
773 1130 834 1185 in
866 1134 1041 1195 terra,
1079 1150 1104 1176 n
1137 1128 1196 1182 id
1225 1131 1332 1195 est,
1367 1124 1612 1180 adhzesit
1640 1125 1700 1180 in
1731 1123 1922 1191 terris,
1957 1124 2069 1178 sci-

416 1224 554 1281 licet
583 1223 703 1278 hazc
733 1224 966 1276 terrena
993 1217 1231 1290 appetit.

487 1315 558 1370 Et
577 1315 884 1386 propterea
903 1333 930 1359 ‹‹
956 1325 1224 1377 exsurge,
1248 1305 1510 1372 Domine,
1537 1307 1748 1376 adjuva
1770 1311 1960 1370 nos,et
1986 1323 2069 1361 rc-

419 1404 575 1461 dime
603 1419 732 1468 nos,
770 1424 796 1449 ››
825 1399 878 1454 id
913 1402 1020 1465 est,
1053 1399 1128 1452 da
1175 1397 1454 1469 pretium,
1507 1401 1572 1450 ut
1619 1397 1690 1451 de
1721 1395 1933 1450 diaboli
1969 1413 2066 1468 po-

414 1497 624 1551 testate
653 1509 760 1546 nos
789 1488 1064 1545 detrahas
1095 1511 1121 1536 ‹‹
1161 1490 1394 1558 propter
1433 1501 1642 1540 nomen
1677 1487 1845 1539 tuum
1881 1507 1908 1533 ››
1941 1502 2066 1540 am-

415 1583 719 1658 pliandum
750 1597 764 1636 :
798 1578 1070 1652 quia,nos
1099 1575 1406 1648 redempti,
1440 1573 1821 1654 dilatabimus
1853 1591 2066 1630 nomen

413 1678 583 1730 tuum
616 1687 718 1744 per
747 1667 968 1725 multas
995 1670 1218 1740 gentes.

890 1791 963 1848 IN
1005 1788 1354 1846 PSALMUM
1392 1788 1582 1844 XLIV.

413 1907 688 1962 Trruws.
722 1903 781 1957 In
811 1903 975 1972 ﬁnem
1017 1913 1127 1972 pro
1173 1897 1260 1952 his
1300 1895 1902 1972 quicammutalguntur
1927 1897 2063 1967 ﬁliis

581 1976 754 2032 Chore
775 1966 853 2030 ad
883 1966 1230 2036 tntellectum,
1265 1966 1537 2024 canticum
1558 1983 1659 2040 pro
1685 1968 1898 2024 dilecto.

485 2125 512 2153 «
546 2097 842 2158 Eructavit
888 2115 987 2154 cor
1028 2111 1248 2151 meum.
1283 2117 1311 2143 »
1344 2093 1448 2149 Hic
1495 2092 1760 2164 psalmus
1817 2092 1936 2163 agit
1990 2093 2062 2148 de

411 2189 697 2263 dignitate
717 2186 918 2260 sponsi
949 2189 1006 2242 et
1030 2186 1344 2258 sponsae,et
1368 2181 1477 2238 hoc
1507 2181 1724 2236 dicitur
1751 2181 1812 2236 in
1841 2180 2011 2237 titulo
2044 2197 2058 2236 :

409 2298 515 2355 pro
535 2280 630 2336 his
656 2272 1265 2338 commutabuntur,id
1288 2272 1475 2333 est.ad
1499 2270 1778 2326 hono'rem
1809 2287 2058 2343 sponsas,

410 2371 468 2428 in
492 2387 611 2444 qua
631 2369 696 2424 ﬁt
717 2365 1098 2423 commutatio
1119 2364 1191 2418 de
1212 2361 1434 2417 mundo
1464 2361 1537 2416 ad
1569 2360 1774 2424 Deum,
1809 2377 1935 2432 quae
1968 2361 2064 2416 bo-

410 2477 488 2516 na
517 2463 623 2516 est.
657 2457 787 2514 Alia
829 2451 1208 2512 commutatio
1239 2452 1310 2507 de
1335 2450 1452 2506 Deo
1483 2450 1555 2505 ad
1588 2449 1898 2518 mundum,
1931 2465 2060 2520 qua:

411 2547 570 2606 mala
587 2551 808 2620 est,pro
831 2543 1061 2606 dilecto,
1081 2541 1139 2596 id
1162 2543 1270 2606 est,
1297 2539 1368 2594 ad
1401 2538 1678 2594 honorem
1713 2537 1930 2594 dilecti.
1964 2539 2062 2594 Sa-

410 2639 607 2697 lomon
639 2634 968 2710 appellatus
1006 2629 1208 2689 Edida.
1241 2630 1300 2685 id
1333 2632 1438 2686 est.
1472 2627 1740 2687 dilectus.
1770 2627 2063 2699 ﬁgurabat

411 2727 714 2786 Christum
733 2741 936 2780 verum
967 2721 1248 2777 dilectum
1271 2737 1306 2774 a
1335 2717 1692 2774 Patre.Unde
1723 2721 1814 2772 est
1845 2733 1858 2772 :
1893 2741 1922 2767 ‹‹
1956 2717 2060 2773 Hic

410 2822 500 2876 est
537 2815 719 2874 Filius
770 2830 939 2869 meus
991 2811 1259 2867 dilectus.
1291 2809 1350 2864 in
1384 2824 1500 2880 quo
1531 2807 1676 2862 mihi
1708 2806 2056 2879 complacui,

411 2906 608 2980 ipsum
639 2903 838 2960 audite
867 2901 1070 2974 (Matth.
1105 2917 1168 2955 ιιι
1193 2907 1245 2955 et
1269 2898 1425 2968 xvu),
1457 2919 1488 2948 ιι
1520 2900 1576 2952 et
1604 2900 1696 2951 est
1741 2895 2056 2963 canticum,

411 2995 554 3069 quia
571 2993 825 3049 multum
856 2990 980 3063 agit
1008 2990 1078 3044 de
1107 2993 1324 3042 reterns
1351 2984 1818 3050 exsultatione,et
1847 2983 2062 3040 dicitur

407 3080 877 3155 epithalamium.
908 3079 967 3133 id
997 3081 1104 3136 est,
1133 3074 1393 3147 nuptiale
1439 3091 1697 3130 carmen.
1733 3074 1792 3130 In
1827 3074 2058 3130 duobus

2093 1779 2143 1844 B

2182 501 2273 554 tas
2320 501 2786 567 commendatur,
2818 502 2973 575 quod
3022 501 3316 560 canticum
3365 504 3569 578 dirigit
3613 521 3722 562 nos
3767 503 3826 561 in

2185 587 2489 644 ﬁnem.Vel
2523 589 2716 645 taliter
2743 592 3336 658 construe,canticum
3366 591 3524 650 istud
3553 597 3645 649 est
3671 593 3828 650 habi-

2181 678 2309 730 tum
2333 693 2436 747 pro
2455 676 2591 732 ﬁliis
2611 677 2795 734 Chore
2807 678 2906 751 qui
2919 680 3829 755 commutabuntur,propositum

2182 763 2458 820 omnibus
2477 765 2550 820 ad
2573 765 3044 840 intelligendum,
3061 772 3119 824 et
3135 769 3312 825 etiam
3335 785 3440 840 pro
3461 769 3693 826 dilecto.
3716 769 3832 826 Ma-

2181 850 2327 908 teria
2346 857 2436 908 est
2450 870 2705 925 sponsus
2723 859 2781 912 et
2796 855 3312 929 sponsa,Christus
3327 855 3550 914 scilicet
3559 863 3620 915 et
3636 857 3831 914 Eccle-

2181 937 2506 997 sia.Modus
2529 958 2544 996 :
2570 941 2632 996 In
2655 942 2846 1014 prima
2873 948 3035 1016 parte
3067 944 3232 1018 ponit
3262 945 3830 1002 commendationem

2181 1027 2402 1100 sponsi,
2425 1027 2648 1086 scilicet
2665 1030 2902 1088 Christi.
2919 1031 2982 1088 In
3015 1033 3274 1088 secunda
3303 1037 3468 1106 parte
3497 1033 3661 1107 ponit
3679 1051 3835 1090 com-

2181 1119 2614 1176 mendationem
2633 1120 2922 1176 Ecclesim.
2937 1121 3102 1178 Unde
3112 1120 3208 1178 hic
3219 1121 3738 1195 psalmusvocatur
3757 1123 3831 1180 ab

2177 1207 2984 1282 Augustinoepithalamium,
3009 1210 3065 1266 id
3080 1214 3190 1277 est,
3206 1210 3336 1267 laus
3356 1211 3621 1268 thalami.
3641 1211 3835 1268 Inten-

2177 1295 2264 1350 dit
2286 1313 2392 1353 nos
2415 1297 2657 1354 invitare
2669 1299 2741 1354 ad
2757 1298 3644 1371 hancconjunctionem,scilicet
3664 1304 3732 1356 ut
3745 1301 3834 1356 in-

2176 1384 2510 1468 telligamus
2540 1385 2692 1442 hanc
2723 1387 3196 1460 conjunctionem
3218 1387 3432 1444 Christi
3454 1393 3514 1470 et
3533 1387 3828 1446 Ecclesiae.

2245 1474 2366 1530 Vox
2394 1474 2707 1547 prophetis,
2736 1480 2793 1531 et
2823 1481 3136 1548 antequam
3184 1481 3443 1534 transeat
3483 1477 3556 1534 ad
3585 1476 3828 1535 laudem

2175 1563 2579 1636 sponsi,ponit
2607 1565 3177 1621 commendationem
3205 1565 3395 1638 ipsius
3421 1565 3617 1622 laudis
3645 1583 3830 1639 quam

2175 1651 2439 1708 facturus
2475 1657 2584 1721 est,
2615 1668 2751 1708 cum
2799 1653 2944 1708 dicit
2976 1669 2990 1710 :
3024 1677 3053 1703 ‹‹
3086 1658 3195 1710 Cor
3225 1671 3423 1710 meum
3455 1653 3763 1712 eructavit.
3803 1676 3832 1704 ιο

2174 1741 2278 1796 Hic
2308 1741 2590 1813 propheta
2619 1755 2688 1796 ex
2719 1742 2904 1798 saturi
2943 1740 3330 1798 similitudine
3375 1741 3655 1814 loquitur,
3691 1741 3836 1816 quia

2173 1835 2338 1886 satus
2367 1828 2580 1902 aliquis
2611 1846 2727 1884 non
2759 1834 2954 1902 potest
2983 1829 3230 1887 retinere
3254 1831 3452 1886 cibum
3501 1831 3646 1904 quin
3691 1848 3830 1888 eru-

2171 1923 2308 1984 ctet,
2333 1917 2417 1973 sic
2439 1917 2721 1990 propheta
2745 1917 2956 1990 plenus
2986 1917 3209 1991 Spiritu
3239 1924 3464 1989 sancto,
3496 1919 3835 1978 necessario

2171 2006 2474 2074 eructavit,
2509 2011 2572 2062 ut
2621 2005 2841 2080 aliquid
2892 2007 3316 2075 manifestaret,
3362 2009 3650 2066 eructavit
3696 2009 3834 2066 dico

2171 2119 2198 2146 «
2228 2096 2492 2162 verbum,
2521 2118 2548 2144 ››
2581 2096 2637 2150 id
2669 2100 2776 2164 est,
2815 2095 3026 2151 Filium
3059 2095 3163 2153 Dei
3199 2113 3212 2151 :
3247 2097 3390 2169 quia
3417 2097 3468 2154 si
3499 2097 3632 2171 quis
3663 2098 3834 2172 psal-

2172 2201 2338 2240 mum
2373 2185 2665 2252 ,attendat,
2699 2184 2912 2256 poterit
2967 2199 3097 2241 vere
3153 2200 3469 2258 agnoscere
3525 2185 3831 2244 Christum

2171 2273 2270 2329 Dei
2305 2272 2517 2328 Filium
2547 2289 2697 2329 esse.
2731 2273 2945 2329 Eodem
3005 2273 3242 2330 nomine
3298 2274 3489 2331 utitur
3541 2275 3831 2345 Joannes,

2170 2361 2372 2417 dicens
2405 2379 2418 2416 :
2453 2385 2481 2411 ‹‹
2517 2361 2580 2416 In
2640 2360 2927 2434 principio
2982 2365 3110 2417 erat
3165 2361 3424 2429 Verbum
3451 2363 3631 2431 (Joan.
3665 2362 3710 2434 ι)
3746 2379 3761 2419 :
3802 2385 3832 2414 »

2168 2451 2411 2507 verbum
2488 2450 2619 2506 dico
2675 2473 2704 2499 ‹‹
2756 2449 2976 2506 bonum
3030 2471 3058 2499 »
3123 2449 3502 2524 singulariter
3574 2450 3832 2520 scilicet,

2170 2538 2309 2612 quia
2329 2538 2490 2595 solus
2511 2539 2666 2595 Deus
2697 2539 2889 2595 bonus
2917 2542 3026 2606 est,
3051 2543 3109 2594 et
3136 2537 3422 2612 quidquid
3453 2538 3590 2595 boni
3621 2544 3734 2606 est,
3754 2557 3834 2596 ex

2169 2626 2292 2683 solo
2317 2630 2428 2682 Deo
2449 2626 2728 2684 est.Unde
2758 2625 3188 2694 Christus,cum
3219 2626 3458 2700 quidam
3489 2626 3678 2684 solam
3707 2627 3834 2685 hu-

2169 2715 2513 2772 manitatem
2556 2715 2955 2788 respicientes,
2986 2732 3121 2773 eum
3167 2717 3390 2773 bonum
3428 2715 3710 2789 dicerent,
3743 2735 3838 2775 ne-

2156 2797 2444 2877 'spondit:
2495 2827 2517 2854 ι
2547 2803 2694 2871 Quid
2727 2822 2820 2861 me
2850 2805 3070 2861 bonum
3099 2805 3320 2862 vocatis
3341 2805 3368 2860 7
3399 2805 3580 2862 Nemo
3610 2807 3836 2876 bonus,

2168 2893 2281 2950 nisi
2331 2893 2493 2951 solus
2547 2893 2701 2949 Deus
2745 2893 2952 2962 (Matth.
2985 2896 3068 2964 χ),
3101 2916 3129 2944 ››
3160 2899 3219 2950 et
3245 2893 3384 2950 huic
3412 2917 3442 2944 «
3473 2894 3616 2969 regi,
3649 2918 3673 2948 ι
3711 2895 3838 2952 sci-

2168 2981 2304 3039 licet
2333 2983 2584 3050 Christo,
2619 2983 2718 3055 qui
2750 2983 2906 3040 Deus
2935 2989 3044 3051 est,
3078 3005 3106 3033 ‹‹
3139 2982 3268 3040 dico
3291 3000 3418 3057 ego,
3455 3004 3483 3033 ››
3513 2982 3573 3040 id
3603 2989 3696 3041 est
3722 2985 3835 3042 de-

2168 3073 2298 3129 dico
2321 3089 2426 3144 ego
2451 3088 2629 3145 opera.
2650 3073 2864 3141 mea,id
2889 3073 3254 3141 est,devoveo
3283 3089 3390 3146 ego
3418 3076 3610 3129 totam
3642 3072 3833 3130 istam

408 3147 616 3242 primis
643 3164 948 3222 versiculis
977 3165 1162 3220 utitur
1190 3163 1579 3220 similitudine
1602 3162 2056 3233 joculatoris,in-
2085 3147 2130 3214 (ἶ
2166 3161 2400 3218 laudem
2433 3177 2646 3216 meam.

404 3262 560 3314 trare
579 3253 828 3311 volentis
848 3254 920 3309 ad
945 3252 1260 3325 nuptias.et
1280 3251 1566 3325 captantis
1597 3251 2056 3308 benevolentiam

399 3344 694 3418 janitoris,
719 3342 1040 3416 prmvidens
1069 3341 1286 3397 Christi
1317 3345 1375 3396 et
1400 3340 1656 3397 ecclesiae
1687 3340 1942 3413 nuptias,
1965 3358 2059 3397 vo-

406 3434 534 3492 lens
573 3435 808 3490 cantare
847 3432 918 3488 de
947 3431 1052 3491 eis.
1083 3435 1140 3486 et
1170 3431 1335 3502 quasi
1382 3429 1712 3492 intromitti,
1745 3433 1910 3502 parat
1941 3430 2052 3485 sibi

402 3524 720 3582 auditores.
753 3521 954 3577 dicens
983 3537 1045 3576 se
1077 3520 1280 3576 fecisse
1329 3519 1679 3574 cantilenam
1707 3519 1778 3574 de
1809 3519 2050 3590 nuptiis,

401 3617 458 3670 et
475 3612 622 3669 velle
644 3614 877 3668 cantare
897 3609 1306 3683 regi.Quatuor
1327 3607 1517 3663 modis
1538 3607 1741 3662 laudat
1769 3623 2053 3679 sponsum

401 3706 459 3758 et
478 3704 732 3775 quatuor
751 3697 1293 3772 sponsam.Titulus
1318 3696 1403 3752 sic
1431 3697 1766 3768 exponitur:
1784 3695 2054 3752 Psalmus

399 3791 508 3847 iste
527 3793 768 3847 vocatur
797 3785 1257 3859 canticum.quia
1279 3785 1562 3858 propheta
1579 3783 2050 3855 conjunctionem

397 3878 611 3936 Christi
643 3882 702 3934 et
731 3876 985 3933 ecclesia:
1019 3874 1340 3948 praevidens
1371 3875 1648 3935 futuram,
1681 3888 1810 3928 eam
1841 3871 1900 3927 in
1942 3872 2052 3932 hoc

398 3967 625 4040 psalmo
657 3982 790 4020 cum
825 3979 1038 4035 magna
1059 3962 1446 4018 exsultatione
1477 3961 1908 4034 pronuntiat.ex
1936 3978 2052 4034 qua

398 4054 815 4126 conjunctione
863 4050 1182 4124 unicuique
1231 4052 1388 4107 ﬁdeli
1437 4051 1784 4122 intelligenti
1837 4067 2052 4122 magna

399 4143 710 4200 exsultatio
730 4141 1358 4214 generatumcanticum
1385 4139 1514 4195 dico
1535 4139 1802 4194 habitum
1823 4157 1926 4209 pro
1956 4138 2050 4195 his

398 4231 498 4305 qui
523 4230 1047 4288 commutabuntur
1077 4225 1147 4285 de
1169 4227 1514 4284 inﬁdelitate
1544 4228 1614 4282 ad
1647 4227 1915 4282 ﬁdem.In
1939 4226 2048 4282 hoc

398 4321 555 4378 enim
588 4319 814 4393 psalmo
855 4319 1108 4374 maxime
1136 4317 1582 4372 commendatur
1611 4313 1884 4381 Ecclesia,
1918 4314 2048 4385 ipsa

396 4409 554 4466 enim
576 4407 833 4465 Ecclesia
850 4411 1088 4478 estque:
1119 4403 1596 4460 commutabitur.
1614 4401 1676 4456 In
1707 4400 1818 4456 hac
1849 4405 2044 4456 autem

393 4497 513 4554 vita
533 4500 972 4554 commutantur
992 4491 1439 4579 sancti,quando
1461 4491 1532 4545 de
1563 4488 2040 4579 corporediaboli
2071 4515 2120 4579 Β

393 4587 704 4639 transeunt
733 4599 748 4636 :
779 4581 1016 4636 tandem
1053 4595 1187 4634 vero
1220 4578 1470 4650 perfecte
1499 4576 2040 4644 commutabuntur,

396 4669 634 4742 quando
665 4666 1104 4724 immortalitate
1118 4671 1177 4722 et
1197 4667 1274 4721 im
1284 4665 1670 4738 passibilitate
1689 4665 2010 4722 induantur
2029 4681 2042 4720 :

395 4759 694 4816 canticum
707 4756 838 4812 dico
851 4755 1216 4828 propositum
1232 4754 1366 4810 ﬁliis
1380 4754 1563 4811 Chore
1576 4754 1648 4810 ad
1662 4753 2039 4810 intellectum.

394 4847 575 4904 Valde
593 4845 753 4902 enim
776 4844 1172 4900 necessarium
1193 4848 1408 4904 erat,ut
1427 4841 1572 4899 illud
1585 4843 2045 4915 arcanum.quod

396 4937 589 4994 adhuc
615 4932 821 4990 multis
852 4933 1117 5007 ignotum
1147 4937 1292 4992 erat.
1320 4931 1544 4988 scilicet
1573 4932 2045 5003 conjuuctionem

394 5025 612 5082 Christi
643 5028 702 5080 et
737 5021 1027 5082 Ecclesiae,
1059 5021 1162 5077 ﬁlii
1193 5022 1376 5078 Chore
1407 5020 1816 5094 intelligerent,
1850 5020 1904 5076 id
1934 5023 2044 5087 est,

397 5113 500 5170 ﬁlii
522 5111 1037 5170 crucis.canticum
1067 5109 1196 5166 dico
1227 5127 1344 5166 non
1373 5113 1604 5165 tantum
1635 5125 1738 5182 pro
1768 5109 1862 5164 his
1884 5108 2044 5164 habio

395 5205 524 5256 tum
556 5201 656 5273 qui
687 5199 1230 5257 commutabuntur.
1253 5199 1354 5254 sed
1381 5197 1559 5254 etiam
1589 5215 1693 5270 pro
1721 5197 1954 5256 dilecto.
1982 5195 2039 5251 id

395 5293 504 5359 est,
537 5290 606 5343 ad
641 5289 920 5345 honorem
954 5288 1170 5347 dilecti,
1202 5288 1258 5342 id
1291 5291 1398 5353 est,
1431 5287 1663 5348 Christi,
1695 5287 1797 5360 qui
1829 5285 2045 5358 specia-

395 5375 528 5432 liter
583 5376 797 5431 dicitur
847 5393 974 5432 esse
1023 5376 1289 5434 dilectus.
1323 5375 1462 5447 quia
1509 5375 1559 5431 si
1602 5375 1818 5447 aliquis
1840 5375 2044 5445 justus

397 5469 632 5537 propter
656 5463 884 5536 aliquas
915 5465 1158 5520 virtutes
1189 5464 1404 5520 dicitur
1432 5483 1560 5520 esse
1582 5461 2042 5523 dilectus,multo

398 5552 588 5627 magis
610 5551 892 5610 Christus.
916 5553 1016 5624 qui
1051 5551 1192 5608 nihil
1226 5552 1336 5610 nisi
1369 5553 1588 5608 bonum
1618 5549 1842 5612 habuit.
1873 5552 2043 5624 cujus

2236 3250 2306 3304 Et
2325 3249 2447 3305 hmo
2468 3249 2897 3306 commendatio
2918 3267 3048 3305 mea
3069 3267 3183 3306 non
3205 3253 3297 3307 est
3323 3251 3652 3319 refutanda,
3680 3253 3832 3324 quia

2165 3355 2279 3394 non
2303 3337 2510 3409 loquor
2537 3354 2607 3394 ex
2638 3355 2752 3405 me,
2771 3339 2872 3394 sed
2905 3338 3162 3411 Spiritus
3189 3343 3432 3396 sanctus
3459 3339 3734 3412 loquitur
3765 3342 3827 3397 in

2164 3432 2350 3494 me,ut
2377 3445 2479 3499 per
2497 3427 2980 3497 instrumentum,
3003 3433 3064 3484 et
3083 3428 3193 3485 hoc
3215 3433 3337 3486 est:
3366 3453 3394 3480 «
3424 3429 3655 3502 Lingua
3689 3448 3832 3486 mea

2163 3517 2447 3583 calamus,
2476 3540 2502 3564 ››
2535 3516 2592 3572 id
2621 3521 2730 3585 est,
2763 3516 3180 3589 comparabilis
3199 3518 3448 3588 calamo,
3471 3518 3634 3591 quia,
3665 3519 3832 3576 sicut

2161 3605 2425 3660 calamus
2445 3605 2592 3660 nihil
2623 3623 2728 3677 per
2755 3623 2818 3664 se
2847 3605 3130 3673 facit,nisi
3147 3605 3364 3678 aliquis
3393 3623 3496 3678 per
3524 3623 3662 3663 eum
3682 3607 3832 3664 scri-

2161 3693 2280 3761 bat,
2314 3693 2400 3749 sic
2432 3710 2536 3748 nec
2577 3692 2779 3766 lingua
2824 3711 2974 3760 mea,
3009 3695 3274 3753 calamus
3303 3695 3434 3753 dico
3463 3719 3490 3745 «
3527 3696 3765 3765 scribe,
3803 3719 3827 3748 ι

2160 3781 2218 3837 id
2241 3786 2331 3838 est
2351 3781 2608 3854 Spiritus
2629 3783 2839 3850 sancti,
2859 3783 2960 3854 qui
2983 3800 3086 3856 per
3118 3800 3212 3839 me
3241 3783 3465 3841 scribat
3492 3789 3551 3841 et
3577 3801 3685 3858 per
3711 3804 3834 3842 cai-

2161 3875 2317 3926 teros
2338 3869 2656 3942 prophetas
2676 3868 2862 3944 legem
2885 3870 2986 3928 Dei
3008 3872 3068 3928 in
3091 3872 3832 3943 cordahominum,scribte

2161 3958 2288 4014 dico
2313 3981 2340 4008 «
2356 3957 2629 4014 velociter
2645 3959 2991 4016 scribentis:
3015 3982 3041 4010 ››
3067 3960 3209 4032 quia
3233 3962 3388 4033 quod
3412 3961 3682 4035 magistri
3707 3981 3832 4021 non

2155 4053 2410 4120 possunt
2439 4048 2629 4104 facere
2659 4065 2761 4121 per
2790 4047 3008 4105 mullos
3039 4066 3247 4118 annos,
3281 4050 3535 4124 Spiritus
3577 4058 3832 4109 sanctus

2157 4131 2218 4188 in
2241 4138 2537 4190 momento
2569 4133 2744 4190 facit:
2790 4139 2856 4191 ut
2885 4135 2944 4190 in
2977 4135 3181 4200 Paulo.
3211 4154 3387 4209 quem
3421 4139 3480 4194 in
3511 4146 3827 4198 momento

2156 4223 2550 4294 cognitionem
2597 4223 2858 4279 veritatis
2905 4224 3124 4292 docuit,
3155 4243 3320 4298 aeque
3348 4230 3407 4282 et
3437 4226 3628 4300 plene,
3662 4229 3831 4286 sicut

2155 4311 2426 4368 Christus
2447 4311 2646 4367 docuit
2660 4313 2965 4384 Apostolos
2987 4328 3044 4370 et
3063 4313 3209 4371 alios
3229 4333 3333 4388 per
3361 4314 3578 4372 multos
3599 4334 3827 4378 annos.

2226 4399 2364 4456 Dico
2385 4416 2490 4472 ego
2512 4415 2688 4470 opera
2709 4417 2840 4456 mea
2861 4403 3004 4474 regi,
3024 4401 3082 4457 id
3103 4407 3212 4471 est,
3247 4403 3399 4460 hanc
3427 4404 3821 4476 cantilenam,

2153 4487 2275 4544 haec
2295 4492 2552 4560 opera,et
2582 4489 2728 4544 bene
2757 4489 2938 4546 debeo
2969 4489 3108 4546 huic
3137 4491 3510 4565 dicare,quia
3536 4491 3662 4566 ipse
3695 4499 3818 4564 est,

2153 4600 2182 4626 «
2214 4577 2514 4650 speciosus
2543 4577 2772 4648 forma;
2796 4600 2826 4628 ››
2865 4577 3001 4635 licet
3046 4579 3157 4636 hoc
3201 4585 3401 4654 posset
3435 4581 3506 4638 de
3533 4582 3820 4640 exteriori

2152 4665 2576 4739 compositione
2607 4667 3008 4724 membrorum
3060 4669 3332 4744 intelligi,
3364 4673 3562 4728 tamen
3595 4671 3824 4728 intelli-

2154 4755 2410 4828 gendum
2441 4757 2532 4810 est
2561 4755 2633 4811 de
2663 4754 3038 4812 immunitate
3068 4763 3468 4830 peccatorum:
3503 4760 3826 4832 speciosus

2153 4843 2284 4900 dico
2319 4867 2345 4893 α
2381 4859 2497 4915 prae
2530 4842 2668 4898 ﬁliis
2693 4843 3022 4913 hominum,
3059 4868 3089 4896 »
3121 4844 3179 4902 id
3210 4846 3460 4920 est,plus
3488 4865 3667 4920 quam
3702 4849 3824 4905 ﬁlii

2156 4931 2460 4988 hominum
2472 4936 2733 4988 veterum
2746 4931 3147 5006 patrum,quia
3167 4933 3368 4992 nullus
3387 4936 3824 5009 prateripsnm

2154 5019 2438 5096 immunis
2459 5020 2572 5076 fuit
2591 5038 2626 5076 a
2645 5025 2903 5093 peccato,
2927 5027 2987 5078 et
3009 5023 3274 5082 faciendo
3293 5023 3470 5081 aliam
3501 5041 3828 5083 commen-

2153 5109 2448 5165 dationem
2479 5108 2688 5180 ipsius,
2721 5111 3006 5166 convertit
3033 5129 3095 5169 se
3125 5113 3198 5168 ad
3233 5111 3449 5186 ipsum,
3481 5117 3544 5170 et
3569 5117 3830 5186 propter

2151 5196 2262 5253 hoc
2281 5197 2422 5269 quia
2443 5197 2524 5252 ita
2544 5197 2846 5270 speciosus
2869 5216 2955 5268 es,
2977 5224 3005 5250 α
3026 5201 3083 5256 in
3115 5199 3347 5270 labiis,»
3379 5201 3438 5258 id
3467 5206 3559 5258 est
3586 5201 3648 5257 in
3679 5219 3827 5260 ver-

2152 5285 2244 5341 bis
2265 5284 2384 5340 tuis
2401 5309 2427 5336 «
2452 5285 2667 5342 diﬁ‘usa
2686 5291 2777 5343 est
2803 5289 3034 5360 gratia»
3052 5289 3192 5361 quia
3219 5289 3305 5345 illi
3337 5290 3438 5362 qui
3471 5294 3638 5346 tuam
3668 5307 3830 5362 pra:-

2152 5373 2503 5430 dicationem
2525 5391 2838 5448 susceperu
2847 5380 2993 5446 nt,et
3013 5376 3190 5434 etiam
3215 5376 3640 5450 discipulorum
3657 5395 3833 5436 rece-

2153 5467 2366 5536 perunt
2389 5464 2664 5536 gratiam,
2698 5465 2755 5520 id
2787 5469 2876 5520 est
2908 5466 3315 5523 remissionem
3347 5469 3832 5539 pcccatorum,et

2153 5551 2267 5608 alia
2295 5553 2450 5609 dona
2495 5552 2748 5624 Spiritus
2779 5555 2984 5612 sancti.
3018 5555 3166 5612 Cum
3197 5553 3341 5612 dicit
3370 5554 3610 5626 dill‘usa,
3643 5560 3834 5612 notat
