4092 6178
430 332 545 396 351

856 333 1262 398 HAYMONIS
1294 335 1840 399 HALBERSTAT.
1876 334 2122 401 EPISG.
2154 337 2326 401 OPP.
2357 340 2560 404 PARS
2588 343 2638 406 Ι.
2669 375 2747 386 -
2776 340 3181 407 COMMENT.
3213 342 3414 406 BIBL.

427 468 583 540 stoli,
616 471 966 549 acceperunt
994 483 1185 536 suam,
1218 467 1460 538 scilicet,
1492 468 1809 526 Ecclesium
1837 485 1849 525 ε
1874 473 1933 526 θῖ
1960 485 2076 525 non
2107 468 2161 543 Α
2190 471 2459 541 fimbriis,
2487 495 2514 524 »
2550 475 2607 530 id
2639 479 2749 541 est,
2764 474 2824 531 in
2848 474 3311 547 perseveratione
3341 476 3531 549 usque
3557 474 3619 532 in
3653 472 3834 537 ﬁnem

430 561 564 632 sibi,
595 560 697 618 sed
739 544 1273 626 Christo,Ecclesia3
1319 558 1469 614 filios
1507 563 1972 631 procreaverunt,
2007 562 2074 615 ut

429 647 688 726 generati
718 648 989 705 dicantur
1018 646 1355 720 Christiani,
1388 665 1502 704 non
1550 648 1797 717 Paulini,
1819 648 1907 706 vel
1963 650 2070 705 Pe-

427 740 587 797 trini.

499 829 603 886 Hic
632 827 800 884 illum
823 843 1017 900 regem
1049 844 1153 900 per
1173 845 1341 883 suam
1369 845 1647 901 sponsam
1677 830 2067 884 commendat.

426 917 798 975 Continuatio
832 933 845 972 :
879 918 997 973 Rex
1027 922 1147 972 tam
1171 916 1385 989 dignus
1407 921 1495 973 est
1523 917 1674 974 sicut
1701 918 1841 983 dixi,
1863 922 1919 975 et
1941 917 2068 988 tibi,

428 1031 456 1060 ‹‹
489 1006 710 1081 regina,
739 1028 766 1055 »
789 1006 843 1061 id
869 1004 1251 1069 est,Ecclcsia
1277 1022 1289 1059 :
1315 1023 1442 1078 quae
1465 1006 1594 1062 ideo
1616 1006 1814 1077 regina
1835 1007 2069 1080 dicitur,

426 1097 566 1171 quia
585 1097 731 1152 bene
751 1094 901 1168 regit
922 1094 1072 1150 filios
1090 1112 1227 1150 suos
1251 1111 1264 1149 :
1290 1118 1318 1145 «
1343 1095 1546 1163 astitit,
1567 1118 1593 1144 »
1616 1094 1852 1163 scilicet,
1870 1100 2074 1168 parata

425 1186 640 1245 servire
672 1208 699 1237 ‹‹
736 1202 771 1240 a
798 1183 1214 1251 dextristuis,»
1249 1184 1304 1239 id
1326 1183 1507 1249 est,in
1547 1184 1870 1256 potioribus
1903 1185 2073 1241 bonis

424 1276 545 1332 tuis
569 1292 581 1331 :
605 1274 745 1348 quia
775 1274 896 1330 haec
927 1272 1273 1345 temporalia
1302 1290 1419 1329 non
1451 1273 1612 1345 petit,
1634 1274 1731 1328 sed
1767 1273 2024 1329 ccclestia
2055 1291 2068 1329 :

426 1366 611 1422 astitit
641 1364 770 1421 dico
802 1386 830 1414 ‹‹
864 1364 923 1418 in
954 1363 1235 1430 vestitu,»
1266 1362 1323 1417 id
1356 1364 1625 1429 est,bene
1655 1364 1864 1419 vestita
1892 1367 1949 1419 et
1980 1381 2070 1420 or-

427 1460 562 1512 nata
587 1455 741 1512 bona
761 1452 1094 1526 operatione
1123 1469 1133 1507 ε
1159 1474 1187 1500 ‹‹
1212 1452 1510 1519 deaurato,
1527 1474 1554 1502 »
1580 1452 1636 1507 id
1657 1457 1745 1508 est
1767 1469 1869 1525 per
1889 1452 2075 1509 chari-

424 1550 605 1603 tatem
639 1548 844 1600 ornato
878 1560 891 1598 :
926 1557 1052 1613 qum
1085 1540 1212 1598 ideo
1244 1558 1347 1613 per
1391 1557 1600 1596 aurum
1641 1545 1900 1610 notatur,
1933 1541 2075 1615 quia

423 1634 578 1695 sicut
623 1649 834 1693 aurum
884 1630 1161 1689 omnibus
1204 1630 1458 1687 metallis
1486 1634 1577 1686 est
1612 1630 1949 1702 pretiosius,
1986 1630 2072 1688 sic

423 1723 678 1795 cbaritas
710 1721 984 1779 omnibus
1002 1719 1321 1777 virtutibus
1354 1736 1367 1775 :
1402 1720 1604 1792 regina
1625 1720 1754 1776 dico
1776 1743 1804 1770 «
1825 1720 2071 1776 circum-

422 1815 580 1881 data,
615 1836 642 1863 ››
663 1812 723 1869 id
754 1816 861 1878 est,
877 1809 1050 1884 plena
1069 1810 1283 1866 virtute
1306 1812 1364 1865 et
1390 1832 1418 1860 ‹‹
1443 1809 1719 1908 varietate
1738 1832 1771 1908 n.
1797 1810 2070 1908 Gentium
2101 1841 2155 1908 Β

419 1903 508 1965 vel
536 1902 897 1961 diversorum
928 1900 1384 1972 ordinum,quia
1424 1898 1523 1956 alii
1556 1903 1695 1957 sunt
1724 1898 1940 1970 clerici,
1972 1898 2073 1956 alii

421 1992 744 2067 conjugati,
778 1995 888 2048 etc.

491 2104 521 2132 α
551 2079 725 2148 Audi,
759 2077 899 2134 filia.
926 2100 954 2128 ››
981 2076 1214 2134 Transit
1245 2077 1320 2133 ad
1350 2076 1669 2133 secundam
1696 2075 2070 2147 partem,sci-

420 2169 556 2227 licet
584 2169 656 2225 ad
688 2166 1257 2225 commendationem
1287 2182 1513 2237 sponsae
1551 2164 1792 2231 Quando
1830 2164 2069 2236 quidem

420 2275 675 2333 sponsus
714 2256 851 2315 talis
880 2260 990 2329 est,
1018 2273 1051 2314 ο
1071 2260 1156 2324 tu,
1194 2278 1222 2306 «
1254 2254 1397 2323 filia,
1426 2278 1454 2304 »
1485 2254 1542 2309 id
1585 2257 1690 2322 est,
1715 2270 1747 2309 ο
1788 2253 2067 2324 Ecclesia,

420 2372 449 2401 ι(
485 2348 643 2417 audi,
681 2369 709 2397 ››
737 2346 794 2402 id
826 2350 933 2416 est,
957 2344 1216 2418 intelligo
1245 2361 1314 2400 ea
1340 2360 1467 2416 qua:
1508 2346 1650 2398 sunt
1697 2344 2066 2417 annuntiata,

420 2461 449 2489 ‹‹
483 2441 537 2495 et
566 2436 698 2494 vide
734 2459 762 2486 »
795 2433 1086 2507 completa
1118 2449 1131 2487 :
1166 2432 1300 2489 audi
1334 2432 1484 2498 dico,
1507 2436 1717 2487 etcum
1738 2431 2067 2490 humilitate

419 2527 556 2584 audi
583 2544 596 2583 :
621 2530 679 2584 et
704 2525 813 2582 hoc
842 2527 933 2581 est
962 2546 989 2573 «
1023 2526 1081 2580 et
1108 2520 1327 2577 inclina
1353 2536 1554 2577 aurem
1585 2524 1846 2588 tuam,et
1872 2520 2070 2577 oblivi-

418 2632 581 2674 scere
615 2614 901 2690 populum
934 2617 1128 2679 tuum,
1162 2633 1189 2661 »
1221 2610 1278 2666 id
1310 2614 1420 2678 est,
1443 2613 1631 2666 sectas
1650 2610 1956 2683 gentilium
1978 2611 2067 2667 vel

419 2705 758 2763 Judzeorum
794 2718 808 2758 :
844 2725 872 2753 ‹‹
892 2706 948 2758 et
977 2701 1215 2757 domum
1250 2698 1433 2771 patris
1461 2698 1606 2766 tui,»
1639 2697 1698 2752 id
1726 2701 2080 2765 est,conver-.

418 2794 704 2853 sationem
728 2790 967 2857 diaboli,
984 2788 1206 2845 scilicet
1232 2785 1620 2843 idololatriam
1642 2786 1699 2840 in
1721 2786 2064 2859 gentilitate,

416 2888 473 2940 et
491 2883 639 2940 ritus
658 2881 876 2955 legales
898 2879 957 2935 in
977 2878 1303 2936 Judaismo.
1324 2873 1560 2948 Proprie
1581 2878 1747 2931 vocat
1785 2875 2068 2948 propheta

414 2971 735 3033 Ecclesium
764 2969 947 3026 filiam
971 2969 1232 3036 suam,et
1251 2969 1588 3022 caeterorum
1622 2963 2062 3036 prophetarum,

416 3060 555 3134 quia
574 3076 753 3133 super
781 3056 1180 3130 apostolorum
1211 3058 1266 3111 et
1293 3053 1708 3128 prophetarum
1740 3053 1915 3110 fidem
1939 3053 2066 3108 lun-

414 3150 590 3205 datur
613 3146 891 3204 Ecclesia.

2180 584 2208 612 ‹‹
2240 563 2453 631 aureis,
2480 586 2505 612 ››
2538 563 2595 619 id
2621 562 3030 631 est,charitate
3061 562 3345 637 plenis,et
3371 564 3431 621 in
3456 564 3571 621 hoc
3599 570 3690 622 est
3718 567 3836 641 glo-

2180 651 2269 707 ria
2297 652 2449 723 ejus,
2482 652 2639 724 quod
2670 651 2799 725 ipsa
2819 656 2913 710 est
2943 676 2971 704 «
3006 653 3221 709 amicta
3264 653 3665 721 varietatibus,
3702 676 3730 705 υ
3776 653 3830 713 id

2179 744 2289 806 est,
2323 740 2569 797 diversis
2610 741 2940 814 ordinibus,
2976 740 3833 818 clericorum,conjugatorum,

2179 833 2237 885 et
2264 834 2625 887 cmterorum.

2251 918 2354 974 Hic
2385 920 2598 975 iterum
2632 920 3006 977 commendat
3034 937 3141 993 per
3168 920 3616 979 successionem.
3637 922 3835 978 Conti-

2180 1008 2382 1065 nuatio
2415 1026 2428 1064 :
2454 1010 2587 1081 Ipsa
2614 1014 2703 1065 est
2733 1009 2949 1065 amicta
2974 1010 3451 1078 varietatibus,et
3479 1033 3507 1060 «
3543 1015 3675 1085 post
3704 1027 3835 1068 eam

2181 1098 2548 1154 adducentur
2568 1097 2842 1172 virgines,
2881 1121 2908 1147 »
2940 1099 2999 1155 id
3028 1103 3140 1166 est,
3166 1099 3377 1172 integri
3426 1099 3486 1154 in
3527 1100 3746 1167 anima,
3778 1103 3839 1157 et

2179 1185 2237 1241 in
2263 1203 2522 1260 corpore,
2549 1210 2577 1238 ‹‹
2603 1187 2791 1261 regi,»
2815 1186 3036 1244 scilicet
3058 1188 3130 1243 ad
3152 1187 3524 1244 serviendum
3549 1188 3665 1245 Deo
3686 1190 3833 1264 regi.

2181 1274 2435 1333 Dicendo
2459 1277 2842 1344 adducentur,
2869 1279 3032 1332 notat
3051 1276 3208 1349 quod
3231 1294 3335 1349 per
3353 1292 3415 1333 se
3436 1278 3508 1333 ad
3549 1276 3712 1334 illam
3744 1278 3837 1334 di-

2182 1367 2461 1440 gnitatem
2496 1369 2795 1439 nequeunt
2825 1365 3145 1438 pervenire,
3165 1365 3279 1421 nisi
3304 1365 3673 1422 adducantur
3691 1382 3839 1439 pra)-

2181 1454 2471 1511 dicatione
2500 1458 2557 1510 et
2586 1454 2777 1527 gratia
2806 1455 3143 1526 adjuvante,
3175 1477 3204 1504 «
3237 1458 3297 1511 et
3327 1454 3599 1527 proximas
3640 1455 3772 1527 ejus
3805 1478 3836 1506 ι

2181 1543 2414 1615 regines,
2446 1543 2502 1597 id
2534 1546 2642 1610 est,
2667 1541 2750 1597 illi
2783 1541 2884 1614 qui
2915 1541 3052 1598 licet
3080 1558 3196 1597 non
3230 1540 3350 1597 sint
3379 1541 3837 1615 integri,tamen

2181 1636 2320 1689 sunt
2348 1630 2736 1698 continentes,
2772 1635 2838 1687 ut
2871 1631 3032 1687 bona
3061 1630 3268 1697 viduae,
3301 1633 3358 1686 et
3387 1628 3485 1687 alii
3510 1629 3662 1686 «tibi
3691 1631 3863 1688 atie-

2181 1726 2406 1789 rentur,
2443 1744 2470 1770 ››
2500 1737 2533 1776 o
2565 1737 2683 1776 rex.
2707 1720 2850 1776 Cum
2883 1718 3028 1775 dicit
3058 1718 3393 1785 afferentur,
3407 1722 3572 1775 notat
3598 1722 3839 1777 tantam

2179 1827 2382 1869 eorum
2401 1809 2783 1876 debilitatem,
2814 1811 2881 1865 ut
2911 1823 3015 1865 nec
3045 1806 3257 1864 adduci
3287 1806 3539 1875 valeant,
3556 1806 3670 1864 nisi
3690 1807 3841 1879 quia

2177 1899 2267 1961 vel
2296 1900 2354 1955 in
2384 1897 2717 1957 humilitate
2746 1898 2912 1970 quasi
2953 1896 3012 1953 in
3044 1896 3308 1957 humeris
3349 1898 3673 1970 portentur.
3700 1897 3839 1954 Hae

2178 1987 2506 2062 apportatio
2525 1988 2591 2043 ﬁt
2613 2004 2716 2060 per
2740 1986 3128 2060 frequentiam
3153 1984 3706 2058 miraculorum,per
3724 1985 3837 2041 im;

2177 2081 2490 2149 portunam
2522 2075 3013 2149 praedicationem.
3036 2074 3202 2131 Unde
3231 2072 3580 2147 Apostolus:
3606 2096 3638 2124 α
3666 2073 3841 2132 Iusta

2177 2168 2519 2240 opportune,
2552 2164 2885 2236 importune
2913 2164 2993 2232 (II
3021 2164 3157 2220 Tim.
3191 2167 3290 2232 Iv).
3326 2186 3355 2213 η

2247 2256 2317 2312 Εῖ
2367 2254 2450 2310 illi
2502 2253 2587 2309 sic
2636 2252 2794 2309 allati
2844 2269 2960 2310 non
3003 2252 3306 2309 habebunt
3350 2251 3676 2320 tristitiam,
3724 2252 3835 2309 sed

2176 2366 2206 2396 ‹‹
2239 2344 2555 2400 afferentur
2576 2343 2634 2397 in
2665 2340 2863 2397 laetitia
2894 2345 2949 2396 et
2977 2340 3355 2409 exultatione,
3381 2362 3408 2390 ιι
3440 2340 3580 2413 quia
3600 2340 3659 2396 in
3680 2358 3833 2414 prte-

2178 2431 2327 2491 senti
2345 2431 2520 2487 etiam
2533 2428 2792 2489 Ecclesia
2812 2429 3067 2486 multum
3092 2428 3367 2486 laetantur
3387 2428 3571 2486 sancti
3591 2444 3835 2503 quoque

2177 2522 2248 2578 de
2294 2519 2546 2593 puritate
2588 2536 2705 2575 suae
2757 2517 3143 2585 conscientiae,
3179 2522 3236 2575 et
3282 2518 3355 2574 de
3395 2517 3504 2575 hac
3550 2518 3833 2592 presenti

2175 2610 2432 2668 Ecclesia
2462 2632 2489 2658 ‹‹
2523 2608 2890 2665 adducentur
2920 2608 2979 2663 in
3011 2606 3300 2681 templum
3331 2606 3541 2681 regis,»
3570 2606 3633 2663 id
3656 2606 3835 2665 estin

2176 2715 2490 2772 supernam
2523 2696 2908 2754 Hierusalem.

2246 2787 2412 2844 Ponit
2444 2804 2545 2859 per
2577 2786 2718 2859 quid
2752 2785 3071 2842 atl'erantur
3106 2789 3165 2842 et
3210 2786 3601 2842 adducantur.
3624 2783 3834 2841 Conti-

2176 2876 2376 2933 nuatio
2402 2892 2414 2932 :
2441 2877 2512 2932 Et
2535 2892 2665 2933 vere
2688 2892 2791 2948 per
2810 2891 3015 2932 omnes
3030 2873 3436 2932 successiones
3454 2874 3839 2931 adducentur

2172 2970 2229 3023 et
2252 2963 2733 3037 afferentur,quia
2750 2980 2984 3037 semper
2997 2967 3170 3023 erunt
3188 2963 3367 3037 aliqui
3389 2962 3832 3037 pradicatores,

2173 3055 2312 3128 quia
2343 3077 2371 3106 ‹‹
2396 3071 2499 3127 pro
2522 3052 2787 3126 patribus
2808 3052 2949 3121 tuis,
2971 3075 2998 3102 »
3027 3051 3087 3108 id
3117 3056 3228 3122 est,
3250 3051 3375 3111 loco
3396 3051 3832 3126 apostolorum,

2172 3144 2271 3217 qui
2303 3148 2630 3216 genuerunt
2660 3143 2951 3199 mundum
2984 3142 3042 3197 in
3075 3141 3209 3209 fide,
3242 3141 3315 3198 ad
3346 3141 3629 3200 honorem
3648 3145 3834 3199 tuum

486 3235 626 3293 Dico
658 3232 1016 3300 obliviscere,
1049 3236 1107 3288 et
1143 3231 1193 3287 si
1241 3230 1350 3286 hoc
1381 3230 1605 3298 feceris,
1640 3253 1667 3279 ‹‹
1689 3230 2063 3303 concupiscet
2089 3205 2141 3273 θ’
2172 3205 2208 3283 «ξ
2236 3233 2355 3289 nati
2388 3236 2527 3288 sunt
2554 3230 2680 3299 filii,
2717 3254 2744 3283 ››
2777 3231 2835 3287 id
2866 3235 2978 3298 est,
2991 3231 3315 3289 succedunt
3343 3229 3440 3287 alii
3479 3231 3834 3303 prmdicato-

416 3343 533 3393 rex,
558 3347 586 3375 ››
609 3323 667 3381 id
688 3326 796 3390 est,
815 3320 1083 3378 Christus
1106 3342 1132 3369 «
1154 3320 1419 3375 decorem
1436 3324 1664 3389 tuum,»
1688 3318 1745 3375 id
1769 3324 1878 3389 est,
1893 3323 1950 3376 te
1970 3321 2064 3377 de-

415 3429 632 3481 coram,
658 3412 747 3479 Et,
764 3407 841 3468 ne
869 3407 969 3464 illa
989 3409 1241 3465 diceret:
1267 3426 1396 3481 qua:
1418 3425 1558 3464 cura
1579 3409 1658 3463 sit
1688 3409 1843 3465 unde
1874 3414 2060 3467 atten-

415 3502 533 3570 dat,
550 3501 751 3559 subd-it
775 3516 788 3555 :
822 3515 1027 3554 curare
1045 3498 1222 3554 debes
1253 3521 1281 3547 α
1304 3498 1445 3569 quia
1474 3497 1597 3569 ipse
1612 3500 1701 3552 est
1722 3498 2006 3553 Dominus
2033 3521 2060 3549 »
2094 3540 2099 3543 .

415 3590 517 3663 qui
538 3589 698 3647 omni
720 3587 878 3662 genti
901 3585 1271 3643 dominatur:
1294 3590 1350 3642 et
1366 3586 1490 3659 ipse
1522 3591 1611 3642 est
1631 3610 1657 3636 «
1684 3587 1839 3643 Deus
1860 3591 2056 3654 tuus,»

412 3678 472 3736 id
502 3677 860 3747 est,Crcator
887 3679 1049 3747 tuus,
1082 3679 1139 3731 et
1165 3674 1353 3731 etiam
1373 3675 1549 3732 debes
1578 3675 1897 3742 attendere,
1923 3692 2064 3748 quo-

412 3769 575 3826 niam
604 3791 634 3819 ‹‹
666 3765 999 3824 adorabunt
1028 3781 1162 3822 eum
1197 3786 1225 3815 »
1247 3780 1451 3821 omnes
1479 3765 1738 3837 perfecti.

483 3880 512 3910 ‹‹
545 3858 618 3914 Et
647 3880 674 3907 »
707 3856 757 3913 si
787 3854 914 3929 ipse
958 3853 1322 3926 concupierit
1362 3853 1629 3910 decorem
1670 3858 1840 3909 tuum
1872 3878 1901 3904 ‹‹
1927 3854 2058 3911 ﬁlia)

412 3947 568 4019 Tyri,
602 3969 631 3997 »
664 3945 718 4000 id
751 3948 858 4011 est,
894 3943 1197 4015 angustiae,
1227 3941 1283 3996 id
1317 3946 1423 4009 est,
1457 3943 1670 3998 Gentes
1712 3959 1837 4014 quae
1874 3961 2059 4016 angu-

412 4038 574 4091 stant
596 4032 780 4101 nimia
797 4030 1176 4087 multitudine
1198 4036 1591 4102 peccatorum,
1618 4054 1645 4081 ‹‹
1669 4031 2063 4104 deprecabun-

414 4126 513 4178 tur
540 4122 766 4179 vultum
791 4123 1021 4186 tuum,»
1044 4119 1102 4175 id
1125 4123 1234 4187 est,
1250 4120 1538 4193 rogabunt
1559 4120 1839 4189 Deum,ut
1859 4120 1955 4177 det
1974 4121 2060 4178 eis

414 4226 589 4284 posse
616 4207 911 4283 pervenire
934 4208 1006 4263 ad
1025 4211 1188 4263 tuam
1214 4207 1679 4265 conformitatcm
1711 4232 1739 4259 ‹‹
1764 4209 1823 4264 in
1852 4226 2058 4265 mune-

415 4296 578 4367 ribus
602 4319 629 4346 ››
653 4296 845 4355 dando
870 4294 1290 4369 cleemosynas,
1306 4296 1569 4354 faciendo
1588 4296 1806 4363 similia
1825 4297 1941 4353 alia
1963 4316 1977 4354 :
2001 4303 2060 4356 et

413 4403 529 4444 non
559 4388 786 4445 tantum
817 4383 1072 4441 minores
1103 4384 1159 4440 in
1183 4384 1477 4458 gentibus,
1509 4385 1610 4441 sed
1645 4408 1672 4434 ‹‹
1706 4385 1914 4442 divites
1931 4385 2058 4459 ple-

411 4474 524 4543 bis.
554 4497 580 4524 υ
612 4472 870 4533 Gentiles
898 4472 1027 4530 ideo
1060 4470 1192 4527 ﬁliae
1224 4489 1337 4527 non
1369 4471 1472 4526 lilii
1505 4470 1891 4544 appellantur,
1919 4474 2058 4545 quia

2170 3339 2263 3381 res
2284 3345 2312 3371 ‹‹
2346 3322 2474 3390 tibi,
2496 3344 2523 3370 »
2555 3321 2615 3375 id
2646 3324 2754 3392 est,
2772 3321 2842 3377 ad
2878 3324 3048 3377 tuum
3082 3337 3231 3391 opus
3258 3324 3326 3376 ut
3365 3318 3473 3376 tibi
3518 3319 3786 3376 serviant
3814 3336 3830 3376 :

2169 3414 2227 3467 et
2248 3414 2311 3466 tu
2342 3433 2371 3459 «
2402 3408 2727 3465 constitues
2756 3425 2876 3476 eos,
2914 3430 2942 3457 »
2969 3408 3028 3463 id
3073 3412 3181 3476 est,
3207 3405 3447 3466 stabiles
3491 3406 3552 3463 in
3600 3407 3722 3464 ﬁde
3772 3412 3849 3465 et

2169 3516 2341 3572 opere
2374 3517 2387 3554 :
2423 3523 2449 3550 ‹‹
2485 3498 2798 3571 principes,
2836 3521 2864 3547 »
2894 3497 2950 3554 id
2984 3501 3092 3565 est,
3125 3497 3438 3570 magistros
3458 3500 3518 3554 et
3550 3497 3834 3555 doctores

2171 3612 2198 3638 ‹‹
2232 3605 2412 3661 super
2440 3603 2674 3645 omnem
2704 3591 2942 3655 terram,
2980 3609 3009 3638 »
3042 3586 3100 3643 id
3130 3589 3238 3655 est,
3269 3584 3589 3644 Ecclesiam
3639 3598 3835 3660 super

2169 3694 2375 3734 omnes
2405 3680 2599 3749 partes
2630 3680 2795 3732 terrae
2821 3675 3118 3733 diti’usam.

2238 3766 2309 3822 Et
2338 3765 2422 3822 sic
2452 3764 2565 3838 ipsi
2614 3764 2919 3822 constituti
2949 3786 2976 3817 α
3011 3768 3185 3823 erunt
3224 3773 3518 3823 memores
3561 3764 3840 3837 nominis

2166 3854 2276 3923 tui,
2308 3877 2336 3904 »
2366 3855 2425 3911 id
2453 3854 2745 3922 est,famaa
2774 3858 2887 3910 tua:
2924 3858 2984 3911 et
3019 3852 3217 3927 glorise
3236 3876 3263 3903 »
3294 3853 3355 3910 in
3385 3852 3549 3910 omni
3576 3868 3835 3927 genera-

2166 3943 2345 4012 tione,
2373 3966 2399 3993 »
2430 3942 2669 4008 scilicet,
2693 3941 2752 3998 in
2782 3942 2943 3998 omni
2972 3947 3128 3998 terra
3158 3942 3391 4001 diil'usa.
3417 3965 3447 3994 α
3470 3942 3541 3998 Εῖ
3567 3941 3633 3998 in"
3650 3958 3837 4015 gene-

2167 4032 2392 4087 ratione
2425 4054 2453 4081 ››
2496 4032 2861 4088 succedente.
2893 4030 2995 4089 Vel
3033 4031 3114 4086 ita
3146 4048 3159 4085 :
3196 4032 3283 4087 Tu
3333 4030 3658 4089 constitues
3718 4048 3835 4089 eos

2168 4142 2197 4171 «
2222 4120 2536 4193 principes,
2561 4123 2619 4177 et
2647 4136 2751 4192 ego
2779 4137 2877 4176 ero
2908 4136 3134 4177 memor
3158 4119 3220 4176 in
3250 4119 3430 4187 eis,id
3460 4124 3567 4189 est,
3601 4119 3831 4189 faciam

2166 4226 2267 4266 eos
2288 4224 2580 4265 memores
2609 4207 2865 4264 nominis
2886 4209 2992 4276 tui,
3025 4213 3136 4267 etc.

2236 4300 2306 4355 Et
2336 4302 2571 4371 propter
2602 4296 2940 4367 hujusmodi
2991 4298 3166 4353 etiam
3216 4298 3570 4355 constitutos
3612 4301 3827 4370 patres

2167 4411 2195 4437 ‹‹
2232 4391 2539 4459 propterea
2559 4384 2758 4458 populi
2779 4386 3216 4443 confitebuntur
3228 4386 3356 4455 tibi,
3375 4409 3403 4435 »
3422 4386 3478 4443 id
3492 4385 3836 4454 ‘est,lauda-'

2165 4476 2313 4533 bunt
2344 4479 2400 4533 te
2428 4497 2455 4525 ‹‹
2482 4474 2543 4529 in
2565 4477 2905 4541 saternum,»
2935 4474 2990 4529 id
3024 4477 3244 4548 est,per
3261 4467 3445 4532 totam
3468 4479 3835 4548 praasentem

410 4563 618 4623 molles
647 4566 706 4618 et
732 4562 899 4635 proni
932 4564 1070 4618 sunt
1098 4561 1172 4615 ad
1197 4559 1337 4616 vitia
1383 4559 1537 4615 sicut
1584 4559 1809 4632 puellas.
1841 4560 1943 4617 Vel
1975 4561 2058 4618 sic
2086 4576 2133 4641 ο
2167 4564 2349 4621 vitam
2382 4586 2411 4613 ‹‹
2442 4565 2501 4619 θῖ
2528 4561 2703 4619 etiam
2724 4562 2784 4619 in
2806 4562 3088 4620 saculum
3113 4586 3140 4614 »
3173 4562 3614 4621 subsecutivum
3636 4562 3836 4637 hujus

411 4655 688 4711 construe
719 4666 733 4704 :
770 4652 900 4722 ipse
930 4653 1022 4705 est
1049 4647 1204 4704 Deus
1231 4652 1389 4715 tuus,
1413 4651 1472 4703 et
1498 4647 1595 4702 alii
1626 4647 1795 4704 multi
1846 4650 2058 4707 adora-

411 4738 563 4799 bunt
591 4753 726 4793 eum
756 4736 816 4792 in
847 4735 1212 4805 muneribus,
1244 4739 1301 4792 et
1327 4735 1505 4792 etiam
1527 4735 1659 4792 filice
1690 4737 1923 4811 Tyri,ct
1943 4737 2062 4793 vul-

411 4830 540 4889 tum
571 4829 740 4889 tuum
771 4824 1244 4897 deprecabuntur
1271 4840 1475 4881 omnes
1504 4824 1710 4881 divites
1740 4824 1944 4899 plebis.

484 4916 801 4988 Postquam
812 4912 1391 4986 ostenditdignitates
1407 4913 1596 4987 ipsius
1614 4919 2061 4988 sponsze,osten-

414 5005 500 5062 dit
528 5021 661 5071 eam
681 5001 1036 5063 laudabilem
1058 5003 1385 5059 secundum
1407 5002 1700 5072 interiora,
1717 5020 1833 5063 non
1856 5021 2060 5063 secun-

413 5095 555 5155 dum
580 5093 884 5151 exteriora.
903 5091 1276 5148 Continuatio
1301 5109 1314 5148 :
1339 5090 1472 5165 Ipsa
1491 5107 1708 5164 sponsa
1726 5097 1814 5148 est
1834 5092 1917 5149 sic
1934 5092 2058 5167 glo-

414 5183 591 5251 riosa,
612 5188 671 5239 et
700 5206 727 5233 ‹‹
760 5181 954 5253 omnis
984 5180 1170 5254 gloria
1196 5182 1345 5253 ejus,
1378 5204 1405 5230 «
1438 5180 1496 5236 id
1546 5185 1654 5249 est,
1688 5181 1880 5238 omnis
1926 5182 2056 5255 pul-

413 5270 680 5327 cbritudo
710 5271 840 5340 ejus
862 5270 1017 5326 unde
1046 5270 1176 5342 ipsa
1205 5268 1508 5343 gloriatur,
1542 5273 1630 5325 est
1650 5293 1678 5319 ‹‹
1699 5270 1772 5325 ab
1809 5271 1992 5341 intus,
2027 5294 2057 5322 »

414 5358 475 5414 id
504 5362 611 5425 est,
637 5356 708 5413 ab
756 5357 1040 5430 interiori,
1086 5356 1325 5427 scilicet,
1359 5357 1418 5412 in
1466 5357 1781 5414 virtutibus
1826 5360 2055 5429 animae,

413 5447 543 5519 ejus
574 5446 722 5512 dico,
757 5445 997 5515 scilicet,
1034 5470 1059 5496 ‹‹
1095 5446 1224 5501 filia:
1256 5445 1457 5518 regis»
1488 5446 1545 5501 id
1596 5450 1685 5502 est
1722 5446 1957 5504 Christi.
1991 5449 2062 5504 Et

415 5534 511 5590 hic
541 5534 913 5603 commendat
949 5551 1078 5592 eam
1101 5550 1203 5607 per
1225 5551 1430 5607 genus.
1456 5534 1613 5603 Dico,
1638 5534 1824 5608 gloria
1869 5540 1959 5592 est
1987 5538 2058 5593 ab

414 5624 667 5694 intus,et
693 5621 868 5679 etiam
896 5622 1083 5697 gloria
1102 5622 1230 5694 ejus
1249 5626 1338 5679 est
1361 5622 1647 5680 bonorum
1678 5640 1917 5696 operum
1950 5650 1969 5674 «ι
1997 5627 2058 5683 in

2166 4677 2195 4704 ‹‹
2230 4650 2446 4721 seaculi.
2483 4674 2511 4701 »
2540 4650 2645 4709 Vel
2675 4650 2762 4709 sic
2788 4650 2849 4708 in
2879 4666 3132 4724 persona
3160 4652 3346 4725 patris
3365 4656 3524 4709 totus
3550 4651 3839 4725 psalmus

2166 4745 2359 4815 potest
2386 4738 2504 4814 legi
2534 4738 2859 4796 secundum
2906 4740 3326 4815 Augustinum,
3346 4739 3619 4814 quamvis
3664 4741 3844 4801 dicat

2166 4829 2553 4903 Hieronymus
2580 4828 2770 4901 magis
2789 4827 2899 4887 hoc
2928 4828 3053 4885 fieri
3081 4844 3151 4885 ex
3188 4829 3842 4902 superstitione,quam

2165 4936 2235 4979 ex
2261 4919 2504 4974 veritate
2553 4920 2765 4974 textus.
2800 4916 3084 4990 Loquitur
3132 4917 3302 4975 Pater
3341 4921 3401 4975 et
3441 4919 3845 4976 commendat

2165 5006 2355 5064 ﬁlium
2404 5006 2732 5063 secundum
2788 5003 3177 5075 divinitatem,
3208 5022 3345 5063 cum
3402 5006 3596 5064 dicit:
3629 5029 3660 5059 «
3707 5006 3851 5064 Con

2165 5113 2385 5163 meum,
2409 5116 2435 5143 »
2454 5093 2513 5150 id
2535 5098 2645 5166 est,
2668 5092 2898 5150 occulta
2916 5098 2972 5151 et
2991 5098 3217 5153 secreta
3231 5110 3361 5152 mea
3382 5094 3628 5169 protulit
3648 5112 3843 5154 «ver-

2165 5184 2308 5240 bum
2339 5183 2582 5250 bonum,
2616 5206 2644 5232 »
2673 5183 2729 5238 id
2761 5186 2853 5240 est
2881 5181 3093 5240 Filium
3115 5198 3336 5256 meum,
3369 5206 3397 5234 «
3431 5184 3725 5243 eructavit
3750 5202 3772 5241 :
3805 5208 3844 5238 ιο

2167 5272 2268 5345 qui
2300 5269 2633 5345 specialiter
2667 5271 2857 5327 bonus
2904 5275 3014 5341 est,
3048 5273 3188 5346 quia
3217 5288 3388 5330 nemo
3420 5296 3449 5324 ‹‹
3479 5272 3672 5331 bonus
3700 5274 3849 5334 nisi

2168 5360 2330 5417 solus
2354 5361 2509 5417 Deus
2538 5358 2740 5433 (Matth.
2773 5361 2891 5429 xx),
2924 5382 2952 5410 ››
2985 5360 3042 5416 in
3076 5377 3191 5433 quo
3224 5361 3404 5418 Filius
3434 5361 3848 5422 consubstan-

2167 5448 2327 5505 tialis
2358 5448 2544 5505 Patris
2574 5465 2705 5505 esse
2734 5453 2987 5505 notatur.
3021 5449 3127 5506 Per
3155 5466 3255 5507 cor
3282 5450 3413 5509 ideo
3444 5450 3845 5510 divinitatem

2170 5538 2358 5594 Patris
2387 5538 2709 5610 accipimus
2739 5541 2797 5593 et
2820 5554 2924 5610 per
2952 5538 3194 5596 verbum
3237 5539 3470 5612 Filium,
3493 5539 3633 5612 quia
3661 5538 3853 5600 sicut

2170 5643 2269 5684 cor
2296 5626 2551 5684 hominis
2582 5625 2742 5695 latet,
2758 5631 2816 5683 et
2844 5642 2948 5699 per
2974 5627 3147 5685 verba
3176 5626 3434 5688 hominis
3468 5626 3849 5687 manifesta-
