4048 6180
215 296 314 373 aea

1382 301 1890 363 EXPLANATIO
1931 303 2011 364 ΙΝ
2056 306 2436 371 PSALMOS.

3494 318 3612 382 362

215 444 391 522 quam
411 428 684 485 dicturus
710 431 818 497 est.
848 427 911 522 in
945 430 1201 487 secundo
1231 432 1397 522 ponit
1426 431 1721 489 Christum
1753 433 1853 489 Ile-
1881 434 1936 502 Α
1967 452 2079 493 non
2113 438 2225 495 fuit
2253 442 2601 499 conveniens
2622 447 2685 501 ut
2707 444 2901 501 divina
2918 446 3222 519 Scriptura
3242 448 3467 522 pateret
3495 468 3615 508 om-

213 518 569 591 dempiprem
600 533 716 572 non
748 516 1040 573 malorum
1072 522 1129 574 et
1157 518 1355 574 szeculi
1379 523 1733 591 amatorum,
1756 523 1858 576 sed

203 606 524 680 jnstorum,
555 603 704 662 etin
748 605 955 662 eadem
997 610 1162 679 parte
1201 607 1631 679 reprehendens
1667 609 1859 664 stulti-

211 696 345 752 tiam
373 710 602 762 eorum,
635 697 802 751 notat
828 694 1140 766 vanitates,
1173 697 1390 768 quibus
1430 701 1720 753 amatores
1748 714 1859 754 sai-

208 783 314 841 culi
344 781 523 840 istius
551 786 694 839 sunt
721 782 953 839 intenti.
986 783 1051 840 In
1082 784 1250 841 tertia
1290 788 1453 857 parte
1486 789 1682 841 monet
1712 803 1857 859 pau-

210 889 368 946 peres
390 872 613 944 justas,
635 888 706 927 ne
737 876 944 928 curent
980 871 1146 942 istos,
1181 872 1411 945 divites,
1431 873 1572 946 quia
1613 873 1727 930 cito
1756 891 1855 947 pe-

208 960 403 1021 ribunt
430 977 634 1017 eorum
664 959 900 1016 divitiae.
924 961 1176 1018 Intentio
1203 966 1310 1030 est,
1343 962 1589 1019 invitare
1621 963 1691 1018 ad
1719 980 1854 1020 con-

206 1054 495 1123 temptum
527 1048 756 1106 mundi.

268 1138 421 1207 Quia
437 1154 572 1195 vero
598 1154 721 1194 rem
753 1135 1159 1196 inconsuetam
1185 1138 1453 1196 dicturus
1482 1143 1626 1209 erat,
1650 1158 1853 1199 omnes

203 1228 409 1285 invitat
437 1228 511 1284 ad
543 1226 925 1298 audiendum,
949 1227 1151 1285 dicens
1175 1245 1223 1285 τι(
1247 1228 1457 1286 Audite
1482 1228 1624 1301 base,
1647 1246 1852 1287 omnes

203 1342 228 1370 ιι
251 1320 462 1391 gentes
483 1332 546 1372 ς»
567 1320 626 1372 et
643 1312 739 1371 hic
768 1314 968 1372 statim
994 1321 1192 1389 captat
1212 1317 1615 1389 attentionem,
1630 1322 1686 1374 et
1706 1318 1851 1375 bene

201 1400 401 1465 monet
424 1405 500 1463 ad
531 1403 916 1477 audiendum,
938 1404 1078 1477 quia
1120 1422 1243 1461 rem
1275 1423 1552 1481 magnam
1585 1406 1851 1465 dicturus

200 1500 343 1555 erat.
374 1495 530 1551 Bene
569 1509 774 1549 omnes
812 1492 1040 1561 invitat,
1074 1494 1218 1567 quia
1252 1495 1550 1566 omnibus,
1583 1492 1633 1550 si
1662 1499 1850 1552 atten-

198 1585 362 1655 dant,
378 1580 643 1658 proderit
672 1582 829 1655 quod
859 1581 1129 1640 dicturus
1158 1586 1268 1652 est,
1290 1599 1494 1640 omnes
1524 1587 1687 1639 vocat
1716 1600 1851 1656 gen-

197 1674 349 1747 tiles,
372 1677 434 1730 et
463 1689 579 1730 non
612 1674 844 1741 tantum
875 1670 1075 1728 audite
1113 1688 1215 1744 per
1251 1671 1594 1729 exteriorem
1621 1690 1846 1746 aurem,

195 1763 289 1821 sed
342 1761 526 1823 etiam
557 1783 585 1811 «
638 1759 881 1819 auribus
929 1782 958 1809 ››
990 1759 1368 1817 interioribus
1398 1785 1425 1811 α
1482 1761 1780 1834 percipite,
1816 1784 1846 1813 υ

194 1852 247 1911 id
303 1853 424 1922 est,
464 1848 775 1923 diligenter
830 1847 1158 1922 intelligite,
1188 1854 1249 1906 et
1285 1866 1387 1909 vos
1418 1873 1445 1900 ‹‹
1492 1867 1699 1907 omnes
1746 1850 1846 1924 qui

195 1963 218 1989 ιι
246 1938 536 1996 habitatis
568 1936 793 2007 orbem,
818 1959 844 1987 ι(
869 1936 927 1991 id
959 1940 1067 2008 est,
1100 1936 1308 2007 Judaei,
1343 1937 1442 2009 qui
1476 1942 1690 1997 terram
1720 1957 1847 2012 pro-

193 2027 498 2089 missionis
544 2024 850 2101 habitatis,
882 2024 1079 2085 audite
1122 2025 1269 2096 haec,
1306 2026 1664 2100 auribusque
1711 2045 1846 2101 per-

190 2116 390 2191 cipite.

253 2206 326 2263 Et
362 2204 507 2278 quia
534 2203 748 2277 aliquis
778 2208 977 2278 posset
1005 2204 1235 2262 dicere:
1266 2204 1387 2261 Illis
1418 2206 1520 2278 qui
1551 2210 1691 2263 sunt
1719 2223 1847 2279 pro-

187 2294 533 2353 fundissimi
574 2293 784 2365 iniqui,
818 2311 933 2350 non
978 2295 1217 2367 prodest
1263 2294 1487 2368 audire,
1521 2294 1665 2352 dicit
1696 2312 1709 2351 :
1742 2313 1843 2354 vos

185 2386 369 2445 etiam
398 2407 431 2436 α
464 2381 694 2459 quiun
726 2382 1052 2457 terrigenae,
1075 2406 1103 2433 »
1126 2383 1187 2439 id
1217 2387 1329 2449 est,
1361 2400 1566 2440 omnes
1596 2384 1843 2457 quicun-

185 2492 292 2551 que
324 2472 576 2544 terreni,
599 2472 769 2546 quasi
813 2471 917 2527 filii
971 2476 1156 2541 terrm,
1189 2472 1390 2529 audite
1419 2471 1543 2529 haec
1577 2490 1590 2530 :
1624 2473 1763 2547 quia
1791 2473 1844 2530 si

181 2563 367 2621 vultis
390 2561 713 2635 attendere,
738 2560 996 2635 proderit
1014 2561 1270 2633 vobis,et
1287 2562 1427 2635 quia
1445 2567 1688 2635 possent
1706 2563 1843 2619 boni

183 2653 411 2721 dicere;
445 2649 589 2721 mali
611 2649 850 2723 quidem
871 2648 1116 2707 audiant
1136 2650 1352 2724 quibus
1374 2667 1522 2723 opus
1542 2654 1650 2723 est,
1674 2652 1844 2709 nobis

181 2747 387 2799 autem
411 2740 543 2813 jam
573 2756 723 2814 opus
752 2756 869 2796 non
899 2742 1009 2811 est,
1041 2739 1181 2812 quia
1207 2740 1344 2795 boni
1382 2757 1614 2810 sumus,
1648 2745 1847 2797 monet

180 2832 365 2889 etiam
395 2846 501 2887 eos
532 2832 598 2885 ut
624 2828 890 2900 audiant,
924 2828 1064 2901 quia
1092 2827 1293 2884 nullus
1331 2832 1422 2885 est
1466 2832 1586 2885 tam
1630 2829 1841 2899 bonus,

180 2920 279 2994 qui
310 2936 441 2976 non
493 2917 683 2991 possit
728 2916 1047 2988 meliorari,
1079 2917 1279 2973 dicens
1313 2934 1327 2972 :
1360 2940 1388 2968 ι‹
1421 2923 1478 2974 et
1520 2917 1625 2973 ﬁlii
1654 2917 1843 2974 homi-

181 3027 351 3078 num,
377 3032 407 3058 η
438 3007 502 3064 id
532 3011 642 3076 est,
674 3005 1112 3064 rationabilium
1158 3006 1466 3063 hominum
1498 3006 1843 3077 imitatores,

178 3099 389 3158 audite
434 3096 584 3155 haec.
616 3097 688 3153 Et
728 3095 871 3170 quid
917 3094 1185 3170 singulos
1232 3096 1556 3169 exsequar?
1585 3096 1845 3154 Audiant

1970 524 2167 596 nibus,
2196 544 2265 582 ne
2286 546 2320 583 a
2342 530 2599 587 veritatis
2629 532 2858 588 aemulis
2879 532 3417 602 conculcaretur,et
3436 559 3465 587 «
3491 555 3620 612 ape-

1967 614 2115 669 riam
2174 618 2628 689 propositionem
2682 638 2949 690 meam,»
2987 621 3044 677 id
3094 627 3205 692 est,
3256 641 3433 697 quem
3482 631 3620 683 ante

1967 702 2167 759 omnia
2206 722 2464 778 propono
2509 708 2654 765 mihi
2703 726 2831 767 esse
2881 712 3271 784 sequendum,
3306 712 3393 770 vel
3445 730 3620 787 quem

1966 807 2225 864 propono
2254 811 2383 851 esse
2404 797 2902 855 manifestandum
2924 798 2982 854 in
3005 798 3114 856 hoc
3134 799 3363 873 psalmo
3386 816 3400 856 :
3430 806 3490 858 et
3508 802 3621 861 hoc

1963 881 2175 938 faciam
2211 904 2239 933 ‹‹
2260 884 2319 938 in
2352 886 2625 957 psalterio
2650 910 2677 939 ››
2712 905 2829 944 non
2860 887 3053 945 solum
3082 889 3276 958 verbo,
3302 890 3409 947 sed
3439 890 3618 949 etiam

1964 970 2227 1043 exemplo
2287 972 2458 1041 bono,
2512 979 2578 1031 ut
2636 977 2792 1048 quod
2840 977 3081 1032 doceam
3134 994 3251 1046 ore,
3290 977 3616 1053 compleam

1963 1074 2157 1131 opere.

2034 1149 2137 1205 llic
2168 1149 2372 1221 incipit
2391 1154 2650 1209 secunda
2680 1171 2815 1225 pars
2838 1158 3014 1226 atque
3044 1153 3321 1223 narratio,
3345 1159 3403 1211 et
3430 1155 3615 1229 loqui-

1960 1240 2057 1292 tur
2090 1239 2373 1311 Propheta
2401 1241 2459 1296 in
2492 1258 2743 1314 persona
2765 1241 3080 1312 malorum,
3101 1243 3340 1299 dicens:
3369 1243 3610 1301 Timebo

1959 1326 2200 1398 quidem
2224 1351 2253 1380 ι(
2283 1328 2343 1383 in
2373 1330 2468 1386 die
2498 1329 2675 1398 malo,
2699 1353 2727 1382 »
2754 1331 2810 1387 id
2841 1336 2950 1403 est,
2983 1332 3043 1388 in
3066 1331 3294 1405 judicio
3327 1348 3342 1389 :
3375 1336 3434 1390 et
3454 1355 3483 1384 (ι
3508 1349 3613 1390 cur

1958 1414 2217 1472 timebo?
2235 1439 2264 1468 ››
2291 1417 2456 1473 Dicet
2490 1418 2706 1493 aliquis
2738 1437 2752 1477 :
2787 1421 3033 1478 Furtum
3083 1420 3216 1494 feci,
3235 1420 3326 1479 vel
3365 1421 3611 1480 homici-

1958 1504 2148 1576 dium,
2181 1522 2297 1561 non
2331 1507 2535 1579 utique
2564 1513 2874 1582 propterea
2902 1509 3145 1582 timebo,
3166 1510 3269 1567 sed
3297 1510 3450 1580 ideo,
3473 1509 3613 1583 quia

1958 1615 1987 1644 ‹‹
2020 1594 2302 1668 iniquitas
2353 1595 2608 1653 calcanei
2657 1598 2793 1666 mei,
2822 1621 2851 1648 »
2874 1598 3069 1655 finalis
3116 1598 3420 1671 iniquitas,
3447 1619 3477 1651 «
3503 1599 3613 1655 ciro

1954 1683 2262 1739 cumdabit
2291 1701 2403 1752 me,
2430 1707 2459 1735 ››
2482 1685 2540 1740 id
2572 1690 2681 1754 est,
2705 1703 2774 1742 ex
2816 1687 2977 1743 omni
3023 1692 3188 1760 parte
3217 1688 3488 1745 ostendet
3515 1703 3611 1744 me

1955 1789 2083 1829 esse
2112 1772 2531 1829 damnabilem.
2554 1774 2725 1830 Nulla
2744 1775 3027 1848 iniquitas
3048 1777 3310 1848 damnat,
3324 1790 3452 1848 qum
3475 1780 3610 1833 ante
3644 1772 3651 1777 ’

1956 1864 2132 1919 finem
2163 1861 2484 1918 dimittitur
2514 1867 2571 1919 et
2598 1869 2905 1937 purgatur,
2924 1866 3255 1922 secundum
3284 1865 3396 1922 hoc
3424 1864 3610 1938 loqui-

1954 1955 2052 2008 tur
2082 1951 2236 2023 quod
2269 1951 2556 2009 Dominus
2585 1952 2728 2008 dicit
2758 1951 2989 2011 mulieri
3020 1970 3127 2026 per
3154 1958 3484 2026 serpentem
3515 1954 3611 2011 de-

1954 2043 2133 2112 cepta:
2157 2056 2171 2094 :
2192 2062 2214 2089 ι
2251 2042 2502 2112 Serpens
2534 2040 2912 2100 insidiabitur
2941 2041 3212 2100 calcaneo
3244 2041 3529 2114 mulieris,
3552 2046 3611 2099 et

1953 2128 2323 2185 conculcabit
2372 2128 2585 2185 mulier
2634 2135 2810 2203 caput
2856 2131 3144 2204 serpentis
3172 2130 3326 2201 (Gen.
3354 2131 3514 2203 111),»
3547 2130 3607 2187 id

1952 2223 2061 2286 est,
2085 2217 2357 2275 diabolus
2406 2218 2786 2275 insidiabitur
2810 2219 2915 2275 ﬁni
2962 2219 3225 2277 hominis
3272 2224 3339 2276 ut
3384 2220 3442 2275 in
3491 2220 3607 2277 fine

1953 2306 2226 2378 decipiat,
2255 2308 2426 2379 cuius
2458 2306 2675 2363 diaboli
2708 2312 2903 2380 caput,
2924 2308 2984 2365 id
3004 2313 3116 2380 est,
3136 2307 3407 2381 insidias,
3428 2307 3604 2365 homo

1953 2395 2276 2463 maculent,
2309 2396 2359 2453 si
2389 2400 2553 2453 cavet
2576 2414 2612 2452 a
2640 2396 2818 2453 vitiis.

2025 2484 2333 2557 Proposuit
2351 2483 2744 2557 iniquitatem,
2758 2490 2816 2542 et
2833 2485 2995 2543 illam
3013 2505 3115 2560 per
3133 2490 3330 2559 partes
3343 2486 3606 2559 exsequi-

1953 2579 2069 2641 tur,
2094 2573 2408 2629 ostendens
2432 2589 2639 2629 omnes
2671 2574 3012 2646 iniquitates
3035 2591 3165 2633 esse
3193 2576 3497 2646 hominus,
3515 2576 3604 2633 vel

1953 2661 2288 2732 exteriores,
2320 2660 2410 2717 vel
2441 2661 2765 2719 interiores.
2801 2662 2862 2719 Si
2903 2663 3063 2720 enim
3106 2663 3284 2721 homo
3334 2665 3472 2720 facit
3499 2665 3604 2721 ho-

1954 2750 2285 2819 micidium,
2307 2750 2395 2806 vel
2428 2754 2492 2806 ut
2519 2750 2784 2807 obtineat
2811 2752 2987 2823 bona,
3000 2752 3087 2808 vel
3120 2757 3185 2809 ut
3205 2754 3478 2810 ostendat
3497 2754 3607 2811 for-

1953 2839 2267 2896 titudinem
2291 2855 2482 2895 suam.
2503 2840 2680 2907 Quasi
2703 2840 2919 2913 aliquis
2941 2842 3158 2897 diceret
3181 2857 3195 2897 :
3220 2842 3308 2898 Tu
3329 2842 3479 2899 dicis
3497 2860 3605 2900 nos

1953 2928 2181 2998 timere,
2214 2928 2316 2984 sed
2345 2944 2527 3000 quare
2555 2928 2902 2985 timeremus
2915 2930 2944 2985 Ἰ
2970 2946 3106 2986 cum
3137 2929 3375 2987 vitalem
3403 2947 3608 3004 propo-

1954 3035 2060 3073 nas
2077 3017 2521 3090 Redemptorem
2540 3016 2687 3072 nulli
2706 3017 3037 3075 timendum
3052 3035 3181 3075 esse
3199 3035 3450 3091 quorum
3468 3036 3607 3092 pra:-

1952 3106 2349 3179 sumptionem
2379 3104 2598 3180 frangit
2639 3105 2947 3179 Propheta,
2978 3107 3064 3164 sic
3091 3107 3296 3165 dicens
3331 3123 3347 3163 :
3377 3107 3525 3164 Vere
3554 3107 3605 3165 si

180 3188 300 3244 hinc
332 3211 369 3239 ι(
404 3185 571 3269 dives
627 3189 686 3241 et
739 3202 964 3259 pauper
993 3207 1022 3234 ”
1055 3184 1361 3241 tendentes
1392 3209 1420 3235 ί(
1454 3184 1514 3241 in
1570 3203 1776 3255 unum,
1811 3209 1839 3236 ”
1871 3174 1915 3243 θ
1951 3174 2233 3268 iniquitas
2270 3174 2543 3251 calcanei
2574 3174 2902 3252 circumdat
2929 3174 3279 3253 timendum
3325 3200 3436 3267 est,
3467 3196 3608 3270 quia

177 3278 237 3335 id
262 3282 386 3346 est,
416 3276 479 3331 in
510 3274 780 3333 eamdem
808 3272 1167 3331 voluntatem
1199 3274 1495 3331 audiendi.
1520 3274 1669 3331 Istas
1692 3276 1843 3332 duas

177 3366 559 3439 conditiones
590 3363 788 3439 divitis
824 3366 882 3420 et
928 3363 1206 3437 pauperis
1250 3364 1448 3437 potius
1477 3362 1672 3438 elegit,
1704 3364 1844 3438 quia

174 3455 519 3513 secundum
551 3470 651 3511 eas
682 3456 815 3526 aget
843 3453 904 3508 in
929 3452 1179 3526 psalmo.

244 3569 277 3597 α
301 3545 393 3604 Os
422 3560 650 3601 meum.
675 3565 704 3593 ››
724 3541 827 3599 Hic
858 3542 1000 3599 facit
1034 3541 1278 3612 dociles,
1308 3543 1683 3617 proponendo
1713 3561 1841 3617 qua:

172 3635 457 3692 dicturus
473 3632 969 3691 est.Continuatio
988 3648 1002 3688 :
1022 3632 1157 3689 ldeo
1175 3632 1677 3702 debetis_audire,«
1704 3634 1844 3706 quia

172 3750 201 3777 κ
232 3743 303 3783 os
322 3740 539 3782 meum
559 3722 838 3795 loquetur
865 3720 1215 3794 sapientiam
1237 3726 1294 3778 et
1322 3722 1717 3795 prudentiam,
1736 3746 1763 3773 ››
1787 3727 1843 3781 et

168 3814 267 3873 hic
297 3829 535 3889 magna
560 3811 859 3886 proponit,
877 3811 1019 3883 quia
1046 3810 1194 3867 nihil
1222 3810 1383 3867 aliud
1413 3815 1620 3868 tractat
1639 3812 1843 3868 divini-

168 3910 285 3979 tas,
308 3920 507 3978 quam
540 3900 890 3974 sapientiam
920 3904 978 3956 et
1006 3900 1401 3973 prudentiam.
1425 3902 1723 3973 Sapientia
1752 3906 1842 3959 est

164 3994 442 4069 cognitio
478 3991 836 4063 divinorum,
866 3990 1179 4064 prudentia
1224 3994 1315 4047 est
1358 3989 1667 4047 instructio
1715 4008 1840 4048 mo-

162 4102 331 4153 rum,
364 4088 432 4142 et
484 4081 775 4155 Propheta
827 4079 921 4136 hic
971 4078 1284 4137 annuntiat
1335 4078 1704 4153 sapientiam,
1739 4080 1839 4136 ubi

164 4173 488 4232 Christum
516 4169 735 4241 Filium
756 4168 859 4226 Dei
887 4168 1335 4241 Redemptorem
1365 4167 1695 4225 annuntiat.
1718 4169 1840 4225 Mo-

160 4281 259 4321 res
291 4263 619 4333 informat,
649 4275 788 4316 cum
817 4258 986 4315 docet
1032 4256 1154 4314 hac
1205 4258 1504 4315 mundana
1550 4274 1666 4314 non
1711 4274 1842 4315 esse

160 4351 571 4420 attendenda,
589 4354 650 4407 et
686 4347 934 4405 divitum
962 4346 1195 4405 divitias
1234 4346 1635 4421 negligendas,
1665 4352 1723 4405 et
1768 4365 1842 4406 ne

158 4443 406 4513 diceret
432 4439 659 4513 aliquis
685 4455 700 4495 :
735 4437 865 4494 Ηωο
894 4442 998 4494 tua
1025 4452 1143 4493 non
1183 4440 1325 4493 sunt
1354 4436 1667 4507 audienda,
1701 4438 1842 4511 quia

1952 3308 1981 3336 ‹‹
2005 3285 2202 3353 frater,
2228 3307 2257 3334 ››
2278 3284 2338 3339 id
2357 3287 2467 3353 est,
2490 3283 2776 3353 Christus,
2803 3289 3067 3351 nostram
3086 3285 3309 3342 habens
3331 3289 3607 3343 naturam

1952 3398 1981 3426 α
2014 3391 2131 3430 non
2160 3373 2449 3430 redimit»
2472 3372 2626 3443 illos,
2651 3374 2878 3433 scilicet
2898 3397 2926 3426 (ί
2949 3375 3050 3448 qui
3082 3375 3389 3433 confidunt
3406 3376 3470 3432 in
3497 3375 3607 3433 Vir-

1952 3468 2078 3520 tute
2109 3480 2236 3533 sua,
2268 3484 2296 3512 ››
2318 3461 2378 3518 id
2409 3465 2514 3531 est,
2538 3462 2610 3519 de
2660 3463 3004 3520 fortitudine
3033 3480 3144 3520 sua
3174 3467 3353 3536 atque
3398 3467 3606 3536 poten-

1951 3554 2035 3610 tia
2061 3553 2178 3609 Deo
2208 3551 2430 3625 gratias
2463 3567 2579 3607 non
2629 3556 2833 3624 agunt,
2866 3552 2968 3609 sed
3017 3551 3077 3607 in
3127 3552 3273 3624 ipsis
3303 3552 3608 3609 conﬁdunt

1952 3666 1979 3693 ‹‹
2015 3646 2073 3698 et
2105 3665 2132 3691 ››
2165 3640 2296 3697 illos
2327 3639 2428 3712 qui
2459 3663 2486 3689 ‹‹
2522 3640 2849 3712 gloriantur
2881 3640 2942 3695 in
2973 3638 3351 3696 multitudine
3382 3639 3605 3697 divitia~

1952 3749 2085 3788 rum
2130 3748 2372 3787 suarum
2408 3753 2435 3778 ››
2467 3730 2516 3785 si
2567 3729 2806 3801 quidem
2859 3729 2917 3784 in
2967 3729 3074 3784 hoc
3124 3732 3520 3799 perseverant,
3550 3732 3607 3784 et

1951 3837 2087 3877 cum
2129 3819 2397 3875 Christus
2456 3817 2603 3873 tales
2652 3834 2766 3873 non
2817 3816 3067 3872 redimat
3097 3840 3125 3866 ‹‹
3158 3815 3465 3872 redimet»
3504 3832 3604 3872 eos

1951 3908 2169 3981 aliquis
2192 3931 2219 3957 ››
2243 3907 2458 3962 homo?
2484 3930 2510 3955 ››
2538 3906 2660 3964 Non
2689 3907 2913 3978 utique,
2935 3910 2993 3961 et
3023 3922 3155 3961 vere
3184 3921 3302 3960 non
3334 3904 3605 3974 redimet,

1949 3996 2140 4070 quia“
2165 4013 2282 4053 non
2321 3995 2483 4052 dabit
2530 3996 2645 4051 Deo
2694 3993 3082 4067 placationem
3131 4010 3324 4065 suam,
3347 4013 3376 4044 »
3409 3992 3470 4048 id
3497 3997 3608 4066 est,

1950 4104 2068 4144 non
2096 4085 2313 4160 poterit
2341 4085 2528 4140 Deum
2560 4083 2854 4157 placatum
2895 4083 3137 4140 reddere
3169 4081 3343 4139 malis
3373 4098 3476 4156 per
3503 4081 3609 4139 alia

1950 4193 2130 4250 quam
2170 4174 2516 4245 orationem,
2546 4171 2634 4229 vel
2683 4170 3062 4240 oblationem,
3094 4170 3364 4237 Christus
3404 4174 3605 4229 autem

1949 4265 2142 4323 reddit
2169 4265 2356 4321 Deum
2380 4262 2675 4335 placatum
2697 4260 2823 4318 suis
2853 4260 3084 4333 amicis,
3109 4264 3374 4319 nostram
3400 4260 3608 4319 huma-

1949 4355 2195 4411 nitatem
2228 4353 2281 4410 ei
2311 4355 2691 4426 praesentans.

2021 4468 2049 4497 «
2083 4446 2155 4501 Et
2188 4466 2216 4494 »
2248 4460 2364 4499 non
2419 4441 2583 4498 dabit
2629 4441 2745 4499 Deo
2795 4440 3007 4514 aliquis
3055 4440 3231 4497 homo
3261 4462 3290 4491 ‹‹
3341 4438 3596 4511 pretium

158 4533 296 4597 sine
320 4528 724 4597 meditatione
740 4525 1041 4601 proponis,
1063 4526 1329 4593 ostendit
1341 4544 1403 4585 se
1427 4544 1495 4584 ex
1515 4529 1842 4586 considera-
1869 4543 1917 4610 Ι)
1949 4531 2369 4606 redemptionis
2397 4530 2607 4587 animas
2637 4547 2779 4603 suae,
2808 4553 2829 4580 υ
2859 4530 2921 4586 id
2948 4534 3057 4601 est,
3090 4527 3253 4585 nulla
3280 4527 3464 4601 pretio
3492 4545 3595 4601 po-

154 4622 329 4689 tione
360 4618 716 4693 loqui,cum
748 4616 890 4673 dicit
910 4639 938 4668 ς(
967 4620 1026 4674 et
1068 4617 1370 4673 meditatio
1416 4617 1609 4674 cordis
1652 4619 1788 4690 mei,
1809 4643 1837 4670 »

153 4710 215 4767 id
246 4716 380 4780 est,
402 4708 532 4775 sive
560 4706 771 4779 loquar
786 4704 1136 4779 sapientiam
1160 4705 1279 4763 sive
1303 4707 1696 4779 prudentiam,
1720 4714 1840 4765 stu-

149 4800 336 4860 diosa
370 4796 603 4857 mentis
632 4795 1020 4870 applicatione
1051 4796 1174 4852 haec
1204 4795 1374 4853 facio.
1448 4860 1463 4873 κ

224 4914 258 4943 α
295 4887 643 4959 Inelinabo,
668 4909 697 4936 υ
722 4884 962 4956 scilicet,
997 4889 1055 4943 et
1084 4903 1220 4942 cum
1263 4886 1469 4959 loquar
1497 4903 1566 4943 ex
1597 4887 1839 4944 medita-

145 4981 349 5053 tione,
390 4995 516 5035 non
547 4975 659 5033 erit
696 4992 765 5032 ex
793 4992 910 5046 me,
940 4977 1043 5033 sed
1094 4976 1279 5032 habeo
1329 4977 1677 5050 magistrum
1711 4978 1841 5051 Spi-

147 5072 351 5129 ritum
413 5071 714 5138 sanctum,
745 5065 819 5121 de
848 5081 963 5137 quo
1013 5065 1156 5121 dicit
1185 5088 1213 5115 ‹‹
1248 5082 1447 5121 aurem
1481 5084 1694 5139 meam,
1721 5092 1748 5118 ››
1781 5068 1840 5123 id

143 5163 264 5228 est,
300 5154 698 5213 intellectum
740 5154 935 5210 cordis
979 5153 1095 5210 mei
1146 5153 1462 5227 inclinabo,
1497 5156 1555 5211 id
1587 5161 1696 5226 est,
1731 5158 1840 5214 hu-

143 5246 523 5311 miliabo,ut
539 5260 677 5300 cum
695 5241 1029 5300 humilitate
1045 5243 1283 5300 audiam
1302 5243 1536 5299 cuidam
1558 5247 1840 5319 magistro

140 5352 316 5410 meo,
357 5331 605 5391 scilicet
659 5329 905 5406 Spiritui
964 5337 1189 5405 sancto,
1234 5331 1494 5406 loquenti
1543 5333 1686 5388 mihi
1718 5358 1744 5384 ‹‹
1781 5335 1839 5390 in

136 5422 554 5502 parabolam,
579 5446 608 5474 ‹‹
644 5426 703 5479 et
731 5422 887 5479 sicut
918 5420 1206 5495 Propheta
1242 5423 1301 5478 in
1347 5422 1626 5496 parabole
1654 5423 1839 5497 audit,

132 5517 233 5587 sip
262 5516 342 5587 ig
376 5511 678 5587 parabole
704 5511 933 5586 loquar.
967 5510 1251 5569 Parabola
1278 5517 1389 5582 cst,
1413 5511 1511 5568 ubi
1555 5511 1717 5569 aliud
1747 5514 1841 5571 di-

130 5605 457 5682 ωμοι
495 5600 657 5662 aliud
695 5600 1064 5677 intelligitur,
1099 5600 1227 5660 ideo
1267 5600 1351 5660 sic
1392 5599 1673 5679 loquitur,
1703 5605 1843 5682 quia

450 5744 465 5759 λ
507 5730 782 5795 Persen.
828 5729 1031 5795 CXVI.

1948 4622 2085 4680 terit
2111 4638 2243 4678 eam
2274 4620 2579 4689 redimere,
2612 4619 2749 4692 quia
2780 4619 2972 4675 solum
3002 4634 3215 4691 corpus
3233 4616 3452 4674 Christi
3477 4616 3599 4674 ido-

1949 4728 2126 4769 neum
2158 4710 2460 4766 inventum
2491 4713 2601 4779 est,
2633 4725 2736 4780 per
2772 4708 2928 4781 q‘uod
2969 4707 3293 4779 redemptio
3323 4707 3508 4775 fieret,
3541 4710 3600 4763 et

1950 4790 2089 4874 qiiia
2120 4818 2235 4856 non
2276 4798 2512 4854 redimit
2540 4797 2809 4854 Christus
2850 4795 3017 4862 tales,
3048 4812 3155 4853 nec
3203 4796 3378 4853 homo
3408 4797 3600 4867 potest

1950 4889 2255 4957 redimere,
2289 4889 2417 4943 ideo
2448 4904 2563 4942 non
2593 4891 2825 4942 tantum
2856 4890 2944 4943 est
2973 4884 3092 4942 illis
3117 4884 3461 4952 timendum,
3493 4881 3595 4939 sed

1953 5003 1980 5031 ι‹
2012 4979 2191 5035 etiam
2224 4976 2513 5033 laborabit
2544 4999 2573 5026 ››
2608 4975 2703 5031 ille
2750 4992 2867 5031 non
2915 4976 3254 5046 redemptus
3284 4996 3312 5024 «
3346 4972 3405 5028 in
3434 4973 3598 5027 aeter-

1951 5087 2094 5126 num
2129 5091 2158 5118 »
2181 5072 2238 5123 et
2266 5066 2421 5123 sicut
2450 5065 2737 5139 PrOpheta
2764 5064 3277 5138 praesumptionem
3307 5058 3597 5116 malorum

1950 5158 2222 5231 superius
2253 5157 2442 5230 fregit,
2468 5156 2551 5212 sic
2580 5172 2834 5213 errorem
2864 5170 3068 5211 eorum
3096 5151 3191 5208 hic
3219 5148 3599 5221 destruit,qui

1951 5252 2319 5304 mortuorum
2360 5246 2844 5302 resurrectionem
2894 5260 3008 5299 non
3059 5240 3325 5311 credunt,
3347 5242 3406 5296 et
3452 5238 3601 5296 bene

1951 5337 2081 5393 dico
2109 5334 2398 5392 laborabit
2423 5334 2482 5389 in
2505 5338 2808 5401 aeternum,
2833 5332 2971 5405 quia
2993 5354 3021 5383 «
3046 5331 3108 5386 in
3128 5330 3328 5399 ﬁnem,
3355 5351 3384 5381 ››
3406 5328 3466 5387 id
3488 5331 3598 5400 est,

1952 5428 2013 5483 in
2043 5431 2292 5482 mortem
2327 5421 2707 5493 temporalem
2740 5442 2769 5473 «
2802 5420 2993 5477 adhuc
3021 5420 3173 5477 vivet
3206 5442 3234 5470 »
3266 5418 3412 5490 ipse.

2022 5517 2093 5574 Et
2126 5513 2254 5569 ideo
2285 5509 2464 5568 etiam
2493 5508 2803 5576 laborabit,
2826 5508 2967 5583 quia
3006 5508 3068 5565 in
3106 5507 3218 5567 hac
3242 5531 3279 5591 «μ
3296 5524 3413 5565 non
3439 5506 3602 5591 vide-

1949 5607 2040 5669 bit
2085 5601 2409 5671 interitum,
2451 5620 2481 5652 ››
2510 5597 2571 5658 id
2619 5600 2730 5672 est,
2778 5598 3217 5663 damnationem
3235 5586 3511 5675 «cummi
3542 5595 3603 5657 id

3204 5726 3281 5792 12
