4092 6178
465 333 581 396 363

466 472 574 535 est,
616 467 784 538 juiau
817 467 1028 522 viderit
1052 490 1079 516 »
1102 468 1161 522 in
1193 467 1302 522 hac
1330 467 1448 521 vita
1468 489 1495 515 ‹‹
1521 467 1834 539 sapientes,
1865 488 1890 512 n
1915 465 1970 518 id
2003 468 2110 532 est,
2141 469 2196 535 Α

457 557 658 628 juslos
702 555 859 612 viros
905 559 1092 611 morte
1143 554 1450 628 temporali
1498 579 1523 603 ‹‹
1581 553 1913 609 morientes.
1957 576 1981 601 ››
2013 552 2115 607 Vel

467 643 838 717 sapientes,»
887 645 944 699 id
997 648 1104 712 est‘,
1157 645 1492 700 mundanos
1539 641 1917 714 philosophos
1953 658 1964 696 :
2000 658 2117 696 non

462 733 682 789 videbit
711 733 1014 789 interitum
1058 733 1208 805 dico,
1244 734 1344 789 sed
1378 757 1404 783 ‹‹
1442 731 1717 805 peribunt
1759 730 1935 786 simul
1971 730 2118 786 insi-

462 822 628 895 piens
677 827 733 879 et
781 821 1075 879 stultus.»
1123 821 1412 894 Insipiens
1463 825 1572 888 est,
1628 819 1726 891 qui
1776 836 1889 874 non
1936 818 2119 873 credit

463 909 721 967 futuram
754 928 987 984 pcnnam
1022 927 1034 965 :
1071 911 1312 982 stultus,
1350 909 1476 981 qui,
1509 908 1644 964 licet
1675 908 1893 976 credat,
1922 912 2116 962 tamen

464 1015 582 1056 non
613 1004 794 1056 cavet.

535 1089 608 1146 Et
627 1088 884 1146 ostendit
902 1089 1206 1158 vanitates,
1227 1088 1444 1160 quibus
1467 1087 1563 1142 isti
1588 1086 1645 1140 in
1669 1085 1848 1140 mund
1861 1101 1958 1138 um
1981 1085 2121 1138 sunt

467 1177 667 1246 dediti,
692 1178 752 1233 in
785 1177 1000 1250 quibus
1025 1193 1226 1234 eorum
1258 1180 1419 1231 notat
1449 1173 1786 1231 stultitiam.
1812 1171 2123 1226 Continua-

469 1267 550 1324 tio
576 1283 589 1322 ε
617 1266 893 1322 Peribunt
915 1289 941 1316 «
975 1270 1033 1322 et
1061 1265 1238 1321 etiam
1270 1263 1602 1335 relinquent
1633 1260 1838 1316 alienis
1869 1277 2006 1316 suas
2033 1259 2120 1313 di-

467 1354 661 1427 vitias,
687 1377 716 1406 ››
742 1355 800 1410 id
851 1359 958 1424 est,
1004 1353 1319 1421 extraneis,
1370 1351 1458 1408 vel
1503 1351 1677 1406 etiam
1726 1349 1883 1416 filiis,
1925 1354 2121 1404 tamen

471 1443 699 1512 alienis,
735 1443 875 1516 quia
904 1443 1130 1515 perdito
1156 1441 1382 1498 homini
1414 1440 1558 1494 nihil
1590 1439 1724 1511 plus
1754 1437 1948 1492 valent
1978 1435 2120 1490 divi-

471 1533 585 1602 tiae,
619 1537 740 1588 tam
790 1532 907 1588 ﬁlio
940 1549 1116 1604 quam
1166 1535 1434 1586 extraneo
1471 1546 1482 1584 :
1512 1552 1536 1578 ‹‹
1571 1533 1630 1583 et
1679 1525 1947 1597 sepulcra
1995 1523 2121 1578 illo-

471 1638 625 1691 rum,
652 1644 680 1671 »
707 1622 764 1676 id
797 1626 904 1690 est,
930 1621 1263 1694 pyramides
1314 1625 1371 1674 et
1419 1617 1740 1681 mausolea,
1774 1633 1900 1686 qua:
1953 1611 2123 1685 quasi

472 1728 718 1785 magnas
747 1711 1039 1766 mdilicant
1077 1712 1302 1777 domos,
1337 1708 1506 1780 quasi
1559 1705 1828 1777 sepulcra
1876 1704 2126 1758 debeant

471 1817 599 1859 esse
621 1825 649 1851 «
684 1801 895 1856 domus
927 1798 1160 1855 illorum
1210 1798 1268 1852 in
1311 1803 1592 1852 alternum
1619 1819 1646 1843 ››
1671 1799 1728 1850 et
1762 1795 1822 1847 in
1854 1792 1962 1847 hoc
1999 1809 2123 1846 ma-

473 1905 649 1962 gnam
681 1889 995 1946 stultitiam
1020 1905 1222 1944 eorum
1247 1892 1432 1958 notat,
1457 1887 1556 1958 qui
1581 1902 1682 1957 per
1712 1884 1832 1938 base
1859 1880 2128 1953 sepulcra

476 1981 588 2035 sibi
620 1980 962 2037 memoriam
997 1984 1272 2035 aeternam
1307 1977 1593 2050 putabant
1627 1973 1945 2044 acquirere.

550 2091 576 2118 ‹‹
613 2068 1030 2136 Tabernacula,
1061 2093 1085 2117 ››
1111 2069 1168 2123 id
1202 2071 1309 2138 est,
1336 2082 1558 2137 magnae
1585 2063 1796 2117 domus
1819 2084 1843 2109 ‹‹
1871 2075 2072 2115 eorum
2101 2080 2126 2107 »

481 2161 774 2214 manant»
806 2158 865 2212 in
895 2158 1192 2230 progenie,
1217 2160 1272 2210 et
1299 2179 1326 2204 »
1351 2155 1484 2209 inde
1516 2154 1573 2207 in
1606 2151 1720 2206 alia
1745 2173 1771 2200 ‹‹
1803 2149 2077 2221 progenie
2098 2170 2126 2195 »

480 2250 539 2304 et
568 2247 627 2302 in
659 2245 766 2302 hoc
797 2246 973 2303 etiam
1011 2246 1178 2302 stulti
1227 2247 1526 2316 apparent,
1559 2241 1657 2312 qui
1703 2243 1867 2294 tanta
1916 2237 2132 2310 palatia

482 2335 876 2406 zedillcabunt,
898 2340 954 2392 et
973 2336 1150 2392 etiam
1173 2334 1443 2390 homines
1465 2355 1492 2380 ‹‹
1519 2333 1870 2386 vocaverunt
1891 2326 2131 2382 nomina

483 2443 591 2483 sua
620 2424 680 2480 in
711 2425 880 2482 terris
903 2425 1046 2480 suis.
1076 2447 1103 2473 »
1126 2423 1368 2492 scilicet,
1391 2421 1544 2475 circa
1574 2417 1844 2490 sepulcra
1870 2415 2127 2470 illorum.

483 2515 695 2589 Tangit
742 2514 1226 2586 consuetudinem
1273 2508 1606 2584 gentilium,
1640 2507 1740 2579 qui
1793 2504 2130 2572 morientes,

481 2604 709 2678 aliquos
758 2604 1194 2668 conducebant,
1238 2605 1304 2654 ut
1348 2600 1686 2653 invocarent
1735 2594 1975 2650 nomina
2023 2610 2131 2648 sua

480 2693 634 2750 circa
653 2692 1018 2766 sepulturam
1041 2705 1208 2745 suam
1232 2689 1290 2743 in
1316 2687 1522 2743 diebus
1545 2683 1902 2752 constitutis,
1919 2687 2128 2738 etcum

481 2783 627 2840 alios
657 2783 912 2837 facerent
947 2779 1027 2834 ita
1059 2779 1325 2834 invocare
1355 2792 1569 2832 nomen
1601 2791 1798 2842 suum,
1830 2772 1944 2844 ipsi
1973 2771 2128 2828 idem

480 2870 758 2928 dicuntur
788 2870 848 2925 in
880 2868 992 2924 hoc
1021 2867 1288 2922 invocare
1331 2864 1570 2921 nomina
1601 2880 1729 2920 sua.
1765 2863 1828 2918 In
1860 2878 1976 2933 quo
2005 2860 2131 2933 ipse

480 2961 768 3035 Propheta
789 2973 1064 3032 magnam
1087 2972 1291 3012 eorum
1321 2959 1486 3010 notat
1506 2953 1840 3020 stultitiam,
1864 2950 2003 3023 quia
2031 2967 2132 3023 per

480 3051 591 3108 hoc
622 3049 734 3124 ipsi
769 3066 903 3106 eum
937 3063 999 3104 se
1030 3045 1375 3102 memoriam
1405 3048 1681 3100 aeternam
1717 3042 1929 3097 habere
1960 3045 2134 3113 puta-

482 3143 633 3211 rent,
665 3144 861 3194 tamen
893 3137 954 3192 in
985 3134 1128 3192 solis
1159 3134 1330 3190 terris
1361 3149 1562 3189 eorum
1594 3132 1706 3187 hoc
1734 3130 1928 3186 ﬁebat.
1952 3131 2133 3185 Totus

482 3210 680 3283 autem
703 3243 907 3282 versus
934 3225 1045 3280 sub
1067 3221 1504 3279 constructione
1526 3237 1644 3275 una
1664 3219 1748 3275 sic
1772 3218 2020 3292 legitur:
2055 3221 2136 3273 ta-
2163 3210 2207 3279 C

482 3312 796 3369 bernacula
824 3329 1026 3368 eorum
1060 3311 1361 3379 duratura,
1389 3310 1448 3364 in
1480 3307 1754 3382 progenie
1783 3312 1841 3363 et
1856 3307 2132 3380 progenie

480 3406 830 3460 vocaverunt
860 3402 1099 3458 nomina
1129 3417 1258 3472 sua,
1293 3400 1351 3455 id
1382 3403 1489 3469 est,
1524 3398 1884 3472 praenomina
1911 3414 2039 3465 sua,
2067 3402 2134 3454 ut

482 3493 713 3549 dicatur
741 3491 1027 3565 palatium
1069 3490 1307 3560 Tiberii,
1342 3489 1524 3544 turris
1571 3486 1906 3556 Crescentii,
1938 3491 1996 3542 et
2023 3487 2133 3542 hoc

481 3580 794 3651 faciebant,
819 3585 886 3637 ut
905 3579 1190 3636 memoria
1210 3594 1414 3634 eorum
1437 3577 1771 3645 haberetur,
1786 3592 1914 3647 quae
1935 3579 2132 3631 tamen

482 3688 598 3729 non
627 3674 773 3738 erat,
803 3669 917 3727 nisi
949 3668 1008 3724 in
1041 3667 1213 3725 terris
1245 3667 1389 3724 suis.

551 3761 682 3819 Haec
714 3759 912 3817 omnia
939 3775 1088 3814 vana
1136 3757 1217 3813 ita
1264 3760 1614 3828 sequuntur,
1647 3759 1703 3811 et
1733 3759 1930 3810 tamen
1981 3753 2134 3809 Deus

480 3865 596 3906 non
625 3853 716 3906 est
747 3846 1137 3914 accusandus,
1171 3844 1272 3916 qui
1313 3844 1619 3900 constituit
1665 3859 1763 3898 eos
1795 3843 1856 3896 in
1888 3842 2133 3911 ratione,

479 3939 583 3996 sed
614 3937 726 4011 ipsi
759 3936 1077 3993 noluerunt
1115 3933 1439 4004 intelligere
1473 3949 1485 3986 :
1521 3935 1578 3988 et
1609 3931 1716 3986 hoc
1757 3935 1863 4001 est,
1901 3954 1926 3980 κ
1961 3930 2136 3986 homo

479 4043 614 4084 cum
645 4029 800 4082 esset
846 4025 906 4079 in
954 4023 1249 4091 honore,»
1280 4022 1337 4077 id
1389 4024 1476 4077 est
1525 4021 1584 4075 in
1636 4020 1880 4092 ratione,
1915 4020 1973 4075 in
2022 4031 2141 4092 qua

479 4118 606 4174 erat
635 4114 752 4170 Deo
783 4111 1019 4181 similis,
1043 4134 1069 4160 «
1099 4128 1213 4166 non
1242 4110 1552 4180 intellexit,
1575 4109 1633 4163 id
1665 4115 1754 4165 est
1785 4126 1899 4165 non
1933 4109 2141 4164 intelli-

482 4207 686 4279 genter
715 4200 853 4273 egit,
879 4204 936 4256 et
959 4200 1088 4255 ideo
1121 4216 1155 4254 a
1186 4198 1554 4270 sapientibus
1586 4203 1676 4253 est
1705 4221 1733 4248 ‹‹
1767 4203 2140 4270 comparatus

485 4289 903 4364 insipientibus
925 4286 1237 4360 jumentis,
1265 4310 1292 4335 ››
1320 4286 1566 4355 scilicet,
1591 4286 1650 4341 in
1674 4285 1837 4342 nulla
1865 4287 1999 4356 alia,
2029 4288 2142 4346 nisi

485 4381 549 4438 in
580 4378 920 4453 insipientia
945 4394 958 4434 :
985 4380 1041 4433 et
1063 4376 1272 4432 merito
1301 4382 1692 4447 comparatur,
1719 4376 1857 4446 quia
1878 4400 1904 4426 ‹‹
1930 4376 2142 4432 similis

489 4471 681 4528 factus
712 4473 801 4526 est
825 4467 965 4524 illis.
991 4489 1019 4517 »

2155 1844 2202 1910 Β

903 335 1312 397 HAYMONIS
1345 332 1884 394 HALBERSTA'I‘.
1919 330 2163 396 EPISC.
2197 335 2369 395 OPP.
2405 335 2606 397 PARS
2640 335 2685 397 Ι.
2722 371 2798 378 —
2827 333 3229 397 COMMENT.
3264 332 3460 395 BlBL.

3745 330 3858 392 364

2226 468 2282 522 id
2315 473 2422 535 est,
2457 467 2680 524 similes
2711 468 2917 524 ovibus
2942 485 2955 523 :
2981 469 3119 540 quia
3165 468 3317 524 sicut
3349 481 3483 522 oves
3530 481 3680 536 saepe
3726 469 3860 520 tun-

2224 558 2454 624 dentur,
2488 562 2545 612 et
2592 558 2828 624 iterum,
2860 561 2917 612 et
2963 557 3297 613 substantia
3338 558 3617 625 remanet,
3651 553 3735 609 sic
3782 553 3862 608 illi

2225 661 2456 718 semper
2486 647 2820 720 afﬂigantur
2862 646 3187 720 suppliciis,
3220 650 3277 700 et
3313 648 3504 700 tamen
3538 642 3867 700 substantia

2226 751 2340 789 non
2392 735 2623 806 peribit,
2649 759 2675 785 ‹‹
2712 751 2869 791 mors
2919 735 3192 806 depascet
3239 750 3336 788 eos
3387 732 3638 797 etiam,«
3672 732 3729 786 id
3761 734 3866 802 est,

2228 822 2495 880 diabolus
2541 825 2832 896 depascet,
2866 840 2970 896 per
3017 821 3465 879 similitudinem
3517 821 3677 876 dicit.
3712 819 3870 876 Sicut

2227 911 2383 967 enim
2432 916 2664 984 pratum
2697 911 3051 984 depascitur,
3084 917 3140 967 et
3167 915 3364 967 tamen
3415 908 3638 965 radices
3685 924 3868 965 rema-

2229 1005 2388 1072 nent,
2422 1001 2505 1056 sic
2539 1000 2642 1055 illi.
2678 1001 2900 1056 Dicitur
2931 999 3105 1055 etiam
3151 1016 3386 1072 pascere
3416 1000 3474 1054 in
3506 997 3620 1054 alia
3648 997 3869 1070 signiﬁ-

2228 1089 2474 1156 catione,
2502 1090 2653 1144 sicut
2684 1094 2882 1161 pastor
2911 1089 3071 1158 dicit,
3100 1105 3273 1161 pasco
3305 1103 3561 1161 gregem.
3595 1085 3873 1144 Similiter

2231 1193 2408 1245 mors,
2434 1178 2491 1232 id
2521 1182 2628 1246 est,
2653 1178 2920 1233 diabolus
2952 1179 3226 1250 depascet
3254 1193 3372 1245 eos,
3402 1177 3458 1232 id
3490 1180 3599 1246 est,
3627 1176 3875 1231 deducet

2229 1283 2328 1320 eos
2361 1266 2431 1320 de
2463 1283 2632 1338 poma
2665 1267 2722 1321 in
2754 1284 3006 1340 poenam.

2304 1377 2332 1404 ‹‹
2365 1356 2435 1410 Et
2466 1355 2523 1410 in
2557 1355 2869 1424 matutino,
2894 1378 2920 1405 ››
2945 1355 3002 1411 id
3034 1359 3123 1411 est
3163 1355 3223 1411 in
3266 1354 3510 1426 judicio,
3534 1353 3636 1410 ubi
3673 1353 3877 1425 justus

2231 1443 2331 1499 lux
2375 1445 2698 1517 apparebit,
2727 1469 2752 1495 «
2779 1445 2931 1517 justi
2966 1469 2992 1493 ››
3026 1445 3126 1517 qui
3176 1445 3234 1499 in
3283 1444 3391 1500 hac
3423 1443 3542 1499 vita
3590 1448 3731 1499 sunt
3777 1444 3876 1500 de-

2232 1534 2414 1604 pressi
2468 1535 2538 1589 ab
2571 1534 2736 1590 illisu
2772 1534 3235 1590 dominabuntur
3263 1550 3463 1590 eorum
3500 1554 3525 1581 ››
3558 1531 3658 1604 qui
3707 1535 3880 1588 erunt

2225 1623 2456 1694 judiees
2487 1640 2709 1678 eorum.
2733 1647 2759 1672 ‹‹
2792 1628 2849 1679 et
2877 1622 3159 1678 auxilium
3181 1639 3403 1690 eorum,
3432 1645 3459 1670 »
3487 1622 3640 1693 quod
3663 1621 3884 1677 habent

2235 1712 2292 1766 in
2326 1712 2434 1766 hac
2463 1712 2580 1767 vita
2601 1737 2626 1761 ‹‹
2663 1729 2697 1767 a
2735 1711 2919 1784 gloria
2968 1728 3189 1779 eorum,
3219 1734 3245 1760 »
3277 1709 3501 1767 scilicet
3545 1727 3580 1765 a
3623 1709 3886 1782 potentia

2234 1804 2291 1856 et
2339 1800 2558 1855 divitiis
2591 1825 2619 1851 ‹‹
2667 1805 3005 1869 veterascet,
3036 1823 3062 1849 ››
3110 1798 3504 1872 comparabile
3549 1798 3658 1854 erit
3702 1798 3883 1854 veteri

2234 1889 2600 1954 vestimento,
2635 1891 2787 1962 quod
2822 1889 3043 1946 nullam
3089 1889 3264 1945 habet
3303 1888 3614 1945 utilitatem
3647 1911 3675 1938 «
3709 1888 3769 1942 in
3806 1887 3886 1944 in-

2237 1980 2416 2034 ferno.
2446 2003 2472 2028 ››

2311 2068 2422 2140 Ipsi
2475 2069 2957 2136 dominabuntur,
2985 2091 3011 2119 ‹‹
3063 2072 3463 2123 verumtamen
3518 2067 3672 2123 Deus
3731 2067 3886 2122 redi-

2239 2163 2356 2214 met
2402 2159 2660 2213 animam
2712 2175 2903 2213 meam
2951 2160 3022 2213 de
3073 2175 3251 2213 manu
3302 2157 3492 2223 inferi,
3519 2179 3546 2206 »
3579 2156 3637 2212 id
3669 2161 3785 2226 est,
3821 2157 3888 2212 de

2238 2252 2521 2319 potestate
2551 2247 2764 2303 diaboli
2801 2265 2814 2301 :
2850 2252 2906 2303 et
2938 2247 3046 2302 hoc
3085 2268 3106 2295 ι
3140 2263 3275 2302 cum
3308 2245 3593 2319 acceperit
3622 2262 3739 2316 me,
3769 2270 3804 2295 ››
3833 2245 3888 2300 id

2238 2341 2347 2406 est,
2383 2353 2574 2392 meam
2606 2335 3054 2392 humanitatem.

2310 2427 2389 2482 De
2419 2426 2593 2481 tertia
2631 2430 2795 2498 parte
2841 2425 3066 2497 incipit.
3091 2424 3462 2482 Continuatio
3505 2441 3518 2480 :
3563 2422 3776 2496 Injusti
3813 2423 3891 2479 sic

2239 2515 2697 2583 damnabuntur,
2722 2519 2777 2569 et
2791 2515 3092 2586 justorum
3114 2513 3342 2569 animas
3367 2513 3637 2579 redimes,
3653 2530 3687 2568 ο
3710 2513 3891 2581 Deus,

2238 2609 2295 2660 et
2323 2605 2448 2660 ideo
2482 2604 2656 2660 homo
2679 2628 2704 2653 ‹‹
2733 2620 2804 2658 ne
2833 2603 3104 2658 timueris
3135 2619 3269 2658 cum
3302 2602 3460 2658 dives
3493 2602 3682 2657 factus
3716 2602 3898 2657 fuerit

2238 2695 2434 2764 homo,
2463 2717 2484 2746 ι»
2521 2698 2576 2749 et
2609 2711 2722 2750 non
2773 2697 3003 2748 tantum
3055 2692 3114 2747 in
3166 2709 3228 2748 se
3257 2691 3416 2747 dives
3466 2690 3640 2746 fuerit
3687 2690 3896 2760 homo,

2238 2785 2339 2840 sed
2375 2807 2400 2833 ‹‹
2435 2799 2570 2839 cum
2619 2781 3011 2854 multiplicata
3060 2781 3234 2837 fuerit
3281 2780 3466 2853 gloria
3511 2781 3745 2850 domus,
3777 2803 3810 2827 ››
3840 2779 3897 2835 id

2239 2877 2346 2942 est,
2380 2889 2513 2928 cum
2547 2872 2954 2942 unusquisque
2984 2872 3054 2926 de
3085 2871 3258 2926 domo
3302 2872 3428 2942 ejus
3461 2869 3900 2943 multiplicatus

2239 2963 2414 3018 fuerit
2445 2962 2503 3016 in
2535 2961 2737 3034 gloria,
2771 2960 2993 3016 scilicet
3023 2960 3378 3015 divitiarum.
3935 2951 3941 2957 ’

2312 3052 2446 3106 Ideo
2490 3067 2562 3106 ne
2610 3049 2877 3105 timueris
2908 3073 2935 3099 «
2970 3048 3248 3121 quoniam
3271 3072 3299 3098 »
3320 3049 3447 3121 ipse
3471 3070 3498 3100 ‹‹
3520 3065 3654 3105 cum
3711 3048 3898 3106 inter-

2241 3140 2390 3210 ierit,
2440 3157 2556 3196 non
2611 3143 2804 3195 sumet
2851 3138 3068 3206 omnia,
3098 3159 3123 3186 ››
3156 3137 3355 3194 omnia
3409 3142 3600 3212 negat,
3635 3142 3697 3193 et
3748 3137 3899 3194 nihil

2240 3245 2440 3286 secum
2472 3232 2665 3302 portat
2696 3229 2766 3284 de
2805 3226 3022 3283 divitiis
3061 3227 3207 3299 suis,
3241 3243 3431 3300 neque
3461 3228 3530 3282 de
3569 3226 3768 3300 gloria
3799 3244 3813 3282 :
3847 3230 3904 3283 et

2239 3319 2349 3375 hoc
2377 3322 2466 3374 est
2500 3335 2565 3374 ;‹‹
2593 3333 2780 3389 neque
2819 3317 3130 3371 descendet
3179 3332 3315 3371 cum
3345 3332 3410 3372 eo
3441 3314 3627 3388 gloria
3674 3317 3902 3371 domus

2239 3409 2387 3479 ejus,
2409 3430 2436 3455 ››
2463 3407 2601 3478 quia
2627 3423 2760 3461 cum
2792 3405 3011 3460 venerit
3040 3405 3112 3461 ad
3144 3405 3461 3471 infernum,
3495 3421 3611 3461 non
3644 3404 3902 3477 majoris

2240 3497 2352 3553 erit
2379 3495 2640 3568 quolibet
2668 3511 2944 3568 paupere.

2314 3585 2444 3641 Ideo
2479 3602 2594 3640 non
2625 3583 2938 3640 descendet
2975 3600 3109 3639 cum
3152 3599 3219 3639 eo
3267 3581 3453 3656 gloria
3500 3583 3717 3640 domus
3749 3583 3905 3655 ejus,

2243 3699 2268 3724 ‹‹
2308 3673 2445 3747 quia
2469 3674 2529 3730 in
2560 3696 2588 3722 »
2620 3673 2730 3729 hac
2761 3695 2789 3722 ‹‹
2815 3674 2935 3728 vita
2967 3695 2994 3721 ››
3026 3676 3259 3728 tantum
3287 3692 3309 3720 ι
3335 3670 3532 3728 anima
3561 3673 3694 3744 ejus
3731 3672 3914 3728 bene-

2243 3766 2468 3821 dicetur
2500 3787 2526 3813 ››
2561 3763 2632 3818 ab
2683 3761 3102 3830 adulatoribus,
3129 3765 3185 3817 et
3236 3761 3344 3818 hoc
3394 3764 3620 3816 tantum
3667 3760 3733 3816 in
3787 3760 3912 3816 vita

2244 3854 2452 3927 ipsius,
2476 3857 2540 3908 ut
2571 3868 2704 3908 cum
2730 3851 2926 3907 dicent
2949 3850 3344 3907 adolescentes
3369 3850 3443 3919 ei,
3473 3850 3522 3906 si
3547 3850 3683 3906 fecit
3715 3850 3916 3907 homi-

2247 3944 2486 4011 cidium,
2510 3941 2594 3998 vel
2629 3941 2852 4012 aliquid
2888 3940 3020 4008 tale,
3046 3939 3148 3996 ha!
3175 3957 3353 4012 quam
3384 3941 3530 3996 bene
3562 3939 3823 4008 factum,
3855 3944 3914 3994 et

2247 4035 2374 4090 ideo
2402 4033 2578 4089 etiam
2609 4029 2840 4103 peribit,
2866 4029 3004 4102 quia
3033 4034 3175 4085 tunc
3215 4034 3448 4086 tantum
3472 4053 3499 4079 ‹‹
3526 4028 3921 4086 conﬁtebitur

2247 4122 2374 4191 tibi,
2405 4144 2432 4170 »
2464 4122 2521 4176 id
2569 4125 2677 4188 est,
2728 4117 2993 4175 laudabit
3023 4121 3079 4174 te
3100 4141 3128 4168 ‹‹
3179 4134 3313 4174 cum
3373 4117 3738 4174 benefeceris
3773 4119 3856 4187 ei,
3887 4140 3914 4167 η

2247 4211 2306 4268 id
2338 4215 2444 4280 est,
2478 4227 2612 4266 cum
2644 4207 2812 4264 dabis
2842 4207 2894 4263 ei
2926 4222 3236 4279 prosperos
3265 4211 3525 4263 eventus.

2319 4302 2423 4356 Hic
2454 4298 2709 4356 ostendit
2746 4297 3312 4352 consummationem
3363 4295 3635 4368 nequitiae
3685 4295 3918 4368 ipsius.

2249 4388 2620 4449 Continuatio
2647 4404 2659 4442 :
2687 4385 2833 4452 Quid
2873 4401 2976 4458 per
3015 4385 3247 4457 singula
3285 4388 3620 4440 currerem?
3647 4383 3794 4456 Ipse
3825 4385 3922 4440 in-

2248 4481 2450 4537 troibit
2481 4493 2668 4548 usque
2693 4476 2751 4530 in
2780 4474 3086 4547 progenies
3108 4478 3342 4545 patrum
3373 4489 3672 4541 suorum,»
3699 4473 3766 4529 id
3803 4476 3924 4545 est,

561 4584 589 4612 “
623 4561 805 4616 Ηωο»
838 4557 1014 4626 mala,
1055 4561 1112 4613 et
1141 4556 1254 4612 alia
1303 4571 1426 4645 qui?
1478 4559 1665 4645 sunt?
1699 4555 1790 4611 Via
1839 4555 2072 4612 illorum
2107 4579 2134 4606 υ
2166 4581 2212 4645 D
2243 4568 2453 4629 similis
2511 4567 2620 4622 erit
2670 4563 2945 4620 omnibus
2994 4563 3260 4636 patribus
3311 4562 3434 4619 suis
3487 4561 3548 4617 in
3609 4562 3920 4634 nequitia,

492 4653 632 4707 sunt
662 4672 690 4699 «
725 4645 1072 4704 scandalum
1123 4645 1290 4718 ipsis,
1313 4667 1340 4694 »
1367 4644 1425 4698 id
1457 4648 1564 4714 est,
1587 4644 1848 4714 offensio,
1873 4662 1998 4717 quae
2035 4646 2138 4701 du-

491 4739 571 4796 cit
599 4755 697 4794 eos
729 4738 802 4794 ad
842 4737 1142 4792 interitum
1170 4757 1198 4785 «
1233 4739 1290 4790 et
1320 4738 1542 4806 postea,
1569 4756 1596 4783 ››
1628 4734 1684 4789 id
1718 4738 1825 4803 est,
1850 4751 1984 4790 cum
2014 4735 2136 4790 haec

488 4828 646 4886 mala
675 4851 702 4878 <<
737 4825 1202 4899 eomplacebunt,
1248 4848 1276 4873 »
1327 4824 1385 4879 id
1435 4828 1543 4893 est,
1587 4824 1699 4880 sibi
1748 4824 1893 4896 ipsis
1945 4823 2135 4896 place-

485 4919 635 4976 bunt
660 4941 688 4968 «
729 4917 790 4972 in
834 4914 948 4972 ore
979 4932 1105 4984 suo,
1133 4938 1160 4964 ››
1194 4915 1333 4987 quia
1364 4913 1518 4986 quod
1564 4930 1660 4969 ore
1711 4913 1932 4980 dicunt,
1965 4928 2136 4984 opere

485 5009 888 5084 comprobant.
919 5007 1046 5062 Alia
1092 5004 1398 5062 translatio
1449 5005 1644 5069 habet,
1669 5004 1728 5057 in
1759 5019 1856 5057 ore
1887 5019 1992 5058 suo
2037 5003 2134 5057 be-

485 5101 792 5157 nedicent:
819 5097 972 5170 quod
1004 5096 1218 5169 legitur
1249 5095 1331 5150 sic
1357 5110 1368 5149 :
1393 5111 1529 5149 cum
1561 5093 1681 5148 haec
1709 5092 1864 5148 mala
1895 5093 2130 5162 faciant,

478 5193 675 5246 tamen
709 5192 910 5262 postea
940 5186 1293 5243 benedicunt
1314 5184 1520 5255 Deum,
1549 5182 1874 5253 laudantes,
1901 5201 2033 5238 cum
2061 5183 2134 5237 de

479 5278 774 5351 prosperis
805 5278 928 5334 suis
962 5275 1337 5334 successibus
1364 5274 1422 5329 in
1444 5292 1541 5331 ore
1564 5292 1669 5328 suo
1703 5292 1816 5330 non
1847 5273 1971 5346 Dei,
1995 5273 2134 5345 quia

485 5367 641 5423 Deus
670 5367 902 5424 laudem
936 5369 1258 5442 peccatoris
1289 5382 1402 5420 non
1435 5366 1659 5438 recipit.

552 5457 624 5512 Hi
674 5456 819 5515 tales
849 5459 970 5514 «in
1014 5457 1242 5514 inferno
1300 5455 1474 5530 positi
1535 5459 1747 5510 sunt.»
1792 5458 1942 5513 Bene
1990 5455 2133 5514 dicit

490 5547 777 5623 Propheta
805 5549 1026 5624 positos
1047 5549 1107 5605 in
1138 5549 1385 5615 inferno,
1410 5548 1549 5619 quia
1582 5565 1680 5605 eos
1706 5549 1832 5619 jam
1855 5547 1914 5602 in
1937 5546 2131 5604 divina

490 5636 857 5704 Providentia
875 5640 1178 5718 ponendos
1200 5639 1320 5696 fore
1343 5643 1686 5712 cognoverat
1706 5661 1733 5689 ‹‹
1759 5639 1912 5698 sicut
1930 5654 2083 5714 oves,
2101 5664 2130 5693 υ

2244 4661 2422 4717 etiam
2455 4671 2641 4728 usque
2685 4655 2757 4709 ad
2811 4653 3006 4725 ipsum
3038 4652 3178 4708 Cain
3211 4652 3485 4708 ascendet
3533 4667 3636 4723 per
3685 4653 3930 4724 nequi-

2244 4751 2408 4817 tiam,
2443 4751 2499 4803 et
2543 4745 2671 4801 ideo
2699 4767 2726 4794 ‹‹
2753 4760 2867 4798 non
2897 4741 3115 4797 videbit
3147 4740 3370 4810 lumen,
3398 4763 3424 4788 ››
3446 4739 3502 4795 id
3536 4744 3644 4812 est,
3678 4741 3746 4795 in
3807 4741 3929 4797 hac

2243 4840 2362 4895 vita
2402 4855 2516 4892 non
2571 4851 2767 4890 veram
2827 4831 3241 4904 cognitionem,
3295 4846 3485 4901 neque
3533 4828 3590 4883 in
3639 4827 3769 4884 alia
3827 4846 3933 4885 ve-

2245 4945 2371 4984 ram
2411 4923 2925 4994 illuminationem,
2960 4926 3015 4976 et
3063 4920 3173 4976 hoc
3202 4924 3292 4976 est
3323 4943 3351 4970 ‹‹
3387 4935 3574 4990 usque
3619 4917 3680 4972 in
3737 4923 3934 4975 eter-

2245 5033 2411 5072 num.
2445 5036 2471 5063 ))

2315 5105 2449 5160 Ideo
2481 5119 2595 5158 non
2628 5101 2869 5170 videbit,
2894 5100 3032 5172 quia
3053 5124 3080 5151 ‹‹
3115 5115 3249 5155 cum
3291 5097 3466 5154 homo
3514 5099 3667 5152 esset
3699 5095 3778 5153 in
3822 5097 3940 5155 ho-
3977 5127 3980 5130 -

2243 5211 2382 5249 nore
2410 5216 2435 5242 ››
2469 5197 2532 5248 ut
2563 5207 2763 5263 supra.

2718 5315 2790 5370 IN
2833 5294 3410 5370 PSALMUM‘XLIX.

2665 5425 2940 5480 Trruws.
2975 5421 3228 5478 Psalmus
3262 5420 3462 5492 Asaph.

2312 5577 2338 5604 ‹‹
2365 5552 2518 5609 Deus
2544 5551 2807 5608 deorum.
2833 5571 2854 5598 »
2881 5546 3098 5620 Asaph,
3125 5547 3234 5602 fuit
3257 5562 3412 5602 unus
3433 5562 3501 5601 ex
3531 5545 3957 5617 prmeentori—

2239 5644 2353 5704 bus
2382 5657 2529 5719 quos
2559 5639 2767 5700 habuit
2805 5636 2982 5698 David
3035 5652 3236 5696 secum
3286 5635 3357 5694 ad
3410 5632 3958 5712 ampliﬁcandum
