4048 6180
179 338 277 400 365

1212 376 1227 380 -
1320 339 1819 400 EXPLANATIO
1863 340 1947 439 IN‘
1990 341 2369 401 PSALMOS.

3445 352 3560 411 366

176 470 383 528 cultum
416 469 543 542 Dei,
577 474 635 526 et
664 470 736 525 ad
769 470 900 542 ejus
932 470 1275 526 memoriam
1308 471 1467 527 hunc
1509 470 1801 543 psalmum
1832 473 1887 539 Α
1985 472 2297 529 Exsultans
2328 474 2610 546 propheta
2631 476 2702 530 de
2721 478 3483 551 congregationejustorum
3505 474 3585 537 et'

175 576 233 616 ex
283 559 413 631 ejus
470 557 709 614 nomine
764 557 1087 615 intitulavit
1148 560 1276 615 ideo
1336 560 1606 627 maxime,
1668 559 1807 631 quia

174 646 559 720 interpretatio
592 646 849 703 nominis
896 647 1236 721 preprietati
1270 647 1481 719 psalmi
1517 647 1803 703 convenit

172 735 350 809 Asaph
401 751 659 809 namque
720 736 1091 808 congregatio
1138 737 1573 808 interpretatur,
1633 740 1690 790 et
1746 736 1805 790 in

170 825 265 881 hoc
318 822 550 895 psalmo
610 823 1003 897 congregatio,
1056 824 1117 880 id
1172 829 1261 880 est
1309 841 1603 897 synagoga
1660 824 1806 879 ﬁlle-

170 913 322 980 lium,
353 911 637 986 loquitur.
671 912 913 969 Materia
952 918 1043 969 est
1087 914 1312 969 Novum
1363 915 1806 969 Testamentum

168 1005 217 1057 et
239 1017 341 1074 per
370 1000 714 1073 oppositum
742 1000 940 1057 Vetus.
980 1002 1189 1057 Modus
1223 1018 1236 1056 :
1290 1002 1353 1056 In
1404 1002 1597 1074 prima
1644 1006 1807 1075 parte

168 1091 412 1164 primum
445 1093 502 1147 et
526 1090 852 1147 secundum
882 1090 1099 1147 Christi
1150 1092 1465 1147 adventum
1514 1090 1696 1164 ponit,
1741 1094 1807 1145 ut

167 1179 462 1237 conﬁrmet
502 1178 614 1235 hoc
661 1179 818 1253 quod
869 1178 1138 1236 Christus
1187 1179 1249 1236 in
1291 1180 1528 1252 propria
1559 1196 1807 1252 persona

167 1271 356 1343 postea
404 1266 689 1340 loquitur.
743 1267 849 1324 Per
896 1269 1223 1324 secundum
1256 1268 1569 1324 adventum
1617 1268 1804 1323 deter-

167 1361 240 1413 ret
293 1354 509 1423 malos,
559 1354 659 1411 ubi
717 1356 977 1412 ostendit
1030 1357 1399 1413 damnandos
1454 1356 1690 1428 impios,
1749 1358 1806 1411 et

166 1444 616 1501 rcmunerandos
663 1443 870 1501 bonos.
926 1444 990 1501 In
1041 1446 1303 1501 secunda
1358 1449 1521 1518 parte
1578 1443 1807 1500 inducit

165 1533 454 1591 Christum
482 1531 822 1605 loquentem
850 1532 911 1589 in
932 1532 1122 1605 primo
1153 1534 1403 1590 adventu
1430 1532 1556 1590 suis
1576 1532 1802 1602 amicis,

162 1628 211 1680 et
236 1623 549 1679 docentem
579 1637 679 1678 eos
699 1621 828 1694 jam
877 1620 1022 1677 nihil
1073 1621 1265 1678 valere
1311 1621 1521 1696 legalia
1566 1622 1804 1677 institu-

164 1716 235 1781 ta,
267 1711 377 1768 sed
425 1709 785 1767 sacriﬁcium
833 1708 1027 1767 laudis
1077 1711 1467 1767 solummodo.
1518 1711 1581 1767 In
1633 1710 1805 1767 tertia

162 1805 311 1873 parte
360 1798 625 1871 loquitur
670 1798 930 1856 inimicis
979 1799 1292 1872 increpans
1339 1817 1460 1869 eos,
1493 1804 1550 1856 et
1587 1800 1803 1856 docens

163 1890 285 1962 quid
341 1888 424 1945 sit
475 1887 833 1943 faciendum.
868 1887 1118 1945 Intentio
1168 1893 1258 1945 est
1294 1888 1515 1945 hortari
1544 1889 1799 1957 Judmos,

160 1984 217 2034 ut
257 1980 399 2051 post
443 1975 660 2032 Christi
710 1977 1025 2033 adventum
1075 1976 1236 2034 nullo
1285 1978 1458 2033 modo
1509 1978 1567 2033 in
1598 1977 1798 2051 legali-

161 2068 257 2124 bus
285 2065 589 2123 institutis
621 2065 937 2134 conﬁdant,
971 2070 1029 2122 et
1066 2070 1132 2122 ut
1177 2065 1426 2139 gentiles
1475 2067 1546 2122 ad
1596 2082 1800 2123 eorum

159 2155 423 2213 instituta
478 2170 595 2210 non
671 2154 927 2210 veniant.
996 2154 1228 2212 Titulus
1284 2155 1369 2212 sic
1443 2154 1796 2228 exponitur:

159 2244 418 2317 psalmus
453 2243 566 2300 iste
590 2242 860 2299 convenit
887 2243 1106 2317 Asaph,
1138 2243 1198 2300 id
1230 2249 1318 2301 est
1364 2244 1798 2317 congregationi

156 2333 441 2402 ﬁdelium,
473 2348 601 2404 qua:
632 2330 727 2387 hic
758 2330 1038 2404 loquitur.
1074 2331 1206 2388 Ideo
1255 2332 1450 2405 potius
1498 2331 1659 2404 loqui
1704 2332 1799 2386 in-

156 2423 389 2478 ducitur
443 2420 773 2494 Synagoga,
821 2436 998 2492 quam
1049 2420 1307 2477 Ecclesia
1355 2422 1426 2476 de
1475 2421 1793 2494 gentibus:

152 2511 278 2584 quia
305 2510 518 2585 potius
544 2508 764 2566 Judeis
795 2525 973 2581 quam
1004 2508 1254 2566 aliorum
1301 2510 1548 2567 credunt
1597 2515 1793 2566 aucto-

151 2599 293 2656 ritati
304 2646 315 2655 .

208 2691 286 2746 Ac
318 2688 379 2746 si
412 2688 633 2745 diceret
662 2686 853 2743 ﬁdelis
884 2704 1200 2761 synagoga.
1225 2687 1413 2744 Nolite
1444 2687 1691 2744 ulterius
1714 2705 1795 2744 se-

150 2780 238 2851 qui
267 2777 495 2852 legalia
526 2775 973 2849 instituta,quia
994 2776 1261 2833 Christus
1286 2777 1385 2850 qui
1406 2782 1496 2834 est
1520 2802 1546 2829 «
1570 2778 1744 2845 Deus,
1765 2800 1792 2828 »

150 2867 202 2923 id
245 2872 341 2924 est
396 2868 624 2922 creator
651 2887 681 2918 α
712 2866 977 2934 deorum,
1012 2888 1040 2918 n
1074 2865 1131 2921 id
1166 2871 1254 2922 est
1277 2867 1599 2936 justorum.
1633 2866 1797 2922 Unde

145 2955 277 3012 dicit
323 2954 687 3027 Scriptura:
738 2976 767 3005 ‹‹
818 2953 1006 3011 Nolite
1050 2955 1351 3011 detrahere
1399 2955 1513 3012 diis
1541 2978 1569 3007 »
1604 2955 1792 3027 (Exod.

144 3045 228 3119 xx)
262 3062 275 3101 :
306 3045 448 3118 ipse
479 3047 571 3100 est
602 3043 888 3099 Dominus
917 3043 1181 3099 omnium
1212 3043 1494 3117 gentium,
1530 3044 1628 3116 qui
1659 3044 1795 3101 hac-

1917 560 2281 633 scparatione
2315 562 2385 617 ab
2420 563 2639 635 impiis,
2674 569 2874 620 monet
2905 566 3163 639 angelos,
3195 584 3443 640 quorum
3478 571 3563 625 of-

1918 649 2111 704 ficium
2145 655 2231 704 est
2262 651 2369 705 hoc
2403 651 2607 717 facere,
2643 652 2727 706 sic
2761 670 2774 708 :
2802 652 2917 708 Vos
2946 672 2978 709 o
3011 655 3222 727 angeli,
3256 680 3283 705 «
3317 673 3562 731 congre-

1915 740 2045 808 gate
2076 735 2159 789 illi
2198 759 2222 783 ››
2256 737 2502 793 Domino
2535 761 2561 786 «
2596 744 2831 795 sanctos
2860 741 3008 812 ejus.
3046 764 3073 790 »
3102 742 3373 799 Ofﬁcium
3402 746 3561 801 enim

1916 824 2256 895 angelorum
2291 826 2418 893 erit,
2453 827 2684 883 realiter
2714 846 3063 902 congregare
3084 831 3272 901 judici
3304 838 3561 904 sanctos,

1915 916 1972 966 et
2003 912 2188 967 malos
2221 913 2279 967 in
2314 918 2607 969 tormenta
2637 916 2950 984 dimittere,
2985 918 3381 997 determinans
3413 939 3560 995 quos

1913 1004 2078 1055 vocet
2104 1005 2359 1072 sanctos,
2392 1001 2527 1058 illos
2572 1003 2796 1059 scilicet
2845 1028 2873 1054 «
2906 1005 3004 1078 qui
3056 1008 3329 1065 ordinant
3380 1014 3558 1068 testa-

1914 1093 2180 1145 mentum
2214 1091 2343 1161 ejus
2375 1108 2553 1164 super
2582 1092 2889 1159 sacriﬁcia,
2928 1116 2954 1143 »
3008 1094 3066 1149 id
3116 1099 3223 1165 est,
3256 1096 3356 1169 qui
3403 1101 3562 1171 post-

1914 1178 2122 1251 positis
2172 1177 2460 1251 legalibus
2508 1180 2821 1249 institutis,
2856 1181 2956 1253 qui
3010 1185 3100 1239 est
3146 1189 3341 1241 rectus
3392 1187 3553 1256 ordo,

1913 1266 2136 1323 Novum
2169 1268 2614 1324 Testamentum
2646 1273 2997 1343 sequuntur.

1983 1354 2347 1427 Congrehate
2376 1360 2611 1412 sanctos
2643 1380 2671 1405 ‹‹
2706 1361 2763 1413 et
2792 1380 2818 1405 »
2847 1357 2929 1413 illi
2964 1380 2991 1410 ‹‹
3014 1358 3185 1415 coeli»
3221 1361 3558 1435 congregati

1914 1465 1942 1492 «
1977 1442 2731 1515 annuntiabuntjustitiam
2762 1448 2891 1519 ejus
2925 1469 2951 1496 ››
2984 1464 3220 1521 semper
3267 1448 3562 1508 laudando

1912 1532 2097 1588 Deum
2133 1548 2147 1587 :
2200 1530 2329 1587 ideo
2378 1554 2406 1581 «
2441 1533 2720 1605 quoniam
2754 1556 2782 1583 »
2833 1533 2929 1591 ille
2983 1558 3011 1587 «
3042 1537 3197 1594 Deus
3231 1537 3436 1609 justus
3459 1540 3561 1611 ju-

1913 1621 2023 1677 dex
2056 1642 2084 1670 »
2120 1623 2228 1687 est,
2264 1625 2363 1692 qui
2388 1620 2609 1691 justos,
2635 1621 2737 1694 qui
2770 1621 2828 1678 in
2860 1622 2971 1680 hac
3016 1623 3135 1681 vita
3178 1626 3413 1684 fuerant
3450 1628 3561 1684 tri-

1913 1708 2122 1778 bulati,
2155 1725 2189 1764 a
2218 1708 2389 1765 malis
2421 1715 2676 1782 separat.

1982 1798 2088 1853 Hic
2117 1796 2325 1870 incipit
2355 1798 2425 1853 de
2456 1800 2714 1855 secunda
2743 1804 2927 1873 parte.
2960 1800 3335 1861 Continuatio
3368 1820 3383 1861 :
3416 1804 3557 1863 Dico

1989 1845 2086 1853 ...ν
2117 1845 2324 1870 -.η-ι.--
2358 1845 2424 1853 ..ν
2456 1845 2714 1855 ,ηπ-η
2743 1845 2927 1873 μην.
2963 1845 3335 1861 w...............
3370 1847 3383 1861 .
3417 1845 3555 1863 υιυυ

1832 1845 1880 1911 Β
1910 1885 2197 1942 Dominus
2227 1885 2479 1957 locutus,
2512 1891 2572 1943 et
2610 1889 2738 1960 jam
2770 1888 2891 1945 haec
2938 1889 3160 1948 scilicet
3189 1915 3218 1942 «
3248 1893 3422 1964 Audi,
3453 1911 3555 1967 po-

1908 1975 2085 2048 pulus
2135 1992 2326 2044 meus,
2362 1998 2390 2024 »
2438 1976 2494 2031 id
2544 1981 2656 2049 est,
2697 1977 3011 2051 diligenter
3054 1980 3341 2055 intelligo,
3377 2007 3406 2034 «
3438 1988 3497 2041 et
3525 2007 3555 2034 »

1907 2069 2050 2121 tunc
2099 2088 2126 2115 «
2161 2064 2370 2137 loquar
2412 2064 2542 2135 tibi,
2579 2087 2607 2115 »
2639 2066 2698 2122 id
2745 2072 2856 2139 est,
2889 2070 3279 2142 comprobabo
3315 2071 3425 2128 tibi
3454 2090 3560 2146 per

1908 2152 2310 2209 testimonium
2366 2153 2806 2228 prophetarum,
2855 2156 2966 2214 hoc
3021 2158 3290 2217 scilicet:
3349 2184 3378 2213 «
3438 2161 3558 2235 Ego

1908 2260 2066 2310 sum,
2101 2266 2128 2293 υ
2160 2242 2219 2299 id
2251 2248 2361 2312 est,
2392 2260 2595 2299 verum
2628 2261 2755 2301 esse
2786 2245 3038 2316 habeo,«
3070 2248 3225 2307 Deus
3254 2272 3283 2301 »
3316 2250 3555 2323 quidem

1907 2332 2196 2398 omnium,
2229 2355 2256 2382 ‹‹
2292 2336 2432 2388 tuus
2462 2332 2617 2389 Deus
2649 2333 2975 2391 familiaris.
3011 2360 3039 2386 ››

1977 2421 2046 2475 Et
2073 2437 2177 2493 ego
2209 2443 2237 2470 ‹‹
2263 2438 2378 2477 non
2401 2438 2645 2495 arguam
2667 2427 2723 2478 te
2745 2447 2772 2472 ››
2803 2424 3078 2499 deinceps
3111 2426 3170 2482 in
3203 2449 3231 2477 «
3252 2427 3556 2485 sacriﬁciis

1907 2510 2046 2566 tuis.
2081 2532 2109 2559 ››
2142 2509 2202 2565 Si
2233 2527 2350 2566 non
2382 2512 2589 2567 oﬁ'eras
2620 2512 2907 2569 sacriﬁcia
2938 2514 3216 2585 carnalia,
3235 2532 3351 2573 non
3374 2516 3555 2574 oﬁ'en-

1907 2599 2032 2667 das,
2090 2598 2430 2655 holocausta
2487 2604 2685 2655 autem
2735 2622 2765 2649 «
2813 2618 2929 2657 non
2985 2602 3326 2674 vitulorum,
3375 2627 3403 2655 »
3451 2606 3553 2662 sed

1907 2691 2088 2755 «tua,
2126 2709 2153 2735 ››
2187 2686 2243 2741 id
2293 2690 2401 2757 est,
2435 2704 2562 2759 quae
2613 2688 2673 2743 in
2721 2691 2777 2742 te
2827 2693 2986 2757 sunt,
3037 2690 3259 2746 scilicet
3305 2692 3552 2764 spiritus

1905 2774 2354 2844 contribulatus,
2390 2798 2416 2825 ‹‹
2452 2792 2682 2847 semper
2711 2780 2850 2831 sunt
2881 2777 2939 2832 in
2985 2782 3302 2852 conspectu
3334 2795 3484 2837 meo.
3520 2804 3549 2830 η
3586 2796 3591 2801 ’

1977 2864 2117 2920 Dico
2150 2881 2263 2920 non
2299 2880 2566 2936 arguam,
2591 2864 2728 2935 quia
2754 2887 2781 2913 α
2817 2881 2931 2920 non
2962 2865 3266 2939 accipiam,
3290 2889 3318 2916 ››
3348 2867 3406 2923 id
3437 2872 3545 2938 est,

1907 2971 2022 3009 non
2052 2953 2238 3010 habeo
2269 2955 2466 3025 gratos
2500 2975 2528 3001 ‹‹
2561 2950 2773 3008 vitulos
2806 2975 2834 3001 »
2867 2953 3057 3010 cordis
3105 2955 3248 3027 quin
3277 2955 3548 3014 immoles

1906 3043 2051 3099 mihi
2084 3040 2444 3115 superbiam,
2475 3039 2719 3110 scilicet,
2749 3064 2776 3091 «
2811 3042 2883 3098 de
2922 3043 3094 3099 domo
3142 3047 3263 3116 tua,
3300 3068 3329 3095 ››
3362 3061 3550 3119 neque

142 3138 304 3191 tenus
361 3132 602 3190 locutus
649 3132 761 3188 iuit
806 3133 866 3187 in
911 3131 1233 3206 prophetis,
1284 3134 1455 3190 modo
1504 3155 1532 3185 «
1564 3132 1795 3189 locutus
1906 3132 2189 3204 accipiam
2223 3154 2249 3180 ‹‹
2285 3129 2480 3185 hircos
2516 3152 2542 3178 ››
2576 3146 2691 3185 non
2723 3130 2852 3187 dico
2878 3131 3248 3205 cordis,quin
3280 3132 3550 3192 immoles

145 3229 223 3278 est
249 3247 278 3274 ››
312 3225 386 3279 in
416 3221 656 3295 propria
686 3237 957 3294 persona,
995 3245 1023 3273 α
1054 3227 1112 3277 et
1138 3223 1361 3278 vocavit
1410 3227 1623 3279 terram
1658 3245 1685 3273 »
1722 3223 1794 3279 ad
1826 3212 1867 3281 C
1908 3222 2116 3276 fetidos
2178 3223 2374 3275 motus
2439 3218 2725 3287 libidinis,
2781 3218 3018 3290 scilicet,
3070 3244 3097 3271 ι(
3150 3222 3221 3278 de
3275 3223 3552 3297 gregibus

144 3328 199 3367 sc
226 3310 627 3368 audiendum.

206 3400 455 3458 Vocavit
502 3404 742 3467 terram,
778 3400 1107 3456 universam
1158 3399 1397 3469 scilicet,
1441 3405 1499 3457 et
1548 3400 1655 3456 hoc
1706 3405 1796 3457 est

146 3508 231 3546 ua
258 3490 416 3548 solis
448 3494 582 3546 ortu
627 3505 815 3561 usque
864 3491 936 3545 ad
987 3505 1259 3546 occasum
1296 3507 1307 3543 :
1363 3513 1390 3541 »
1444 3491 1795 3546 determinat

140 3578 306 3636 etiam
338 3579 552 3634 locum
581 3577 640 3633 in
670 3595 783 3650 quo
814 3578 1046 3635 locutus
1076 3596 1307 3647 es,cum
1342 3578 1498 3647 dicit,
1527 3602 1553 3630 ‹‹
1587 3585 1643 3635 et
1663 3597 1792 3653 spe-

135 3668 247 3725 cies
296 3666 543 3725 decoris
592 3668 742 3739 ejus,
778 3689 805 3718 »
850 3666 909 3723 id
959 3672 1049 3724 est
1095 3667 1395 3740 speciosus
1444 3668 1617 3723 decor
1665 3671 1793 3740 ejus

137 3756 369 3814 Domini
401 3761 503 3815 est
529 3779 558 3807 (ι
590 3773 661 3812 cx
689 3755 849 3813 Sion.
881 3778 911 3807 ››
946 3756 1110 3813 Unde
1140 3757 1452 3830 propheta:
1481 3781 1507 3808 «
1543 3757 1623 3814 De
1653 3758 1792 3815 Sion

132 3847 307 3903 exibit
332 3847 456 3913 lex,
492 3850 551 3902 et
576 3846 820 3901 verbum
852 3846 924 3901 de
958 3845 1321 3902 Hierusalem
1354 3869 1382 3896 »
1414 3847 1564 3920 (lsai.
1598 3850 1682 3916 ιι).

197 3935 343 3992 Dico
374 3936 543 3993 Deus
571 3933 806 3995 locutus
834 3938 947 4003 est,
978 3938 1036 3990 et
1067 3933 1166 3989 ille
1196 3934 1351 3990 idem
1382 3957 1410 3985 «
1445 3936 1598 3991 Deus
1630 3957 1656 3986 »
1691 3935 1791 4008 qui

130 4022 454 4097 aliquando
488 4022 758 4078 occultus
806 4021 935 4091 fuit,
970 4023 1109 4095 quia
1158 4022 1441 4079 Divinitas
1485 4023 1703 4079 latebat
1732 4025 1789 4079 in

130 4110 532 4181 humanitate,
570 4134 600 4163 ‹‹
632 4112 939 4169 manifeste
960 4112 1152 4169 veniet
1185 4136 1213 4162 »
1245 4113 1302 4168 in
1326 4113 1572 4183 judicio,
1605 4114 1703 4169 sed
1737 4117 1794 4169 et

130 4200 223 4257 ille
255 4224 285 4252 κ
318 4202 489 4259 Deus
522 4205 724 4258 noster
754 4224 784 4251 ››
814 4205 1079 4258 nostram
1096 4200 1523 4258 humanitatem
1544 4201 1788 4271 habens,

128 4292 265 4347 tunc
300 4313 334 4342 «ι
369 4308 498 4348 non
531 4287 732 4347 silebit
761 4311 790 4341 »
823 4294 957 4347 ante
988 4290 1276 4346 Herodem
1304 4294 1361 4345 et
1392 4289 1663 4359 Pilatum,
1688 4290 1789 4346 sed

128 4378 471 4455 increpabit
499 4396 985 4453 unumquemque
1016 4380 1087 4437 de
1130 4380 1382 4452 peccatis
1417 4396 1429 4435 :
1463 4384 1520 4436 et
1566 4378 1662 4436 hic
1689 4396 1790 4435 no-

123 4471 282 4525 tatur
298 4469 591 4527 intentio.

188 4558 260 4614 Et
287 4563 448 4615 tunc
480 4581 512 4609 «
545 4558 882 4615 exardescet
910 4556 1067 4631 ignis
1109 4557 1169 4613 in
1219 4560 1532 4629 conspectu
1582 4558 1731 4629 ejus,
1760 4579 1788 4608 ι)
1824 4586 1871 4652 D

1906 3309 2044 3367 tuis.
2083 3333 2109 3357 »
2140 3309 2267 3364 Non
2302 3307 2583 3381 accipiam
2616 3308 2764 3377 ideo,
2800 3309 2938 3382 quia
2969 3327 3110 3366 mea:
3163 3316 3303 3368 sunt
3347 3330 3552 3371 omnes

1906 3401 2037 3455 fora:
2070 3398 2365 3472 sylvarum
2399 3421 2426 3447 ››
2459 3396 2681 3454 scilicet
2720 3415 2862 3454 meae
2912 3401 3237 3472 potestatis,
3272 3405 3328 3459 et
3375 3404 3551 3461 etiam

1904 3489 2200 3544 indomitae
2234 3488 2365 3544 ferae
2398 3504 2539 3544 meae
2571 3490 2729 3555 sunt,
2762 3493 2819 3543 et
2848 3488 2969 3544 haac
3001 3511 3029 3539 «
3052 3490 3325 3560 jumenta
3355 3514 3384 3541 ››
3416 3509 3550 3565 pas-

1903 3578 2093 3634 centia
2116 3601 2143 3626 «
2180 3578 2239 3632 in
2274 3575 2594 3644 montibus,
2630 3580 2687 3630 et
2718 3577 2912 3646 boves,
2950 3600 2977 3626 ›ι
3009 3578 3067 3632 id
3118 3583 3227 3650 est,
3259 3578 3550 3637 indomita

1903 3666 2182 3723 animalia
2207 3670 2345 3721 sunt
2374 3681 2523 3720 mea.
2558 3665 2665 3720 Per
2694 3664 2981 3722 indomita
3010 3666 3289 3724 animalia
3316 3668 3550 3740 signan-

1903 3762 2001 3813 tur
2029 3755 2294 3829 gentiles,
2329 3753 2429 3827 qui
2468 3753 2656 3826 legem
2706 3771 2821 3808 non
2869 3753 3199 3823 habebant;
3233 3771 3338 3826 per
3379 3756 3546 3811 indo-

1901 3845 2068 3913 mita,
2100 3843 2307 3912 Judai,
2354 3842 2453 3915 qui
2502 3842 2613 3897 sub
2653 3843 2800 3915 jugo
2844 3841 2990 3914 legis
3042 3842 3410 3913 tenebantur,
3442 3844 3546 3901 sed

1901 3933 2011 3990 hoc
2041 3949 2156 3989 non
2188 3931 2365 3986 habet
2403 3929 2497 3985 hic
2548 3928 2763 3986 locum.
2796 3930 2922 3984 Non
2967 3933 3197 3986 tantum
3246 3932 3549 3990 terrestria
3596 4008 3599 4009 ν

1902 4020 2201 4090 animalia,
2235 4021 2336 4077 sed
2379 4020 2555 4075 etiam
2608 4042 2635 4069 «
2667 4018 2925 4076 volatilia
2971 4020 3097 4076 coeli
3146 4021 3386 4095 cognovi
3420 4044 3447 4072 ››
3481 4026 3549 4081 ut

1902 4129 2050 4179 mea,
2086 4134 2112 4161 ‹‹
2144 4115 2201 4179 et
2228 4108 2602 4182 pulchritudo
2654 4110 2777 4183 agri
2826 4126 3058 4166 mecum
3106 4115 3216 4179 est,
3254 4134 3281 4160 ι»
3329 4110 3386 4167 id
3435 4116 3544 4183 est,

1901 4200 2095 4257 omnis
2129 4201 2353 4255 fructus
2383 4204 2550 4255 terrae
2583 4199 2640 4253 in
2676 4215 2807 4254 mea
2834 4202 2924 4255 est
2953 4204 3258 4272 potestate.

1972 4291 2041 4346 Et
2061 4289 2189 4347 ideo
2221 4288 2333 4345 «‘si
2364 4288 2643 4359 esuriero,
2684 4311 2710 4337 ››
2743 4288 2897 4361 quod
2937 4292 3133 4345 tamen
3183 4290 3547 4364 impossibile

1901 4384 2010 4449 est,
2046 4403 2074 4430 «
2109 4396 2225 4436 non
2256 4377 2449 4435 dicam
2480 4378 2609 4447 tibi,
2644 4378 2809 4434 Meus
2836 4382 2926 4434 est
2966 4378 3123 4435 enim
3155 4379 3313 4437 orbis
3354 4384 3545 4452 terras,

1901 4473 1960 4526 et
1990 4468 2292 4542 plenitudo
2323 4467 2473 4540 ejus.
2508 4489 2537 4517 »

1972 4557 2112 4614 Dico
2143 4581 2170 4607 ‹‹
2205 4557 2253 4614 si
2302 4555 2584 4622 esuriero,
2620 4578 2647 4605 ››
2680 4557 2780 4613 sed
2827 4572 3131 4629 nunquam
3178 4554 3457 4628 esuriam,
3490 4561 3548 4615 et

118 4648 419 4719 precedet
447 4646 613 4703 enim
670 4645 993 4703 materialis
1036 4646 1192 4720 ignis
1236 4650 1367 4701 ante
1416 4650 1793 4718 conspectum
1824 4644 1864 4652 ”
1905 4648 2013 4704 hoc
2043 4651 2152 4715 est,
2188 4670 2215 4696 ‹‹
2249 4644 2518 4718 nunquid
2549 4646 2918 4702 manducabo
2967 4662 3172 4702 carnes
3218 4649 3545 4719 taurorum,

118 4736 243 4806 ejus
271 4736 587 4795 venientis
626 4735 699 4791 ad
742 4734 1061 4807 judicium,
1095 4734 1197 4807 qui
1252 4734 1536 4790 cremabit
1585 4734 1791 4791 faciem

114 4828 301 4895 terras,
339 4849 371 4877 α
405 4828 469 4881 et
501 4824 563 4880 in
594 4821 843 4879 circuitu
876 4824 1005 4895 ejus
1036 4826 1356 4895 tempestas
1404 4822 1614 4893 valida,
1660 4846 1689 4873 ››
1734 4824 1791 4879 id

116 4919 222 4981 est,
255 4914 469 4971 sancti
502 4913 717 4988 angeli,
739 4913 841 4987 qui
871 4914 931 4969 in
963 4913 1072 4970 hoc
1105 4917 1522 4987 comparantur
1548 4918 1793 4985 tempes

113 5002 238 5085 tati,
274 5004 440 5077 quia
470 5003 631 5060 sicut
660 5006 980 5075 tempestas
1010 5003 1203 5060 valida
1231 5002 1467 5075 projicit
1500 5002 1726 5076 paleam
1760 5021 1793 5060 a

114 5094 345 5163 granis,
384 5093 482 5149 sic
510 5092 600 5149 illi
632 5093 941 5166 projicient
969 5093 1155 5149 malos
1188 5111 1221 5149 a
1250 5093 1441 5148 bonis.

178 5181 251 5238 Et
280 5181 431 5256 ipse
462 5182 750 5239 Dominus
797 5181 1035 5239 veniens
1075 5205 1103 5233 «
1137 5181 1443 5238 advocabit
1494 5181 1725 5250 cmlum,
1760 5203 1789 5233 ››

110 5260 166 5324 id
208 5275 311 5327 est
363 5269 647 5326 cmlestes
695 5270 1008 5327 desursum
1059 5292 1088 5321 «
1123 5270 1194 5326 ad
1248 5286 1333 5340 se,
1368 5293 1394 5319 ››
1430 5269 1488 5325 id
1528 5274 1635 5338 est,
1666 5269 1791 5342 ipse

108 5359 364 5417 veniens
401 5358 730 5415 desursum
760 5358 1066 5416 advocabit
1093 5357 1377 5427 ccelestes,
1413 5382 1440 5407 ‹‹
1475 5361 1532 5413 et
1564 5380 1591 5407 ››
1622 5375 1789 5414 voca-

106 5447 189 5503 bit
216 5473 249 5500 ‹‹
290 5453 537 5508 terram
569 5471 599 5499 »
631 5464 749 5505 non
788 5448 862 5506 ad
912 5465 995 5518 se,
1029 5448 1129 5505 sed
1164 5473 1192 5498 ‹‹
1227 5448 1555 5504 discernere
1602 5464 1790 5520 popu-

104 5533 227 5595 lum
260 5552 500 5607 suum,
532 5560 561 5589 »
594 5537 654 5594 id
684 5541 794 5609 est,
827 5538 900 5597 ad
939 5536 1071 5610 hoc,
1105 5539 1171 5594 ut
1222 5536 1560 5594 discernant
1605 5552 1789 5611 popu-

105 5625 226 5690 lum
260 5641 481 5696 suum
508 5644 544 5691 a
573 5625 767 5689 malis.

1904 4741 2007 4793 aut
2034 4736 2383 4809 sanguinem
2416 4734 2711 4791 hircorum
2745 4735 3004 4809 potabo?
3037 4759 3064 4785 ››
3095 4735 3201 4792 Hic
3239 4737 3549 4795 manifeste

1904 4825 2217 4882 stultitiam
2272 4840 2475 4879 eorum
2527 4823 2923 4896 reprehendit,
2956 4826 3056 4897 qui
3089 4826 3378 4898 putabant
3412 4842 3546 4882 eum

1902 4916 2226 4985 comedere,
2260 4912 2348 4969 vel
2383 4916 2582 4984 potare
2612 4914 2962 4987 sanguinem
2993 4914 3359 4972 animalium.

1973 5001 2356 5068 Determinat,
2386 5002 2540 5074 quod
2573 5002 2982 5059 holocaustum
3013 5004 3071 5058 in
3104 5006 3415 5076 conspectu
3440 5019 3546 5060 suo

1903 5091 2173 5165 superius
2204 5107 2333 5147 esse
2366 5092 2611 5147 dixerat.
2664 5092 2793 5147 Hac
2839 5092 3049 5165 legalia
3097 5089 3384 5147 sacriﬁcia
3429 5090 3546 5148 noli

1902 5183 2125 5249 otl'erre,
2161 5181 2262 5237 sed
2295 5180 2490 5252 potius
2521 5204 2549 5230 «
2584 5180 2827 5237 immola
2856 5181 2973 5237 Deo
3019 5179 3370 5236 sacriﬁcium
3418 5179 3544 5237 lau-
3595 5184 3599 5188 ’

1900 5271 2011 5342 dis,
2049 5295 2075 5319 ››
2104 5271 2158 5325 id
2192 5273 2302 5338 est,
2332 5269 2509 5325 lauda
2539 5270 2722 5325 Deum
2755 5274 2924 5324 tuum
2952 5269 3053 5337 ita,
3088 5268 3243 5340 quod
3288 5266 3417 5325 laus
3443 5272 3546 5327 tua

1900 5359 1976 5416 sit
2006 5360 2057 5415 ei
2090 5358 2444 5416 sacriﬁcium
2476 5357 2766 5426 laudis,id
2799 5361 2905 5426 est,
2929 5355 3170 5413 immola
3184 5357 3440 5430 teipsum
3463 5374 3548 5414 se-

1898 5449 2158 5505 cundum
2207 5446 2538 5513 libidinem,
2586 5444 2901 5514 luxuriam,
2956 5444 3318 5519 superbiam,
3359 5446 3546 5503 avari-

1897 5538 2063 5607 tiam,
2097 5542 2232 5605 etc.,
2268 5534 2406 5610 quia
2435 5550 2551 5590 non
2582 5538 2675 5590 est
2703 5533 2969 5608 speciosa
2997 5533 3128 5592 laus
3157 5534 3219 5593 in
3267 5550 3366 5593 ore
3413 5551 3550 5610 pec-
3622 5554 3627 5557 ·

1899 5626 2135 5704 ceteris,
2169 5621 2414 5685 immola
2443 5621 2705 5701 laudem,
2725 5627 2783 5686 et
2813 5622 2922 5687 hoc
2953 5623 3279 5701 assidue,et
3299 5624 3409 5688 hoc
3429 5628 3548 5692 est:
