4080 6180
453 331 567 396 367
819 329 1222 392 HAYMONIS
1267 329 1808 392 HALBERSTA'I‘.
1858 329 2104 392 EPISG.
2151 330 2322 392 OPP.
2373 329 2571 391 PARS
2616 329 2664 389 Ι.
2709 362 2788 372 -
2830 326 3240 390 COMMENT.
3285 327 3480 388 BIBL.
3726 326 3836 388 368

449 485 478 514 ‹‹
511 465 570 518 et
595 461 771 518 redde
798 460 1098 517 Altissimo
1128 463 1263 518 vota
1292 462 1414 531 tua,
1451 482 1478 508 »
1511 459 1570 514 id
1601 464 1689 516 est
1719 461 1940 528 devote,
1960 459 2088 516 etsi
2117 463 2173 528 Α
2207 464 2444 532 peccata
2473 464 2575 516 tua
2603 459 2820 530 videas,
2853 476 2980 530 quae
3012 463 3076 515 tu
3101 459 3279 515 modo
3304 457 3836 532 non.attendis,per

450 552 624 607 modo
655 568 771 607 non
803 551 1020 622 poteris
1053 549 1317 622 implere,
1348 549 1523 604 redde
1554 550 1787 621 quando
1819 551 2056 621 poteris.
2206 549 2397 606 simile
2428 550 2592 620 dicit,
2626 550 2764 622 quia
2813 549 2966 606 sicut
3014 548 3230 623 aliquis
3279 566 3402 604 rem
3448 565 3624 620 quam
3672 547 3840 604 habet.

521 663 550 691 «
581 639 652 696 Et
686 662 713 689 ››
743 643 883 695 tunc
915 663 942 690 «
974 639 1179 695 invoca
1208 655 1301 694 me
1332 638 1393 693 in
1425 638 1517 694 die
1546 637 1965 708 tribulationis,
1985 662 2012 688 »
2036 638 2096 694 id
2205 644 2340 696 ante
2371 639 2571 696 oculos
2601 638 2907 695 manifeste
2931 639 3110 711 videt,
3141 638 3226 706 sic
3252 637 3310 694 in
3341 637 3434 694 die
3452 637 3662 710 judicii
3685 637 3838 711 quis-

449 732 560 800 est,
618 727 679 784 in
738 732 1000 802 tempore
1057 727 1234 785 istius
1292 727 1597 801 prmsentis
1664 728 1818 795 vitae,
1871 732 1924 784 et
1991 744 2095 801 ego
2206 745 2320 800 que
2349 733 2585 801 peccata
2611 745 2721 784 sua
2749 727 3058 784 manifeste
3089 732 3421 800 cognoscet.

450 840 478 868 ‹‹
512 833 712 874 eruam
742 820 800 873 te
823 839 853 866 ››
884 835 918 874 a
947 816 1342 885 tribulatione,
1363 835 1478 873 non
1510 817 1664 889 quod
1686 834 1720 873 a
1747 833 2096 889 quacunque
2276 816 2392 872 Vos
2440 815 2616 872 etiam
2666 839 2693 866 ‹‹
2727 816 2828 888 qui
2880 813 3296 871 obliviscimini
3342 814 3548 883 Deum,
3587 835 3614 864 ››
3645 812 3704 870 id
3734 817 3837 883 est,

448 903 826 963 tribulatione
855 910 1022 963 eruat
1051 905 1307 976 fidelem,
1340 906 1442 962 sed
1472 906 1543 962 ab
1575 905 1676 961 illa
1696 905 2093 974 tribulatione,
2206 904 2306 978 qui
2354 904 2540 960 Deum
2590 903 2650 958 in
2701 903 2986 960 memoria
3031 920 3148 959 non
3199 901 3452 972 habetis,
3483 925 3510 953 α
3547 901 3842 976 intelligite

452 993 554 1070 ubi
599 1011 804 1053 verum
855 995 994 1052 boni
1040 999 1131 1053 est
1178 996 1483 1063 damnum,
1536 1019 1563 1045 «
1597 999 1653 1051 et
1687 1018 1714 1044 ››
1767 999 1829 1051 tu
1861 999 2096 1066 ereptus
2205 993 2357 1060 dico,
2408 993 2779 1064 «nequando
2828 993 3042 1065 rapit»
3093 1009 3194 1048 vos
3245 991 3316 1048 ad
3364 1008 3618 1064 poenam,
3669 997 3840 1049 «et»

449 1107 480 1136 «
514 1083 930 1143 honorificabis
978 1101 1072 1142 me
1105 1107 1133 1134 ››
1182 1085 1367 1142 Deum
1414 1083 1732 1141 laudando.
1767 1084 1911 1140 Cum
1961 1100 2095 1140 eum
2204 1086 2346 1139 tunc
2376 1104 2405 1132 «
2442 1099 2559 1138 non
2591 1080 2668 1138 sit
2697 1079 2799 1154 qui
2825 1081 3056 1153 eripiat.

451 1173 550 1232 alii
580 1173 664 1232 ita
694 1177 959 1247 ereptum
989 1173 1208 1242 vident,
1241 1173 1428 1231 Deum
1456 1174 1550 1231 sui
1579 1173 1727 1246 justi
1773 1179 2094 1246 ereptorem
2278 1171 2408 1228 Haec
2465 1169 2796 1244 intelligite,
2845 1173 2915 1227 et
2965 1171 3166 1228 otl'erte
3213 1169 3356 1228 mihi
3418 1194 3446 1222 ιι
3493 1170 3842 1228 sacriﬁcium

448 1259 805 1321 cellaudant.
2205 1260 2418 1330 laudis,
2452 1283 2479 1310 »
2513 1260 2570 1316 id
2605 1265 2694 1316 est
2723 1259 3000 1333 spiritum
3030 1259 3512 1330 contribulatum,
3536 1260 3675 1333 quia
3702 1260 3843 1323 illud

522 1351 736 1425 Incipit
763 1352 936 1410 tertia
965 1369 1123 1426 pars,
1156 1356 1211 1408 et
1242 1353 1395 1409 sicut
1443 1354 1749 1426 Synagoga
1795 1352 2094 1410 Christum
2205 1349 2559 1406 sacriﬁcium
2591 1372 2619 1398 ‹‹
2654 1348 3063 1405 honoriﬁcabit
3091 1365 3205 1418 me,
3235 1354 3292 1405 et
3319 1348 3458 1419 illic,
3495 1371 3524 1398 »
3557 1350 3614 1405 id
3647 1354 3758 1419 est,
3790 1350 3846 1412 in

448 1441 679 1520 induxit
706 1441 1044 1514 loquentem
1077 1441 1322 1513 suis,sic
1343 1441 1517 1497 etiam
1545 1442 1851 1515 Synagoga
1872 1442 2098 1497 inducit
2205 1439 2304 1495 illo
2337 1439 2621 1495 sacrificio
2660 1445 2751 1494 est
2791 1462 2819 1488 «
2853 1438 2980 1506 iter,
3015 1455 3128 1510 quo
3165 1461 3192 1488 ››
3225 1439 3432 1496 itinere
3459 1456 3566 1513 ego
3593 1463 3620 1490 «
3655 1445 3844 1497 osten-

447 1531 633 1590 Deum
687 1529 1022 1604 loquentem
1082 1531 1394 1604 peccatori.
1449 1531 1866 1587 Continuatio:
1919 1531 2096 1599 Quasi
2204 1529 2362 1598 dam,
2397 1528 2542 1584 illi»
2581 1528 2845 1586 offerenti
2895 1552 2924 1580 «
2957 1529 3236 1598 salutare,
3273 1551 3300 1578 ››
3332 1529 3392 1585 id
3438 1533 3530 1588 est
3577 1529 3848 1594 salvatio-

447 1620 666 1678 diceret
693 1620 999 1694 Synagoga
1031 1637 1045 1675 :
1081 1620 1212 1676 Ilaec
1241 1619 1384 1676 dixit
1414 1621 1569 1677 Deus
1591 1620 1794 1692 justis,
1827 1644 1856 1670 ‹‹
1890 1637 2097 1693 pecca-
2205 1635 2340 1675 nem
2363 1642 2390 1669 α
2428 1618 2551 1674 Dei.
2580 1641 2607 1668 ››

447 1707 559 1767 tori
592 1712 788 1802 autem
820 1708 966 1802 dixit
1000 1731 1027 1758 »
1059 1709 1180 1764 haec
1194 1731 1243 1802 _«
1274 1709 1450 1802 Deus,
1485 1712 1672 1802 Quare
1719 1714 1784 1765 tu
1815 1713 2098 1802 peccator
2739 1745 2809 1800 IN
2862 1744 3211 1802 pSALMUM
3251 1745 3314 1801 ι,

447 1812 687 1855 enarras
710 1797 977 1870 justitias
1009 1798 1218 1855 meas?
1250 1821 1278 1848 ››
1313 1799 1383 1854 de
1410 1798 1698 1855 creatione
1728 1798 1854 1855 ouili
1891 1804 1946 1854 et
1977 1804 2095 1855 ter-

451 1850 682 1855 -_____-
710 1850 974 1870 υ---------
1010 1850 1208 1855 -------
1319 1850 1379 1854 _-
1416 1850 1694 1855 ----------
1733 1850 1854 1855 -πη
1897 1850 1946 1854 --
1983 1850 2053 1855 ---

448 1904 544 1958 rte,
579 1910 607 1939 (ι
642 1893 700 1945 et
729 1886 983 1959 assumis
1012 1891 1431 1945 testamentum
1463 1905 1681 1956 meum,
1714 1911 1742 1939 »
1777 1887 1834 1942 id
1883 1891 1973 1944 est
2001 1904 2094 1944 ve-

2274 1869 2767 1959 TULUS;'I1t.ﬁ7wm
2812 1870 3056 1959 psalmus
3103 1869 3294 1959 David,
3325 1869 3556 1959 quando‘
3588 1872 3766 1959 cepit“
3787 1870 3850 1927 ad

2274 1958 2399 2014 eum
2453 1941 2677 1999 Nathan
2731 1941 3013 2014 prepheta,
3065 1941 3278 2014 quando
3327 1941 3556 1999 intravit
3600 1941 3672 1998 ad
3717 1943 3849 2000 Ber-

445 1980 627 2034 terem
659 1975 868 2049 legem,
903 1975 1022 2033 sive
1055 1993 1264 2034 novam
1301 2000 1322 2028 α
1357 1993 1460 2050 per
1487 1994 1552 2034 os
1582 1981 1751 2034 tuum
1785 1999 1814 2026 ››
1850 1980 1913 2032 ut
1951 1977 2094 2034 alios

2274 1975 2399 1997 υωιη

2274 2012 2448 2069 sabec.

446 2065 583 2122 inde
613 2064 822 2122 doceas
842 2064 870 2120 ?
901 2067 1046 2122 Cum
1078 2064 1220 2122 dicit
1247 2067 1525 2135 assumis,
1557 2070 1720 2122 notat
1751 2082 1873 2122 rem
1904 2065 2094 2138 ipsam

445 2169 562 2210 non
591 2170 720 2210 esse
747 2153 1125 2210 commissam
1159 2155 1470 2228 peecatori,
1503 2155 1604 2211 sed
1653 2154 1779 2227 ipse
1827 2158 2096 2226 peccator
2275 2178 2303 2205 ((
2337 2155 2611 2212 Miserere
2643 2156 2758 2212 mei
2790 2156 2965 2212 Deus.
3001 2177 3030 2206 ››
3063 2155 3321 2229 Legitur,
3337 2157 3492 2228 quod
3522 2172 3660 2214 cum
3678 2157 3854 2216 vidis-

443 2244 852 2317 presumendo
884 2243 1101 2316 ingerit
1127 2261 1208 2299 se.
2204 2248 2292 2300 set
2321 2244 2500 2299 David
2536 2262 2776 2300 uxorem
2799 2244 2946 2301 Uria:
2979 2245 3266 2302 Bersabee
3294 2245 3584 2303 lavantem
3623 2246 3684 2303 in
3704 2246 3853 2304 sola-

515 2333 960 2388 Testamentum
1013 2331 1253 2405 ingeris,
1289 2337 1493 2389 contra
1543 2349 1674 2389 vero
1723 2332 2002 2405 operai-is,
2037 2337 2096 2389 et
2204 2332 2288 2388 rio
2320 2349 2447 2400 suo,
2483 2332 2838 2406 complacuit
2866 2335 2942 2405 ei,
2973 2339 3032 2390 et
3061 2335 3364 2402 accedens,
3387 2353 3521 2393 cum
3543 2353 3612 2392 ea
3641 2352 3853 2393 conca-

445 2421 556 2479 hoo
581 2425 692 2491 est,
745 2444 772 2472 ‹‹
826 2426 890 2478 tu
939 2438 1072 2478 vero
1123 2421 1298 2478 odisti
1349 2421 1744 2494 disciplinam,
1802 2445 1830 2471 ››
1881 2422 1938 2477 id
1981 2427 2093 2492 est,
2203 2422 2332 2478 buit
2361 2423 2436 2490 (Il
2463 2423 2855 2495 Reg.:u).Quze
2886 2423 3428 2498 eumimpraignata
3452 2425 3852 2492 esset,timens

444 2510 862 2588 correctionem
893 2527 1108 2579 meam,
1141 2510 1280 2583 quia
1309 2510 1357 2566 si
1387 2510 1646 2582 aliquam
1677 2511 2093 2568 correctionem
2203 2527 2277 2567 ne
2307 2509 2664 2567 adulterium
2695 2513 3057 2584 proderetur,
3099 2512 3325 2568 vocavit
3370 2514 3443 2570 ab
3485 2512 3858 2585 expeditione

446 2599 552 2656 tibi
584 2599 738 2668 dedi,
763 2599 980 2656 invitus
1011 2598 1412 2667 sustinuisti,«
1448 2604 1506 2654 et
1537 2615 1836 2656 sermones
1859 2617 2040 2670 meos,
2060 2624 2089 2652 ››
2204 2599 2398 2656 Uriam
2427 2618 2440 2668 ;
2491 2600 2590 2656 ille
2639 2618 2906 2658 reversus
2955 2600 3146 2658 noluit
3173 2602 3378 2658 reverti
3410 2602 3481 2658 ad
3520 2600 3857 2660 thalamum

450 2689 511 2744 id
541 2692 630 2744 est
659 2693 950 2762 praecepta
979 2705 1109 2745 mea
1156 2711 1184 2739 «
1219 2688 1515 2761 projecisti
1564 2692 1884 2746 retrorsum
1917 2713 1945 2740 ››
1977 2708 2091 2747 non
2203 2689 2491 2762 conjugis,
2525 2691 2664 2746 dum
2698 2691 2788 2746 sui
2821 2689 2964 2747 socii
2993 2695 3192 2747 essent
3219 2690 3279 2745 in
3320 2689 3706 2762 expeditione.
3751 2692 3859 2750 Rc-

450 2777 824 2851 adimplendo
853 2794 941 2834 ea.
2149 2778 2367 2856 “misit
2396 2795 2530 2835 eum
2562 2779 2741 2836 David
2773 2780 2845 2836 ad
2882 2779 3030 2836 Joab
3077 2796 3212 2835 cum
3260 2778 3584 2852 litteris,.in
3629 2780 3857 2852 quibus

520 2867 861 2926 Sermonem
890 2867 1207 2941 projecisti,
1242 2889 1271 2919 ι(
1301 2872 1364 2923 et
1386 2867 1436 2924 si
1461 2869 1648 2924 furem
1675 2866 1934 2940 videbas,
1968 2884 2092 2924 cur-
2201 2867 2475 2941 prmeepit
2501 2869 2646 2927 Joab
2678 2868 2926 2941 principi
2957 2868 3178 2925 militiae
3208 2873 3442 2937 suae,ut.
3461 2867 3560 2924 ubi
3581 2869 3859 2928 fortiores

449 2957 621 3014 rebus
651 2974 787 3014 cum
816 2973 900 3014 eo.
939 2979 967 3007 ››
1001 2956 1145 3012 Cum
1176 2957 1303 3014 fure
1349 2957 1554 3026 currit,
1580 2957 1682 3029 qui
1736 2959 1958 3013 furtum
2003 2958 2088 3014 fa-
2201 2957 2536 3014 defensores
2579 2957 2832 3014 civitatis
2877 2961 3097 3025 essent,
3130 2974 3264 3014 eum
3314 2962 3574 3030 poneret,
3605 2962 3666 3015 et
3715 2974 3854 3016 cum

449 3045 698 3106 cientem
729 3063 847 3104 non
878 3045 1197 3120 redarguit,
1231 3050 1289 3101 et
1315 3045 1414 3117 qui
1448 3045 1758 3101 consentit.
1788 3046 1923 3100 Furi
1954 3063 2091 3102 con-
2201 3043 2392 3100 acrior
2406 3049 2561 3100 esset
2579 3043 3080 3114 assultus,omnes
3102 3044 3244 3102 socii
3266 3044 3464 3102 Uriam
3485 3045 3858 3105 dimitterent

447 3133 645 3204 sentit,
667 3135 759 3191 vel
788 3135 883 3191 cui
913 3136 1138 3192 furtum
1188 3133 1398 3207 placet,
1431 3133 1519 3190 vel
1567 3134 1689 3206 qui,
1721 3150 1856 3190 cum
1907 3135 2094 3207 possit
2201 3132 2419 3203 solum,
2449 3137 2506 3189 et
2534 3133 2620 3190 sic
2651 3133 3097 3204 interficeretur,
3131 3138 3192 3189 et
3221 3133 3305 3190 sic
3342 3139 3432 3192 est
3467 3134 3721 3204 factum,
3747 3134 3857 3195 fuit

447 3223 819 3296 redarguere,
869 3241 986 3282 non
1035 3222 1350 3296 redarguit,
1401 3245 1428 3274 ‹‹
1479 3227 1537 3279 et
1585 3240 1720 3279 cum
1767 3223 2089 3280 adulterina
2119 3219 2162 3287 C
2197 3218 2384 3294 igitur
2411 3221 2591 3278 David
2623 3221 2897 3278 adulterii
2928 3239 3062 3280 reus
3091 3228 3150 3280 et
3177 3222 3734 3281 homicidii.Volens
3755 3225 3858 3284 ita-

445 3311 772 3385 portionem
801 3315 965 3369 tuam
989 3312 1246 3384 ponebas
1271 3334 1298 3362 ››
1310 3311 1397 3370 vel
1427 3311 1690 3368 faciendo
1712 3311 2086 3382 adulterium,
2201 3327 2314 3383 que
2343 3311 2627 3368 Dominus
2659 3327 2928 3368 revocare
2958 3327 3193 3368 servum
3225 3328 3400 3368 suum
3425 3311 3653 3382 David,
3692 3313 3858 3372 misit

369 3399 372 3402 ’
444 3398 532 3456 vel
564 3399 980 3457 consentiendo
1013 3399 1314 3457 adulteris.
2199 3399 2272 3455 ad
2301 3416 2438 3456 eum
2468 3399 2698 3464 Nathan
2728 3400 3096 3473 prophetam,
3132 3400 3233 3473 qui
3277 3399 3337 3455 in
3388 3401 3646 3473 quadam
3681 3417 3856 3475 para-

515 3510 545 3540 ‹‹
578 3487 656 3546 Os
704 3487 883 3546 etiam
933 3492 1104 3544 tuum
1148 3489 1469 3546 abundavit
1517 3489 1763 3559 malitia,
1798 3511 1827 3540 ››
1867 3489 1926 3545 id
1978 3493 2088 3557 est,
2199 3487 2646 3560 bolajudicium
2677 3507 2712 3545 a
2743 3506 2876 3562 rege
2898 3494 3200 3562 quaereret.
3216 3489 3374 3546 Dixit
3394 3488 3595 3561 itaque
3614 3490 3855 3550 Nathan

444 3577 816 3636 abundanter
845 3577 1108 3636 locutum
1146 3583 1236 3636 est
1281 3578 1438 3636 mala
1482 3583 1704 3652 aperta,
1735 3602 1762 3630 ‹‹
1793 3583 1851 3636 et
1888 3578 2092 3652 lingua
2198 3577 2378 3634 David
2410 3577 2530 3651 regi
2562 3579 2666 3651 (III
2691 3579 2816 3651 Reg.
2849 3582 2951 3648 xu)
2983 3595 2997 3635 :
3030 3579 3134 3635 Dic
3180 3578 3347 3649 mihi,
3381 3596 3499 3646 rex,
3524 3579 3852 3651 judicium.

443 3670 548 3724 tua
595 3667 971 3726 concinnabit
1019 3666 1206 3726 dolos.
1255 3690 1283 3718 ››
1329 3668 1688 3724 Concinnare
1746 3668 1876 3725 ideo
1925 3668 2085 3738 dicit,
2197 3667 2447 3733 Quidam
2477 3668 2564 3723 vir
2594 3673 2737 3736 erat,
2772 3667 3114 3739 quimultas
3146 3683 3280 3729 oves
3305 3667 3579 3737 habebat,
3612 3673 3678 3724 et
3707 3670 3856 3726 vici-

443 3756 583 3830 quia
610 3756 696 3814 illi
727 3758 830 3833 qui
859 3758 1058 3816 dolose
1087 3757 1430 3831 loquuntur,
1456 3764 1664 3814 ornatu
1697 3759 1951 3816 maxime
1981 3777 2089 3816 sua
2197 3773 2340 3812 num
2371 3757 2470 3829 qui
2489 3755 2694 3812 habuit
2711 3757 3028 3828 quamdam
3058 3756 3343 3818 oviculam
3359 3761 3613 3827 tantum,
3628 3762 3694 3814 et
3715 3775 3855 3818 cum

439 3847 617 3905 verba
645 3853 1026 3922 componunt.
2197 3843 2281 3898 illi
2312 3845 2533 3916 potenti
2565 3845 3041 3918 supervenissent
3078 3845 3360 3919 hospites,
3394 3845 3582 3902 noluit
3613 3863 3693 3904 ne
3726 3846 3857 3906 suis

512 3937 617 3994 Hic
674 3937 877 3998 subdit
921 3938 994 3993 de
1057 3937 1430 3994 detractione.
1487 3936 1907 3993 Continuatio:
1959 3938 2085 3994 Non
2195 3933 2400 3990 ovibus
2431 3933 2688 4007 aliquam
2719 3935 3000 4008 accipere,
3024 3934 3316 3992 sedviciui
3339 3935 3431 3992 sui
3451 3934 3857 3996 oviculamru-

442 4027 676 4081 tantum
704 4025 808 4080 illa
836 4025 992 4081 mala
1021 4025 1275 4082 faciebas
1299 4026 1394 4082 his
1425 4026 1636 4094 modis,
1673 4027 1772 4082 sed
1805 4032 1861 4082 et
1889 4028 2085 4082 detra-
2195 4024 2340 4094 puit.
2373 4023 2668 4080 Judicavit
2699 4041 2816 4095 rex,
2850 4024 3005 4096 quod
3037 4023 3132 4080 hic
3161 4023 3298 4082 talis
3327 4029 3478 4082 esset
3499 4024 3665 4084 filius
3699 4043 3856 4085 mor-

441 4109 653 4180 ctione,
686 4116 743 4168 et
775 4111 886 4168 hoc
933 4116 1041 4182 est,
1075 4136 1103 4163 α
1135 4113 1472 4186 loquebaris
1517 4115 1797 4171 adversus
1846 4116 2084 4172 fratrem
2194 4112 2290 4180 tis,
2324 4112 2476 4169 Dixit
2500 4129 2636 4186 ergo
2665 4113 2717 4169 ei
2741 4112 2972 4169 Nathan
3006 4129 3019 4169 :
3056 4115 3144 4171 Tu
3176 4130 3238 4172 es
3266 4112 3384 4182 ille,
3410 4114 3524 4186 qui
3545 4130 3692 4174 cum
3745 4115 3856 4173 ha-

439 4202 686 4257 tuumm
705 4200 943 4256 fratrem
969 4205 1135 4257 vocat
1165 4201 1483 4274 quemlibet
1502 4192 1944 4272 hominem,nec
1967 4221 2082 4261 non
2192 4200 2359 4258 heres
2393 4201 2696 4275 sexaginta
2725 4218 2955 4273 uxores,
2989 4206 3047 4258 et
3075 4203 3435 4262 concubinas
3468 4208 3612 4276 quot
3641 4204 3852 4274 velles,

440 4287 696 4346 faciebas
724 4287 974 4357 horarie,
1007 4289 1109 4345 sed
1143 4312 1172 4339 ‹‹
1203 4290 1438 4357 sedens,
1474 4312 1502 4339 »
1534 4291 1593 4345 izl
1642 4294 1749 4360 est,
1783 4291 2078 4361 assiduus,
2192 4290 2441 4361 rapuisti
2473 4295 2668 4347 tamen
2701 4307 2940 4348 uxorem
2972 4291 3142 4359 Uria,
3174 4291 3275 4364 qui
3307 4308 3483 4352 unum
3511 4291 3855 4351 solam-ha-

438 4400 469 4429 ι(
502 4381 560 4434 et
588 4400 619 4429 »
648 4395 765 4435 non
793 4381 1027 4434 tantum
1075 4379 1358 4435 adversus
1408 4371 1573 4447 alios,
1607 4380 1708 4434 sed
1741 4402 1769 4430 ‹‹
1804 4380 2081 4438 adversus
2191 4378 2383 4436 bebat.
2420 4380 2497 4434 De
2527 4379 2637 4436 hac
2667 4397 2803 4453 ergo
2852 4379 3251 4437 admonitione
3291 4379 3484 4438 David!
3519 4397 3856 4454 compunc-

437 4465 628 4523 ﬁlium
657 4468 864 4525 matris
892 4471 1028 4536 tuae,
1065 4489 1093 4517 »
1144 4467 1201 4522 id
1248 4471 1337 4522 est
1382 4467 1721 4540 Synagogaz,
1762 4491 1790 4518 (ς
1825 4470 2081 4540 ponebas
2189 4470 2307 4536 tus,
2341 4467 2509 4540 empit
2537 4468 2834 4540 poenitere,
2869 4472 2927 4524 et
2955 4469 3026 4525 de
3057 4470 3308 4526 adventu
3333 4457 3579 4530 Nathan
3627 4471 3858 4530 titulus

436 4555 803 4627 scandalum,
855 4580 884 4607 »
935 4557 993 4614 id
1049 4560 1158 4626 est,
1210 4573 1644 4629 quamcumque
1701 4557 2079 4616 offensionem
2111 4591 2157 4656 Β
2192 4555 2551 4628 compositus
2600 4560 2708 4612 est.
2741 4556 2849 4623 Qui
2897 4557 2982 4614 sic
3031 4557 3391 4630 exponitur:
3426 4557 3703 4618 Psalmus
3739 4560 3858 4617 iste

437 4646 840 4718 persuadendo
871 4646 1162 4715 hazresim,
1195 4644 1282 4702 vel
1309 4645 1530 4718 aliquid
1560 4645 1693 4715 tale,
1728 4648 1882 4719 quod
1926 4665 1960 4704 a
1988 4649 2082 4705 via
2111 4644 2153 4656 ”’
2190 4645 2459 4700 convenit
2492 4645 2667 4701 David
2697 4645 3020 4718 pmnitenti,
3052 4647 3154 4718 qui
3182 4645 3277 4703 hic
3299 4647 3580 4721 loquitur,
3598 4647 3861 4707 habitus

434 4749 570 4790 vera
598 4735 876 4805 retrahat,
910 4758 937 4785 «
971 4735 1093 4792 hzec
1122 4758 1151 4785 ››
1183 4735 1381 4791 omnia
1412 4758 1439 4786 «
1474 4735 1682 4805 iecisti,
1715 4741 1772 4792 et
1801 4759 1830 4786 ››
1863 4754 1967 4810 ego
2000 4742 2082 4794 ta-
2188 4750 2323 4789 cum
2368 4732 2625 4790 venisset
2675 4735 2749 4790 ad
2797 4751 2933 4790 eum
2981 4734 3214 4791 Nathan
3266 4735 3569 4808 propheta,
3615 4753 3748 4794 non
3782 4738 3861 4795 de

435 4838 572 4880 men
605 4845 633 4873 ‹‹
664 4823 842 4893 tacui,
870 4845 896 4873 ››
930 4823 988 4880 id
1021 4828 1128 4893 est,
1161 4840 1296 4880 cum
1329 4824 1614 4896 patientia
1644 4828 1990 4900 exspectavi,
2015 4832 2081 4884 ut
2189 4839 2539 4896 quocunque
2569 4823 2825 4879 adventu
2846 4822 3216 4895 Nathan,sed
3249 4825 3554 4897 de-eo,qui
3572 4825 3690 4881 fuit
3707 4843 3858 4884 cum

433 4913 786 4986 quandoque
815 4912 1024 4970 saltem
1054 4913 1490 4970 convertereris.
2188 4911 2365 4966 David
2397 4910 2632 4966 intravit
2662 4912 2733 4966 ad
2758 4912 3062 4980 Bersabee,
3079 4913 3151 4969 de
3182 4929 3299 4985 quo
3326 4913 3570 4969 introitu
3601 4914 3861 4976 Nathan

503 5002 574 5059 Et
602 5001 713 5058 hac
746 5019 876 5058 mea
926 5001 1213 5076 patientia
1259 5001 1483 5059 abusus
1531 5020 1613 5074 es,
1648 5003 1787 5076 quia
1833 5005 2076 5077 putasti,
2188 4999 2472 5072 propheta
2498 4999 2869 5056 vehementer
2897 5017 3033 5057 eum
3072 5000 3416 5075 increpavit.
3451 5003 3704 5060 Materia
3762 5009 3864 5064 est

432 5090 588 5148 sicut
615 5091 688 5148 ad
717 5091 923 5148 horam
954 5097 1011 5148 te
1041 5091 1281 5165 impune
1311 5091 1702 5164 dimittebam,
1737 5097 1794 5148 et
1827 5093 1935 5151 hoc
1966 5098 2075 5163 est,
2189 5088 2366 5144 David
2395 5087 2703 5160 paenitens,
2737 5092 2794 5145 et
2820 5089 2987 5146 valde
3007 5089 3329 5147 humilians
3353 5107 3418 5147 se
3446 5095 3692 5164 propter
3717 5110 3866 5165 pec-

429 5201 459 5231 u
495 5179 842 5237 existimasti
862 5180 1107 5255 inique»
1137 5179 1224 5236 vel
1255 5181 1568 5248 vocativus,
1601 5180 1688 5237 vel
1712 5182 2073 5252 adverbium,
2184 5182 2314 5233 cata
2343 5176 2544 5250 gravia
2572 5194 2698 5249 quae
2749 5178 2979 5235 fecerat.
3014 5179 3222 5236 Modus
3257 5195 3270 5235 :
3316 5179 3380 5236 In
3429 5179 3621 5252 prima
3671 5186 3867 5253 parte

430 5289 460 5320 «
493 5269 648 5341 quod
677 5287 773 5327 ero
803 5270 888 5326 tui
922 5293 950 5321 ››
982 5288 1097 5327 non
1124 5270 1440 5344 puniendo.
1475 5270 1534 5326 Si
1567 5270 1722 5326 enim
1770 5271 1925 5326 Deus
1963 5270 2073 5326 im-
2183 5265 2437 5322 ostendit
2465 5283 2633 5323 suam
2664 5266 3081 5324 humilitatem.
3114 5267 3178 5324 In
3205 5268 3468 5327 secunda
3497 5271 3660 5342 parte
3698 5286 3867 5330 con-

429 5357 668 5428 punitos
696 5357 1018 5416 dimitteret
1046 5358 1254 5428 malos,
1289 5357 1503 5416 similis
1533 5358 1891 5430 injustorum
1923 5359 2075 5416 inve-
2181 5353 2717 5412 ﬁdentiam.Tertia
2745 5359 2835 5412 est
2865 5373 2993 5428 qua:
3024 5356 3293 5429 sequitur
3322 5356 3570 5426 existis,
3589 5356 3870 5418 hamsci-

427 5441 674 5502 niretur.
707 5447 796 5504 Tu
826 5446 935 5505 hoc
963 5447 1204 5522 putasti,
1237 5447 1340 5504 sed
1384 5465 1499 5505 non
1552 5463 1650 5506 ero
1699 5448 1786 5506 tui
1834 5447 2070 5522 similis,
2179 5443 2316 5503 licet
2346 5449 2412 5502 ut
2443 5447 2594 5503 Deus
2626 5462 2741 5501 non
2787 5445 3062 5518 respiciat
3093 5451 3490 5520 peccata‘sua.
3523 5447 3589 5506 In
3617 5453 3874 5518 quarta

424 5531 530 5591 sed
561 5553 590 5583 «ι
622 5548 867 5608 arguam
897 5539 975 5605 te,
1001 5558 1029 5585 ››
1056 5535 1116 5593 id
1145 5539 1252 5604 est,
1287 5551 1389 5607 pro
1421 5536 1676 5610 peccatis
1707 5535 1948 5609 puniam
1967 5561 1994 5588 ‹‹
2014 5542 2073 5596 et
2178 5535 2344 5610 petit,
2376 5538 2442 5592 ut
2473 5535 2624 5591 Deus
2651 5532 2973 5592 Ecclesium
3005 5535 3199 5606 faciat,
3233 5535 3299 5593 in
3333 5553 3458 5610 qua
3486 5535 3610 5594 sibi.
3643 5535 3872 5609 plani-

424 5623 686 5686 statuam
712 5627 918 5688 contra
948 5622 1156 5685 faciem
1191 5627 1376 5697 tuam,
1411 5645 1441 5678 ››
1485 5624 1727 5698 scilicet,
1761 5630 1827 5689 ut
1872 5626 2071 5690 omnia
2176 5630 2306 5688 tum
2335 5623 2744 5684 holocaustum
2774 5623 3072 5686 offeratur.
3109 5624 3875 5704 Intentio.est,.utiq,uan-
