4048 6180
200 368 311 432 369

1378 364 1882 428 EXPLANATIO
1927 364 2008 427 IN
2053 366 2432 431 PSALMOS.

3491 366 3612 431 370

198 505 562 575 tumcunq-ue
608 497 808 575 gravia
852 501 1090 573 peccata
1127 495 1460 568 fecerimus,
1494 497 1543 555 si
1573 497 1846 576 volumus
1877 504 1932 573 Α
1959 503 2018 556 et
2048 504 2113 556 ut
2143 501 2426 574 majorem
2458 505 2731 576 aggravet
2760 518 2929 561 suam
2959 501 3296 572 stultitiam,
3329 501 3491 573 dicit,
3512 526 3533 553 ι
3555 511 3622 572 et

197 591 448 649 converti
483 591 556 646 ad
589 591 795 657 Deum,
829 606 946 644 non
986 589 1386 661 desperemus,
1421 588 1560 661 quia
1588 575 1850 644 ineffabi-

195 682 263 739 lis
285 687 376 737 est
397 678 805 737 misericordia
834 677 959 746 Dei,
982 682 1039 733 et
1068 676 1253 733 multo
1285 678 1476 748 major
1504 695 1682 750 quam
1713 681 1853 733 sunt

196 775 434 846 peccata
456 774 676 836 nostra,
696 772 754 822 et
773 767 927 823 sicut
957 767 1016 822 in
1047 766 1178 823 aliis
1207 766 1453 839 psalmis
1484 766 1852 839 poenitentia-

195 861 350 917 libus
409 875 530 915 non
587 862 826 914 excusat
869 861 1128 929 peccata,
1164 854 1266 911 sed
1301 871 1362 911 se
1392 858 1647 924 accusat,
1678 854 1761 911 sic
1793 856 1850 910 in

196 950 305 1007 isto
365 948 656 1006 conﬁtens
711 949 1036 1018 peccatum,
1067 947 1418 1018 deprecatur
1465 961 1570 1016 per
1618 962 1687 1000 ea
1725 962 1851 1018 quae

197 1043 338 1096 sunt
381 1039 444 1093 in
495 1037 624 1109 ipso
663 1036 889 1108 judice,
931 1034 1014 1090 sic
1065 1035 1313 1091 dicens:
1354 1056 1374 1083 α
1410 1034 1682 1090 Miserere
1714 1035 1849 1104 mei,

197 1128 374 1199 Deus,
411 1149 440 1176 ››
473 1126 531 1181 id
559 1129 666 1193 est,
700 1125 923 1198 respice
953 1141 1046 1179 me
1089 1123 1255 1179 oculo
1303 1123 1735 1190 misericordiae,
1771 1140 1856 1178 re-

197 1217 503 1274 formando
535 1231 651 1285 me,
682 1225 788 1269 nec
827 1213 1062 1286 aliquod
1095 1213 1389 1285 praetende
1419 1213 1718 1283 meritum,
1751 1213 1850 1268 scd

196 1307 356 1380 piam
379 1309 514 1378 peto
535 1304 998 1360 misericordiam
1030 1307 1215 1369 tuam,
1251 1306 1306 1357 et
1334 1303 1444 1358 hoc
1475 1301 1616 1358 dicit
1648 1319 1661 1357 :
1695 1325 1721 1351 ‹‹
1757 1319 1850 1357 se-

197 1396 460 1453 cundum
491 1409 769 1466 magnam
800 1391 1262 1448 misericordiam
1295 1394 1510 1446 tuama
1539 1392 1690 1446 Bene
1713 1390 1855 1445 dicit

197 1485 485 1559 propheta
503 1497 783 1555 magnam
814 1480 1280 1538 misericordiam
1315 1496 1507 1545 suam,
1539 1479 1678 1551 quia
1708 1497 1850 1551 prae:

194 1573 420 1631 ﬁderat
444 1572 504 1627 in
526 1570 748 1643 Spiritu
771 1574 970 1626 sancto
994 1568 1205 1625 Filium
1229 1585 1404 1624 suum
1419 1584 1480 1624 se
1501 1568 1850 1624 daturumin

194 1666 469 1726 mortem,
492 1677 597 1733 pro
627 1659 1028 1731 redemptione
1056 1656 1302 1713 humani
1332 1657 1582 1729 generis.
1617 1657 1756 1712 Dico
1787 1663 1854 1714 ut

195 1768 406 1825 parcas
439 1749 608 1816 mihi,
642 1753 699 1805 et
727 1746 1061 1804 miserearis
1093 1746 1228 1815 mei,
1264 1746 1362 1802 sed
1395 1763 1598 1819 precor
1625 1750 1692 1802 ut
1720 1763 1851 1819 pec-

195 1845 322 1898 cato
354 1856 488 1896 meo
523 1855 640 1894 non
689 1853 915 1910 parcas,
951 1837 1067 1891 imo
1099 1859 1126 1885 ‹‹
1161 1834 1286 1891 delc
1317 1859 1338 1887 ι
1377 1852 1410 1890 a
1439 1835 1723 1892 memoria
1751 1840 1853 1891 tua
1883 1877 1930 1945 Β

195 1947 298 2005 per
356 1938 506 2003 quas
564 1927 671 1984 tibi
731 1927 939 2000 placet,
999 1925 1335 1998 punitiones
1395 1948 1422 1974 ‹‹
1474 1924 1849 1997 iniquitatem

195 2035 450 2086 meum,»
483 2033 672 2089 neque
699 2031 906 2088 precor
933 2013 1042 2070 hoc
1074 2013 1271 2087 aliquo
1301 2013 1533 2080 merito,
1566 2014 1666 2069 sed
1700 2036 1726 2062 «
1762 2030 1850 2069 sc-

193 2133 222 2162 «
252 2108 525 2166 cundum
563 2103 1005 2161 multitudinem
1040 2103 1492 2158 miserationum
1526 2105 1786 2167 tuarum,
1823 2123 1850 2151 »

189 2197 342 2272 Quia
355 2196 525 2252 video
556 2192 773 2250 multas
797 2197 853 2250 te
881 2191 1286 2248 miserationes
1315 2189 1648 2246 exhibuisse
1669 2190 1853 2246 homi-

190 2282 671 2356 nibus,patribus
700 2280 940 2346 nostris,
954 2279 1054 2352 qui
1087 2280 1158 2335 ad
1187 2283 1244 2335 te
1272 2279 1542 2334 volebant
1574 2278 1848 2334 converti.

257 2373 424 2442 Dico,
462 2370 593 2427 dele
635 2369 1011 2441 iniquitatem
1062 2385 1275 2436 meam,
1308 2384 1414 2424 nec
1445 2384 1639 2440 quaero
1672 2367 1850 2424 deleri

189 2463 570 2536 ibi-quitatem
603 2476 706 2532 per
735 2457 1040 2526 sacriﬁcia,
1061 2457 1178 2513 imo
1200 2473 1305 2530 per
1335 2474 1370 2512 a
1397 2474 1507 2513 sua
1536 2457 1852 2529 baptisma-

189 2553 282 2624 tis,
317 2555 379 2608 et
407 2550 522 2606 hoc
554 2551 662 2615 est,
698 2570 726 2597 «
760 2547 889 2604 lava
918 2563 1011 2603 me
1039 2568 1066 2596 ››
1099 2563 1202 2619 per
1233 2547 1410 2601 ﬁdem
1451 2562 1631 2618 quam
1663 2545 1850 2602 habeo

188 2642 244 2698 in
275 2640 457 2714 aquis
489 2636 790 2710 baptismi,
824 2636 969 2709 petit
993 2635 1170 2691 lavari
1200 2652 1303 2708 per
1335 2636 1507 2690 ﬁdem
1538 2652 1716 2707 quam
1748 2634 1850 2690 ha-

187 2733 283 2790 bet
304 2731 381 2787 de
403 2729 536 2801 ipso
562 2726 972 2800 baptismate,«
997 2724 1124 2780 lava
1145 2741 1238 2779 me
1269 2724 1340 2780 ab
1370 2722 1678 2796 iniquitate
1701 2741 1848 2792 mea,

186 2825 244 2879 et
269 2835 304 2876 a
333 2822 584 2892 peccato
641 2831 770 2872 meo
828 2815 1050 2870 munda
1105 2829 1219 2880 me,
1256 2836 1283 2862 ι)
1319 2814 1474 2869 idem
1531 2817 1699 2868 vocat
1734 2811 1850 2867 ini-

187 2909 483 2982 quitatem
514 2908 573 2962 et
611 2907 937 2977 peccatum,
969 2903 1069 2959 sed
1122 2901 1347 2958 diverso
1397 2905 1684 2974 respectu,
1715 2900 1853 2972 quia

189 2995 554 3056 adulterium
572 2998 629 3050 et
650 2991 1033 3049 homicidium
1055 3007 1230 3046 suum
1261 2993 1425 3046 vocat
1456 2989 1849 3062 iniquitatem,

190 3086 383 3161 quoad
440 3082 826 3156 proximum:
877 3084 934 3136 et
991 3083 1296 3152 peccatum
1354 3079 1680 3134 secundum
1740 3078 1851 3133 hoc

189 3177 346 3250 quod
388 3174 658 3246 seipsum
689 3171 754 3226 in-
783 3185 1041 3242 corpore,
1075 3167 1444 3236 luxuriando,
1475 3171 1532 3222 et
1563 3166 1622 3222 in
1655 3164 1852 3221 volun-

189 3270 306 3323 tate
334 3261 650 3321 homicidii
681 3257 1120 3316 contaminavit.

257 3355 403 3412 Dico
433 3352 592 3421 lava,
618 3353 678 3405 et
732 3347 875 3420 quia
929 3345 1128 3418 aliqua
1182 3345 1468 3413 lavantur,
1504 3343 1603 3399 ubi
1654 3347 1848 3398 tamen

190 3442 416 3516 aliquid
466 3438 663 3497 sordis
719 3439 1001 3504 remanet,
1051 3433 1213 3501 dicit,
1247 3433 1493 3501 munda,
1524 3432 1849 3489 secundum

185 3528 632 3603 dtumqueﬁta
658 3524 900 3596 scilicet,
919 3524 1076 3597 quod
1107 3521 1253 3578 nihil
1286 3521 1344 3577 in
1375 3537 1470 3577 me
1497 3519 1854 3577 contamina-

187 3621 376 3678 tionis
404 3619 732 3675 remaneat.
765 3614 925 3683 Dico,
956 3613 1103 3682 lava,
1137 3612 1381 3680 munda,
1433 3614 1490 3666 et
1535 3610 1644 3666 hoc
1679 3632 1702 3660 ι
1736 3626 1855 3666 am-

185 3708 411 3784 ptius,»
443 3707 507 3763 id
536 3702 924 3777 est,ampliori
953 3701 1243 3759 lavatione
1273 3716 1451 3772 quam
1483 3699 1691 3767 soleas,
1716 3697 1856 3770 quia

185 3799 350 3857 sicut
389 3799 703 3870 peccatum
736 3791 992 3865 amplius
1023 3795 1132 3860 est,
1166 3788 1250 3845 sic
1281 3786 1530 3861 amplior
1559 3786 1768 3844 lavatio
1799 3789 1860 3843 et

185 3886 508 3946 mundatis
537 3881 874 3940 necessaria
895 3885 1004 3936 est.

255 3973 565 4045 Quoniam
585 3969 1115 4039 dixerat,muhnam
1146 3964 1610 4022 misericordiam
1627 3963 1857 4032 Dei,sed

184 4067 334 4140 quia
368 4065 592 4121 iterum
637 4060 786 4116 vidit
834 4055 1297 4114 misericordiam
1329 4072 1446 4110 non
1477 4054 1603 4110 sine
1625 4052 1862 4125 justitia

183 4169 374 4230 posse
404 4168 568 4218 esse,
597 4149 727 4205 vult
752 4149 812 4204 in
871 4147 1064 4220 seipso
1115 4144 1435 4217 quamdam
1494 4142 1860 4230 occasionem

184 4228 542 4307 ostendere,
572 4241 809 4311 propter
827 4247 1008 4309 quam
1030 4235 1186 4290 Deus
1203 4233 1412 4288 debeat
1431 4231 1543 4288 sibi
1566 4231 1728 4302 juste
1759 4228 1864 4285 mi-

184 4329 589 4391 sericordiam
619 4326 910 4394 exhibere,
933 4328 992 4381 et
1020 4323 1174 4380 sicut
1201 4322 1488 4378 hactenus
1518 4321 1864 4392 deprecatus

184 4419 587 4494 estajndicem
618 4417 826 4484 Deum,
856 4431 960 4486 per
987 4429 1056 4470 ea
1084 4427 1212 4484 quae
1239 4410 1298 4466 in
1339 4409 1540 4482 judice
1587 4412 1748 4476 sunt,
1779 4407 1864 4465 sic

183 4511 379 4568 modo
409 4504 625 4579 incipit
650 4502 952 4576 deprecari
979 4517 1083 4574 per
1111 4516 1179 4556 ea
1206 4516 1334 4572 quea
1375 4499 1434 4554 in
1485 4498 1612 4571 ipso
1669 4499 1867 4571 depre-

1964 612 1991 638 ‹‹
2032 589 2255 644 malum
2289 591 2433 647 illud
2461 608 2655 648 coram
2685 596 2740 647 to
2775 593 2964 661 feci,'»
2996 593 3054 649 id
3085 598 3194 663 est,
3228 593 3362 650 licet
3391 591 3611 668 ubique

1962 682 2306 750 praesentem
2337 685 2391 736 te
2423 681 2633 737 scirem
2665 698 2813 754 esse,
2845 687 2902 739 et
2944 683 3142 739 omnia
3187 683 3401 752 videre,
3433 688 3492 741 et
3512 685 3613 756 ju-

1962 767 2152 823 dicem
2181 769 2448 825 omnium
2483 771 2744 826 futurum
2768 787 2894 828 esse
2917 773 3352 840 scirem,tamen
3383 774 3615 845 peccavi

1960 855 2021 910 in
2055 862 2371 929 conspectu
2405 863 2526 928 tuo,
2561 862 2617 915 et
2667 859 2746 915 ita
2801 861 3053 933 peccavi,
3086 863 3237 934 quod
3282 861 3331 918 si
3362 866 3618 934 ponatur

1961 945 2113 1000 inter
2134 949 2188 1001 te
2211 950 2268 1000 et
2290 947 2682 1015 hominem,tu
2703 948 3075 1021 solusjustus
3098 950 3613 1024 inveniaris,homo

1962 1032 2242 1102 injustus,
2277 1035 2419 1090 adeo
2451 1059 2477 1084 ‹‹
2513 1040 2579 1090 ut
2600 1036 2966 1107 justiﬁceris,
3002 1059 3024 1089 ι
3061 1038 3118 1092 id
3163 1043 3270 1109 est,
3293 1039 3493 1111 justus
3523 1040 3610 1095 in-

1960 1120 2211 1177 venieris
2246 1146 2274 1172 ‹‹
2309 1123 2366 1179 in
2401 1147 2427 1172 ››
2461 1126 2738 1181 omnibus
2779 1147 2800 1174 α
2827 1127 3196 1183 sermonibus
3246 1129 3385 1200 tuis,
3417 1152 3444 1180 »
3475 1130 3613 1202 quia

1962 1227 2089 1282 quae
2122 1212 2718 1285 promisisti,penitus
2747 1214 3024 1288 implesti,
3059 1232 3164 1288 ego
3195 1220 3389 1273 autem
3419 1223 3475 1275 et
3505 1235 3610 1274 cae-

1961 1300 2068 1355 teri
2103 1299 2372 1357 homines
2405 1303 2638 1374 penitus
2660 1304 3029 1360 inveniamur
3056 1305 3452 1378 injusti.Unde
3472 1310 3616 1382 Apo-

1962 1388 2151 1445 stolus
2183 1407 2196 1445 :
2231 1413 2260 1440 «
2293 1392 2396 1447 Est
2424 1396 2619 1448 autem
2653 1393 2807 1449 Deus
2836 1411 3028 1462 verax,
3061 1396 3252 1451 omnis
3284 1400 3481 1453 autem
3509 1397 3613 1454 ho-

1963 1494 2057 1532 me
2108 1481 2359 1536 mendax
2407 1483 2580 1550 (Rom.
2619 1500 2674 1538 IlI
2702 1501 2714 1552 ;
2745 1485 2894 1539 Psal.
2928 1487 3077 1554 cxv).
3116 1507 3144 1534 ››
3175 1486 3245 1541 Et
3276 1503 3390 1540 non
3422 1485 3613 1542 solum

1960 1566 2085 1622 lum
2109 1568 2454 1638 justiﬁceris
2501 1571 2559 1626 in
2607 1573 2982 1628 sermonibus
3029 1573 3184 1643 tuis;
3234 1575 3334 1631 sed
3376 1597 3404 1625 «
3436 1575 3612 1631 etiam

1958 1655 2221 1712 vindicas
2280 1675 2414 1714 cum
2464 1659 2753 1731 judicaris
2789 1685 2816 1710 ››
2865 1663 2923 1716 in
2974 1662 3273 1732 omnibus,
3326 1663 3383 1718 id
3421 1668 3529 1732 est,
3564 1665 3613 1720 si

1961 1745 2062 1800 ﬁat
2084 1747 2380 1817 judicium
2432 1747 2586 1804 inter
2611 1754 2667 1804 te
2699 1755 2755 1806 et
2784 1750 3104 1817 hominem,
3139 1751 3292 1823 quod
3327 1754 3388 1806 tu
3413 1753 3614 1824 justus

1960 1833 2299 1901 inveniaris,
2329 1837 2482 1892 Deus
2512 1843 2708 1894 autem
2733 1840 2937 1912 justus
2968 1839 3281 1908 invenitur,
3317 1857 3450 1896 cum
3482 1858 3613 1898 om-

1961 1923 2060 1979 nia
2074 1923 2298 1980 homini
2331 1941 2458 1998 quae
2491 1926 2600 1982 sibi
2635 1933 2774 1984 sunt
2804 1928 3150 1996 necessaria,
3181 1929 3610 1998 subministret;

1959 2012 2135 2068 homo
2154 2017 2350 2070 autem
2383 2015 2800 2086 injustus,cum
2821 2017 2935 2073 Deo
2951 2016 3194 2090 dignum
3217 2017 3470 2074 fructum
3494 2035 3609 2074 non

1960 2101 2172 2156 reddit.
2205 2101 2368 2158 Unde
2416 2104 2700 2161 Dominus
2749 2105 2808 2161 in
2849 2105 3157 2178 Evangelio
3191 2122 3204 2162 :
3237 2106 3504 2164 Judicate
3530 2107 3615 2163 in-

1961 2193 2050 2246 ter
2069 2207 2162 2246 me
2193 2194 2251 2246 et
2280 2190 2508 2248 vineam
2542 2209 2755 2250 meam.

2030 2279 2177 2334 Vere
2203 2280 2424 2349 vincas,
2450 2281 2499 2336 si
2522 2282 2903 2355 judicavcris,
2935 2299 3069 2339 cum
3101 2284 3356 2353 homine,
3379 2283 3519 2357 quia
3549 2288 3616 2342 ut

1960 2371 2188 2424 taceam
2227 2369 2337 2425 hoc
2385 2388 2598 2426 novum
2648 2377 2952 2444 peccatum
2990 2395 3011 2422 α
3045 2378 3362 2447 conceptus
3390 2391 3522 2431 sum
3555 2374 3614 2432 in

1964 2478 1990 2508 ι
2017 2458 2490 2531 iniquitatibus,»
2514 2460 2654 2532 quia
2675 2461 2732 2515 in
2759 2461 2884 2534 ipso
2909 2467 3225 2538 conceptus
3257 2463 3336 2518 fui
3359 2479 3463 2537 ego
3480 2480 3616 2522 reus

1961 2547 2454 2619 prmvaricationis
2480 2553 2538 2604 et
2567 2549 2973 2606 inobedientia:
3004 2552 3158 2607 Adae.

2034 2636 2166 2691 Ideo
2202 2640 2316 2691 tam
2349 2636 2629 2693 miserum
2664 2655 2756 2694 me
2787 2655 2915 2695 esse
2959 2641 3159 2710 fateor,
3195 2639 3332 2712 quia
3361 2663 3390 2690 «
3420 2654 3551 2698 ecce
3586 2662 3613 2693 »

1961 2725 2237 2780 omnibus
2259 2727 2600 2797 patet,quod
2635 2731 2696 2781 tu
2728 2750 2755 2776 «
2790 2728 3091 2784 veritatem
3125 2728 3448 2798 dilexisti,»
3476 2730 3616 2802 quia

1961 2813 2010 2868 si
2044 2830 2158 2868 non
2207 2815 2486 2870 conﬁteor
2531 2815 2833 2870 veritatem
2866 2817 2936 2872 de
2967 2832 3059 2872 me
3089 2816 3237 2890 ipso,
3274 2834 3388 2872 non
3419 2834 3611 2876 essem

1961 2901 2176 2973 dignus
2205 2902 2297 2957 cui
2329 2907 2391 2958 tu
2426 2903 2753 2958 condonare
2798 2905 3059 2961 deberes.
3095 2906 3407 2978 Postquam
3440 2923 3611 2962 accu‘

1960 2990 2110 3045 savit
2137 3007 2198 3046 se
2230 3007 2333 3063 per
2377 2991 2610 3064 propria
2657 2997 2913 3065 peccata,
2947 2999 3186 3051 accusat
3213 2994 3388 3050 etiam
3419 3011 3482 3052 se
3507 3011 3610 3068 per

1960 3077 2242 3134 beneﬁcia
2269 3080 2393 3146 Dei,
2412 3081 2628 3153 quibus
2660 3082 2811 3137 male
2842 3100 2986 3139 usus
3016 3083 3438 3156 est.Propterea
3465 3083 3608 3140 item

1957 3167 2177 3238 vinces,
2204 3168 2342 3241 quia
2374 3190 2400 3222 α
2431 3170 2787 3227 manifestati
2836 3170 2979 3227 mihi
3012 3172 3233 3228 incerta
3261 3171 3488 3228 occulta
3517 3189 3609 3229 sa-

1877 3249 1928 3318 ὃ
1957 3255 2189 3328 ρίοηιὶω
2236 3262 2371 3326 tum,
2410 3281 2438 3308 ››
2489 3260 2847 3316 manifestati
2911 3261 3076 3329 mihi,
3130 3259 3370 3333 scilicet,
3421 3260 3614 3317 incar-

1959 3345 2256 3402 nationem
2289 3350 2346 3402 et
2377 3348 3010 3420 reparationem,quam
3038 3350 3300 3405 facturus
3329 3366 3391 3406 es
3407 3366 3511 3423 per
3531 3348 3618 3407 Fi-

1960 3431 2106 3489 lium
2139 3439 2330 3502 tuum,
2363 3453 2490 3508 qum
2537 3437 2894 3508 quibusdam
2944 3438 3167 3494 incerta
3203 3441 3360 3508 sunt,
3395 3437 3618 3496 scilicet

1963 3520 2208 3596 illis,qui
2231 3524 2339 3580 etsi
2371 3525 2592 3596 aliquid
2629 3526 2962 3599 intelligunt
2983 3526 3055 3582 de
3079 3527 3329 3583 adventu
3355 3525 3482 3583 Filii
3505 3525 3615 3598 tui,

1963 3614 2161 3667 tamen
2194 3629 2308 3668 non
2339 3615 2539 3668 omnia
2570 3614 2738 3686 plene
2769 3614 3127 3687 intelligunt,
3153 3615 3508 3688 quibusdam
3530 3633 3620 3673 oc-

1963 3699 2141 3769 culta,
2176 3700 2396 3758 scilicet
2426 3701 2542 3758 illis
2573 3703 2674 3774 qui
2705 3703 2851 3758 nihil
2883 3719 3124 3775 prorsus
3153 3703 3287 3758 inde
3316 3702 3530 3759 sciunt.

2040 3789 2140 3845 llic
2188 3790 2396 3863 incipit
2443 3791 2514 3846 de
2565 3791 2823 3846 secunda
2870 3795 3034 3862 parte
3068 3806 3081 3845 :
3118 3790 3162 3846 Ο
3193 3790 3459 3858 Domine,
3492 3781 3616 3847 tam

1965 3879 2218 3952 graviter
2247 3880 2604 3952 pcccavi,sed
2638 3883 2832 3935 tamen
2865 3878 3092 3935 conﬁdo
3121 3879 3192 3934 de
3218 3878 3622 3939 misericordia

1967 3969 2089 4034 tua,
2109 3969 2166 4021 et
2185 3965 2376 4021 sciens
2399 3989 2427 4015 «
2453 3983 2724 4038 asperges
2748 3982 2841 4022 me
2871 3965 3122 4039 hyssopo
3149 3987 3176 4015 ››
3202 3964 3384 4022 mittit
3404 3980 3513 4024 nos
3543 3966 3621 4023 ad

1968 4054 2243 4127 legem,in
2268 4072 2385 4127 qua
2414 4055 2877 4128 praecipiebatur,
2907 4060 2972 4112 ut
2999 4056 3254 4130 hyssopo
3282 4055 3528 4113 intincto
3559 4056 3621 4114 in

1969 4143 2256 4216 sanguine
2284 4144 2501 4213 vitulis,
2523 4144 2789 4216 leprosus
2820 4149 3247 4219 aspergeretur,
3275 4150 3332 4201 et
3361 4145 3470 4203 hoc
3497 4149 3623 4222 erat

1971 4232 2056 4290 eis
2095 4233 2360 4306 quaedam
2411 4232 2659 4306 expiatio
2697 4235 2890 4304 (Exod.
2923 4237 3044 4304 xu).
3079 4235 3332 4309 Sanguis
3368 4235 3465 4291 ille
3495 4251 3624 4292 san-

1972 4322 2210 4396 guinem
2243 4321 2459 4378 Christi
2495 4322 2862 4395 signiﬁcavit,
2887 4322 2947 4378 in
2981 4340 3094 4396 quo
3126 4341 3228 4397 per
3258 4325 3431 4380 ﬁdem
3463 4323 3624 4396 lepra

1973 4415 2345 4486 peccatorum
2370 4412 3172 4485 mundatur.llyssopus,quze
3192 4409 3624 4468 hcrbahumil‘is

1975 4500 2382 4574 est,signiﬁcat
2411 4499 2806 4557 humilitatem
2831 4517 2948 4573 qua
2967 4504 3025 4556 et
3045 4500 3312 4556 Christus
3331 4499 3482 4554 fudit
3498 4515 3628 4554 san-

183 4603 366 4657 mnte
397 4599 570 4656 surt.
604 4590 975 4652 Continuatio
1009 4606 1022 4646 :
1061 4590 1213 4646 Lava
1254 4605 1358 4662 per
1405 4586 1866 4644 misericordiam
1899 4623 1946 4688 Β
1975 4589 2211 4663 guinem
2246 4606 2442 4657 suum,
2467 4593 2525 4645 et
2553 4607 2670 4662 qua
2695 4607 2799 4646 nos
2833 4590 3025 4662 ipsum
3058 4587 3405 4676 sanguinem
3439 4603 3541 4660 per
3567 4588 3630 4642 ﬁ-

181 4690 348 4757 dieo,
385 4691 454 4744 et
476 4686 594 4742 hoc
614 4683 848 4755 justum
878 4683 968 4737 est
997 4677 1326 4751 «quoniam
1358 4693 1463 4749 ego
1493 4675 1866 4747 iniquitatem
1899 4675 1941 4688 ⁵’
1977 4680 2110 4736 dem
2135 4678 2576 4751 suscipimus,et
2603 4679 2754 4734 sicut
2783 4679 3072 4752 hyssopus
3096 4677 3320 4750 lapides
3339 4678 3630 4750 penetrat,

184 4795 396 4835 meam
443 4788 738 4848 cognosco
770 4793 798 4820 »
829 4786 946 4826 non
997 4767 1122 4826 sola
1171 4765 1522 4838 cognitione,
1559 4765 1661 4821 sed
1693 4765 1875 4821 detra-

182 4868 421 4936 ctione,
455 4868 519 4921 et
549 4858 987 4919 exsecratione:
1022 4880 1051 4908 «
1084 4861 1142 4913 et
1171 4859 1477 4929 peccatum
1509 4869 1706 4909 meum
1737 4869 1874 4910 con-

180 4961 280 5014 tra
309 4971 426 5012 me
454 4957 552 5010 est
579 4965 814 5023 seinper
843 4970 873 4999 κ
906 4947 1080 5022 quasi
1123 4945 1318 5018 imago
1363 4943 1662 5012 terribilis,
1697 4957 1875 5015 quam

181 5045 494 5104 omnibus
517 5039 714 5097 modis
736 5039 938 5112 fugere
965 5035 1273 5107 velim,per
1301 5032 1500 5090 omnia
1531 5033 1878 5089 deberemus

181 5133 502 5205 accipere,
531 5131 590 5184 et
619 5124 993 5199 iniquitatem
1037 5126 1097 5180 et
1142 5124 1448 5196 peccatum
1488 5124 1554 5176 ut
1582 5137 1761 5193 supra
1789 5137 1879 5177 ex-

180 5221 478 5296 positum
511 5221 623 5274 est.

255 5311 602 5367 Peccatum
633 5307 726 5360 est
755 5306 956 5359 contra
985 5316 1098 5371 me,
1118 5305 1176 5357 et
1205 5300 1313 5356 hoc
1345 5299 1730 5371 perpetrando
1763 5316 1878 5356 non

179 5397 446 5475 peccavi
482 5393 684 5462 alicui,
716 5390 832 5447 nisi
862 5413 890 5442 ‹‹
924 5389 1029 5446 tibi
1061 5387 1192 5460 soli,
1220 5412 1247 5439 »
1278 5387 1420 5460 quia
1448 5403 1581 5443 cum
1613 5405 1711 5443 rex
1741 5388 1876 5458 sim,

177 5489 410 5547 nullus
451 5484 636 5540 habet
654 5480 866 5554 punire
891 5483 1193 5553 peccatum
1217 5476 1561 5545 meum,nisi
1584 5481 1645 5532 tu
1679 5478 1839 5535 solus
1863 5497 1876 5549 ;

177 5579 270 5637 vel
303 5573 574 5652 peccavi
605 5570 907 5628 curandus
934 5569 1044 5625 tibi
1075 5567 1210 5636 soli,
1233 5566 1372 5638 quia
1398 5582 1533 5622 cum
1565 5566 1763 5623 nullus
1788 5569 1879 5640 ju-

178 5663 499 5738 tusglisi
528 5666 598 5719 tu
629 5659 856 5732 solus,a
875 5663 932 5717 te
963 5657 1530 5728 solo,Domine,sum
1561 5659 1876 5726 curandus,

1984 4772 2042 4824 et
2071 4767 2366 4840 pulmonis
2414 4771 2705 4822 tumorem
2740 4765 2920 4840 pellit,
2955 4765 3038 4822 sic
3069 4764 3376 4822 humilitas
3403 4764 3636 4838 lapidea

1985 4859 2161 4914 corda
2191 4859 2476 4929 penetrat,
2511 4859 2567 4911 et
2596 4860 2887 4911 tumorem
2923 4855 3211 4929 superbiae
3242 4855 3426 4927 fugat,
3459 4857 3516 4908 et
3545 4868 3634 4908 se-

1985 4947 2246 5003 cundum
2277 4943 2419 5000 dicit
2451 4959 2464 5000 :
2497 4947 2784 5018 Asperges
2834 4961 2928 5002 me
2977 4944 3254 5018 hyssopo,
3290 4943 3348 4998 id
3395 4945 3484 4998 est
3509 4956 3637 4996 san-

1985 5033 2162 5108 guine
2193 5032 2430 5103 Christi,
2457 5049 2592 5089 cum
2623 5033 2959 5090 humilitate
2991 5035 3140 5101 fuso,
3161 5036 3216 5088 et
3245 5046 3380 5088 cum
3407 5027 3639 5085 humili-

1987 5128 2104 5180 tate
2134 5125 2408 5195 suscepto
2431 5139 2544 5191 me,
2566 5146 2592 5173 «
2609 5127 2665 5180 et
2683 5145 2709 5172 »
2733 5140 2836 5196 per
2865 5123 2974 5178 hoc
2995 5115 3376 5176 «'mundabor
3398 5140 3424 5168 ››
3449 5134 3484 5174 a
3512 5133 3641 5191 pec-

1986 5213 2135 5269 catis
2160 5212 2394 5281 meis,et
2413 5228 2527 5268 non
2551 5215 2781 5267 tantum
2805 5211 2862 5266 in
2885 5211 2992 5266 hac
3026 5207 3360 5281 aspersione
3391 5206 3634 5264 munda-

1987 5304 2115 5371 bor,
2148 5304 2247 5360 sed
2279 5303 2455 5359 etiam
2502 5300 2782 5374 accipiam
2815 5300 3127 5355 candorem
3159 5297 3466 5367 virtutum,
3499 5318 3528 5346 «
3560 5294 3641 5350 la-

1988 5392 2155 5450 vabis
2187 5409 2279 5449 me
2305 5415 2332 5442 »
2362 5391 2460 5447 illo
2493 5389 2780 5462 sanguine
2812 5411 2840 5438 «
2872 5391 2931 5443 et
2965 5409 2991 5436 »
3025 5403 3130 5460 ego
3161 5385 3500 5453 dealbabor,
3525 5406 3553 5433 »
3584 5382 3644 5438 id

1989 5481 2533 5555 cst,dcalbationem
2559 5482 2665 5534 ate
2697 5475 2975 5548 recipiam
3010 5500 3037 5526 ‹‹
3074 5493 3251 5548 super
3280 5473 3494 5542 nivem,
3530 5495 3558 5522 »
3591 5471 3649 5528 id

1990 5578 2098 5642 est,
2127 5571 2260 5644 plus
2293 5587 2469 5641 quam
2504 5565 2741 5638 aliquod
2773 5581 2985 5638 corpus
3019 5565 3205 5637 possit
3235 5562 3512 5620 dealbari.

2061 5660 2156 5717 Sic
2186 5657 2519 5723 dealbabor,
2555 5660 2613 5711 et
2642 5659 2845 5727 postea
2873 5678 2900 5706 «
2935 5655 3164 5712 auditui
3213 5670 3341 5710 meo
3395 5651 3586 5720 dabis,
3624 5671 3653 5698 »
