4080 6180
469 346 583 408 371

840 346 1248 410 HAYMONIS
1293 344 1840 408 HALBEllSTAT.
1887 343 2128 407 EPISC.
2177 344 2351 406 OPP.
2397 343 2600 406 PARS
2644 345 2694 407 Ι.
2739 376 2818 390 -
2861 342 3267 408 COMMENT.
3311 342 3512 405 BIBL.

3755 339 3870 406 372

472 479 532 537 id
563 482 673 553 est,
691 479 858 537 dabis
887 479 1030 536 mihi
1065 477 1385 552 intelligere
1416 495 1450 534 a
1478 477 1696 551 Spiritu
1730 482 1930 534 sancto
1961 477 2123 533 intus
2148 477 2205 545 Α
2232 478 2476 534 veniunt
2496 496 2598 551 per
2611 477 3048 552 suggestionem
3069 477 3392 552 sanguinis.
3404 476 3512 534 Per
3529 474 3869 549 sanguinem

474 569 622 626 mihi
653 569 926 642 loquente
960 590 988 619 «
1020 568 1304 642 gaudium
1335 589 1363 619 ››
1401 569 1471 623 de
1501 567 1844 624 remissione
1870 572 2128 640 peccato-

472 675 628 726 rum,
667 680 696 709 ‹‹
727 662 784 714 et
829 657 1090 712 laetitiam
1120 679 1149 706 »
1195 657 1266 712 de
1321 673 1423 729 spe
1480 657 1610 711 vitae
1667 661 1910 724 aeternae,
1951 675 1973 705 ι
2008 660 2066 712 et
2099 677 2119 703 ι»

471 751 613 804 tunc
639 766 661 795 ι
682 763 817 802 ossa
835 767 862 796 »
886 761 1036 813 mea,
1065 744 1123 800 id
1143 749 1250 813 est,
1277 745 1483 801 robora
1513 745 1757 801 rationis
1787 761 1928 800 meae
1960 745 2126 818 prius

473 855 502 885 «
533 833 844 890 humiliata
873 855 900 884 »
931 850 1034 906 per
1063 839 1390 906 peccatum,
1429 856 1457 884 ι(
1483 833 1906 890 exsultabunt»
1941 835 2012 890 de
2044 849 2126 890 re-

469 922 832 980 formatione.

538 1013 765 1069 Averte.
797 1012 931 1086 Agit
962 1013 1033 1068 dc
1065 1012 1236 1069 tertia
1262 1017 1444 1085 parte,
1483 1012 1720 1080 scilicet,
1753 1016 1816 1068 ut
1846 1029 1906 1067 se
1938 1013 2123 1084 respi-

469 1100 604 1171 ciat,
639 1117 757 1157 non
790 1105 1116 1174 peccatum,
1151 1117 1327 1174 quam
1373 1101 1604 1174 proprie
1637 1100 1802 1174 ponit
1829 1104 1962 1173 post
1990 1099 2124 1156 illas

469 1191 618 1248 duas
651 1189 908 1262 tertiam,
939 1190 1078 1262 quia
1121 1189 1216 1246 ille
1258 1191 1421 1262 juste
1467 1190 1650 1246 Deum
1695 1193 1988 1262 precatur,
2022 1189 2120 1262 qui

467 1280 554 1336 sic
575 1277 931 1349 humiliat,et
951 1279 1034 1336 ita
1064 1279 1304 1336 conﬁdit
1334 1280 1392 1334 in
1424 1279 1693 1336 Domino.
1727 1279 2118 1336 Continuatio:

467 1367 860 1426 Exsultabunt
879 1385 1014 1425 ossa
1029 1368 1257 1438 dicit,et
1273 1373 1337 1424 ut
1353 1368 1864 1442 possitexsultare,
1889 1393 1914 1418 ‹‹
1933 1373 2124 1426 averte

466 1457 679 1515 faciem
709 1462 899 1528 tuam,
935 1480 963 1508 »
995 1457 1052 1514 id
1085 1462 1174 1514 est
1203 1459 1597 1532 cognitionem
1645 1462 1830 1527 tuam,
1865 1482 1893 1509 «
1927 1475 1962 1514 a
1991 1475 2120 1530 pec-

467 1547 616 1603 catis
645 1546 795 1604 meis
829 1569 857 1597 ››
889 1563 962 1604 ne
1011 1546 1224 1620 punias
1272 1563 1340 1602 ea
1378 1546 1752 1618 aeternalitcr,
1785 1571 1812 1598 «
1849 1552 1906 1604 et
1934 1546 2061 1605 dele
2094 1569 2116 1600 ι

468 1635 540 1692 de
564 1634 712 1693 libro
734 1635 964 1702 mortis,
985 1641 1044 1692 et
1073 1636 1196 1692 hzec
1227 1640 1518 1693 recentem
1557 1641 1615 1693 et
1641 1659 1669 1686 «
1692 1654 1896 1694 omnes
1918 1660 1946 1687 ››
1977 1637 2123 1694 alias

467 1747 496 1776 ‹‹
532 1724 876 1798 iniquitates
907 1741 1089 1781 meas.
1117 1747 1144 1775 »
1177 1726 1247 1782 Et
1275 1724 1483 1782 deletis
1509 1725 1682 1782 malis
1715 1750 1742 1776 «
1775 1743 1908 1782 crea
1938 1727 1997 1782 in
2030 1743 2124 1782 me

2235 567 2364 623 ideo
2385 568 2708 642 accipimus
2728 567 2824 623 illa
2847 567 3248 641 peccata,quia
3262 584 3331 623 ex
3347 570 3555 622 natura
3576 563 3874 638 sanguinis

2232 658 2474 720 veniunt
2501 657 2839 730 liujusmodi
2870 657 3292 730 suggestiones.
3328 652 3656 727 Sanguines
3685 652 3873 726 plura-

2233 745 2366 802 liter
2396 747 2523 804 ideo
2555 747 2738 820 ponit,
2775 749 2840 802 ut
2867 746 3140 802 ostendat
3171 761 3234 802 se
3275 743 3629 817 implicitum
3677 741 3877 799 multis

2234 836 2573 909 hujusmodi
2605 835 2858 908 peccatis
2895 852 2907 891 :
2937 835 3121 892 libera
3165 835 3295 891 dico
3341 838 3428 902 tu,
3461 833 3560 904 qui
3592 848 3655 888 es
3682 835 3878 888 auctor

2233 926 2414 996 hujus
2447 948 2475 976 «
2507 925 2713 981 salutis
2745 941 2941 994 meai,-
2981 946 3008 975 α
3040 928 3097 981 et
3125 945 3154 974 »
3189 923 3240 980 si
3269 920 3662 987 1iberaveris,«
3684 919 3876 977 exsul-

2232 1014 2432 1082 tabit,»
2471 1013 2527 1069 id
2555 1017 2662 1082 est,
2686 1013 3044 1070 exsultanter
3071 1010 3448 1068 annuntiabit
3480 1033 3501 1060 ι
3533 1009 3738 1082 lingua
3752 1024 3878 1065 mea

2225 1104 2522 1176 justitiam
2555 1107 2718 1159 tuam
2757 1126 2776 1152 ι
2815 1103 2886 1158 de
2915 1102 3207 1158 creatione
3257 1099 3386 1156 coeli
3424 1103 3482 1156 et
3508 1103 3694 1169 terrai,
3727 1101 3785 1156 et
3812 1099 3879 1155 de

2233 1194 2342 1250 hoc
2371 1194 2570 1260 etiam,
2602 1193 2758 1266 quod
2789 1192 2930 1248 facis
2959 1191 3258 1248 hominem
3281 1190 3534 1262 justum.

2304 1283 2626 1348 Domine,si
2659 1281 2820 1336 fuero
2849 1279 3151 1350 liberatus,
3175 1277 3492 1336 exsultabit
3520 1276 3726 1350 lingua
3755 1292 3882 1333 mea

2223 1371 2519 1444 justitiam
2551 1373 2800 1438 tuam,et
2821 1369 2998 1424 etiam
3019 1372 3083 1424 tu
3101 1364 3762 1439 «Domine,aperies,nid
3775 1370 3880 1434 est,

2232 1460 2586 1533 multiloqua
2618 1459 2797 1516 facies
2832 1481 2860 1511 «
2891 1457 3048 1514 labia
3078 1473 3232 1524 mea,
3252 1460 3309 1512 et
3334 1472 3400 1512 os
3431 1469 3630 1512 meum
3661 1470 3886 1510 annun-

2232 1550 2403 1608 tiabit
2431 1549 2666 1606 laudem
2697 1553 2916 1617 tuam,»
2950 1546 3006 1602 id
3039 1549 3290 1615 est,cum
3320 1543 3509 1600 multa
3533 1542 3886 1616 loquar,om-

2231 1639 2332 1695 nia
2359 1641 2532 1694 erunt
2554 1638 2625 1694 de
2653 1636 2824 1693 laude
2851 1640 2974 1693 tua.

2305 1751 2336 1780 «
2366 1726 2652 1795 Quoniam
2687 1747 2715 1777 ι»
2749 1725 2879 1782 ideo
2910 1724 3040 1780 dico
3067 1723 3223 1796 quod
3253 1721 3615 1780 annuntiabo
3642 1721 3883 1779 laudem

467 1831 567 1871 cor
599 1814 912 1884 mundum,
947 1831 980 1871 o
1009 1814 1223 1883 Deus,»
1248 1831 1321 1870 ne
1351 1814 1626 1887 deinceps
1655 1815 1826 1872 velim
1859 1831 2118 1888 peccare,
2153 1853 2202 1918 B
2232 1814 2562 1890 tuum,quia
2577 1813 2736 1871 aliud
2760 1812 3001 1871 noluisti
3021 1811 3544 1884 sacriﬁcium,quia
3567 1812 3702 1868 «si:
3725 1810 3885 1868 aliud

467 1920 600 1960 crea
621 1902 781 1973 dicit,
801 1903 941 1976 quia
971 1919 1086 1976 per
1105 1908 1409 1976 peccatum
1431 1908 1558 1960 erat
1575 1921 1674 1960 cor
1694 1904 1862 1977 quasi
1892 1906 2120 1962 destru-

466 1995 715 2060 ctum,et
734 2009 851 2048 non
881 1996 1111 2048 tantum
1143 2009 1372 2048 remove
1400 1992 1730 2050 voluntates
1753 1995 1995 2065 acorde,
2020 1995 2122 2050 scd

465 2081 642 2139 etiam
674 2080 1080 2154 suggestiones
1100 2086 1548 2154 acarne,posset
1576 2083 1732 2138 enim
1762 2081 2122 2139 voluntatem

467 2170 814 2228 mandatam
847 2169 1146 2244 suggestio
1173 2171 1367 2228 carnis
1395 2187 1788 2244 corrumpere,
1823 2195 1850 2221 ‹‹
1871 2177 1928 2227 et
1952 2194 1981 2222 »
2012 2171 2122 2228 hoc

467 2283 496 2313 «
531 2258 805 2333 spiritum
839 2261 1087 2328 rectum,
1110 2281 1139 2310 »
1169 2259 1228 2315 id
1260 2263 1371 2330 est,
1404 2258 1616 2316 Filium
1646 2260 1944 2332 tuum,qui
1974 2261 2122 2317 bene

465 2349 617 2424 regit
646 2366 852 2406 omnes
882 2365 1029 2421 quos
1060 2347 1372 2416 inhabitat,
1403 2371 1430 2398 α
1465 2347 1677 2404 innova
1705 2348 1765 2403 in
1798 2349 2120 2406 visceribus

465 2439 638 2508 meis,
672 2462 700 2490 ››
731 2438 791 2495 id
823 2442 931 2508 est,
966 2441 1031 2494 ut
1061 2439 1299 2494 innovet
1329 2454 1459 2493 mea
1486 2437 1732 2508 viscera,
1760 2437 1818 2493 id
1849 2443 1939 2494 est
1967 2438 2118 2494 desi-

465 2528 629 2586 deria
654 2544 796 2586 mets
828 2527 1041 2585 carnis.
1063 2527 1170 2584 Per
1199 2527 1306 2584 hoc
1335 2527 1491 2600 quod
1523 2529 1611 2584 ter
1639 2527 1804 2600 ponit
1832 2527 2118 2600 Spiritum

468 2621 740 2676 sanctum
771 2621 1048 2675 notamus
1078 2615 1442 2674 Trinitatem.

539 2707 783 2765 Peccata
829 2705 1047 2780 projice
1094 2722 1130 2761 a
1186 2705 1354 2774 facie,
1389 2705 1491 2761 sed
1523 2728 1550 2755 ‹‹
1581 2721 1696 2778 me,
1730 2727 1758 2755 »
1789 2704 1846 2761 id
1887 2709 1976 2762 est
2004 2706 2117 2762 hu—

466 2794 832 2868 manitatem,
864 2818 893 2845 «
917 2811 990 2850 ne
1019 2793 1295 2867 projicias
1315 2811 1350 2850 a
1371 2793 1514 2851 facie
1542 2794 1809 2864 tua,»sed
1840 2795 2120 2868 respicias

467 2902 666 2944 meum
690 2883 969 2943 meritum
997 2905 1024 2934 ιι
1045 2887 1103 2940 et
1121 2882 1405 2956 Spiritum
1429 2888 1700 2940 sanctum
1729 2887 1898 2940 tuum
1931 2901 2003 2941 ne
2023 2902 2120 2941 au-

463 2975 618 3033 feras
649 2991 684 3032 a
713 2991 826 3032 me.
865 2997 886 3024 υ
917 2973 1064 3030 Cum
1107 2971 1270 3042 dicit,
1324 2989 1396 3029 ne
1442 2973 1692 3042 auferas,
1744 2978 1908 3030 notat
1961 2975 2117 3046 quod

463 3063 660 3137 aliquo
672 3063 846 3120 modo
863 3061 1135 3118 haberet:
1151 3079 1266 3118 non
1293 3062 1449 3117 enim
1469 3061 1550 3118 ita
1566 3066 1764 3134 posset
1778 3063 2118 3136 compungi,

461 3150 577 3208 nisi
608 3149 796 3221 sancti
828 3149 1084 3222 Spiritus
1110 3149 1299 3222 gratia
1328 3149 1640 3206 tribuente.

2233 1928 2261 1957 «
2288 1904 2642 1961 sacriﬁcium
2666 1900 3275 1970 voluisses,dedissem
3296 1900 3557 1974 utique,»
3573 1901 3677 1957 sed
3695 1916 3888 1973 neque

2231 1995 2408 2052 etiam
2440 1993 2804 2061 holocausta,
2837 1993 2909 2048 de
2942 1991 3159 2064 quibus
3189 1989 3386 2062 potius
3413 1989 3727 2058 videretur,
3763 1988 3886 2062 pla-

2230 2088 2364 2141 cent
2383 2082 2490 2139 tibi
2516 2105 2543 2133 «
2567 2098 2755 2155 neque
2775 2097 3036 2154 unquam
3059 2078 3418 2136 holocaustis
3447 2076 3884 2135 delectaberisa

2303 2172 2668 2230 Sacriﬁcium
2698 2169 3044 2227 animalium
3075 2185 3192 2226 non
3223 2167 3414 2241 placet
3439 2167 3568 2236 tibi,
3587 2167 3688 2224 sed
3715 2189 3738 2218 ι
3771 2167 3887 2241 spi-

2230 2261 2380 2318 ritus
2410 2259 2863 2328 contribulatus,
2900 2282 2928 2309 »
2961 2258 3022 2314 id
3069 2262 3160 2316 est
3217 2255 3416 2312 anima
3465 2272 3594 2329 quas
3639 2255 3891 2314 tribulat

2229 2349 2566 2425 superbiam
2589 2353 2648 2406 et
2669 2353 2876 2406 cratera
2891 2347 3147 2419 vitia,est
3170 2369 3199 2400 ‹‹
3218 2344 3573 2403 sacriﬁcium
3594 2367 3623 2396 »
3647 2344 3890 2419 placens

2237 2464 2264 2496 α
2287 2441 2403 2498 Deo
2425 2463 2453 2492 ››
2488 2463 2517 2490 ‹‹
2540 2456 2645 2494 nec
2679 2455 2940 2511 unquam
2973 2437 3281 2510 despicies,
3301 2453 3334 2492 ο
3362 2435 3644 2504 Deus,cor
3672 2434 3889 2492 contri-

2230 2535 2356 2587 tum
2389 2552 2417 2581 »
2452 2546 2554 2602 per
2602 2529 2830 2584 fructus
2875 2525 3231 2600 pmnitentiaa
3265 2543 3277 2582 :
3314 2547 3343 2576 ‹‹
3375 2528 3434 2581 et
3467 2547 3496 2574 ››
3525 2524 3609 2580 ita
3635 2546 3664 2574 α
3693 2524 3891 2580 humi-

2227 2619 2456 2676 liatum.
2495 2642 2516 2668 ιο

2299 2707 2556 2782 Benigne
2577 2707 2687 2777 fac,
2701 2705 2968 2775 Domine,
2994 2705 3159 2780 ponit
3177 2705 3446 2779 quintam
3467 2707 3720 2778 partem.
3743 2703 3886 2760 Dico

2228 2798 2368 2872 quia
2390 2796 2497 2852 tibi
2529 2795 2721 2870 placet
2750 2795 2866 2852 tale
2897 2794 3276 2864 sacriﬁcium,
3313 2798 3377 2851 ut
3406 2796 3601 2851 autem
3633 2791 3745 2850 tibi
3779 2791 3887 2849 tale

2227 2887 2504 2943 offeratur
2533 2908 2561 2934 ‹‹
2593 2884 2844 2957 benigne
2872 2885 2980 2952 fac,
3014 2905 3042 2933 »
3074 2882 3131 2938 id
3164 2887 3275 2950 est,
3305 2881 3467 2956 large
3496 2879 3729 2938 scilicet
3757 2898 3886 2938 con-

2227 2978 2387 3032 strue
2416 2972 2738 3030 Ecclesium
2751 2996 2779 3023 ‹‹
2795 2972 2956 3040 Sion,
2985 2995 3007 3022 ι
3042 2972 3219 3028 ethoc
3235 2975 3367 3044 peto
3393 2988 3509 3027 non
3529 2987 3599 3028 ex
3626 2969 3880 3037 meritis,

2226 3067 2327 3124 sed
2351 3083 2419 3122 ex
2443 3089 2464 3116 ι
2491 3069 2594 3120 tua
2621 3061 2918 3120 voluntate
2941 3084 2970 3112 »
2992 3078 3118 3136 quae
3135 3061 3467 3134 specialiter
3490 3082 3518 3111 «
3538 3060 3699 3116 bona
3725 3083 3748 3108 ι
3775 3063 3882 3126 est,

2227 3180 2255 3207 ‹‹
2290 3160 2356 3212 ut
2385 3178 2414 3206 »
2449 3154 2533 3210 sic
2562 3177 2590 3203 «
2623 3151 2984 3208 aediﬁcentur
3015 3174 3044 3202 ››
3073 3150 3390 3207 virtutibus
3421 3174 3450 3201 ε(
3483 3147 3779 3220 muri,-id
3799 3151 3886 3206 est

533 3238 672 3296 Dico
695 3253 768 3295 ne
788 3237 1042 3308 auferas,
1065 3237 1166 3294 sed
1203 3237 1402 3309 potius
1427 3238 1651 3294 «redde
1679 3238 1826 3294 mihi
1855 3239 2114 3296 laetitiam
2147 3223 2191 3294 (ἶ
2228 3245 2496 3302 fortiores
2529 3239 2941 3299 «Hierusalem
2968 3263 2996 3291 »
3016 3238 3454 3313 Ecclesim,quia
3484 3237 3637 3295 muri
3656 3236 3885 3294 cecide-

462 3325 743 3386 salutaris
773 3324 882 3392 tui,
919 3347 948 3374 »
981 3329 1048 3381 ut
1078 3325 1232 3382 sicut
1260 3326 1332 3382 de
1361 3325 1615 3382 adventu
1647 3326 1776 3382 Filii
1806 3329 1892 3384 tui
1925 3331 1995 3386 de
2025 3347 2115 3387 se-

463 3414 624 3473 mine
667 3429 797 3471 meo
845 3412 1128 3470 nascituri
1176 3412 1436 3486 laetabar,
1469 3417 1603 3470 ante
1650 3415 1760 3471 hoc
1809 3422 2116 3490 peccatum

461 3503 629 3580 prius
659 3501 745 3561 sic
777 3506 1013 3576 recepta
1031 3502 1201 3558 venia
1219 3506 1276 3558 et
1298 3502 1532 3577 cognita
1552 3503 1828 3578 deinceps
1849 3505 2113 3563 laetabor:

467 3616 490 3656 ᾳ
520 3597 578 3651 et
598 3615 627 3644 »
659 3592 888 3651 reddita
911 3589 1113 3648 laetitia
1146 3592 1481 3649 «conﬁrma
1510 3609 1662 3662 me,»
1682 3593 1764 3650 ita
1785 3599 1849 3652 ut
1873 3596 2116 3654 ulterius

465 3680 806 3740 nullatenus
827 3680 1143 3738 movearad
1157 3683 1459 3754 peccatum
1476 3680 1726 3754 «spiritu
1749 3683 2114 3758 principali,»

464 3771 522 3828 id
548 3775 638 3829 est
659 3771 776 3828 Deo
807 3774 970 3844 patre
1001 3769 1394 3827 inhabitatore
1425 3770 1561 3826 mei.
1594 3771 1848 3844 Spiritus
1895 3775 2117 3846 princi~

463 3859 616 3935 palis
636 3859 766 3917 ideo
791 3860 961 3918 Pater
989 3859 1222 3929 dicitur,
1257 3857 1397 3932 quia
1425 3860 1497 3916 ab
1527 3876 1594 3917 eo
1620 3861 1884 3934 procedit
1912 3862 2113 3935 Filius,

463 3953 522 4008 et
551 3949 624 4006 ab
655 3953 906 4022 utroque
936 3947 1191 4021 Spiritus
1222 3952 1482 4006 sanctus.

535 4037 706 4094 Ponit
734 4040 1007 4110 quartam
1033 4041 1258 4110 partem
1292 4055 1306 4095 :
1338 4037 1477 4095 Dico
1515 4039 1712 4106 redde,
1746 4041 2031 4098 conﬁrma
2059 4047 2118 4099 et

465 4125 516 4184 si
545 4125 656 4182 hoc
685 4125 914 4195 feceris,
950 4141 1065 4182 non
1114 4127 1271 4198 quod
1314 4127 1554 4184 offeram
1603 4127 1710 4184 tibi
1757 4129 1964 4186 bovem
2014 4136 2118 4188 aut

463 4213 718 4284 hircum,
753 4215 856 4272 sed
899 4213 1036 4270 inde
1067 4213 1370 4288 acquiram
1399 4214 1506 4271 tibi
1536 4215 1777 4285 multos,
1803 4223 1862 4274 et
1891 4217 2000 4275 hoc
2027 4223 2118 4276 est

465 4325 494 4354 «
525 4303 746 4360 docebo
776 4301 1012 4376 iniquos
1041 4302 1164 4359 vias
1192 4308 1348 4373 tuas,
1386 4326 1414 4354 ››
1442 4303 1501 4359 id
1533 4309 1623 4360 est
1669 4310 1954 4380 prmeepta
1991 4312 2112 4377 tua,

467 4413 496 4442 ‹‹
517 4395 576 4448 et
597 4413 626 4442 ››
648 4391 731 4449 ita
767 4411 788 4440 α
814 4390 982 4464 impii
1004 4412 1030 4436 ν
1056 4392 1157 4464 qui
1181 4395 1324 4448 sunt
1361 4395 1564 4448 contra
1592 4393 1857 4450 divinum
1889 4395 2114 4453 cultum

463 4484 873 4540 convertentur
893 4479 966 4536 ad
991 4483 1064 4536 te.
1087 4504 1109 4532 ι
1139 4481 1300 4548 Quod
1333 4480 1474 4537 dicit
1501 4483 1634 4552 post
1663 4487 1958 4554 peractam
1991 4503 2115 4558 pce-

2225 3338 2362 3390 runt
2387 3330 2860 3405 praevaricatione
2893 3329 3067 3403 primi
3099 3327 3538 3404 parentis,sicut
3565 3325 3729 3382 muri
3764 3326 3886 3383 Hie-

2225 3421 2480 3479 rusalem
2503 3420 2736 3476 realiter
2754 3422 2998 3476 ruerunt
3019 3436 3054 3475 a
3072 3435 3208 3475 coco
3228 3415 3794 3485 Nabuchodonosor,
3807 3413 3888 3470 ita

2224 3528 2399 3568 cocus
2431 3513 2649 3576 noster,
2683 3509 2741 3564 in
2775 3512 2885 3576 est,
2916 3506 3056 3581 gula
3084 3510 3284 3565 nostra
3336 3503 3588 3562 destruit
3615 3503 3680 3560 in
3714 3503 3886 3561 nobis

2227 3617 2429 3657 muros
2459 3597 2810 3672 spiritualis,
2841 3595 3227 3665 Hierusalem,
3259 3595 3318 3652 id
3349 3599 3439 3652 est
3465 3593 3742 3650 virtutes.

2295 3690 2459 3746 Tunc
2490 3687 2640 3755 dico,
2675 3689 2950 3743 construe
2983 3684 3328 3754 Ecclesium,
3359 3706 3387 3734 ‹‹
3421 3686 3584 3748 tunc,
3615 3703 3644 3733 η
3679 3681 3746 3737 id
3776 3685 3884 3750 est,

2225 3794 2294 3836 ea
2321 3780 2658 3835 constructa
2687 3798 2716 3826 «
2749 3773 3102 3848 acceptabis,
3141 3797 3162 3825 ι
3199 3773 3257 3830 id
3290 3776 3380 3830 est
3409 3769 3775 3843 acceptabile
3805 3786 3888 3826 re-

2223 3867 2406 3940 cipies
2439 3887 2468 3916 «
2499 3863 2854 3922 sacriﬁcium
2879 3862 3180 3935 justitiaa,»
3206 3861 3264 3918 id
3295 3865 3387 3918 est
3415 3857 3886 3916 immolationem

2224 3953 2515 4014 Dominici
2544 3953 2804 4026 corporis
2840 3975 2862 4002 ι
2897 3957 2956 4009 et
2983 3973 3012 4003 η
3048 3949 3382 4026 acceptabis
3414 3971 3443 4001 ‹‹
3473 3947 3834 4020 oblationes,
3854 3967 3882 3997 η

2225 4046 2284 4102 id
2313 4048 2404 4101 est
2433 4042 2676 4100 virtutes
2725 4044 3064 4096 sanctorum
3125 4039 3551 4105 confessorum,
3583 4034 3692 4110 qui
3753 4035 3889 4092 licet

2224 4139 2379 4192 totos
2408 4149 2470 4189 se
2498 4148 2614 4187 non
2645 4134 2930 4197 cremant,
2965 4133 3163 4186 tamen
3213 4127 3436 4201 aliquid
3481 4125 3598 4182 Deo
3627 4124 3888 4181 offerunt

2231 4243 2253 4274 α
2285 4227 2344 4279 et
2372 4220 2739 4286 holocausta,
2772 4241 2801 4269 »
2850 4217 2908 4274 id
2941 4222 3033 4274 est
3071 4217 3318 4274 virtutes
3346 4218 3690 4272 sanctorum
3726 4231 3886 4271 mar-

2222 4315 2440 4385 tyrum,
2472 4308 2570 4382 qui
2605 4311 2759 4364 totos
2789 4324 2852 4364 se
2883 4311 3168 4375 cremant,
3202 4309 3260 4362 et
3296 4325 3324 4359 α
3351 4309 3492 4362 tunc
3522 4303 3885 4375 imponent»

2224 4399 2393 4456 multi
2416 4400 2488 4454 de
2516 4395 2777 4453 Ecclesia
2807 4419 2827 4446 α
2862 4395 3100 4465 vitulos,
3131 4415 3160 4446 »
3191 4395 3251 4450 id
3280 4397 3370 4451 est
3399 4408 3578 4450 novos
3607 4390 3888 4465 populos,

2223 4489 2323 4562 qui
2357 4489 2622 4543 nondum
2657 4484 2886 4540 fuerant
2915 4483 3026 4540 sub
3051 4485 3218 4556 jugo.
3242 4481 3343 4539 Vel
3375 4497 3480 4554 per
3503 4478 3726 4537 vitulos
3748 4497 3890 4553 pre-

465 4569 771 4661 nitentiam
817 4567 1071 4661 recipere
1102 4569 1374 4661 ofﬁcium
1395 4569 1663 4661 docendi,
1698 4572 1852 4661 quod
1879 4579 2116 4661 propter
2143 4595 2192 4661 ι)
2225 4577 2532 4642 dicatores,
2564 4573 2665 4646 qui
2713 4571 2990 4646 mugiunt
3035 4571 3152 4661 Deo
3201 4587 3305 4644 per
3351 4574 3542 4627 totum
3587 4569 3888 4661 mundum

463 4660 770 4731 peccatum
819 4655 1116 4724 amiserat,
1149 4658 1250 4714 dat
1299 4655 1641 4730 intelligere,
1676 4659 1832 4730 quod
1877 4659 1982 4730 illi,
2015 4667 2116 4736 qui
2143 4655 2184 4661 ⁷
2231 4687 2260 4718 ‹‹
2291 4681 2468 4737 super
2514 4661 2698 4718 altare
2755 4665 2947 4726 tuum,
2985 4682 3008 4710 ιι
3045 4659 3103 4715 id
3135 4663 3228 4716 est
3255 4658 3573 4725 Christum,
3607 4655 3742 4714 sine
3773 4672 3889 4730 quo

463 4747 700 4820 propter
753 4749 990 4818 peccata
1049 4746 1446 4818 degradantur
1489 4745 1548 4801 in
1579 4746 1853 4818 Ecclesia,
1887 4758 2120 4822 peracta
2226 4753 2400 4811 nullas
2431 4751 2754 4809 oblationes
2781 4767 2816 4806 a
2844 4749 2959 4806 Deo
2990 4747 3372 4822 recipiuntur.

462 4831 865 4910 pcenitcntiam
892 4833 1123 4906 possint
1173 4833 1427 4906 restitui,
1460 4837 1663 4891 contra
1692 4838 1845 4908 quod
1877 4838 2118 4912 quidam
2754 4855 2825 4912 ΙΝ
2866 4853 3218 4912 pSALMUM
3257 4853 3346 4910 L1,

461 4940 650 4984 canon
681 4937 809 4980 esse
839 4921 1088 5017 videtur,
1121 4922 1221 4996 qui
1254 4922 1416 4994 dicit,
1449 4924 1605 4996 quod
1634 4929 1767 4997 post
1795 4925 2029 5000 lapsum
2060 4935 2118 4988 et

2238 4953 2480 5008 I‘rruws
2515 4964 2528 5002 :
2563 4945 2633 5017 In,
2653 4945 2820 5017 ﬁnem
2869 4943 3170 5000 intellectus
3218 4939 3410 5017 David,
3443 4957 3568 5017 σκέπη

462 5014 700 5086 peracta
709 5010 1385 5086 pcenitentiam,quilibet
1400 5029 1516 5069 non
1532 5013 1705 5069 debet
1725 5014 2116 5084 restitui.Quas

464 5105 663 5158 tamen
694 5099 1010 5175 singularis
1043 5101 1367 5156 secundum
1417 5099 1717 5157 simularie
1747 5105 2113 5176 poenitentes,

465 5189 655 5262 magis
675 5206 853 5263 quam
871 5189 1195 5247 secundum
1218 5189 1522 5246 veritatem
1543 5195 1633 5246 est
1653 5191 2001 5258 data.Quare
2025 5211 2118 5268 ge-

467 5277 682 5334 neralis
711 5277 1000 5335 sententia
1030 5282 1121 5336 est
1168 5278 1458 5346 habenda,
1492 5282 1559 5334 ut
1587 5279 1634 5334 si
1668 5279 1864 5336 divino
1886 5282 2111 5352 judicio

465 5363 566 5420 illa
587 5365 929 5438 pcenitcntia
950 5371 1184 5439 peracta
1202 5366 1694 5439 comprobctur,in
1720 5384 1887 5423 suam
1919 5369 2110 5442 digni-

465 5457 647 5509 tatem
674 5455 979 5524 pristinam
1013 5474 1260 5528 persona
1291 5457 1659 5512 reformatur.

537 5565 563 5590 ‹‹
601 5540 806 5596 Libera
836 5567 862 5592 ι)
896 5549 952 5599 et
984 5550 1048 5600 ut
1093 5545 1315 5616 possim
1365 5545 1570 5600 docere
1624 5544 1840 5613 alios,o
1873 5569 1900 5596 α
1934 5548 2108 5618 Deus,

469 5651 496 5682 ‹‹
520 5628 702 5692 libera
728 5647 818 5686 me
844 5632 913 5687 de
935 5632 1384 5704 sanguinibus,»
1411 5632 1467 5687 id
1494 5633 1678 5702 est,de
1707 5635 1962 5706 peccatis
1983 5655 2110 5710 quae

2294 5037 2421 5077 cum
2477 5011 2662 5074 Doech'
2707 5014 3006 5081 Idumaeas,
3034 5021 3088 5070 et
3138 5014 3428 5071 nuntiavit.
3471 5011 3678 5068 Sauli:
3731 5011 3892 5067 Venit

2293 5089 2467 5148 David
2497 5090 2558 5144 in
2584 5087 2807 5143 domum
2833 5084 3160 5142 Abimelech.

2299 5220 2328 5249 ‹‹
2359 5195 2507 5264 Quid
2538 5192 2829 5268 gloriaris.
2865 5215 2892 5241 ››
2922 5191 3069 5248 Cum
3118 5191 3298 5248 David
3345 5191 3810 5264 persequeretur
3858 5205 3894 5244 a

2220 5287 2382 5356 Saul,
2413 5283 2569 5340 venit
2595 5282 2656 5338 in
2685 5282 2928 5338 domum
2975 5279 3312 5337 Abimelech
3362 5277 3686 5336 sacerdotis
3744 5292 3893 5333 cum

2221 5376 2429 5441 suis,et
2449 5388 2583 5429 cum
2606 5369 2705 5426 ille
2739 5386 2852 5426 non
2883 5369 3125 5426 haberet
3145 5385 3349 5441 panes,
3380 5367 3494 5422 nisi
3528 5381 3710 5438 panes
3749 5380 3896 5438 pro-

2220 5465 2601 5538 positionum,
2634 5459 2796 5515 dedit
2850 5458 2983 5514 illos
3027 5457 3206 5514 David
3258 5461 3316 5512 et
3345 5457 3492 5524 suis,
3526 5459 3584 5510 et
3608 5452 3896 5526 gladium

2221 5570 2394 5626 quem
2418 5549 2594 5606 David
2618 5545 2790 5604 Golia:
2816 5545 3154 5602 abstulerat.
3188 5546 3326 5602 Erat
3355 5549 3554 5602 autem
3577 5540 3657 5596 ibi
3678 5539 3899 5598 Doech

2220 5638 2614 5706 ldumzcus,de
2643 5635 2867 5692 familia
2900 5634 3272 5706 Saul,custos
3302 5647 3586 5706 equorum
3613 5629 3898 5702 ejus,qui
