4080 6180
436 292 556 357 379

806 293 1214 357 HAYMONIS
1261 291 1803 356 HALBERSTAT.
1848 290 2092 355 EPISC.
2141 291 2312 356 OPP.
2363 293 2562 356 PARS
2609 294 2658 356 Ι.
2705 327 2782 339 -
2829 291 3236 358 COMMENT.
3282 293 3481 356 BIBL.

3726 290 3827 354 380

435 427 856 502 persecutionis
884 445 1023 494 suae,
1049 443 1120 482 ne
1150 444 1258 483 sua
1288 427 1597 499 praesentia
1625 430 1778 483 esset
1799 426 1882 481 eis
1906 441 2083 481 causa
2110 426 2166 494 Α
2197 431 2254 482 et
2281 443 2342 483 se
2374 428 2571 500 ipsum
2603 427 2932 496 exaltando,
2967 447 3002 481 ac
3033 428 3085 484 is
3115 427 3216 499 qui
3247 427 3452 483 odorat
3491 443 3586 483 me
3619 443 3633 484 :
3672 448 3696 472 η
3725 443 3830 482 non

436 518 678 588 majoris
711 515 946 570 insanire
976 532 988 570 :
1016 515 1399 586 quietus,non
1428 516 1556 570 ideo
1579 515 1718 586 quin
1749 515 1870 586 ipse
1895 518 2092 585 posset

435 622 563 662 esse
585 604 819 677 quietus
842 604 993 657 inter
1009 619 1212 658 omnes
1229 604 1522 658 tumultus
1547 603 1726 672 hujus
1747 603 2002 669 vitaa,sed
2028 606 2092 656 ut

437 692 780 749 darctnobis
793 691 1124 762 exemplum
1149 692 1454 747 recedendi
1475 693 1544 746 ab
1562 692 1674 746 isto
1689 690 1947 745 tumultu
1973 707 2090 745 cor-

434 781 678 854 poralia,
713 796 784 834 ne
817 796 1184 835 moveremus
1218 779 1364 835 alios
1397 781 1465 834 ad
1501 781 1784 850 majorem
1812 780 2088 833 furorem.

433 868 750 925 Tumultus
783 868 1019 940 quidem
1055 869 1302 923 exterior
1328 872 1417 924 est
1449 868 1786 939 fugiendus,
1807 867 1945 939 quia
1966 868 2090 939 ipse

431 962 521 1014 est
551 975 729 1012 causa
761 957 1188 1028 inquietudinis
1220 957 1425 1012 animi.

502 1049 644 1102 Ecce
677 1045 912 1118 quaesivi
948 1051 1012 1100 ut
1035 1047 1315 1101 darentur
1345 1049 1642 1117 pennze,et
1674 1066 1699 1094 ‹‹
1725 1061 1856 1100 ccce
1889 1067 1914 1094 »
1943 1046 2088 1098 datae

432 1140 590 1204 sunt,
624 1134 839 1207 quibus
873 1156 900 1183 «
922 1133 1185 1206 elongavi
1213 1135 1444 1206 fugiens
1475 1155 1500 1182 n
1543 1133 1922 1205 corporaliter
1971 1135 2081 1188 Ju—

431 1226 606 1292 dzeos,
643 1245 671 1274 ‹‹
703 1227 758 1279 et
791 1223 978 1278 mansi
1013 1224 1071 1277 in
1096 1221 1462 1278 solitudine»
1492 1223 1564 1277 ad
1597 1221 1872 1276 litteram.

502 1316 571 1370 Et
600 1313 887 1369 exsistens
920 1313 977 1366 in
1023 1311 1338 1367 solitudine
1369 1332 1396 1361 «
1427 1328 1560 1365 eum
1597 1311 1694 1382 qui
1728 1328 1820 1365 me
1864 1310 2088 1364 salvum

431 1404 566 1459 fecit
595 1420 629 1457 a
659 1401 1144 1473 pusillanimitate
1176 1399 1490 1471 spiritus,»
1528 1400 1584 1454 id
1617 1405 1724 1468 est,
1756 1400 1856 1471 qui
1884 1415 1976 1454 me
2006 1399 2090 1453 sic

429 1491 844 1556 custodivit,ut
875 1489 1116 1562 spiritus
1153 1506 1320 1545 meus
1338 1489 1658 1555 humanus,
1680 1488 1780 1560 qui
1800 1493 2089 1561 quantum

430 1582 502 1638 ad
533 1579 831 1637 hominem
865 1578 1116 1652 pusillus
1146 1582 1288 1644 erat,
1314 1594 1430 1632 non
1465 1578 1754 1648 deficeret,
1783 1599 1809 1626 ‹‹
1844 1581 1952 1632 et»
1989 1577 2089 1648 qui

427 1688 522 1727 me
551 1669 774 1725 salvum
806 1667 942 1724 fecit
970 1685 1003 1722 a
1037 1689 1064 1718 α
1093 1670 1444 1739 tempestate
1477 1689 1504 1716 »
1537 1665 1943 1721 tribulationis
1987 1666 2089 1721 Ju-

428 1761 795 1825 dzeorum,ne
825 1757 1021 1830 aliquo
1045 1758 1218 1812 modo
1249 1755 1567 1811 conformis
1589 1755 1674 1811 eis
1706 1756 1925 1822 fierem,
1950 1772 2086 1810 cum

428 1849 528 1922 qui
560 1848 669 1904 hoc
701 1847 834 1902 fecit
862 1870 889 1896 «
915 1847 1324 1918 exspectabam
1357 1867 1384 1896 »
1414 1849 1479 1900 ut
1527 1845 1880 1901 resuscitare
1930 1845 2082 1900 face-

427 1944 535 2007 ret,
571 1943 680 1995 etc.

503 2050 530 2079 ‹‹
551 2026 908 2097 Praecipita.»
932 2025 1035 2080 Hic
1051 2024 1257 2096 incipit
1283 2025 1353 2079 de
1375 2025 1634 2079 secunda
1652 2022 2084 2095 parte,scilicet,

427 2113 736 2188 imprecari
768 2113 892 2169 suis
931 2112 1340 2184 inimicis.Ego
1367 2111 1651 2184 elongavi,
1673 2112 1900 2184 fugiens
1933 2110 2089 2166 mala

427 2221 652 2270 eorum,
677 2203 777 2258 sed
803 2207 889 2270 tu,
914 2223 940 2251 «
965 2201 1230 2267 Domine,
1255 2199 1572 2272 praecipita,
1598 2222 1625 2250 ››
1651 2217 1750 2255 eos
1790 2201 1862 2256 de
1893 2199 2088 2255 altitu-

427 2295 564 2352 dine
597 2289 760 2364 regni
791 2289 978 2357 sui,in
1012 2291 1350 2360 contemptu
1380 2287 1711 2354 hominum,
1737 2293 1794 2343 et
1830 2311 1856 2338 «
1893 2288 2086 2345 divide

426 2382 660 2455 linguas
691 2396 917 2446 eorum,
952 2401 978 2428 ››
1007 2379 1063 2433 id
1097 2377 1466 2446 est,diversis
1515 2377 1814 2432 erroribus
1847 2377 2084 2448 implica

427 2472 661 2544 linguas
682 2472 976 2535 eorum,ut
995 2468 1105 2522 sibi
1133 2484 1246 2521 non
1265 2466 1638 2522 consentiant
1654 2465 1713 2520 in
1738 2466 2079 2538 Scripturis,

427 2559 580 2616 sicut
611 2575 715 2614 nec
747 2556 918 2612 hodie
947 2555 1192 2611 faciunt.
1227 2555 1560 2610 Admodum
1592 2555 1951 2626 imprecatur
1971 2555 2076 2624 eis,

427 2649 524 2722 qui
557 2652 761 2704 contra
790 2647 973 2701 Deum
1005 2646 1218 2700 turrim
1251 2645 1625 2711 zediﬁcantes,
1643 2648 1783 2698 sunt
1825 2645 2081 2716 prmcipi-

426 2739 532 2795 tati
564 2742 621 2793 et
651 2735 819 2792 divisi
852 2751 956 2807 per
1003 2733 1256 2808 linguas,
1292 2739 1348 2788 et
1395 2733 1570 2789 debes
1618 2732 1981 2804 praecipitare
2023 2737 2080 2788 et

427 2827 703 2894 dividere,
738 2848 765 2875 ‹‹
799 2823 1077 2897 quoniam
1112 2840 1215 2896 ego
1247 2822 1362 2878 vidi
1395 2821 1784 2894 iniquitatem,
1823 2843 1848 2869 ››
1882 2822 1939 2876 id
1988 2825 2078 2877 est

428 2915 683 2974 actualia
711 2913 885 2980 mala,
920 2929 1047 2985 quae
1079 2912 1223 2967 mihi
1259 2911 1584 2967 inferebant
1617 2932 1643 2961 «
1674 2914 1730 2965 et
1749 2910 2073 2966 contradic-

421 3006 639 3062 tionem
677 3026 704 3052 »
735 3003 794 3058 in
838 3003 1052 3068 verbis,
1096 3002 1313 3072 quibus
1361 3004 1563 3055 contra
1610 3000 1881 3055 dicebant
1931 3015 2072 3054 meae

423 3090 844 3166 praedicationi,
871 3114 896 3139 «
923 3091 981 3144 in
1005 3091 1235 3145 civitate
1260 3111 1286 3136 ››
1313 3088 1446 3144 reali
1475 3087 1858 3143 Hierusalem.
1881 3089 2075 3143 Potest

2199 516 2328 570 dico
2362 515 2708 588 simpliciter
2738 516 3180 582 sustinuissem,
3215 516 3313 572 sed
3348 537 3376 564 »
3409 513 3831 572 abscondissem

2201 621 2293 660 me
2325 627 2353 654 ››
2386 606 2766 678 corporaliter
2797 606 3146 662 removendo
3169 628 3197 655 ‹‹
3223 606 3294 661 ab
3316 622 3404 672 eo,
3436 627 3463 655 ››
3494 610 3552 661 et
3579 603 3685 658 hoc
3715 604 3834 660 dico

2201 717 2228 743 ‹‹
2264 694 2529 761 forsitan,
2568 720 2589 747 ι
2629 695 2686 750 id
2720 701 2827 760 est,
2863 711 3079 750 revera.

2273 804 2299 831 «
2321 784 2406 837 Tu
2420 800 2553 838 vero
2572 783 2806 840 homo.»
2823 783 3133 839 Inimicum
3149 784 3580 848 sustinuisset,«
3596 789 3659 838 tu
3671 799 3798 837 vero
3812 804 3836 831 »

2200 871 2300 942 qui
2325 872 2580 927 amicum
2608 872 2932 928 simulabas
2951 875 3150 942 te,non
3176 889 3238 926 es
3257 872 3720 938 sustinendus,et
3737 871 3840 926 hoc

2200 963 2307 1027 est,
2340 965 2404 1015 tu
2436 985 2463 1009 «
2496 961 2670 1017 homo
2702 961 3023 1027 unanimis,
3065 983 3090 1009 ››
3123 961 3180 1016 id
3212 965 3324 1027 est,
3355 961 3455 1032 qui
3487 967 3542 1016 te
3587 961 3840 1032 ﬁngebas

2200 1049 2537 1105 unanimem
2573 1050 2740 1118 mihi,
2775 1073 2802 1098 «
2839 1051 2955 1104 dux
2986 1065 3156 1105 meus
3189 1073 3214 1098 »
3243 1065 3417 1122 quem
3449 1066 3554 1120 ego
3594 1047 3840 1121 praemit-

2198 1138 2394 1192 tebam
2413 1139 2566 1193 sicut
2586 1138 2731 1193 alios
2753 1138 3094 1211 discipulos,
3110 1143 3175 1193 ut
3194 1143 3469 1210 pararent
3487 1136 3631 1193 mihi
3653 1137 3844 1208 hospi-

2199 1225 2368 1292 tium,
2395 1251 2422 1276 «
2448 1233 2505 1282 et
2535 1234 2710 1284 notus
2728 1245 2894 1283 meus
2921 1250 2947 1276 ››
2979 1228 3305 1283 secundum
3328 1226 3841 1301 conversationem.

2273 1339 2297 1363 α
2327 1317 2432 1381 Qui
2460 1339 2486 1364 ››
2510 1318 2683 1372 etiam
2705 1317 2958 1371 existens
2981 1339 3007 1365 ‹‹
3032 1333 3262 1371 mecum
3285 1314 3462 1370 simul
3493 1338 3518 1364 ››
3536 1331 3671 1370 cum
3697 1313 3844 1382 aliis,

2201 1425 2226 1450 ‹‹
2261 1401 2532 1473 capiebas
2564 1403 2726 1459 cibos
2759 1401 2981 1468 dulces,
3019 1424 3046 1451 »
3075 1403 3175 1474 qui
3208 1403 3490 1458 deberent
3516 1419 3645 1457 esse
3676 1418 3850 1457 causa

2199 1489 2390 1545 dulcis
2417 1490 2708 1546 amicitia.
2741 1491 2840 1546 Vel
2875 1513 2902 1540 «
2937 1491 3140 1547 dulces
3178 1490 3359 1558 cibos,
3389 1513 3416 1540 »
3460 1491 3515 1546 id
3565 1494 3657 1546 est
3682 1491 3850 1562 spiri-

2198 1578 2416 1634 tualem
2447 1579 2941 1652 doctrinam,quae
2971 1580 3254 1636 debuerat
3283 1579 3389 1634 tibi
3414 1595 3542 1635 esse
3563 1578 3778 1645 dulcis,
3801 1584 3853 1634 et

2199 1685 2233 1723 a
2259 1668 2576 1724 traditione
2608 1685 2922 1737 removere,
2957 1673 3014 1724 et
3061 1669 3241 1724 etiam
3266 1691 3293 1718 «
3328 1666 3770 1723 ambulavimus
3799 1668 3851 1722 in

2198 1758 2372 1812 domo
2395 1757 2495 1813 Dei
2520 1774 2651 1813 cum
2678 1775 2968 1814 consensu
2993 1775 3005 1812 :
3034 1779 3062 1806 ››
3083 1762 3141 1813 et
3158 1757 3204 1812 si
3229 1757 3544 1829 aliquando
3579 1756 3852 1812 Pharisaei

2199 1851 2399 1901 contra
2430 1847 2704 1902 dicebant
2734 1847 2793 1901 in
2827 1845 3145 1918 templo,tu
3178 1845 3324 1901 mihi
3349 1845 3857 1912 consentiebas,et

2198 1952 2330 1990 cum
2364 1935 2509 1990 mihi
2543 1937 2624 1991 ita
2652 1934 2959 1992 familiaris
2989 1951 3172 2003 esses,
3207 1951 3391 2006 quare
3414 1950 3550 2006 ergo
3583 1938 3648 1989 tu
3679 1933 3854 1990 homo

2196 2023 2256 2078 in
2288 2041 2380 2079 me
2410 2025 2702 2095 peccasti?

2266 2114 2335 2168 Et
2364 2113 2503 2184 quia
2527 2113 2773 2184 iste,qui
2805 2117 2927 2168 tam
2959 2113 3267 2168 familiaris
3297 2113 3440 2168 mihi
3473 2116 3615 2182 erat,
3641 2113 3728 2169 sic
3768 2131 3854 2170 me

2193 2201 2456 2270 tradidit,
2488 2222 2510 2250 ι
2534 2205 2728 2257 veniat
2749 2219 2925 2274 super
2945 2202 3076 2259 illos
3102 2225 3129 2251 ››
3152 2202 3253 2274 qui
3273 2201 3370 2257 isti
3392 2202 3851 2272 consentientes,

2194 2290 2252 2344 in
2275 2307 2366 2346 me
2386 2295 2788 2363 peccaverunt,
2806 2315 2834 2341 ‹‹
2861 2308 3020 2347 mors
3045 2313 3071 2340 ››
3089 2290 3146 2345 id
3171 2295 3281 2358 est,
3298 2289 3485 2347 levius
3505 2290 3852 2362 puniantur,

2192 2379 2292 2450 qui
2318 2379 2750 2451 ignoranter,in
2783 2397 2877 2436 me
2905 2384 3314 2453 peccaverunt,
3349 2380 3407 2435 id
3432 2385 3542 2447 est,
3577 2397 3691 2436 non
3731 2399 3860 2437 sen-

2189 2469 2338 2523 tiant
2365 2483 2598 2540 gravem
2632 2486 2888 2540 pmnam,
2921 2469 3075 2524 sicut
3104 2485 3209 2524 nec
3246 2468 3332 2523 illi
3366 2469 3469 2540 qui
3504 2469 3718 2524 mortui
3750 2486 3863 2526 crc-

2197 2561 2455 2618 mantur.
2489 2561 2546 2614 et
2572 2557 2669 2612 aiii
2702 2557 2802 2630 qui
2837 2558 3090 2612 scienter
3119 2563 3525 2629 peccaverunt,
3554 2581 3582 2608 «
3609 2559 3860 2614 descen-

2186 2645 2336 2700 dant
2367 2644 2427 2699 in
2459 2644 2756 2700 infernum
2787 2645 3064 2712 viventes,
3093 2667 3120 2694 »
3146 2645 3200 2700 id
3224 2650 3331 2712 est,
3358 2646 3440 2700 ita
3459 2645 3709 2718 graviter
3749 2664 3860 2718 pu-

2185 2733 2448 2798 niantur,
2470 2750 2536 2788 ac
2549 2732 2597 2787 si
2620 2733 2729 2787 vivi
2754 2737 3176 2789 cremarentur.
3203 2733 3307 2788 Hic
3330 2732 3517 2804 tangit
3540 2733 3857 2790 historiam

2187 2822 2375 2888 (Num.
2408 2839 2538 2890 xw;
2573 2823 2721 2877 Psal.
2755 2822 2866 2894 ev),
2901 2823 3194 2894 quomodo
3247 2821 3492 2892 Dathan,
3522 2827 3580 2877 et
3625 2823 3856 2878 Abiron

2182 2916 2418 2982 propter
2436 2910 2802 2978 seditionem,
2826 2928 3003 2982 quam
3028 2914 3327 2965 moverant
3345 2915 3548 2966 contra
3570 2911 3840 2982 Moysen,

2179 2999 2599 3071 vivi’absorpti
2659 3003 2799 3053 sunt
2845 3015 2879 3053 a
2921 3003 3094 3066 terra,
3129 2998 3313 3053 Chore
3369 3015 3506 3054 cum
3563 2999 3844 3055 ducentis

2181 3088 2612 3160 quinquaginta
2641 3092 2936 3143 crematus
2956 3092 3064 3143 est.
3096 3086 3199 3142 Vel
3234 3086 3450 3159 legitur
3477 3087 3535 3142 in
3568 3088 3728 3143 bonu
3747 3108 3800 3144 m
3826 3107 3839 3146 :

422 3163 535 3253 legi
569 3181 628 3234 in
663 3181 881 3234 bonum
907 3178 990 3232 sic
1015 3193 1028 3230 :
1050 3176 1350 3248 Przecipita
1372 3177 1442 3230 de
1466 3177 1742 3247 superbia
1763 3176 1822 3229 in
1847 3175 2082 3230 humili-
2106 3163 2150 3228 C
2189 3199 2216 3226 ‹‹
2243 3176 2448 3232 Veniat
2473 3194 2632 3232 mors
2661 3193 2836 3248 super
2855 3176 3006 3243 illos,
3030 3199 3057 3225 ››
3077 3175 3132 3231 id
3153 3180 3258 3242 est,
3282 3176 3687 3232 morianturin
3713 3195 3843 3250 pec-

422 3273 605 3325 tatem
631 3284 644 3323 :
670 3267 862 3322 divide
884 3265 1116 3345 linguas
1141 3281 1444 3334 eorum,ne
1476 3265 1586 3320 sibi
1622 3264 1991 3320 consentiant
2012 3264 2071 3320 in

423 3357 598 3423 malo,
631 3360 837 3410 caetera
860 3371 975 3410 non
1008 3358 1332 3408 mutantur.

493 3447 562 3501 Et
593 3443 732 3516 quia
761 3443 1024 3499 fecerunt
1074 3441 1445 3512 iniquitatem
1499 3441 1557 3495 in
1609 3457 1721 3507 me,
1746 3441 1874 3496 ideo
1908 3465 1935 3489 ‹‹
1968 3441 2073 3496 cir-

423 3533 730 3591 cumdabit
758 3549 887 3588 eam
915 3555 940 3580 ››
974 3531 1260 3587 civitatem
1295 3530 1625 3603 «iniquitas
1647 3531 1739 3586 die
1759 3547 1825 3585 ac
1846 3535 2070 3598 nocte,»

423 3624 480 3681 id
512 3628 602 3680 est
632 3621 1028 3694 assidue,quze
1061 3621 1307 3677 exsistat
1331 3643 1358 3671 «
1391 3637 1568 3692 super
1587 3637 1787 3676 muros
1810 3622 1994 3692 ejus,»
2012 3621 2071 3676 id

421 3718 511 3771 est
539 3714 791 3785 majores
821 3711 1097 3778 civitatis,
1123 3711 1223 3782 qui
1271 3715 1410 3765 sunt
1457 3727 1690 3765 murus.
1713 3715 1770 3764 et
1810 3710 2071 3766 defensio

421 3802 714 3860 civitatis:
743 3823 771 3851 ‹‹
789 3805 846 3857 et
880 3801 938 3856 in
972 3799 1231 3865 medio,»
1254 3799 1311 3854 id
1344 3803 1434 3854 est
1463 3798 1763 3853 communi
1796 3821 1823 3847 «
1858 3799 2008 3870 ejus,
2042 3821 2068 3848 ››

420 3893 479 3948 id
512 3895 602 3948 est
648 3890 828 3946 totius
872 3889 1078 3963 plebis,
1111 3889 1238 3955 erit,
1265 3911 1291 3937 ‹‹
1316 3887 1499 3957 labor,
1528 3909 1554 3936 ››
1587 3886 1644 3941 id
1698 3891 1807 3953 est,
1838 3887 2070 3943 labora-

419 3981 568 4036 bunt
614 3983 680 4034 ut
734 3977 1105 4034 malefaciant
1156 3977 1214 4032 in
1266 3976 1588 4032 malefactis
1619 3999 1646 4024 «
1680 3976 1738 4031 in
1773 3977 2006 4048 justitia
2041 3999 2066 4026 ››

419 4067 577 4123 velut
608 4067 666 4121 in
698 4066 862 4121 falsis
891 4064 1156 4135 judiciis.

495 4177 521 4204 ‹‹
547 4156 616 4210 Et
641 4171 822 4209 usura
852 4175 879 4201 η
914 4153 972 4206 ἰη
1005 4151 1251 4224 pecunia
1278 4152 1606 4223 temporali,
1627 4176 1653 4202 ‹‹
1678 4158 1736 4207 et
1764 4153 1932 4208 dolus
1954 4171 2068 4208 non

422 4242 638 4310 deficit,
666 4265 693 4291 »
724 4242 782 4297 id
831 4244 938 4309 est,
973 4257 1088 4294 non
1141 4240 1370 4295 deficiet
1416 4241 1487 4295 ab
1533 4240 1634 4306 eis,
1665 4246 1722 4295 et
1761 4241 1882 4296 haec
1916 4241 2071 4297 mala

425 4348 539 4386 non
590 4330 803 4386 facient
850 4326 1095 4395 occulte,
1130 4326 1247 4382 imo
1297 4327 1625 4395 manifeste,
1660 4331 1716 4382 et
1764 4328 1873 4383 hoc
1932 4333 2066 4384 est:

424 4443 452 4470 ‹‹
487 4421 556 4475 de
587 4418 796 4492 plateis
821 4418 970 4489 ejus.
1004 4439 1031 4465 ››

496 4531 524 4558 ‹‹
549 4507 855 4589 Quoniam.
878 4529 905 4556 ››
924 4506 1023 4562 Isti
1048 4509 1302 4577 quatuor
1320 4519 1524 4559 versus
1546 4509 1856 4575 sequentes
1874 4505 2071 4579 legun-
2102 4529 2148 4592 Β

423 4601 521 4652 tur
550 4595 878 4668 specialiter
908 4595 978 4649 de
1007 4594 1180 4650 Juda.
1215 4592 1309 4648 Sic
1341 4591 1760 4650 continuantur
1780 4594 1850 4648 ad
1874 4612 2072 4667 supra-

425 4685 583 4740 dicta
614 4699 627 4737 :
661 4683 792 4738 Ideo
809 4681 1105 4754 praecipita
1130 4684 1187 4736 et
1207 4679 1396 4735 divide
1418 4696 1578 4750 eos,«
1601 4681 1878 4752 quoniam
1907 4706 1932 4732 ››
1951 4683 2072 4739 hac

425 4771 582 4828 mala
611 4788 738 4844 quae
769 4771 912 4825 mihi
961 4770 1182 4826 faciunt
1231 4786 1333 4841 per
1377 4769 1690 4840 quemdam
1722 4771 2070 4828 familiarem

425 4860 733 4927 meum,de
765 4876 880 4931 quo
903 4875 1016 4914 non
1047 4861 1136 4914 est
1155 4857 1519 4929 patiendum,
1539 4858 1639 4913 sed
1667 4880 1685 4907 ιι
1709 4859 1757 4914 si
1780 4876 1946 4916 meus
1968 4861 2074 4916 ini-

426 4951 616 5006 micus
640 4971 666 4998 ››
701 4947 1049 5003 manifestus
1073 4970 1099 4996 ‹‹
1124 4945 1522 5001 maledixisset
1545 4946 1686 5000 mihi
1697 4991 1711 5013 ,
1728 4969 1754 4997 »
1779 4965 1883 5022 ego
1906 4974 1933 4999 ‹‹
1958 4951 2070 5006 uti-

425 5057 538 5111 que
570 5037 986 5094 sustinuissem
1012 5056 1038 5085 »
1063 5051 1306 5102 eum,ne
1331 5034 1934 5108 remaledicerem,nec
1954 5039 2074 5092 vin-

428 5127 682 5183 dicarem
713 5126 770 5180 in
803 5141 959 5181 eum.
983 5122 1084 5178 Vel
1131 5124 1244 5178 duo
1278 5125 1667 5195 preaccdentes
1698 5123 1972 5198 leguntur
2002 5127 2071 5181 de

344 5229 348 5231 '
427 5214 722 5270 simulatis
752 5213 977 5282 amicis,
1003 5217 1060 5268 et
1099 5212 1182 5268 ita
1216 5213 1422 5285 junge,
1448 5211 1576 5266 dico
1612 5213 1926 5285 praecipita,
1951 5215 2070 5270 dis-

428 5319 604 5376 perga
635 5320 647 5357 :
683 5303 832 5368 ideo,
866 5301 1147 5374 quoniam
1181 5301 1406 5372 pejores
1439 5305 1577 5355 sunt
1605 5301 1754 5357 veris
1775 5302 2067 5384 inimicis:

427 5394 484 5445 et
513 5392 594 5445 ita
625 5394 713 5446 est
743 5390 846 5445 tibi
883 5407 896 5444 :
929 5391 1215 5456 Quoniam
1247 5390 1295 5445 si
1345 5389 1622 5443 inimicus
1655 5385 2068 5446 maledixisset.

497 5479 567 5532 Et
595 5496 709 5533 non
742 5482 969 5533 tantum
1009 5478 1058 5533 si
1113 5477 1529 5544 maledixisset,
1567 5478 1666 5532 sed
1700 5501 1725 5526 ‹‹
1762 5477 1808 5532 si
1840 5477 2071 5534 locutus

427 5564 635 5621 fuisset
665 5583 840 5638 super
856 5584 947 5622 me
969 5582 1199 5636 magna,
1226 5589 1250 5613 ››
1285 5565 1522 5633 scilicet,
1546 5582 1635 5621 me
1668 5567 2068 5637 deprimendo,

2182 3265 2348 3333 catis,
2381 3288 2408 3314 ‹‹
2442 3271 2499 3320 et
2529 3266 2887 3320 descendant
2917 3264 2976 3319 in
3010 3264 3305 3320 infernum
3345 3265 3622 3335 viventes,
3656 3289 3688 3315 ››
3727 3283 3840 3322 non

2181 3354 2417 3420 mortui,
2462 3353 2704 3418 scilicet,
2739 3353 3002 3424 agilitate
3050 3353 3286 3422 mentis,
3313 3354 3412 3409 sed
3463 3355 3842 3411 attendentes

2181 3458 2382 3513 pmnas
2413 3441 2746 3508 infernales,
2782 3459 2910 3513 qua:
2945 3447 3229 3514 parantur
3255 3442 3475 3514 impiis,
3501 3443 3789 3498 recedant
3811 3461 3844 3499 a

2181 3530 2373 3586 malis.

2252 3621 2321 3673 Et
2351 3619 2521 3674 debet
2551 3635 2708 3674 mors
2757 3619 2954 3674 venire
3001 3635 3177 3690 super
3223 3636 3341 3689 eos,
3379 3642 3405 3669 ‹‹
3442 3619 3732 3691 quoniam
3783 3621 3840 3674 in

2180 3707 2553 3774 habitaculis,
2591 3729 2618 3756 »
2650 3708 2708 3762 id
2740 3710 2830 3762 est
2877 3707 2936 3762 in
2989 3708 3263 3764 cordibus
3294 3730 3320 3757 «
3364 3725 3590 3778 eorum,
3625 3730 3656 3755 ››
3696 3713 3844 3764 sunt

2181 3818 2209 3845 «
2245 3796 2543 3868 nequitiae,
2560 3818 2586 3844 ››
2611 3795 2750 3868 quia
2777 3795 2837 3850 in
2861 3796 3135 3852 cordibus
3155 3813 3356 3853 eorum
3373 3796 3646 3852 habitant
3678 3796 3842 3852 mul-

2176 3888 2247 3940 ta:
2268 3885 2434 3941 malae
2464 3885 2864 3958 cogitationes,
2897 3888 2956 3940 et
2976 3885 3086 3941 hoc
3116 3903 3230 3942 non
3262 3885 3322 3940 in
3352 3885 3700 3959 paucis,sed
3729 3911 3756 3936 ‹‹
3782 3887 3840 3940 in

2180 3975 2371 4033 medio
2405 3997 2432 4024 »
2465 3974 2521 4030 id
2555 3979 2644 4029 est
2675 3974 2735 4029 in
2767 3974 3165 4030 communioni
3199 3998 3226 4024 ‹‹
3255 3991 3479 4030 eorum.
3517 3997 3544 4024 ››

2248 4089 2276 4114 ‹‹
2313 4065 2429 4136 Ego
2490 4066 2754 4117 autem.»
2787 4062 2998 4133 Incipit
3046 4064 3115 4118 de
3163 4063 3332 4118 tertia
3377 4069 3538 4135 parte
3584 4063 3839 4131 scilicet,

2177 4150 2434 4210 ostendit
2462 4167 2525 4206 se
2556 4167 2683 4205 esse
2712 4149 3074 4219 exauditum,
3109 4156 3169 4207 et
3216 4151 3285 4206 de
3330 4168 3437 4208 sua
3485 4151 3844 4208 liberatione

2177 4247 2235 4298 ct
2265 4243 2335 4296 de
2366 4239 2656 4295 malorum
2687 4238 3087 4294 damnatione.
3122 4239 3492 4295 Continuatio
3530 4255 3543 4293 :
3585 4240 3731 4295 Mali
3763 4241 3845 4296 ita

2179 4330 2638 4395 damnabuntur,
2670 4351 2697 4378 «
2730 4343 2835 4400 ego
2869 4330 3062 4382 autem
3099 4328 3170 4383 ad
3205 4328 3388 4383 Deum
3420 4327 3693 4397 clamavi,
3726 4352 3749 4376 ι
3787 4333 3846 4384 et

2177 4419 2288 4474 hoc
2317 4422 2445 4473 est:
2480 4415 2748 4487 clamavi,
2781 4420 2839 4471 et
2869 4416 3156 4472 Dominus
3188 4415 3428 4472 salvavit
3458 4433 3571 4472 me.
3612 4439 3639 4466 ››

2248 4509 2318 4562 Et
2348 4505 2486 4578 quia
2516 4503 2758 4559 salvavit
2787 4503 2916 4559 ideo
2952 4527 2978 4553 «
3014 4505 3263 4560 narrabo
3299 4527 3326 4552 ››
3351 4505 3479 4576 jam
3513 4504 3693 4571 facta,
3723 4528 3752 4553 ‹‹
3790 4508 3849 4560 et

2182 4593 2541 4652 annuntiabo
2572 4615 2600 4642 »
2631 4593 2846 4661 futura,
2871 4595 2928 4647 et
2956 4592 3064 4647 hoc
3097 4615 3125 4641 «
3151 4609 3389 4665 vespere
3416 4615 3445 4642 ››
3476 4591 3533 4647 id
3562 4596 3674 4664 est,
3701 4610 3846 4650 cum

2180 4685 2307 4758 ipse
2337 4683 2588 4739 traditus
2606 4682 2736 4753 fuit,
2769 4705 2796 4731 «
2824 4686 2881 4737 et
2910 4698 3080 4737 mane
3107 4705 3132 4731 »
3157 4683 3390 4755 quando
3412 4687 3547 4738 ante
3567 4683 3847 4754 judicem

2183 4773 2414 4837 ductus,
2440 4795 2467 4820 «
2492 4775 2550 4826 et
2569 4769 2813 4826 meridie
2847 4792 2873 4818 ››
2907 4771 3140 4842 quando
3173 4770 3400 4843 positus
3428 4775 3517 4826 est
3545 4770 3606 4825 in
3637 4787 3847 4828 cruce.

2179 4861 2464 4925 Videntur
2505 4858 2814 4914 dissentire
2848 4858 3230 4931 Evangelista:
3256 4875 3269 4914 :
3293 4859 3443 4914 Dicit
3471 4858 3627 4915 enim
3664 4860 3852 4929 alter,

2181 4948 2496 5005 Dominum
2519 4946 2861 5002 crucifixum
2889 4946 2947 5002 in
2990 4949 3153 5002 sc’xta
3191 4947 3517 5015 hora,alter
3545 4947 3604 5003 in
3635 4949 3851 5018 tertia,

2183 5055 2289 5093 nec
2309 5041 2504 5091 tamen
2527 5035 2903 5101 dissentiunt,
2925 5035 3063 5106 quia
3080 5035 3232 5107 quod
3260 5035 3406 5090 alter
3425 5035 3639 5090 dicitin
3662 5037 3856 5091 tertia

2179 5127 2324 5182 hora
2353 5124 2722 5192 cruciﬁxum,
2741 5141 2855 5178 non
2907 5124 2978 5178 de
3031 5123 3402 5180 crucifixione
3434 5123 3601 5197 ligni,
3629 5125 3740 5180 sed
3780 5125 3858 5180 de

2180 5213 2553 5271 damnatione
2576 5212 2634 5266 in
2657 5211 2878 5286 linguis
2901 5213 3259 5279 Judaeorum,
3278 5211 3425 5268 alter
3451 5213 3594 5268 dicit
3613 5212 3684 5267 de
3710 5213 3859 5285 ipsa

2181 5302 2372 5359 crucis
2403 5300 2692 5356 afﬁxione.
2729 5299 2972 5372 Singula
3003 5299 3254 5373 singulis
3284 5300 3539 5356 narravit
3573 5317 3857 5372 vespere,

2181 5392 2240 5446 id
2266 5395 2374 5458 est,
2399 5389 2457 5444 in
2485 5406 2648 5445 coena
2689 5388 2995 5460 discipulis
3019 5389 3164 5457 suis,
3184 5389 3550 5461 praedicendo
3585 5395 3857 5446 mortem

2182 5483 2435 5545 suam,et
2457 5477 3027 5548 resurrectionem,et
3049 5477 3468 5544 ascensionem,
3489 5492 3620 5531 cum
3645 5476 3815 5532 dixit
3844 5496 3856 5532 :

2185 5592 2210 5615 α
2247 5569 2432 5622 Amen
2483 5565 2611 5620 dico
2659 5566 2843 5633 vobis,
2879 5583 3033 5622 unus
3074 5570 3330 5621 vestrum
3383 5582 3477 5621 me
3507 5563 3863 5623 traditurus
