4080 6180
284 368 395 434 381

1458 360 1966 437 EXPLANATIO
2007 367 2090 432 IN
2132 370 2512 436 PSALMOS.

3567 377 3684 439 382

286 508 377 562 est
418 502 624 575 (Matth.
654 501 830 576 xxvr.)
855 525 885 553 ››
912 504 1295 562 Aununtiavit
1342 523 1515 563 mane
1559 504 1751 562 dictus
1799 508 1934 584 ante
1961 503 2020 572 Α
2049 522 2202 562 mem
2224 504 2483 563 hominis
2505 505 2797 580 dicit,quo
2815 507 2993 565 homo
3014 507 3360 579 corraditur,
3375 506 3531 567 sicut
3554 525 3692 584 pan-

285 574 539 651 Pilatum
562 574 852 665 judicem,
875 610 1011 649 cum
1032 594 1179 650 dixit
1203 612 1251 650 ;‹‹
1277 595 1341 651 In
1362 595 1472 652 hoc
1494 599 1669 651 natus
1691 612 1844 661 sum,
1871 574 1937 650 ut

283 682 623 756 perbibeam
646 680 1052 738 testimonium
1075 681 1394 755 veritati,et
1425 682 1533 739 hoc
1557 683 1829 740 videbitis
1851 684 1936 740 Fi-

280 771 428 827 lium
451 770 712 827 hominis
737 771 1066 828 venientem
1089 788 1223 828 cum
1246 773 1505 829 nubibus
1522 774 1696 846 (Joan.
1715 776 1935 842 xvm).»

281 860 607 918 Exauditus
637 864 726 917 est
752 860 942 933 magis
975 860 1033 915 in
1066 861 1194 934 ipsa
1222 862 1517 934 passione,
1539 880 1671 919 cum
1705 861 1939 919 derelic-

282 955 377 1007 tus
424 949 740 1016 videretur,
765 964 899 1004 cum
950 949 1134 1006 dixit:
1161 973 1188 1000 «
1223 950 1409 1021 Pater,
1444 950 1503 1006 in
1563 968 1774 1007 manus
1805 954 1937 1007 tuas

283 1039 631 1095 commendo
663 1038 938 1111 spiritum
968 1055 1168 1095 meum
1192 1039 1340 1112 (Luc.
1363 1040 1581 1112 xxm),»
1606 1063 1633 1089 ‹‹
1661 1044 1717 1095 et
1748 1061 1774 1089 ››
1799 1039 1939 1112 quia

283 1126 365 1183 sic
386 1127 661 1195 narrabo,
680 1126 809 1183 ideo
831 1126 1159 1184 Dominus«
1177 1128 1446 1185 exaudiet
1462 1145 1660 1184 vocem
1685 1144 1936 1184 meam.»

352 1215 448 1271 Sic
480 1214 704 1272 scilicet
728 1215 999 1272 exaudiet
1026 1233 1225 1273 vocem
1256 1233 1471 1289 meam,
1492 1241 1518 1266 «
1544 1216 1791 1273 redimet
1820 1216 1937 1272 ani-

282 1320 440 1360 mam
476 1320 671 1359 meam
694 1305 766 1360 ab
787 1304 881 1360 his
905 1304 1004 1378 qui
1026 1305 1503 1379 appmpinquant
1522 1305 1725 1374 mihi,»
1747 1305 1804 1361 id
1827 1309 1936 1372 est,

285 1392 680 1450 familiaribus
706 1391 983 1462 inimicis,
1016 1395 1169 1466 quod
1190 1395 1317 1467 jam
1341 1394 1485 1450 nihil
1508 1394 1647 1451 mali
1667 1398 1942 1468 poterunt

280 1483 471 1539 facere
508 1498 522 1538 :
556 1482 817 1537 animam
848 1481 978 1538 dico
1011 1482 1262 1555 positam
1287 1507 1313 1534 «
1346 1484 1406 1538 in
1436 1500 1647 1556 pace,»
1672 1483 1730 1539 id
1762 1487 1850 1540 est
1879 1484 1940 1539 in

279 1576 497 1628 aeterna
528 1570 750 1644 requie,
775 1575 978 1627 contra
996 1570 1107 1627 hoc
1130 1571 1285 1644 quod
1309 1573 1580 1646 superius
1602 1572 1746 1629 dixit
1770 1591 1782 1629 :
1809 1589 1942 1631 con-

279 1660 591 1716 turbatum
612 1663 702 1716 est
722 1676 821 1715 cor
841 1676 1061 1729 meum,
1086 1664 1221 1729 etc.,
1235 1660 1601 1733 hujusmodi.
1615 1662 1685 1717 Et
1706 1678 1944 1719 necesse

278 1752 367 1805 est
398 1753 464 1804 ut
495 1747 756 1804 redimas
785 1749 859 1804 ab
890 1748 984 1805 his
1007 1772 1035 1799 ‹‹
1071 1748 1351 1822 quoniam
1377 1772 1404 1800 »
1427 1748 1541 1823 ipsi
1564 1773 1593 1800 «
1624 1755 1791 1807 erant
1821 1767 1941 1807 me-

2044 614 2157 651 nus
2189 612 2222 651 a
2253 596 2430 665 tinea,
2451 601 2508 653 et
2538 614 2900 671 unaquaeque
2926 616 3017 655 res
3048 616 3153 654 suo
3183 599 3418 672 proprio
3446 616 3643 656 verme
3672 616 3686 656 :

2045 684 2172 740 dico
2195 685 2376 757 jacta,
2412 689 2468 740 et
2515 690 2700 759 potes,
2732 686 2871 758 quia
2907 704 3205 743 sermones
3254 690 3383 760 ejus
3431 688 3556 757 Dei,
3589 689 3690 762 qui

2045 778 2217 829 antea
2265 791 2380 831 non
2430 780 2699 847 poterant
2746 775 3012 849 intelligi,
3048 780 3187 832 sunt
3231 777 3461 846 molliti,
3495 779 3556 834 id
3603 783 3695 836 est

2045 862 2180 917 facti
2212 868 2352 919 sunt
2383 862 2779 936 intelligibiles
2800 881 2976 936 super
2995 864 3363 937 oleum,quia
3391 866 3579 938 magis
3601 885 3694 940 pe-

2047 955 2279 1007 netrant
2317 953 2494 1008 corda
2530 952 2838 1008 hominum
2871 969 3049 1024 quam
3090 953 3280 1010 oleum
3321 971 3556 1011 carnem
3590 972 3603 1011 :
3637 960 3695 1012 et

2047 1040 2159 1113 ipsi
2191 1044 2330 1096 sunt
2352 1041 2573 1112 jacula,
2599 1042 2670 1097 ad
2703 1041 3137 1114 impugnandas
3158 1043 3475 1100 sententias
3503 1043 3695 1099 inimi-

2047 1146 2270 1196 corum,
2296 1129 2413 1184 dixi
2438 1130 2599 1201 jacta
2628 1147 2804 1201 super
2822 1129 3137 1185 Dominum
3165 1146 3363 1185 curam
3395 1136 3612 1199 tuam,«
3638 1138 3697 1188 et

2046 1216 2172 1290 ipse
2223 1217 2509 1274 Dominus
2558 1216 2810 1274 enutriet
2836 1220 2893 1273 te
2925 1238 2952 1266 ››
2986 1216 3045 1271 in
3081 1216 3210 1286 ﬁde,
3235 1221 3290 1273 et
3319 1218 3510 1274 dando
3554 1236 3695 1292 aug-

2049 1310 2317 1361 mentum
2348 1306 2404 1361 in
2435 1305 2776 1371 virtutibus,
2811 1310 2869 1361 et
2899 1303 3033 1360 licet
3068 1303 3162 1360 hic
3207 1305 3423 1362 habeas
3452 1307 3698 1363 ﬂuctua-

2049 1393 2290 1466 tionem,
2323 1399 2520 1450 tamen
2552 1417 2578 1444 «
2613 1395 2673 1449 in
2705 1399 2987 1450 aeternum
3018 1410 3134 1449 non
3175 1393 3338 1450 dabit
3369 1395 3698 1452 ﬂuctuatio-

2050 1498 2183 1538 nem
2207 1484 2392 1555 justo,
2416 1506 2443 1532 »
2466 1483 2523 1539 id
2557 1488 2647 1540 est
2671 1482 3086 1552 turbationem,
3122 1484 3223 1539 sed
3257 1483 3486 1556 quietos
3529 1484 3702 1541 faciet

2049 1571 2110 1628 in
2140 1572 2258 1628 vita
2287 1577 2523 1628 aterna.

2124 1663 2214 1719 Tu
2232 1678 2365 1718 vero
2378 1663 2542 1735 justo
2564 1679 2679 1717 non
2702 1660 2870 1717 dabis
2892 1660 3350 1730 fluctuationem,
3376 1662 3477 1718 sed
3502 1683 3530 1713 «
3554 1678 3653 1720 eos
3668 1685 3698 1716 »

2052 1751 2208 1825 quod
2240 1750 2451 1808 dividis
2482 1751 2541 1807 in
2573 1751 2715 1820 ira,«
2744 1754 2829 1818 tu,
2868 1750 3042 1819 Deus,
3068 1751 3319 1807 deduces
3358 1750 3419 1806 in
3456 1755 3701 1824 puteum

279 1855 416 1894 cum
440 1859 470 1887 η
504 1854 622 1893 non
654 1836 810 1894 inter
838 1854 1078 1911 paucos,
1113 1837 1355 1907 scilicet,
1389 1839 1460 1895 de
1491 1856 1734 1896 numero
1757 1840 1945 1911 justo-
1971 1875 2021 1941 B
2054 1839 2380 1909 interitus,»
2404 1840 2462 1896 id
2485 1844 2573 1897 est
2593 1839 2653 1896 in
2684 1838 3142 1913 profunditatem
3166 1839 3392 1908 mortis,
3416 1840 3701 1897 tradendo

277 1943 434 2000 rum,
458 1926 562 2001 qui
593 1926 765 2000 pauci
810 1927 1088 1983 dicuntur
1119 1928 1191 1983 ad
1223 1927 1718 2003 comparationem
1750 1928 1939 1985 malo-
1971 1926 2020 1941 "
2050 1929 2111 1986 in
2143 1929 2390 1985 inferno.

277 2033 435 2086 rum,
459 2016 561 2073 sed
588 2015 791 2073 «inter
821 2015 1038 2074 multos
1063 2038 1088 2065 ››
1113 2015 1171 2072 id
1202 2020 1291 2073 est
1340 2019 1410 2075 de
1462 2034 1707 2074 numero
1757 2017 1939 2075 malo-

277 2122 409 2162 rum
445 2104 547 2178 qui
581 2104 752 2162 multi
786 2110 946 2162 sunt.

352 2218 380 2244 α
413 2194 702 2251 Exaudiet
724 2194 879 2251 Deus
905 2212 956 2250 :n
975 2195 1249 2251 exaudiet
1280 2212 1372 2252 me
1395 2196 1464 2252 de
1485 2196 1595 2253 hoc
1618 2197 1770 2269 quod
1795 2196 1941 2255 mihi

276 2288 412 2359 peto
438 2288 497 2341 et
528 2283 704 2341 etiam
732 2283 1003 2341 exaudiet
1024 2300 1117 2341 me
1141 2285 1211 2341 de
1238 2284 1333 2342 his
1354 2302 1482 2357 qua:
1514 2285 1771 2341 inimicis
1793 2286 1941 2347 meis

278 2378 436 2448 peto,
452 2397 479 2422 α
504 2377 562 2429 et
581 2371 978 2443 humiliabit,»
1002 2372 1093 2428 ide
1117 2377 1226 2441 est,
1245 2373 1465 2446 affliget
1490 2398 1515 2425 ‹‹
1542 2373 1695 2440 illos,
1712 2397 1739 2423 »
1762 2374 1937 2444 Deus,

279 2463 472 2531 dico,«
498 2462 599 2535 qui
631 2466 720 2519 est
750 2467 883 2518 ante
915 2461 1184 2518 saecula.»
1211 2463 1314 2518 Per
1342 2462 1453 2519 hoc
1474 2464 1574 2518 dat
1596 2462 1938 2536 intelligere,

282 2551 445 2626 quod
475 2550 655 2607 etiam
703 2550 829 2624 ipse
879 2550 1146 2607 Christus
1198 2550 1471 2606 bumiliat
1514 2568 1635 2620 eos,
1667 2552 1766 2624 qui
1808 2552 1940 2625 fuit,

279 2640 526 2706 scilicet,
562 2638 808 2708 Deitate,
842 2644 974 2696 ante
1005 2639 1237 2696 smcula.

357 2753 387 2779 ‹‹
420 2729 547 2785 Non
576 2727 791 2784 enim.»
817 2728 950 2784 Ideo
975 2727 1314 2784 humiliabit
1342 2746 1461 2798 eos,
1479 2752 1506 2779 ‹‹
1535 2746 1651 2785 non
1674 2728 1831 2786 enim
1854 2733 1944 2786 est

282 2842 311 2869 ‹‹
349 2817 469 2874 illis
497 2804 901 2889 commutatio,
920 2836 957 2866 ν
991 2817 1051 2873 id
1098 2821 1206 2887 est,
1244 2818 1558 2875 noluerunt
1594 2819 1944 2875 commutari

282 2909 359 2964 de
400 2906 555 2963 malo
609 2907 667 2961 in
708 2907 953 2978 bonum,
978 2930 1005 2957 ‹‹
1030 2911 1087 2963 et
1121 2930 1148 2957 »
1179 2907 1290 2964 hoc
1334 2912 1441 2976 est,
1488 2908 1626 2980 quia
1646 2930 1674 2958 «
1710 2925 1825 2963 non
1869 2908 1942 2963 ti-

282 3000 588 3068 muerunt,
612 3017 642 3047 »
677 3000 734 3053 et
772 3001 1010 3070 prepter
1055 2997 1165 3052 hoc
1196 3020 1223 3047 ‹‹
1258 2997 1517 3053 extendit
1545 3020 1572 3048 »
1603 2996 1661 3052 id
1707 2999 1816 3064 est,
1848 3014 1943 3053 ex-

282 3086 490 3144 tendet
518 3085 677 3142 Deus
710 3106 739 3136 «
765 3102 1007 3141 manum
1042 3103 1267 3156 suam,«
1295 3086 1351 3141 id
1382 3090 1470 3142 est
1499 3086 1819 3142 vindictam
1853 3102 1945 3142 su-

284 3192 395 3249 per
421 3191 520 3231 cos
550 3198 581 3224 ‹‹
615 3173 675 3230 in
707 3174 1105 3231 retribuendo.
1134 3196 1161 3223 ››

2127 2042 2147 2068 α
2171 2018 2314 2074 Viri.
2340 2040 2368 2069 »
2393 2017 2531 2074 Dico
2564 2017 2804 2074 deducis
2845 2017 2905 2072 in
2936 2021 3195 2090 puteam,
3231 2020 3288 2074 et
3318 2017 3491 2074 citius
3523 2034 3701 2091 quam

2050 2105 2163 2179 ipsi
2193 2109 2420 2179 putent,
2446 2110 2503 2163 et
2529 2106 2639 2162 hoc
2660 2110 2750 2162 est
2774 2128 2803 2156 «
2822 2105 2931 2162 viri
2961 2105 3379 2179 sanguinum,»
3402 2105 3460 2162 id
3492 2106 3702 2179 estqui

2050 2195 2421 2251 innocentem
2444 2194 2822 2268 corporaliter
2843 2194 3225 2265 interficiunt,
3240 2212 3355 2251 non
3372 2195 3530 2251 enim
3546 2194 3702 2266 judi-

2051 2301 2146 2340 ccs
2177 2284 2389 2340 debent
2420 2282 2534 2339 dici
2582 2283 2890 2340 homicida:
2941 2287 2999 2340 et
3047 2282 3255 2352 dolosi,
3281 2285 3383 2357 qui
3412 2285 3702 2341 viventem

2050 2358 2438 2445 spiritualitcr
2457 2372 2750 2440 occidunt,
2768 2389 2882 2429 non
2898 2396 2924 2422 ‹‹
2952 2370 3485 2429 dimidiabuntdies
3505 2390 3703 2445 suos,»

2052 2460 2297 2529 scilicet,
2326 2477 2473 2533 quos
2504 2478 2566 2517 se
2595 2460 2901 2517 habituros
2932 2460 3266 2533 opinantur.
3295 2483 3323 2513 ‹‹
3356 2463 3473 2535 Ego
3506 2466 3702 2520 autem

2051 2549 2297 2623 sperabo
2330 2549 2389 2605 in
2434 2554 2510 2618 te,
2534 2548 2837 2605 Domine.»
2858 2549 2962 2605 Vcl
3005 2567 3120 2605 non
3152 2548 3549 2608 dimidiabunt
3578 2552 3703 2610 dies

2052 2655 2212 2707 suos,
2246 2639 2399 2711 quod
2443 2639 2721 2694 deberent
2767 2638 2974 2706 facere,
3011 2643 3074 2693 ut
3102 2638 3150 2694 si
3178 2639 3234 2693 in
3268 2639 3459 2711 prima
3504 2644 3563 2697 et
3606 2656 3702 2697 se-

2052 2727 2246 2783 cunda
2274 2730 2439 2782 actate
2462 2725 2617 2782 mala
2646 2727 2925 2795 fecerunt,
2950 2724 3158 2781 saltem
3187 2725 3247 2781 in
3279 2726 3489 2784 ultima
3517 2745 3706 2784 cessa-

2053 2820 2200 2871 rent.
2229 2815 2331 2872 Vcl
2365 2832 2479 2870 non
2513 2814 2930 2882 dimidiabunt,
2962 2813 3021 2869 id
3053 2817 3142 2871 est
3169 2831 3283 2871 non
3327 2814 3465 2872 licet
3491 2816 3576 2873 eis
3607 2816 3701 2873 di-

2054 2903 2317 2971 midiare,
2369 2902 2582 2975 partim
2634 2903 2751 2959 Deo
2801 2902 3121 2971 serviendo,
3173 2902 3387 2976 partim
3447 2903 3698 2961 diabolo.

2054 2993 2215 3049 Unde
2246 2991 2305 3047 in
2339 2990 2649 3066 Evangelio
2678 3007 2692 3046 :
2722 3012 2750 3042 «
2790 2991 2915 3047 Non
2960 2992 3204 3064 potestis
3252 2992 3368 3048 Deo
3399 2992 3615 3049 servire
3643 2997 3702 3050 et

2055 3098 2403 3137 mammona:
2435 3079 2644 3154 (Matth.
2679 3080 2775 3152 v1).
2799 3101 2827 3131 ››

2570 3187 2643 3243 IN
2684 3186 3032 3243 PSALMUM
3072 3187 3185 3242 LV.

358 3263 506 3331 Quia
532 3286 553 3313 ι
586 3262 1135 3360 contaminaverunt
1163 3265 1641 3332 testamentum,»
1662 3261 1719 3319 id
1751 3267 1839 3320 est
1867 3263 1943 3319 le-
1971 3241 2016 3310 ο
2053 3280 2327 3360 Τιτυιυξ,
2451 3241 2637 3360 [ingni-
2651 3241 2896 3358 psalmus
2938 3275 3127 3360 David.
3144 3284 3245 3359 ρτο
3280 3276 3506 3360 populo,
3541 3280 3639 3350 qui
3666 3296 3702 3334 a

283 3368 421 3428 gem
456 3375 486 3404 ι(
517 3352 670 3425 ejus,
694 3374 722 3402 »
748 3350 901 3407 male
931 3350 1368 3423 interpretando
1398 3352 1750 3425 Scripturas,
1776 3353 1833 3408 id
1857 3357 1947 3410 est

284 3456 558 3514 perverse
588 3441 835 3514 agendo,
861 3456 975 3495 non
994 3440 1151 3512 quod
1182 3439 1274 3495 lex
1298 3440 1398 3496 Dei
1430 3444 1628 3512 posset
1656 3445 1942 3514 quantum

284 3530 361 3586 ad
397 3529 800 3603 semetipsam,
832 3528 1243 3599 contaminari,
1276 3530 1377 3586 sed
1408 3533 1693 3602 quantum
1731 3531 1802 3585 ad
1845 3548 1945 3588 eos

286 3618 392 3693 qui
439 3635 502 3675 so
559 3617 923 3691 polluebant,
957 3617 1111 3674 sicut
1160 3618 1351 3674 malus
1398 3618 1681 3675 diaconus
1732 3618 1946 3676 dicitur

284 3706 551 3781 polluere
580 3704 964 3780 Evangelium
1003 3705 1125 3776 Dei,
1158 3711 1214 3762 et
1242 3706 1370 3763 ideo
1395 3729 1423 3757 α
1450 3711 1590 3764 sunt
1628 3707 1798 3763 divisi
1830 3731 1858 3759 »
1884 3708 1943 3764 in

284 3795 603 3869 praesentia
624 3811 658 3851 a
678 3810 858 3868 regno
880 3794 1193 3868 imperiali,
1216 3799 1274 3851 et
1298 3794 1357 3850 in
1380 3795 1577 3851 futuro
1600 3813 1634 3850 a
1655 3795 1944 3852 consortio

278 3884 586 3956 justorum
613 3899 627 3938 :
650 3888 710 3940 et
735 3906 762 3935 «
788 3884 861 3940 ab
906 3884 991 3940 ira
1029 3883 1228 3941 vultus
1267 3885 1397 3957 ejus
1418 3907 1445 3934 ››
1481 3884 1538 3940 id
1570 3888 1678 3953 est,
1710 3888 1947 3958 propter

286 3971 405 4028 hoc
434 3972 592 4044 quod
625 3970 737 4044 ipsi
787 3975 1130 4028 meruerunt
1177 3972 1325 4028 iram
1375 3972 1534 4045 ejus;
1560 3995 1587 4023 ‹‹
1615 3976 1672 4030 et
1701 3989 1846 4030 cor»
1884 3973 1942 4029 id

288 4064 404 4131 est,
428 4059 721 4129 voluntas,
746 4077 873 4134 quae
912 4062 1086 4118 modo
1125 4063 1213 4118 est
1249 4060 1476 4117 occulta
1501 4082 1530 4113 ‹‹
1559 4060 1740 4130 illius,
1764 4084 1793 4113 n
1818 4062 1944 4129 Dei,

291 4172 321 4203 ιι
353 4149 918 4223 appropinquabit,»
942 4149 1001 4207 id
1033 4154 1142 4217 est,
1167 4150 1657 4219 manifestatibur,
1673 4150 1773 4224 qui
1814 4155 1945 4207 tan-

289 4238 428 4296 dem
457 4243 833 4312 cognoscent,
858 4254 1037 4312 quare
1067 4239 1221 4296 Deus
1252 4239 1409 4295 hunc
1436 4238 1630 4313 elegit,
1655 4238 1823 4295 illum
1857 4257 1944 4297 re-

290 4326 585 4400 probavit.

363 4439 392 4465 ‹‹
431 4415 565 4471 Ideo
588 4415 759 4471 divisi
782 4419 940 4485 sunt,
964 4415 1104 4488 quia
1132 4414 1244 4489 ipsi
1277 4416 1617 4473 mollicrunt
1647 4434 1947 4476 sermones

291 4521 435 4560 suos
466 4526 494 4553 »
528 4503 717 4561 multa
748 4504 1167 4578 compositione
1198 4503 1531 4562 locutionis.
1554 4506 1656 4563 Vel
1683 4530 1709 4557 «
1736 4508 1943 4565 molliti

290 4596 435 4650 sunt
464 4609 790 4662 sermones,
815 4616 842 4644 »
896 4592 1118 4650 scilicet
1163 4594 1391 4650 Judaici
1451 4595 1651 4667 populi
1693 4620 1719 4646 ‹‹

290 4682 489 4738 oleum
523 4698 593 4737 ε»
629 4681 767 4755 quia
803 4684 980 4740 verba
1024 4699 1226 4739 eorum
1286 4683 1475 4757 magis
1533 4689 1840 4757 penetrant
1886 4686 1946 4742 in

291 4771 472 4827 corda
515 4769 830 4827 hominum
880 4788 1026 4844 quos
1074 4770 1393 4845 decipiunt,
1428 4787 1607 4845 quam
1659 4772 1852 4830 oleum
1886 4774 1946 4831 in

291 4875 555 4929 carnem,
582 4880 611 4910 ‹‹
632 4863 690 4915 et
720 4859 831 4931 ipsi
858 4882 883 4907 η
906 4861 1511 4934 sermones,quamvis
1542 4862 1625 4918 ita
1653 4862 1772 4919 sint
1800 4863 1947 4920 mol-

288 4947 405 5016 liti,
432 4952 629 5004 tamen
658 4970 685 4999 ‹‹
716 4952 856 5004 sunt
885 4947 1106 5021 jacula,
1134 4972 1161 4998 »
1182 4949 1241 5005 id
1294 4955 1383 5007 est
1430 4950 1731 5008 occidenta
1773 4954 1950 5009 corda

290 5036 628 5093 hominum.
1448 5058 1455 5067 ·

365 5125 438 5180 Et
466 5140 601 5182 cum
634 5124 775 5183 mali
807 5126 891 5183 ita
921 5125 1257 5182 dividantur
1302 5128 1374 5183 ab
1418 5128 1506 5185 ira
1543 5128 1666 5198 Dei,
1690 5133 1774 5200 tu,
1799 5130 1950 5188 bone

290 5211 494 5282 homo,
523 5230 594 5269 ne
613 5213 845 5285 timeas,
870 5215 972 5271 sed
996 5238 1024 5265 «
1039 5215 1203 5287 jacta
1223 5216 1543 5289 cogitatum
1574 5221 1741 5274 tuum
1773 5236 1951 5291 super

288 5299 688 5357 Dominum.»
722 5301 907 5359 Habet
951 5301 1066 5358 alia
1113 5302 1305 5359 littera
1339 5320 1352 5359 :
1386 5303 1591 5363 Molliti
1640 5310 1781 5361 sunt
1825 5323 1949 5362 ser-

288 5406 504 5447 mones
533 5391 681 5462 ejus,
707 5396 764 5447 et
794 5394 933 5447 tunc
963 5391 1048 5447 sic
1078 5391 1329 5464 legitur:
1356 5392 1472 5465 Ipsi
1504 5398 1644 5449 sunt
1675 5393 1844 5449 divisi
1874 5396 1946 5452 ab

285 5477 383 5533 ira
413 5478 538 5547 Dei,
573 5480 672 5535 sed
706 5484 791 5549 tu,
820 5480 969 5536 bone
1000 5479 1196 5549 homo,
1220 5504 1247 5532 «
1271 5481 1432 5552 jacta
1461 5504 1489 5533 »
1524 5483 1865 5555 cogitatum,
1889 5484 1949 5541 id

286 5569 385 5620 est
408 5587 437 5614 α
473 5582 673 5623 curam
706 5572 871 5624 tuam
907 5585 1083 5641 super
1113 5569 1482 5638 Dominum,»
1511 5569 1569 5625 id
1600 5574 1688 5626 est
1717 5572 1788 5627 ab
1823 5573 1949 5645 ipso

286 5652 501 5710 omnia
531 5660 820 5729 exspecta,
853 5661 909 5712 et
941 5675 974 5712 a
1004 5661 1057 5713 te
1091 5657 1257 5713 nihil.
1281 5657 1494 5715 Curam
1529 5659 1803 5718 Salomon
1835 5679 1953 5718 ver-

2123 3350 2323 3404 sanctis
2355 3346 2508 3419 longe
2536 3346 2710 3421 factas
2739 3355 2831 3421 est
2852 3348 2925 3421 Ain
2971 3346 3127 3421 tituli
3144 3346 3703 3421 'insc'riptionefcum

2125 3427 2413 3477 tenuerunt
2438 3418 2564 3474 eum
2597 3419 2861 3491 Allophili
2891 3421 2949 3474 in
2982 3418 3130 3475 ϐαιὴ.

2128 3550 2156 3578 ‹‹
2188 3528 2459 3583 Miserere
2491 3525 2624 3596 mei,
2659 3527 2834 3595 Deus,
2870 3528 3171 3598 quoniam.
3197 3548 3224 3578 »
3260 3527 3475 3601 Tangit
3505 3527 3598 3584 hic
3629 3529 3701 3585 de

2054 3616 2211 3676 Novo
2243 3618 2615 3673 Testamento
2647 3620 2703 3671 et
2722 3615 2913 3671 Veteri
2943 3615 3273 3688 historiam,
3296 3617 3367 3672 de
3399 3617 3574 3685 Novo,
3601 3617 3703 3673 ubi

2055 3706 2217 3773 dicit,
2240 3704 2301 3760 in
2334 3703 2487 3761 tituli
2517 3703 2916 3776 inscriptione.
2941 3704 3066 3760 Non
3089 3704 3245 3760 enim
3276 3704 3491 3778 legitur
3510 3705 3571 3761 in
3592 3706 3700 3762 Ve-

2053 3794 2161 3851 teri
2188 3793 2453 3861 historia,
2481 3793 2636 3865 quod
2669 3793 2849 3848 David
2878 3792 3185 3848 habuisset
3213 3792 3471 3864 aliquam
3502 3793 3703 3849 inscri-

2054 3883 2336 3957 ptionem.
2361 3882 2441 3939 De
2462 3880 2674 3949 Teteri,
2698 3880 2796 3935 ubi
2819 3879 2981 3948 dicit,
3014 3902 3033 3929 ι
3062 3884 3374 3936 tenuerunt
3393 3897 3530 3936 eum
3553 3880 3701 3938 Allo-

2055 3970 2201 4045 phili
2233 3972 2291 4027 in
2323 3970 2492 4028 Getb.
2520 3991 2541 4021 ι
2573 3969 2823 4042 Fugiens
2854 3967 3011 4024 enim
3040 3967 3220 4024 David
3260 3968 3515 4026 furorem
3554 3971 3698 4026 Sau-

2054 4060 2151 4130 lis,
2170 4060 2330 4116 venit
2352 4058 2521 4128 Getb,
2546 4058 2606 4113 in
2636 4062 2852 4114 terram
2882 4055 3330 4130 Allophilorum,
3354 4056 3585 4131 ipsique
3616 4062 3699 4114 tc-

2056 4151 2310 4205 nuerunt
2352 4164 2508 4216 eum,
2542 4151 2600 4203 et
2636 4144 3124 4202 conculcaverunt
3160 4163 3295 4202 eum
3327 4146 3377 4218 (Ι
3403 4147 3529 4220 Reg.
3561 4146 3698 4220 XXI).

2055 4239 2121 4296 In
2151 4238 2260 4294 hac
2281 4252 2389 4292 sua
2420 4252 2697 4309 pressura
2720 4233 3009 4291 intellexit
3036 4234 3215 4291 David
3248 4252 3582 4308 pressuram
3603 4237 3703 4293 Ec-

2055 4327 2264 4385 clesiaa.
2294 4323 2570 4397 Allophili
2614 4324 3073 4396 interpretantur
3110 4323 3448 4398 alienigenae
3493 4341 3701 4381 secun-

2055 4417 2196 4473 dum
2227 4430 2489 4481 sensum,
2515 4411 2787 4469 similiter
2815 4412 3274 4486 interpretantur
3301 4411 3574 4481 Philistze,
3607 4430 3704 4486 po-

2054 4505 2211 4561 tione
2233 4504 2538 4560 cadentes:
2559 4501 2727 4570 Getb,
2746 4501 3000 4557 torcular
3017 4501 3449 4573 interpretatur.
3470 4501 3703 4557 Titulus

1770 4614 1948 4670 super
1975 4609 2023 4676 ι)
2056 4594 2138 4650 ita
2164 4591 2413 4666 legitur:
2439 4589 2705 4664 psalmus
2738 4590 2847 4645 iste
2879 4589 3219 4645 attribuitur
3247 4588 3451 4657 David,
3482 4587 3706 4645 scilicet

2058 4686 2123 4739 ut
2153 4683 2282 4755 ipsa
2327 4679 2586 4736 Ecclesia
2627 4678 2906 4734 liberetur
2951 4694 2984 4733 a
3027 4676 3264 4751 populo,
3298 4678 3399 4750 qui
3450 4677 3704 4751 populus

2056 4772 2228 4845 longe
2251 4772 2439 4827 factus
2461 4775 2549 4826 est
2569 4785 2603 4824 a
2622 4768 2845 4824 sanctis
2867 4768 2925 4822 in
2957 4766 3112 4823 tituli
3144 4767 3542 4841 inscriptione,
3566 4768 3706 4841 quia

2057 4878 2191 4918 cum
2223 4860 2611 4917 confiteantur
2653 4857 2838 4913 sancti
2870 4856 3165 4913 Christum
3210 4874 3406 4931 regem
3438 4874 3565 4913 esse
3595 4858 3705 4913 Ju-

2057 4952 2340 5017 daeorum,
2352 4946 2506 5003 sicut
2522 4944 2731 5002 titulus
2748 4945 2919 5001 dicit:
2940 4943 3193 5018 populus
3211 4945 3320 5002 iste
3337 4944 3702 5012 contradicit,

2058 5036 2240 5110 aliqui
2271 5036 2321 5093 si
2353 5052 2466 5091 non
2499 5033 2691 5103 dictis,
2724 5037 2920 5090 tamen
2966 5033 3152 5102 factis,
3187 5034 3341 5090 sicut
3370 5031 3507 5087 mali
3539 5030 3703 5087 Chri-

2058 5125 2255 5194 stiani,
2280 5140 2381 5197 per
2409 5122 2519 5178 hoc
2548 5121 2718 5195 longe
2748 5122 3126 5190 factus,cum,
3144 5120 3200 5175 id
3223 5124 3312 5176 est
3332 5118 3473 5190 quia
3496 5122 3703 5174 tenue-

2058 5218 2196 5271 runt
2224 5229 2359 5271 eum
2390 5211 2594 5281 David,
2628 5210 2687 5266 id
2714 5215 2803 5265 est
2831 5209 3127 5265 Christum
3158 5212 3216 5263 et
3245 5206 3702 5280 Ecclesiam..Al-

2056 5303 2282 5379 lophili,
2317 5302 2372 5357 id
2406 5306 2496 5357 est
2526 5299 2776 5373 populus
2816 5298 2924 5353 iste
2954 5297 3180 5353 alienus
3211 5313 3245 5351 a
3274 5295 3409 5365 Deo,
3442 5296 3501 5351 in
3532 5296 3702 5368 Getb,

2059 5395 2117 5450 id
2149 5398 2234 5450 est
2264 5392 2323 5446 in
2358 5388 2655 5456 torculari,
2688 5386 2909 5443 scilicet
2935 5384 2995 5440 in
3039 5401 3316 5457 pressura
3344 5384 3522 5457 hujus
3551 5385 3700 5441 vitae.

2060 5480 2304 5540 Materia
2333 5484 2421 5534 est
2442 5476 2716 5543 Ecclesia,
2731 5480 2788 5531 et
2815 5475 2943 5545 ipsa
2961 5473 3222 5546 loquitur
3243 5461 3331 5530 de.
3345 5492 3426 5530 se.
3452 5475 3659 5531 Modus
3684 5491 3698 5532 :

2060 5574 2123 5630 In
2154 5568 2347 5643 prima
2393 5570 2557 5639 parte
2605 5563 2752 5635 petit
2797 5563 3031 5619 liberari
3083 5582 3117 5619 a
3165 5563 3551 5632 daemonibus,
3582 5569 3639 5621 et
3670 5582 3705 5621 a

2058 5657 2341 5718 membris
2371 5656 2518 5725 ejus,
2544 5669 2766 5724 ponens
2797 5653 3073 5711 ﬁduciam
3100 5671 3218 5711 suae
3249 5652 3612 5712 liberationis
3642 5652 3702 5710 in
