4048 6180
289 249 498 364 “383

803 296 1214 362 HAYMONIS
1245 291 1780 357 HALBERSTAT.
1818 291 2062 352 EPlSC.
2093 290 2265 351 OPP.
2297 289 2500 351 PARS
2531 289 2582 351 Ι.
2613 323 2690 336 -
2719 291 3130 354 COMMENT.
3159 291 3358 356 BlBL.

3669 290 3785 354 384

385 406 591 464 Deum.
626 405 688 462 In
729 405 987 463 secunda
1033 408 1215 477 parte,
1249 416 1375 474 qum
1433 397 1640 472 incipit
1685 395 1787 454 ubi
1836 395 1979 454 dicit
2009 412 2024 452 :
2058 397 2114 465 Α
2141 395 2388 464 dientes,
2412 412 2526 452 non
2549 397 2860 471 desperent
2889 415 3005 472 pro.
3023 398 3277 473 peccatis
3303 397 3450 469 suis,
3481 401 3539 454 et
3567 395 3680 454 hoc
3705 402 3794 454 est

391 519 413 548 ι
449 498 596 553 Tota
623 496 716 551 die
738 495 912 550 verba
929 509 1060 548 mea
1089 491 1526 555 exercebantur,
1555 511 1575 537 η
1602 491 1906 543 enumerat
1934 486 2052 541 illa'

385 585 558 652 mala,
585 603 710 658 quae
738 583 874 639 facit
895 580 1146 654 populus
1169 580 1286 648 ille,
1311 579 1511 635 (licens
1535 584 1730 633 tamen
1753 578 1853 633 illa
1879 577 2034 632 mala

383 689 445 730 se
478 691 590 729 non
623 673 848 739 timere,
874 687 1003 727 cum
1035 670 1211 726 etiam
1235 668 1402 724 cedat
1425 666 1507 721 illi
1541 665 1812 738 populus.
1840 667 1902 721 In
1925 670 2035 720 ter-

381 763 464 818 tia
491 765 818 834 parte.qua3
850 759 1056 831 incipit
1085 758 1182 813 ubi
1206 757 1352 812 dicit
1375 773 1427 812 ια
1453 757 1516 812 In
1550 773 1641 812 me
1673 760 1831 827 sunt,
1855 755 2029 823 Deus,

379 853 513 904 vota
544 854 664 917 tua,
695 871 716 897 η
747 847 886 902 dicit
917 863 978 902 se
1010 845 1387 903 laudaturum
1422 845 1604 900 Deum
1637 845 1695 899 in
1727 848 2030 899 aeternum.

384 937 634 994 Intentio
656 941 765 1004 est,
791 954 898 992 nos
928 937 1262 1002 admonere,
1288 939 1353 989 ut
1382 951 1514 989 cum
1548 933 1826 1006 patientia
1855 933 2032 988 susti-

378 1045 624 1084 neamus
647 1025 803 1081 mala
825 1025 1003 1094 hujus
1023 1023 1554 1094 vitae,attendentes
1577 1022 1750 1077 etiam
1775 1020 1905 1075 illos
1932 1021 2030 1093 qui

377 1117 546 1172 nobis
574 1115 728 1170 mala
758 1114 1035 1179 inferunt,
1063 1113 1130 1165 ad
1157 1129 1262 1166 nos
1289 1110 1562 1166 converti.
1587 1112 1657 1166 Et
1688 1111 1821 1166 licet
1851 1112 2029 1166 confi-

377 1206 477 1260 dat
495 1203 753 1260 Ecclesia
783 1203 852 1257 de
885 1219 992 1256 sua
1021 1200 1387 1268 liberatione,
1413 1203 1609 1253 tamen
1644 1215 1811 1253 suam
1845 1202 2030 1252 atten-

378 1294 542 1358 dens,
564 1288 1091 1353 inﬁrmitatem,sic
1113 1287 1319 1358 incipit
1340 1303 1503 1340 orare
1527 1302 1573 1338 :-
1598 1285 1870 1340 Miserere
1893 1283 2027 1351 mei,

377 1383 530 1438 Deus
564 1397 626 1435 επ
655 1381 726 1435 Et
765 1393 1001 1433 necesse
1045 1379 1152 1440 est,
1184 1394 1206 1424 ι
1249 1373 1527 1447 quoniam
1569 1374 1763 1441 homo,
1795 1397 1815 1422 ι
1845 1374 1901 1428 id
1943 1378 2033 1429 est

377 1454 666 1535 diabolus,
695 1467 790 1540 qui
825 1465 1038 1522 dicitur
1068 1465 1263 1532 homo,
1289 1463 1529 1530 scilicet,
1553 1463 1828 1530 carnalis,
1851 1467 2028 1518 terre-

376 1577 511 1628 nus,
543 1582 563 1609 α
599 1555 962 1614 conculcavit
989 1570 1100 1608 me.
1126 1573 1152 1605 η
1187 1553 1268 1609 De
1302 1569 1415 1624 quo
1449 1552 1662 1607 dicitur
1689 1551 1749 1606 in
1781 1552 2032 1623 Evange-

373 1647 453 1705 lio
478 1665 491 1702 :
523 1671 544 1697 α
568 1646 739 1702 Venit
771 1643 1048 1699 inimicus
1079 1642 1273 1709 homo,
1298 1647 1354 1697 et
1374 1640 1862 1714 superseminavit
1889 1639 2030 1696 ziza-

375 1735 473 1792 nia
530 1735 733 1804 (Matth.
766 1735 912 1802 xm),
955 1731 1177 1788 scilicet
1231 1754 1252 1780 ι
1304 1734 1426 1785 tota
1473 1729 1565 1786 die
1612 1731 1968 1803 impugnans
1997 1749 2029 1782 ι

371 1823 565 1882 verbis
594 1829 653 1880 et
693 1821 1171 1897 suggestionibus
1210 1843 1236 1874 ι
1265 1818 1567 1876 tribulavit
1599 1836 1690 1875 me
1725 1842 1746 1868 ι
1785 1817 2028 1875 manife-

375 1917 482 1972 stis
513 1913 1082 1988 impugnationibus.

449 2027 472 2055 α
507 2003 1007 2060 Conculeaverunt
1038 2017 1151 2054 me.
1181 2023 1201 2048 ι»
1241 1997 1508 2053 Ostendit
1551 2013 1653 2068 per
1684 1995 1823 2068 quid
1856 1995 2030 2052 faciat

376 2091 722 2164 hujusmodi
764 2087 1270 2162 impugnationem
1297 2085 1746 2142 Ecclesimzdico
1785 2085 2029 2140 tribula-

377 2183 480 2250 vit,
516 2198 617 2252 per
645 2179 754 2235 hoc
785 2177 1027 2244 scilicet,
1057 2195 1081 2224 α
1113 2176 1251 2248 quia
1281 2174 1766 2231 conculcaverunt
1809 2190 1880 2230 ne
1918 2173 2029 2229 ini-

375 2269 513 2327 mici
546 2267 660 2324 mei
690 2287 717 2319 η
755 2268 825 2322 ad
874 2266 1114 2320 modum
1147 2282 1268 2320 uva:
1301 2281 1428 2336 quae
1470 2263 1756 2335 premitur
1802 2262 1860 2318 in
1911 2267 2027 2318 tor-

376 2357 580 2429 eulari,
608 2358 1028 2429 oppresserunt
1068 2370 1160 2409 me
1201 2353 1412 2408 umbra
1459 2351 1672 2407 diaboli
1710 2370 1724 2408 ε
1759 2355 1816 2408 et
1845 2371 1866 2399 α
1907 2356 2030 2406 tota

376 2449 542 2517 die,»
582 2451 639 2502 et
695 2447 1016 2518 potuerunt
1075 2441 1434 2510 conculcare,
1489 2461 1516 2495 α
1561 2441 1840 2514 quoniam
1891 2445 2031 2496 sunt

379 2537 550 2594 multi
584 2535 866 2592 bellantes
897 2534 1204 2590 adversum
1240 2549 1352 2588 me.
1381 2557 1402 2584 ιι

449 2627 565 2699 Ipsi
615 2641 708 2680 me
757 2623 839 2679 ita
884 2621 1392 2689 conculcaverunt,
1439 2621 1539 2677 sed
1568 2620 1838 2676 «timebo
1863 2645 1883 2672 ι
1923 2637 2027 2694 ego

387 2737 408 2765 ι
445 2715 517 2771 ab
550 2712 918 2780 altitudine,»
950 2711 1006 2767 id
1041 2714 1130 2767 est
1160 2711 1490 2783 apotentia,
1516 2727 1643 2782 quae
1666 2709 1880 2782 quiden
1913 2725 2028 2765 non

375 2809 483 2874 est,
518 2804 658 2877 quia
695 2825 720 2857 α
751 2802 863 2860 diei
903 2826 923 2851 ιι
959 2807 1067 2870 est,
1100 2802 1154 2856 id
1196 2805 1304 2872 est,
1349 2801 1421 2856 ab
1470 2801 1597 2873 ipsa
1644 2817 1938 2868 concessa,
1974 2804 2031 2855 et

375 2911 501 2969 quze
532 2898 622 2950 est
650 2909 828 2966 parva
857 2891 938 2946 ita
967 2894 1033 2946 ut
1062 2889 1290 2946 dicatur
1319 2889 1496 2946 unius
1526 2889 1660 2957 diei,
1686 2889 1852 2960 quasi
1882 2888 2030 2944 dice-

374 2989 482 3056 ret,
505 2984 630 3040 Non
665 2982 902 3048 timebo,
925 2981 1027 3036 sed
1059 2979 1252 3052 potius
1284 3003 1303 3029 «
1341 2995 1445 3052 ego
1475 2978 1534 3033 in
1565 2982 1620 3034 te
1651 2979 1917 3051 sperabo.
1947 3001 1968 3030 ι

443 3073 582 3129 Dico
623 3071 777 3143 quod
826 3071 886 3124 in
931 3074 987 3124 te
1038 3068 1303 3141 sperabo,
1337 3071 1394 3123 et
1427 3086 1448 3115 ι
1480 3067 1785 3134 laudabo,»
1824 3067 1878 3122 id
1917 3071 2023 3135 est,

372 3160 700 3219 laudabiles
731 3158 941 3214 faciam
969 3177 996 3207 α
1026 3173 1323 3212 sermones
1353 3172 1534 3226 meos,
1562 3179 1583 3207 ι
1619 3155 1677 3209 id
1711 3159 1800 3209 est
1827 3155 2028 3228 praadi-
2055 3133 2100 3203 C

376 3250 638 3307 sationes
663 3264 845 3313 meas,
869 3261 972 3318 per
991 3245 1100 3301 hoc
1123 3246 1274 3317 quod
1308 3249 1480 3299 erunt
1516 3265 1537 3296 ι
1573 3243 1631 3299 ἱη
1662 3244 1832 3300 Deo.»
1859 3245 1982 3300 Dixi
2009 3258 2026 3298 :

374 3338 631 3411 Sperabo
675 3336 733 3390 in
767 3335 904 3402 Deo,
928 3339 986 3390 et
1026 3338 1262 3406 propter
1289 3333 1398 3388 hoc
1426 3355 1447 3383 σ
1483 3350 1599 3389 non
1638 3332 1856 3390 timebo
1887 3335 2026 3407 quid

376 3426 549 3484 faciat
581 3424 728 3480 mihi
761 3440 915 3490 caro,
947 3447 966 3472 η
994 3423 1049 3478 id
1085 3424 1174 3478 est
1207 3421 1542 3494 quicunque
1576 3421 1846 3478 carnalis.

446 3515 551 3573 Hic
583 3511 788 3586 incipit
818 3513 889 3568 de
920 3511 1179 3568 secunda
1210 3514 1391 3584 parte.
1424 3511 1575 3566 Bene
1606 3509 1732 3566 dico
1764 3513 1918 3584 quod
1952 3512 2029 3567 fa-

375 3605 510 3675 ciat,
547 3603 683 3678 quia
713 3601 949 3670 assidue
981 3601 1203 3658 faciunt
1246 3598 1391 3654 mihi
1434 3599 1609 3669 mala,
1635 3603 1692 3656 et
1720 3599 1828 3656 hoc
1857 3619 1880 3649 α
1908 3605 2027 3656 tota

374 3696 468 3752 die
519 3693 936 3751 exercebantur
973 3691 1147 3748 verba
1195 3706 1344 3760 mea,
1375 3713 1395 3738 η
1427 3690 1484 3745 id
1534 3693 1622 3745 est
1666 3690 2026 3762 praedicatio-

371 3802 503 3842 nem
538 3800 728 3841 meam
769 3780 1185 3839 exsecrabilem
1226 3779 1621 3852 judicabant:
1655 3799 1676 3829 α
1719 3783 1775 3834 et
1822 3795 2026 3835 omnes

372 3875 754 3948 cogitationes
801 3888 1004 3927 eorum
1047 3870 1106 3926 in
1149 3869 1371 3926 malum
1403 3888 1428 3920 π
1459 3873 1624 3924 erant
1659 3887 1686 3920 α
1717 3869 2024 3926 adversum

371 3976 486 4030 me,
511 3985 530 4010 ι
559 3979 675 4017 non
708 3977 837 4016 meo
870 3960 1100 4026 merito,
1125 3960 1225 4016 sed
1259 3958 1564 4015 tendentes
1587 3957 1671 4014 eis
1692 3957 1752 4013 in
1777 3958 2022 4029 malum,

373 4051 514 4123 quia
543 4049 762 4119 injuste
793 4047 1146 4118 cogitabant.
1172 4048 1288 4103 Nec
1328 4052 1556 4103 tantum
1591 4048 1847 4104 extranei
1881 4047 2025 4103 mihi

373 4136 530 4194 mala
562 4135 910 4201 inferebant,
936 4135 1036 4189 sed
1062 4134 1236 4190 etiam
1265 4135 1493 4206 privati,
1519 4136 1626 4191 hoc
1649 4135 1791 4192 dicit
1817 4160 1837 4186 ι
1866 4137 2027 4192 inha-

374 4225 649 4283 bitabunt
677 4239 704 4274 n
749 4237 979 4277 mecum
1030 4222 1402 4293 corporaliter
1439 4245 1459 4273 α
1498 4226 1554 4278 et
1606 4223 1965 4279 abscondent
1997 4243 2019 4275 ι

376 4312 520 4370 mihi
551 4311 794 4383 laqueos
826 4308 1052 4375 mortis,
1077 4312 1134 4364 et
1155 4309 1201 4364 si
1230 4309 1431 4364 statim
1462 4326 1577 4364 non
1611 4315 1860 4381 possunt
1881 4311 2028 4366 deci-

377 4417 534 4478 pere,
551 4401 853 4457 imitantes
875 4396 1223 4472 magistrum
1243 4414 1416 4453 suum
1431 4397 1859 4470 diabolum,qui
1881 4415 2029 4455 sem-

2147 507 2168 534 α
2197 485 2348 541 Deus
2371 485 2548 542 vitam
2573 505 2786 557 meam,
2808 509 2834 540 ι»
2859 489 3101 558 scilicet,
3118 506 3243 562 quae
3271 507 3338 545 ex
3367 506 3460 545 me
3481 493 3596 555 est,
3630 487 3792 544 scili-

2142 578 2252 641 cet,
2288 581 2522 646 peccata
2555 594 2684 632 mea
2713 597 2734 625 ι
2768 578 3112 634 annuntiavi
3145 577 3247 632 tibi
3280 597 3306 628 η
3345 582 3402 634 et
3430 578 3610 634 etiam
3648 598 3676 630 ι
3706 576 3794 632 la-

2142 679 2370 736 crymas
2402 682 2561 721 meas
2589 686 2613 716 ιι
2655 685 2758 740 pro
2802 668 2895 723 his
2928 669 3109 736 fusas,
3143 667 3249 724 tibi
3290 666 3531 741 protuli,
3552 685 3705 740 quas
3734 673 3795 724 tu

2149 771 2171 801 α
2204 753 2450 824 posuisti
2483 755 2540 809 in
2572 761 2885 828 conspectu
2917 761 3040 812 tuo.
3068 780 3089 806 ι

2219 863 2245 895 α
2267 843 2429 899 Sicut
2458 849 2513 901 et
2552 846 2610 901 in
2650 851 2751 902 tua
2780 848 3189 919 promissione.
3213 867 3240 898 ιδ
3280 846 3597 903 Promissio
3639 846 3796 902 enim

2140 930 2240 986 Dei
2271 937 2376 1000 est,
2394 935 2547 1006 quod
2581 935 2703 1007 ipse
2735 935 3017 1009 suscipiat
3046 936 3336 1009 laerymas
3369 954 3495 1009 quae
3519 954 3552 991 a
3575 935 3799 992 sanctis

2141 1020 2489 1090 funduntur,
2514 1023 2570 1079 id
2595 1031 2682 1079 est
2712 1043 2814 1097 per
2836 1031 2996 1080 tuam
3031 1025 3583 1092 confractionem,ct
3603 1039 3796 1079 meam

2140 1110 2646 1167 annuntiationem
2676 1132 2698 1161 α
2733 1118 3142 1168 convertentur
3169 1112 3390 1168 inimici
3419 1112 3534 1167 mei
3574 1135 3595 1160 ιι
3626 1128 3660 1166 a
3691 1127 3799 1166 sua

2140 1197 2296 1252 mala
2314 1199 2426 1266 via,
2443 1199 2522 1255 ita
2544 1201 2700 1272 quod
2724 1199 2841 1256 sint
2867 1223 2885 1248 ε
2915 1205 3291 1269 retrorsum,»
3318 1200 3373 1256 id
3406 1205 3516 1268 est,
3543 1217 3798 1272 sequan-

2139 1291 2236 1341 tur
2267 1304 2379 1342 me.
2417 1289 2530 1360 Ipsi
2563 1295 2988 1356 convertentur,
3019 1294 3076 1346 et
3111 1315 3130 1338 α
3167 1289 3226 1344 in
3259 1306 3611 1362 quacunque
3642 1289 3738 1344 die
3774 1311 3793 1338 ι

2139 1391 2244 1448 ego
2277 1393 2410 1432 cum
2445 1377 2562 1433 illis
2603 1380 2730 1450 jam
2770 1378 2906 1434 facti
2947 1396 3066 1434 una
3103 1377 3361 1435 Ecclesia
3395 1401 3417 1429 α
3456 1378 3798 1434 invocavero

2136 1467 2213 1532 te,
2239 1481 2369 1522 ecce
2391 1467 2629 1539 cognovi
2659 1490 2679 1516 η
2715 1468 2995 1539 quoniam
3027 1468 3301 1524 cxaudies
3343 1484 3456 1535 me,
3480 1471 3539 1523 et
3567 1467 3682 1523 hoc
3711 1470 3801 1523 est

2143 1574 2165 1602 α
2193 1554 2471 1625 quoniam
2499 1555 2650 1610 Deus
2673 1572 2840 1612 meus
2861 1573 2976 1624 es,u
2999 1555 3057 1612 id
3081 1561 3171 1612 est
3202 1573 3370 1612 meus
3396 1556 3654 1628 adjutor.
3685 1575 3709 1605 ι
3735 1556 3799 1614 In

2138 1641 2253 1698 Deo
2283 1643 2605 1700 laudabo.»
2642 1645 2711 1700 Et
2741 1645 2881 1718 quia
2913 1663 3006 1701 me
3035 1646 3336 1714 exaudies,
3367 1666 3395 1697 α
3426 1645 3485 1700 in
3520 1645 3638 1701 Deo
3673 1645 3798 1701 lau-

2139 1732 2286 1788 dabo
2307 1734 2568 1802 verbum,
2593 1755 2618 1786 ι
2648 1733 2704 1790 id
2739 1739 2828 1790 est
2861 1734 3072 1790 Filium
3104 1735 3205 1790 Dei
3239 1735 3298 1790 in
3331 1735 3446 1791 Deo
3479 1735 3673 1803 Patre,
3709 1733 3798 1790 in-

2138 1821 2449 1895 telligendo
2482 1827 2538 1878 et
2567 1822 2934 1896 prmdicando
2959 1823 3152 1896 ipsum
3179 1838 3310 1879 esse
3332 1823 3545 1879 Filium
3567 1827 3800 1879 coaeter-

2138 1927 2303 1976 num,
2319 1911 2865 1986 omnipotentem,et
2884 1930 3125 1986 prorsus
3149 1911 3301 1968 idem
3321 1930 3454 1968 cum
3473 1913 3591 1968 Deo
3607 1913 3793 1981 Patre,

2145 2020 2173 2052 α
2203 2004 2259 2055 et
2287 1998 2346 2056 in
2381 2000 2627 2058 Domino
2659 2000 2912 2058 laudabo
2938 2019 3323 2069 sermonem,»
3353 2002 3409 2057 id
3441 2005 3550 2069 est,
3576 2001 3796 2057 Christi

2139 2089 2608 2160 praedicationem
2641 2107 2744 2162 per
2773 2088 3057 2162 Spiritum
3091 2095 3361 2146 sanctum
3394 2107 3523 2147 esse
3554 2091 3797 2160 factam,

2137 2181 2196 2234 et
2225 2178 2354 2233 ideo
2376 2198 2408 2230 α
2441 2180 2664 2251 speravi
2698 2179 2755 2234 in
2787 2179 2903 2234 Deo
2931 2201 2951 2227 ι
2986 2183 3044 2234 et
3091 2185 3327 2252 propter
3370 2179 3480 2235 hoc
3508 2201 3535 2231 α
3566 2197 3685 2235 non
3719 2179 3796 2234 ti-

2139 2267 2308 2322 mebo
2340 2267 2480 2339 quid
2523 2267 2696 2324 faciat
2733 2267 2879 2322 mihi
2920 2268 3116 2336 homo,
3151 2292 3172 2316 ν
3198 2268 3255 2323 id
3288 2273 3377 2324 est
3405 2267 3660 2324 carnalis
3691 2267 3795 2324 ali-

2138 2356 2290 2427 quis.
2329 2356 2432 2412 Hic
2464 2355 2666 2428 incipit
2697 2357 2768 2411 de
2797 2357 2970 2412 tertia
3015 2361 3201 2429 parte.
3235 2357 3366 2412 Ideo
3399 2375 3515 2413 non
3546 2357 3794 2429 timebo,

2139 2445 2275 2517 quia
2303 2449 2357 2500 et
2389 2446 2437 2501 si
2469 2445 2808 2500 auferantur
2849 2445 2992 2500 mihi
3035 2446 3155 2501 hzec
3194 2446 3558 2518 temporalia,
3595 2449 3793 2503 tamen

2137 2534 2463 2589 remanebit
2493 2533 2638 2590 mihi
2663 2536 2816 2590 unde
2848 2535 2954 2590 tibi
2986 2534 3200 2590 servire
3237 2536 3483 2607 possim,
3505 2537 3649 2608 quia
3675 2557 3703 2589 α
3735 2537 3794 2590 in

2138 2639 2251 2691 me,
2279 2647 2300 2676 ι
2339 2623 2396 2679 id
2427 2628 2516 2679 est
2545 2624 2601 2678 in
2634 2640 2763 2679 meo
2796 2623 3082 2691 interiori,
3113 2641 3145 2680 ο
3186 2645 3214 2677 υ
3239 2625 3415 2692 Deus,
3457 2630 3604 2681 sunt
3659 2632 3798 2682 vota

2136 2716 2258 2779 tua,
2287 2735 2308 2762 ι»
2335 2713 2391 2768 id
2423 2717 2510 2770 est
2540 2713 2827 2769 desideria
2873 2713 2977 2768 tibi
3029 2713 3316 2770 serviendi
3343 2730 3355 2768 :
3384 2738 3405 2764 α
3442 2731 3568 2786 quae
3593 2735 3625 2767 ι
3656 2719 3796 2771 vota

2137 2817 2241 2875 ego
2274 2801 2377 2856 tibi
2416 2821 2438 2850 ι
2474 2802 2713 2857 reddam
2744 2826 2765 2854 ι
2803 2801 3044 2874 scilicet,
3068 2821 3099 2854 ι
3130 2801 3496 2858 laudationes
3528 2801 3691 2869 tibi,-
3735 2804 3791 2859 id

2135 2896 2244 2961 est,
2276 2889 2528 2946 laudabo
2572 2895 2629 2948 te
2657 2891 2745 2946 vel
2774 2896 2908 2946 vota
2953 2890 3308 2946 laudationis
3361 2891 3602 2947 reddam
3654 2892 3789 2947 tibi.

2141 2999 2164 3029 α
2199 2979 2506 3046 Quoniam.
2529 2999 2555 3029 η
2593 2979 2662 3035 Et
2695 2979 2875 3035 debeo
2923 2978 3160 3036 laudare
3188 2983 3264 3049 te,
3293 3000 3320 3033 α
3349 2979 3631 3051 quoniam
3673 2980 3791 3035 eri-

2135 3067 2314 3140 puisti
2346 3068 2646 3124 annimam
2678 3085 2890 3136 meam,
2915 3093 2937 3121 ι
2966 3068 3023 3123 id
3055 3074 3162 3140 est,
3191 3069 3402 3142 eripies
3432 3068 3490 3124 in
3523 3069 3640 3124 alia
3668 3069 3793 3124 vita

2141 3179 2162 3205 ι
2199 3157 2269 3210 de
2301 3161 2486 3214 morte
2510 3181 2530 3206 ι
2561 3163 2775 3214 aiterna
2797 3174 2810 3213 :
2836 3157 2906 3213 de
2931 3173 3047 3229 qua
3065 3158 3361 3232 ereptione
3389 3156 3470 3214 ita
3495 3175 3631 3214 sum
3664 3175 3794 3215 eer-

2138 3250 2233 3302 tus
2263 3264 2329 3302 ac
2360 3247 2408 3302 si
2433 3249 2558 3320 jam
2593 3246 2867 3302 haberem
2901 3267 2922 3297 ι
2958 3252 3015 3302 et
3043 3247 3221 3319 pedes
3251 3264 3464 3315 meos,n
3492 3247 3549 3302 id
3581 3251 3673 3304 est
3706 3249 3794 3304 af-

2138 3336 2415 3392 fectiones
2453 3353 2633 3404 meas,
2668 3335 2879 3409 eripies
2908 3357 2935 3392 α
2964 3337 3033 3392 de
3064 3334 3302 3409 lapsu,n
3340 3336 3480 3409 quia
3510 3336 3591 3392 ibi
3625 3336 3795 3393 nullo

2138 3425 2309 3481 modo
2354 3424 2682 3480 movebitur
2729 3427 2801 3481 ad
2847 3424 3068 3480 malum
3121 3425 3348 3481 affectio
3396 3442 3546 3497 mea,
3571 3425 3647 3481 ad
3680 3426 3796 3482 hoc

2137 3514 2359 3570 scilicet
2387 3513 2598 3587 eripies
2630 3519 2695 3570 ut
2725 3531 2829 3588 ego
2881 3515 3108 3588 positus
3150 3539 3171 3565 ι
3214 3516 3273 3570 in
3320 3514 3543 3571 lumine
3590 3514 3794 3572 viven-

2136 3603 2308 3672 tium,
2337 3627 2358 3653 ι
2396 3604 2454 3659 id
2511 3608 2602 3659 est
2658 3608 2724 3659 ut
2778 3603 3026 3660 habeam
3083 3605 3475 3678 cognitionem
3523 3605 3597 3660 de
3644 3604 3796 3675 Deo,

2137 3709 2313 3766 quam
2345 3693 2648 3748 habebunt
2697 3708 2828 3748 vere
2877 3692 3151 3763 viventes,
3183 3716 3203 3743 α
3242 3693 3550 3766 placeam»
3590 3693 3701 3748 tibi
3735 3697 3797 3749 et

2136 3783 2305 3839 bonis
2345 3781 2620 3838 omnibus
2656 3805 2676 3831 ι
2713 3799 2908 3838 coram
2959 3783 3098 3852 Deo,
3126 3805 3146 3831 ιι
3183 3783 3241 3838 id
3273 3787 3361 3840 est
3412 3782 3471 3837 in
3517 3782 3795 3857 beneplav

2137 3872 2250 3930 cito
2281 3872 2404 3927 Dei.

2635 3979 2709 4033 IN
2751 3979 3098 4035 PSALMUM
3139 3979 3280 4036 LVI.

2137 4069 2408 4126 Trruws.
2432 4067 2494 4123 In
2521 4068 2686 4140 ﬁnem
2715 4083 2785 4123 ne
2813 4067 3295 4140 disperdaaDavid
3324 4070 3384 4124 in
3412 4067 3563 4124 tituli
3595 4069 3797 4124 inscri-

2238 4142 2444 4212 ptione,
2471 4155 2596 4195 cum
2623 4139 2834 4209 fugeret
2859 4139 3058 4211 a’facie
3087 4139 3221 4196 Saul
3253 4142 3313 4195 in
3341 4140 3679 4212 speluncam.

2214 4249 2241 4283 ιι
2265 4229 2538 4285 Miserere
2559 4226 2693 4299 mei,
2715 4227 2918 4284 Deus.»
2941 4228 3155 4300 Tangit
3174 4229 3268 4284 hic
3301 4228 3514 4284 iterum
3532 4229 3796 4284 veterem

2137 4317 2442 4373 historiam
2488 4321 2545 4373 et
2582 4334 2811 4373 novam.
2839 4317 3077 4390 Legitur
3103 4317 3260 4373 enim
3295 4317 3352 4372 in
3383 4316 3559 4372 veteri
3612 4315 3798 4374 histo-

2138 4407 2223 4463 ria
2247 4407 2294 4478 (I
2321 4408 2445 4477 Reg.
2477 4422 2592 4460 xxu
2617 4409 2674 4461 et
2693 4407 2847 4476 xxw)
2867 4407 3020 4479 quod
3052 4405 3231 4462 David
3264 4405 3495 4479 fugiens
3526 4405 3794 4476 Saulem,

375 4511 478 4569 per
503 4493 566 4549 in
610 4489 787 4548 ﬁnem
817 4488 942 4547 Vult
982 4487 1247 4560 decipere
1287 4486 1607 4559 hominem,
1637 4507 1662 4540 α
1683 4487 1794 4560 ἱρΞί
1835 4487 2024 4544 calca-
2054 4505 2104 4574 D
2136 4496 2443 4552 abscondit
2471 4511 2533 4550 se
2562 4510 2698 4550 cum
2736 4495 2884 4564 suis,
2914 4495 2972 4549 in
3006 4494 3370 4567 speluncam.
3405 4494 3667 4568 Contigit
3696 4512 3797 4551 au-

378 4600 554 4640 neum
585 4597 782 4638 meum
833 4579 1243 4637 observabunt.
1273 4597 1300 4630 »
1338 4577 1422 4633 Ita
1469 4577 1862 4632 observabunt
1909 4577 2025 4634 cal-

377 4687 644 4741 caneum,
675 4693 696 4720 α
731 4670 885 4726 sicut
917 4668 1282 4725 sustinerunt
1311 4665 1568 4723 animam
1598 4681 1810 4721 meam.
1839 4690 1859 4720 ι
1890 4667 2026 4723 Mali

376 4760 533 4819 enim
564 4759 733 4831 quasi
782 4773 956 4830 grave
999 4758 1229 4830 pondus
1260 4755 1455 4811 ferunt
1481 4754 1662 4810 vitam
1702 4754 2023 4829 justorum,

378 4851 480 4907 sed
512 4864 616 4922 ego
649 4863 762 4903 non
797 4862 964 4913 curo;
1003 4845 1142 4918 quia
1170 4849 1255 4912 tu,
1281 4843 1544 4911 Domine,
1569 4863 1600 4896 α
1631 4842 1821 4900 salvos
1851 4845 2027 4903 facies

377 4933 508 4996 illos
545 4960 564 4988 ι
601 4941 658 4994 et
682 4935 790 4992 hoc
827 4957 848 4984 α
884 4950 986 5006 pro
1019 4933 1224 5000 nihilo,
1249 4951 1275 4983 ιι
1313 4931 1371 4988 id
1404 4936 1493 4987 est
1523 4932 1648 4989 sine
1679 4931 1874 5006 aliquo
1906 4953 2024 4992 me-

378 5027 487 5084 rito
509 5041 730 5094 eorum,
755 5029 812 5080 et
842 5037 946 5097 per
972 5021 1081 5078 hoc
1113 5020 1542 5092 salvabis,quia
1572 5041 1592 5069 ι
1619 5022 1969 5097 confringes,
2000 5048 2020 5075 ι

377 5115 436 5170 id
468 5120 576 5185 est,
599 5113 942 5171 humiliabis
969 5132 995 5165 α
1027 5109 1274 5185 populos
1306 5110 1364 5164 in
1395 5109 1534 5178 ira,»
1563 5109 1620 5164 id
1644 5111 1808 5166 estin
1832 5114 2028 5186 aliqua

375 5203 654 5272 vindicta,
687 5220 865 5276 quam
905 5203 975 5259 de
1013 5201 1098 5258 eis
1136 5215 1356 5256 sumes.
1379 5197 1482 5254 Vel
1519 5221 1539 5246 α
1575 5198 1632 5253 in
1667 5198 1820 5271 ira,»
1847 5201 1905 5259 id
1937 5209 2029 5260 est

380 5290 440 5345 in
471 5291 933 5349 consideratione
979 5295 1234 5348 venturaz
1280 5289 1399 5360 iraa,
1431 5288 1492 5342 in
1541 5287 1634 5343 die
1673 5288 1906 5360 judicii.
1938 5293 2027 5349 Tu

382 5379 891 5453 confringenseos,
911 5385 965 5437 et
982 5397 1087 5453 ego
1106 5395 1332 5452 appono
1355 5380 1578 5450 partem
1599 5393 1791 5433 meam
1809 5380 1878 5436 ad
1899 5399 2028 5437 con-

379 5467 726 5536 versionem,
762 5469 1003 5539 scilicet,
1047 5467 1409 5524 annuntiabo
1451 5465 1677 5537 fecisse,
1710 5484 1802 5523 me
1842 5470 2032 5527 multa

382 5558 634 5630 peccata,
651 5562 707 5611 et
734 5556 834 5612 illa
861 5557 1006 5613 mihi
1039 5574 1165 5613 esse
1187 5557 1615 5627 condonata,ut
1646 5555 1754 5627 ipsi
1787 5554 1896 5612 hoc
1927 5575 2027 5614 au-

2134 4591 2252 4643 tem
2287 4589 2352 4640 ut
2395 4582 2531 4641 Saul
2580 4582 2640 4638 in
2686 4584 2950 4641 eamdem
3002 4583 3342 4652 speluncam
3373 4583 3688 4639 diverteret
3720 4583 3796 4640 ad

2135 4674 2505 4749 purgandum
2537 4677 2822 4730 ventrem.
2855 4673 2926 4728 Et
2975 4689 3109 4728 cum
3160 4671 3340 4729 David
3386 4676 3732 4728 moneretur
3763 4691 3797 4728 a

2135 4765 2260 4821 suis
2293 4769 2356 4820 ut
2385 4779 2520 4819 eum
2552 4762 2922 4831 interficeret,
2958 4763 3165 4834 noluit,
3195 4763 3296 4818 sed
3339 4766 3502 4834 parte
3534 4760 3794 4834 chlamy-

2135 4854 2247 4922 dis,
2272 4869 2404 4925 rege
2436 4850 2747 4919 nesciente,
2773 4850 3042 4920 abscidit,
3069 4855 3135 4906 ut
3158 4867 3260 4923 per
3280 4850 3390 4906 hoc
3422 4849 3793 4906 animadver-

2135 4941 2462 5013 teret,quod
2485 4955 2618 4996 eum
2641 4938 2906 5006 David,si
2924 4938 3114 5008 vellet,
3132 4939 3456 4995 interficere
3477 4937 3794 5012 potuisset.

2135 5034 2280 5088 Cum
2301 5045 2433 5084 vero
2454 5045 2551 5084 rex
2581 5027 2814 5094 exisset,
2833 5027 3008 5084 exivit
3029 5027 3231 5097 David,
3256 5033 3313 5085 et
3334 5026 3609 5084 clamavit
3633 5043 3646 5081 :
3675 5027 3795 5083 Rex

2137 5119 2334 5188 Israel,
2361 5117 2615 5188 attende,
2640 5116 2778 5189 quia
2797 5133 2930 5172 cum
2964 5122 3189 5190 partem
3210 5117 3390 5173 vestis
3422 5117 3493 5173 ab
3516 5114 3656 5184 cidi,
3689 5133 3795 5188 po-

2136 5209 2381 5266 tuissem
2411 5212 2466 5264 te
2495 5207 2840 5274 interﬁcere,
2865 5207 2913 5263 si
2935 5207 3162 5264 vellem.
3187 5207 3356 5263 Tunc
3383 5223 3482 5262 rex
3511 5222 3796 5279 recogno-

2137 5314 2501 5369 scenasuam
2533 5295 2923 5369 iniquitatem,
2949 5313 3064 5352 non
3097 5300 3293 5352 tamen
3317 5293 3565 5353 cessavit
3595 5313 3632 5350 a
3662 5313 3794 5369 per-

2138 5389 2453 5446 secutione.
2478 5387 2602 5442 Non
2634 5385 2915 5440 debemus
2964 5385 3058 5440 hic
3109 5386 3406 5441 attendere
3437 5385 3508 5440 de
3538 5383 3652 5440 hac
3684 5401 3796 5440 sua

2137 5477 2511 5534 tribulatione
2542 5473 2849 5546 scripsisse
2879 5475 3246 5546 prophetam,
3273 5475 3374 5530 sed
3407 5491 3510 5546 per
3539 5490 3603 5529 se
3635 5472 3799 5529 Chri-

2139 5569 2267 5620 tum
2288 5563 2574 5622 intellexit
2601 5579 2612 5616 :
2640 5579 2742 5634 per
2762 5561 3102 5635 speluncam
3137 5564 3198 5620 in
3219 5581 3338 5635 qua
3373 5561 3797 5632 latuit,huma—
