4048 6180
260 340 346 401 389
662 380 677 383 -
1377 337 1875 402 EXPLANA'I‘IO
1918 337 1997 399 IN
2040 338 2422 403 PSALMOS.

3503 348 3621 410 390

259 475 329 542 cit,
357 473 431 529 sic
460 472 548 528 illi
579 473 694 530 cito
743 473 1041 542 deficient,
1078 477 1135 529 et
1183 490 1286 546 per
1328 473 1437 530 hoc
1486 474 1557 529 ad
1608 471 1856 528 nihilum
1889 472 1942 539 Α
1973 488 2086 544 que
2114 471 2421 545 disperdas
2452 472 3014 547 David,corrumpas
3044 492 3293 550 regnum
3316 478 3622 550 Christi,id

258 561 466 632 devient,
500 562 644 635 quia
694 562 849 618 Deus
880 585 909 611 «
944 561 1197 617 intendit
1243 579 1444 617 arcum
1497 579 1695 629 suum,
1730 585 1755 609 n
1806 560 1861 615 id

256 654 321 706 est
344 649 564 722 paravit
590 649 911 706 vindictam
944 666 1112 706 suam
1150 673 1170 699 ι
1205 651 1387 706 donec
1418 650 1809 718 inﬁrmentur,
1835 669 1861 698 η

255 739 297 795 id
321 743 399 796 est
428 742 849 796 convertantur
877 740 944 795 sd
976 739 1183 795 Deum.

309 827 687 885 «Auierentur
705 827 880 884 etiam
903 827 1056 884 sicut
1067 843 1198 884 cera
1210 843 1336 900 qua:
1361 826 1508 895 fluit,
1528 849 1554 876 ››
1577 844 1701 899 quae
1716 827 1868 883 sicut

253 915 871 986 ceraadnihilabuntur,
889 915 1026 990 quia
1046 916 1312 990 inignem
1336 920 1616 972 aeternum
1636 916 1870 972 descen-

253 1006 383 1072 dent,
412 1004 546 1062 ideo
573 1005 930 1074 aufereutur,
964 1003 1103 1077 quia
1137 1027 1164 1055 ‹‹
1196 1003 1370 1078 ignis,
1408 1027 1435 1053 »
1467 1005 1522 1060 id
1565 1008 1653 1060 est
1698 1005 1871 1060 ardor

252 1094 712 1167 concupiscentiae
743 1110 945 1149 eorum
980 1115 1000 1142 α
1036 1092 1245 1149 cecidit
1278 1115 1306 1142 ››
1339 1110 1516 1166 super
1544 1109 1662 1163 eos,
1691 1115 1719 1141 ‹‹
1752 1096 1807 1148 et
1841 1112 1868 1141 η

252 1184 353 1239 ideo
378 1206 399 1232 ι
425 1199 545 1239 non
575 1181 847 1238 viderunt
876 1180 1090 1250 solum,
1107 1204 1135 1231 »
1157 1181 1213 1236 id
1234 1186 1321 1237 est
1339 1181 1635 1238 Christum
1654 1198 1769 1236 non
1782 1196 1872 1236 co-

249 1275 570 1346 gnoverunt.
590 1270 693 1326 Ilic
725 1268 1001 1326 convertit
1025 1286 1086 1326 se
1116 1269 1190 1326 ad
1208 1268 1745 1325 eos.Continuatio:
1767 1268 1873 1324 Su-

248 1379 331 1435 per
345 1377 442 1417 eos
463 1360 675 1417 cecidit
695 1359 872 1433 ignis,
892 1364 950 1415 et
971 1358 1079 1415 hoc
1101 1357 1446 1432 priusquam
1470 1356 1872 1432 intelligeretis

249 1468 331 1524 per
355 1454 596 1524 peccata
622 1452 817 1505 vestra
839 1465 941 1504 vos
970 1462 1099 1504 esse
1131 1447 1484 1520 puniendos,
1510 1451 1567 1504 et
1598 1447 1706 1504 hoc
1731 1450 1822 1502 est
1854 1461 1869 1501 :

249 1540 570 1612 priusquam
604 1560 631 1587 ‹‹
667 1536 848 1611 spiam
879 1539 1107 1606 vestrae,
1144 1560 1171 1586 »
1198 1535 1257 1591 id
1294 1541 1385 1592 est
1417 1540 1654 1610 peccata
1684 1539 1875 1592 vestra

249 1652 271 1678 κ
297 1627 680 1701 intelligerent
704 1649 731 1675 ››
762 1642 826 1682 se
856 1643 984 1682 esse
1008 1649 1034 1676 ‹‹
1054 1642 1352 1692 ramnum,
1370 1648 1398 1674 »
1430 1625 1487 1680 id
1510 1629 1600 1681 est
1616 1640 1876 1699 pungen-

248 1717 331 1773 tia.
346 1717 617 1772 Ramnus
639 1719 729 1772 est
747 1714 951 1783 herba,
974 1714 1138 1788 prius
1160 1713 1375 1783 mollis,
1405 1714 1614 1770 deinde
1641 1712 1875 1787 quando

248 1805 591 1874 maturescit,
626 1805 801 1861 habet
830 1804 1207 1861 acutissimus
1238 1803 1490 1870 aculeos,
1525 1802 1609 1859 sic
1640 1805 1877 1875 peccata

249 1894 388 1968 prius
420 1897 564 1951 sunt
584 1892 877 1963 mollia,et
906 1892 1216 1962 delectant,
1232 1896 1289 1948 ct
1306 1888 1876 1964 deinde‘gravissime

250 1982 665 2058 pungunt.Alia
684 1982 1000 2039 Aranslatio
1021 1982 1172 2038 hanc
1194 1981 1545 2038 sententiam
1567 1980 1878 2035 manifeste

251 2074 560 2140 confirmat,
576 2089 706 2145 quae
738 2076 847 2138 est,
868 2070 1209 2145 priusquam
1243 2065 1423 2143 spina:
1446 2072 1647 2126 vestra:
1669 2068 1879 2141 produ-

252 2166 364 2217 cant
387 2177 689 2218 ramnum.
722 2160 826 2217 Vel
859 2159 1029 2217 aliter
1060 2177 1073 2215 :
1108 2160 1246 2217 Dico
1278 2160 1636 2227 auferantur,
1660 2162 1718 2213 et
1748 2173 1878 2213 vere

251 2269 336 2307 vos
376 2250 723 2307 auferemini
776 2249 949 2306 citius
999 2266 1173 2323 quam
1224 2249 1460 2322 putetis,
1511 2252 1569 2304 et
1617 2247 1724 2302 hoc
1768 2251 1876 2313 est,

256 2341 458 2414 «prius
492 2338 860 2409 auferemini,
893 2356 1071 2413 quam
1105 2340 1286 2412 spinae
1319 2342 1524 2394 vestrae
1553 2337 1881 2410 producant

258 2445 566 2498 ramuum,»
581 2428 637 2484 id
658 2428 992 2484 estveuiant
1008 2428 1080 2483 ad
1099 2425 1600 2495 maturitatem,ad
1612 2441 1882 2482 consum-

260 2503 555 2574 mationem
586 2516 885 2590 nequitiac,
918 2516 1049 2573 dico
1080 2517 1437 2584 aufereutur,
1459 2532 1563 2589 per
1595 2515 1703 2571 hoc
1725 2514 1881 2571 scili-

259 2613 352 2676 cet,
370 2608 520 2679 quod
544 2629 572 2656 «
596 2607 871 2663 absorbet
891 2623 1010 2674 eos,
1049 2628 1075 2653 n
1100 2605 1156 2659 id
1180 2609 1268 2661 est
1288 2606 1547 2660 destruet
1566 2621 1684 2672 eos,
1710 2603 1881 2675 quasi

258 2694 493 2766 absorpti
527 2694 649 2749 sint
677 2711 711 2749 a
742 2697 915 2761 terra,
950 2692 1222 2747 absorbet
1250 2691 1378 2747 dico
1411 2713 1438 2741 «
1473 2690 1626 2746 sicut
1647 2690 1703 2745 in
1727 2691 1832 2757 ira,
1852 2712 1879 2739 ››

256 2782 305 2837 id
332 2787 417 2837 est
443 2782 658 2839 similis
688 2782 856 2850 irato,
891 2785 949 2838 et
978 2781 1125 2837 bene
1156 2781 1319 2847 dicit,
1352 2780 1522 2850 sicut,
1556 2780 1695 2853 quia
1725 2780 1880 2835 Deus

258 2887 537 2944 nunquam
578 2871 766 2926 iratus
795 2873 902 2937 est,
936 2869 1097 2942 ipsos
1125 2868 1269 2925 dicit
1300 2886 1415 2924 non
1464 2868 1742 2936 viventes,
1778 2868 1880 2923 sed

258 2983 283 3008 ‹‹
310 2960 454 3016 sicut
478 2959 736 3016 viventes
768 2982 796 3009 »
829 2958 968 3032 quia
998 2975 1110 3015 non
1144 2974 1274 3014 vere
1311 2957 1535 3024 vivunt,
1568 2957 1669 3012 sed
1702 2957 1879 3013 etiam

259 3050 301 3105 si
326 3049 574 3106 viventes
603 3047 858 3105 exterius
888 3047 1212 3116 videantur,
1237 3050 1432 3102 tamen
1465 3045 1711 3102 interius
1733 3063 1882 3102 mor-

259 3138 332 3193 tui
362 3142 515 3208 sunt,
548 3137 689 3211 quia
718 3141 919 3194 carent
946 3137 1085 3207 vita,
1119 3153 1245 3209 qua:
1275 3135 1430 3192 Deus
1459 3138 1566 3192 est.

1903 1850 1953 1916 B

1974 563 2064 615 est
2095 560 2385 617 Christum
2423 579 2435 617 ε
2474 561 2530 616 in
2564 561 2719 617 tituli
2753 561 3151 636 inscriptione,
3189 569 3416 622 mutata
3441 585 3474 623 a
3496 567 3622 641 qui;

1975 648 2248 718 busdam,
2283 654 2422 705 tunc
2454 651 2687 723 quando
2721 651 2881 723 Saul,
2915 651 2972 706 id
3005 656 3094 708 est
3135 652 3426 725 diabolus,
3463 656 3627 713 misit

1975 736 2214 805 milites,
2247 741 2303 793 et
2330 738 2646 795 custodivit
2675 739 2942 805 domum,
2974 739 3031 795 id
3064 745 3153 797 est
3181 740 3393 799 Christi
3427 743 3623 818 sepul-

1976 841 2163 893 crum,
2185 829 2250 880 ut
2269 825 2619 883 interficeret
2640 828 2868 897 eum,id
2891 832 2981 885 est
3000 830 3623 903 exstingueretfamam

1981 913 2032 984 cj
2042 931 2131 969 us.
2147 914 2308 971 Hanc
2338 932 2576 972 causam
2609 916 2942 973 habuerunt
2959 918 3221 990 quidam,
3242 936 3421 993 quare
3440 926 3626 979 muta-

1980 1007 2192 1059 verunt
2222 1003 2483 1073 titulum,
2512 1005 2651 1077 quia
2676 1006 2952 1062 videbant
2980 1023 3113 1062 eum
3144 1012 3535 1080 mortuum,et
3562 1010 3623 1067 in

1978 1089 2247 1164 sepulcro
2269 1092 2548 1164 positum.
2583 1094 2824 1150 Materia
2862 1093 3127 1151 Christus
3156 1100 3261 1165 est,
3295 1099 3367 1154 de
3397 1116 3512 1172 qua
3540 1099 3625 1156 sic

1980 1178 2209 1252 agitzln
2241 1180 2434 1252 prima
2455 1186 2616 1255 parte
2647 1181 3215 1255 petitliberationem
3246 1185 3625 1244 etexaltatio-

1980 1268 2217 1323 nem.In
2252 1271 2510 1327 secunda
2539 1263 2708 1343 parte
2732 1270 3168 1327 conversionem
3201 1275 3626 1348 gentiumque

1980 1369 2048 1409 ex
2080 1354 2181 1410 illa
2209 1355 2556 1414 exultatione
2587 1363 2643 1414 et
2674 1357 3018 1415 liberatione
3051 1360 3331 1432 procedit,
3367 1379 3495 1435 quae
3547 1363 3626 1420 ibi

1981 1442 2207 1517 incipit.
2229 1467 2257 1494 «
2273 1447 2774 1504 Convertenturad
2789 1464 3119 1520 vesperum.
3138 1471 3167 1499 ››
3180 1449 3243 1505 In
3260 1451 3434 1507 tertia
3444 1457 3626 1524 parte,

1982 1533 2481 1590 conversationem
2512 1535 2871 1606 Judzcorum,
2889 1554 3017 1609 qua:
3049 1541 3139 1593 est
3166 1536 3267 1608 ibi,
3292 1542 3352 1595 et
3381 1540 3452 1595 de
3469 1557 3629 1597 exse-

1982 1619 2241 1676 cratione
2290 1626 2347 1677 et
2394 1624 2718 1679 mendacio.
2773 1625 2837 1680 In
2886 1629 3095 1697 quarta
3142 1631 3329 1698 parte,
3370 1628 3628 1700 laudem,

1983 1724 2161 1779 quam
2195 1712 2353 1765 totus
2384 1711 2646 1779 Christus
2677 1712 2793 1769 Deo
2826 1712 2959 1769 inde
2990 1714 3168 1769 faciat
3209 1732 3313 1786 pro
3342 1734 3451 1773 sua
3480 1716 3628 1774 libe-

1984 1797 2226 1866 ratione,
2260 1803 2316 1853 et
2342 1800 2679 1856 Judazorum
2709 1805 2767 1858 et
2796 1802 3059 1875 gentium
3091 1803 3629 1879 conversione,quaa

1985 1884 2065 1941 ibi
2097 1885 2302 1960 incipit
2332 1906 2345 1943 :
2380 1913 2407 1939 ‹‹
2440 1890 2557 1964 Ego
2598 1894 2794 1946 autem
2845 1891 3092 1947 cantabo
3144 1891 3567 1950 fortitudinem.
3600 1917 3630 1945 »

1987 1974 2233 2031 Intentio
2264 1982 2373 2045 est,
2410 1995 2478 2034 ne
2524 1979 2831 2052 disperdas
2875 1979 3077 2035 David.
3109 1980 3232 2036 Vox
3282 1983 3514 2056 capitis,
3545 1983 3630 2041 sic

1986 2080 2090 2136 pro
2138 2082 2246 2121 sua
2293 2065 2633 2123 liberatione
2682 2068 2947 2124 orantis:
2992 2091 3019 2119 ι(
3052 2069 3207 2126 Deus
3253 2087 3440 2139 meus,
3472 2072 3631 2145 eripe

1988 2170 2081 2209 me
2131 2177 2157 2203 ‹‹
2193 2172 2295 2226 per
2340 2158 2500 2211 tuam
2549 2172 2822 2229 magnam
2873 2158 3215 2229 potentium,
3251 2177 3321 2216 ne
3360 2159 3457 2216 isti
3492 2159 3631 2216 mali

1988 2243 2218 2314 possint
2245 2244 2608 2300 conformarc
2639 2242 2748 2300 sibi
2784 2261 2798 2300 :
2835 2269 2861 2294 ‹‹
2897 2246 2968 2301 de
2999 2245 3255 2304 inimicis
3288 2250 3531 2320 meis,et
3560 2250 3632 2307 ab

1989 2331 2432 2404 insurgentibus
2462 2333 2520 2387 in
2554 2349 2647 2388 me
2675 2331 2860 2389 libera
2890 2350 3003 2389 me.
3042 2357 3070 2383 ››

2061 2444 2089 2470 ‹‹
2122 2420 2292 2494 Eripe
2314 2438 2407 2477 me
2425 2421 2496 2477 de
2517 2422 2898 2494 operantibus
2920 2421 3313 2495 iniquitatem,
3329 2427 3476 2482 etde
3496 2427 3633 2484 viris

1988 2509 2335 2581 sanguinem
2368 2509 2528 2566 salva
2558 2527 2669 2566 me.
2699 2534 2726 2560 ››
2757 2510 2984 2567 Inimici
3018 2513 3297 2586 sunt,qui
3320 2514 3504 2572 solam
3535 2534 3632 2573 vo-

1987 2597 2271 2653 luntatem
2305 2598 2526 2654 habent
2555 2599 2801 2655 nocendi
2848 2616 2987 2673 erga
3039 2603 3391 2674 pr0aimum.
3435 2605 3634 2661 Insur-

1989 2692 2213 2760 gentcs,
2250 2688 2349 2761 qui
2390 2690 2517 2760 jam
2578 2688 2855 2743 commoti
2907 2695 3047 2745 sunt
3098 2691 3288 2747 furore
3336 2697 3394 2749 ct
3430 2695 3535 2763 ira,
3570 2698 3636 2751 ut

1990 2776 2147 2832 mala
2194 2777 2429 2844 faciant,
2484 2793 2590 2833 nec
2638 2781 2832 2832 tamen
2867 2776 3088 2833 faciunt
3122 2795 3134 2834 :
3169 2781 3634 2839 contradicentes

1987 2866 2181 2933 verbo,
2213 2865 2582 2937 iniquitatem
2616 2869 2945 2937 Operantes,
2979 2865 3078 2937 qui
3125 2867 3432 2925 actualiter
3478 2870 3635 2927 mala

1954 2968 1967 2982 ·
1989 2952 2271 3026 inferunt,
2302 2953 2407 3008 viri
2440 2954 2786 3026 sanguinem
2820 2958 2978 3021 sunt,
3013 2953 3113 3026 qui
3158 2954 3413 3013 furorem
3452 2975 3630 3015 suum

1989 3042 2144 3098 circa
2173 3041 2479 3098 hominum
2510 3041 2971 3100 interfectionem
3002 3044 3351 3116 perducunt.
3383 3047 3455 3103 Et
3481 3064 3631 3121 opus

1989 3134 2080 3187 est
2108 3135 2173 3186 ut
2201 3132 2434 3203 eripias,
2469 3155 2494 3182 ‹‹
2530 3132 2670 3206 quia
2695 3149 2827 3188 ecce
2857 3154 2884 3182 »
2918 3132 2976 3188 in
3005 3134 3316 3191 manifesto
3355 3141 3443 3192 est
3474 3160 3501 3187 ‹‹
3535 3154 3633 3193 ce-

320 3251 345 3277 ‹‹
378 3227 708 3295 Lambitur,
736 3249 763 3277 »
794 3226 966 3283 tertia
993 3242 1150 3299 pars.
1176 3225 1330 3281 Deus
1360 3224 1443 3280 ita
1469 3223 1790 3280 vindicabit
1819 3240 1881 3280 se
1910 3217 1953 3283 C
1990 3224 2203 3293 perunt
2230 3220 2487 3277 animam
2520 3238 2713 3277 meam
2746 3222 2942 3291 fortes,
2982 3244 3009 3272 »
3042 3222 3099 3278 id
3131 3226 3221 3279 est
3248 3224 3636 3293 daemones,et

260 3317 322 3372 de
346 3317 448 3385 eis,
478 3341 505 3367 α
528 3317 736 3388 justus
768 3337 795 3365 »
828 3318 1023 3370 autem
1057 3337 1085 3365 «
1118 3330 1252 3369 cum
1283 3313 1493 3369 viderit
1520 3313 1672 3369 hanc
1702 3312 1885 3368 vindi-

261 3412 419 3474 ctam,
449 3403 743 3460 lzetabitur
774 3425 801 3452 »
834 3402 1225 3471 consentiens,
1278 3401 1488 3458 divinis
1526 3401 1795 3473 justitiae,
1826 3405 1886 3457 et
1920 3393 1937 3412 ⁸

259 3516 283 3541 ‹‹
314 3492 538 3563 lavabit,
572 3516 601 3543 η
631 3492 691 3548 id
722 3495 812 3547 est
839 3491 1114 3565 purgabit
1142 3514 1168 3541 ‹‹
1206 3507 1419 3547 manus
1450 3506 1609 3559 suas,
1645 3513 1673 3539 ››
1704 3489 1763 3545 id
1794 3493 1885 3545 est

258 3582 606 3654 operationes
635 3597 774 3639 suas
804 3604 833 3631 ‹‹
866 3579 927 3636 in
958 3578 1243 3654 sanguine
1272 3579 1615 3652 peccatoris,
1649 3602 1677 3628 »
1706 3577 1765 3635 id
1796 3582 1886 3635 est

256 3669 311 3725 in
339 3670 797 3728 consideratione
827 3668 1155 3743 sanguinis,
1188 3667 1246 3723 id
1278 3672 1368 3725 est
1391 3666 1655 3724 vindicta:
1704 3685 1883 3741 quam

257 3756 402 3814 Deus
429 3763 633 3815 sumet-
659 3759 731 3815 de
777 3762 1100 3831 peccatore,
1135 3781 1162 3807 ‹‹
1197 3761 1254 3813 et
1301 3757 1454 3813 dicet
1499 3757 1675 3813 homo
1708 3780 1736 3807 ››
1787 3755 1885 3814 ille

258 3870 283 3895 α
314 3849 363 3904 si
393 3849 608 3905 fructus
639 3853 730 3905 est
750 3849 912 3921 justo
946 3871 974 3897 ››
1005 3847 1077 3902 de
1089 3846 1326 3920 justitia
1356 3851 1477 3918 tua,
1498 3847 1884 3920 quodfutique

256 3941 359 4003 cst,
392 3941 520 3993 tunc
551 3961 579 3987 ‹‹
613 3937 819 4010 utique
850 3936 1003 3993 Deus
1030 3941 1120 3992 est
1159 3936 1441 4009 judicans
1481 3953 1581 3992 eos
1610 3935 1883 4009 :ﬁmalos,

257 4022 311 4078 id
344 4030 430 4081 est
453 4030 729 4100 reputans
761 4024 969 4099 dignos
1017 4024 1392 4081 damnatione
1426 4041 1439 4080 :
1474 4049 1502 4075 ‹‹
1534 4025 1595 4080 in
1645 4030 1818 4096 terra,
1854 4047 1884 4075 ››

258 4111 311 4168 id
338 4119 424 4170 est
446 4115 582 4171 dum
610 4114 814 4171 vivunt.
842 4114 901 4170 in
930 4114 1039 4170 hoc
1070 4113 1302 4170 szeculo.

715 4221 790 4280 IN
829 4219 1177 4279 PSALMUM
1220 4220 1412 4277 LVIII.

258 4309 517 4395 Trruws.
541 4312 606 4368 In
632 4312 805 4395 ﬁam:
825 4326 903 4395 ne.
919 4310 1200 4395 disperdas
1228 4309 1400 4395 David
1428 4311 1489 4395 in
1517 4310 1666 4395 tituli
1695 4311 1889 4395 inscri-

320 4381 742 4457 ptimze,quahdo
768 4382 903 4439 Saul
930 4381 1086 4439 misit
1112 4388 1166 4439 et
1192 4381 1480 4439 αιδιοάίυἰι
1508 4381 1727 4439 domum
1748 4384 1887 4457 ejus,

324 4462 387 4510 ut
414 4456 729 4528 interﬁceret
745 4470 891 4512 eum.

325 4584 353 4610 «
387 4562 546 4635 Eripe
575 4578 737 4618 me.»
763 4559 1050 4634 Tangitur
1080 4559 1173 4616 hic
1204 4558 1425 4632 aliquid
1454 4560 1525 4616 de
1555 4577 1701 4616 nova
1726 4563 1783 4616 et
1802 4577 1888 4617 ve-

256 4648 361 4704 teri
392 4650 642 4707 historia.
660 4649 900 4723 Legitur
927 4648 1085 4705 enim
1116 4648 1175 4704 in
1208 4648 1383 4705 veteri
1416 4648 1663 4705 historia
1682 4650 1728 4717 (I
1760 4650 1886 4721 Reg.

256 4737 369 4812 xxx)
400 4742 545 4812 quod
572 4739 755 4797 David
789 4738 1017 4812 fugiens
1063 4736 1222 4807 Saul,
1251 4737 1503 4810 perrexit
1548 4738 1620 4793 ad
1676 4737 1888 4795 Michol

260 4842 486 4886 uxorem
497 4846 687 4899 suam,
700 4828 759 4884 in
775 4828 1092 4901 quamdam
1108 4828 1349 4883 domum
1364 4843 1533 4882 suam
1551 4844 1564 4895 ;
1580 4826 1733 4899 quod
1753 4843 1888 4883 cum

259 4914 394 4972 Saul
423 4920 801 4994 cognovisset,
834 4916 970 4973 fecit
999 4917 1240 4973 domum
1272 4914 1573 4986 custodiri,
1605 4931 1677 4970 ne
1708 4914 1888 4971 David

258 5012 449 5075 posset
476 5009 738 5074 evadere,
770 5011 828 5063 et
859 5005 1207 5063 interficeret
1237 5021 1394 5061 eum.
1429 5003 1582 5061 Uxor
1619 5021 1728 5061 sua
1754 5020 1888 5061 vero

261 5090 367 5151 hoc
397 5095 984 5171 perpendens,emisit
1003 5111 1137 5151 eum
1161 5111 1263 5167 per
1283 5094 1692 5162 fenestram,et
1711 5093 1795 5150 sic
1815 5091 1889 5147 li-

258 5180 485 5242 beratus
513 5204 669 5243 eum.
686 5187 790 5242 Per
823 5185 934 5241 hoc
954 5184 1109 5257 quod
1132 5183 1310 5241 David
1334 5182 1419 5239 ita
1448 5183 1561 5238 fuit
1581 5182 1893 5239 circumse~

260 5276 397 5342 ptus
423 5275 478 5331 in
506 5277 679 5332 domo
706 5291 833 5343 sua,
854 5272 1326 5345 intellexit,quod
1358 5271 1625 5327 Christus
1639 5272 1890 5328 custodi-

260 5366 418 5418 retur
443 5381 475 5420 a
501 5363 792 5420 ministris
822 5362 983 5431 Saul,
1017 5362 1075 5417 id
1129 5366 1219 5417 est
1257 5358 1497 5425 diaboli,
1530 5359 1588 5415 in
1622 5359 1888 5432 sepulcro

257 5465 384 5521 suo,
399 5459 457 5510 ut
484 5454 815 5512 occiderent
829 5469 986 5521 eum,
1004 5450 1064 5507 id
1095 5452 1267 5508 estut
1294 5449 1512 5506 famam
1534 5449 1662 5521 ejus
1678 5449 1891 5505 exstin-

254 5541 767 5612 guerunt.Titulus
794 5541 877 5597 ita
904 5539 1143 5614 legitur:
1169 5537 1439 5596 Psalmus
1469 5538 1580 5596 iste
1611 5536 1799 5595 tendit
1826 5537 1887 5596 in

252 5627 449 5707 ﬂuctu,
463 5633 520 5692 id
551 5636 640 5694 est
665 5630 729 5692 in
759 5630 1059 5691 Christum
1090 5630 1434 5705 admonens,
1456 5630 1610 5688 netu
1633 5626 1887 5708 quicun-

1991 3309 2285 3382 principes
2336 3310 2673 3366 Judzeorum
2724 3335 2750 3361 ‹‹
2784 3310 3080 3368 irruerunt
3108 3312 3167 3368 in
3202 3330 3315 3383 me,
3370 3338 3398 3364 »
3448 3315 3503 3370 id
3548 3320 3636 3372 est

1993 3398 2276 3470 impetum
2310 3400 2574 3456 fecerunt
2603 3401 2729 3456 sine
2759 3400 2918 3458 omni
2950 3401 3194 3458 ratione.

2065 3512 2091 3539 ‹‹
2126 3489 2323 3562 Neque
2356 3488 2652 3562 iniquitas.
2694 3513 2721 3540 ››
2750 3491 2997 3547 Ostensa
3027 3491 3375 3549 necessitate
3410 3510 3529 3550 suae
3560 3494 3635 3551 1i-

1992 3578 2334 3647 berationis,
2363 3579 2621 3635 ostendit
2651 3580 2951 3650 meritum,
2982 3598 3160 3653 quare
3190 3582 3436 3654 dignum
3467 3582 3544 3638 sit
3574 3588 3639 3641 ut

1991 3666 2293 3739 eripiatur.
2324 3667 2694 3724 Continuatio
2728 3684 2741 3724 :
2775 3668 2912 3725 Dico
2945 3669 3121 3742 eripe,
3153 3669 3353 3738 libera,
3371 3671 3507 3742 quia
3527 3671 3637 3727 hoc

1993 3757 2149 3828 quod
2185 3756 2330 3811 mihi
2360 3757 2602 3825 faciunt,
2619 3780 2645 3806 ‹‹
2678 3773 2864 3830 neque
2897 3781 2925 3806 ››
2956 3762 3045 3813 est
3074 3780 3101 3807 ‹‹
3136 3757 3417 3830 iniquitas
3440 3775 3637 3828 mea,»

1994 3845 2052 3901 id
2085 3849 2174 3901 est
2204 3862 2392 3919 neque
2421 3845 2650 3918 peccavi
2682 3844 2742 3901 in
2774 3845 2857 3901 eis
2886 3845 3205 3914 voluntate,
3239 3862 3429 3918 neque
3477 3851 3635 3917 actu,

1994 3939 2051 3990 et
2080 3935 2187 3991 hoc
2218 3938 2325 4006 est,
2361 3958 2389 3984 ‹‹
2423 3950 2613 4006 neque
2642 3938 2944 4007 peccatum
2975 3934 3526 4002 meum,Domine:»
3547 3934 3638 3991 vel

1994 4022 2275 4096 iniquitas
2307 4027 2591 4096 quantum
2623 4023 2694 4078 ad
2725 4023 3079 4096 proximum,
3114 4040 3302 4097 neque
3333 4027 3639 4097 peccatum

1995 4114 2067 4170 ad
2100 4130 2193 4169 me
2224 4113 2440 4185 ipsum,
2456 4111 2701 4181 scilicet,
2722 4127 2910 4185 neque
2932 4112 3162 4185 peccavi
3181 4116 3384 4169 contra
3405 4130 3524 4182 eos,
3539 4130 3640 4169 ne-

1995 4219 2109 4275 que
2139 4202 2199 4257 in
2232 4218 2324 4257 me
2347 4200 2495 4274 ipso,
2530 4219 2710 4275 quare
2739 4200 2852 4274 ipsi
2884 4202 3136 4258 debeant
3157 4201 3301 4258 mihi
3333 4204 3455 4260 haec
3486 4202 3643 4259 mala

1996 4292 2204 4358 facere,
2220 4290 2321 4346 sed
2345 4290 2539 4363 potius
2564 4313 2591 4341 ‹‹
2619 4288 2874 4360 cucurri,
2896 4314 2923 4338 ››
2938 4290 2997 4347 id
3016 4294 3124 4361 est,
3141 4289 3430 4347 malitiam
3449 4308 3639 4347 meam

1995 4378 2215 4452 explevi
2248 4403 2276 4428 «
2298 4377 2422 4435 sine
2450 4377 2806 4451 iniquitate»
2839 4377 3243 4447 scilicet,nihil
3265 4379 3438 4434 malis
3455 4378 3540 4434 eis
3559 4378 3643 4434 in-

1996 4468 2130 4539 tuli,
2152 4470 2208 4523 et
2238 4485 2352 4524 non
2385 4472 2615 4523 tantum
2646 4469 2802 4524 mala
2832 4485 2946 4524 non
2979 4467 3175 4534 intuli,
3199 4467 3300 4523 sed
3330 4468 3484 4523 bona
3507 4468 3636 4538 feci,

1997 4562 2053 4615 et
2083 4556 2194 4613 hoc
2223 4560 2329 4626 cst,
2365 4580 2392 4608 «
2428 4561 2486 4613 et
2515 4557 2694 4612 direxi
2728 4580 2757 4606 ››
2788 4554 3017 4629 aliquos
3054 4555 3315 4628 exemplo
3362 4560 3419 4612 et
3467 4557 3639 4613 docu~

1998 4651 2297 4715 mento,ut
2326 4647 2398 4702 ad
2425 4647 2577 4701 viam
2608 4661 2739 4701 vere
2767 4643 3116 4717 cognitionis
3149 4645 3548 4701 escenderent.
3567 4645 3639 4702 Et

1998 4739 2137 4810 quia
2165 4736 2249 4792 sic
2279 4735 2530 4804 cucurri,
2572 4751 2604 4791 ο
2656 4734 2919 4803 Domine,
2952 4732 3051 4807 qui
3080 4738 3220 4790 tunc
3249 4732 3463 4791 videris
3502 4735 3639 4792 dor-

1998 4826 2196 4894 misse,
2213 4824 2457 4881 Domino
2481 4841 2572 4879 me
2584 4822 3251 4897 pcrmitterestribulari,
3268 4847 3296 4874 «
3322 4840 3563 4897 exsurge
3580 4824 3637 4878 in

1997 4932 2307 4972 occursum
2340 4930 2559 4981 meum,
2597 4936 2625 4963 ››
2656 4912 2714 4968 id
2747 4917 2834 4968 est
2876 4930 3113 4970 occurre
3163 4913 3308 4969 mihi
3357 4914 3501 4969 bene
3550 4929 3638 4968 re-

1999 5002 2381 5060 munerando.
2418 5001 2685 5057 Occurrit
2715 5007 2863 5059 Deus
2894 5002 3063 5058 Pater
3110 5002 3357 5069 Christo,
3388 5000 3636 5057 resusci-

1996 5093 2173 5148 tando
2203 5090 2446 5159 eum,de
2477 5089 2686 5146 militia
2716 5091 2863 5146 bene
2893 5090 3345 5147 remunerando:
3370 5088 3640 5146 Christus

1998 5179 2336 5249 Patri,bene
2368 5179 2751 5251 promerendo
2775 5196 2787 5235 :
2811 5196 3055 5252 exsurge
3085 5178 3212 5233 dico
3235 5200 3263 5227 ‹‹
3289 5181 3344 5232 et
3362 5177 3513 5245 vide,
3532 5201 3559 5227 ››
3577 5176 3636 5234 id

1996 5273 2086 5327 est
2116 5269 2205 5326 fac
2235 5267 2382 5325 alios
2408 5268 2604 5324 videre
2633 5271 2690 5323 et
2718 5282 3062 5340 cognoscere
3084 5281 3276 5321 meam
3296 5264 3639 5322 exsultatio-

1997 5376 2154 5428 nem,
2170 5361 2236 5413 ut
2264 5356 2401 5412 licet
2428 5356 2745 5427 aliquando
2772 5353 3055 5409 vidissent
3071 5370 3163 5410 me
3179 5353 3642 5427 depressum,ta-

1996 5466 2131 5506 men
2162 5446 2336 5504 modo
2368 5448 2721 5517 cognoscant
2751 5460 2843 5500 me
2875 5459 3069 5517 regem
3086 5443 3484 5510 Judaeorum,“
3504 5448 3562 5500 et
3576 5448 3641 5500 tu

1996 5537 2259 5605 Domine,
2292 5534 2550 5602 intende,
2586 5555 2615 5583 »
2645 5532 2701 5588 id
2735 5536 2825 5589 est
2856 5532 3147 5590 intentum
3179 5536 3234 5590 te
3265 5533 3456 5607 praebe
3505 5556 3533 5585 «
3567 5533 3641 5590 ad

1994 5626 2315 5687 visitandas
2343 5638 2545 5683 omnes
2580 5624 2804 5702 gentes,
2839 5645 2869 5675 ››
2902 5637 3029 5698 quas
3058 5622 3304 5683 inﬁrme
3334 5627 3474 5683 sunt
3503 5636 3639 5686 ono-
