4080 6180
415 313 528 396 β91

786 305 1193 368 HAYMONIS
1241 300 1780 364 HALBEIISTAT.
1829 297 2076 360 EPISC.
2125 298 2297 359 OPP.
2343 300 2542 360 PARS
2589 300 2636 360 Ῐ.
2686 333 2763 347 -
2805 257 3209 362 CDMMENT.
3255 302 3454 362 BIBL.

417 448 553 500 rata
583 441 854 515 peccatis,
888 444 947 494 et
976 438 1104 496 ideo
1145 453 1292 508 opus
1339 438 1428 492 est
1475 437 1539 489 ut
1585 432 1854 492 intendas
1903 431 2056 503 aspi-
2087 433 2140 499 Α
2171 432 2314 488 tiam
2329 449 2916 506 meam,quapossum
2930 435 3169 507 perdere
3184 435 3474 503 Judzeos,«
3490 434 3810 494 custodiam

418 532 691 599 rando,ct
721 529 804 582 eis
836 526 1155 581 omittendo
1187 520 1835 595 prardioatores,iudico
1857 546 1880 566 ‹‹
1911 520 2062 573 Deus

414 620 718 684 virtutum,
756 639 782 666 ››
818 616 874 670 id
907 618 996 670 est
1027 611 1391 685 angelorum,
1426 634 1453 660 «
1488 614 1542 666 et
1594 611 1748 665 Deus
1800 607 1995 674 Israel,
2036 631 2062 657 ››

415 707 473 763 id
497 712 586 764 est
619 703 919 761 Israelitici
951 700 1171 774 populi,
1207 699 1450 766 scilicet,
1484 697 1682 754 visites
1731 713 1830 752 eos
1860 696 1967 763 sic,
2000 699 2067 751 ut

415 795 596 851 facias
626 790 1033 863 concorporari
1083 794 1286 862 gentes
1336 805 1470 844 cum
1519 785 1763 859 angelis,
1798 791 1856 841 et
1887 785 2064 841 etiam

414 900 550 939 cum
581 881 898 937 Israelitico
926 878 1142 952 populo
1171 878 1344 933 visita
1372 879 1672 950 gentes,et
1703 899 1729 924 ‹‹
1766 893 1880 931 non
1899 875 2068 930 mise-

413 972 564 1029 raris
596 969 892 1039 omnibus,
931 992 957 1018 ››
991 986 1106 1024 non
1138 967 1267 1023 dico
1299 967 1440 1039 quin
1473 963 1786 1037 aliquibus,
1836 963 1935 1036 qui
1967 980 2067 1017 vo-

413 1061 544 1118 lunt
575 1059 851 1128 converti,
869 1058 970 1115 scd
996 1074 1112 1113 non
1145 1056 1441 1122 omnibus,
1467 1053 1710 1121 scilicet,
1736 1069 1850 1108 non
1883 1052 2064 1108 obsti-

414 1150 571 1206 natis
604 1147 924 1215 miseraris,
965 1169 986 1196 ι
1021 1143 1119 1218 qui
1148 1147 1466 1217 operantur
1501 1164 1527 1191 ››
1559 1141 1853 1214 egregiam
1887 1164 1912 1189 ‹‹
1953 1141 2064 1195 ini-

413 1239 698 1312 quitatem
731 1235 979 1302 scilicet,
1012 1238 1262 1290 mortem
1290 1249 1501 1288 meam.
1543 1253 1570 1279 ››
1608 1230 1710 1286 Vel
1757 1253 1784 1280 ‹‹
1821 1246 2064 1303 operan-

413 1332 511 1384 tur
540 1325 934 1400 iniquitatem,
960 1347 986 1373 ››
1010 1323 1067 1378 id
1100 1327 1189 1379 est
1218 1321 1276 1376 in
1296 1338 1403 1378 sua
1424 1319 1648 1375 malitia
1673 1323 2062 1392 perseverant.

412 1414 736 1474 Obstinatio
767 1414 1104 1470 Judceorum
1137 1409 1320 1466 valuit
1352 1409 1423 1465 ad
1452 1407 1891 1465 conversionem
1925 1423 2064 1479 gen-

410 1505 580 1561 tium.
606 1502 763 1560 Unde
792 1500 1008 1558 dicitur
1040 1517 1054 1555 :
1089 1523 1115 1549 ‹‹
1150 1498 1390 1554 Caecitas
1420 1496 1668 1569 contigit
1698 1495 1757 1550 in
1791 1495 2068 1563 Israel,ut

411 1591 714 1667 plenitudo
741 1589 1007 1664 gentium
1037 1585 1282 1644 intraret
1311 1587 1483 1659 (Rom.
1506 1585 1606 1656 x1).
1643 1608 1670 1634 ››
1713 1583 1907 1641 Posita
1936 1602 2064 1639 ora-

412 1681 569 1738 tione
601 1697 706 1754 pro
739 1676 1134 1743 conversione,
1159 1677 1325 1748 ponit
1355 1674 1810 1730 allirmationcm
1836 1690 2070 1729 conver-

414 1771 616 1828 sionis.
654 1765 1027 1824 Continuatio
1063 1783 1074 1822 :
1109 1764 1246 1821 Dico
1295 1763 1554 1832 intende,
1599 1767 1656 1818 ct
1697 1779 1829 1818 vcrc
1882 1762 2066 1818 inten-

412 1862 533 1929 des,
568 1859 705 1932 quia
735 1861 938 1930 gentes
967 1879 994 1905 ‹‹
1029 1857 1510 1910 converterentur
1545 1874 1572 1900 ιι
1604 1870 1637 1906 a
1670 1869 1777 1908 sua
1821 1849 2062 1906 idolola-

411 1949 544 2017 tria,
580 1948 651 2004 ad
683 1946 908 2002 cultum
943 1942 1065 2011 Dei,
1100 1947 1157 1998 et
1182 1942 1291 1998 hoc
1317 1965 1343 1992 «
1379 1941 1450 1996 ad
1483 1956 1812 2012 vesperum,
1840 1962 1866 1988 ››
1898 1938 1956 1994 id
1977 1942 2066 1994 est

412 2039 470 2094 in
504 2043 764 2108 tempore
809 2032 1028 2106 gratim,
1065 2053 1093 2080 «ι
1126 2035 1183 2086 et
1232 2030 1530 2102 patientur
1571 2029 1785 2084 famem
1819 2051 1846 2076 ››
1874 2027 2062 2083 incor-

409 2125 670 2202 porando
700 2122 814 2177 sibi
847 2120 992 2175 alios
1024 2142 1052 2169 «
1085 2123 1150 2173 ut
1180 2135 1354 2174 canes
1388 2142 1415 2166 ››
1447 2117 1726 2175 latrantes
1757 2117 1816 2172 in
1857 2115 2062 2189 praedi-

412 2214 640 2271 catione
671 2209 792 2279 Dei,
827 2231 856 2259 ‹‹
889 2213 948 2265 et
977 2207 1310 2265 circuibunt
1339 2207 1653 2274 civitatem,
1686 2229 1713 2255 »
1744 2205 1804 2261 id
1835 2209 1922 2261 est
1952 2206 2063 2260 Ec-

411 2301 652 2358 clesium
686 2296 1066 2353 custodiendo
1100 2312 1396 2368 magnam,
1451 2312 1522 2351 ne
1569 2294 1703 2366 quis
1751 2293 2060 2350 haereticus

409 2391 605 2447 locum
641 2385 1027 2460 impugnandi
1061 2385 1338 2440 inveniat.

482 2478 618 2536 Dico
648 2478 863 2532 famem
896 2474 1211 2548 patientur,
1245 2479 1302 2528 et
1333 2498 1361 2523 «
1395 2490 1526 2530 ecce
1563 2496 1590 2522 »
1623 2471 2062 2539 scilicet,mani-

410 2570 626 2628 festum
661 2569 768 2634 est,
804 2587 830 2615 α
865 2563 1181 2636 loquentur
1213 2586 1240 2612 »
1272 2561 1679 2634 prcedicatione
1708 2561 1808 2616 Dei
1826 2586 1851 2610 ‹‹
1880 2561 1938 2615 in
1961 2577 2059 2616 ore

409 2677 539 2727 suo,
577 2681 603 2706 ›,
653 2654 710 2711 id
762 2658 852 2711 est
898 2651 1011 2709 sibi
1059 2651 1444 2718 convenienti,
1492 2650 1631 2722 quia
1680 2650 1834 2721 quod
1883 2650 2056 2704 verbo

408 2745 748 2823 praedicant,
783 2740 1046 2814 exemplo
1076 2745 1134 2796 et
1163 2756 1335 2812 opere
1385 2741 1754 2805 conﬁrmant,
1788 2762 1814 2788 ‹‹
1848 2743 1904 2793 et
1933 2738 2056 2810 gla-

408 2837 562 2905 dius,
599 2858 627 2885 ››
660 2834 828 2889 idest
855 2830 1097 2886 verbum
1131 2828 1252 2895 Dei,
1288 2844 1390 2900 per
1419 2828 1574 2900 quod
1607 2827 1882 2884 occidunt
1912 2844 2055 2898 prte-

407 2927 695 2982 dicatorcs
743 2919 1012 2976 inimicos
1057 2917 1273 2974 Christi
1323 2918 1885 2973 cxcommunicando
1933 2934 2053 2987 eos,

407 3015 783 3070 defendentes
814 3009 963 3064 ﬁlios
995 3007 1264 3063 Ecclesia:
1297 3007 1369 3063 ab
1401 3007 1802 3063 haereticorum
1857 3007 2055 3078 impu-

406 3101 806 3176 gnationibus,
844 3098 943 3169 qui
977 3097 1247 3151 incidunt
1285 3113 1352 3150 ex
1405 3102 1654 3169 utraque
1703 3101 1867 3167 parte
1911 3096 2051 3164 (Gal.

2093 1813 2144 1882 Β

2172 538 2277 590 ego
2291 521 2357 575 ad
2379 526 2451 587 te,
2483 547 2506 569 υ
2526 521 2580 576 id
2606 524 2874 592 estjuxla
2894 522 3252 578 voluntatem
3275 529 3471 578 tuam:
3507 523 3815 593 ideojuxta

2171 609 2529 664 voluntatem
2542 610 2813 682 Dei,quia
2826 634 2851 660 ‹‹
2869 611 3024 666 Deus
3039 612 3294 667 ostendit
3307 611 3451 666 mihi
3469 635 3495 660 υ
3519 608 3813 666 cxsistenti

2173 695 2317 752 mihi
2336 721 2362 746 ‹‹
2383 715 2560 769 super
2576 698 2845 756 inimicos
2859 717 3085 766 meos,»
3109 699 3249 772 quia
3275 699 3544 772 superior
3565 697 3681 753 illis
3701 714 3817 754 om-

2175 785 2350 841 nibus
2376 802 2556 854 eram,
2585 791 2643 843 et
2667 803 2901 859 possem
2935 805 3026 843 me
3053 787 3125 842 ad
3155 787 3389 843 libitum
3417 804 3614 843 meum
3645 786 3713 842 de
3733 787 3819 844 eis

2172 874 2489 944 vindicare,
2509 875 2618 932 hoc
2633 893 2746 930 non
2771 875 2933 949 ponit
2960 877 3113 948 quod
3138 877 3512 943 ostendisset,
3530 875 3631 931 sed
3651 893 3719 931 ex
3737 893 3820 932 se-

2174 963 2491 1036 quentibus
2523 969 2717 1036 potest
2747 963 3256 1038 intelligi,scilicet
3287 965 3441 1038 quod
3475 963 3639 1020 utilis
3669 968 3821 1021 esset

2167 1069 2372 1112 eorum
2408 1053 2788 1122 conservatio,
2806 1054 2934 1110 dico
2959 1058 3107 1109 Deus
3140 1052 3414 1121 ostendit,
3432 1057 3490 1110 et
3519 1053 3676 1125 quod
3697 1052 3820 1126 ipse

2173 1141 2448 1210 ostendit,
2465 1143 2644 1198 debeo
2656 1143 2864 1210 facere,
2883 1165 2911 1191 «
2927 1141 3066 1214 quia
3081 1165 3108 1191 ››
3121 1142 3246 1214 ipse
3261 1166 3286 1192 «
3305 1143 3457 1198 Deus
3472 1145 3563 1198 est
3581 1157 3820 1213 suscep-

2172 1234 2264 1286 tor
2293 1247 2458 1286 meus
2493 1254 2520 1280 ››
2550 1247 2685 1287 cum
2715 1248 2907 1288 meam
2933 1230 3364 1288 humanitatem
3393 1247 3512 1286 sua
3535 1229 3820 1286 divinitati

2172 1319 2474 1390 conjunxit
2505 1343 2531 1369 «
2565 1324 2623 1376 et
2652 1319 2827 1376 etiam
2868 1320 3022 1378 Deus
3053 1337 3243 1389 meus,
3278 1343 3307 1370 n
3357 1319 3416 1375 id
3461 1323 3557 1376 est
3599 1323 3825 1376 creator

2172 1424 2340 1464 meus
2373 1431 2400 1457 ‹‹
2436 1408 2842 1465 misericordia
2868 1409 2997 1480 ejus
3025 1409 3339 1481 praeveniet
3369 1424 3484 1465 me.
3520 1431 3549 1458 ››
3581 1408 3827 1480 Semper

2173 1495 2328 1552 enim
2350 1495 2620 1553 Christus
2642 1497 2754 1552 fuit
2773 1503 3100 1570 praeventus
3129 1515 3163 1553 a
3194 1497 3600 1554 misericordia
3620 1497 3746 1564 Dei,
3771 1501 3827 1552 et

2173 1584 2232 1639 in
2265 1584 2393 1658 ipsa
2419 1585 2818 1658 conceptione,
2835 1591 2893 1643 et
2923 1603 3154 1660 semper
3183 1591 3385 1658 postea
3402 1587 3660 1645 ostendit
3676 1585 3825 1642 mihi

2173 1674 2348 1740 Deus,
2382 1679 2439 1729 et
2471 1679 2554 1742 tu,
2595 1674 2852 1740 Domine,
2890 1700 2916 1726 ‹‹
2954 1675 3292 1732 ηοίοοοίὼιε
3329 1692 3449 1744 eos,
3487 1699 3513 1724 »
3546 1674 3602 1731 id
3633 1679 3724 1731 est
3756 1692 3826 1731 ne

2173 1779 2414 1836 prorsus
2447 1763 2753 1836 disperdas
2779 1782 2877 1822 eos
2909 1765 3182 1822 inimicos
3214 1781 3396 1835 meos,
3432 1765 3560 1820 ideo
3576 1764 3685 1821 hoc
3703 1781 3828 1836 pre-

2174 1868 2296 1920 cor,
2328 1876 2354 1902 α
2391 1869 2461 1908 ne
2493 1851 2712 1925 populi,
2749 1876 2775 1903 ››
2809 1853 2866 1908 id
2902 1858 2990 1910 est
3037 1853 3307 1928 gentiles,
3343 1877 3370 1903 ‹‹
3404 1851 3828 1909 obliviscantur

2174 1941 2308 2009 mei,
2343 1942 2598 2014 quando,
2633 1964 2661 1992 ››
2708 1941 2764 1997 id
2818 1947 2908 1998 est
2954 1941 3151 2015 aliquo
3201 1948 3481 2016 tempore,
3525 1942 3664 2015 quia
3711 1941 3825 1998 etsi

2173 2029 2375 2086 statim
2411 2048 2525 2085 non
2558 2028 3058 2101 obliviscerentur,
3079 2036 3198 2087 tam
3223 2036 3355 2103 post
3375 2047 3656 2104 magnum
3680 2036 3828 2086 tem-

2171 2135 2283 2190 pus
2341 2117 2828 2176 obliviscerentur
2885 2119 2999 2175 nisi
3059 2119 3340 2176 haberent
3401 2119 3656 2188 Judazos,
3718 2119 3825 2192 qui

2172 2211 2422 2262 mortem
2453 2205 2666 2262 Christi
2700 2207 3106 2281 Redemptoris
3134 2225 3244 2265 sua
3281 2208 3643 2280 dispersione
3673 2225 3826 2264 con-

2171 2295 2492 2364 ﬁrmarent,
2525 2300 2583 2351 et
2632 2293 2722 2352 lex
2766 2312 2874 2350 sua
2925 2312 3104 2367 quam
3137 2295 3376 2364 habent,
3409 2296 3825 2354 testimonium

2169 2384 2384 2440 Christi
2415 2388 2523 2441 est.
2555 2382 2680 2452 Vel,
2715 2402 2787 2442 ne
2818 2384 3019 2457 populi
3047 2385 3160 2440 mei
3193 2385 3611 2442 obliviscantur
3639 2387 3788 2442 mei.

2240 2474 2320 2528 Ne
2350 2474 2603 2542 occidas,
2639 2475 2738 2529 sed
2770 2473 2965 2546 potius
2997 2497 3025 2524 «
3061 2473 3366 2548 dispergas
3396 2473 3528 2531 illos
3561 2497 3588 2523 ››
3611 2492 3718 2547 per
3740 2477 3827 2531 di-

2166 2580 2333 2619 versa
2365 2579 2561 2635 regna,
2595 2567 2653 2619 et
2681 2562 2791 2618 hoc
2822 2586 2850 2612 «
2885 2562 2943 2617 in
2973 2563 3188 2618 virtute
3219 2568 3338 2632 tua,
3375 2586 3404 2612 »
3435 2563 3492 2619 id
3524 2568 3611 2618 est
3637 2561 3696 2617 in
3721 2581 3827 2636 po-

2166 2651 2348 2708 tentia
2376 2656 2496 2719 tua,
2529 2669 2657 2724 quae
2689 2651 2886 2724 petitio
2917 2651 3130 2708 Christi
3163 2651 3405 2724 impleta
3433 2652 3826 2724 fuit,quando

2165 2759 2264 2798 eos
2291 2740 2457 2796 Titus
2497 2745 2555 2795 et
2601 2739 2996 2812 Vespasianus
3047 2740 3466 2813 disperserunt,
3499 2744 3558 2796 et
3606 2741 3828 2813 incipit

2165 2847 2329 2886 orare
2377 2847 2480 2902 pro
2529 2829 2904 2885 conversione
2953 2845 3179 2897 eorum,
3213 2829 3413 2885 dicens
3456 2830 3568 2887 Deo
3601 2846 3616 2884 :
3650 2853 3678 2879 «
3715 2832 3829 2886 De-

2165 2936 2313 2993 pone
2335 2923 2939 2990 cos,protectormcus
2953 2918 3198 2974 Domine
3232 2942 3260 2967 »
3293 2918 3363 2974 de
3393 2918 3665 2991 superbia
3682 2936 3821 2976 sua.

2236 3032 2262 3058 ‹‹
2297 3007 2598 3064 Delictum.
2619 3029 2644 3055 ››
2681 3009 2909 3080 Depone
2933 3007 3293 3080 superbiam,
3311 3011 3368 3064 et
3389 3007 3564 3063 etiam
3586 3008 3823 3080 depone

2165 3122 2192 3148 ‹‹
2228 3097 2506 3153 delictum
2537 3096 2657 3152 oris
2686 3114 2911 3165 eorum,
2939 3120 2966 3145 ››
2997 3097 3053 3152 id
3082 3101 3170 3152 est
3201 3097 3393 3154 cordis
3423 3114 3628 3152 eorum
3664 3114 3677 3151 :
3714 3115 3827 3153 cor

406 3192 512 3262 III),
548 3191 703 3245 Novo
736 3185 979 3250 scilicet,
1019 3189 1075 3239 ct
1120 3184 1313 3239 Veteri
1365 3185 1763 3249 Testamento,
1793 3184 1902 3238 erit
1933 3208 1958 3233 (ι
1994 3185 2053 3240 in
2083 3180 2127 3247 C
2165 3185 2294 3240 ideo
2337 3184 2552 3240 dicitur
2597 3203 2682 3254 os,
2718 3185 2856 3256 quia
2903 3185 3028 3240 hiat
3075 3185 3135 3240 in
3184 3185 3490 3242 desideriis
3538 3185 3692 3241 sicut
3747 3204 3819 3242 os

405 3278 577 3333 labiis
607 3291 810 3332 eorum
844 3291 857 3329 :
896 3297 924 3322 ››
957 3273 1084 3328 ideo
1117 3272 1228 3328 erit
1256 3272 1491 3344 gladius
1525 3273 1581 3327 in
1613 3272 1784 3327 labiis
1826 3289 2050 3340 eorum,

406 3390 433 3417 ‹‹
469 3365 748 3438 quoniam
781 3362 913 3434 quis
946 3359 1170 3416 audivit
1202 3384 1230 3409 »
1263 3377 1382 3428 eos,
1418 3359 1474 3415 id
1505 3366 1594 3416 est
1641 3359 1854 3432 aliquis
1887 3361 2052 3416 audi-

403 3455 505 3523 vit,
540 3455 598 3510 id
630 3457 717 3509 est
747 3449 1002 3508 obedivit
1033 3449 1118 3505 cis
1168 3448 1644 3521 praedicantibus,
1679 3449 1896 3521 aliquis
1937 3467 2053 3506 non

406 3541 626 3600 audivit
657 3540 808 3609 illos,
843 3538 941 3612 qui
969 3537 1302 3604 audierunt,
1336 3537 1660 3594 defendunt
1689 3537 1902 3611 gladio,
1937 3555 2054 3594 non

404 3633 712 3689 audientes
743 3630 1109 3702 impugnant.
1142 3625 1244 3682 Vel
1278 3627 1411 3699 quis
1444 3627 1666 3683 audivit
1695 3627 2052 3700 praedicatio-

405 3740 561 3790 nem,
615 3724 934 3792 antequam
1003 3722 1205 3790 gentes
1253 3716 1535 3772 haberent
1591 3716 1852 3789 gladium
1908 3717 2055 3773 Dei?

403 3797 572 3885 quasi
623 3811 861 3877 diceret,
910 3809 1031 3864 fere
1080 3805 1317 3874 nullus;
1371 3811 1428 3861 ct
1478 3805 1604 3862 ideo
1651 3808 2051 3863 necessarium

404 3905 552 3970 erat,
589 3899 744 3974 quod
777 3903 982 3972 gentes
1014 3896 1399 3970 przedicarent
1428 3895 1668 3951 verbum
1705 3896 1820 3952 Dei.

475 3991 691 4045 Gentes
722 3992 1150 4053 convertentur,
1186 4009 1212 4035 ‹‹
1248 3989 1302 4040 ct
1333 3984 1464 4040 illos
1500 4008 1526 4033 »
1559 3985 1657 4056 qui
1684 4003 1797 4041 non
1815 4003 2052 4042 conver-

400 4083 600 4132 tentur
630 4100 657 4125 «
678 4075 1041 4144 deridebis,»
1075 4074 1130 4127 id
1163 4078 1251 4128 est
1279 4071 1609 4129 derisibiles
1639 4074 1933 4131 ostendes.
1956 4075 2054 4130 Le-

401 4166 561 4240 gitur
589 4163 765 4218 etiam
799 4163 858 4218 in
891 4162 1042 4217 bono
1076 4161 1198 4228 sic;
1233 4166 1434 4233 gentes
1465 4167 1895 4230 convertentur,
1933 4187 1960 4213 ‹‹
1995 4170 2054 4218 et

402 4258 488 4320 tu,
524 4250 788 4319 Domine,
822 4266 924 4306 eos
954 4272 981 4298 ››
1028 4265 1358 4320 conversos,
1391 4272 1419 4298 «
1455 4249 1747 4306 deridebis
1781 4274 1808 4299 ››
1857 4251 1916 4306 id
1965 4255 2054 4308 est

404 4339 732 4396 derisibiles
763 4337 1038 4394 ostendes
1069 4335 1180 4391 sibi
1211 4336 1377 4408 ipsis,
1410 4337 1548 4408 quia
1589 4343 1944 4409 cognoscent
1990 4355 2052 4399 se

404 4429 732 4486 secundum
754 4425 1006 4502 priorem
1028 4425 1209 4480 vitam
1233 4423 1562 4480 derisibiles
1577 4441 1704 4480 esse
1718 4430 1776 4481 et
1792 4430 2050 4481 contem-

404 4518 640 4590 ptibiles
657 4542 683 4567 «
704 4522 761 4573 et
789 4515 862 4571 ad
883 4513 1132 4569 nihilum
1158 4513 1410 4568 deduces
1441 4529 1644 4568 omnes
1662 4518 1868 4585 gentes
1889 4536 1915 4562 »
1930 4518 2050 4571 tam

406 4609 612 4676 bonos,
647 4623 824 4680 quam
858 4603 1063 4659 malos.
1101 4601 1243 4658 Boni
1277 4601 1347 4656 ad
1383 4599 1634 4656 nihilum
1657 4601 2048 4673 deducuntur,

407 4696 640 4768 quando
672 4693 923 4766 priorem
953 4692 1131 4748 vitam
1164 4690 1463 4758 deserunt,
1479 4693 1534 4744 et
1565 4688 1711 4744 nihil
1743 4707 1871 4746 eam
1888 4708 2054 4764 repu-

407 4789 555 4841 tant.
586 4782 742 4851 Mali,
778 4783 1011 4855 quando
1052 4784 1288 4854 propter
1331 4778 1584 4853 priorem
1635 4780 1837 4849 vitam,
1886 4781 2051 4837 dam—

405 4873 728 4931 nabuntur.

478 4987 505 5014 ‹‹
524 4959 1005 5018 Fortitudinem.»
1021 4958 1336 5029 Postquam
1354 4956 2054 5016 ostenditconversionem

406 5049 964 5127 gentium,ostendit
994 5065 1172 5120 quare
1205 5064 1321 5102 non
1352 5046 1899 5106 destruetinimicos
1917 5067 2055 5106 suos

403 5143 658 5208 Judzeos,
674 5156 809 5197 cum
837 5143 1033 5211 posset
1056 5138 1261 5204 l'acere,
1288 5134 1427 5208 quia
1447 5137 1770 5192 secundum
1791 5137 2052 5194 volunta-

405 5234 524 5286 tem
542 5229 641 5285 Dei
659 5226 925 5302 cognovit
938 5225 1172 5282 illorum
1186 5224 1645 5292 conversionem,
1667 5229 1724 5279 et
1736 5225 2050 5297 dispersio-

408 5334 540 5372 nem
553 5318 757 5373 utilem
773 5318 890 5373 fore
905 5316 976 5372 ad
1002 5313 1441 5372 conversionem
1467 5311 1824 5385 gentium,et
1845 5315 1916 5368 ad
1943 5314 2050 5371 Ju-

409 5406 662 5461 dzeorum
677 5406 1135 5472 conversionem,
1159 5421 1286 5476 quze
1318 5403 1378 5456 in
1421 5400 1758 5456 novissimis
1782 5403 2055 5474 tempori-

409 5493 520 5550 bus
532 5498 620 5549 est
633 5494 847 5550 futura.
863 5493 1229 5550 Continuatio
1245 5509 1257 5546 :
1273 5491 1489 5547 Omnes
1501 5493 1704 5563 gentes
1715 5489 1786 5545 ad
1803 5489 2052 5549 nihilum

410 5581 789 5656 deducentur,
817 5583 918 5644 sed
952 5580 1402 5643 «fortitudinem
1416 5595 1628 5653 meam,
1648 5579 1808 5640 idest
1825 5581 2051 5656 patien-

2164 3299 2190 3325 (ι
2223 3280 2283 3330 et
2316 3297 2343 3324 ››
2375 3273 2552 3330 etiam
2602 3298 2628 3324 «
2665 3291 2996 3330 sermonem
3043 3272 3333 3333 labiorum
3383 3275 3645 3346 ipsorum
3683 3298 3712 3323 ››
3749 3283 3821 3332 ut

2163 3380 2297 3421 cum
2329 3363 2589 3419 dicerent
2621 3381 2634 3419 :
2668 3386 2694 3414 «
2734 3363 3094 3420 Daemonium
3128 3362 3311 3420 habes
3341 3365 3560 3437 (Jama?
3592 3369 3652 3420 et
3671 3368 3756 3434 8),
3793 3389 3823 3417 ιι

2162 3457 2218 3510 et
2246 3452 2466 3509 similia
2496 3469 2509 3509 :
2544 3475 2573 3503 ‹‹
2604 3458 2662 3509 et
2691 3452 3282 3526 comprehendantur,
3307 3475 3336 3503 »
3368 3452 3427 3509 id
3460 3458 3548 3510 est
3575 3454 3824 3510 convin-

2163 3545 2374 3598 cantur
2403 3565 2430 3591 «
2464 3541 2524 3597 in
2553 3542 2830 3614 superbia
2859 3559 2969 3598 sua
2997 3565 3024 3592 υ
3056 3545 3122 3598 ut
3161 3546 3519 3614 cognoscant
3567 3547 3816 3614 propter

2162 3631 2498 3704 superbiam
2530 3649 2700 3688 suam
2731 3631 2790 3686 in
2823 3631 2930 3687 has
2962 3630 3230 3687 miserias
3262 3649 3324 3687 se
3354 3630 3658 3686 incidisse.

2233 3721 2372 3776 Dico
2403 3721 2992 3793 comprehendantur.
3009 3719 3204 3775 Tertia
3218 3719 3533 3792 pars.Vere
3555 3737 3826 3792 compre-

2161 3810 2514 3879 hendantur,
2551 3810 2688 3882 quia
2717 3835 2745 3861 ‹‹
2777 3811 2849 3865 de
2881 3809 3294 3878 exsecratione,
3330 3833 3360 3859 ››
3390 3810 3450 3865 id
3481 3815 3571 3866 est
3600 3809 3673 3866 de
3705 3809 3822 3866 hoc

2162 3899 2315 3972 quod
2337 3898 2780 3974 omneshabent
2801 3915 2900 3954 eos
2927 3896 3332 3966 exsecrabilcs,
3354 3921 3382 3948 «
3407 3902 3463 3954 et
3484 3899 3554 3955 de
3578 3899 3824 3954 menda-

2161 3987 2270 4043 cio.
2305 4011 2333 4037 »
2384 3987 2694 4042 Mendacos
2743 3987 2899 4042 enim
2951 3991 3117 4042 erant
3165 3986 3316 4042 male
3368 3987 3820 4060 interpretando

2161 4075 2513 4148 Scripturas,
2534 4079 2592 4130 et
2619 4075 2796 4130 etiam
2829 4074 3175 4132 mentientes
3203 4075 3276 4130 de
3307 4075 3710 4144 Christo,cum
3733 4077 3825 4132 di-

2161 4169 2403 4220 cerent:
2457 4163 2756 4220 Venerunt
2802 4163 3075 4236 discipuli
3125 4163 3254 4235 eius
3304 4168 3495 4231 nocte,
3549 4168 3610 4220 ct
3634 4164 3820 4220 furati

2161 4259 2300 4311 sunt
2327 4270 2540 4325 corpus
2570 4253 2718 4325 ejus,
2743 4257 2802 4308 et
2831 4253 2903 4308 de
2934 4251 3078 4325 ipsis
3110 4252 3299 4308 edocti
3331 4255 3497 4308 erant
3527 4275 3556 4302 ‹‹
3591 4252 3651 4308 in
3683 4269 3825 4310 con-

2161 4342 2575 4410 summatione,
2610 4365 2639 4391 »
2670 4341 2728 4397 id
2760 4345 2848 4398 est
2877 4341 2936 4397 in
2982 4341 3338 4413 perfectione
3384 4341 3670 4398 virtutum
3709 4359 3723 4396 :
3760 4348 3824 4398 et

2158 4431 2259 4500 ita,
2293 4430 2446 4504 quod
2480 4454 2506 4480 ‹‹
2539 4431 2895 4485 annuntiant
2928 4452 2956 4479 ››
2991 4429 3089 4485 alii
3119 4430 3359 4499 sciliset,
3395 4430 3551 4502 quod
3579 4430 3823 4486 dicetur

2162 4519 2349 4577 Judzei
2375 4519 2477 4592 qui
2509 4517 2732 4574 inimici
2762 4522 2928 4574 erant
2952 4518 3188 4587 Christi,
3218 4520 3291 4576 ad
3323 4520 3520 4593 ipsum
3548 4520 3820 4576 conversi

2166 4614 2309 4666 sunt
2339 4614 2397 4665 et
2426 4606 2865 4664 annuntiabunt
2896 4608 3073 4665 etiam
3106 4632 3132 4658 ‹‹
3166 4608 3226 4664 in
3274 4609 3362 4665 ira
3392 4632 3421 4658 υ
3452 4625 3581 4665 esse
3611 4634 3637 4660 «
3674 4625 3821 4664 con-

2171 4696 2607 4766 summationis,
2645 4719 2672 4746 »
2706 4695 2764 4752 id
2805 4700 2894 4752 est
2939 4697 3179 4768 perfecti
3223 4698 3636 4767 consummati,
3672 4716 3820 4754 con-

2161 4786 2471 4844 siderando
2502 4785 2650 4840 iram
2681 4788 2738 4840 et
2767 4785 3084 4841 vindictam
3110 4785 3330 4858 judicis
3359 4787 3420 4842 in
3466 4787 3666 4842 futuro
3708 4787 3819 4858 ju-

2161 4876 2361 4933 dicio:
2396 4899 2424 4925 ‹‹
2458 4878 2516 4929 et
2549 4898 2576 4923 ››
2625 4873 2799 4928 etiam
2853 4898 2880 4924 ‹‹
2930 4891 3043 4930 non
3091 4881 3264 4931 erunt
3309 4898 3338 4925 »
3386 4875 3588 4948 quales
3642 4875 3819 4947 prius

2161 4970 2346 5032 erant,
2379 4962 2603 5019 scilicet
2633 4961 2960 5034 blasphemi
3007 4969 3063 5018 et
3114 4969 3466 5034 peccatores.
3501 4963 3602 5020 Vel
3649 4989 3676 5015 α
3711 4983 3821 5020 an-

2164 5053 2613 5119 nuntiabuntur,
2641 5074 2668 5100 ››
2701 5049 2758 5106 id
2791 5057 2879 5106 est
2904 5069 3007 5123 per
3037 5052 3457 5110 annuntiantes
3487 5059 3658 5110 erunt
3689 5079 3716 5104 «
3747 5054 3817 5111 in

2158 5137 2684 5199 consummatione.
2723 5160 2752 5186 ››
2782 5137 2909 5192 Alia
2938 5138 3246 5194 translatio
3277 5139 3453 5196 habet
3483 5138 3817 5212 planiorem

2159 5231 2434 5299 litteram,
2467 5230 2523 5282 et
2553 5225 2622 5282 de
2653 5225 3067 5294 exsecratione,
3101 5230 3158 5282 et
3202 5227 3508 5283 mendacio
3554 5226 3817 5285 evellen-

2158 5326 2254 5376 tur
2284 5317 2342 5373 in
2373 5315 2460 5371 ira
2491 5313 3038 5370 consummationis.

2231 5431 2258 5459 «
2293 5408 2364 5464 Et
2394 5428 2423 5456 »
2452 5409 2591 5461 tunc
2622 5402 2733 5477 ipsi
2758 5402 2966 5472 Judaei,
3001 5428 3029 5455 «
3062 5404 3268 5475 scient,
3286 5406 3428 5480 quia
3444 5405 3599 5463 Deus
3625 5405 3816 5464 domi-

2161 5497 2399 5556 nabitur
2425 5493 2626 5561 Jacob,
2663 5514 2691 5542 ››
2720 5491 2778 5548 id
2811 5496 2901 5548 est
2928 5492 3159 5550 Judaici
3189 5495 3389 5569 populi
3422 5519 3450 5548 κ
3484 5499 3542 5553 et
3567 5518 3598 5546 υ
3630 5495 3814 5552 etiam

2161 5586 2370 5648 ﬁnium
2399 5587 2590 5660 terrae,
2620 5580 2680 5640 id
2712 5585 2801 5642 est
2827 5579 3161 5660 gentilium,
3201 5601 3306 5663 per
3350 5600 3556 5646 omnes
3605 5588 3816 5663 gentes
