4048 6180
217 363 311 427 397
1371 363 1618 425 EXPLA
1629 359 1867 425 NATIO
1908 359 1990 424 IN
2034 363 2418 431 PSALMOS.

3480 376 3600 440 398

215 498 499 573 stris,quia
527 515 717 573 neque
745 496 920 556 hodie
933 497 1104 572 jubet
1130 496 1471 573 congregari
1502 496 1843 567 exercitum,
1873 491 1932 563 Α
1958 501 2083 557 tute
2111 498 2172 556 in
2201 500 2498 573 virtutem,
2532 505 2590 561 et
2618 521 2734 562 non
2766 502 2892 563 sine
2921 505 3151 579 merito,
3185 528 3215 559 κ
3246 507 3385 582 quia
3411 510 3602 571 factus

215 605 378 663 neque
409 590 632 663 praebet
660 587 1041 646 manifestum
1074 587 1379 657 auxilium,
1403 587 1557 645 sicut
1584 586 1721 643 fecit
1749 602 1847 643 an-

214 677 369 752 tiquis
399 678 688 752 patribus.
721 680 810 734 Tu
843 695 958 734 non
992 677 1328 751 egredieris,
1361 680 1428 733 ut
1458 676 1616 734 vivas
1647 693 1845 749 corpo-

214 768 407 837 raliter,
442 785 635 841 neque
675 785 782 824 nos
832 767 1112 840 petimus,
1147 768 1248 824 sed
1283 790 1311 816 «
1342 768 1418 823 da
1462 766 1631 823 nobis
1680 764 1841 822 auxi-

214 859 336 914 lium
363 859 437 913 de
467 856 867 926 tribulatione,
902 880 932 907 »
962 856 1185 914 scilicet
1215 861 1282 912 ut
1304 856 1711 913 tribulationes
1739 856 1844 911 im-

214 948 385 1004 missae
416 946 774 1003 auxilientur
814 948 1006 1015 nobis,
1038 951 1096 1003 et
1148 948 1474 1020 perducant
1518 947 1589 1002 ad
1640 946 1839 1001 civita-

213 1044 307 1094 tem
337 1038 668 1106 munitam;
702 1040 760 1093 et
787 1036 1040 1094 salutem
1071 1036 1379 1092 hominum
1407 1054 1523 1091 non
1563 1035 1841 1107 petimus,

213 1127 328 1199 quia
367 1150 395 1177 ‹‹
430 1144 584 1182 vana
632 1126 792 1182 salus
838 1125 1122 1194 hominis,
1162 1147 1191 1175 »
1238 1126 1295 1181 id
1348 1128 1437 1181 est
1484 1124 1839 1193 transitoria,

214 1217 251 1272 si
276 1216 347 1272 sit
375 1233 447 1271 ex
475 1216 734 1271 homine.
768 1215 926 1282 Dico,
961 1214 1120 1270 salus
1147 1218 1236 1271 est
1274 1232 1441 1283 vana,
1472 1217 1530 1270 et
1557 1214 1687 1270 ideo
1719 1236 1746 1264 «
1780 1212 1840 1268 in

213 1304 308 1361 Dec
357 1303 646 1360 faciemus
699 1304 997 1372 virtutem,
1036 1325 1063 1353 »
1095 1304 1153 1358 id
1203 1308 1293 1359 est
1338 1320 1625 1375 ponemus
1676 1319 1840 1374 spem

210 1393 431 1450 virtutis
456 1396 667 1450 nostrae
699 1394 757 1449 in
791 1393 928 1461 Deo,
956 1397 1015 1448 et
1044 1410 1161 1448 non
1190 1392 1250 1447 in
1282 1391 1472 1447 salute
1507 1392 1836 1460 hominum,

207 1482 279 1540 vel
301 1482 361 1539 in
395 1482 737 1549 mundanis,
764 1483 903 1555 quia
933 1481 1131 1538 omnia
1161 1482 1233 1548 ei,
1267 1484 1326 1537 et
1354 1480 1500 1536 nihil
1544 1480 1681 1536 boni
1731 1498 1838 1535 no—

206 1572 281 1630 bis
306 1572 668 1640 tribuamus,
691 1596 717 1621 ‹‹
751 1576 809 1629 et
837 1572 964 1644 ipse
991 1572 1065 1627 ad
1096 1570 1347 1627 nihilum
1378 1571 1626 1626 deducet
1656 1569 1839 1625 tribu-

208 1686 232 1713 α
255 1662 440 1719 iantes
469 1679 600 1719 nos.
635 1685 665 1712 »
692 1661 795 1717 Vel
823 1660 874 1717 si
904 1661 1220 1717 inducatur
1251 1661 1323 1716 ab
1355 1658 1613 1716 Ecclesia
1642 1658 1839 1714 Chris-

202 1758 305 1821 tus,
336 1751 592 1826 loquens
624 1768 637 1807 :
670 1752 826 1807 Deus
857 1750 1089 1807 locutus
1120 1753 1209 1806 est
1237 1749 1297 1805 in
1328 1752 1531 1805 sancto
1570 1765 1697 1816 suo,
1730 1748 1840 1804 hoc

200 1842 455 1936 scilicet:
492 1841 758 1936 Ltetabor
786 1841 857 1897 de
904 1838 1328 1936 resurrectione
1375 1855 1478 1936 per
1524 1853 1619 1893 me
1647 1837 1837 1936 .facta,
1869 1870 1917 1936 Β

200 1937 250 1989 et
275 1929 543 2004 partibor
560 1929 882 1987 Sichimam
905 1933 962 1985 et
984 1926 1305 1986 convallem
1327 1925 1840 1983 tabernaculorum

196 2019 461 2077 metibor.
495 2018 663 2087 Meus
692 2022 782 2075 est
812 2016 1048 2086 Galaad,
1078 2032 1247 2073 meus
1292 2020 1382 2073 est
1428 2016 1751 2086 Manasses,
1784 2018 1843 2071 et

195 2107 489 2183 Ephraim,
521 2108 581 2164 id
613 2110 703 2164 est
748 2106 1131 2179 fructificans,
1166 2110 1256 2162 est
1302 2104 1582 2162 fortitudo
1631 2102 1840 2177 capitis

196 2199 321 2268 mei,
354 2198 416 2254 id
450 2201 543 2254 est
572 2212 714 2254 meae
745 2194 1094 2266 divinitatis;
1120 2196 1180 2252 in
1212 2194 1331 2252 illis
1363 2211 1478 2250 non
1507 2193 1843 2249 infirmatur

197 2291 362 2362 caput
389 2302 615 2356 meum,
641 2288 742 2344 sed
764 2286 1020 2343 suaviter
1048 2285 1318 2359 quiescit.
1344 2282 1581 2351 Juda,id
1604 2286 1694 2339 est
1711 2298 1842 2338 con-

194 2379 378 2447 ﬁtens,
404 2381 499 2434 est
518 2391 620 2433 rex
649 2393 837 2449 meus,
854 2392 1028 2450 quem
1052 2391 1157 2450 ego
1180 2374 1535 2433 constituam
1561 2375 1842 2447 regem,et

196 2466 497 2523 extendam
529 2464 991 2522 calceamentum
1037 2480 1258 2536 meum,
1289 2463 1349 2519 id
1382 2467 1471 2520 est
1498 2460 1839 2519 humanita-

192 2558 303 2611 tem
333 2570 677 2627 meam,qua
706 2554 817 2610 fuit
836 2554 1091 2611 calceata
1117 2552 1475 2621 divinitas,in
1500 2550 1835 2616 Idummam,

193 2642 453 2699 faciendo
479 2658 612 2699 eam
635 2641 713 2698 ibi
736 2640 1246 2709 annuntiari.Quis
1267 2641 1515 2695 deducet
1529 2638 1556 2693 ?
1576 2636 1837 2709 quando-

194 2732 425 2804 quidem
458 2730 729 2787 Christus
760 2731 881 2786 haec
910 2731 1064 2786 bona
1092 2729 1233 2786 facit
1264 2727 1431 2795 mihi,
1465 2742 1569 2800 ego
1603 2726 1701 2798 qui
1736 2726 1839 2781 dc-

195 2821 363 2878 ducet
392 2837 489 2876 mc
518 2820 579 2875 in
611 2819 903 2876 civitatem
937 2818 1271 2875 munitam?
1300 2822 1356 2873 et
1386 2820 1609 2872 caetera.

708 2909 781 2965 IN
822 2906 1169 2966 PSALMUM
1211 2906 1322 2962 LX.

311 3001 589 3055 Trwws.
622 3000 687 3054 I-n
715 3000 880 3070 fin-em
912 3000 973 3053 in
1001 2998 1224 3071 hymnis
1249 2996 1495 3069 psalmus
1525 2995 1716 3050 David.

264 3113 292 3139 ί(
323 3088 568 3157 Exaudi,
591 3089 766 3157 Deus,
791 3086 1254 3159 deprecationem
1278 3101 1490 3141 meam.
1520 3106 1547 3133 »
1572 3083 1840 3140 Psalmus

196 3176 303 3235 iste
333 3178 537 3252 dirigit
565 3179 624 3233 in
650 3178 846 3245 ﬁnem,
870 3176 1106 3233 habitus
1132 3175 1189 3230 in
1212 3173 1541 3248 hymnis,in
1564 3173 1840 3230 laudibus

1953 604 2015 646 es
2046 605 2181 663 spes
2211 606 2361 659 mea,
2396 592 2576 650 turris
2606 594 2970 652 fortitudinis
3004 618 3031 647 »
3063 597 3135 654 ad
3169 612 3343 671 quem
3374 598 3422 657 si
3451 601 3602 659 refu~

1952 678 2131 753 giam,
2164 680 2454 738 inveniam
2506 684 2931 755 fortitudinem,
2965 706 2995 737 «
3028 703 3063 742 a
3095 687 3241 744 facie
3287 686 3537 764 inimici,
3569 716 3599 743 ι»

1950 767 2010 824 id
2041 771 2129 825 est
2157 770 2229 825 ab
2260 771 2420 827 omni
2452 772 2895 847 impugnatione
2924 774 3168 832 inimici.

2024 858 2339 931 Postquam
2371 862 2627 917 ostendit
2655 864 2811 936 quod
2835 864 2906 920 de
2935 864 3210 923 universa
3237 870 3395 925 terra
3422 884 3601 943 popu-

1952 945 2046 1002 lus
2075 946 2354 1004 clamaret
2382 950 2453 1005 ad
2485 950 2692 1021 Deum,
2718 953 2976 1009 ostendit
2997 957 3151 1026 quod
3170 956 3342 1013 faciet
3358 975 3463 1030 per
3480 975 3601 1015 om-

1950 1054 2053 1093 nes
2085 1038 2509 1096 successiones.
2543 1040 2914 1099 Continuatio
2948 1061 2961 1099 :
2997 1066 3027 1094 ‹‹
3059 1046 3147 1101 Tu
3178 1062 3241 1103 es
3281 1064 3414 1119 spes
3445 1064 3596 1117 mea,

1951 1126 2130 1181 turris
2151 1127 2536 1198 fortitudinis,
2563 1151 2591 1179 »
2615 1132 2673 1186 et
2691 1129 2821 1187 ideo
2843 1154 2871 1182 ‹‹
2894 1131 3234 1190 inhabitabo
3254 1133 3315 1190 in
3335 1135 3600 1195 taberna-

1950 1214 2081 1269 culo
2112 1217 2235 1284 tuo,
2266 1237 2293 1267 »
2331 1216 2387 1272 id
2418 1221 2507 1275 est
2537 1217 2597 1274 in
2627 1219 2905 1289 Ecclesia,
2939 1219 3000 1276 in
3030 1238 3147 1294 qua
3177 1222 3466 1281 militatur
3491 1226 3598 1281 tibi

1951 1326 1978 1353 ‹‹
2013 1302 2073 1359 in
2106 1304 2336 1375 saecula,
2374 1328 2401 1356 »
2431 1306 2490 1362 id
2522 1312 2612 1364 est
2640 1308 2903 1381 quandiu
2937 1310 3173 1367 durabit
3202 1311 3260 1366 in
3299 1310 3457 1369 istud
3491 1331 3600 1371 ste-

1949 1390 2171 1462 culum,
2187 1395 2407 1451 etsicut
2428 1398 2601 1453 modo
2622 1403 2912 1472 protegor,
2928 1398 3014 1455 sic
3029 1413 3260 1474 semper
3278 1423 3308 1451 «
3331 1405 3602 1477 protegar

1950 1482 2007 1537 in
2040 1482 2390 1553 velamento,
2421 1507 2448 1535 »
2481 1485 2541 1541 id
2584 1490 2674 1543 est
2720 1486 2781 1543 in
2831 1489 3281 1547 obumbratione
3309 1513 3339 1543 «
3373 1491 3600 1549 alarum

1948 1574 2206 1640 tuarum,
2241 1596 2270 1623 »
2302 1573 2361 1629 id
2391 1578 2480 1630 est
2510 1574 2833 1632 clementia:
2860 1581 2919 1633 et
2949 1578 3220 1650 potentia:
3249 1583 3383 1637 tum.

2021 1684 2049 1710 ‹‹
2083 1655 2391 1727 Quoniam.
2420 1686 2447 1711 »
2479 1663 2581 1719 Hic
2610 1664 2818 1737 incipit
2840 1669 3099 1723 secunda
3118 1685 3274 1741 pars.
3298 1692 3327 1719 ‹‹
3350 1669 3455 1726 Hic
3474 1687 3602 1743 pro-

1949 1750 2185 1823 tegarin
2207 1751 2554 1820 velamento,
2574 1776 2601 1802 »
2623 1756 2680 1809 et
2700 1756 2935 1811 tandem
2959 1756 3128 1812 dabis
3153 1778 3181 1807 ‹‹
3200 1757 3598 1817 hereditatem

1948 1838 2296 1896 timentibus
2327 1858 2539 1898 nomen
2570 1846 2740 1899 tuum
2775 1859 2788 1899 :
2824 1868 2852 1893 >~
2886 1862 3001 1901 non
3034 1845 3162 1902 dico
3195 1847 3384 1913 dabis,
3407 1847 3510 1904 sed
3530 1864 3600 1906 ex

1951 1926 2136 1984 nimia
2165 1930 2477 1987 securitate
2497 1930 2626 1988 dico
2650 1954 2679 1981 «
2703 1933 2936 1989 dedisti.
2951 1955 2980 1983 η
3007 1934 3076 1990 Et
3093 1934 3223 1991 ideo
3246 1939 3442 1992 certus
3463 1948 3596 1993 sum

1951 2017 2022 2073 de
2051 2017 2385 2090 securitate,
2412 2040 2441 2069 «
2472 2020 2751 2092 quoniam
2773 2024 2858 2089 tu,
2882 2021 3056 2093 Deus,
3080 2022 3368 2081 exaudisti
3389 2024 3597 2082 oratio-

1950 2127 1979 2155 α
2014 2120 2147 2162 nem
2174 2122 2388 2177 meam,
2422 2129 2451 2158 »
2487 2106 2728 2177 scilicet,
2751 2110 3029 2167 exaudies
3059 2112 3294 2184 quando
3325 2110 3515 2185 dabis,
3542 2118 3602 2171 et

1949 2193 2125 2252 etiam
2155 2194 2465 2267 exaudisti,
2500 2198 2849 2255 conferendo
2883 2198 3029 2255 mihi
3059 2198 3329 2258 virtutes.

2028 2304 2048 2333 α
2082 2283 2217 2342 Dies
2248 2301 2425 2359 super
2454 2286 2597 2342 dies.
2631 2308 2658 2335 »
2690 2286 2830 2343 Dico
2860 2286 3262 2346 haereditatem
3284 2288 3473 2360 dabis,
3494 2291 3601 2349 sci-

1949 2373 2085 2429 licet
2117 2394 2144 2424 ‹‹
2176 2372 2300 2431 dies
2334 2391 2511 2448 super
2541 2375 2666 2432 dies
2697 2376 2871 2451 regis,
2910 2399 2937 2426 »
2970 2375 3027 2433 id
3060 2381 3150 2434 est
3179 2376 3418 2449 Christi,
3449 2395 3600 2454 quos

1950 2462 2237 2519 habemus
2267 2463 2327 2518 in
2366 2464 2474 2520 hac
2521 2464 2660 2534 vita,
2695 2464 2893 2537 ajicies
2943 2466 3111 2523 nobis
3158 2466 3284 2524 dies
3332 2470 3601 2541 aeternos,

1950 2568 2098 2624 quos
2127 2552 2299 2608 modo
2340 2552 2610 2609 Christus
2642 2553 2839 2621 habet,
2871 2559 2929 2610 et
2960 2570 3136 2627 super
3186 2570 3372 2614 annos
3421 2558 3599 2632 regis,

1950 2656 2096 2713 quos
2129 2641 2415 2697 habemus
2447 2641 2506 2697 in
2539 2642 2648 2698 hac
2681 2642 2817 2711 vita,
2848 2666 2875 2692 «
2910 2643 3151 2714 adjicies
3183 2660 3369 2703 annos
3400 2646 3598 2719 ejus,»

1949 2728 2008 2784 id
2039 2733 2127 2784 est
2159 2733 2403 2785 aeternos
2436 2747 2640 2798 annos,
2665 2747 2813 2802 quos
2835 2732 3007 2788 modo
3029 2731 3300 2789 Christus
3330 2734 3599 2793 habet.In

1949 2819 2059 2874 hac
2085 2818 2203 2874 vita
2232 2819 2408 2875 habet
2437 2819 2583 2888 dies,
2619 2836 2764 2892 quos
2795 2819 3062 2877 Christus
3090 2820 3434 2895 habuit,qui
3463 2822 3599 2880 imi-

1949 2910 2107 2962 tatur
2127 2906 2422 2977 justitiam
2454 2909 2605 2979 ejus,
2628 2909 2734 2964 hos
2766 2913 2961 2964 autem
2995 2908 3341 2983 habent,qui
3364 2927 3480 2968 non
3501 2908 3600 2968 ha-

1948 2995 2088 3052 bent
2117 3011 2320 3064 annos,
2354 2996 2508 3052 sicut
2537 2996 2903 3069 Hippolytus,
2929 2997 3028 3070 qui
3052 3013 3167 3054 non
3196 2998 3339 3055 vixit
3368 2999 3429 3056 in
3459 3000 3598 3071 fide,

1949 3085 2061 3141 nisi
2096 3088 2211 3140 tres
2243 3086 2386 3155 dies,
2413 3089 2470 3141 et
2491 3085 2673 3158 aliqui
2695 3085 2987 3155 similiter,
3001 3091 3058 3142 et
3077 3092 3314 3160 propter
3332 3089 3444 3145 hoc
3464 3090 3600 3146 sub-

1950 3173 2037 3230 dit
2068 3192 2251 3230 annos
2281 3191 2293 3229 :
2328 3192 2513 3231 annos
2544 3175 2672 3231 dico
2704 3176 2963 3248 adjicies,
2998 3192 3146 3250 quos
3172 3176 3300 3251 ipse
3329 3177 3598 3236 Christus

199 3243 675 3337 scilicet,VDavid,
708 3266 766 3322 id
801 3243 888 3323 est
916 3264 1153 3322 Christi.
1188 3243 1393 3320 In'hoc
1423 3243 1579 3319 enim
1612 3262 1837 3335 psalmo
1868 3243 1911 3310 Ο
1951 3263 2128 3320 habet
2144 3280 2373 3336 «usque
2396 3264 2454 3319 in
2477 3264 2629 3321 diem
2655 3243 3050 3338 generationis
3070 3270 3128 3322 et
3149 3243 3600 3339 generationis,»

199 3359 354 3412 totus
382 3355 713 3413 ostenditur
741 3353 995 3428 populus
1017 3371 1051 3409 a
1070 3352 1299 3409 cunctis
1318 3352 1583 3425 partibus
1612 3351 1839 3421 mundi,

199 3461 512 3515 peromnes
535 3444 941 3501 successiones
963 3442 1214 3499 clamare
1226 3443 1296 3498 ad
1313 3442 1627 3498 Dominum
1653 3441 1844 3498 Chris-

192 3532 622 3591 'tum.Ostendit
649 3533 1010 3604 etiam,quod
1032 3549 1134 3604 per
1159 3531 1457 3588 Christum
1481 3532 1552 3587 ad
1576 3532 1840 3587 eamdem

193 3621 798 3694 haereditatem,quam
829 3622 954 3694 ipse
983 3621 1250 3677 Christus
1271 3618 1567 3688 habet,ille
1588 3618 1841 3692 populus

191 3711 725 3785 pervenit.Materia
754 3714 843 3768 est
869 3710 1060 3767 fidelis
1088 3709 1491 3783 populus,qui.
1525 3708 1733 3764 Modus
1754 3713 1843 3764 est

189 3803 348 3873 quod
366 3802 422 3858 in
444 3801 641 3875 prima
658 3804 822 3874 parte
844 3800 1099 3856 ostendit
1110 3815 1172 3855 se
1186 3798 1438 3855 clamare
1452 3799 1522 3855 ad
1541 3798 1840 3854 Christum

186 3894 253 3946 ut
281 3891 510 3948 dictum
542 3891 731 3947 est.Et
763 3891 1020 3947 secunda
1050 3893 1368 3961 parte,quae
1398 3887 1663 3961 incipit.«
1687 3890 1839 3955 Quo-

185 3980 351 4038 niam
380 3981 630 4050 tu,Deus
660 3995 849 4046 meus,
864 3978 1149 4035 exaudisti
1184 3977 1504 4033 orationem
1536 3993 1729 4033 meam
1761 3995 1773 4033 :
1812 4000 1839 4027 »

184 4071 444 4128 ostendit
472 4088 536 4127 se
556 4069 769 4126 Christi
793 4067 1190 4124 hereditatem
1211 4066 1705 4122 habere.Intentio
1728 4069 1839 4136 est,

180 4165 390 4218 contra
415 4160 575 4227 illos,
599 4158 701 4232 qui
723 4158 995 4214 dicebant
1024 4155 1321 4212 Christum
1344 4170 1471 4212 esse
1492 4171 1836 4228 paucorum,

181 4252 492 4307 ostendere
503 4247 803 4306 Christum
826 4261 953 4303 esse
977 4261 1168 4320 regem
1192 4242 1841 4317 universorum.lncipit

183 4339 255 4395 ab
307 4340 575 4396 oratione
623 4336 707 4394 sic
741 4353 755 4393 :
791 4359 818 4387 ‹‹
851 4335 1094 4405 Exaudi,
1142 4335 1319 4404 Deus,
1370 4332 1839 4407 deprecationem

184 4443 381 4484 meam
414 4452 443 4479 »
465 4430 538 4484 de
569 4426 892 4485 remotione
921 4424 1235 4494 malorum,
1263 4447 1290 4473 «
1316 4427 1373 4480 et
1395 4422 1639 4479 orationi
1663 4440 1839 4479 meae»

186 4516 353 4575 facta:
385 4519 458 4575 de
484 4516 899 4591 impetratione
942 4519 1168 4571 aaternaz
1197 4514 1325 4568 vitae
1362 4536 1389 4563 »
1422 4513 1659 4569 intende
1692 4536 1720 4562 »
1750 4513 1839 4567 in-

1952 3353 2010 3408 id
2041 3355 2129 3409 est
2151 3352 2380 3424 judicii,
2411 3355 2645 3426 quando
2678 3355 2778 3409 ﬁet
2805 3354 3102 3427 generatio
3124 3355 3386 3429 corporis
3407 3360 3465 3413 et
3484 3355 3607 3414 ani-

1952 3460 2081 3499 mai.
2114 3442 2237 3513 Vel,
2271 3443 2664 3516 generationis
2709 3447 2767 3500 et
2795 3444 3207 3516 generationis,
3242 3445 3300 3501 id
3330 3448 3420 3503 est
3448 3461 3604 3503 sem-

1952 3550 2072 3606 per.
2106 3532 2233 3588 Alia
2262 3532 2419 3588 enim
2451 3532 2756 3589 translatio
2789 3533 2966 3589 habet
2997 3534 3056 3588 in
3080 3532 3356 3591 saeculum
3381 3534 3602 3591 saeculi.

2025 3646 2052 3671 ‹‹
2089 3623 2413 3678 Permanet.
2452 3644 2478 3671 »
2511 3622 2650 3678 Dico
2683 3623 2837 3693 quod
2861 3620 2986 3677 dies
3009 3621 3161 3694 regis
3182 3622 3602 3696 adjicies,quos

1950 3711 2164 3767 habere
2195 3728 2309 3766 non
2342 3715 2431 3766 est
2459 3726 2667 3781 parum
2690 3727 2703 3765 :
2729 3709 2868 3781 quia
2892 3725 2990 3764 rex
3012 3707 3108 3764 ille
3129 3724 3264 3765 cum
3283 3713 3409 3765 tota
3427 3710 3600 3766 fami-

1948 3799 2029 3855 lia
2057 3817 2166 3855 sua
2196 3820 2224 3849 «
2255 3802 2560 3871 permanet
2589 3798 2648 3853 in
2680 3802 2984 3865 aeternum,
3020 3818 3048 3846 »
3081 3796 3141 3852 id
3170 3801 3261 3853 est
3304 3797 3430 3854 dies
3470 3799 3599 3871 ejus

1950 3888 2148 3945 aeterni
2180 3892 2338 3945 sunt.
2368 3887 2571 3943 Adhuc
2598 3886 2977 3942 aeternitatem
3008 3884 3172 3942 illam
3201 3887 3596 3944 commendat.

1949 3979 2087 4035 Dico
2119 3978 2422 4050 permanet
2451 3976 2509 4030 in
2543 3978 2848 4044 aeternum,
2870 3989 2975 4030 nec
2996 3973 3188 4031 hocin
3204 3972 3304 4031 vili
3324 3974 3599 4046 locc,imo

1953 4090 1981 4119 ‹‹
2013 4068 2073 4122 in
2105 4070 2423 4139 conspectu
2453 4064 2552 4120 Dei
2589 4086 2616 4113 ››
2649 4064 2789 4136 quia
2831 4079 3063 4137 semper
3109 4063 3422 4137 praesentia
3468 4065 3599 4138 ejus

1950 4156 2185 4224 fruitur,
2219 4158 2275 4211 et
2304 4154 2494 4211 adhuc
2525 4152 2905 4209 aeternitatem
2937 4152 3334 4224 commendat,
3352 4153 3492 4227 quia
3520 4154 3602 4212 ibi

1951 4245 2150 4302 nullus
2181 4244 2440 4317 requiret
2464 4242 2950 4310 misericordiam,
2975 4242 3115 4315 quia
3144 4241 3224 4298 ibi
3256 4240 3458 4300 nullus
3491 4242 3603 4300 mi-

1952 4353 2046 4393 ser
2073 4334 2201 4392 erit.
2231 4334 2447 4390 Iterum
2478 4332 2593 4389 alia
2622 4330 3055 4388 commendatio
3080 4346 3093 4387 :
3121 4330 3268 4399 Quia
3290 4330 3371 4388 ibi
3404 4331 3604 4390 nullus

1950 4425 2207 4497 requiret
2234 4422 2559 4492 veritatem,
2595 4421 2735 4494 quia
2764 4437 2967 4478 omnes
3013 4419 3092 4477 ibi
3142 4420 3461 4492 perfectam
3493 4420 3603 4478 ha-

1950 4516 2091 4571 bent
2122 4512 2536 4586 cognitionem,
2567 4516 2624 4568 et
2653 4510 2762 4566 hoc
2791 4514 2880 4567 est
2909 4511 3063 4581 quod
3112 4509 3222 4564 sub
3274 4509 3600 4582 interroga-

187 4608 415 4664 tentum
445 4612 505 4664 te
536 4607 729 4680 prazbe
753 4622 765 4661 :
792 4606 930 4678 quia
961 4620 1054 4661 res
1078 4620 1292 4677 magna
1312 4606 1419 4674 est,
1444 4620 1592 4675 opus
1614 4607 1704 4659 est
1723 4619 1841 4658 ma-
1868 4619 1918 4686 D
1949 4605 2107 4661 tione
2137 4603 2320 4675 ponit,
2357 4626 2384 4653 ‹‹
2419 4599 2880 4658 misericordiam
2911 4603 2969 4655 et
2999 4597 3301 4655 veritatem
3341 4597 3474 4669 quis
3505 4615 3601 4655 rc-

189 4711 302 4767 gna
332 4697 682 4755 intentione.
1084 4740 1085 4743 η

263 4809 291 4835 α
320 4787 565 4843 Intende
599 4808 626 4834 »
659 4784 809 4850 dico,
833 4783 974 4856 quia
1002 4806 1029 4833 «
1063 4780 1370 4850 clamavi,»
1398 4781 1455 4837 id
1478 4786 1566 4839 est
1588 4783 1843 4838 irremis—

196 4890 258 4929 sa
283 4875 478 4932 cordis
509 4875 847 4931 extensione
877 4873 1074 4946 peregi
1098 4895 1125 4921 ‹‹
1151 4873 1223 4928 ad
1257 4875 1313 4943 te
1339 4894 1364 4920 »
1388 4871 1723 4928 habendum
1744 4895 1771 4922 «
1809 4889 1843 4927 a

197 4960 408 5020 ﬁnibus
456 4969 650 5032 terrae,
685 4985 711 5011 »
745 4964 800 5017 id
836 4966 944 5031 est,
978 4962 1047 5017 de
1079 4961 1354 5017 omnibus
1404 4961 1622 5017 finibus
1653 4965 1837 5033 terras,

198 5073 222 5097 ιι
256 5052 396 5108 dum
422 5053 762 5110 anxiaretur
806 5068 903 5108 cor
943 5066 1140 5106 meum
1177 5072 1204 5099 ››
1237 5049 1355 5106 sive
1402 5051 1689 5119 exteriori,
1725 5050 1841 5106 sive

199 5138 454 5199 interiori
483 5140 886 5210 tribulatione,
915 5144 971 5197 et
1000 5155 1092 5195 me
1119 5138 1469 5196 clamantem
1501 5157 1568 5197 ex
1598 5140 1844 5197 necessi-

202 5230 311 5286 tate
330 5255 357 5283 «
381 5231 650 5289 exaltasti
685 5254 713 5281 »
744 5229 1042 5287 liberando
1076 5246 1109 5286 a
1129 5228 1323 5298 malis,
1349 5229 1840 5301 conferendojus-

204 5318 399 5378 titiam.
435 5323 528 5379 Me
559 5321 688 5378 dico
721 5319 980 5394 positum
1014 5343 1041 5371 «
1075 5318 1137 5374 in
1169 5322 1333 5391 petra
1354 5342 1383 5369 »
1404 5318 1463 5374 in
1495 5317 1724 5375 Christo
1744 5319 1842 5373 fir-

204 5415 414 5469 matum
445 5429 551 5486 per
579 5411 780 5478 fidem,
797 5410 857 5465 in
880 5426 995 5481 quo
1018 5426 1262 5466 securus
1283 5426 1439 5479 sum,
1456 5409 1608 5465 sicut
1628 5408 1844 5481 aliquis

199 5503 416 5573 positus
444 5503 506 5559 in
541 5500 942 5557 munitissima
984 5503 1169 5573 petra.
1200 5499 1303 5556 Vel
1336 5522 1363 5550 «
1397 5498 1458 5555 in
1506 5503 1688 5572 petra,
1725 5522 1753 5549 »
1786 5498 1844 5556 id

200 5597 279 5647 est
306 5593 369 5648 in
396 5592 750 5650 constantia.

257 5681 328 5741 Et
371 5700 466 5742 me
516 5682 605 5740 ita
654 5681 992 5752 exaltatum,
1028 5704 1056 5733 «
1093 5679 1385 5737 deduxisti
1430 5695 1583 5735 me»
1615 5680 1685 5737 de
1730 5677 1844 5736 vir-

1949 4693 2184 4767 quiret?
2214 4716 2242 4744 »

2023 4785 2124 4841 Hic
2157 4782 2321 4855 ponit
2350 4798 2453 4854 pro
2486 4778 2842 4852 supradictis
2887 4777 3142 4834 laudem.
3177 4776 3550 4835 Continuatio
3583 4794 3597 4834 :

1954 4897 1982 4927 «
2015 4875 2086 4929 Et
2117 4871 2255 4945 quia
2284 4871 2405 4926 haec
2436 4868 2581 4924 mihi
2614 4869 2820 4939 facie,o
2854 4868 3068 4936 Deus,»
3101 4866 3232 4923 ideo
3252 4865 3600 4939 «psalmus»

1952 4963 2142 5019 dicam
2177 4959 2398 5015 nomini
2432 4962 2555 5027 tuo,
2591 4982 2617 5007 »
2650 4958 2708 5015 id
2741 4961 2829 5014 est
2856 4958 3003 5013 bene
3032 4956 3334 5030 operabor,
3370 4955 3441 5008 ad
3472 4969 3598 5009 am-

1951 5051 2256 5126 pliandum
2279 5065 2491 5105 nomen
2514 5052 2703 5117 tuum,
2719 5052 2776 5104 et
2796 5048 2903 5104 hoc
2918 5071 2944 5097 ‹‹
2962 5048 3022 5102 in
3045 5044 3320 5101 saeculum
3343 5039 3598 5109 saeculi,»

1952 5142 2009 5197 id
2041 5144 2130 5199 est
2155 5138 2419 5213 quandiu
2449 5137 2686 5194 durabit
2716 5136 2995 5193 sacculum
3035 5133 3217 5200 istud,
3247 5135 3305 5186 et
3333 5129 3441 5198 sic,
3473 5152 3501 5180 «
3535 5132 3601 5186 ut

1952 5231 2194 5288 reddam
2224 5233 2357 5286 vota
2387 5245 2519 5285 mea
2548 5228 2619 5283 de
2650 5226 2818 5282 diein
2843 5225 3056 5292 diem,»
3081 5221 3139 5276 id
3162 5224 3251 5275 est
3270 5218 3601 5290 assidue,ut

1952 5318 2182 5378 nullum
2213 5319 2369 5376 diem
2401 5315 2806 5383 intermittam,
2844 5312 2986 5383 quin
3018 5324 3220 5382 operer
3260 5308 3331 5364 ad
3364 5306 3599 5365 laudem

1952 5415 2138 5468 tuam.

2457 5496 2528 5552 IN
2570 5490 2918 5549 PSALMUM
2959 5488 3096 5546 LXI.

2061 5593 2315 5648 Trruws
2346 5590 2411 5643 In
2442 5587 2607 5656 ﬁnem
2632 5598 2733 5654 pro
2762 5579 2988 5637 Idithun
3025 5578 3271 5653 psalmus
3300 5578 3491 5636 David.

2026 5702 2054 5730 ‹‹
2088 5677 2292 5734 Nonne
2322 5673 2460 5731 Deo.
2498 5694 2525 5722 »
2558 5668 2827 5728 Psalmus
2869 5667 2979 5727 iste
3028 5667 3297 5727 convenit
3334 5667 3515 5727 David
3545 5671 3605 5724 et
