4048 6180
421 353 541 418 399

832 353 1245 415 HAYMONIS
1276 350 1815 413 HALBERSTAT.
1850 349 2090 412 EPISC.
2124 348 2296 410 OPP.
2330 348 2555 410 PARS.
2589 349 2635 409 Ι.
2670 381 2745 394 --
2774 348 3180 415 COMMENT.
3215 349 3414 411 BIBL.

3707 350 3822 414 400

424 489 649 548 caeteris
670 487 871 561 justis,
904 484 1141 541 habitus
1172 499 1276 557 pro
1306 483 1569 550 Idithun,
1590 483 1649 539 id
1676 487 1766 539 est
1793 499 1896 556 pro
1917 485 2071 537 tran-
2096 482 2152 552 Α
2252 481 2622 537 Continuatio
2657 499 2669 538 :
2703 481 3117 555 Cogitaverunt
3144 482 3443 555 repellam,
3477 484 3560 540 ita
3607 482 3825 541 scilicet

424 578 757 637 silientibus
787 574 1044 647 dirigens
1074 572 1134 629 in
1166 574 1365 639 ﬁnem,
1393 574 1449 628 id
1497 577 1588 629 est
1634 573 1693 627 in
1742 570 2063 628 Christum.

424 666 665 725 Materia
694 666 834 721 sunt
862 661 1258 719 transilientes
1290 661 1460 729 tales,
1492 661 1590 733 qui
1622 660 1786 716 nullu
1828 676 2065 732 persua-

421 753 698 822 sione,vel
710 750 1089 809 tribulatione
1110 754 1357 824 possunt
1376 750 1670 823 impediri,
1683 749 1824 821 quin
1850 749 2063 804 saltum

420 860 599 902 suum
630 842 959 916 perficiant,
982 840 1205 896 scilicet
1233 839 1377 912 quin
1406 838 1652 895 terrenis
1683 837 1968 904 dimissis,
1993 837 2065 892 ad

419 934 548 991 sola
575 931 832 989 ccelestia
858 930 1120 986 tendant.
1155 929 1387 984 Modus:
1406 929 1468 983 In
1491 927 1681 999 prima
1700 930 1864 999 parte
1883 929 2070 982 osten-

420 1025 509 1080 dit
539 1041 603 1081 se
626 1038 744 1078 non
774 1036 946 1094 posse
976 1018 1267 1091 impediri,
1290 1017 1433 1089 quin
1458 1016 1673 1073 saltum
1699 1032 1874 1071 suum
1896 1015 2067 1087 perii-

420 1114 556 1183 ciat,
589 1109 944 1182 increpando
976 1107 1185 1174 malos,
1218 1108 1319 1179 qui
1350 1106 1555 1162 volunt
1595 1122 1755 1172 eum,
1786 1104 1905 1158 sive
1938 1120 2067 1175 per-

421 1199 820 1266 suasionibus,
855 1198 974 1254 sive
1021 1194 1500 1252 tribulationibus
1549 1193 1851 1266 impedire.
1888 1192 1951 1246 in
1977 1208 2067 1247 se-

419 1290 616 1347 cunda
634 1290 962 1361 parto,quze
986 1284 1193 1357 incipit
1215 1300 1229 1339 :
1253 1284 1668 1339 Verumtamen
1695 1282 1811 1337 Deo
1834 1299 1847 1336 :
1873 1281 2074 1335 admo-

422 1382 521 1435 net
550 1377 810 1450 seipsum
841 1380 898 1430 et
926 1373 1094 1440 alios,
1125 1378 1191 1428 ut
1220 1373 1335 1429 Deo
1367 1370 1613 1442 subjecti
1640 1370 1775 1425 sint.
1804 1369 1867 1424 In
1898 1367 2071 1424 tertia

421 1470 608 1541 parte,
624 1482 751 1539 qua:
767 1462 1002 1536 incipit:
1022 1461 1439 1518 Verumtamen
1456 1458 1589 1515 vani
1610 1458 1713 1514 lilii
1735 1456 2040 1514 hominum
2053 1499 2068 1525 ,

420 1556 684 1627 increpat
724 1552 912 1609 malos
952 1551 1025 1607 de
1057 1548 1320 1622 nequitia
1363 1564 1490 1604 sua.
1524 1546 1777 1604 Intentio
1825 1548 1915 1603 est
1960 1560 2068 1601 nos

346 1630 361 1638 ’
421 1645 754 1710 admonere,
788 1644 854 1697 ut
883 1638 1046 1696 nulla
1073 1636 1451 1694 tribulatione
1480 1635 1893 1708 impediamur,
1924 1632 2065 1706 quin

419 1751 455 1790 a
483 1730 729 1788 terrenis
760 1730 831 1786 ad
865 1727 1124 1785 ccelestia
1150 1720 1574 1783 transiliamus.
1599 1726 1679 1781 Ac
1701 1723 1749 1781 si
1771 1723 1946 1790 dicat,
1972 1722 2067 1776 in-

417 1822 710 1894 crepando
731 1818 920 1875 malos
943 1833 957 1873 :
981 1816 1099 1874 Vos
1118 1815 1297 1873 vultis
1316 1815 1602 1888 impedire
1622 1830 1717 1870 me
1741 1829 1814 1868 ne
1835 1810 2063 1878 saliam,

416 1913 520 1970 sed
542 1912 782 1976 frustra,
802 1908 945 1982 quia
964 1930 994 1957 α
1017 1922 1210 1965 nonne
1229 1904 1339 1964 erit
1359 1905 1475 1961 Deo
1497 1904 1763 1975 subjecta
1781 1900 1979 1958 anima
1993 1898 2021 1954 ?
2036 1920 2064 1947 ι»

414 2000 475 2058 id
497 2004 590 2057 est
609 1999 973 2063 obediens,et
992 1996 1122 2068 ejus
1142 1994 1421 2051 mandata
1455 1991 1792 2049 custodiens
1807 1989 1835 2046 ?
1857 1988 2067 2045 Anima

418 2088 573 2157 dico,
604 2110 634 2140 α
664 2099 817 2157 mea,
845 2108 876 2137 ν»
908 2084 967 2141 id
1015 2088 1107 2142 est
1155 2095 1296 2140 mea
1345 2080 1674 2154 potestatis,
1719 2078 1899 2151 quia;
1930 2074 2069 2131 licet

420 2176 773 2251 quandoque
828 2188 1042 2247 corpus
1093 2171 1172 2230 sit
1224 2174 1430 2228 vestras
1489 2167 1815 2242 potestatis,
1866 2169 2064 2221 tamen

419 2265 620 2323 animo.
646 2278 951 2337 nunquam
980 2260 1093 2318 nisi
1116 2276 1257 2317 mea)
1280 2257 1586 2333 potestatis
1605 2256 1733 2313 erit.
1756 2254 1902 2311 Vere
1920 2253 2066 2310 sub-

411 2356 590 2429 jecta,
622 2357 682 2411 et
709 2353 901 2424 debet,
925 2369 954 2401 οι
987 2350 1060 2407 ab
1091 2348 1219 2422 ipso
1242 2347 1424 2415 enim,
1446 2366 1474 2397 υ
1497 2344 1719 2403 scilicet
1740 2344 1856 2429 Deo
1876 2343 2063 2411 Patre,

419 2427 511 2500 est
540 2465 568 2493 α
602 2438 859 2499 salutare
888 2451 1111 2506 meum,
1141 2456 1170 2489 ιι
1205 2433 1263 2494 id
1296 2440 1387 2493 est
1423 2431 1715 2505 Christus,
1746 2427 1847 2506 qui
1897 2443 2065 2487 meus

419 2530 684 2589 Salvator
710 2534 818 2587 est.
1224 2597 1231 2603 .

488 2621 636 2677 Nam
666 2622 724 2676 et
751 2618 970 2691 ipse.Et
991 2618 1137 2672 bene
1159 2616 1330 2672 debet
1354 2614 1620 2684 subjecta
1640 2612 1690 2668 ei
1718 2627 1847 2667 esse
1868 2607 2068 2665 anima

416 2726 549 2766 mea
565 2726 601 2765 a
628 2723 745 2781 quo
775 2706 921 2762 mihi
941 2705 1086 2761 illud
1109 2704 1366 2761 salutare
1385 2707 1493 2770 est,
1511 2725 1537 2752 «
1563 2717 1701 2757 nam
1722 2699 1818 2754 ille
1841 2721 1868 2749 »
1893 2715 1927 2753 a
1950 2713 2065 2769 quo

416 2798 698 2873 procedit,
723 2802 781 2853 et
800 2795 896 2851 ille
917 2794 1018 2869 qui
1039 2794 1318 2867 procedit,
1344 2815 1372 2842 ‹‹
1396 2793 1553 2848 Deus
1574 2806 1742 2845 meus
1761 2791 1870 2856 est,
1893 2790 1950 2841 et
1972 2803 2066 2842 sa-

415 2885 624 2943 lutaris
636 2901 804 2942 meus
819 2907 846 2934 »
859 2885 998 2958 quia
1017 2897 1120 2955 per
1139 2885 1505 2955 assumptam
1525 2877 1954 2935 humanitatem
1972 2891 2066 2929 me

416 2975 680 3042 salvavit,
701 2997 730 3025 «
762 2978 820 3031 et
847 2977 1150 3045 susceptor
1174 2987 1362 3037 meus,
1388 2992 1415 3019 ››
1438 2969 1577 3041 quia
1598 2983 1693 3023 me
1713 2963 1972 3036 suscepit
1992 2962 2065 3018 de

415 3065 638 3122 vilitate
664 3063 905 3136 peccati,
933 3061 1198 3117 ducendo
1229 3060 1301 3116 ad
1333 3057 1676 3131 dignitatem
1700 3053 1945 3128 justitia:
1968 3069 1982 3107 :
2007 3054 2066 3106 et

416 3152 546 3209 ideo
568 3175 596 3203 «
620 3167 738 3206 non
759 3150 1035 3205 movebor
1053 3147 1327 3219 amplius,
1357 3141 1383 3195 »ἱ
1408 3146 1465 3201 id
1487 3149 1577 3201 est
1596 3144 1730 3201 licet
1747 3140 2064 3213 aliquando

419 3243 616 3296 motus
646 3237 877 3307 fuerim,
909 3241 1108 3292 tamen
1138 3235 1385 3292 ulterius
1419 3249 1532 3289 non
1563 3232 1855 3289 movebor.

488 3329 559 3383 Et
585 3327 820 3399 quando
842 3324 1079 3397 quidem
1102 3322 1276 3378 talem
1299 3323 1485 3378 habeo
1506 3320 1928 3386 Salvatorem,a
1948 3334 2063 3389 quo

416 3415 674 3488 amplius
704 3431 820 3470 non
852 3413 1145 3477 movebor,
1176 3427 1333 3483 ergo,
1368 3426 1402 3466 o
1432 3408 1619 3475 stulti,
1643 3430 1672 3458 «
1703 3422 2009 3478 quousque
2034 3428 2061 3455 »

415 3504 472 3559 id
504 3507 596 3561 est
624 3500 887 3575 quandiu
921 3524 949 3551 ‹‹
984 3500 1211 3556 irruitis
1240 3498 1298 3555 in
1322 3498 1619 3555 hominem
1645 3519 1672 3546 ››
1695 3493 2058 3563 exteriorem,

411 3592 634 3649 scilicet
664 3589 1143 3647 irrationabiliter
1171 3590 1456 3662 impetum
1498 3586 1708 3652 facitis,
1742 3585 1883 3658 quia
1927 3583 2063 3640 licet

408 3678 627 3755 corpus
636 3680 878 3754 possitis
896 3679 1174 3752 affligere,
1189 3694 1304 3734 non
1320 3676 1563 3750 potestis
1579 3680 1777 3731 tamen
1799 3674 2059 3730 animam

404 3775 664 3845 tangere,
697 3775 757 3827 et
785 3785 903 3826 non
924 3767 1117 3826 solum
1139 3761 1221 3824 ita
1240 3765 1486 3833 irruitis,
1514 3768 1580 3821 ut
1599 3764 1753 3821 bona
1773 3763 1941 3819 nobis
1961 3779 2058 3818 ex-

404 3859 621 3916 teriora
677 3859 979 3927 auferetis,
1040 3858 1140 3914 sed
1198 3872 1301 3913 vos
1342 3878 1370 3906 ‹‹
1412 3853 1670 3911 universi
1730 3851 2058 3908 interﬁcitis

404 3948 586 4022 ipsos,
622 3969 650 3997 ››
681 3952 741 4003 et
769 3947 922 4003 hanc
952 3946 1305 4003 sententiam
1337 3944 1627 4017 approbat
1655 3942 1771 3999 alia
1799 3939 2056 3998 transla-

404 4036 509 4104 tio,
535 4052 663 4108 quaa
694 4034 840 4091 dicit
870 4051 883 4091 :
920 4033 1249 4092 interﬁcitis
1292 4033 1616 4089 universos.
1643 4030 1745 4088 Vel
1773 4030 1859 4087 sic
1892 4047 1905 4085 :
1937 4028 2056 4085 Vos

402 4122 632 4180 irruitis
658 4123 721 4177 in
752 4120 1073 4189 hominem,
1105 4127 1164 4178 et
1189 4120 1445 4178 universi
1475 4120 1803 4176 interiicitis
1831 4136 1933 4174 vos
1964 4118 2053 4173 in-

402 4209 756 4282 terius,quia
777 4225 912 4265 cum
933 4209 1102 4264 bonis
1123 4209 1346 4264 malum
1368 4209 1858 4280 facitis,vosipsos
1881 4207 2054 4262 inter-

404 4298 600 4370 ﬁcitis,
631 4298 860 4353 irruitis
891 4298 1043 4365 dico,
1073 4321 1101 4347 «
1133 4301 1419 4370 tanquam
1451 4297 1657 4370 parieti
1689 4296 1992 4362 inclinato,
2022 4318 2051 4343 ››

401 4386 543 4461 quia
572 4387 728 4444 sicut
755 4386 948 4459 paries
980 4384 1302 4441 inclinatus
1333 4402 1553 4456 pronus
1582 4388 1672 4441 est
1700 4385 1772 4441 ad
1793 4386 2047 4456 ruinam,

398 4477 485 4533 sic
514 4477 736 4549 putatis
768 4493 876 4533 nos
908 4493 1123 4548 pronos
1152 4475 1224 4531 ad
1267 4474 1519 4541 ruinam,
1552 4477 1837 4546 tanquam
1886 4476 2046 4530 omni

2177 593 2205 621 ‹‹
2240 588 2337 626 ore
2368 587 2475 626 suo
2507 572 2947 639 benedicebant,
2984 594 3010 620 ››
3044 572 3100 626 id
3133 576 3242 640 est,
3266 572 3323 626 in
3356 589 3454 628 ore
3484 573 3708 629 bonum
3726 590 3823 646 op-

2175 659 2398 728 tabant,
2431 681 2458 707 »
2489 664 2545 714 ct
2574 659 2745 715 corde
2773 676 2880 715 suo
2903 659 3348 729 maledicebant,
3375 683 3403 710 ››
3425 661 3483 716 id
3504 660 3667 717 estsi
3689 661 3825 734 quid

2177 747 2313 803 boni
2345 747 2636 814 dicebant,
2670 747 3030 819 deceptionis
3060 747 3384 804 intentione
3435 749 3728 805 dicebant.
3761 755 3826 806 In

2175 835 2286 891 hoc
2304 854 2475 892 versu
2496 836 2753 893 ostendit
2772 836 3047 892 latentem
3069 836 3597 910 impugnationem.
3620 838 3723 894 Vel
3746 840 3830 895 sic

2177 925 2589 981 continuatur:
2616 925 2731 997 ipsi
2754 924 3116 981 interficiunt
3146 925 3308 998 ipsos
3338 926 3726 995 universi,sed
3750 932 3833 984 ta-

2178 1030 2312 1069 men
2343 1015 2471 1070 ideo
2503 1032 2617 1070 non
2643 1019 2877 1071 cessant
2903 1014 3037 1087 ipsi,
3062 1017 3163 1071 sed
3188 1015 3382 1087 potius
3403 1016 3829 1088 cogitaverunt,

2175 1106 2235 1158 et
2259 1106 2483 1158 caetera.

2248 1215 2275 1240 ‹‹
2312 1191 2725 1247 Verumtamen
2749 1192 2886 1248 Deo.
2906 1215 2932 1241 ››
2948 1192 3088 1248 Pars
3109 1193 3511 1265 secunda.Ipsi
3524 1211 3631 1266 per
3652 1194 3835 1250 tribu-

2177 1279 2424 1336 lationes
2453 1284 2510 1335 et
2542 1298 2644 1352 per
2674 1281 2840 1337 dolos
2870 1299 2963 1337 me
2995 1282 3365 1356 impugnant,
3381 1306 3409 1332 «
3425 1286 3832 1340 verumtamen

2176 1368 2442 1440 subjecta
2496 1372 2645 1438 esto,
2689 1370 2889 1425 anima
2946 1386 3095 1437 mea,
3148 1370 3285 1440 Deo,
3323 1393 3350 1419 »
3380 1370 3491 1427 hoc
3546 1375 3657 1439 est,
3712 1373 3830 1429 noli

2176 1460 2412 1529 propter
2436 1458 2890 1529 persecutiones,
2920 1457 3189 1530 injurias,
3212 1458 3626 1516 tribulationcs
3654 1464 3716 1516 et
3746 1479 3835 1517 re-

2173 1545 2336 1618 liqua
2384 1545 2541 1602 mala
2596 1546 2703 1602 tibi
2762 1547 2980 1620 injuste
3039 1547 3223 1610 illata,
3272 1548 3540 1616 deficere,
3572 1552 3636 1605 et
3664 1567 3702 1605 a
3733 1550 3835 1606 Dei

2175 1634 2471 1701 mandatis
2501 1635 2843 1703 desciscere,
2874 1639 2941 1691 ut
2968 1635 3056 1692 vel
3085 1635 3168 1693 sis
3199 1635 3540 1709 impatiens,
3560 1636 3651 1693 vel
3674 1637 3739 1694 in
3759 1639 3838 1693 vi-

2174 1721 2257 1777 tia
2287 1722 2586 1792 relabaris,
2619 1724 2719 1779 sed
2749 1726 2879 1796 ejus
2907 1723 3060 1781 dicto
3108 1725 3191 1781 sis
3235 1725 3507 1795 audiens,
3539 1730 3600 1782 et
3627 1726 3830 1796 debes,

2175 1812 2454 1884 quoniam
2503 1829 2621 1868 non
2666 1829 2736 1867 ex
2767 1829 2882 1881 me,
2912 1814 3014 1870 sed
3048 1836 3075 1863 ‹‹
3109 1813 3182 1870 ab
3232 1814 3359 1886 ipso
3402 1819 3493 1870 est
3546 1813 3834 1888 patientia

2175 1916 2326 1970 mea,
2362 1923 2388 1949 η
2421 1901 2562 1973 quia
2593 1916 2708 1957 non
2740 1917 2973 1973 possem
3004 1903 3151 1976 pati,
3183 1901 3297 1959 nisi
3328 1903 3453 1976 ipse
3484 1904 3724 1960 faceret.

2245 1991 2315 2046 Et
2342 1989 2574 2046 iterum.
2609 1990 2740 2047 ideo
2770 1991 2949 2047 debes
2974 2008 3103 2048 esse
3133 1993 3399 2064 subjecta
3442 1992 3667 2063 anima,
3688 1994 3832 2067 quia

2174 2099 2205 2128 κ
2238 2076 2364 2151 ipse
2393 2082 2484 2134 est
2513 2078 2667 2135 Deus
2708 2094 2876 2136 meus
2923 2084 2982 2136 et
3025 2079 3289 2137 Salvator
3336 2096 3507 2137 meus
3539 2103 3567 2131 η
3599 2082 3705 2154 qui
3738 2098 3828 2138 me

2175 2166 2436 2239 suscepit
2466 2182 2568 2239 per
2597 2166 3027 2224 humanitatem
3059 2168 3399 2226 redimendo
3423 2186 3435 2225 :
3463 2193 3491 2218 κ
3516 2172 3576 2225 et
3599 2192 3631 2220 »
3652 2169 3826 2227 etiam

2175 2276 2205 2305 «
2238 2255 2472 2328 adjutor
2511 2272 2697 2326 meus,
2731 2279 2758 2306 ››
2790 2257 2863 2313 ad
2914 2258 3061 2315 bene
3107 2258 3493 2331 operandam,
3548 2263 3609 2315 et
3639 2282 3667 2309 «
3700 2258 3826 2318 ideo

2174 2358 2289 2400 non
2320 2344 2621 2418 emigrabo
2654 2364 2684 2396 ι»
2718 2350 2785 2402 ut
2814 2347 3081 2403 recedam
3120 2346 3192 2402 ab
3239 2363 3330 2415 eo,
3361 2348 3728 2405 transeundo
3757 2349 3825 2405 ad

2176 2429 2433 2489 alienum
2465 2432 2664 2490 deum.

2245 2519 2369 2577 Non
2391 2521 2927 2596 emigrabo,quiain
2940 2541 3007 2580 eo
3030 2527 3120 2581 est
3142 2523 3287 2580 mihi
3309 2525 3505 2581 omnis
3527 2525 3825 2591 sufﬁcien-

2173 2609 2277 2676 tia,
2301 2615 2357 2666 et
2386 2610 2496 2667 hoc
2525 2616 2616 2668 est
2644 2636 2671 2663 «
2708 2612 2768 2668 in
2798 2613 2914 2669 Deo
2946 2618 3036 2669 est
3065 2611 3321 2669 salutem
3354 2630 3578 2686 meum,
3608 2637 3637 2664 n
3662 2616 3723 2672 id
3742 2619 3830 2673 est

2174 2714 2278 2770 per
2307 2699 2490 2755 Deum
2526 2700 2710 2757 habeo
2740 2701 3143 2769 salvationem,
3171 2725 3199 2751 ‹‹
3223 2700 3495 2773 etgloria
3526 2719 3683 2770 mea,
3712 2726 3740 2752 ››
3770 2703 3826 2759 id

2173 2791 2264 2843 est
2294 2803 2398 2859 per
2424 2788 2620 2861 ipsum
2649 2789 2836 2846 habeo
2865 2789 3114 2864 gloriam
3145 2794 3371 2845 aeterna:
3400 2789 3533 2846 vitae
3566 2807 3583 2846 :
3616 2797 3678 2848 et
3706 2792 3829 2866 ipse

2172 2879 2262 2932 est
2290 2899 2319 2928 ‹‹
2353 2876 2508 2934 Deus
2546 2877 2745 2934 auxilii
2793 2880 2929 2951 mei,
2968 2900 2996 2928 ››
3024 2879 3081 2935 id
3112 2883 3203 2935 est
3230 2877 3545 2936 auxiliatur
3574 2881 3723 2937 mihi
3756 2882 3826 2938 ad

2173 2963 2320 3022 bene
2349 2969 2733 3039 operandum,
2754 2972 2812 3023 et
2833 2969 2988 3041 quod
3022 2968 3256 3042 singula
3285 2985 3629 3026 enumerem
3649 2973 3676 3026 Ἰ
3699 2970 3822 3027 uni-

2170 3070 2339 3110 versa
2369 3078 2397 3105 ‹‹
2430 3073 2564 3128 spes
2595 3073 2726 3112 mea
2756 3056 2814 3112 in
2848 3057 2965 3112 Deo
2994 3062 3103 3113 est.
3139 3079 3166 3105 »

2245 3144 2316 3199 Et
2345 3144 2820 3217 quandoquidem
2850 3145 2986 3202 talis
3017 3150 3128 3214 est,
3160 3168 3187 3195 ‹‹
3222 3146 3416 3203 omnis
3445 3149 3821 3222 congregatio

2091 3213 2136 3281 (ἶ
2174 3213 2380 3305 populi
2414 3213 2645 3305 sperate
2675 3234 2734 3289 in
2767 3250 2855 3302 eo,
2891 3256 2918 3283 ››
2951 3239 3010 3289 et
3038 3213 3120 3290 ut
3151 3233 3393 3307 possitis
3441 3213 3649 3293 sccdre
3667 3213 3824 3311 vspe-

2171 3338 2323 3389 rare,
2354 3345 2381 3373 «
2415 3322 2696 3380 eii‘undite
2743 3323 2920 3380 corda
2964 3327 3176 3391 vestra,
3221 3346 3250 3373 »
3301 3323 3357 3378 id
3408 3328 3500 3380 est
3545 3330 3831 3383 evacuate

2171 3411 2346 3466 corda
2372 3415 2566 3468 vestra
2593 3413 2667 3468 ab
2696 3412 2857 3468 omni
2886 3413 3075 3483 sorde,
3111 3417 3177 3468 ut
3205 3411 3326 3468 sint
3354 3435 3384 3463 «
3416 3429 3619 3470 coram
3647 3414 3778 3482 illo,
3801 3437 3831 3465 ιν

2168 3498 2228 3555 id
2260 3504 2349 3556 est
2376 3501 2436 3556 in
2466 3501 2830 3575 beneplacito
2859 3500 3068 3574 ipsius,
3094 3502 3232 3574 quia
3252 3501 3303 3557 si
3334 3518 3449 3557 non
3482 3502 3710 3559 habent
3731 3520 3835 3560 cor

2167 3593 2536 3657 evacuatum,
2568 3595 2628 3646 et
2655 3593 2915 3662 sperant,
2938 3605 3053 3644 non
3074 3592 3165 3644 est
3192 3604 3349 3660 spes,
3367 3588 3469 3644 sed
3493 3606 3835 3664 praesump-

2167 3678 2269 3734 tio.
2318 3677 2458 3734 Dico
2508 3682 2757 3751 sperate,
2807 3678 2949 3750 quia
2984 3700 3013 3726 «
3047 3676 3203 3733 Deus
3251 3677 3488 3747 adjutor
3534 3684 3771 3749 noster,
3808 3702 3839 3729 η

2165 3765 2391 3823 scilicet
2417 3768 2638 3823 ducens
2669 3783 2777 3824 nos
2806 3789 2836 3816 «
2869 3767 2929 3823 in
2960 3769 3264 3822 mternum.
3296 3788 3324 3815 »

2238 3878 2266 3906 κ
2302 3856 2731 3913 Verumtamen.
2751 3877 2779 3906 ››
2794 3853 3116 3927 Hicincipit
3135 3854 3306 3911 tertia
3325 3871 3483 3928 pars.
3498 3857 3844 3915 Continua-

2162 3945 2244 4001 tio
2278 3962 2291 4001 :
2324 3944 2480 4002 Deus
2508 3948 2599 4002 est
2623 3946 2861 4017 adjutor
2898 3960 3164 4017 suorum,
3197 3968 3224 3994 «
3256 3948 3664 4003 verumtamen
3723 3948 3849 4005 ﬁlii

2162 4031 2469 4089 hominum
2503 4056 2531 4084 »
2565 4033 2673 4090 hoc
2705 4050 2820 4089 non
2849 4034 3182 4102 attendunt,
3215 4034 3316 4090 sed
3361 4038 3505 4090 sunt
3534 4057 3564 4085 ‹‹
3593 4036 3772 4105 vani,
3813 4060 3846 4088 ιι

2160 4119 2218 4177 id
2251 4127 2341 4178 est
2367 4122 2549 4179 dediti
2580 4123 2973 4191 vanitatibus;
2997 4127 3140 4179 sunt
3159 4123 3338 4180 etiam
3364 4145 3394 4174 ‹‹
3417 4124 3755 4184 mendaces
3778 4127 3845 4182 in

2160 4211 2416 4279 stateris,
2445 4233 2473 4259 »
2496 4210 2554 4265 id
2575 4216 2666 4266 est
2690 4212 2751 4267 in
2770 4212 3313 4284 ponderibus,quod
3336 4210 3553 4269 falsum
3582 4216 3844 4286 pondus

2158 4300 2418 4355 vendunt
2458 4300 2519 4354 in
2563 4304 2828 4372 argento,
2858 4306 2917 4356 et
2948 4300 3007 4356 in
3039 4300 3258 4373 pipere,
3292 4301 3363 4357 ad
3396 4301 3508 4357 hoc
3538 4325 3569 4351 «
3605 4308 3675 4359 ut
3712 4304 3844 4377 ipsi

2159 4388 2456 4461 decipiant
2474 4389 2546 4444 de
2566 4389 2823 4445 vanitate
2844 4388 3036 4456 sua,id
3054 4393 3144 4445 est
3162 4405 3264 4461 per
3278 4390 3599 4446 vanitatem
3618 4409 3843 4465 suam,

2157 4482 2590 4549 perseverantes
2613 4501 2639 4528 ‹‹
2667 4477 2726 4532 in
2758 4478 3017 4550 idipsum
3048 4500 3074 4527 ››
3093 4477 3387 4547 vanitatis,
3414 4478 3471 4533 id
3501 4483 3597 4536 est
3625 4480 3710 4537 de
3734 4500 3846 4538 va-

396 4565 790 4622 destituamur
817 4564 1053 4631 auxilio,
1089 4588 1117 4615 ‹‹
1149 4568 1208 4620 et
1238 4562 1501 4619 maceriae
1538 4563 1813 4635 depulsae,
1847 4585 1874 4612 ››
1908 4564 2047 4636 quia
2076 4581 2124 4645 Β
2157 4567 2336 4622 nitate
2358 4568 2430 4623 ad
2452 4567 2767 4623 vanitatem
2801 4568 3121 4623 tendentes.
3148 4566 3249 4623 Vel
3284 4568 3601 4624 mendaces
3621 4568 3689 4624 in
3717 4576 3846 4627 sta-

393 4655 550 4711 sicut
577 4655 834 4711 maceria
861 4655 921 4710 in
952 4654 1148 4726 seipsa
1178 4650 1402 4725 fragilis
1433 4657 1539 4720 est,
1575 4653 1713 4724 quia
1757 4653 1887 4709 sine
1935 4670 2042 4708 οω-

393 4746 592 4799 mento
623 4746 730 4811 est,
766 4742 815 4799 si
846 4741 1091 4815 depulsa
1109 4747 1220 4809 est,
1244 4758 1487 4814 prorsus
1506 4741 1565 4796 in
1589 4741 1821 4796 ruinam
1844 4742 2039 4796 immi-

393 4834 515 4899 net,
548 4829 632 4886 sic
664 4848 771 4887 nos
800 4831 1023 4903 putatis
1052 4848 1181 4887 esse
1228 4831 1356 4887 sine
1395 4831 1553 4886 omni
1588 4829 1957 4901 colligatione
1986 4835 2043 4886 et

391 4937 609 4993 pronos
639 4919 905 4976 funditus
935 4921 1007 4975 ad
1039 4919 1290 4976 ruinam.

462 5010 580 5066 Nos
598 5009 757 5065 enfm
791 5025 907 5064 non
933 5025 1141 5064 sumus
1163 5007 1481 5065 inclinatus
1501 5009 1713 5081 paries,
1736 5008 1825 5064 vel
1848 5024 2038 5064 mace-

389 5098 494 5155 ria.
529 5122 559 5149 «
590 5098 1008 5155 Verumtamen
1042 5120 1070 5147 ››
1103 5113 1219 5153 non
1245 5097 1374 5154 ideo
1395 5102 1627 5154 cessant
1647 5097 1912 5169 mali,sed
1938 5115 2038 5169 po-

386 5185 506 5243 tius
537 5210 566 5238 «
598 5187 1000 5261 cogitaverunt
1027 5185 1302 5259 repellere
1336 5210 1375 5237 ››
1395 5204 1430 5243 a
1459 5203 1573 5258 me,
1599 5186 1656 5242 id
1689 5192 1779 5243 est
1809 5186 2036 5243 auferre

386 5275 533 5331 mihi
566 5299 593 5325 ‹‹
624 5276 875 5348 pretium
908 5292 1127 5343 meum,
1156 5299 1183 5325 ››
1210 5275 1267 5330 id
1293 5280 1381 5331 est
1404 5275 1790 5348 Deum,quem
1812 5293 1918 5347 ego
1940 5272 2047 5330 so?

385 5362 506 5419 lum
543 5369 693 5437 pcto.
724 5364 853 5420 Alia
882 5364 1190 5422 translatio
1223 5365 1417 5432 habet,
1452 5366 1731 5421 honorem
1784 5382 1981 5421 meum
2016 5382 2028 5420 :

385 5453 483 5506 sed
517 5457 711 5507 tamen
744 5468 849 5523 ego
882 5469 1113 5524 semper
1144 5478 1169 5502 (ι
1205 5455 1437 5510 cucurri
1472 5477 1500 5503 ››
1533 5472 1636 5525 per
1666 5454 2033 5519 militiam,et

384 5539 535 5593 viam
565 5539 737 5595 istam
770 5541 1130 5612 propositam
1162 5542 1498 5598 inflexibilis
1519 5567 1543 5591 ‹‹
1573 5544 1630 5596 in
1665 5543 1782 5608 siti,
1812 5566 1837 5590 ι»
1861 5542 1914 5596 id
1943 5548 2031 5598 est

384 5626 592 5682 salutis
621 5644 845 5700 eorum,
878 5628 1015 5700 quia
1045 5646 1173 5685 eam
1208 5630 1463 5685 multum
1496 5631 1786 5686 sitiebam.

2154 4656 2296 4713 teris
2326 4660 2486 4726 sunt,
2522 4656 2581 4711 in
2605 4655 2750 4713 libra
2764 4656 3030 4727 justitias,
3055 4656 3195 4728 quia
3215 4673 3278 4713 se
3299 4655 3445 4713 tales
3465 4659 3840 4729 ostendunt,

2151 4746 2321 4817 quasi
2352 4745 2551 4801 omnia
2589 4746 2914 4817 ponderent
2962 4762 3145 4818 aeque,
3179 4745 3239 4801 id
3287 4750 3379 4802 est
3422 4746 3483 4801 in
3527 4747 3838 4806 omnibus

2150 4835 2483 4907 aequitatem
2511 4834 2865 4901 custodiant,
2900 4835 3001 4890 sed
3033 4835 3173 4907 quia
3201 4834 3298 4891 alii
3343 4838 3485 4891 sunt
3530 4835 3831 4906 interius,

2150 4940 2327 4995 quam
2358 4941 2420 4980 se
2445 4923 2726 4981 simulent
2768 4924 3043 4992 exterius,
3075 4922 3256 4980 veluti
3306 4924 3558 4991 barbati,
3591 4924 3668 4980 ad
3707 4924 3833 4982 hoc

2150 5017 2215 5068 ut
2244 5012 2357 5084 ipsi
2390 5012 2534 5069 alios
2566 5012 2636 5068 de
2664 5012 2918 5069 vanitate
2948 5012 3265 5086 decipiant,
3293 5010 3533 5079 scilicet,
3570 5029 3681 5083 per
3716 5031 3830 5071 va-

2149 5102 2395 5157 nitatem
2423 5118 2594 5157 suam
2625 5101 2891 5157 ducendo
2924 5118 3024 5159 eos
3044 5100 3103 5157 in
3133 5100 3392 5175 idipsum
3413 5100 3730 5170 vanitatis,
3758 5107 3828 5159 ut

2144 5206 2346 5245 secum
2375 5207 2475 5247 eos
2504 5188 2691 5245 malos
2722 5190 3105 5246 constituant.

2211 5276 2329 5334 Vos
2346 5277 2451 5333 filii
2473 5277 2781 5333 hominum
2803 5279 2947 5334 estis
2968 5278 3050 5334 ita
3064 5278 3325 5347 vani,sed
3341 5278 3625 5334 dimittite
3637 5281 3827 5336 vani-

2141 5369 2320 5422 tatem
2344 5370 2682 5433 vestram,et
2701 5365 2811 5422 hoc
2833 5372 2948 5423 est:
2975 5391 3002 5417 «
3028 5366 3217 5423 Nolite
3238 5383 3475 5440 sperare
3496 5367 3555 5422 in
3582 5367 3829 5443 iniqui-

2139 5460 2315 5523 tate,»
2338 5460 2396 5511 et
2426 5455 2576 5510 hanc
2612 5455 2978 5527 iniquitatem
3006 5474 3109 5530 per
3136 5461 3330 5529 partes
3361 5457 3833 5528 exsequitur,et

2139 5545 2313 5600 etiam
2345 5545 2395 5600 si
2428 5562 2714 5617 pauperes
2744 5546 2912 5614 estis,
2936 5569 2961 5594 α
2990 5544 3169 5602 nolite
3200 5543 3627 5617 concupiscere
3650 5551 3833 5623 rapi-

2140 5650 2246 5689 nas
2280 5656 2306 5681 »
2340 5649 2443 5688 nec
2475 5633 2708 5689 divitias
2738 5633 3018 5707 diligatis,
3051 5638 3108 5691 et
3136 5634 3246 5692 hoc
3277 5637 3365 5692 est
3393 5652 3405 5690 :
3431 5658 3459 5683 ‹‹
3493 5634 3739 5696 divitia
3777 5641 3835 5700 si
