4080 6180
203 375 291 434 illi
1357 375 1660 434 EXPLAN
1671 375 1850 438 A'I‘IO
1896 376 1978 442 IN
2021 378 2403 440 PSALMOS.

3463 395 3580 452 402

205 507 444 576 afﬂuant,
459 504 640 560 nolite
660 520 760 559 cor
788 519 1142 576 apponere.»
1175 507 1298 561 Non
1323 507 1589 578 prohibet
1611 507 1824 564 habere
1851 509 1907 576 Α
1937 511 2124 580 patria
2155 535 2181 560 ‹‹
2217 513 2487 569 virtutem
2521 519 2682 570 tuam
2729 521 2785 571 et
2830 516 3077 588 gloriam
3131 524 3292 576 tuam
3326 544 3353 572 ››
3410 524 3466 579 id
3497 530 3589 580 est

203 593 425 660 divitias,
443 594 545 648 sed
579 609 694 647 non
739 609 938 648 amare
972 610 984 648 :
1022 597 1214 664 potest
1254 595 1410 650 enim
1463 597 1676 651 habere
1707 613 1825 666 cas,

201 684 282 756 qui
309 682 720 738 convenienter
749 681 1070 736 distribuit.

257 770 436 827 Semel
483 770 616 826 ideo
650 770 826 826 nolite
879 771 998 825 haec
1047 772 1201 827 mala
1254 773 1458 841 facere,
1493 775 1629 845 quia
1673 775 1826 831 Deus

197 864 348 920 habet
376 865 727 935 potestatem
757 861 1034 932 puniendi
1079 862 1364 926 malos,et
1412 865 1823 920 remunerandi

194 955 376 1017 bonos,
398 954 460 1005 et
489 950 599 1005 hoc
629 953 718 1005 est
749 966 762 1004 :
800 973 827 1000 «
849 949 988 1022 quia
1019 955 1280 1022 potestas
1312 953 1412 1007 Dei
1443 958 1570 1008 est»
1609 955 1677 1009 ad
1717 972 1824 1025 pu-

191 1042 417 1097 niendos
432 1037 644 1107 malos,
669 1061 697 1088 α
733 1043 792 1094 et
808 1039 936 1106 tibi,
952 1039 1218 1106 Domine,
1234 1041 1637 1097 misericordia
1660 1065 1686 1091 ››
1708 1059 1826 1114 qua

183 1133 359 1202 justos
406 1144 750 1185 remuneres
781 1131 878 1183 :et
926 1127 1036 1183 hoc
1083 1129 1341 1186 ostendit
1383 1147 1487 1202 per
1531 1131 1819 1188 effectus:

191 1221 317 1276 Vere
370 1223 464 1274 est
509 1217 618 1273 tibi
670 1221 930 1289 potestas
977 1221 1035 1273 et
1085 1218 1508 1289 misericordia,
1534 1245 1559 1270 ‹‹
1590 1220 1729 1293 quia
1757 1225 1821 1277 tu

190 1309 378 1365 reddes
407 1306 727 1377 unicuique
746 1307 916 1378 juxta
937 1323 1111 1378 opera
1129 1324 1235 1362 sua
1259 1330 1285 1356 ››
1304 1313 1360 1364 et
1401 1309 1566 1380 quasi
1607 1308 1821 1381 aliquis

188 1401 409 1470 quaeret.
430 1397 521 1451 Tu
555 1394 727 1449 modo
761 1395 876 1450 scis
907 1395 965 1450 in
988 1397 1104 1451 Deo
1125 1413 1254 1452 esse
1282 1397 1742 1454 misericordiam
1765 1403 1823 1454 et

188 1483 558 1560 potestatem?
583 1482 726 1539 dicit
754 1501 816 1539 se
847 1483 955 1539 hoc
987 1501 1054 1540 ex
1095 1485 1280 1557 ipsius
1313 1487 1411 1542 Dei
1445 1488 1687 1544 consilio
1720 1505 1820 1545 co-

183 1575 457 1649 gnovisse,
490 1574 692 1630 dicens
726 1590 739 1628 :
779 1597 805 1624 ‹‹
840 1574 994 1629 Deus
1026 1573 1256 1631 locutus
1290 1599 1318 1625 ››
1356 1577 1578 1632 scilicet
1621 1578 1821 1634 omnia

181 1663 640 1730 creans,locutus
671 1666 762 1716 est
780 1663 972 1733 nobis,
997 1662 1126 1718 dico
1145 1663 1373 1719 locutus
1395 1670 1482 1719 est
1512 1687 1531 1714 α
1569 1665 1772 1736 semel,
1792 1689 1813 1715 η

180 1755 229 1810 id
259 1758 348 1810 est
375 1750 828 1808 immutabiliter
855 1751 1056 1807 omnia
1103 1753 1336 1819 creavit,
1368 1757 1427 1809 et
1457 1769 1562 1826 ego
1613 1755 1820 1810 transi-

1938 597 2238 654 Christum
2269 600 2478 656 Filium
2510 605 2700 670 tuum,
2734 603 2834 675 qui
2865 609 2955 660 est
2982 605 3170 662 virtus
3215 611 3272 662 et
3302 609 3592 682 sapientia

1940 687 2144 742 Patris.

2011 797 2040 825 «
2072 778 2444 842 Quoniam.»
2495 783 2677 845 Quam
2736 782 3033 838 veritatem
3091 783 3270 840 debeo
3330 802 3588 857 quaerere

1941 885 1967 912 ‹‹
2002 865 2278 935 quoniam
2310 867 2714 924 misericordia
2743 874 2844 924 tua
2873 871 3079 926 melior
3107 877 3198 928 est
3228 896 3255 923 »
3290 891 3405 929 non
3454 877 3584 933 dico

1935 966 2113 1020 super
2142 969 2321 1007 unam
2350 953 2550 1023 vitam,
2573 975 2594 1003 ι
2630 956 2729 1009 sed
2758 973 2935 1027 super
2960 957 3128 1026 vitas,
3149 981 3169 1007 ι»
3205 977 3318 1016 non
3348 966 3582 1020 tantum

1935 1054 2112 1110 super
2138 1040 2315 1095 vitam
2348 1042 2751 1113 pauperis,sed
2772 1043 2947 1099 etiam
2969 1061 3145 1117 super
3162 1047 3340 1106 vitam
3363 1051 3578 1124 divitis,

1933 1131 1990 1182 et
2020 1144 2132 1183 non
2165 1133 2397 1184 tantum
2432 1147 2607 1203 super
2635 1148 2763 1188 eam
2796 1132 2844 1186 si
2896 1133 3084 1190 brevis
3127 1140 3236 1203 est,
3259 1139 3360 1194 sed
3403 1142 3578 1198 etiam

1932 1221 2456 1291 quantumcunque
2506 1219 2870 1292 longissima,
2905 1225 2963 1276 ct
3008 1221 3138 1280 ideo
3170 1247 3198 1274 (ι
3248 1225 3404 1282 labia
3451 1245 3581 1286 mea

1929 1302 2422 1362 laudabuntte.»

2009 1397 2077 1451 Et
2106 1396 2259 1451 sicut
2289 1397 2540 1452 laudabo
2574 1402 2626 1452 te
2657 1415 2814 1466 voce,
2857 1418 2879 1447 ι
2913 1399 2996 1455 sic
3027 1401 3368 1458 benedicam
3417 1409 3472 1459 te
3523 1407 3583 1462 in

1927 1491 2046 1544 vita
2075 1504 2224 1553 mea,
2262 1509 2288 1534 ››
2320 1484 2378 1539 id
2412 1490 2500 1541 est
2529 1485 2589 1540 in
2623 1487 2898 1558 operibus
2927 1489 3097 1559 meis,
3119 1495 3176 1547 et
3202 1514 3228 1543 «
3264 1491 3323 1546 in
3347 1495 3588 1551 nomine

1929 1583 2049 1645 tuo,
2085 1601 2110 1626 ‹‹
2165 1575 2220 1630 id
2270 1578 2360 1629 est
2408 1575 2466 1628 in
2516 1573 2735 1630 honore
2783 1579 2882 1632 tuo
2929 1576 3287 1648 ampliando,
3323 1604 3352 1632 «
3384 1581 3586 1639 levabo

1929 1684 2140 1724 manus
2172 1679 2334 1718 meas
2370 1685 2396 1711 ››
2427 1662 2739 1718 exteriores
2787 1669 2844 1718 et
2897 1664 3238 1722 interiores:
3274 1671 3587 1728 exteriores

1927 1757 2084 1814 enim
2117 1753 2352 1825 signum
2385 1757 2526 1807 sunt
2553 1750 2921 1808 interiorum.

181 1845 330 1911 liens,
347 1846 553 1914 raptus
583 1840 654 1896 ad
689 1838 1001 1896 consilium
1023 1840 1265 1911 ejus,ibi
1295 1863 1315 1890 α
1341 1841 1556 1910 audivi,
1586 1866 1612 1891 »
1642 1843 1697 1898 id
1731 1847 1822 1900 est
1852 1879 1898 1943 Β
2001 1868 2027 1894 ‹‹
2064 1844 2245 1899 Sicut.
2274 1863 2301 1890 »
2333 1839 2812 1943 Facic‘quantum
2841 1857 3105 1912 possum,
3127 1847 3182 1898 et
3203 1845 3428 1902 utinam
3451 1847 3586 1920 plus

180 1931 417 1987 intellexi
450 1954 478 1980 ‹‹
514 1929 636 1984 haec
668 1931 803 1997 duo,
843 1953 868 1977 ››
902 1928 1125 1985 scilicet
1154 1929 1292 2001 quia
1331 1931 1732 1988 misericordia
1761 1937 1820 1988 et

181 2024 422 2092 potestas
451 2023 542 2074 est
573 2019 674 2085 ibi,
701 2021 810 2073 etc.

660 2162 730 2217 IN
773 2161 1120 2217 PSALMUM
1164 2163 1324 2218 LXII.

247 2273 514 2327 Trruws.
547 2269 609 2323 In
639 2270 804 2339 ﬁnem
846 2269 1091 2339 psalmus
1139 2267 1329 2338 David,
1361 2285 1482 2323 cum
1513 2279 1647 2327 esset
1690 2272 1748 2325 in

726 2338 931 2396 deserto
961 2339 1241 2397 Idumicac.

259 2489 283 2515 (ι
313 2467 484 2534 Deus,
517 2464 673 2520 Deus
707 2479 892 2518 meus.
921 2486 950 2512 »
981 2462 1158 2518 David
1182 2463 1562 2520 historialiter
1590 2467 1823 2537 fugiens

199 2553 434 2625 Saulem,
450 2553 612 2608 venit
640 2552 699 2606 in
731 2553 1025 2607 desertum
1050 2544 1740 2627 Idumzeaiﬁntellexitqiie
1760 2555 1821 2610 in

198 2642 291 2696 hac
311 2642 494 2714 ﬁgura
515 2639 833 2695 Ecclesiam
858 2640 1107 2710 positam
1131 2639 1189 2694 in
1212 2641 1440 2696 deserto
1463 2641 1642 2712 hujus
1669 2643 1819 2711 vitaz,

197 2729 282 2784 ubi
304 2727 444 2783 nihil
467 2732 578 2794 est,
605 2725 718 2782 nisi
741 2725 1158 2793 terrenitas,de
1190 2744 1303 2797 quo
1335 2727 1660 2800 signiﬁcate
1694 2745 1826 2783 can-

173 2818 322 2873 tavit
348 2817 502 2872 hunc
532 2813 852 2888 psalmum.
888 2813 1154 2869 Psalmus
1192 2814 1301 2870 iste
1346 2816 1615 2872 convenit
1644 2817 1823 2872 David

199 2905 469 2978 prophetis
501 2921 636 2959 cum
668 2903 946 2959 omnibus
959 2903 1301 2973 justis,cum
1320 2903 1449 2976 ipsa
1469 2905 1722 2960 Ecclesia
1738 2910 1828 2962 est

199 2995 249 3049 in
279 2996 494 3051 deserto
527 2993 814 3058 Idumam,
850 2992 906 3047 id
938 2997 1028 3048 est
1057 2991 1235 3064 hujus
1264 2993 1414 3048 vitae.
1449 2993 1656 3049 Modus
1687 2999 1776 3050 est
1809 3010 1822 3051 :

201 3083 255 3138 In
275 3083 452 3155 prima
472 3087 636 3154 parte
655 3081 916 3137 ostendit
937 3096 999 3136 se
1020 3080 1382 3136 admonitam
1408 3097 1508 3152 per
1529 3083 1825 3139 desertum

202 3170 362 3242 hujus
387 3172 536 3236 vitas,
554 3171 624 3226 ad
657 3169 841 3225 Deum
889 3169 1050 3224 omni
1096 3168 1383 3225 desiderio
1437 3170 1731 3226 festinare.
1762 3173 1825 3228 In

1931 1948 2161 2006 possem
2199 1948 2211 1986 :
2249 1929 2332 1986 sic
2359 1952 2385 1978 «
2411 1927 2702 2000 repleatur
2723 1928 2922 1984 anima
2943 1946 3091 1998 mea,
3117 1931 3270 1987 sicut
3310 1934 3480 2007 adipe
3515 1953 3526 1990 :
3556 1959 3582 1983 υ

1931 2040 2044 2078 non
2097 2021 2266 2092 adipe
2312 2017 2550 2085 carnali,
2585 2018 2684 2073 sed
2734 2016 3084 2089 significatio
3131 2021 3324 2093 adipis
3358 2040 3370 2078 :
3407 2047 3436 2074 ‹‹
3469 2029 3525 2080 et
3554 2049 3583 2074 ››

1931 2113 2085 2167 sicut
2105 2132 2125 2161 ι
2156 2107 2570 2182 pinguedine,»
2593 2106 2649 2161 id
2669 2111 2758 2161 est
2780 2123 2895 2161 non
2922 2107 3276 2179 pinguedine
3297 2113 3583 2184 corporali

1931 2202 2030 2256 sed
2054 2198 2402 2272 signiﬁcatio
2420 2194 3021 2268 pinguedinis.Adeps
3043 2198 3270 2269 proprie
3292 2199 3583 2274 pinguedo

1931 2289 2172 2344 interior
2203 2292 2310 2351 est,
2343 2302 2468 2356 qua:
2498 2289 2587 2340 est
2634 2282 2778 2339 citra
2827 2283 3043 2352 vitalia,
3079 2290 3142 2340 ut
3184 2286 3586 2356 reticulum,et

1931 2375 2458 2448 cmtera,pinguedo
2477 2391 2601 2444 quae
2635 2379 2724 2428 est
2753 2373 2812 2428 in
2858 2375 3140 2430 membris
3179 2377 3582 2447 exterioribus,

1933 2472 2000 2524 ut
2031 2467 2088 2522 in
2121 2471 2372 2538 pectore,
2406 2480 2533 2534 qua:
2565 2462 2984 2518 cremabantur
3012 2463 3128 2519 Deo
3177 2463 3237 2520 in
3282 2465 3587 2524 sacrificiis

1931 2556 2139 2613 veteris
2187 2553 2352 2625 legis.
2389 2553 2495 2607 Per
2542 2550 2774 2622 adipem
2823 2550 3228 2622 signiﬁcamus
3278 2553 3587 2612 scientiam

1934 2643 2070 2700 boni
2101 2648 2158 2698 et
2183 2641 2343 2708 mali,
2369 2657 2497 2712 qua:
2529 2643 2616 2694 est
2644 2637 2704 2693 in
2756 2638 2974 2708 anima,
3007 2656 3125 2711 qua
3171 2646 3333 2714 Optat
3379 2643 3589 2716 repleri

1933 2731 2124 2788 ﬁdelis
2155 2730 2372 2795 anima,
2412 2731 2477 2783 ut
2508 2727 2682 2799 digne
2714 2726 2902 2798 possit
2953 2727 3194 2784 laudare
3241 2730 3445 2799 Deum,
3473 2751 3587 2789 non

1935 2821 2090 2878 enim
2125 2820 2376 2892 placeret
2406 2818 2510 2872 deo
2543 2832 2742 2871 macra
2781 2814 2999 2882 anima,
3034 2816 3188 2871 sicut
3236 2834 3341 2873 nec
3392 2836 3592 2877 macra

1936 2926 2070 2968 care
2093 2907 2395 2963 dicebatur
2418 2904 2666 2978 placere.
2691 2903 2796 2958 Per
2817 2902 3234 2977 pinguedinem
3265 2907 3590 2979 accipimus

1938 2996 2296 3054 alacritatem
2316 2992 2503 3067 ipsius
2536 2991 2764 3057 animai,
2779 3007 2907 3062 quae
2931 2991 3068 3047 facit
3088 3009 3301 3066 corpus
3321 2993 3592 3052 alacriter

1939 3088 2085 3142 bene
2116 3083 2341 3157 operari
2375 3099 2388 3137 :
2422 3104 2449 3131 κ
2482 3085 2540 3137 et
2569 3103 2597 3129 »
2629 3085 2770 3135 tunc
2801 3103 2828 3129 «
2858 3078 3123 3136 laudabit
3168 3086 3224 3138 te
3273 3098 3340 3139 es
3388 3100 3587 3142 meum

1939 3175 2110 3231 labiis
2139 3168 2562 3235 exsultationis,
2599 3191 2626 3217 »ι
2666 3167 2723 3223 id
2768 3171 2858 3224 est
2903 3184 3042 3224 voce
3094 3169 3429 3227 exsultantl.
3462 3172 3591 3230 Alia

203 3261 434 3315 secunda
455 3264 639 3332 parte,
675 3275 803 3330 quas
835 3258 1040 3331 incipit
1072 3274 1084 3314 :
1111 3259 1170 3314 Si
1203 3274 1427 3314 memor
1455 3260 1539 3314 fui
1579 3259 1664 3315 tui
1691 3277 1704 3315 :
1729 3279 1828 3317 os-
1859 3244 1903 3310 C
1940 3261 2247 3321 translatio
2296 3259 2492 3326 habet,
2527 3281 2555 3308 «
2607 3256 2762 3313 labia
2822 3273 2953 3313 mea
2999 3255 3328 3316 laudabunt
3375 3277 3588 3321 nomen

206 3349 373 3403 tendit
400 3347 774 3405 securitatem
809 3347 866 3402 in
898 3347 1009 3402 hoc
1030 3348 1257 3403 deserto
1279 3364 1384 3419 per
1401 3347 1596 3420 ipsum
1619 3349 1827 3406 Deum.

208 3436 449 3504 Intentio,
483 3441 549 3492 ut
578 3434 772 3491 solum
806 3435 988 3491 Deum
1019 3433 1238 3507 eligant
1266 3435 1602 3493 admonere.

265 3523 377 3580 Vox
402 3523 668 3580 Ecclesia)
699 3523 902 3593 totius,
923 3524 1008 3579 sic
1029 3523 1278 3580 dicentis
1303 3541 1315 3580 :
1345 3525 1460 3597 Ego
1502 3527 1692 3597 posita
1717 3550 1742 3576 μ
1770 3527 1830 3582 in

209 3617 342 3668 terra
379 3614 626 3680 deserta,
656 3612 817 3669 invia
865 3616 922 3669 et
969 3613 1275 3684 inaquosa,
1306 3613 1502 3686 vigilo,
1536 3636 1562 3663 ››
1610 3614 1669 3671 id
1720 3621 1831 3686 est,

207 3702 348 3757 omni
377 3701 567 3758 studio
594 3701 826 3757 dimitto
856 3699 1104 3770 mala,et
1134 3700 1284 3757 faeie
1334 3703 1486 3758 bona
1535 3704 1606 3758 ad
1641 3707 1696 3759 te
1727 3704 1831 3760 ha-

205 3789 461 3858 bendum,
485 3789 681 3846 ethoc
712 3811 740 3839 ε(
775 3789 845 3845 de
874 3789 1022 3856 luce,
1060 3812 1088 3838 ››
1133 3789 1189 3844 id
1243 3795 1349 3858 est,
1384 3807 1452 3846 ex
1483 3809 1598 3864 quo
1652 3793 1831 3848 habui

203 3880 571 3952 cognitionem
604 3878 848 3951 tui,quw
869 3883 1157 3935 estcausa
1174 3879 1382 3950 vigiliae
1403 3897 1544 3934 meai
1566 3880 1701 3936 etin
1724 3881 1832 3938 hac

199 3967 315 4025 luce
345 3969 592 4027 maxime
626 3985 944 4042 possumus
973 3967 1296 4041 intelligere
1339 3969 1831 4028 illuminationem

193 4074 290 4130 per
315 4057 820 4115 resurrectionem.
850 4057 936 4112 Ad
979 4060 1036 4112 te
1074 4057 1204 4112 dice
1234 4075 1267 4113 ο
1298 4081 1325 4108 ‹‹
1361 4058 1516 4115 Deus
1550 4082 1577 4108 »
1608 4065 1834 4116 creator

190 4148 467 4217 omnium,
489 4151 549 4203 et
579 4170 607 4197 ‹‹
633 4146 788 4202 Deus
819 4162 986 4202 meus
1018 4169 1046 4195 ››
1078 4163 1145 4202 ex
1176 4163 1390 4218 magna
1409 4147 1828 4205 familiaritate.
1879 4195 1885 4202 .

189 4238 324 4291 Cum
347 4237 438 4292 bis
459 4235 647 4307 ponit,
663 4235 837 4302 Deus,
853 4234 1111 4290 ostendit
1132 4251 1191 4291 se
1214 4235 1427 4291 habere
1449 4253 1730 4310 magnum
1756 4239 1827 4294 ad

189 4325 364 4382 Deum
392 4322 778 4380 desiderium.

251 4439 276 4464 α
303 4414 517 4471 Sitivit.
530 4437 556 4462 υ
572 4411 1057 4485 Ideovigilo,quia
1078 4437 1102 4462 «
1122 4413 1316 4469 anima
1331 4430 1502 4470 mea»
1519 4414 1613 4472 hic
1627 4415 1832 4472 affecta

187 4502 385 4558 multis
414 4500 744 4570 desideriis,
766 4502 920 4557 sicut
949 4502 1126 4569 ira,et
1156 4502 1286 4558 aliis
1317 4503 1632 4572 similibus,
1659 4530 1684 4555 α
1711 4506 1831 4562 siti-

1940 3359 2132 3409 tuum.
2167 3373 2194 3401 ››

2013 3466 2040 3493 ι(
2076 3441 2136 3498 Si
2167 3455 2392 3495 memor
2437 3435 2541 3492 fui.
2577 3459 2600 3489 ι
2639 3435 2850 3508 Incipit
2896 3437 3158 3493 secunda
3204 3453 3361 3511 pars.
3395 3439 3592 3497 Genti-

1942 3530 2142 3587 nuatio
2167 3546 2180 3582 :
2207 3524 2498 3584 Laudabit
2525 3528 2582 3581 te
2612 3541 2678 3582 os
2709 3524 3085 3597 meum,quia
3105 3529 3168 3581 tu
3192 3524 3354 3583 fuisti
3393 3532 3453 3584 et
3479 3529 3596 3586 eris

1943 3620 2178 3692 adjutor
2199 3618 2460 3683 meus,et
2487 3617 2543 3670 te
2565 3614 2853 3686 adjutore,
2870 3613 2980 3669 fuit
3013 3630 3240 3671 memor
3260 3615 3346 3671 tui
3376 3615 3437 3673 in
3469 3635 3597 3690 pre-

1943 3707 2239 3780 speritate,
2258 3703 2443 3761 ethoc
2474 3706 2565 3758 est
2590 3718 2602 3757 :
2635 3721 2661 3754 α
2683 3702 2732 3758 si
2761 3718 2988 3757 memor
3007 3701 3090 3758 fui
3120 3702 3204 3758 tui
3240 3719 3418 3776 super
3446 3710 3595 3762 stra-

1941 3802 2069 3852 tum
2101 3810 2298 3850 meum
2329 3814 2357 3844 »
2394 3791 2451 3846 id
2483 3794 2573 3846 est
2603 3790 2662 3845 in
2694 3788 3098 3861 prosperitate,
3116 3805 3243 3861 qua:
3293 3795 3382 3846 est
3422 3793 3594 3863 quasi

1943 3889 2193 3941 stratum
2225 3887 2281 3938 et
2310 3879 2507 3935 suavis
2535 3878 2744 3945 lectus,
2778 3877 2919 3950 quia
2948 3877 3088 3933 facit
3115 3877 3384 3934 homines
3431 3878 3492 3934 in
3532 3897 3596 3937 se

1942 3972 2196 4028 dormire
2228 3974 2284 4025 et
2312 3968 2424 4025 sibi
2455 3965 2769 4033 adhterere,
2797 3969 2855 4020 et
2883 3964 2932 4021 si
2966 3963 3046 4020 ibi
3077 3964 3162 4020 fui
3209 3965 3296 4021 tui
3343 3983 3592 4035 memor,

1941 4078 2075 4118 cum
2099 4059 2200 4114 illa
2220 4057 2575 4131 prosperitas
2596 4073 2688 4111 me
2709 4058 3038 4122 excaecaret,
3058 4058 3200 4110 tunc
3224 4056 3594 4114 «meditabor

1941 4152 2000 4206 in
2031 4154 2149 4219 te,»
2184 4148 2244 4203 id
2275 4151 2364 4202 est
2394 4145 2630 4202 assidue
2659 4160 2886 4200 memor
2914 4159 3011 4200 ero
3059 4143 3145 4200 tui
3189 4144 3444 4203 existens
3482 4171 3502 4196 α
3528 4146 3590 4204 in

1940 4237 2270 4305 matutinis,
2294 4235 2352 4291 id
2375 4239 2465 4291 est
2504 4233 3061 4301 illuminationibus,
3094 4249 3242 4305 quas
3273 4234 3419 4292 mihi
3449 4252 3588 4293 con-

1940 4331 2109 4395 teres,
2144 4325 2298 4398 quod
2349 4322 2706 4379 matutinum
2749 4337 2854 4394 ego
2913 4321 3120 4390 habeo,
3163 4344 3193 4374 α
3236 4323 3377 4394 quia
3423 4325 3588 4381 fuisti

1940 4419 2174 4490 adjutor
2201 4431 2388 4470 meus.
2412 4435 2440 4464 ››
2474 4413 2618 4468 Εοοο
2639 4412 2766 4482 jam
2793 4409 3046 4466 ostendit
3083 4409 3338 4468 Ecclesia
3366 4429 3429 4468 se
3458 4431 3588 4470 esse

1939 4521 2205 4564 securam
2238 4503 2296 4557 in
2330 4503 2580 4567 deserto,
2612 4515 2714 4571 per
2743 4499 3099 4570 adjutorium
3130 4498 3250 4554 Dei.

182 4591 256 4646 vit
285 4592 343 4646 in
381 4595 434 4647 te
459 4613 490 4639 υ
510 4590 708 4645 venire
738 4591 957 4646 fontem
986 4591 1203 4659 vivum,
1222 4592 1278 4646 in
1312 4609 1427 4663 quo
1447 4593 1697 4650 inveniet
1718 4596 1830 4668 ple-
1860 4612 1905 4675 D
2008 4595 2070 4652 Ei
2104 4595 2232 4650 ideo
2252 4592 2392 4664 quia
2423 4589 2584 4644 luisti
2612 4589 2862 4658 adjutor,
2891 4606 2927 4675 a
2959 4585 3258 4675 exsultabo
3280 4606 3308 4640 η
3344 4603 3450 4660 ego
3479 4609 3506 4642 α
3527 4588 3588 4644 in

185 4697 314 4734 nam
347 4679 817 4744 refectionem,et
848 4711 869 4728 ν
911 4695 1044 4734 caro
1076 4696 1204 4734 mea
1236 4704 1264 4729 »
1297 4679 1478 4736 sitivit
1525 4681 1634 4737 hoc
1674 4683 1827 4739 idem

186 4791 209 4814 σε
239 4768 401 4833 tibi,»
434 4767 490 4822 id
522 4771 614 4822 est
643 4767 713 4820 ad
748 4765 979 4822 laudem
1007 4771 1168 4822 tuam
1204 4787 1214 4823 :
1249 4769 1429 4824 ethoc
1454 4794 1478 4818 ‹‹
1501 4771 1832 4843 multiplici-

185 4859 287 4918 ter,
310 4880 339 4904 »
371 4855 428 4909 id
458 4860 552 4910 est
577 4853 762 4910 multo
782 4855 1168 4927 amplioribus
1189 4858 1589 4929 causis,quam
1613 4859 1829 4925 anima,

186 4945 446 5015 subjacet
473 4945 634 4999 enim
667 4943 1052 5015 amplioribus
1085 4945 1356 5012 miseriis,
1401 4945 1641 5012 scilicet,
1671 4947 1828 5016 fami,

186 5033 303 5102 siti,
335 5034 539 5106 frigori
570 5036 628 5088 et
654 5031 786 5088 aliis
817 5033 1178 5104 bujusmedi.

254 5146 282 5169 ‹‹
315 5121 380 5176 1η
413 5126 586 5177 terra.
625 5143 647 5170 ιι
687 5120 926 5193 Propter
953 5121 1062 5177 hoc
1112 5123 1182 5176 ad
1218 5128 1270 5179 te
1303 5124 1477 5192 sitivi,
1511 5124 1651 5196 quia
1700 5141 1832 5180 sum

188 5232 211 5256 ει
246 5209 303 5264 in
339 5215 515 5277 terra,
545 5234 572 5260 ››
605 5209 663 5264 id
697 5214 786 5264 est
817 5210 878 5265 in
910 5209 1141 5277 saeculo,
1162 5217 1313 5267 terra
1347 5212 1477 5268 dice
1505 5238 1528 5260 ‹‹
1558 5215 1786 5269 deserta
1811 5237 1837 5261 ››

186 5305 475 5368 quantum
493 5300 565 5354 ad
599 5300 855 5366 se,omni
887 5300 1059 5370 bene,
1086 5323 1112 5349 «
1138 5299 1294 5357 invia
1316 5307 1373 5356 et
1404 5303 1687 5374 inaquosa
1714 5326 1738 5351 ››
1773 5320 1838 5357 ex

184 5401 244 5438 se
273 5385 438 5440 nullo
468 5387 644 5441 modo
695 5387 953 5459 irrigata,
980 5393 1044 5442 ut
1090 5390 1165 5443 sit
1206 5389 1417 5446 habilis
1459 5391 1528 5446 ad
1577 5391 1834 5445 fructum

180 5475 518 5543 ferendum,
541 5479 598 5530 et
632 5475 759 5530 ideo
791 5499 817 5525 «
855 5475 1098 5548 apparui
1127 5477 1255 5546 tibi,
1280 5501 1304 5524 υ
1337 5478 1392 5532 id
1425 5484 1514 5534 est
1546 5479 1721 5535 talem
1746 5496 1838 5534 me

179 5564 407 5634 paravi,
431 5580 607 5634 quem
639 5567 702 5618 tu
750 5564 926 5620 debes
961 5565 1268 5637 respicere,
1309 5583 1411 5637 per
1458 5567 1566 5621 hoc
1594 5567 1838 5640 scilicet,

175 5652 341 5726 quod
376 5668 516 5710 sum
547 5675 574 5701 «
606 5650 666 5707 in
687 5657 889 5711 sancto
923 5678 944 5707 ι
978 5653 1296 5728 proposito,
1327 5676 1348 5704 α
1373 5654 1702 5712 utviderem
1727 5680 1754 5708 ››
1776 5658 1838 5716 in

1938 4684 2286 4745 velamento,
2305 4702 2325 4728 ιι
2362 4680 2419 4733 id
2447 4682 2536 4734 est
2563 4677 2622 4730 in
2646 4673 2940 4746 refrigerio
2967 4695 2994 4724 «
3026 4674 3251 4730 alarum
3282 4680 3585 4745 tuarum,»

1941 4771 1997 4825 id
2021 4769 2280 4840 estquod
2301 4765 2444 4821 mihi
2465 4765 2678 4820 facient
2697 4763 2799 4817 ala:
2821 4767 2954 4818 tum.
2973 4763 3105 4818 Ideo
3122 4764 3593 4839 exsultabo,quia

1944 4883 1971 4910 ‹‹
2005 4859 2201 4914 anima
2233 4873 2361 4911 mea
2382 4852 2626 4909 adhaesit
2654 4876 2681 4903 »
2708 4851 2812 4906 tibi
2843 4853 3004 4908 omni
3033 4856 3165 4909 veto
3204 4859 3261 4910 et
3291 4855 3592 4911 affectione

1944 4955 1996 5002 te
2029 4948 2218 5002 solum
2259 4949 2553 5016 expetens,
2589 4959 2702 4995 non
2752 4942 2832 4996 ita
2876 4946 2941 4996 ut
2987 4943 3276 5014 praecedat
3316 4948 3370 4998 te
3414 4943 3591 4999 veluti

1945 5038 2166 5102 Petrus,
2193 5052 2326 5090 eum
2361 5031 2504 5086 dixit
2530 5031 2776 5086 Domino
2803 5048 2814 5084 :
2840 5031 3130 5103 Propitius
3166 5036 3290 5086 esto
3322 5030 3446 5098 tibi,
3474 5031 3592 5085 Do-

1946 5126 2120 5191 mine,
2147 5140 2215 5178 ne
2267 5124 2364 5176 ﬁat
2396 5121 2551 5175 istud
2587 5119 2875 5186 tibi,dixit
2923 5119 2973 5174 ei
3005 5119 3288 5173 Dominus
3324 5135 3336 5172 :
3376 5139 3404 5169 ‹‹
3433 5118 3593 5175 Vade

1952 5212 2382 5283 retro,Satanas
2407 5209 2622 5280 (Matth.
2645 5225 2730 5274 vi;
2766 5207 2926 5262 Marc.
2957 5209 3106 5278 vm,)
3134 5229 3154 5255 ι
3183 5206 3283 5261 sed
3317 5207 3418 5274 ita,
3433 5212 3498 5262 ut
3518 5205 3596 5263 sit

1955 5323 1976 5352 α
2013 5306 2144 5374 post
2175 5307 2229 5355 te
2256 5323 2274 5348 η
2304 5299 2360 5353 id
2384 5303 2472 5354 est
2493 5301 2556 5352 ut
2595 5301 2649 5351 te
2689 5300 2969 5367 sequatur
2989 5295 3314 5363 assidue,et
3343 5295 3481 5368 quia
3511 5297 3596 5353 sic

1951 5390 2214 5454 adhaesit,
2248 5387 2374 5443 ideo
2402 5411 2428 5437 ‹‹
2461 5387 2698 5440 dextera
2731 5388 2849 5449 tua,
2881 5382 2938 5436 id
2969 5388 3058 5437 est
3087 5383 3419 5455 prepitiatio
3467 5389 3592 5454 tua,

1949 5480 2035 5536 vel
2068 5479 2224 5534 illius
2255 5483 2393 5532 tuus
2428 5498 2448 5523 ε
2481 5491 2576 5529 me
2624 5470 2882 5542 sus’cepit
2931 5471 2990 5526 in
3041 5489 3318 5545 magnam
3348 5473 3598 5548 dignita-

1950 5576 2087 5636 tem,
2123 5586 2156 5624 a
2185 5565 2524 5636 dejectione,
2558 5561 2617 5616 in
2651 5578 2768 5632 qua
2795 5576 2954 5616 eram
2997 5567 3234 5635 propter
3263 5569 3521 5637 peccata.

2019 5660 2138 5732 Ego
2166 5652 2422 5713 Ecclesia
2447 5649 2530 5708 ita
2558 5666 2690 5708 sum
2721 5655 2993 5726 suscepta
3025 5651 3186 5728 «ipsi
3214 5669 3404 5726 vero,»
3428 5653 3487 5714 id
3509 5657 3600 5716 est
