4048 6180
403 289 428 381 .’
499 329 620 390 eos

862 332 1270 395 HAYMONIS
1316 333 1850 396 HALBERS’I‘AT.
1898 332 2143 396 EPISG.

2265 332 2362 396 PP.
2409 333 2628 396 PARS.
2675 335 2723 396 Ι.
2776 371 2848 379 -
2893 335 3298 398 ΟΟΜΜΕΝΤ.
3340 339 3518 403 BlBL.

3728 349 3826 411 ΔΜ

501 463 642 523 mali
661 462 747 521 illi
759 466 818 521 et
835 463 1094 539 est(ipsi)
1107 464 1364 538 positum
1377 467 1449 523 ad
1464 465 1984 541 significantiam,«
2002 479 2148 538 quas-
2177 464 2237 536 Α
2263 465 2323 522 id
2353 470 2444 523 est
2489 466 2734 537 occulte,
2768 485 2863 525 me
2891 467 3126 526 scilicet.
3151 471 3452 542 nesciente,
3483 482 3734 547 quantum
3771 484 3830 539 ad

505 555 735 613 sierunt
764 575 792 604 »
824 554 1065 627 perdere
1095 578 1123 605 «
1157 554 1416 612 animum
1443 573 1658 626 meam,
1686 579 1715 606 »
1747 557 1850 614 sed
1898 555 2008 612 hoc
2029 578 2058 606 «
2092 554 2153 610 in

501 659 718 702 vanum
738 667 766 694 »
789 643 929 718 quia
943 643 1090 700 nihil
1107 646 1578 717 profuerunt,sed
1598 645 1796 720 potius
1813 645 1925 702 sibi
1948 661 2154 702 nocue-

506 737 663 803 runt,
697 733 836 807 quia
864 750 968 807 per
995 733 1106 791 hoc
1129 757 1158 786 ‹‹
1179 735 1240 792 in
1265 735 1540 792 inferiora
1557 740 1722 792 terra:
1753 735 2100 804 introibant,
2122 756 2151 784 »

504 823 752 895 scilicet,
779 823 841 880 in
862 823 1180 896 infernum,
1215 825 1371 884 sicut
1399 825 1628 884 Dathan
1676 830 1734 883 et
1777 825 1996 882 Abiron
2043 823 2153 882 viri

504 912 768 988 absorpti
789 917 934 971 sunt
959 915 1146 985 (Nam.
1175 917 1314 986 XVI),
1338 938 1366 967 ‹‹
1399 919 1458 972 et
1484 917 1790 973 tradentur
1827 915 1888 971 in
1940 931 2152 971 manus

504 1001 708 1077 gladii,
730 1025 760 1056 »
793 1003 854 1060 id
886 1007 976 1062 est
1003 1005 1065 1060 in
1111 1008 1462 1078 potestatem
1509 1005 1798 1074 vindictae,
1830 1009 1888 1061 et
1917 1028 1946 1055 «
1979 1007 2154 1060 erunt

503 1095 702 1168 partes
721 1090 1008 1166 vulpium,
1044 1117 1073 1146 »
1104 1094 1162 1150 id
1195 1097 1284 1152 est
1313 1096 1669 1166 daemonum,
1693 1094 1794 1168 qui
1825 1092 2154 1152 assimilan-

503 1187 602 1240 tur
627 1180 902 1256 vulpibus
925 1186 1162 1257 propter
1182 1183 1521 1242 dolum.Vel
1545 1209 1572 1236 α
1596 1189 1768 1242 erunt
1801 1188 1996 1258 partes
2024 1183 2151 1240 vul-

503 1270 692 1345 pium,
728 1293 759 1324 »
789 1271 848 1328 id
893 1277 984 1331 est
1033 1272 1391 1344 dolosorum,
1423 1274 1664 1344 scilicet,
1698 1279 1871 1332 erunt
1917 1275 1988 1331 de
2037 1291 2153 1331 nu-

504 1377 667 1419 mero
695 1377 923 1420 eorum.

521 1479 526 1484 τ
579 1450 668 1509 Illi
697 1451 781 1509 ita
799 1452 1261 1522 damnabuntur,
1275 1476 1305 1506 ‹‹
1327 1470 1428 1511 rex
1445 1470 1578 1513 vero
1601 1477 1630 1505 »
1653 1457 1852 1511 noster
1871 1469 2006 1510 cum
2028 1451 2152 1510 suis

2262 555 2505 612 stultam
2537 557 2872 629 opinionem
2899 575 3102 616 eorum
3141 582 3161 608 ιι
3197 563 3256 615 et
3287 583 3308 610 ι
3343 578 3430 617 me
3458 569 3664 622 mortuo
3700 586 3831 626 «non

2262 644 2556 702 timebunt
2588 671 2611 700 ι
2648 643 2885 719 ρωιιειῐη
2911 664 3016 721 pro
3048 648 3307 720 nequitia
3335 649 3450 719 illa,
3473 655 3527 706 et
3553 659 3747 712 certum
3763 664 3834 714 est

2263 735 2416 806 quod
2447 735 2832 808 sagittabunt,
2864 736 3004 810 quia
3038 757 3066 790 α
3097 737 3464 795 firmaverunt
3491 739 3614 811 sibi,
3647 765 3668 793 ι
3696 745 3748 800 id
3763 753 3834 802 est

2261 824 2416 897 apud
2451 841 2512 880 se
2538 844 2566 878 α
2593 841 2924 882 sermonem
2969 843 3226 900 nequam
3250 847 3272 878 ι»
3305 827 3376 884 de
3411 834 3584 887 morte
3625 839 3838 892 meazut

2261 928 2396 969 cum
2429 913 2789 986 prophetans
2807 915 3082 989 Caiphae,
3107 915 3254 972 dixit
3285 932 3300 972 :
3334 939 3356 967 σι
3379 917 3608 992 Expedit
3633 927 3692 978 ut
3713 939 3838 980 unus

2261 1001 2547 1059 moriatur
2574 1003 2750 1061 homo
2779 1021 2884 1078 pro
2914 1004 3131 1078 populo
3161 1007 3338 1076 (Ιοαη.
3367 1007 3464 1079 xi).
3497 1031 3521 1061 ι

2337 1113 2359 1142 α
2412 1091 2823 1151 Narraverunt.
2859 1113 2888 1148 ιι
2943 1093 3346 1153 Firmaverunt
3402 1097 3510 1152 sibi
3564 1114 3840 1157 sermonem

2262 1197 2535 1254 nequam,
2568 1186 2626 1240 et
2653 1188 2856 1256 postea
2891 1206 2912 1234 ι
2943 1189 3348 1255 narraverunt,
3373 1209 3396 1239 ι
3439 1176 3494 1242 id
3532 1191 3614 1244 est
3639 1189 3772 1260 apud
3795 1205 3842 1246 se

2261 1275 2762 1344 pertractaverunt
2813 1297 2836 1324 ε
2884 1278 2950 1330 ut
2997 1273 3422 1332 absconderent
3465 1273 3704 1347 laqueos,
3735 1300 3756 1327 ι
3795 1283 3844 1335 ut

2261 1376 2397 1418 cum
2428 1361 2692 1418 fecerunt
2739 1379 2876 1420 eum
2916 1379 2951 1419 a
2999 1361 3292 1436 discipulo
3339 1363 3512 1433 tradi,
3541 1367 3597 1420 et
3633 1381 3666 1422 a
3701 1364 3846 1422 Pilato

2255 1450 2509 1524 judicari
2541 1456 2598 1508 et
2626 1451 2850 1508 similia
2881 1469 2895 1510 :
2935 1475 2958 1503 α
2987 1456 3046 1508 et
3093 1455 3298 1525 postea
3333 1474 3362 1507 α
3389 1453 3648 1510 dixerunt
3669 1472 3696 1507 ι
3725 1455 3845 1526 apud

511 1539 860 1600 «laetabitur
904 1543 965 1600 in
1013 1543 1188 1602 Deo»
1221 1561 1463 1603 securus
1511 1545 1581 1603 de
1625 1548 1836 1602 aeterno
1893 1543 2068 1614 bono,
2097 1547 2155 1600 et
2261 1539 2484 1612 seipsos
2510 1557 2521 1598 :
2545 1543 2730 1608 Quam
2747 1542 2894 1599 bene
2915 1543 3397 1616 excogitavimus,
3435 1566 3458 1594 ι
3481 1542 3608 1616 quis
3625 1543 3845 1601 videbit-

510 1651 540 1683 ‹‹
571 1645 775 1690 omnes
806 1631 906 1706 qui
927 1633 1134 1706 jurant
1163 1634 1223 1690 in
1253 1651 1341 1707 eo,
1363 1659 1391 1686 ››
1423 1635 1482 1691 id
1513 1639 1602 1692 est
1621 1634 1721 1707 qui
1745 1632 2150 1690 ﬁrmissimum
2261 1627 2500 1701 laqueos
2529 1654 2550 1682 α
2589 1630 2772 1688 istos?
2807 1655 2828 1682 η
3664 1635 3668 1639 ’

505 1719 621 1779 sibi
650 1721 1004 1796 promittunt
1032 1727 1090 1781 et
1115 1724 1454 1798 persolvunt
1483 1725 1856 1798 obsequium,
1889 1745 1918 1776 ι(
1949 1723 2152 1780 lauda-

505 1809 748 1882 buntur,
767 1831 796 1864 »
830 1811 890 1868 id
921 1817 1014 1870 est
1041 1813 1364 1872 laudabiles
1395 1819 1568 1872 erunt
1597 1814 1752 1888 apud
1782 1830 2006 1884 omnes,
2021 1812 2151 1884 ideo

2338 1741 2360 1769 ι
2386 1720 2639 1776 Scrutati
2662 1723 2820 1790 sunt,
2841 1743 2862 1770 υ
2893 1721 2952 1776 id
2980 1723 3070 1779 est
3091 1721 3278 1779 multo
3299 1722 3494 1779 studio
3513 1721 3852 1795 inquisierunt

2271 1827 2298 1861 α
2326 1807 2669 1880 iniquitates
2703 1833 2730 1860 ››
2763 1813 2828 1866 ut
2857 1811 3150 1883 quomodo
3180 1816 3426 1884 possent
3472 1827 3562 1870 me
3605 1811 3662 1868 in
3707 1815 3853 1868 morte

507 1921 539 1953 α
567 1899 708 1973 quia
765 1919 832 1958 os
878 1901 1247 1975 loquentium
1278 1927 1306 1957 »
1340 1909 1542 1961 contra
1599 1920 1698 1960 eos
1749 1903 1812 1959 in
1868 1903 1978 1960 hac
2035 1902 2154 1960 vita
2182 1896 2232 1913 "
2264 1896 2546 1968 detinere,
2568 1899 2669 1955 sed
2720 1899 2832 1972 ipsi
2877 1923 2906 1951 «
2935 1904 3270 1959 scrutantes
3305 1924 3334 1952 υ
3385 1919 3502 1959 non
3555 1901 3736 1972 semel,
3776 1899 3853 1957 sed

507 2009 539 2042 ‹‹
569 1989 794 2062 iniqua,
807 1991 1176 2050 obstructum
1198 1997 1287 2050 est
1315 2015 1344 2045 »
1369 1993 1645 2065 quiajam
1667 1991 1813 2048 nihil
1837 1996 2155 2065 potuerunt

503 2077 686 2150 loqui.

986 2170 1059 2227 IN
1099 2171 1446 2230 PSALMUM
1487 2174 1679 2230 LXIII.

741 2272 744 2276 ‘
807 2260 1080 2316 Trruws.
1112 2261 1176 2316 In
1201 2263 1367 2334 ﬁnem
1391 2265 1638 2336 psalmus
1665 2265 1856 2322 David.

583 2368 612 2396 ιι
641 2345 882 2418 Exaudi,
915 2349 1089 2420 Deus,
1105 2351 1427 2410 orationem
1459 2370 1714 2411 meam.»
1744 2356 1855 2412 Iste
1885 2355 2153 2428 psalmus

507 2436 776 2494 convenit
805 2437 1007 2511 David,
1039 2439 1097 2495 id
1148 2444 1237 2498 est
1265 2441 1516 2510 Christo,
1554 2444 1654 2516 qui
1704 2445 1800 2502 hie
1845 2445 2104 2517 loquitur
2137 2463 2149 2503 :

506 2523 766 2600 dirigens
795 2527 856 2582 in
886 2527 1086 2585 ﬁnem.
1109 2529 1380 2588 Christus
1409 2537 1500 2588 est
1543 2533 1787 2590 materia
1836 2551 2048 2608 passus
2095 2539 2153 2591 et

504 2612 866 2686 gloriﬁcatus
900 2632 914 2672 :
947 2617 1198 2676 breviter
1243 2619 1400 2677 enim
1449 2623 1639 2694 tangit
1685 2623 1758 2679 de
1797 2623 2068 2695 passione
2097 2626 2155 2680 et

502 2701 946 2777 gleriﬂeatione.
970 2705 1179 2765 Modus
1206 2727 1220 2766 :
1248 2711 1311 2766 In
1333 2711 1524 2784 prima
1540 2715 1706 2784 parte
1728 2712 2006 2769 describit
2026 2729 2152 2770 ma-

501 2789 693 2850 litiam
712 2794 1148 2868 Judaeorum,et
1174 2803 1301 2855 orat
1323 2799 1557 2856 liberari
1580 2801 1653 2859 ab
1683 2801 1787 2874 eis,
1802 2805 1861 2858 et
1898 2802 2154 2859 affirmat

503 2883 662 2956 quod
691 2881 1056 2943 liberabitur.
1090 2886 1154 2944 In
1207 2889 1466 2945 secunda
1502 2894 1686 2962 parte,
1717 2909 1846 2964 quis
1895 2891 2101 2965 incipit
2133 2909 2148 2950 :

503 2971 739 3046 Sagittae
771 2973 1168 3048 parvulorum,
1199 2977 1364 3050 ponit
1392 2977 1726 3037 irrisionem
1757 2980 2016 3038 stultitiae
2064 2997 2154 3038 eo.

505 3078 660 3120 rum.
695 3062 946 3122 Intentio
976 3069 1086 3138 est,
1119 3066 1432 3124 admonere
1460 3068 1714 3138 Judaeos,
1748 3075 1815 3127 ut
1859 3077 2090 3128 cessent
2119 3089 2154 3130 a

503 3151 788 3226 nequitia,
803 3159 862 3210 et
890 3154 1043 3213 sicut
1061 3155 1121 3212 in
1145 3157 1370 3214 caeteris
1390 3158 1764 3231 psalmis,ubi
1787 3161 1858 3218 de
1879 3162 2152 3233 passione

505 3241 650 3314 agit,
681 3242 754 3300 ab
785 3243 1044 3302 oratione
1073 3244 1300 3319 incipit,
1327 3245 1411 3303 sic
1440 3247 1535 3304 hic
1557 3265 1691 3305 cum
1721 3249 1864 3306 dicit
1894 3267 1908 3307 :

581 3353 610 3382 «
639 3331 886 3405 Exaudi,
907 3333 1085 3405 Deus,
1100 3335 1420 3393 orationem
1451 3352 1644 3394 meam
1672 3359 1701 3387 »
1724 3339 1797 3396 de
1824 3339 1994 3396 bonis
2011 3339 2158 3396 obti-

505 3419 736 3492 nendis,
769 3425 882 3480 et»
929 3439 1066 3480 cum
1101 3446 1130 3474 ››
1158 3440 1264 3498 ego
1299 3445 1328 3475 «
1358 3425 1656 3498 deprecor,
1691 3427 1850 3500 eripe
1895 3429 2154 3486 animam

505 3525 720 3568 meam.
747 3533 776 3564 »
805 3511 935 3570 Non
967 3512 1096 3570 dico
1127 3529 1161 3570 a
1191 3512 1399 3571 timore
1429 3515 1654 3586 mortis,
1675 3505 1778 3573 sed
1811 3534 1846 3574 a
1885 3538 1915 3569 «
1945 3517 2155 3576 timore

503 3598 751 3675 inimici,
785 3624 814 3652 ››
846 3601 905 3659 id
937 3605 1047 3670 est,
1078 3601 1160 3659 ita
1201 3601 1383 3662 libera
1413 3620 1525 3674 me,
1561 3621 1632 3662 ne
1670 3621 1774 3680 ego
1807 3607 2010 3664 cedam
2042 3607 2152 3664 ini-

501 3688 670 3748 micis
701 3695 938 3766 propter
970 3691 1260 3752 timorem.

577 3801 608 3833 «
637 3779 944 3840 Protexisti
995 3799 1090 3841 me
1134 3801 1168 3840 a
1214 3789 1503 3841 conventu
1551 3786 2004 3860 malignantium
2038 3809 2065 3836 ››
2097 3791 2154 3844 et

503 3873 697 3928 certus
743 3888 878 3928 sum
927 3872 1084 3944 quod
1134 3873 1366 3946 eripies,
1400 3874 1540 3947 quia
1571 3899 1598 3926 «
1632 3875 1932 3950 protexisti
1982 3895 2074 3934 me
2120 3895 2154 3934 a

501 3963 788 4016 conventu
810 3961 1220 4035 maligantium
1250 3986 1280 4016 »
1313 3963 1373 4020 id
1404 3969 1492 4022 est
1520 3983 1554 4022 a
1588 3964 1925 4022 collectione
1955 3967 2028 4024 de
2059 3983 2153 4024 me

503 4045 657 4106 male
685 4049 1136 4123 cogitantium,«
1163 4056 1221 4109 et
1247 4053 1426 4110 etiam
1459 4070 1493 4110 a
1518 4053 1896 4112 multitudine
1915 4072 2154 4129 operan-

500 4135 654 4192 tium
681 4135 1054 4212 iniquitatem
1083 4157 1112 4192 ι
1147 4137 1206 4196 id
1237 4143 1327 4196 est
1355 4139 1457 4212 qui
1486 4140 1632 4197 mihi
1663 4141 1820 4199 mala
1848 4143 2154 4200 actualiter

501 4223 783 4284 inferunt.

574 4338 604 4366 ιι
637 4313 804 4386 Quia.
837 4337 868 4368 »
898 4315 1220 4374 Enumerat
1269 4316 1561 4390 nequitias
1605 4317 1966 4376 Judmorum.
2000 4319 2153 4377 Bene

501 4402 654 4478 dico,
687 4405 1058 4480 operantium
1088 4405 1482 4480 iniquitatem,
1516 4430 1544 4458 ‹‹
1576 4406 1716 4480 quia
1741 4430 1768 4459 ››
1799 4407 1928 4482 ipso
1959 4432 1988 4460 α
2017 4425 2150 4466 exa-

501 4499 752 4554 cuerunt
772 4501 839 4556 ut
864 4495 1131 4571 gladium
1163 4496 1397 4570 linguas
1425 4514 1566 4554 suas
1597 4520 1626 4548 »
1657 4497 1797 4570 quia
1825 4498 1979 4556 sicut
2025 4501 2149 4574 gla-

2181 3217 2226 3286 C

2264 2010 2291 2037 ‹‹
2325 1987 2628 2057 scrutinio,
2664 2011 2694 2038 »
2723 1988 2782 2044 id
2841 1993 2933 2046 est
2979 1991 3221 2048 assidua
3271 1991 3643 2064 inquisitione
3675 2013 3701 2042 ‹‹
3729 1988 3856 2046 defe-

2263 2081 2486 2145 cerunt,
2524 2100 2552 2127 υ
2586 2078 2723 2150 quia
2753 2095 2868 2136 non
2914 2083 3232 2152 potuerunt
3283 2096 3378 2137 me
3425 2079 3486 2137 in
3528 2083 3699 2138 morte
3738 2078 3856 2136 deti-

2261 2182 2419 2224 nere.

2336 2279 2364 2304 «
2389 2257 2658 2314 Accedet.
2686 2281 2715 2306 »
2747 2257 2850 2314 Isti
2879 2259 2979 2330 qui
3002 2258 3158 2316 mala
3179 2260 3544 2333 quaerebant,
3557 2259 3859 2322 defecerunt,

2262 2345 2364 2402 sed
2423 2345 2596 2404 homo
2646 2345 2970 2419 rationalis,
3023 2347 3250 2405 scilicet
3311 2372 3341 2400 ‹‹
3395 2350 3621 2407 accedet
3671 2349 3733 2404 ad
3787 2361 3864 2403 cor

2263 2434 2470 2503 altum,
2505 2459 2531 2486 «
2556 2436 2614 2493 id
2647 2441 2735 2494 est
2764 2442 2829 2493 ut
2857 2453 2958 2494 cor
2985 2454 3162 2494 suum
3191 2437 3384 2512 erigat
3433 2439 3505 2496 ad
3543 2437 3864 2510 intelligenda

2263 2523 2400 2594 alta,
2427 2525 2668 2596 scilicet,
2689 2525 3002 2584 consilium
3033 2526 3158 2584 Dei.
3187 2527 3298 2584 Vel
3351 2545 3452 2585 cor
3492 2528 3590 2585 Dei
3625 2527 3862 2595 dicamus,

2263 2613 2502 2684 scilicet,
2523 2616 2758 2672 accedet
2783 2616 2958 2674 homo
3001 2620 3066 2674 ut
3108 2616 3410 2692 intelligat
3448 2633 3548 2674 cor
3575 2615 3688 2688 Dei,
3713 2615 3764 2671 id
3799 2617 3868 2670 est

2262 2703 2391 2775 ejus
2440 2709 2731 2762 secretum
2781 2705 3118 2763 consilium.
3166 2707 3426 2764 Accedet
3473 2705 3694 2780 proprie
3741 2701 3868 2771 dicit,

2262 2791 2401 2865 quia
2421 2792 2622 2851 nullus
2661 2793 2831 2868 plene
2855 2795 3167 2852 consilium
3199 2795 3309 2852 Dei
3337 2798 3660 2870 cognoscet.
3683 2795 3868 2848 «Acce-

2262 2881 2358 2938 det
2389 2905 2418 2932 ››
2449 2882 2600 2952 dico,
2633 2907 2662 2935 «
2695 2889 2754 2941 et
2801 2883 3157 2941 exaltabitur
3186 2906 3218 2935 »
3251 2886 3416 2957 apud
3461 2901 3594 2942 eum
3623 2908 3650 2935 «
3676 2883 3824 2948 Deus,
3850 2901 3872 2930 »

2260 2987 2377 3028 non
2391 2973 2548 3044 quod
2561 2973 3029 3047 Deus,quantum
3043 2974 3114 3030 ad
3127 2973 3335 3046 ipsum
3347 2973 3870 3048 est,possitunquam

2260 3061 2524 3132 exaltari,
2554 3063 2654 3120 sed
2685 3068 2974 3137 quantum
3009 3064 3081 3121 ad
3111 3080 3274 3135 eum,
3307 3064 3468 3138 apud
3515 3079 3682 3137 quem
3723 3060 3874 3132 major

2263 3151 2518 3224 cognitio
2537 3153 2609 3208 de
2630 3153 2746 3210 Deo
2766 3153 3038 3211 habetur.
3057 3153 3160 3210 Vel
3182 3153 3366 3211 aliter
3389 3171 3404 3211 :
3431 3153 3548 3228 Ipsi
3569 3151 3872 3215 defecerunt,

2263 3241 2366 3298 sed
2398 3245 2592 3298 tamen
2625 3241 2800 3300 homo
2829 3241 2926 3300 ille
2946 3241 3164 3300 stultus
3193 3245 3444 3301 accedet
3473 3243 3547 3300 ad
3577 3259 3671 3299 eor
3705 3239 3873 3304 altum,

2262 3329 2487 3387 scilicet
2509 3335 2582 3387 'ut
2602 3329 2844 3404 impleat
2863 3331 3050 3388 altum
3069 3331 3397 3390 consilium
3419 3331 3519 3390 Dei
3542 3337 3607 3388 ut
3627 3347 3712 3387 me
3740 3329 3875 3384 inter

2261 3419 2560 3488 ficiat,sed
2590 3419 2744 3478 Deus
2773 3420 3141 3491 exaltabitur,
3156 3438 3256 3478 me
3287 3417 3880 3481 resuscitando.Potest

2262 3509 2346 3566 ita
2372 3509 2508 3584 legi,
2551 3513 2610 3568 et
2637 3527 2738 3567 cor
2766 3510 2976 3582 altum,
3009 3511 3284 3584 quamvis
3335 3513 3532 3570 sancti
3578 3515 3756 3585 patres
3791 3520 3880 3562 non

2261 3604 2508 3672 ponunt,
2533 3599 2618 3657 sic
2651 3601 2762 3674 ipsi
2793 3605 3063 3674 quaerunt
3091 3605 3352 3660 mortem
3385 3615 3682 3672 meam,ac
3723 3595 3768 3655 si
3799 3607 3881 3666 ego

2261 3689 2478 3746 invitus
2517 3690 2890 3759 sustinerem,
2923 3690 3026 3748 sed
3070 3690 3420 3750 dominicus
3471 3693 3644 3750 homo
3691 3683 3884 3746 accedet

2259 3778 2606 3850 voluntarie,
2631 3784 2688 3836 et
2717 3797 2816 3837 cor
2841 3779 3048 3848 altum,
3081 3779 3139 3836 id
3171 3785 3265 3838 est
3297 3780 3616 3856 dispositio
3663 3775 3772 3850 Dei,
3798 3769 3885 3830 erit

2262 3885 2396 3924 cum
2428 3885 2516 3939 eo,
2549 3869 2987 3936 etexaltabitur
3005 3869 3184 3926 Deus.

2333 3981 2362 4008 ‹‹
2385 3957 2642 4032 Sagittae.
2660 3981 2688 4008 ››
2711 3958 2920 4032 Incipit
2941 3959 3013 4015 de
3034 3961 3302 4018 secunda
3321 3965 3518 4035 parte.
3534 3957 3796 4016 Benedico
3809 3953 3885 4008 de-

2259 4047 2692 4121 fecerunt,quia
2715 4071 2738 4098 ι
2763 4047 2948 4122 plagae
2969 4065 3234 4119 eorum,»
3258 4050 3323 4106 id
3345 4055 3442 4108 est
3459 4049 3620 4106 mala
3639 4063 3756 4122 qua:
3775 4037 3888 4100 mihi

2258 4137 2538 4207 inferunt,
2554 4159 2582 4188 «
2597 4142 2738 4194 sunt
2749 4137 2912 4194 facta
2925 4137 3078 4194 sicut
3089 4137 3321 4212 sagitta:
3335 4139 3771 4212 parvulorum,»
3781 4129 3888 4205 quia

2259 4226 2414 4284 sicut
2443 4225 2668 4300 sagittas
2698 4225 3075 4300 parvulorum
3105 4243 3224 4284 non
3265 4228 3617 4301 nocent,sic
3647 4242 3745 4284 nec
3770 4217 3890 4278 mala

2259 4331 2386 4389 quae
2417 4315 2564 4372 mihi
2598 4314 2822 4372 faciunt
2846 4331 2860 4372 :
2885 4339 2913 4368 ‹‹
2938 4320 2996 4374 et
3013 4315 3230 4391 linguae
3261 4334 3483 4375 eorum
3505 4321 3649 4374 sunt
3675 4312 3890 4370 inﬁrma-

2256 4407 2348 4475 ιω,
2375 4427 2405 4455 »
2429 4405 2569 4477 quia
2597 4421 2732 4461 cum
2763 4408 2898 4462 ante
2926 4405 3431 4466 resurrectionem
3455 4405 3708 4482 superbe
3727 4403 3893 4460 contra

2256 4493 2554 4552 Christum
2571 4493 3113 4568 loquerentur,post
3133 4497 3646 4554 resurrectionem
3671 4508 3777 4550 non
3794 4493 3891 4544 tam

500 4585 636 4643 dius
661 4585 894 4644 acuitur
913 4590 980 4644 ut
1009 4585 1196 4660 magis
1219 4585 1460 4659 incidat,
1477 4585 1560 4643 ita
1577 4586 1918 4646 acutissime
1939 4573 2152 4663 cogita-
2178 4595 2227 4662 D
2259 4587 2520 4658 proterve
2551 4581 2730 4640 locuti
2761 4588 2992 4654 sunt,et
3018 4583 3129 4642 hoc
3149 4608 3177 4635 «
3203 4589 3422 4642 contra
3445 4604 3574 4654 303,
3597 4608 3626 4636 η
3656 4583 3713 4640 id
3741 4583 3819 4638 est
3841 4573 3896 4633 ad

498 4675 644 4732 bant
689 4675 830 4749 quid
873 4677 1042 4750 pejus
1090 4680 1332 4750 possent
1373 4676 1565 4735 dicere
1607 4677 1669 4734 in
1716 4695 1872 4749 eum,
1897 4683 1962 4734 ut
2009 4695 2146 4735 cum

499 4763 758 4824 dicerent
789 4782 802 4823 :
835 4765 1120 4839 Cruciﬁge
1149 4783 1306 4837 eum,
1337 4770 1394 4824 et
1425 4765 1540 4823 alia
1569 4767 1901 4826 manifesta.
1925 4770 1994 4825 Et
2015 4789 2046 4822 ι
2066 4768 2150 4825 in-

494 4855 811 4912 tenderunt
839 4871 1110 4926 arcum,»
1143 4855 1202 4912 id
1233 4858 1321 4912 est
1348 4854 1514 4914 dolos
1545 4880 1574 4908 ‹‹
1606 4862 2021 4930 paraverunt,»
2042 4857 2150 4916 sci-

494 4941 633 5002 licet
667 4967 690 4998 α
723 4961 848 5001 rem
878 4960 1140 5001 amaram
1167 4968 1188 4996 υ
1226 4948 1290 5000 ut
1318 4946 1834 5018 cum:quzcsierunt
1853 4948 2146 5020 quomodo

497 5052 532 5092 a
559 5034 846 5109 discipulo
877 5036 1223 5106 traderetur,
1239 5041 1297 5093 et
1316 5037 1388 5092 ab
1411 5036 1556 5110 ipsis
1576 5038 2013 5112 cruciﬁgeretur
2031 5040 2142 5096 Ro-

496 5125 865 5197 manis,cum
897 5143 932 5182 a
953 5125 1154 5198 judice
1186 5127 1450 5184 Romano
1490 5128 1891 5196 damnaretur,
1912 5129 1984 5184 ad
2032 5128 2142 5186 hoc

494 5214 717 5273 scilicet
745 5215 1124 5273 intenderunt
1158 5239 1180 5266 ιι
1215 5219 1280 5271 ut
1309 5216 1608 5290 sagittent,
1643 5241 1665 5267 ››
1693 5215 1751 5270 id
1800 5220 1888 5271 est
1917 5215 2142 5273 interfi-

494 5304 652 5362 ciant
687 5327 709 5356 ι
744 5305 1190 5362 immaculatum
1227 5328 1247 5354 ιι
1281 5305 1338 5360 id
1389 5308 1478 5361 est
1525 5305 1836 5377 meipsum,
1867 5305 1966 5377 qui
2015 5306 2143 5362 sine

493 5394 652 5454 omni
681 5395 812 5452 labe
841 5394 1064 5468 peccati
1092 5399 1344 5466 eram,et
1373 5395 1484 5451 hoc
1508 5393 1616 5450 «in
1639 5393 1882 5452 occultis
1907 5417 1928 5446 ιν
1953 5412 2139 5466 quan-

491 5485 621 5540 tum
651 5485 724 5542 ad
755 5485 1168 5559 cogitationem
1191 5502 1417 5542 eorum.

569 5593 594 5622 σι
627 5571 852 5631 Subito.
888 5598 912 5630 ι
949 5573 1272 5630 Intendunt
1299 5578 1368 5630 ut
1397 5573 1697 5647 sagittent,
1735 5595 1763 5630 α
1792 5578 1850 5631 et
1895 5574 2136 5648 sagitta-

2255 4674 2511 4732 dedecus
2527 4691 2894 4743 eorum,cum
2914 4673 2999 4730 ita
3018 4674 3278 4732 ostendit
3293 4692 3404 4732 eos
3429 4675 3718 4732 defecisse
3735 4667 3894 4743 plane.

2257 4781 2426 4821 suam
2449 4763 2934 4823 resurrectionem
2965 4763 3134 4822 nobis
3166 4763 3396 4822 innuit.

2327 4854 2666 4912 Conturbati
2691 4858 2848 4910 sunt.
2865 4853 3004 4911 Mali
3025 4853 3111 4910 sic
3135 4853 3580 4926 defecerunt,et
3596 4858 3732 4909 tunc
3751 4872 3776 4898 α
3789 4845 3900 4939 sunt

2255 4943 2586 5001 conturbati
2619 4967 2648 4994 »
2680 4945 2751 5000 ad
2803 4943 2982 4999 fidem
3019 4943 3478 5016 suscipiendam
3515 4967 3546 4996 ‹‹
3580 4955 3779 4999 omnes
3820 4947 3900 5006 qm

2253 5031 2529 5090 videbant
2553 5050 2650 5090 eos
2676 5057 2702 5084 ››
2735 5031 2956 5090 scilicet
2986 5031 3169 5104 aliqui
3219 5031 3292 5087 de
3341 5032 3518 5088 omni
3549 5045 3759 5105 genere
3780 5042 3792 5081 :
3813 5023 3900 5076 «et

2254 5121 2453 5179 timuit
2473 5121 2667 5178 omnis
2684 5121 2918 5192 homo,»
2943 5121 3027 5178 sic
3043 5121 3450 5181 conturbatus
3472 5120 3680 5178 timuit
3701 5124 3902 5192 poenam

2252 5229 2356 5285 pro
2386 5211 2662 5284 peccatis.

2321 5303 2391 5359 Et
2412 5301 2494 5358 illi
2529 5301 2675 5360 tales
2698 5326 2724 5353 ‹‹
2747 5296 3242 5358 ειηιωήῐίελνθι-υηῐ
3261 5317 3458 5374 opera
3475 5299 3584 5359 Dei
3611 5323 3639 5349 »
3661 5299 3902 5354 incarna-

2251 5393 2490 5464 tionem,
2525 5391 2907 5462 nativitatem,
2933 5391 3294 5464 passionem,
3321 5390 3824 5448 resurrectionem
3857 5383 3904 5435 et

2249 5483 2467 5541 similia
2499 5487 2609 5540 «et
2641 5504 2668 5534 ››
2699 5479 2800 5538 illa
2821 5505 2847 5532 ‹‹
2871 5481 3023 5538 facta
3046 5481 3176 5554 ejus
3201 5501 3228 5530 »
3249 5477 3387 5548 Dei,
3414 5479 3671 5536 tandem
3711 5501 3737 5528 α
3758 5465 3903 5530 intel-

2245 5573 2512 5630 lexerunt
2541 5589 2555 5628 :
2591 5594 2620 5622 »
2648 5574 2710 5628 et
2733 5570 2829 5626 hic
2859 5573 3116 5642 notatur,
3140 5567 3297 5642 quod
3345 5567 3528 5640 prius
3581 5561 3905 5641 mysterium

493 5661 643 5724 bunt
688 5677 824 5723 eum
849 5682 877 5718 ιο
914 5675 1091 5737 quem
1139 5661 1361 5732 volunt,
1393 5662 1618 5722 scilicet
1655 5680 1748 5722 me
1785 5683 1807 5715 α
1840 5661 2055 5735 subito,
2110 5687 2132 5718 υ
2245 5663 2348 5724 Dei
2379 5661 2480 5720 diu
2508 5664 2789 5721 tractetur
2807 5675 2986 5734 quam
3007 5657 3400 5733 intelligatur,
3433 5656 3544 5716 ubi
3588 5655 3734 5715 dicit
3778 5648 3906 5711 alios
